  <div class='ocr_page' id='page_1' title='image "/cluster/home/n/w/nwhite01/storage/ocr_20150623/80/uva.x000827068/139.png"; bbox 0 0 3856 6218; ppageno 0'>
   <div class='ocr_carea' id='block_1_1' title="bbox 441 379 553 438">
    <p class='ocr_par' dir='ltr' id='par_1_1' title="bbox 441 379 553 438">
     <span class='ocr_line' id='line_1_1' title="bbox 441 379 553 438; baseline -0.054 1"><span class='ocrx_word' id='word_1_1' title='bbox 441 379 553 438; x_wconf 74' lang='lat'><strong>9.63</strong></span> 
     </span>
    </p>
   </div>
   <div class='ocr_carea' id='block_1_2' title="bbox 1682 356 2501 422">
    <p class='ocr_par' dir='ltr' id='par_1_2' title="bbox 1682 356 2501 422">
     <span class='ocr_line' id='line_1_2' title="bbox 1682 356 2501 422; baseline 0.002 -4"><span class='ocrx_word' id='word_1_2' title='bbox 1682 367 1740 418; x_wconf 85' lang='lat' dir='ltr'><strong>S.</strong></span> <span class='ocrx_word' id='word_1_3' title='bbox 1781 356 2176 420; x_wconf 69' lang='lat' dir='ltr'><strong>COLUHBANI</strong></span> <span class='ocrx_word' id='word_1_4' title='bbox 2215 366 2501 422; x_wconf 79' lang='lat' dir='ltr'><strong>ABBATIS</strong></span> 
     </span>
    </p>
   </div>
   <div class='ocr_carea' id='block_1_3' title="bbox 3601 379 3702 440">
    <p class='ocr_par' dir='ltr' id='par_1_3' title="bbox 3601 379 3702 440">
     <span class='ocr_line' id='line_1_3' title="bbox 3601 379 3702 440; baseline 0.04 -4"><span class='ocrx_word' id='word_1_5' title='bbox 3601 379 3702 440; x_wconf 70' lang='grc'><strong>264</strong></span> 
     </span>
    </p>
   </div>
   <div class='ocr_carea' id='block_1_4' title="bbox 447 453 3712 546">
    <p class='ocr_par' dir='ltr' id='par_1_4' title="bbox 447 453 3712 546">
     <span class='ocr_line' id='line_1_4' title="bbox 447 453 3712 546; baseline -0.002 1"><span class='ocrx_word' id='word_1_6' title='bbox 447 483 761 546; x_wconf 77' lang='lat' dir='ltr'><strong>absconsum</strong></span> <span class='ocrx_word' id='word_1_7' title='bbox 805 491 984 536; x_wconf 87' lang='lat' dir='ltr'><strong>tamen</strong></span> <span class='ocrx_word' id='word_1_8' title='bbox 1027 478 1149 534; x_wconf 84' lang='lat' dir='ltr'><strong>dico</strong></span> <span class='ocrx_word' id='word_1_9' title='bbox 1178 491 1299 532; x_wconf 92' lang='lat' dir='ltr'><strong>cum</strong></span> <span class='ocrx_word' id='word_1_10' title='bbox 1345 475 1606 530; x_wconf 74' lang='lat' dir='ltr'><strong>clientelis</strong></span> <span class='ocrx_word' id='word_1_11' title='bbox 1651 475 1969 546; x_wconf 66' lang='lat' dir='ltr'><strong>adulterium</strong></span> <span class='ocrx_word' id='word_1_12' title='bbox 2003 491 2015 525; x_wconf 94' lang='lat'>:</span> <span class='ocrx_word' id='word_1_13' title='bbox 2049 477 2094 534; x_wconf 88' lang='grc' dir='ltr'><strong>Λ</strong></span> <span class='ocrx_word' id='word_1_14' title='bbox 2123 475 2378 540; x_wconf 84' lang='lat' dir='ltr'><strong>volueris,</strong></span> <span class='ocrx_word' id='word_1_15' title='bbox 2422 474 2679 544; x_wconf 89' lang='lat' dir='ltr'><strong>temporis</strong></span> <span class='ocrx_word' id='word_1_16' title='bbox 2724 453 3043 546; x_wconf 63' lang='lat' dir='ltr'><strong>antiquitate</strong></span> <span class='ocrx_word' id='word_1_17' title='bbox 3085 479 3339 536; x_wconf 87' lang='lat' dir='ltr'><strong>roborata</strong></span> <span class='ocrx_word' id='word_1_18' title='bbox 3367 482 3564 537; x_wconf 82' lang='lat' dir='ltr'><strong>mutari</strong></span> <span class='ocrx_word' id='word_1_19' title='bbox 3604 499 3712 543; x_wconf 71' lang='lat' dir='ltr'><strong>Iron</strong></span> 
     </span>
    </p>
   </div>
   <div class='ocr_carea' id='block_1_5' title="bbox 445 549 2021 648">
    <p class='ocr_par' dir='ltr' id='par_1_5' title="bbox 445 549 2021 648">
     <span class='ocr_line' id='line_1_5' title="bbox 445 549 2021 648; baseline -0.01 -15"><span class='ocrx_word' id='word_1_20' title='bbox 445 575 586 648; x_wconf 85' lang='lat' dir='ltr'><strong>quod</strong></span> <span class='ocrx_word' id='word_1_21' title='bbox 617 572 758 642; x_wconf 86' lang='lat' dir='ltr'><strong>apud</strong></span> <span class='ocrx_word' id='word_1_22' title='bbox 801 578 1015 625; x_wconf 80' lang='lat' dir='ltr'><strong>nostros</strong></span> <span class='ocrx_word' id='word_1_23' title='bbox 1045 568 1328 637; x_wconf 89' lang='lat' dir='ltr'><strong>magistros</strong></span> <span class='ocrx_word' id='word_1_24' title='bbox 1369 581 1476 620; x_wconf 91' lang='lat' dir='ltr'><strong>non</strong></span> <span class='ocrx_word' id='word_1_25' title='bbox 1519 567 1743 620; x_wconf 89' lang='lat' dir='ltr'><strong>minoris</strong></span> <span class='ocrx_word' id='word_1_26' title='bbox 1768 549 2021 621; x_wconf 58' lang='lat' dir='ltr'><strong>cénsetur</strong></span> 
     </span>
    </p>
   </div>
   <div class='ocr_carea' id='block_1_6' title="bbox 445 655 2024 730">
    <p class='ocr_par' dir='ltr' id='par_1_6' title="bbox 445 655 2024 730">
     <span class='ocr_line' id='line_1_6' title="bbox 445 655 2024 730; baseline -0.009 -6"><span class='ocrx_word' id='word_1_27' title='bbox 445 682 566 724; x_wconf 78' lang='lat' dir='ltr'><strong>esse</strong></span> <span class='ocrx_word' id='word_1_28' title='bbox 612 663 882 720; x_wconf 80' lang='lat' dir='ltr'><strong>facinoris.</strong></span> <span class='ocrx_word' id='word_1_29' title='bbox 911 660 1112 730; x_wconf 64' lang='lat' dir='ltr'><strong>,Tertio</strong></span> <span class='ocrx_word' id='word_1_30' title='bbox 1142 658 1577 728; x_wconf 72' lang='lat' dir='ltr'><strong>interrogationis</strong></span> <span class='ocrx_word' id='word_1_31' title='bbox 1605 657 1727 712; x_wconf 94' lang='lat' dir='ltr'><strong>loco</strong></span> <span class='ocrx_word' id='word_1_32' title='bbox 1756 655 2024 725; x_wconf 80' lang='lat' dir='ltr'><strong>responde</strong></span> 
     </span>
    </p>
   </div>
   <div class='ocr_carea' id='block_1_7' title="bbox 447 747 2024 824">
    <p class='ocr_par' dir='ltr' id='par_1_7' title="bbox 447 747 2024 824">
     <span class='ocr_line' id='line_1_7' title="bbox 447 747 2024 824; baseline -0.008 -11"><span class='ocrx_word' id='word_1_33' title='bbox 447 758 639 824; x_wconf 88' lang='lat' dir='ltr'><strong>adhuc,</strong></span> <span class='ocrx_word' id='word_1_34' title='bbox 669 769 870 824; x_wconf 66' lang='lat' dir='ltr'><strong>quaeso,</strong></span> <span class='ocrx_word' id='word_1_35' title='bbox 896 753 941 807; x_wconf 95' lang='lat' dir='ltr'><strong>si</strong></span> <span class='ocrx_word' id='word_1_36' title='bbox 972 766 1075 806; x_wconf 94' lang='lat' dir='ltr'><strong>non</strong></span> <span class='ocrx_word' id='word_1_37' title='bbox 1107 750 1390 806; x_wconf 85' lang='lat' dir='ltr'><strong>molestum</strong></span> <span class='ocrx_word' id='word_1_38' title='bbox 1419 757 1524 815; x_wconf 89' lang='lat' dir='ltr'><strong>cst,</strong></span> <span class='ocrx_word' id='word_1_39' title='bbox 1549 747 1676 818; x_wconf 88' lang='lat' dir='ltr'><strong>quid</strong></span> <span class='ocrx_word' id='word_1_40' title='bbox 1721 747 2024 802; x_wconf 86' lang='lat' dir='ltr'><strong>faciendum</strong></span> 
     </span>
    </p>
   </div>
   <div class='ocr_carea' id='block_1_8' title="bbox 445 838 2026 912">
    <p class='ocr_par' dir='ltr' id='par_1_8' title="bbox 445 838 2026 912">
     <span class='ocr_line' id='line_1_8' title="bbox 445 838 2026 912; baseline -0.008 -5"><span class='ocrx_word' id='word_1_41' title='bbox 445 861 529 908; x_wconf 84' lang='lat' dir='ltr'><strong>est</strong></span> <span class='ocrx_word' id='word_1_42' title='bbox 555 851 623 905; x_wconf 91' lang='lat' dir='ltr'><strong>de</strong></span> <span class='ocrx_word' id='word_1_43' title='bbox 669 846 948 902; x_wconf 84' lang='lat' dir='ltr'><strong>monachis</strong></span> <span class='ocrx_word' id='word_1_44' title='bbox 978 844 1106 908; x_wconf 87' lang='lat' dir='ltr'><strong>illis,</strong></span> <span class='ocrx_word' id='word_1_45' title='bbox 1157 841 1249 912; x_wconf 88' lang='lat' dir='ltr'><strong>qui</strong></span> <span class='ocrx_word' id='word_1_46' title='bbox 1297 856 1398 912; x_wconf 93' lang='lat' dir='ltr'><strong>pro</strong></span> <span class='ocrx_word' id='word_1_47' title='bbox 1444 840 1538 894; x_wconf 90' lang='lat' dir='ltr'><strong>Dei</strong></span> <span class='ocrx_word' id='word_1_48' title='bbox 1583 839 1778 895; x_wconf 90' lang='lat' dir='ltr'><strong>intuitu</strong></span> <span class='ocrx_word' id='word_1_49' title='bbox 1818 847 1874 894; x_wconf 90' lang='lat' dir='ltr'><strong>et</strong></span> <span class='ocrx_word' id='word_1_50' title='bbox 1903 838 2026 894; x_wconf 71' lang='lat' dir='ltr'><strong>vita:</strong></span> 
     </span>
    </p>
   </div>
   <div class='ocr_carea' id='block_1_9' title="bbox 447 925 2022 1011">
    <p class='ocr_par' dir='ltr' id='par_1_9' title="bbox 447 925 2022 1011">
     <span class='ocr_line' id='line_1_9' title="bbox 447 925 2022 1011; baseline -0.008 -17"><span class='ocrx_word' id='word_1_51' title='bbox 447 937 790 1011; x_wconf 71' lang='lat' dir='ltr'><strong>perfectionis</strong></span> <span class='ocrx_word' id='word_1_52' title='bbox 826 933 1092 990; x_wconf 90' lang='lat' dir='ltr'><strong>desiderio</strong></span> <span class='ocrx_word' id='word_1_53' title='bbox 1112 932 1324 987; x_wconf 81' lang='lat' dir='ltr'><strong>accensi</strong></span> <span class='ocrx_word' id='word_1_54' title='bbox 1367 925 1701 986; x_wconf 73' lang='lat' dir='ltr'><strong>contra&#39;vota</strong></span> <span class='ocrx_word' id='word_1_55' title='bbox 1725 928 2022 995; x_wconf 75' lang='lat' dir='ltr'><strong>venientes,</strong></span> 
     </span>
    </p>
   </div>
   <div class='ocr_carea' id='block_1_10' title="bbox 446 1015 2027 1098">
    <p class='ocr_par' dir='ltr' id='par_1_10' title="bbox 446 1015 2027 1098">
     <span class='ocr_line' id='line_1_10' title="bbox 446 1015 2027 1098; baseline -0.01 -15"><span class='ocrx_word' id='word_1_56' title='bbox 446 1029 632 1098; x_wconf 70' lang='lat' dir='ltr'><strong>primm</strong></span> <span class='ocrx_word' id='word_1_57' title='bbox 653 1023 1023 1081; x_wconf 81' lang='lat' dir='ltr'><strong>conversionis</strong></span> <span class='ocrx_word' id='word_1_58' title='bbox 1044 1022 1162 1076; x_wconf 89' lang='lat' dir='ltr'><strong>loca</strong></span> <span class='ocrx_word' id='word_1_59' title='bbox 1195 1020 1506 1089; x_wconf 89' lang='lat' dir='ltr'><strong>relinquunt</strong></span> <span class='ocrx_word' id='word_1_60' title='bbox 1531 1026 1585 1071; x_wconf 87' lang='lat' dir='ltr'><strong>et</strong></span> <span class='ocrx_word' id='word_1_61' title='bbox 1615 1017 1795 1070; x_wconf 86' lang='lat' dir='ltr'><strong>invitis</strong></span> <span class='ocrx_word' id='word_1_62' title='bbox 1818 1015 2027 1070; x_wconf 89' lang='lat' dir='ltr'><strong>abbati-</strong></span> 
     </span>
    </p>
   </div>
   <div class='ocr_carea' id='block_1_11' title="bbox 446 1106 2028 1183">
    <p class='ocr_par' dir='ltr' id='par_1_11' title="bbox 446 1106 2028 1183">
     <span class='ocr_line' id='line_1_11' title="bbox 446 1106 2028 1183; baseline -0.008 -11"><span class='ocrx_word' id='word_1_63' title='bbox 446 1119 566 1183; x_wconf 88' lang='lat' dir='ltr'><strong>bus,</strong></span> <span class='ocrx_word' id='word_1_64' title='bbox 599 1116 808 1170; x_wconf 80' lang='lat' dir='ltr'><strong>fervore</strong></span> <span class='ocrx_word' id='word_1_65' title='bbox 837 1113 1225 1167; x_wconf 82' lang='lat' dir='ltr'><strong>monachorum</strong></span> <span class='ocrx_word' id='word_1_66' title='bbox 1253 1118 1498 1178; x_wconf 88' lang='lat' dir='ltr'><strong>cogente,</strong></span> <span class='ocrx_word' id='word_1_67' title='bbox 1532 1115 1626 1160; x_wconf 89' lang='lat' dir='ltr'><strong>aut</strong></span> <span class='ocrx_word' id='word_1_68' title='bbox 1655 1106 1906 1160; x_wconf 74' lang='lat' dir='ltr'><strong>laxabtur</strong></span> <span class='ocrx_word' id='word_1_69' title='bbox 1933 1115 2028 1159; x_wconf 88' lang='lat' dir='ltr'><strong>aut</strong></span> 
     </span>
    </p>
   </div>
   <div class='ocr_carea' id='block_1_12' title="bbox 447 1195 2026 1270">
    <p class='ocr_par' dir='ltr' id='par_1_12' title="bbox 447 1195 2026 1270">
     <span class='ocr_line' id='line_1_12' title="bbox 447 1195 2026 1270; baseline -0.006 -11"><span class='ocrx_word' id='word_1_70' title='bbox 447 1205 510 1259; x_wconf 88' lang='lat' dir='ltr'><strong>ad</strong></span> <span class='ocrx_word' id='word_1_71' title='bbox 539 1206 750 1259; x_wconf 87' lang='lat' dir='ltr'><strong>deserta</strong></span> <span class='ocrx_word' id='word_1_72' title='bbox 781 1202 1008 1270; x_wconf 90' lang='lat' dir='ltr'><strong>fugiunt.</strong></span> <span class='ocrx_word' id='word_1_73' title='bbox 1041 1198 1348 1255; x_wconf 84' lang='lat' dir='ltr'><strong>Vennianus</strong></span> <span class='ocrx_word' id='word_1_74' title='bbox 1393 1205 1580 1251; x_wconf 92' lang='lat' dir='ltr'><strong>auctor</strong></span> <span class='ocrx_word' id='word_1_75' title='bbox 1602 1195 1800 1250; x_wconf 87' lang='lat' dir='ltr'><strong>Giltam</strong></span> <span class='ocrx_word' id='word_1_76' title='bbox 1839 1197 1906 1250; x_wconf 92' lang='lat' dir='ltr'><strong>de</strong></span> <span class='ocrx_word' id='word_1_77' title='bbox 1943 1196 2026 1250; x_wconf 84' lang='lat' dir='ltr'><strong>bis</strong></span> 
     </span>
    </p>
   </div>
   <div class='ocr_carea' id='block_1_13' title="bbox 447 1287 2027 1364">
    <p class='ocr_par' dir='ltr' id='par_1_13' title="bbox 447 1287 2027 1364">
     <span class='ocr_line' id='line_1_13' title="bbox 447 1287 2027 1364; baseline -0.008 -12"><span class='ocrx_word' id='word_1_78' title='bbox 447 1294 821 1364; x_wconf 76' lang='lat' dir='ltr'><strong>interrogavit,</strong></span> <span class='ocrx_word' id='word_1_79' title='bbox 869 1301 923 1347; x_wconf 89' lang='lat' dir='ltr'><strong>et</strong></span> <span class='ocrx_word' id='word_1_80' title='bbox 974 1290 1375 1359; x_wconf 73' lang='lat' dir='ltr'><strong>elegantissime</strong></span> <span class='ocrx_word' id='word_1_81' title='bbox 1433 1289 1507 1344; x_wconf 84' lang='lat' dir='ltr'><strong>illi</strong></span> <span class='ocrx_word' id='word_1_82' title='bbox 1566 1288 1874 1359; x_wconf 82' lang='lat' dir='ltr'><strong>rescripsit;</strong></span> <span class='ocrx_word' id='word_1_83' title='bbox 1933 1287 2027 1340; x_wconf 87' lang='lat' dir='ltr'><strong>sed</strong></span> 
     </span>
    </p>
   </div>
   <div class='ocr_carea' id='block_1_14' title="bbox 447 1383 2025 1453">
    <p class='ocr_par' dir='ltr' id='par_1_14' title="bbox 447 1383 2025 1453">
     <span class='ocr_line' id='line_1_14' title="bbox 447 1383 2025 1453; baseline -0.004 -13"><span class='ocrx_word' id='word_1_84' title='bbox 447 1397 624 1441; x_wconf 85' lang='lat' dir='ltr'><strong>tamen</strong></span> <span class='ocrx_word' id='word_1_85' title='bbox 673 1385 912 1441; x_wconf 85' lang='lat' dir='ltr'><strong>discendi</strong></span> <span class='ocrx_word' id='word_1_86' title='bbox 959 1383 1202 1440; x_wconf 86' lang='lat' dir='ltr'><strong>studioso</strong></span> <span class='ocrx_word' id='word_1_87' title='bbox 1245 1397 1456 1453; x_wconf 80' lang='lat' dir='ltr'><strong>semper</strong></span> <span class='ocrx_word' id='word_1_88' title='bbox 1499 1383 1673 1452; x_wconf 85' lang='lat' dir='ltr'><strong>major</strong></span> <span class='ocrx_word' id='word_1_89' title='bbox 1711 1390 1884 1436; x_wconf 89' lang='lat' dir='ltr'><strong>metus</strong></span> <span class='ocrx_word' id='word_1_90' title='bbox 1930 1393 2025 1434; x_wconf 87' lang='lat' dir='ltr'><strong>ac-</strong></span> 
     </span>
    </p>
   </div>
   <div class='ocr_carea' id='block_1_15' title="bbox 446 1479 661 1534">
    <p class='ocr_par' dir='ltr' id='par_1_15' title="bbox 446 1479 661 1534">
     <span class='ocr_line' id='line_1_15' title="bbox 446 1479 661 1534; baseline -0.014 0"><span class='ocrx_word' id='word_1_91' title='bbox 446 1479 661 1534; x_wconf 79' lang='lat' dir='ltr'><strong>crescit.</strong></span> 
     </span>
    </p>
   </div>
   <div class='ocr_carea' id='block_1_16' title="bbox 520 1563 2026 1640">
    <p class='ocr_par' dir='ltr' id='par_1_16' title="bbox 520 1563 2026 1640">
     <span class='ocr_line' id='line_1_16' title="bbox 520 1563 2026 1640; baseline -0.007 -14"><span class='ocrx_word' id='word_1_92' title='bbox 520 1570 578 1626; x_wconf 75' lang='grc' dir='ltr'><strong>ν.</strong></span> <span class='ocrx_word' id='word_1_93' title='bbox 609 1569 872 1625; x_wconf 83' lang='lat' dir='ltr'><strong>Humilius</strong></span> <span class='ocrx_word' id='word_1_94' title='bbox 900 1577 955 1624; x_wconf 90' lang='lat' dir='ltr'><strong>et</strong></span> <span class='ocrx_word' id='word_1_95' title='bbox 1005 1569 1192 1640; x_wconf 84' lang='lat' dir='ltr'><strong>purius</strong></span> <span class='ocrx_word' id='word_1_96' title='bbox 1230 1568 1344 1622; x_wconf 63' lang='lat' dir='ltr'><strong>haec</strong></span> <span class='ocrx_word' id='word_1_97' title='bbox 1370 1567 1552 1623; x_wconf 82' lang='lat' dir='ltr'><strong>omnia</strong></span> <span class='ocrx_word' id='word_1_98' title='bbox 1578 1573 1633 1620; x_wconf 91' lang='lat' dir='ltr'><strong>et</strong></span> <span class='ocrx_word' id='word_1_99' title='bbox 1672 1563 1842 1619; x_wconf 89' lang='lat' dir='ltr'><strong>multo</strong></span> <span class='ocrx_word' id='word_1_100' title='bbox 1874 1564 2026 1634; x_wconf 89' lang='lat' dir='ltr'><strong>plura</strong></span> 
     </span>
    </p>
   </div>
   <div class='ocr_carea' id='block_1_17' title="bbox 444 1656 2028 1730">
    <p class='ocr_par' dir='ltr' id='par_1_17' title="bbox 444 1656 2028 1730">
     <span class='ocr_line' id='line_1_17' title="bbox 444 1656 2028 1730; baseline -0.006 -14"><span class='ocrx_word' id='word_1_101' title='bbox 444 1673 561 1730; x_wconf 70' lang='lat' dir='ltr'><strong>qua:</strong></span> <span class='ocrx_word' id='word_1_102' title='bbox 600 1658 904 1728; x_wconf 83' lang='lat' dir='ltr'><strong>epistolaris</strong></span> <span class='ocrx_word' id='word_1_103' title='bbox 932 1659 1168 1714; x_wconf 84' lang='lat' dir='ltr'><strong>brevitas</strong></span> <span class='ocrx_word' id='word_1_104' title='bbox 1217 1671 1325 1711; x_wconf 92' lang='lat' dir='ltr'><strong>non</strong></span> <span class='ocrx_word' id='word_1_105' title='bbox 1363 1656 1621 1722; x_wconf 84' lang='lat' dir='ltr'><strong>admittit,</strong></span> <span class='ocrx_word' id='word_1_106' title='bbox 1664 1669 1762 1725; x_wconf 86' lang='lat' dir='ltr'><strong>per</strong></span> <span class='ocrx_word' id='word_1_107' title='bbox 1793 1669 2028 1724; x_wconf 70' lang='lat' dir='ltr'><strong>prwsen-</strong></span> 
     </span>
    </p>
   </div>
   <div class='ocr_carea' id='block_1_18' title="bbox 446 1747 2025 1819">
    <p class='ocr_par' dir='ltr' id='par_1_18' title="bbox 446 1747 2025 1819">
     <span class='ocr_line' id='line_1_18' title="bbox 446 1747 2025 1819; baseline -0.004 -14"><span class='ocrx_word' id='word_1_108' title='bbox 446 1751 581 1806; x_wconf 86' lang='lat' dir='ltr'><strong>tiam</strong></span> <span class='ocrx_word' id='word_1_109' title='bbox 604 1749 980 1819; x_wconf 70' lang='lat' dir='ltr'><strong>interroganda</strong></span> <span class='ocrx_word' id='word_1_110' title='bbox 1011 1757 1186 1815; x_wconf 89' lang='lat' dir='ltr'><strong>erant,</strong></span> <span class='ocrx_word' id='word_1_111' title='bbox 1220 1749 1320 1803; x_wconf 87' lang='lat' dir='ltr'><strong>nisi</strong></span> <span class='ocrx_word' id='word_1_112' title='bbox 1351 1747 1596 1818; x_wconf 91' lang='lat' dir='ltr'><strong>corporis</strong></span> <span class='ocrx_word' id='word_1_113' title='bbox 1624 1747 1926 1809; x_wconf 87' lang='lat' dir='ltr'><strong>inlirmitas,</strong></span> <span class='ocrx_word' id='word_1_114' title='bbox 1969 1754 2025 1798; x_wconf 88' lang='lat' dir='ltr'><strong>et</strong></span> 
     </span>
    </p>
   </div>
   <div class='ocr_carea' id='block_1_19' title="bbox 2127 565 3715 643">
    <p class='ocr_par' dir='ltr' id='par_1_19' title="bbox 2127 565 3715 643">
     <span class='ocr_line' id='line_1_19' title="bbox 2127 565 3715 643; baseline 0.012 -31"><span class='ocrx_word' id='word_1_115' title='bbox 2127 569 2306 631; x_wconf 83' lang='lat' dir='ltr'><strong>posse,</strong></span> <span class='ocrx_word' id='word_1_116' title='bbox 2339 565 2619 619; x_wconf 80' lang='lat' dir='ltr'><strong>manifeste</strong></span> <span class='ocrx_word' id='word_1_117' title='bbox 2649 565 2898 635; x_wconf 66' lang='lat' dir='ltr'><strong>antiquus</strong></span> <span class='ocrx_word' id='word_1_118' title='bbox 2927 583 3080 622; x_wconf 89' lang='lat' dir='ltr'><strong>error</strong></span> <span class='ocrx_word' id='word_1_119' title='bbox 3109 579 3227 636; x_wconf 88' lang='lat' dir='ltr'><strong>est;</strong></span> <span class='ocrx_word' id='word_1_120' title='bbox 3258 573 3350 626; x_wconf 88' lang='lat' dir='ltr'><strong>sed</strong></span> <span class='ocrx_word' id='word_1_121' title='bbox 3375 587 3593 643; x_wconf 79' lang='lat' dir='ltr'><strong>semper</strong></span> <span class='ocrx_word' id='word_1_122' title='bbox 3619 589 3715 630; x_wconf 73' lang='lat' dir='ltr'><strong>att-</strong></span> 
     </span>
    </p>
   </div>
   <div class='ocr_carea' id='block_1_20' title="bbox 2130 652 3379 727">
    <p class='ocr_par' dir='ltr' id='par_1_20' title="bbox 2130 652 3379 727">
     <span class='ocr_line' id='line_1_20' title="bbox 2130 652 3379 727; baseline 0.009 -24"><span class='ocrx_word' id='word_1_123' title='bbox 2130 652 2327 722; x_wconf 87' lang='lat' dir='ltr'><strong>tiquior</strong></span> <span class='ocrx_word' id='word_1_124' title='bbox 2351 663 2436 707; x_wconf 91' lang='lat' dir='ltr'><strong>est</strong></span> <span class='ocrx_word' id='word_1_125' title='bbox 2463 654 2659 708; x_wconf 86' lang='lat' dir='ltr'><strong>veritas</strong></span> <span class='ocrx_word' id='word_1_126' title='bbox 2688 670 2807 722; x_wconf 78' lang='lat' dir='ltr'><strong>qua:</strong></span> <span class='ocrx_word' id='word_1_127' title='bbox 2838 655 2982 710; x_wconf 90' lang='lat' dir='ltr'><strong>illum</strong></span> <span class='ocrx_word' id='word_1_128' title='bbox 3019 659 3379 727; x_wconf 80' lang='lat' dir='ltr'><strong>reprehendit.</strong></span> 
     </span>
    </p>
   </div>
   <div class='ocr_carea' id='block_1_21' title="bbox 2695 743 3124 802">
    <p class='ocr_par' dir='ltr' id='par_1_21' title="bbox 2695 743 3124 802">
     <span class='ocr_line' id='line_1_21' title="bbox 2695 743 3124 802; baseline 0.014 -6"><span class='ocrx_word' id='word_1_129' title='bbox 2695 743 3022 800; x_wconf 69' lang='lat' dir='ltr'><strong>El’lSTOLA</strong></span> <span class='ocrx_word' id='word_1_130' title='bbox 3062 747 3124 802; x_wconf 88' lang='lat' dir='ltr'><strong>ll.</strong></span> 
     </span>
    </p>
   </div>
   <div class='ocr_carea' id='block_1_22' title="bbox 2127 848 3714 908">
    <p class='ocr_par' dir='ltr' id='par_1_22' title="bbox 2127 848 3714 908">
     <span class='ocr_line' id='line_1_22' title="bbox 2127 848 3714 908; baseline 0.008 -21"><span class='ocrx_word' id='word_1_131' title='bbox 2127 848 2194 888; x_wconf 72' lang='lat' dir='ltr'><strong>AD</strong></span> <span class='ocrx_word' id='word_1_132' title='bbox 2233 849 2434 888; x_wconf 72' lang='lat' dir='ltr'><strong>PATRES</strong></span> <span class='ocrx_word' id='word_1_133' title='bbox 2471 850 2651 890; x_wconf 68' lang='lat' dir='ltr'><strong>SYNODI</strong></span> <span class='ocrx_word' id='word_1_134' title='bbox 2704 851 2964 892; x_wconf 66' lang='lat' dir='ltr'><strong>CCJUSDAII</strong></span> <span class='ocrx_word' id='word_1_135' title='bbox 3009 855 3319 896; x_wconf 61' lang='grc' dir='ltr'><strong>ολιιιολκιε</strong></span> <span class='ocrx_word' id='word_1_136' title='bbox 3357 858 3522 898; x_wconf 68' lang='lat' dir='ltr'><strong>SUPER</strong></span> <span class='ocrx_word' id='word_1_137' title='bbox 3564 858 3714 908; x_wconf 72' lang='grc' dir='ltr'><strong>θυι-</strong></span> 
     </span>
    </p>
   </div>
   <div class='ocr_carea' id='block_1_23' title="bbox 2491 943 3355 992">
    <p class='ocr_par' dir='ltr' id='par_1_23' title="bbox 2491 943 3355 992">
     <span class='ocr_line' id='line_1_23' title="bbox 2491 943 3355 992; baseline 0.014 -12"><span class='ocrx_word' id='word_1_138' title='bbox 2491 943 2678 982; x_wconf 65' lang='grc' dir='ltr'><strong>δτιοκε</strong></span> <span class='ocrx_word' id='word_1_139' title='bbox 2720 943 2934 983; x_wconf 65' lang='grc' dir='ltr'><strong>Ρλεςιιιε</strong></span> <span class='ocrx_word' id='word_1_140' title='bbox 2975 947 3355 992; x_wconf 64' lang='grc' dir='ltr'><strong>υοκῦιιεῦλτιε.</strong></span> 
     </span>
    </p>
   </div>
   <div class='ocr_carea' id='block_1_24' title="bbox 2128 1013 3716 1086">
    <p class='ocr_par' dir='ltr' id='par_1_24' title="bbox 2128 1013 3716 1086">
     <span class='ocr_line' id='line_1_24' title="bbox 2128 1013 3716 1086; baseline 0.007 -20"><span class='ocrx_word' id='word_1_141' title='bbox 2128 1013 2365 1071; x_wconf 88' lang='lat' dir='ltr'><strong>Dominis</strong></span> <span class='ocrx_word' id='word_1_142' title='bbox 2409 1017 2627 1082; x_wconf 86' lang='lat' dir='ltr'><strong>sanctis,</strong></span> <span class='ocrx_word' id='word_1_143' title='bbox 2659 1026 2713 1070; x_wconf 91' lang='lat' dir='ltr'><strong>et</strong></span> <span class='ocrx_word' id='word_1_144' title='bbox 2733 1016 2784 1070; x_wconf 93' lang='lat' dir='ltr'><strong>in</strong></span> <span class='ocrx_word' id='word_1_145' title='bbox 2817 1018 3032 1074; x_wconf 77' lang='lat' dir='ltr'><strong>Christo</strong></span> <span class='ocrx_word' id='word_1_146' title='bbox 3059 1019 3322 1086; x_wconf 78' lang='lat' dir='ltr'><strong>Patribus,</strong></span> <span class='ocrx_word' id='word_1_147' title='bbox 3347 1023 3428 1076; x_wconf 91' lang='lat' dir='ltr'><strong>vel</strong></span> <span class='ocrx_word' id='word_1_148' title='bbox 3464 1022 3716 1078; x_wconf 79' lang='lat' dir='ltr'><strong>fratribus</strong></span> 
     </span>
    </p>
   </div>
   <div class='ocr_carea' id='block_1_25' title="bbox 2198 1108 3718 1180">
    <p class='ocr_par' dir='ltr' id='par_1_25' title="bbox 2198 1108 3718 1180">
     <span class='ocr_line' id='line_1_25' title="bbox 2198 1108 3718 1180; baseline 0.004 -18"><span class='ocrx_word' id='word_1_149' title='bbox 2198 1109 2479 1177; x_wconf 86' lang='lat' dir='ltr'><strong>episcopis,</strong></span> <span class='ocrx_word' id='word_1_150' title='bbox 2517 1108 2862 1178; x_wconf 76' lang='lat' dir='ltr'><strong>presbyteris,</strong></span> <span class='ocrx_word' id='word_1_151' title='bbox 2894 1112 3210 1180; x_wconf 62' lang='lat' dir='ltr'><strong>caaterisque</strong></span> <span class='ocrx_word' id='word_1_152' title='bbox 3237 1122 3435 1168; x_wconf 76' lang='lat' dir='ltr'><strong>sancta:</strong></span> <span class='ocrx_word' id='word_1_153' title='bbox 3461 1113 3718 1168; x_wconf 69' lang='lat' dir='ltr'><strong>Ecclesia:</strong></span> 
     </span>
    </p>
   </div>
   <div class='ocr_carea' id='block_1_26' title="bbox 2198 1195 3716 1269">
    <p class='ocr_par' dir='ltr' id='par_1_26' title="bbox 2198 1195 3716 1269">
     <span class='ocr_line' id='line_1_26' title="bbox 2198 1195 3716 1269; baseline 0.007 -19"><span class='ocrx_word' id='word_1_154' title='bbox 2198 1197 2502 1262; x_wconf 85' lang='lat' dir='ltr'><strong>ordinibus,</strong></span> <span class='ocrx_word' id='word_1_155' title='bbox 2553 1195 2814 1253; x_wconf 88' lang='lat' dir='ltr'><strong>Columba</strong></span> <span class='ocrx_word' id='word_1_156' title='bbox 2856 1211 3110 1269; x_wconf 85' lang='lat' dir='ltr'><strong>peccator</strong></span> <span class='ocrx_word' id='word_1_157' title='bbox 3143 1205 3370 1259; x_wconf 82' lang='lat' dir='ltr'><strong>salutem</strong></span> <span class='ocrx_word' id='word_1_158' title='bbox 3415 1203 3468 1259; x_wconf 91' lang='lat' dir='ltr'><strong>in</strong></span> <span class='ocrx_word' id='word_1_159' title='bbox 3500 1204 3716 1260; x_wconf 84' lang='lat' dir='ltr'><strong>Christo</strong></span> 
     </span>
    </p>
   </div>
   <div class='ocr_carea' id='block_1_27' title="bbox 2198 1288 2484 1356">
    <p class='ocr_par' dir='ltr' id='par_1_27' title="bbox 2198 1288 2484 1356">
     <span class='ocr_line' id='line_1_27' title="bbox 2198 1288 2484 1356; baseline 0.007 -16"><span class='ocrx_word' id='word_1_160' title='bbox 2198 1288 2484 1356; x_wconf 71' lang='lat' dir='ltr'><strong>prmmitto.</strong></span> 
     </span>
    </p>
   </div>
   <div class='ocr_carea' id='block_1_28' title="bbox 2199 1377 3714 1454">
    <p class='ocr_par' dir='ltr' id='par_1_28' title="bbox 2199 1377 3714 1454">
     <span class='ocr_line' id='line_1_28' title="bbox 2199 1377 3714 1454; baseline 0.009 -24"><span class='ocrx_word' id='word_1_161' title='bbox 2199 1377 2238 1430; x_wconf 96' lang='grc' dir='ltr'><strong>Ι.</strong></span> <span class='ocrx_word' id='word_1_162' title='bbox 2281 1377 2494 1433; x_wconf 84' lang='lat' dir='ltr'><strong>Gratias</strong></span> <span class='ocrx_word' id='word_1_163' title='bbox 2519 1395 2620 1449; x_wconf 79' lang='lat' dir='ltr'><strong>ago</strong></span> <span class='ocrx_word' id='word_1_164' title='bbox 2651 1379 2761 1435; x_wconf 89' lang='lat' dir='ltr'><strong>Deo</strong></span> <span class='ocrx_word' id='word_1_165' title='bbox 2790 1396 2934 1447; x_wconf 89' lang='lat' dir='ltr'><strong>meo,</strong></span> <span class='ocrx_word' id='word_1_166' title='bbox 2962 1385 3103 1454; x_wconf 80' lang='lat' dir='ltr'><strong>quod</strong></span> <span class='ocrx_word' id='word_1_167' title='bbox 3127 1388 3230 1441; x_wconf 89' lang='lat' dir='ltr'><strong>mei</strong></span> <span class='ocrx_word' id='word_1_168' title='bbox 3269 1402 3430 1443; x_wconf 89' lang='lat' dir='ltr'><strong>causa</strong></span> <span class='ocrx_word' id='word_1_169' title='bbox 3464 1389 3516 1442; x_wconf 91' lang='lat' dir='ltr'><strong>in</strong></span> <span class='ocrx_word' id='word_1_170' title='bbox 3547 1405 3714 1444; x_wconf 91' lang='lat' dir='ltr'><strong>unum</strong></span> 
     </span>
    </p>
   </div>
   <div class='ocr_carea' id='block_1_29' title="bbox 2128 1467 3717 1536">
    <p class='ocr_par' dir='ltr' id='par_1_29' title="bbox 2128 1467 3717 1536">
     <span class='ocr_line' id='line_1_29' title="bbox 2128 1467 3717 1536; baseline 0.011 -20"><span class='ocrx_word' id='word_1_171' title='bbox 2128 1467 2262 1519; x_wconf 91' lang='lat' dir='ltr'><strong>tanti</strong></span> <span class='ocrx_word' id='word_1_172' title='bbox 2285 1469 2592 1536; x_wconf 70' lang='lat' dir='ltr'><strong>congregati</strong></span> <span class='ocrx_word' id='word_1_173' title='bbox 2619 1479 2743 1522; x_wconf 93' lang='lat' dir='ltr'><strong>sunt</strong></span> <span class='ocrx_word' id='word_1_174' title='bbox 2763 1472 2934 1526; x_wconf 87' lang='lat' dir='ltr'><strong>sancti</strong></span> <span class='ocrx_word' id='word_1_175' title='bbox 2961 1472 3029 1525; x_wconf 84' lang='lat' dir='ltr'><strong>de</strong></span> <span class='ocrx_word' id='word_1_176' title='bbox 3059 1472 3178 1528; x_wconf 80' lang='lat' dir='ltr'><strong>fidei</strong></span> <span class='ocrx_word' id='word_1_177' title='bbox 3208 1485 3262 1528; x_wconf 92' lang='lat' dir='ltr'><strong>et</strong></span> <span class='ocrx_word' id='word_1_178' title='bbox 3292 1477 3558 1531; x_wconf 86' lang='lat' dir='ltr'><strong>bonorum</strong></span> <span class='ocrx_word' id='word_1_179' title='bbox 3580 1493 3717 1533; x_wconf 86' lang='lat' dir='ltr'><strong>nne-</strong></span> 
     </span>
    </p>
   </div>
   <div class='ocr_carea' id='block_1_30' title="bbox 2128 1559 3718 1638">
    <p class='ocr_par' dir='ltr' id='par_1_30' title="bbox 2128 1559 3718 1638">
     <span class='ocr_line' id='line_1_30' title="bbox 2128 1559 3718 1638; baseline 0.01 -29"><span class='ocrx_word' id='word_1_180' title='bbox 2128 1571 2244 1610; x_wconf 85' lang='lat' dir='ltr'><strong>rum</strong></span> <span class='ocrx_word' id='word_1_181' title='bbox 2268 1559 2490 1612; x_wconf 86' lang='lat' dir='ltr'><strong>veritate</strong></span> <span class='ocrx_word' id='word_1_182' title='bbox 2515 1563 2813 1626; x_wconf 82' lang='lat' dir='ltr'><strong>tractaturi,</strong></span> <span class='ocrx_word' id='word_1_183' title='bbox 2833 1572 2888 1615; x_wconf 85' lang='lat' dir='ltr'><strong>et</strong></span> <span class='ocrx_word' id='word_1_184' title='bbox 2909 1574 2966 1617; x_wconf 85' lang='lat' dir='ltr'><strong>ut</strong></span> <span class='ocrx_word' id='word_1_185' title='bbox 2982 1564 3118 1618; x_wconf 83' lang='lat' dir='ltr'><strong>tales</strong></span> <span class='ocrx_word' id='word_1_186' title='bbox 3133 1565 3308 1634; x_wconf 87' lang='lat' dir='ltr'><strong>decet,</strong></span> <span class='ocrx_word' id='word_1_187' title='bbox 3332 1583 3428 1638; x_wconf 90' lang='lat' dir='ltr'><strong>per</strong></span> <span class='ocrx_word' id='word_1_188' title='bbox 3446 1571 3718 1624; x_wconf 74' lang='lat' dir='ltr'><strong>exercita-</strong></span> 
     </span>
    </p>
   </div>
   <div class='ocr_carea' id='block_1_31' title="bbox 2131 1650 3715 1726">
    <p class='ocr_par' dir='ltr' id='par_1_31' title="bbox 2131 1650 3715 1726">
     <span class='ocr_line' id='line_1_31' title="bbox 2131 1650 3715 1726; baseline 0.008 -25"><span class='ocrx_word' id='word_1_189' title='bbox 2131 1657 2214 1704; x_wconf 80' lang='lat' dir='ltr'><strong>tos</strong></span> <span class='ocrx_word' id='word_1_190' title='bbox 2253 1663 2444 1702; x_wconf 85' lang='lat' dir='ltr'><strong>sensus</strong></span> <span class='ocrx_word' id='word_1_191' title='bbox 2481 1650 2546 1702; x_wconf 88' lang='lat' dir='ltr'><strong>ad</strong></span> <span class='ocrx_word' id='word_1_192' title='bbox 2578 1650 2957 1706; x_wconf 82' lang='lat' dir='ltr'><strong>discretionem</strong></span> <span class='ocrx_word' id='word_1_193' title='bbox 3008 1653 3132 1708; x_wconf 93' lang='lat' dir='ltr'><strong>boni</strong></span> <span class='ocrx_word' id='word_1_194' title='bbox 3158 1671 3222 1710; x_wconf 92' lang='lat' dir='ltr'><strong>ac</strong></span> <span class='ocrx_word' id='word_1_195' title='bbox 3263 1658 3412 1726; x_wconf 87' lang='lat' dir='ltr'><strong>mali,</strong></span> <span class='ocrx_word' id='word_1_196' title='bbox 3442 1657 3510 1713; x_wconf 89' lang='lat' dir='ltr'><strong>de</strong></span> <span class='ocrx_word' id='word_1_197' title='bbox 3537 1659 3715 1715; x_wconf 82' lang='lat' dir='ltr'><strong>discu-</strong></span> 
     </span>
    </p>
   </div>
   <div class='ocr_carea' id='block_1_32' title="bbox 2132 1739 3718 1818">
    <p class='ocr_par' dir='ltr' id='par_1_32' title="bbox 2132 1739 3718 1818">
     <span class='ocr_line' id='line_1_32' title="bbox 2132 1739 3718 1818; baseline 0.009 -27"><span class='ocrx_word' id='word_1_198' title='bbox 2132 1739 2323 1793; x_wconf 89' lang='lat' dir='ltr'><strong>tiendis</strong></span> <span class='ocrx_word' id='word_1_199' title='bbox 2346 1739 2492 1808; x_wconf 81' lang='lat' dir='ltr'><strong>justo</strong></span> <span class='ocrx_word' id='word_1_200' title='bbox 2516 1740 2718 1810; x_wconf 87' lang='lat' dir='ltr'><strong>judicio</strong></span> <span class='ocrx_word' id='word_1_201' title='bbox 2769 1743 3074 1811; x_wconf 84' lang='lat' dir='ltr'><strong>julicaturi.</strong></span> <span class='ocrx_word' id='word_1_202' title='bbox 3127 1743 3339 1801; x_wconf 84' lang='lat' dir='ltr'><strong>Utinam</strong></span> <span class='ocrx_word' id='word_1_203' title='bbox 3390 1747 3585 1818; x_wconf 66' lang='lat' dir='ltr'><strong>sepius</strong></span> <span class='ocrx_word' id='word_1_204' title='bbox 3615 1750 3718 1805; x_wconf 92' lang='lat' dir='ltr'><strong>boc</strong></span> 
     </span>
    </p>
   </div>
   <div class='ocr_carea' id='block_1_33' title="bbox 447 1831 3716 1909">
    <p class='ocr_par' dir='ltr' id='par_1_33' title="bbox 447 1831 3716 1909">
     <span class='ocr_line' id='line_1_33' title="bbox 447 1831 3716 1909; baseline -0.003 -13"><span class='ocrx_word' id='word_1_205' title='bbox 447 1856 687 1896; x_wconf 89' lang='lat' dir='ltr'><strong>meorum</strong></span> <span class='ocrx_word' id='word_1_206' title='bbox 715 1856 843 1896; x_wconf 92' lang='lat' dir='ltr'><strong>cura</strong></span> <span class='ocrx_word' id='word_1_207' title='bbox 877 1840 1417 1909; x_wconf 87' lang='lat' dir='ltr'><strong>comperegrinorum</strong></span> <span class='ocrx_word' id='word_1_208' title='bbox 1457 1848 1602 1892; x_wconf 79' lang='lat' dir='ltr'><strong>noun</strong></span> <span class='ocrx_word' id='word_1_209' title='bbox 1653 1852 1739 1891; x_wconf 89' lang='lat' dir='ltr'><strong>me</strong></span> <span class='ocrx_word' id='word_1_210' title='bbox 1787 1835 2025 1889; x_wconf 87' lang='lat' dir='ltr'><strong>vinctum</strong></span> <span class='ocrx_word' id='word_1_211' title='bbox 2062 1836 2104 1894; x_wconf 83' lang='grc' dir='ltr'><strong>Β</strong></span> <span class='ocrx_word' id='word_1_212' title='bbox 2132 1831 2360 1896; x_wconf 78' lang='lat' dir='ltr'><strong>ageretis</strong></span> <span class='ocrx_word' id='word_1_213' title='bbox 2395 1849 2408 1882; x_wconf 88' lang='lat'><strong>:</strong></span> <span class='ocrx_word' id='word_1_214' title='bbox 2443 1841 2496 1886; x_wconf 90' lang='lat' dir='ltr'><strong>et</strong></span> <span class='ocrx_word' id='word_1_215' title='bbox 2538 1832 2662 1887; x_wconf 90' lang='lat' dir='ltr'><strong>licet</strong></span> <span class='ocrx_word' id='word_1_216' title='bbox 2709 1833 2862 1900; x_wconf 78' lang='lat' dir='ltr'><strong>juxta</strong></span> <span class='ocrx_word' id='word_1_217' title='bbox 2917 1850 3150 1890; x_wconf 88' lang='lat' dir='ltr'><strong>canones</strong></span> <span class='ocrx_word' id='word_1_218' title='bbox 3178 1837 3343 1891; x_wconf 76' lang='lat' dir='ltr'><strong>sczncl</strong></span> <span class='ocrx_word' id='word_1_219' title='bbox 3394 1848 3488 1892; x_wconf 84' lang='lat' dir='ltr'><strong>aut</strong></span> <span class='ocrx_word' id='word_1_220' title='bbox 3535 1839 3618 1892; x_wconf 66' lang='lat' dir='ltr'><strong>bis</strong></span> <span class='ocrx_word' id='word_1_221' title='bbox 3662 1841 3716 1893; x_wconf 82' lang='lat' dir='ltr'><strong>in</strong></span> 
     </span>
    </p>
   </div>
   <div class='ocr_carea' id='block_1_34' title="bbox 450 1925 2025 2000">
    <p class='ocr_par' dir='ltr' id='par_1_34' title="bbox 450 1925 2025 2000">
     <span class='ocr_line' id='line_1_34' title="bbox 450 1925 2025 2000; baseline -0.008 -13"><span class='ocrx_word' id='word_1_222' title='bbox 450 1943 476 1970; x_wconf 68' lang='grc' dir='ltr'>ι</span> <span class='ocrx_word' id='word_1_223' title='bbox 506 1932 573 1987; x_wconf 89' lang='lat' dir='ltr'><strong>ad</strong></span> <span class='ocrx_word' id='word_1_224' title='bbox 599 1940 654 1986; x_wconf 88' lang='lat' dir='ltr'><strong>te</strong></span> <span class='ocrx_word' id='word_1_225' title='bbox 681 1931 863 1996; x_wconf 85' lang='lat' dir='ltr'><strong>eundi,</strong></span> <span class='ocrx_word' id='word_1_226' title='bbox 890 1939 947 1985; x_wconf 91' lang='lat' dir='ltr'><strong>ut</strong></span> <span class='ocrx_word' id='word_1_227' title='bbox 965 1931 1106 1984; x_wconf 87' lang='lat' dir='ltr'><strong>illam</strong></span> <span class='ocrx_word' id='word_1_228' title='bbox 1130 1930 1462 2000; x_wconf 79' lang='lat' dir='ltr'><strong>spiritualem</strong></span> <span class='ocrx_word' id='word_1_229' title='bbox 1493 1927 1594 1981; x_wconf 84' lang='lat' dir='ltr'><strong>vivi</strong></span> <span class='ocrx_word' id='word_1_230' title='bbox 1625 1925 1784 1981; x_wconf 90' lang='lat' dir='ltr'><strong>fontis</strong></span> <span class='ocrx_word' id='word_1_231' title='bbox 1809 1939 2025 1989; x_wconf 84' lang='lat' dir='ltr'><strong>venam,</strong></span> 
     </span>
    </p>
   </div>
   <div class='ocr_carea' id='block_1_35' title="bbox 448 2014 2026 2090">
    <p class='ocr_par' dir='ltr' id='par_1_35' title="bbox 448 2014 2026 2090">
     <span class='ocr_line' id='line_1_35' title="bbox 448 2014 2026 2090; baseline -0.006 -15"><span class='ocrx_word' id='word_1_232' title='bbox 448 2023 727 2090; x_wconf 83' lang='lat' dir='ltr'><strong>vivamque</strong></span> <span class='ocrx_word' id='word_1_233' title='bbox 775 2022 972 2075; x_wconf 90' lang='lat' dir='ltr'><strong>undatn</strong></span> <span class='ocrx_word' id='word_1_234' title='bbox 1023 2021 1264 2074; x_wconf 52' lang='lat' dir='ltr'><strong>scientia</strong></span> <span class='ocrx_word' id='word_1_235' title='bbox 1314 2019 1526 2072; x_wconf 73' lang='lat' dir='ltr'><strong>coalitus</strong></span> <span class='ocrx_word' id='word_1_236' title='bbox 1580 2017 1816 2082; x_wconf 82' lang='lat' dir='ltr'><strong>fluentis,</strong></span> <span class='ocrx_word' id='word_1_237' title='bbox 1859 2028 1922 2069; x_wconf 85' lang='lat' dir='ltr'><strong>ac</strong></span> <span class='ocrx_word' id='word_1_238' title='bbox 1974 2014 2026 2066; x_wconf 88' lang='lat' dir='ltr'><strong>in</strong></span> 
     </span>
    </p>
   </div>
   <div class='ocr_carea' id='block_1_36' title="bbox 447 2103 2026 2164">
    <p class='ocr_par' dir='ltr' id='par_1_36' title="bbox 447 2103 2026 2164">
     <span class='ocr_line' id='line_1_36' title="bbox 447 2103 2026 2164; baseline -0.005 0"><span class='ocrx_word' id='word_1_239' title='bbox 447 2119 700 2164; x_wconf 74' lang='lat' dir='ltr'><strong>mternam</strong></span> <span class='ocrx_word' id='word_1_240' title='bbox 744 2109 909 2162; x_wconf 88' lang='lat' dir='ltr'><strong>vitam</strong></span> <span class='ocrx_word' id='word_1_241' title='bbox 952 2107 1193 2162; x_wconf 83' lang='lat' dir='ltr'><strong>salientis</strong></span> <span class='ocrx_word' id='word_1_242' title='bbox 1239 2105 1264 2142; x_wconf 75' lang='grc'><strong>¹³</strong></span> <span class='ocrx_word' id='word_1_243' title='bbox 1307 2105 1542 2160; x_wconf 89' lang='lat' dir='ltr'><strong>haurire.</strong></span> <span class='ocrx_word' id='word_1_244' title='bbox 1589 2103 1656 2157; x_wconf 68' lang='lat' dir='ltr'><strong>lit</strong></span> <span class='ocrx_word' id='word_1_245' title='bbox 1704 2105 1749 2157; x_wconf 88' lang='lat' dir='ltr'><strong>si</strong></span> <span class='ocrx_word' id='word_1_246' title='bbox 1791 2103 2026 2158; x_wconf 82' lang='lat' dir='ltr'><strong>animum</strong></span> 
     </span>
    </p>
   </div>
   <div class='ocr_carea' id='block_1_37' title="bbox 448 2195 2031 2273">
    <p class='ocr_par' dir='ltr' id='par_1_37' title="bbox 448 2195 2031 2273">
     <span class='ocr_line' id='line_1_37' title="bbox 448 2195 2031 2273; baseline -0.006 -16"><span class='ocrx_word' id='word_1_247' title='bbox 448 2217 644 2273; x_wconf 89' lang='lat' dir='ltr'><strong>corpus</strong></span> <span class='ocrx_word' id='word_1_248' title='bbox 687 2208 1006 2270; x_wconf 87' lang='lat' dir='ltr'><strong>sequeretur</strong></span> <span class='ocrx_word' id='word_1_249' title='bbox 1047 2199 1218 2254; x_wconf 81' lang='lat' dir='ltr'><strong>Roma</strong></span> <span class='ocrx_word' id='word_1_250' title='bbox 1250 2199 1335 2253; x_wconf 90' lang='lat' dir='ltr'><strong>sui</strong></span> <span class='ocrx_word' id='word_1_251' title='bbox 1365 2199 1557 2252; x_wconf 84' lang='lat' dir='ltr'><strong>iterum</strong></span> <span class='ocrx_word' id='word_1_252' title='bbox 1597 2211 1709 2251; x_wconf 90' lang='lat' dir='ltr'><strong>rem</strong></span> <span class='ocrx_word' id='word_1_253' title='bbox 1741 2195 2031 2250; x_wconf 80' lang='lat' dir='ltr'><strong>sustineret</strong></span> 
     </span>
    </p>
   </div>
   <div class='ocr_carea' id='block_1_38' title="bbox 449 2287 2028 2363">
    <p class='ocr_par' dir='ltr' id='par_1_38' title="bbox 449 2287 2028 2363">
     <span class='ocr_line' id='line_1_38' title="bbox 449 2287 2028 2363; baseline -0.006 -15"><span class='ocrx_word' id='word_1_254' title='bbox 449 2301 809 2363; x_wconf 82' lang='lat' dir='ltr'><strong>contemptus,</strong></span> <span class='ocrx_word' id='word_1_255' title='bbox 826 2301 882 2345; x_wconf 93' lang='lat' dir='ltr'><strong>ut</strong></span> <span class='ocrx_word' id='word_1_256' title='bbox 905 2289 1376 2361; x_wconf 36' lang='lat' dir='ltr'><strong>quomodogdocto</strong></span> <span class='ocrx_word' id='word_1_257' title='bbox 1403 2296 1656 2343; x_wconf 83' lang='lat' dir='ltr'><strong>narrante</strong></span> <span class='ocrx_word' id='word_1_258' title='bbox 1679 2287 2028 2357; x_wconf 80' lang='lat' dir='ltr'><strong>Hieronymo,</strong></span> 
     </span>
    </p>
   </div>
   <div class='ocr_carea' id='block_1_39' title="bbox 451 2377 2027 2451">
    <p class='ocr_par' dir='ltr' id='par_1_39' title="bbox 451 2377 2027 2451">
     <span class='ocr_line' id='line_1_39' title="bbox 451 2377 2027 2451; baseline -0.003 -15"><span class='ocrx_word' id='word_1_259' title='bbox 451 2384 694 2449; x_wconf 85' lang='lat' dir='ltr'><strong>legimus,</strong></span> <span class='ocrx_word' id='word_1_260' title='bbox 728 2382 986 2451; x_wconf 87' lang='lat' dir='ltr'><strong>quosdam</strong></span> <span class='ocrx_word' id='word_1_261' title='bbox 1032 2382 1098 2433; x_wconf 92' lang='lat' dir='ltr'><strong>de</strong></span> <span class='ocrx_word' id='word_1_262' title='bbox 1128 2381 1328 2433; x_wconf 89' lang='lat' dir='ltr'><strong>ultimis</strong></span> <span class='ocrx_word' id='word_1_263' title='bbox 1358 2381 1567 2434; x_wconf 64' lang='lat' dir='ltr'><strong>lleulini</strong></span> <span class='ocrx_word' id='word_1_264' title='bbox 1610 2381 1805 2434; x_wconf 84' lang='lat' dir='ltr'><strong>littoris</strong></span> <span class='ocrx_word' id='word_1_265' title='bbox 1838 2377 2027 2432; x_wconf 79' lang='lat' dir='ltr'><strong>finibus</strong></span> 
     </span>
    </p>
   </div>
   <div class='ocr_carea' id='block_1_40' title="bbox 448 2465 2028 2538">
    <p class='ocr_par' dir='ltr' id='par_1_40' title="bbox 448 2465 2028 2538">
     <span class='ocr_line' id='line_1_40' title="bbox 448 2465 2028 2538; baseline -0.004 -14"><span class='ocrx_word' id='word_1_266' title='bbox 448 2472 576 2525; x_wconf 88' lang='lat' dir='ltr'><strong>olim</strong></span> <span class='ocrx_word' id='word_1_267' title='bbox 606 2472 815 2524; x_wconf 84' lang='lat' dir='ltr'><strong>venisse</strong></span> <span class='ocrx_word' id='word_1_268' title='bbox 845 2469 1090 2531; x_wconf 81' lang='lat' dir='ltr'><strong>Romam,</strong></span> <span class='ocrx_word' id='word_1_269' title='bbox 1121 2469 1196 2531; x_wconf 91' lang='lat' dir='ltr'><strong>in,</strong></span> <span class='ocrx_word' id='word_1_270' title='bbox 1241 2476 1295 2520; x_wconf 90' lang='lat' dir='ltr'><strong>et</strong></span> <span class='ocrx_word' id='word_1_271' title='bbox 1337 2466 1524 2538; x_wconf 75' lang='lat' dir='ltr'><strong>[Forte</strong></span> <span class='ocrx_word' id='word_1_272' title='bbox 1552 2467 1696 2526; x_wconf 81' lang='lat' dir='ltr'><strong>dein,</strong></span> <span class='ocrx_word' id='word_1_273' title='bbox 1730 2465 1806 2534; x_wconf 75' lang='lat' dir='ltr'><strong>et]</strong></span> <span class='ocrx_word' id='word_1_274' title='bbox 1837 2469 2028 2518; x_wconf 86' lang='lat' dir='ltr'><strong>mirum</strong></span> 
     </span>
    </p>
   </div>
   <div class='ocr_carea' id='block_1_41' title="bbox 448 2558 2031 2627">
    <p class='ocr_par' dir='ltr' id='par_1_41' title="bbox 448 2558 2031 2627">
     <span class='ocr_line' id='line_1_41' title="bbox 448 2558 2031 2627; baseline -0.003 -13"><span class='ocrx_word' id='word_1_275' title='bbox 448 2562 614 2627; x_wconf 87' lang='lat' dir='ltr'><strong>dictu,</strong></span> <span class='ocrx_word' id='word_1_276' title='bbox 647 2560 790 2614; x_wconf 78' lang='lat' dir='ltr'><strong>aliud</strong></span> <span class='ocrx_word' id='word_1_277' title='bbox 820 2569 971 2614; x_wconf 78' lang='lat' dir='ltr'><strong>extra</strong></span> <span class='ocrx_word' id='word_1_278' title='bbox 998 2558 1221 2612; x_wconf 82' lang='lat' dir='ltr'><strong>Romam</strong></span> <span class='ocrx_word' id='word_1_279' title='bbox 1251 2559 1508 2626; x_wconf 68' lang='lat' dir='ltr'><strong>quaesisse</strong></span> <span class='ocrx_word' id='word_1_280' title='bbox 1536 2575 1550 2624; x_wconf 91' lang='lat'><strong>;</strong></span> <span class='ocrx_word' id='word_1_281' title='bbox 1584 2558 1652 2611; x_wconf 91' lang='lat' dir='ltr'><strong>ita</strong></span> <span class='ocrx_word' id='word_1_282' title='bbox 1685 2566 1740 2610; x_wconf 87' lang='lat' dir='ltr'><strong>et</strong></span> <span class='ocrx_word' id='word_1_283' title='bbox 1768 2571 1868 2624; x_wconf 88' lang='lat' dir='ltr'><strong>ego</strong></span> <span class='ocrx_word' id='word_1_284' title='bbox 1891 2571 2031 2626; x_wconf 87' lang='lat' dir='ltr'><strong>nunc</strong></span> 
     </span>
    </p>
   </div>
   <div class='ocr_carea' id='block_1_42' title="bbox 453 2649 2032 2718">
    <p class='ocr_par' dir='ltr' id='par_1_42' title="bbox 453 2649 2032 2718">
     <span class='ocr_line' id='line_1_42' title="bbox 453 2649 2032 2718; baseline -0.004 -12"><span class='ocrx_word' id='word_1_285' title='bbox 453 2662 505 2707; x_wconf 89' lang='lat' dir='ltr'><strong>te</strong></span> <span class='ocrx_word' id='word_1_286' title='bbox 528 2693 544 2718; x_wconf 95' lang='lat'><strong>,</strong></span> <span class='ocrx_word' id='word_1_287' title='bbox 577 2667 682 2708; x_wconf 93' lang='lat' dir='ltr'><strong>non</strong></span> <span class='ocrx_word' id='word_1_288' title='bbox 715 2650 941 2705; x_wconf 77' lang='lat' dir='ltr'><strong>Romam</strong></span> <span class='ocrx_word' id='word_1_289' title='bbox 993 2649 1304 2705; x_wconf 82' lang='lat' dir='ltr'><strong>desiderans</strong></span> <span class='ocrx_word' id='word_1_290' title='bbox 1326 2691 1340 2713; x_wconf 91' lang='lat'><strong>,</strong></span> <span class='ocrx_word' id='word_1_291' title='bbox 1367 2649 1514 2704; x_wconf 87' lang='lat' dir='ltr'><strong>salva</strong></span> <span class='ocrx_word' id='word_1_292' title='bbox 1543 2658 1848 2704; x_wconf 89' lang='lat' dir='ltr'><strong>sanctorum</strong></span> <span class='ocrx_word' id='word_1_293' title='bbox 1878 2661 2032 2701; x_wconf 83' lang='lat' dir='ltr'><strong>reve—</strong></span> 
     </span>
    </p>
   </div>
   <div class='ocr_carea' id='block_1_43' title="bbox 450 2741 2030 2809">
    <p class='ocr_par' dir='ltr' id='par_1_43' title="bbox 450 2741 2030 2809">
     <span class='ocr_line' id='line_1_43' title="bbox 450 2741 2030 2809; baseline -0.004 -11"><span class='ocrx_word' id='word_1_294' title='bbox 450 2744 621 2799; x_wconf 90' lang='lat' dir='ltr'><strong>rentia</strong></span> <span class='ocrx_word' id='word_1_295' title='bbox 669 2743 908 2798; x_wconf 87' lang='lat' dir='ltr'><strong>cinerum</strong></span> <span class='ocrx_word' id='word_1_296' title='bbox 946 2751 1286 2809; x_wconf 74' lang='lat' dir='ltr'><strong>expeterem;</strong></span> <span class='ocrx_word' id='word_1_297' title='bbox 1334 2741 1460 2796; x_wconf 87' lang='lat' dir='ltr'><strong>licet</strong></span> <span class='ocrx_word' id='word_1_298' title='bbox 1500 2742 1643 2794; x_wconf 91' lang='lat' dir='ltr'><strong>enim</strong></span> <span class='ocrx_word' id='word_1_299' title='bbox 1676 2756 1783 2796; x_wconf 84' lang='lat' dir='ltr'><strong>non</strong></span> <span class='ocrx_word' id='word_1_300' title='bbox 1825 2754 1911 2794; x_wconf 88' lang='lat' dir='ltr'><strong>me</strong></span> <span class='ocrx_word' id='word_1_301' title='bbox 1937 2753 2030 2793; x_wconf 81' lang='lat' dir='ltr'><strong>sa-</strong></span> 
     </span>
    </p>
   </div>
   <div class='ocr_carea' id='block_1_44' title="bbox 451 2829 2032 2902">
    <p class='ocr_par' dir='ltr' id='par_1_44' title="bbox 451 2829 2032 2902">
     <span class='ocr_line' id='line_1_44' title="bbox 451 2829 2032 2902; baseline -0.003 -15"><span class='ocrx_word' id='word_1_302' title='bbox 451 2835 707 2902; x_wconf 91' lang='lat' dir='ltr'><strong>pientem,</strong></span> <span class='ocrx_word' id='word_1_303' title='bbox 746 2831 840 2884; x_wconf 88' lang='lat' dir='ltr'><strong>sed</strong></span> <span class='ocrx_word' id='word_1_304' title='bbox 870 2845 990 2883; x_wconf 88' lang='lat' dir='ltr'><strong>esse</strong></span> <span class='ocrx_word' id='word_1_305' title='bbox 1021 2831 1291 2883; x_wconf 84' lang='lat' dir='ltr'><strong>sitientem</strong></span> <span class='ocrx_word' id='word_1_306' title='bbox 1337 2831 1511 2884; x_wconf 76' lang='lat' dir='ltr'><strong>fateor</strong></span> <span class='ocrx_word' id='word_1_307' title='bbox 1540 2831 1643 2885; x_wconf 89' lang='lat' dir='ltr'><strong>hoc</strong></span> <span class='ocrx_word' id='word_1_308' title='bbox 1683 2832 1822 2885; x_wconf 89' lang='lat' dir='ltr'><strong>idem</strong></span> <span class='ocrx_word' id='word_1_309' title='bbox 1854 2829 2032 2884; x_wconf 87' lang='lat' dir='ltr'><strong>facere</strong></span> 
     </span>
    </p>
   </div>
   <div class='ocr_carea' id='block_1_45' title="bbox 451 2919 2030 2992">
    <p class='ocr_par' dir='ltr' id='par_1_45' title="bbox 451 2919 2030 2992">
     <span class='ocr_line' id='line_1_45' title="bbox 451 2919 2030 2992; baseline 0 -12"><span class='ocrx_word' id='word_1_310' title='bbox 451 2927 496 2980; x_wconf 89' lang='lat' dir='ltr'><strong>si</strong></span> <span class='ocrx_word' id='word_1_311' title='bbox 549 2931 782 2978; x_wconf 88' lang='lat' dir='ltr'><strong>vacaret.</strong></span> <span class='ocrx_word' id='word_1_312' title='bbox 836 2921 960 2990; x_wconf 86' lang='lat' dir='ltr'><strong>Legi</strong></span> <span class='ocrx_word' id='word_1_313' title='bbox 1011 2922 1202 2974; x_wconf 91' lang='lat' dir='ltr'><strong>librum</strong></span> <span class='ocrx_word' id='word_1_314' title='bbox 1255 2931 1405 2976; x_wconf 84' lang='lat' dir='ltr'><strong>tuum</strong></span> <span class='ocrx_word' id='word_1_315' title='bbox 1465 2919 1737 2977; x_wconf 80' lang='lat' dir='ltr'><strong>Pastorale</strong></span> <span class='ocrx_word' id='word_1_316' title='bbox 1793 2926 2030 2992; x_wconf 84' lang='lat' dir='ltr'><strong>regimen</strong></span> 
     </span>
    </p>
   </div>
   <div class='ocr_carea' id='block_1_46' title="bbox 449 3014 2030 3087">
    <p class='ocr_par' dir='ltr' id='par_1_46' title="bbox 449 3014 2030 3087">
     <span class='ocr_line' id='line_1_46' title="bbox 449 3014 2030 3087; baseline -0.001 -14"><span class='ocrx_word' id='word_1_317' title='bbox 449 3015 819 3073; x_wconf 91' lang='lat' dir='ltr'><strong>continentem</strong></span> <span class='ocrx_word' id='word_1_318' title='bbox 835 3017 975 3084; x_wconf 82' lang='lat' dir='ltr'><strong>stylo</strong></span> <span class='ocrx_word' id='word_1_319' title='bbox 994 3015 1233 3080; x_wconf 82' lang='lat' dir='ltr'><strong>brevem,</strong></span> <span class='ocrx_word' id='word_1_320' title='bbox 1253 3014 1496 3068; x_wconf 90' lang='lat' dir='ltr'><strong>doctrina</strong></span> <span class='ocrx_word' id='word_1_321' title='bbox 1518 3015 1803 3084; x_wconf 83' lang='lat' dir='ltr'><strong>prolixum,</strong></span> <span class='ocrx_word' id='word_1_322' title='bbox 1828 3024 2030 3087; x_wconf 62' lang='lat' dir='ltr'><strong>mystev</strong></span> 
     </span>
    </p>
   </div>
   <div class='ocr_carea' id='block_1_47' title="bbox 451 3103 2026 3175">
    <p class='ocr_par' dir='ltr' id='par_1_47' title="bbox 451 3103 2026 3175">
     <span class='ocr_line' id='line_1_47' title="bbox 451 3103 2026 3175; baseline 0.001 -15"><span class='ocrx_word' id='word_1_323' title='bbox 451 3105 543 3160; x_wconf 86' lang='lat' dir='ltr'><strong>tiis</strong></span> <span class='ocrx_word' id='word_1_324' title='bbox 584 3104 857 3173; x_wconf 85' lang='lat' dir='ltr'><strong>refertum,</strong></span> <span class='ocrx_word' id='word_1_325' title='bbox 880 3103 1037 3158; x_wconf 88' lang='lat' dir='ltr'><strong>melle</strong></span> <span class='ocrx_word' id='word_1_326' title='bbox 1077 3103 1280 3158; x_wconf 91' lang='lat' dir='ltr'><strong>dulcius</strong></span> <span class='ocrx_word' id='word_1_327' title='bbox 1308 3105 1487 3172; x_wconf 78' lang='lat' dir='ltr'><strong>egenti</strong></span> <span class='ocrx_word' id='word_1_328' title='bbox 1527 3121 1660 3175; x_wconf 88' lang='lat' dir='ltr'><strong>opus</strong></span> <span class='ocrx_word' id='word_1_329' title='bbox 1683 3120 1802 3160; x_wconf 89' lang='lat' dir='ltr'><strong>esse</strong></span> <span class='ocrx_word' id='word_1_330' title='bbox 1824 3105 2026 3173; x_wconf 88' lang='lat' dir='ltr'><strong>fateor;</strong></span> 
     </span>
    </p>
   </div>
   <div class='ocr_carea' id='block_1_48' title="bbox 2131 1921 3718 1990">
    <p class='ocr_par' dir='ltr' id='par_1_48' title="bbox 2131 1921 3718 1990">
     <span class='ocr_line' id='line_1_48' title="bbox 2131 1921 3718 1990; baseline 0.009 -21"><span class='ocrx_word' id='word_1_331' title='bbox 2131 1933 2274 1972; x_wconf 82' lang='lat' dir='ltr'><strong>anno</strong></span> <span class='ocrx_word' id='word_1_332' title='bbox 2306 1934 2403 1987; x_wconf 91' lang='lat' dir='ltr'><strong>pro</strong></span> <span class='ocrx_word' id='word_1_333' title='bbox 2453 1921 2790 1976; x_wconf 84' lang='lat' dir='ltr'><strong>tumultuosis</strong></span> <span class='ocrx_word' id='word_1_334' title='bbox 2818 1923 2978 1990; x_wconf 59' lang='lat' dir='ltr'><strong>huius</strong></span> <span class='ocrx_word' id='word_1_335' title='bbox 3003 1925 3100 1977; x_wconf 68' lang='lat' dir='ltr'><strong>aevi</strong></span> <span class='ocrx_word' id='word_1_336' title='bbox 3130 1925 3552 1982; x_wconf 80' lang='lat' dir='ltr'><strong>dissensionibus</strong></span> <span class='ocrx_word' id='word_1_337' title='bbox 3581 1943 3718 1983; x_wconf 84' lang='lat' dir='ltr'><strong>sem-</strong></span> 
     </span>
    </p>
   </div>
   <div class='ocr_carea' id='block_1_49' title="bbox 2130 2008 3717 2088">
    <p class='ocr_par' dir='ltr' id='par_1_49' title="bbox 2130 2008 3717 2088">
     <span class='ocr_line' id='line_1_49' title="bbox 2130 2008 3717 2088; baseline 0.009 -26"><span class='ocrx_word' id='word_1_338' title='bbox 2130 2023 2227 2077; x_wconf 89' lang='lat' dir='ltr'><strong>per</strong></span> <span class='ocrx_word' id='word_1_339' title='bbox 2252 2008 2330 2062; x_wconf 88' lang='lat' dir='ltr'><strong>sic</strong></span> <span class='ocrx_word' id='word_1_340' title='bbox 2371 2025 2586 2065; x_wconf 88' lang='lat' dir='ltr'><strong>scrvare</strong></span> <span class='ocrx_word' id='word_1_341' title='bbox 2627 2027 2723 2087; x_wconf 82' lang='lat' dir='ltr'><strong>vos</strong></span> <span class='ocrx_word' id='word_1_342' title='bbox 2762 2028 2870 2067; x_wconf 89' lang='lat' dir='ltr'><strong>non</strong></span> <span class='ocrx_word' id='word_1_343' title='bbox 2907 2020 3080 2078; x_wconf 78' lang='lat' dir='ltr'><strong>vacat,</strong></span> <span class='ocrx_word' id='word_1_344' title='bbox 3112 2016 3196 2069; x_wconf 87' lang='lat' dir='ltr'><strong>vel</strong></span> <span class='ocrx_word' id='word_1_345' title='bbox 3241 2032 3402 2088; x_wconf 86' lang='lat' dir='ltr'><strong>quam</strong></span> <span class='ocrx_word' id='word_1_346' title='bbox 3430 2019 3717 2077; x_wconf 81' lang='lat' dir='ltr'><strong>celerrime</strong></span> 
     </span>
    </p>
   </div>
   <div class='ocr_carea' id='block_1_50' title="bbox 2129 2097 3719 2170">
    <p class='ocr_par' dir='ltr' id='par_1_50' title="bbox 2129 2097 3719 2170">
     <span class='ocr_line' id='line_1_50' title="bbox 2129 2097 3719 2170; baseline 0.011 -20"><span class='ocrx_word' id='word_1_347' title='bbox 2129 2097 2374 2166; x_wconf 89' lang='lat' dir='ltr'><strong>quamvis</strong></span> <span class='ocrx_word' id='word_1_348' title='bbox 2425 2102 2597 2155; x_wconf 87' lang='lat' dir='ltr'><strong>rarius</strong></span> <span class='ocrx_word' id='word_1_349' title='bbox 2641 2101 2974 2170; x_wconf 88' lang='lat' dir='ltr'><strong>potissimum</strong></span> <span class='ocrx_word' id='word_1_350' title='bbox 3005 2107 3108 2163; x_wconf 90' lang='lat' dir='ltr'><strong>hoc</strong></span> <span class='ocrx_word' id='word_1_351' title='bbox 3137 2106 3493 2164; x_wconf 82' lang='lat' dir='ltr'><strong>debuitvobis</strong></span> <span class='ocrx_word' id='word_1_352' title='bbox 3539 2109 3719 2168; x_wconf 84' lang='lat' dir='ltr'><strong>inesse</strong></span> 
     </span>
    </p>
   </div>
   <div class='ocr_carea' id='block_1_51' title="bbox 2132 2191 3715 2272">
    <p class='ocr_par' dir='ltr' id='par_1_51' title="bbox 2132 2191 3715 2272">
     <span class='ocr_line' id='line_1_51' title="bbox 2132 2191 3715 2272; baseline 0.008 -27"><span class='ocrx_word' id='word_1_353' title='bbox 2132 2191 2391 2258; x_wconf 84' lang='lat' dir='ltr'><strong>studium,</strong></span> <span class='ocrx_word' id='word_1_354' title='bbox 2411 2208 2517 2262; x_wconf 92' lang='lat' dir='ltr'><strong>quo</strong></span> <span class='ocrx_word' id='word_1_355' title='bbox 2541 2196 2891 2264; x_wconf 79' lang='lat' dir='ltr'><strong>negligentes,</strong></span> <span class='ocrx_word' id='word_1_356' title='bbox 2923 2201 3120 2272; x_wconf 83' lang='lat' dir='ltr'><strong>quique</strong></span> <span class='ocrx_word' id='word_1_357' title='bbox 3150 2203 3397 2258; x_wconf 90' lang='lat' dir='ltr'><strong>timorem</strong></span> <span class='ocrx_word' id='word_1_358' title='bbox 3430 2202 3715 2267; x_wconf 85' lang='lat' dir='ltr'><strong>haberent,</strong></span> 
     </span>
    </p>
   </div>
   <div class='ocr_carea' id='block_1_52' title="bbox 2133 2286 3715 2363">
    <p class='ocr_par' dir='ltr' id='par_1_52' title="bbox 2133 2286 3715 2363">
     <span class='ocr_line' id='line_1_52' title="bbox 2133 2286 3715 2363; baseline 0.005 -24"><span class='ocrx_word' id='word_1_359' title='bbox 2133 2295 2189 2339; x_wconf 91' lang='lat' dir='ltr'><strong>et</strong></span> <span class='ocrx_word' id='word_1_360' title='bbox 2234 2286 2461 2341; x_wconf 84' lang='lat' dir='ltr'><strong>studiosi</strong></span> <span class='ocrx_word' id='word_1_361' title='bbox 2511 2288 2578 2341; x_wconf 91' lang='lat' dir='ltr'><strong>ad</strong></span> <span class='ocrx_word' id='word_1_362' title='bbox 2625 2289 2885 2358; x_wconf 85' lang='lat' dir='ltr'><strong>majorem</strong></span> <span class='ocrx_word' id='word_1_363' title='bbox 2934 2305 3356 2362; x_wconf 86' lang='lat' dir='ltr'><strong>provocarentur</strong></span> <span class='ocrx_word' id='word_1_364' title='bbox 3393 2294 3715 2363; x_wconf 64' lang='lat' dir='ltr'><strong>profectum.</strong></span> 
     </span>
    </p>
   </div>
   <div class='ocr_carea' id='block_1_53' title="bbox 2134 2373 3720 2450">
    <p class='ocr_par' dir='ltr' id='par_1_53' title="bbox 2134 2373 3720 2450">
     <span class='ocr_line' id='line_1_53' title="bbox 2134 2373 3720 2450; baseline 0.006 -23"><span class='ocrx_word' id='word_1_365' title='bbox 2134 2373 2272 2428; x_wconf 82' lang='lat' dir='ltr'><strong>Ecce</strong></span> <span class='ocrx_word' id='word_1_366' title='bbox 2319 2378 2554 2444; x_wconf 88' lang='lat' dir='ltr'><strong>inquam,</strong></span> <span class='ocrx_word' id='word_1_367' title='bbox 2585 2376 2695 2431; x_wconf 86' lang='lat' dir='ltr'><strong>Deo</strong></span> <span class='ocrx_word' id='word_1_368' title='bbox 2724 2381 2915 2445; x_wconf 86' lang='lat' dir='ltr'><strong>gratia,</strong></span> <span class='ocrx_word' id='word_1_369' title='bbox 2946 2383 3093 2449; x_wconf 84' lang='lat' dir='ltr'><strong>quod</strong></span> <span class='ocrx_word' id='word_1_370' title='bbox 3129 2381 3211 2434; x_wconf 86' lang='lat' dir='ltr'><strong>vel</strong></span> <span class='ocrx_word' id='word_1_371' title='bbox 3255 2397 3351 2450; x_wconf 91' lang='lat' dir='ltr'><strong>pro</strong></span> <span class='ocrx_word' id='word_1_372' title='bbox 3381 2396 3467 2436; x_wconf 88' lang='lat' dir='ltr'><strong>me</strong></span> <span class='ocrx_word' id='word_1_373' title='bbox 3496 2382 3564 2436; x_wconf 92' lang='lat' dir='ltr'><strong>de</strong></span> <span class='ocrx_word' id='word_1_374' title='bbox 3590 2381 3720 2437; x_wconf 78' lang='lat' dir='ltr'><strong>Pas-</strong></span> 
     </span>
    </p>
   </div>
   <div class='ocr_carea' id='block_1_54' title="bbox 2132 2465 3721 2528">
    <p class='ocr_par' dir='ltr' id='par_1_54' title="bbox 2132 2465 3721 2528">
     <span class='ocr_line' id='line_1_54' title="bbox 2132 2465 3721 2528; baseline 0.006 -10"><span class='ocrx_word' id='word_1_375' title='bbox 2132 2466 2292 2518; x_wconf 80' lang='lat' dir='ltr'><strong>ebate</strong></span> <span class='ocrx_word' id='word_1_376' title='bbox 2330 2465 2666 2520; x_wconf 68' lang='lat' dir='ltr'><strong>discutienda</strong></span> <span class='ocrx_word' id='word_1_377' title='bbox 2713 2471 2930 2523; x_wconf 86' lang='lat' dir='ltr'><strong>occasio</strong></span> <span class='ocrx_word' id='word_1_378' title='bbox 2980 2471 3130 2525; x_wconf 85' lang='lat' dir='ltr'><strong>vobis</strong></span> <span class='ocrx_word' id='word_1_379' title='bbox 3171 2481 3355 2527; x_wconf 83' lang='lat' dir='ltr'><strong>sancta</strong></span> <span class='ocrx_word' id='word_1_380' title='bbox 3398 2470 3589 2527; x_wconf 72' lang='lat' dir='ltr'><strong>effecta</strong></span> <span class='ocrx_word' id='word_1_381' title='bbox 3636 2485 3721 2528; x_wconf 85' lang='lat' dir='ltr'><strong>cst</strong></span> 
     </span>
    </p>
   </div>
   <div class='ocr_carea' id='block_1_55' title="bbox 2133 2556 3720 2638">
    <p class='ocr_par' dir='ltr' id='par_1_55' title="bbox 2133 2556 3720 2638">
     <span class='ocr_line' id='line_1_55' title="bbox 2133 2556 3720 2638; baseline 0.009 -30"><span class='ocrx_word' id='word_1_382' title='bbox 2133 2556 2386 2627; x_wconf 83' lang='lat' dir='ltr'><strong>synodus.</strong></span> <span class='ocrx_word' id='word_1_383' title='bbox 2427 2556 2680 2614; x_wconf 87' lang='lat' dir='ltr'><strong>Dominus</strong></span> <span class='ocrx_word' id='word_1_384' title='bbox 2722 2570 2905 2616; x_wconf 83' lang='lat' dir='ltr'><strong>noster</strong></span> <span class='ocrx_word' id='word_1_385' title='bbox 2931 2561 3085 2618; x_wconf 81' lang='lat' dir='ltr'><strong>Jesus</strong></span> <span class='ocrx_word' id='word_1_386' title='bbox 3127 2564 3392 2632; x_wconf 86' lang='lat' dir='ltr'><strong>Christus,</strong></span> <span class='ocrx_word' id='word_1_387' title='bbox 3442 2567 3531 2622; x_wconf 88' lang='lat' dir='ltr'><strong>ille</strong></span> <span class='ocrx_word' id='word_1_388' title='bbox 3571 2569 3720 2638; x_wconf 46' lang='lat' dir='ltr'><strong>prin-</strong></span> 
     </span>
    </p>
   </div>
   <div class='ocr_carea' id='block_1_56' title="bbox 2134 2651 3718 2719">
    <p class='ocr_par' dir='ltr' id='par_1_56' title="bbox 2134 2651 3718 2719">
     <span class='ocr_line' id='line_1_56' title="bbox 2134 2651 3718 2719; baseline 0.009 -18"><span class='ocrx_word' id='word_1_389' title='bbox 2134 2663 2260 2717; x_wconf 83' lang='lat' dir='ltr'><strong>ceps</strong></span> <span class='ocrx_word' id='word_1_390' title='bbox 2282 2658 2554 2718; x_wconf 87' lang='lat' dir='ltr'><strong>pastorum</strong></span> <span class='ocrx_word' id='word_1_391' title='bbox 2585 2660 2820 2719; x_wconf 57' lang='lat' dir='ltr'><strong>prantet,</strong></span> <span class='ocrx_word' id='word_1_392' title='bbox 2852 2662 2908 2707; x_wconf 89' lang='lat' dir='ltr'><strong>ut</strong></span> <span class='ocrx_word' id='word_1_393' title='bbox 2933 2651 2996 2709; x_wconf 80' lang='lat' dir='ltr'><strong>ad</strong></span> <span class='ocrx_word' id='word_1_394' title='bbox 3023 2672 3133 2710; x_wconf 71' lang='lat' dir='ltr'><strong>sum</strong></span> <span class='ocrx_word' id='word_1_395' title='bbox 3156 2655 3408 2712; x_wconf 75' lang='lat' dir='ltr'><strong>Ecclesia:</strong></span> <span class='ocrx_word' id='word_1_396' title='bbox 3433 2659 3718 2714; x_wconf 87' lang='lat' dir='ltr'><strong>utilitatem</strong></span> 
     </span>
    </p>
   </div>
   <div class='ocr_carea' id='block_1_57' title="bbox 2135 2741 3722 2820">
    <p class='ocr_par' dir='ltr' id='par_1_57' title="bbox 2135 2741 3722 2820">
     <span class='ocr_line' id='line_1_57' title="bbox 2135 2741 3722 2820; baseline 0.007 -27"><span class='ocrx_word' id='word_1_397' title='bbox 2135 2750 2372 2794; x_wconf 75' lang='lat' dir='ltr'><strong>vestrum</strong></span> <span class='ocrx_word' id='word_1_398' title='bbox 2407 2741 2576 2807; x_wconf 88' lang='lat' dir='ltr'><strong>prosit</strong></span> <span class='ocrx_word' id='word_1_399' title='bbox 2625 2745 2942 2813; x_wconf 89' lang='lat' dir='ltr'><strong>consilium;</strong></span> <span class='ocrx_word' id='word_1_400' title='bbox 2987 2757 3041 2801; x_wconf 89' lang='lat' dir='ltr'><strong>et</strong></span> <span class='ocrx_word' id='word_1_401' title='bbox 3089 2749 3200 2817; x_wconf 85' lang='lat' dir='ltr'><strong>ipse</strong></span> <span class='ocrx_word' id='word_1_402' title='bbox 3231 2747 3390 2815; x_wconf 83' lang='lat' dir='ltr'><strong>Deus,</strong></span> <span class='ocrx_word' id='word_1_403' title='bbox 3437 2750 3526 2820; x_wconf 90' lang='lat' dir='ltr'><strong>qui</strong></span> <span class='ocrx_word' id='word_1_404' title='bbox 3575 2758 3722 2805; x_wconf 85' lang='lat' dir='ltr'><strong>stare</strong></span> 
     </span>
    </p>
   </div>
   <div class='ocr_carea' id='block_1_58' title="bbox 2134 2830 3720 2910">
    <p class='ocr_par' dir='ltr' id='par_1_58' title="bbox 2134 2830 3720 2910">
     <span class='ocr_line' id='line_1_58' title="bbox 2134 2830 3720 2910; baseline 0.006 -26"><span class='ocrx_word' id='word_1_405' title='bbox 2134 2830 2273 2884; x_wconf 81' lang='lat' dir='ltr'><strong>solet</strong></span> <span class='ocrx_word' id='word_1_406' title='bbox 2323 2831 2374 2883; x_wconf 83' lang='lat' dir='ltr'><strong>in</strong></span> <span class='ocrx_word' id='word_1_407' title='bbox 2403 2848 2666 2901; x_wconf 77' lang='lat' dir='ltr'><strong>synagoga</strong></span> <span class='ocrx_word' id='word_1_408' title='bbox 2719 2834 2931 2887; x_wconf 83' lang='lat' dir='ltr'><strong>deorum</strong></span> <span class='ocrx_word' id='word_1_409' title='bbox 2985 2835 3203 2906; x_wconf 79' lang='lat' dir='ltr'><strong>(Psalm.</strong></span> <span class='ocrx_word' id='word_1_410' title='bbox 3243 2853 3425 2901; x_wconf 72' lang='lat' dir='ltr'><strong>unt,</strong></span> <span class='ocrx_word' id='word_1_411' title='bbox 3457 2839 3533 2906; x_wconf 76' lang='grc'><strong>1),</strong></span> <span class='ocrx_word' id='word_1_412' title='bbox 3587 2853 3720 2910; x_wconf 67' lang='grc' dir='ltr'><strong>ρη-</strong></span> 
     </span>
    </p>
   </div>
   <div class='ocr_carea' id='block_1_59' title="bbox 2135 2923 3722 2998">
    <p class='ocr_par' dir='ltr' id='par_1_59' title="bbox 2135 2923 3722 2998">
     <span class='ocr_line' id='line_1_59' title="bbox 2135 2923 3722 2998; baseline 0.005 -21"><span class='ocrx_word' id='word_1_413' title='bbox 2135 2938 2262 2977; x_wconf 86' lang='lat' dir='ltr'><strong>scns</strong></span> <span class='ocrx_word' id='word_1_414' title='bbox 2290 2923 2512 2991; x_wconf 90' lang='lat' dir='ltr'><strong>inspiret</strong></span> <span class='ocrx_word' id='word_1_415' title='bbox 2540 2923 2703 2976; x_wconf 87' lang='lat' dir='ltr'><strong>corda</strong></span> <span class='ocrx_word' id='word_1_416' title='bbox 2746 2940 2992 2991; x_wconf 81' lang='lat' dir='ltr'><strong>suorum,</strong></span> <span class='ocrx_word' id='word_1_417' title='bbox 3024 2928 3086 2981; x_wconf 86' lang='lat' dir='ltr'><strong>ad</strong></span> <span class='ocrx_word' id='word_1_418' title='bbox 3116 2942 3274 2988; x_wconf 87' lang='lat' dir='ltr'><strong>suam</strong></span> <span class='ocrx_word' id='word_1_419' title='bbox 3293 2943 3358 2983; x_wconf 83' lang='lat' dir='ltr'><strong>cx</strong></span> <span class='ocrx_word' id='word_1_420' title='bbox 3390 2930 3601 2998; x_wconf 82' lang='lat' dir='ltr'><strong>integro</strong></span> <span class='ocrx_word' id='word_1_421' title='bbox 3631 2945 3722 2986; x_wconf 85' lang='lat' dir='ltr'><strong>vo-</strong></span> 
     </span>
    </p>
   </div>
   <div class='ocr_carea' id='block_1_60' title="bbox 2134 3012 3722 3084">
    <p class='ocr_par' dir='ltr' id='par_1_60' title="bbox 2134 3012 3722 3084">
     <span class='ocr_line' id='line_1_60' title="bbox 2134 3012 3722 3084; baseline 0.006 -18"><span class='ocrx_word' id='word_1_422' title='bbox 2134 3012 2392 3066; x_wconf 86' lang='lat' dir='ltr'><strong>luntatem</strong></span> <span class='ocrx_word' id='word_1_423' title='bbox 2415 3014 2742 3081; x_wconf 74' lang='lat' dir='ltr'><strong>sequenJam</strong></span> <span class='ocrx_word' id='word_1_424' title='bbox 2770 3030 2834 3068; x_wconf 77' lang='lat' dir='ltr'><strong>ex</strong></span> <span class='ocrx_word' id='word_1_425' title='bbox 2861 3015 3056 3071; x_wconf 83' lang='lat' dir='ltr'><strong>virtute</strong></span> <span class='ocrx_word' id='word_1_426' title='bbox 3087 3017 3490 3084; x_wconf 86' lang='lat' dir='ltr'><strong>mandatorum;</strong></span> <span class='ocrx_word' id='word_1_427' title='bbox 3525 3026 3582 3072; x_wconf 81' lang='lat' dir='ltr'><strong>ut</strong></span> <span class='ocrx_word' id='word_1_428' title='bbox 3614 3035 3722 3075; x_wconf 82' lang='lat' dir='ltr'><strong>non</strong></span> 
     </span>
    </p>
   </div>
   <div class='ocr_carea' id='block_1_61' title="bbox 2135 3100 3718 3176">
    <p class='ocr_par' dir='ltr' id='par_1_61' title="bbox 2135 3100 3718 3176">
     <span class='ocr_line' id='line_1_61' title="bbox 2135 3100 3718 3176; baseline 0.006 -20"><span class='ocrx_word' id='word_1_429' title='bbox 2135 3101 2202 3156; x_wconf 87' lang='lat' dir='ltr'><strong>de</strong></span> <span class='ocrx_word' id='word_1_430' title='bbox 2242 3102 2358 3156; x_wconf 89' lang='lat' dir='ltr'><strong>solo</strong></span> <span class='ocrx_word' id='word_1_431' title='bbox 2390 3100 2606 3156; x_wconf 72' lang='lat' dir='ltr'><strong>Pascha:</strong></span> <span class='ocrx_word' id='word_1_432' title='bbox 2656 3105 2872 3171; x_wconf 84' lang='lat' dir='ltr'><strong>negotio</strong></span> <span class='ocrx_word' id='word_1_433' title='bbox 2905 3106 3068 3174; x_wconf 88' lang='lat' dir='ltr'><strong>(quod</strong></span> <span class='ocrx_word' id='word_1_434' title='bbox 3107 3107 3216 3176; x_wconf 86' lang='lat' dir='ltr'><strong>jam</strong></span> <span class='ocrx_word' id='word_1_435' title='bbox 3261 3107 3350 3164; x_wconf 91' lang='lat' dir='ltr'><strong>diu</strong></span> <span class='ocrx_word' id='word_1_436' title='bbox 3376 3111 3718 3174; x_wconf 82' lang='lat' dir='ltr'><strong>ventilatum,</strong></span> 
     </span>
    </p>
   </div>
   <div class='ocr_carea' id='block_1_62' title="bbox 450 3193 3722 3269">
    <p class='ocr_par' dir='ltr' id='par_1_62' title="bbox 450 3193 3722 3269">
     <span class='ocr_line' id='line_1_62' title="bbox 450 3193 3722 3269; baseline 0.001 -20"><span class='ocrx_word' id='word_1_437' title='bbox 450 3195 579 3250; x_wconf 88' lang='lat' dir='ltr'><strong>miln</strong></span> <span class='ocrx_word' id='word_1_438' title='bbox 629 3193 829 3248; x_wconf 87' lang='lat' dir='ltr'><strong>idcirco</strong></span> <span class='ocrx_word' id='word_1_439' title='bbox 878 3201 968 3246; x_wconf 89' lang='lat' dir='ltr'><strong>tua</strong></span> <span class='ocrx_word' id='word_1_440' title='bbox 1018 3193 1220 3248; x_wconf 87' lang='lat' dir='ltr'><strong>sitienti</strong></span> <span class='ocrx_word' id='word_1_441' title='bbox 1271 3193 1485 3263; x_wconf 85' lang='lat' dir='ltr'><strong>largire,</strong></span> <span class='ocrx_word' id='word_1_442' title='bbox 1537 3209 1733 3264; x_wconf 89' lang='lat' dir='ltr'><strong>precor</strong></span> <span class='ocrx_word' id='word_1_443' title='bbox 1775 3197 2030 3264; x_wconf 87' lang='lat' dir='ltr'><strong>opuscula</strong></span> <span class='ocrx_word' id='word_1_444' title='bbox 2063 3199 2107 3260; x_wconf 85' lang='lat' dir='ltr'><strong>C</strong></span> <span class='ocrx_word' id='word_1_445' title='bbox 2138 3206 2201 3245; x_wconf 78' lang='lat' dir='ltr'><strong>ac</strong></span> <span class='ocrx_word' id='word_1_446' title='bbox 2239 3193 2328 3244; x_wconf 73' lang='lat' dir='ltr'><strong>diu</strong></span> <span class='ocrx_word' id='word_1_447' title='bbox 2380 3193 2525 3246; x_wconf 76' lang='lat' dir='ltr'><strong>varie</strong></span> <span class='ocrx_word' id='word_1_448' title='bbox 2565 3209 2593 3245; x_wconf 86' lang='lat' dir='ltr'><strong>a</strong></span> <span class='ocrx_word' id='word_1_449' title='bbox 2638 3194 2862 3249; x_wconf 61' lang='lat' dir='ltr'><strong>diversis</strong></span> <span class='ocrx_word' id='word_1_450' title='bbox 2907 3198 3217 3252; x_wconf 85' lang='lat' dir='ltr'><strong>auctoribus</strong></span> <span class='ocrx_word' id='word_1_451' title='bbox 3264 3199 3567 3266; x_wconf 83' lang='lat' dir='ltr'><strong>juJicatum</strong></span> <span class='ocrx_word' id='word_1_452' title='bbox 3616 3203 3722 3269; x_wconf 67' lang='lat' dir='ltr'><strong>est}</strong></span> 
     </span>
    </p>
   </div>
   <div class='ocr_carea' id='block_1_63' title="bbox 449 3283 2021 3355">
    <p class='ocr_par' dir='ltr' id='par_1_63' title="bbox 449 3283 2021 3355">
     <span class='ocr_line' id='line_1_63' title="bbox 449 3283 2021 3355; baseline 0.002 -16"><span class='ocrx_word' id='word_1_453' title='bbox 449 3301 567 3355; x_wconf 76' lang='lat' dir='ltr'><strong>qua:</strong></span> <span class='ocrx_word' id='word_1_454' title='bbox 605 3284 660 3338; x_wconf 88' lang='lat' dir='ltr'><strong>in</strong></span> <span class='ocrx_word' id='word_1_455' title='bbox 690 3283 1028 3339; x_wconf 83' lang='lat' dir='ltr'><strong>Ezechielem</strong></span> <span class='ocrx_word' id='word_1_456' title='bbox 1069 3284 1229 3352; x_wconf 89' lang='lat' dir='ltr'><strong>miro,</strong></span> <span class='ocrx_word' id='word_1_457' title='bbox 1273 3293 1331 3339; x_wconf 92' lang='lat' dir='ltr'><strong>ut</strong></span> <span class='ocrx_word' id='word_1_458' title='bbox 1373 3285 1570 3348; x_wconf 89' lang='lat' dir='ltr'><strong>audivi,</strong></span> <span class='ocrx_word' id='word_1_459' title='bbox 1616 3288 1899 3343; x_wconf 88' lang='lat' dir='ltr'><strong>elaborasti</strong></span> <span class='ocrx_word' id='word_1_460' title='bbox 1938 3289 2021 3342; x_wconf 86' lang='lat' dir='ltr'><strong>in-</strong></span> 
     </span>
    </p>
   </div>
   <div class='ocr_carea' id='block_1_64' title="bbox 450 3372 2033 3445">
    <p class='ocr_par' dir='ltr' id='par_1_64' title="bbox 450 3372 2033 3445">
     <span class='ocr_line' id='line_1_64' title="bbox 450 3372 2033 3445; baseline 0.004 -17"><span class='ocrx_word' id='word_1_461' title='bbox 450 3376 626 3444; x_wconf 86' lang='lat' dir='ltr'><strong>genio.</strong></span> <span class='ocrx_word' id='word_1_462' title='bbox 658 3372 786 3440; x_wconf 86' lang='lat' dir='ltr'><strong>Legi</strong></span> <span class='ocrx_word' id='word_1_463' title='bbox 819 3372 1129 3445; x_wconf 81' lang='lat' dir='ltr'><strong>Hieronymi</strong></span> <span class='ocrx_word' id='word_1_464' title='bbox 1159 3391 1252 3430; x_wconf 80' lang='lat' dir='ltr'><strong>sex</strong></span> <span class='ocrx_word' id='word_1_465' title='bbox 1285 3376 1336 3429; x_wconf 93' lang='lat' dir='ltr'><strong>in</strong></span> <span class='ocrx_word' id='word_1_466' title='bbox 1383 3376 1530 3430; x_wconf 91' lang='lat' dir='ltr'><strong>illum</strong></span> <span class='ocrx_word' id='word_1_467' title='bbox 1570 3377 1764 3443; x_wconf 90' lang='lat' dir='ltr'><strong>libros;</strong></span> <span class='ocrx_word' id='word_1_468' title='bbox 1805 3378 1901 3434; x_wconf 89' lang='lat' dir='ltr'><strong>sed</strong></span> <span class='ocrx_word' id='word_1_469' title='bbox 1934 3394 2033 3435; x_wconf 91' lang='lat' dir='ltr'><strong>nec</strong></span> 
     </span>
    </p>
   </div>
   <div class='ocr_carea' id='block_1_65' title="bbox 452 3465 2032 3538">
    <p class='ocr_par' dir='ltr' id='par_1_65' title="bbox 452 3465 2032 3538">
     <span class='ocr_line' id='line_1_65' title="bbox 452 3465 2032 3538; baseline 0.004 -18"><span class='ocrx_word' id='word_1_470' title='bbox 452 3465 686 3521; x_wconf 86' lang='lat' dir='ltr'><strong>medium</strong></span> <span class='ocrx_word' id='word_1_471' title='bbox 702 3467 970 3536; x_wconf 84' lang='lat' dir='ltr'><strong>exposuit.</strong></span> <span class='ocrx_word' id='word_1_472' title='bbox 994 3466 1120 3531; x_wconf 89' lang='lat' dir='ltr'><strong>Sed,</strong></span> <span class='ocrx_word' id='word_1_473' title='bbox 1137 3467 1183 3521; x_wconf 87' lang='lat' dir='ltr'><strong>si</strong></span> <span class='ocrx_word' id='word_1_474' title='bbox 1205 3469 1460 3536; x_wconf 86' lang='lat' dir='ltr'><strong>dignaris,</strong></span> <span class='ocrx_word' id='word_1_475' title='bbox 1483 3470 1657 3538; x_wconf 89' lang='lat' dir='ltr'><strong>aliqua</strong></span> <span class='ocrx_word' id='word_1_476' title='bbox 1685 3471 1838 3524; x_wconf 91' lang='lat' dir='ltr'><strong>nobis</strong></span> <span class='ocrx_word' id='word_1_477' title='bbox 1851 3473 1915 3526; x_wconf 90' lang='lat' dir='ltr'><strong>de</strong></span> <span class='ocrx_word' id='word_1_478' title='bbox 1931 3474 2032 3528; x_wconf 78' lang='lat' dir='ltr'><strong>tuis</strong></span> 
     </span>
    </p>
   </div>
   <div class='ocr_carea' id='block_1_66' title="bbox 451 3554 2033 3624">
    <p class='ocr_par' dir='ltr' id='par_1_66' title="bbox 451 3554 2033 3624">
     <span class='ocr_line' id='line_1_66' title="bbox 451 3554 2033 3624; baseline 0.004 -14"><span class='ocrx_word' id='word_1_479' title='bbox 451 3561 753 3615; x_wconf 81' lang='lat' dir='ltr'><strong>transmitte</strong></span> <span class='ocrx_word' id='word_1_480' title='bbox 801 3558 1017 3614; x_wconf 84' lang='lat' dir='ltr'><strong>reiectis</strong></span> <span class='ocrx_word' id='word_1_481' title='bbox 1067 3560 1120 3612; x_wconf 90' lang='lat' dir='ltr'><strong>in</strong></span> <span class='ocrx_word' id='word_1_482' title='bbox 1175 3560 1481 3624; x_wconf 81' lang='lat' dir='ltr'><strong>civitatem,</strong></span> <span class='ocrx_word' id='word_1_483' title='bbox 1536 3573 1778 3616; x_wconf 83' lang='lat' dir='ltr'><strong>extrema</strong></span> <span class='ocrx_word' id='word_1_484' title='bbox 1831 3554 2033 3618; x_wconf 75' lang='lat' dir='ltr'><strong>scilicet</strong></span> 
     </span>
    </p>
   </div>
   <div class='ocr_carea' id='block_1_67' title="bbox 451 3650 2032 3720">
    <p class='ocr_par' dir='ltr' id='par_1_67' title="bbox 451 3650 2032 3720">
     <span class='ocr_line' id='line_1_67' title="bbox 451 3650 2032 3720; baseline 0.004 -17"><span class='ocrx_word' id='word_1_485' title='bbox 451 3650 568 3703; x_wconf 91' lang='lat' dir='ltr'><strong>libri</strong></span> <span class='ocrx_word' id='word_1_486' title='bbox 606 3651 851 3720; x_wconf 79' lang='lat' dir='ltr'><strong>exposita</strong></span> <span class='ocrx_word' id='word_1_487' title='bbox 890 3652 1212 3717; x_wconf 87' lang='lat' dir='ltr'><strong>transmitte,</strong></span> <span class='ocrx_word' id='word_1_488' title='bbox 1261 3661 1315 3707; x_wconf 91' lang='lat' dir='ltr'><strong>et</strong></span> <span class='ocrx_word' id='word_1_489' title='bbox 1340 3653 1566 3709; x_wconf 85' lang='lat' dir='ltr'><strong>Cantica</strong></span> <span class='ocrx_word' id='word_1_490' title='bbox 1597 3656 1943 3710; x_wconf 86' lang='lat' dir='ltr'><strong>Canticorum</strong></span> <span class='ocrx_word' id='word_1_491' title='bbox 1967 3659 2032 3710; x_wconf 88' lang='lat' dir='ltr'><strong>ab</strong></span> 
     </span>
    </p>
   </div>
   <div class='ocr_carea' id='block_1_68' title="bbox 450 3741 2033 3818">
    <p class='ocr_par' dir='ltr' id='par_1_68' title="bbox 450 3741 2033 3818">
     <span class='ocr_line' id='line_1_68' title="bbox 450 3741 2033 3818; baseline 0.002 -22"><span class='ocrx_word' id='word_1_492' title='bbox 450 3741 542 3797; x_wconf 87' lang='lat' dir='ltr'><strong>illo</strong></span> <span class='ocrx_word' id='word_1_493' title='bbox 573 3742 692 3796; x_wconf 81' lang='lat' dir='ltr'><strong>loco</strong></span> <span class='ocrx_word' id='word_1_494' title='bbox 720 3742 773 3796; x_wconf 88' lang='lat' dir='ltr'><strong>in</strong></span> <span class='ocrx_word' id='word_1_495' title='bbox 802 3756 910 3812; x_wconf 87' lang='lat' dir='ltr'><strong>quo</strong></span> <span class='ocrx_word' id='word_1_496' title='bbox 956 3742 1203 3798; x_wconf 88' lang='lat' dir='ltr'><strong>dieit.....</strong></span> <span class='ocrx_word' id='word_1_497' title='bbox 1241 3741 1334 3798; x_wconf 85' lang='lat' dir='ltr'><strong>Ibo</strong></span> <span class='ocrx_word' id='word_1_498' title='bbox 1366 3746 1434 3798; x_wconf 85' lang='lat' dir='ltr'><strong>ad</strong></span> <span class='ocrx_word' id='word_1_499' title='bbox 1465 3757 1688 3800; x_wconf 81' lang='lat' dir='ltr'><strong>montem</strong></span> <span class='ocrx_word' id='word_1_500' title='bbox 1732 3751 1955 3818; x_wconf 72' lang='lat' dir='ltr'><strong>myrrha?</strong></span> <span class='ocrx_word' id='word_1_501' title='bbox 1984 3756 2033 3801; x_wconf 83' lang='lat' dir='ltr'><strong>et</strong></span> 
     </span>
    </p>
   </div>
   <div class='ocr_carea' id='block_1_69' title="bbox 449 3831 2032 3904">
    <p class='ocr_par' dir='ltr' id='par_1_69' title="bbox 449 3831 2032 3904">
     <span class='ocr_line' id='line_1_69' title="bbox 449 3831 2032 3904; baseline 0.003 -18"><span class='ocrx_word' id='word_1_502' title='bbox 449 3833 631 3888; x_wconf 78' lang='lat' dir='ltr'><strong>collem</strong></span> <span class='ocrx_word' id='word_1_503' title='bbox 679 3832 840 3887; x_wconf 78' lang='lat' dir='ltr'><strong>thuris</strong></span> <span class='ocrx_word' id='word_1_504' title='bbox 880 3831 1058 3902; x_wconf 87' lang='lat' dir='ltr'><strong>(Cant.</strong></span> <span class='ocrx_word' id='word_1_505' title='bbox 1101 3849 1171 3899; x_wconf 81' lang='lat' dir='ltr'><strong>tv,</strong></span> <span class='ocrx_word' id='word_1_506' title='bbox 1213 3833 1324 3904; x_wconf 82' lang='grc'><strong>16),</strong></span> <span class='ocrx_word' id='word_1_507' title='bbox 1373 3850 1542 3904; x_wconf 89' lang='lat' dir='ltr'><strong>usque</strong></span> <span class='ocrx_word' id='word_1_508' title='bbox 1591 3837 1644 3890; x_wconf 92' lang='lat' dir='ltr'><strong>in</strong></span> <span class='ocrx_word' id='word_1_509' title='bbox 1693 3839 1893 3902; x_wconf 85' lang='lat' dir='ltr'><strong>linem;</strong></span> <span class='ocrx_word' id='word_1_510' title='bbox 1942 3849 2032 3891; x_wconf 90' lang='lat' dir='ltr'><strong>aut</strong></span> 
     </span>
    </p>
   </div>
   <div class='ocr_carea' id='block_1_70' title="bbox 449 3924 2034 3995">
    <p class='ocr_par' dir='ltr' id='par_1_70' title="bbox 449 3924 2034 3995">
     <span class='ocr_line' id='line_1_70' title="bbox 449 3924 2034 3995; baseline 0.001 -15"><span class='ocrx_word' id='word_1_511' title='bbox 449 3924 700 3989; x_wconf 87' lang='lat' dir='ltr'><strong>aliorum,</strong></span> <span class='ocrx_word' id='word_1_512' title='bbox 730 3935 825 3979; x_wconf 88' lang='lat' dir='ltr'><strong>aut</strong></span> <span class='ocrx_word' id='word_1_513' title='bbox 853 3925 957 3981; x_wconf 85' lang='lat' dir='ltr'><strong>tuis</strong></span> <span class='ocrx_word' id='word_1_514' title='bbox 980 3925 1156 3980; x_wconf 89' lang='lat' dir='ltr'><strong>brevis</strong></span> <span class='ocrx_word' id='word_1_515' title='bbox 1177 3926 1415 3994; x_wconf 90' lang='lat' dir='ltr'><strong>deposco</strong></span> <span class='ocrx_word' id='word_1_516' title='bbox 1443 3937 1612 3981; x_wconf 85' lang='lat' dir='ltr'><strong>tracta</strong></span> <span class='ocrx_word' id='word_1_517' title='bbox 1642 3930 1954 3995; x_wconf 81' lang='lat' dir='ltr'><strong>sentemiis;</strong></span> <span class='ocrx_word' id='word_1_518' title='bbox 1981 3939 2034 3983; x_wconf 90' lang='lat' dir='ltr'><strong>et</strong></span> 
     </span>
    </p>
   </div>
   <div class='ocr_carea' id='block_1_71' title="bbox 451 4017 2030 4085">
    <p class='ocr_par' dir='ltr' id='par_1_71' title="bbox 451 4017 2030 4085">
     <span class='ocr_line' id='line_1_71' title="bbox 451 4017 2030 4085; baseline 0.002 -14"><span class='ocrx_word' id='word_1_519' title='bbox 451 4025 509 4071; x_wconf 91' lang='lat' dir='ltr'><strong>ut</strong></span> <span class='ocrx_word' id='word_1_520' title='bbox 530 4025 694 4071; x_wconf 75' lang='lat' dir='ltr'><strong>totam</strong></span> <span class='ocrx_word' id='word_1_521' title='bbox 719 4030 958 4085; x_wconf 78' lang='lat' dir='ltr'><strong>exponas</strong></span> <span class='ocrx_word' id='word_1_522' title='bbox 979 4017 1366 4070; x_wconf 89' lang='lat' dir='ltr'><strong>obscuritatem</strong></span> <span class='ocrx_word' id='word_1_523' title='bbox 1391 4017 1683 4082; x_wconf 74' lang='lat' dir='ltr'><strong>Zacharizn,</strong></span> <span class='ocrx_word' id='word_1_524' title='bbox 1711 4020 2030 4074; x_wconf 73' lang='lat' dir='ltr'><strong>absconam</strong></span> 
     </span>
    </p>
   </div>
   <div class='ocr_carea' id='block_1_72' title="bbox 451 4108 2034 4180">
    <p class='ocr_par' dir='ltr' id='par_1_72' title="bbox 451 4108 2034 4180">
     <span class='ocr_line' id='line_1_72' title="bbox 451 4108 2034 4180; baseline 0.002 -17"><span class='ocrx_word' id='word_1_525' title='bbox 451 4109 697 4179; x_wconf 82' lang='lat' dir='ltr'><strong>propaia,</strong></span> <span class='ocrx_word' id='word_1_526' title='bbox 727 4120 785 4162; x_wconf 91' lang='lat' dir='ltr'><strong>ut</strong></span> <span class='ocrx_word' id='word_1_527' title='bbox 814 4108 907 4162; x_wconf 89' lang='lat' dir='ltr'><strong>tibi</strong></span> <span class='ocrx_word' id='word_1_528' title='bbox 935 4108 1283 4162; x_wconf 85' lang='lat' dir='ltr'><strong>occidentalis</strong></span> <span class='ocrx_word' id='word_1_529' title='bbox 1315 4109 1366 4162; x_wconf 92' lang='lat' dir='ltr'><strong>in</strong></span> <span class='ocrx_word' id='word_1_530' title='bbox 1409 4109 1488 4162; x_wconf 91' lang='lat' dir='ltr'><strong>bis</strong></span> <span class='ocrx_word' id='word_1_531' title='bbox 1519 4114 1724 4178; x_wconf 86' lang='lat' dir='ltr'><strong>gratias</strong></span> <span class='ocrx_word' id='word_1_532' title='bbox 1764 4120 1888 4180; x_wconf 79' lang='lat' dir='ltr'><strong>agat</strong></span> <span class='ocrx_word' id='word_1_533' title='bbox 1929 4127 2034 4166; x_wconf 64' lang='lat' dir='ltr'><strong>ca:-</strong></span> 
     </span>
    </p>
   </div>
   <div class='ocr_carea' id='block_1_73' title="bbox 448 4197 2032 4270">
    <p class='ocr_par' dir='ltr' id='par_1_73' title="bbox 448 4197 2032 4270">
     <span class='ocr_line' id='line_1_73' title="bbox 448 4197 2032 4270; baseline 0.002 -18"><span class='ocrx_word' id='word_1_534' title='bbox 448 4200 604 4253; x_wconf 89' lang='lat' dir='ltr'><strong>citas.</strong></span> <span class='ocrx_word' id='word_1_535' title='bbox 655 4197 964 4266; x_wconf 84' lang='lat' dir='ltr'><strong>importuna</strong></span> <span class='ocrx_word' id='word_1_536' title='bbox 1010 4197 1223 4268; x_wconf 91' lang='lat' dir='ltr'><strong>postulo</strong></span> <span class='ocrx_word' id='word_1_537' title='bbox 1263 4206 1320 4252; x_wconf 93' lang='lat' dir='ltr'><strong>et</strong></span> <span class='ocrx_word' id='word_1_538' title='bbox 1361 4212 1553 4267; x_wconf 85' lang='lat' dir='ltr'><strong>magna</strong></span> <span class='ocrx_word' id='word_1_539' title='bbox 1594 4199 1872 4266; x_wconf 84' lang='lat' dir='ltr'><strong>sciscitor;</strong></span> <span class='ocrx_word' id='word_1_540' title='bbox 1911 4201 2032 4270; x_wconf 90' lang='lat' dir='ltr'><strong>quis</strong></span> 
     </span>
    </p>
   </div>
   <div class='ocr_carea' id='block_1_74' title="bbox 449 4287 2029 4363">
    <p class='ocr_par' dir='ltr' id='par_1_74' title="bbox 449 4287 2029 4363">
     <span class='ocr_line' id='line_1_74' title="bbox 449 4287 2029 4363; baseline 0.003 -20"><span class='ocrx_word' id='word_1_541' title='bbox 449 4290 654 4344; x_wconf 89' lang='lat' dir='ltr'><strong>nesciat</strong></span> <span class='ocrx_word' id='word_1_542' title='bbox 673 4291 697 4344; x_wconf 73' lang='grc' dir='ltr'><strong><em>τ</em></strong></span> <span class='ocrx_word' id='word_1_543' title='bbox 718 4287 825 4344; x_wconf 83' lang='lat' dir='ltr'><strong>Sed</strong></span> <span class='ocrx_word' id='word_1_544' title='bbox 853 4298 908 4345; x_wconf 91' lang='lat' dir='ltr'><strong>et</strong></span> <span class='ocrx_word' id='word_1_545' title='bbox 937 4298 992 4344; x_wconf 92' lang='lat' dir='ltr'><strong>tu</strong></span> <span class='ocrx_word' id='word_1_546' title='bbox 1019 4304 1206 4359; x_wconf 85' lang='lat' dir='ltr'><strong>magna</strong></span> <span class='ocrx_word' id='word_1_547' title='bbox 1231 4291 1454 4356; x_wconf 88' lang='lat' dir='ltr'><strong>habens,</strong></span> <span class='ocrx_word' id='word_1_548' title='bbox 1482 4293 1605 4361; x_wconf 85' lang='lat' dir='ltr'><strong>quia</strong></span> <span class='ocrx_word' id='word_1_549' title='bbox 1633 4291 1817 4363; x_wconf 80' lang='lat' dir='ltr'><strong>[Forte</strong></span> <span class='ocrx_word' id='word_1_550' title='bbox 1844 4294 2029 4359; x_wconf 90' lang='lat' dir='ltr'><strong>habes,</strong></span> 
     </span>
    </p>
   </div>
   <div class='ocr_carea' id='block_1_75' title="bbox 449 4380 2032 4456">
    <p class='ocr_par' dir='ltr' id='par_1_75' title="bbox 449 4380 2032 4456">
     <span class='ocr_line' id='line_1_75' title="bbox 449 4380 2032 4456; baseline 0.004 -20"><span class='ocrx_word' id='word_1_551' title='bbox 449 4380 562 4452; x_wconf 85' lang='lat' dir='ltr'><strong>qui]</strong></span> <span class='ocrx_word' id='word_1_552' title='bbox 587 4381 657 4437; x_wconf 84' lang='lat' dir='ltr'><strong>de</strong></span> <span class='ocrx_word' id='word_1_553' title='bbox 685 4396 851 4452; x_wconf 84' lang='lat' dir='ltr'><strong>parvo</strong></span> <span class='ocrx_word' id='word_1_554' title='bbox 880 4381 1079 4450; x_wconf 87' lang='lat' dir='ltr'><strong>minus,</strong></span> <span class='ocrx_word' id='word_1_555' title='bbox 1102 4393 1156 4436; x_wconf 87' lang='lat' dir='ltr'><strong>et</strong></span> <span class='ocrx_word' id='word_1_556' title='bbox 1184 4384 1251 4438; x_wconf 90' lang='lat' dir='ltr'><strong>de</strong></span> <span class='ocrx_word' id='word_1_557' title='bbox 1281 4383 1450 4440; x_wconf 91' lang='lat' dir='ltr'><strong>multo</strong></span> <span class='ocrx_word' id='word_1_558' title='bbox 1478 4385 1596 4456; x_wconf 91' lang='lat' dir='ltr'><strong>plus</strong></span> <span class='ocrx_word' id='word_1_559' title='bbox 1619 4387 1754 4441; x_wconf 83' lang='lat' dir='ltr'><strong>bene</strong></span> <span class='ocrx_word' id='word_1_560' title='bbox 1783 4388 1890 4442; x_wconf 88' lang='lat' dir='ltr'><strong>scis</strong></span> <span class='ocrx_word' id='word_1_561' title='bbox 1914 4403 2032 4442; x_wconf 87' lang='lat' dir='ltr'><strong>esse</strong></span> 
     </span>
    </p>
   </div>
   <div class='ocr_carea' id='block_1_76' title="bbox 451 4469 2024 4547">
    <p class='ocr_par' dir='ltr' id='par_1_76' title="bbox 451 4469 2024 4547">
     <span class='ocr_line' id='line_1_76' title="bbox 451 4469 2024 4547; baseline 0.008 -22"><span class='ocrx_word' id='word_1_562' title='bbox 451 4471 814 4526; x_wconf 84' lang='lat' dir='ltr'><strong>l&#39;enerandum.</strong></span> <span class='ocrx_word' id='word_1_563' title='bbox 849 4469 1166 4526; x_wconf 80' lang='lat' dir='ltr'><strong>Rescribere</strong></span> <span class='ocrx_word' id='word_1_564' title='bbox 1190 4480 1242 4527; x_wconf 91' lang='lat' dir='ltr'><strong>te</strong></span> <span class='ocrx_word' id='word_1_565' title='bbox 1268 4476 1556 4542; x_wconf 87' lang='lat' dir='ltr'><strong>persuadet</strong></span> <span class='ocrx_word' id='word_1_566' title='bbox 1583 4477 1836 4539; x_wconf 89' lang='lat' dir='ltr'><strong>cbaritas,</strong></span> <span class='ocrx_word' id='word_1_567' title='bbox 1866 4493 2024 4547; x_wconf 79' lang='lat' dir='ltr'><strong>expo-</strong></span> 
     </span>
    </p>
   </div>
   <div class='ocr_carea' id='block_1_77' title="bbox 2135 3283 3723 3348">
    <p class='ocr_par' dir='ltr' id='par_1_77' title="bbox 2135 3283 3723 3348">
     <span class='ocr_line' id='line_1_77' title="bbox 2135 3283 3723 3348; baseline 0.005 -12"><span class='ocrx_word' id='word_1_568' title='bbox 2135 3284 2412 3348; x_wconf 89' lang='lat' dir='ltr'><strong>tractetis;</strong></span> <span class='ocrx_word' id='word_1_569' title='bbox 2451 3283 2545 3337; x_wconf 79' lang='lat' dir='ltr'><strong>sed</strong></span> <span class='ocrx_word' id='word_1_570' title='bbox 2585 3285 2746 3338; x_wconf 85' lang='lat' dir='ltr'><strong>etiam</strong></span> <span class='ocrx_word' id='word_1_571' title='bbox 2778 3285 2848 3338; x_wconf 88' lang='lat' dir='ltr'><strong>de</strong></span> <span class='ocrx_word' id='word_1_572' title='bbox 2883 3287 3142 3341; x_wconf 88' lang='lat' dir='ltr'><strong>universis</strong></span> <span class='ocrx_word' id='word_1_573' title='bbox 3189 3289 3509 3342; x_wconf 87' lang='lat' dir='ltr'><strong>necessariis</strong></span> <span class='ocrx_word' id='word_1_574' title='bbox 3540 3291 3723 3344; x_wconf 85' lang='lat' dir='ltr'><strong>obser-</strong></span> 
     </span>
    </p>
   </div>
   <div class='ocr_carea' id='block_1_78' title="bbox 2132 3375 3724 3449">
    <p class='ocr_par' dir='ltr' id='par_1_78' title="bbox 2132 3375 3724 3449">
     <span class='ocr_line' id='line_1_78' title="bbox 2132 3375 3724 3449; baseline 0.006 -24"><span class='ocrx_word' id='word_1_575' title='bbox 2132 3375 2437 3429; x_wconf 79' lang='lat' dir='ltr'><strong>vationibus</strong></span> <span class='ocrx_word' id='word_1_576' title='bbox 2486 3376 2783 3443; x_wconf 83' lang='lat' dir='ltr'><strong>canonicis,</strong></span> <span class='ocrx_word' id='word_1_577' title='bbox 2830 3391 2946 3444; x_wconf 81' lang='lat' dir='ltr'><strong>qua:</strong></span> <span class='ocrx_word' id='word_1_578' title='bbox 2995 3393 3024 3430; x_wconf 91' lang='lat' dir='ltr'><strong>a</strong></span> <span class='ocrx_word' id='word_1_579' title='bbox 3075 3378 3253 3431; x_wconf 89' lang='lat' dir='ltr'><strong>multis</strong></span> <span class='ocrx_word' id='word_1_580' title='bbox 3292 3379 3457 3446; x_wconf 80' lang='grc' dir='ltr'>(ιιιοὰ</span> <span class='ocrx_word' id='word_1_581' title='bbox 3505 3381 3724 3449; x_wconf 76' lang='lat' dir='ltr'><strong>gravius</strong></span> 
     </span>
    </p>
   </div>
   <div class='ocr_carea' id='block_1_79' title="bbox 2132 3466 3724 3540">
    <p class='ocr_par' dir='ltr' id='par_1_79' title="bbox 2132 3466 3724 3540">
     <span class='ocr_line' id='line_1_79' title="bbox 2132 3466 3724 3540; baseline 0.003 -20"><span class='ocrx_word' id='word_1_582' title='bbox 2132 3470 2236 3534; x_wconf 57' lang='lat' dir='ltr'><strong>est)</strong></span> <span class='ocrx_word' id='word_1_583' title='bbox 2285 3476 2551 3535; x_wconf 76' lang='lat' dir='ltr'><strong>corrupta:</strong></span> <span class='ocrx_word' id='word_1_584' title='bbox 2607 3476 2770 3530; x_wconf 88' lang='lat' dir='ltr'><strong>sunt;</strong></span> <span class='ocrx_word' id='word_1_585' title='bbox 2821 3476 2876 3520; x_wconf 91' lang='lat' dir='ltr'><strong>et</strong></span> <span class='ocrx_word' id='word_1_586' title='bbox 2927 3466 3055 3521; x_wconf 90' lang='lat' dir='ltr'><strong>dum</strong></span> <span class='ocrx_word' id='word_1_587' title='bbox 3096 3468 3208 3523; x_wconf 86' lang='lat' dir='ltr'><strong>dies</strong></span> <span class='ocrx_word' id='word_1_588' title='bbox 3258 3469 3442 3536; x_wconf 89' lang='lat' dir='ltr'><strong>judicii</strong></span> <span class='ocrx_word' id='word_1_589' title='bbox 3503 3471 3724 3540; x_wconf 88' lang='lat' dir='ltr'><strong>propior</strong></span> 
     </span>
    </p>
   </div>
   <div class='ocr_carea' id='block_1_80' title="bbox 2133 3555 3724 3626">
    <p class='ocr_par' dir='ltr' id='par_1_80' title="bbox 2133 3555 3724 3626">
     <span class='ocr_line' id='line_1_80' title="bbox 2133 3555 3724 3626; baseline 0.001 -16"><span class='ocrx_word' id='word_1_590' title='bbox 2133 3573 2273 3612; x_wconf 90' lang='lat' dir='ltr'><strong>nunc</strong></span> <span class='ocrx_word' id='word_1_591' title='bbox 2297 3565 2415 3618; x_wconf 90' lang='lat' dir='ltr'><strong>est,</strong></span> <span class='ocrx_word' id='word_1_592' title='bbox 2469 3572 2628 3624; x_wconf 89' lang='lat' dir='ltr'><strong>quam</strong></span> <span class='ocrx_word' id='word_1_593' title='bbox 2685 3565 2843 3621; x_wconf 92' lang='lat' dir='ltr'><strong>tunc,</strong></span> <span class='ocrx_word' id='word_1_594' title='bbox 2911 3555 3110 3626; x_wconf 88' lang='lat' dir='ltr'><strong>aliquid</strong></span> <span class='ocrx_word' id='word_1_595' title='bbox 3191 3557 3365 3612; x_wconf 87' lang='lat' dir='ltr'><strong>adhuc</strong></span> <span class='ocrx_word' id='word_1_596' title='bbox 3429 3559 3724 3614; x_wconf 85' lang='lat' dir='ltr'><strong>districtius</strong></span> 
     </span>
    </p>
   </div>
   <div class='ocr_carea' id='block_1_81' title="bbox 2133 3648 3724 3718">
    <p class='ocr_par' dir='ltr' id='par_1_81' title="bbox 2133 3648 3724 3718">
     <span class='ocr_line' id='line_1_81' title="bbox 2133 3648 3724 3718; baseline 0.001 -15"><span class='ocrx_word' id='word_1_597' title='bbox 2133 3650 2454 3716; x_wconf 77' lang='lat' dir='ltr'><strong>evangelica:</strong></span> <span class='ocrx_word' id='word_1_598' title='bbox 2485 3648 2757 3717; x_wconf 58' lang='lat' dir='ltr'><strong>religionis</strong></span> <span class='ocrx_word' id='word_1_599' title='bbox 2780 3657 2832 3702; x_wconf 90' lang='lat' dir='ltr'><strong>et</strong></span> <span class='ocrx_word' id='word_1_600' title='bbox 2858 3651 3168 3718; x_wconf 76' lang='lat' dir='ltr'><strong>apostolica:</strong></span> <span class='ocrx_word' id='word_1_601' title='bbox 3196 3649 3498 3704; x_wconf 78' lang='lat' dir='ltr'><strong>tradit&#39;onis</strong></span> <span class='ocrx_word' id='word_1_602' title='bbox 3538 3652 3724 3704; x_wconf 84' lang='lat' dir='ltr'><strong>consi-</strong></span> 
     </span>
    </p>
   </div>
   <div class='ocr_carea' id='block_1_82' title="bbox 2134 3738 3725 3806">
    <p class='ocr_par' dir='ltr' id='par_1_82' title="bbox 2134 3738 3725 3806">
     <span class='ocr_line' id='line_1_82' title="bbox 2134 3738 3725 3806; baseline 0.001 -14"><span class='ocrx_word' id='word_1_603' title='bbox 2134 3738 2264 3792; x_wconf 90' lang='lat' dir='ltr'><strong>lium</strong></span> <span class='ocrx_word' id='word_1_604' title='bbox 2291 3740 2496 3793; x_wconf 82' lang='lat' dir='ltr'><strong>iniretis</strong></span> <span class='ocrx_word' id='word_1_605' title='bbox 2532 3756 2542 3790; x_wconf 94' lang='lat'>:</span> <span class='ocrx_word' id='word_1_606' title='bbox 2569 3739 2612 3792; x_wconf 89' lang='lat' dir='ltr'><strong>si</strong></span> <span class='ocrx_word' id='word_1_607' title='bbox 2642 3738 2785 3791; x_wconf 88' lang='lat' dir='ltr'><strong>enim</strong></span> <span class='ocrx_word' id='word_1_608' title='bbox 2814 3739 3122 3806; x_wconf 66' lang='lat' dir='ltr'><strong>evangelica</strong></span> <span class='ocrx_word' id='word_1_609' title='bbox 3155 3739 3405 3793; x_wconf 87' lang='lat' dir='ltr'><strong>mandata</strong></span> <span class='ocrx_word' id='word_1_610' title='bbox 3437 3739 3725 3805; x_wconf 77' lang='lat' dir='ltr'><strong>diligenter</strong></span> 
     </span>
    </p>
   </div>
   <div class='ocr_carea' id='block_1_83' title="bbox 2134 3834 3724 3905">
    <p class='ocr_par' dir='ltr' id='par_1_83' title="bbox 2134 3834 3724 3905">
     <span class='ocr_line' id='line_1_83' title="bbox 2134 3834 3724 3905; baseline 0.001 -17"><span class='ocrx_word' id='word_1_611' title='bbox 2134 3834 2432 3905; x_wconf 83' lang='lat' dir='ltr'><strong>inquiratis,</strong></span> <span class='ocrx_word' id='word_1_612' title='bbox 2462 3849 2569 3888; x_wconf 89' lang='lat' dir='ltr'><strong>non</strong></span> <span class='ocrx_word' id='word_1_613' title='bbox 2599 3835 2764 3889; x_wconf 90' lang='lat' dir='ltr'><strong>miror</strong></span> <span class='ocrx_word' id='word_1_614' title='bbox 2792 3834 2937 3904; x_wconf 89' lang='lat' dir='ltr'><strong>quod</strong></span> <span class='ocrx_word' id='word_1_615' title='bbox 2980 3835 3034 3888; x_wconf 91' lang='lat' dir='ltr'><strong>in</strong></span> <span class='ocrx_word' id='word_1_616' title='bbox 3065 3835 3144 3889; x_wconf 87' lang='lat' dir='ltr'><strong>eis</strong></span> <span class='ocrx_word' id='word_1_617' title='bbox 3175 3835 3574 3905; x_wconf 84' lang='lat' dir='ltr'><strong>aliquantorum</strong></span> <span class='ocrx_word' id='word_1_618' title='bbox 3608 3852 3724 3891; x_wconf 87' lang='lat' dir='ltr'><strong>mo-</strong></span> 
     </span>
    </p>
   </div>
   <div class='ocr_carea' id='block_1_84' title="bbox 2134 3925 3724 3998">
    <p class='ocr_par' dir='ltr' id='par_1_84' title="bbox 2134 3925 3724 3998">
     <span class='ocr_line' id='line_1_84' title="bbox 2134 3925 3724 3998; baseline 0.003 -18"><span class='ocrx_word' id='word_1_619' title='bbox 2134 3927 2280 3980; x_wconf 83' lang='lat' dir='ltr'><strong>ribus</strong></span> <span class='ocrx_word' id='word_1_620' title='bbox 2309 3926 2578 3979; x_wconf 87' lang='lat' dir='ltr'><strong>contraria</strong></span> <span class='ocrx_word' id='word_1_621' title='bbox 2602 3925 2962 3979; x_wconf 81' lang='lat' dir='ltr'><strong>inveniantur.</strong></span> <span class='ocrx_word' id='word_1_622' title='bbox 2993 3925 3098 3980; x_wconf 88' lang='lat' dir='ltr'><strong>Sed</strong></span> <span class='ocrx_word' id='word_1_623' title='bbox 3127 3925 3358 3982; x_wconf 71' lang='lat' dir='ltr'><strong>sufficiat</strong></span> <span class='ocrx_word' id='word_1_624' title='bbox 3385 3928 3724 3998; x_wconf 79' lang='lat' dir='ltr'><strong>significasse</strong></span> 
     </span>
    </p>
   </div>
   <div class='ocr_carea' id='block_1_85' title="bbox 2136 4014 3726 4087">
    <p class='ocr_par' dir='ltr' id='par_1_85' title="bbox 2136 4014 3726 4087">
     <span class='ocr_line' id='line_1_85' title="bbox 2136 4014 3726 4087; baseline 0.004 -19"><span class='ocrx_word' id='word_1_625' title='bbox 2136 4029 2566 4084; x_wconf 85' lang='lat' dir='ltr'><strong>unumquemque</strong></span> <span class='ocrx_word' id='word_1_626' title='bbox 2621 4015 2687 4068; x_wconf 83' lang='lat' dir='ltr'><strong>ad</strong></span> <span class='ocrx_word' id='word_1_627' title='bbox 2733 4016 2818 4069; x_wconf 88' lang='lat' dir='ltr'><strong>sui</strong></span> <span class='ocrx_word' id='word_1_628' title='bbox 2851 4014 3227 4084; x_wconf 74' lang='lat' dir='ltr'><strong>Redemptoris</strong></span> <span class='ocrx_word' id='word_1_629' title='bbox 3269 4019 3601 4087; x_wconf 79' lang='lat' dir='ltr'><strong>exemplum,</strong></span> <span class='ocrx_word' id='word_1_630' title='bbox 3662 4036 3726 4074; x_wconf 89' lang='lat' dir='ltr'><strong>ac</strong></span> 
     </span>
    </p>
   </div>
   <div class='ocr_carea' id='block_1_86' title="bbox 2134 4105 3696 4178">
    <p class='ocr_par' dir='ltr' id='par_1_86' title="bbox 2134 4105 3696 4178">
     <span class='ocr_line' id='line_1_86' title="bbox 2134 4105 3696 4178; baseline 0.003 -16"><span class='ocrx_word' id='word_1_631' title='bbox 2134 4109 2247 4162; x_wconf 87' lang='lat' dir='ltr'><strong>veri</strong></span> <span class='ocrx_word' id='word_1_632' title='bbox 2273 4107 2498 4178; x_wconf 88' lang='lat' dir='ltr'><strong>pastoris</strong></span> <span class='ocrx_word' id='word_1_633' title='bbox 2521 4107 2748 4161; x_wconf 85' lang='lat' dir='ltr'><strong>formam</strong></span> <span class='ocrx_word' id='word_1_634' title='bbox 2775 4105 2892 4160; x_wconf 89' lang='lat' dir='ltr'><strong>fore</strong></span> <span class='ocrx_word' id='word_1_635' title='bbox 2919 4105 3347 4170; x_wconf 82' lang='lat' dir='ltr'><strong>informandum;</strong></span> <span class='ocrx_word' id='word_1_636' title='bbox 3377 4109 3468 4178; x_wconf 88' lang='lat' dir='ltr'><strong>qui</strong></span> <span class='ocrx_word' id='word_1_637' title='bbox 3503 4110 3696 4167; x_wconf 87' lang='lat' dir='ltr'><strong>humili</strong></span> 
     </span>
    </p>
   </div>
   <div class='ocr_carea' id='block_1_87' title="bbox 2135 4199 3727 4269">
    <p class='ocr_par' dir='ltr' id='par_1_87' title="bbox 2135 4199 3727 4269">
     <span class='ocr_line' id='line_1_87' title="bbox 2135 4199 3727 4269; baseline 0 -15"><span class='ocrx_word' id='word_1_638' title='bbox 2135 4209 2300 4255; x_wconf 90' lang='lat' dir='ltr'><strong>tatem</strong></span> <span class='ocrx_word' id='word_1_639' title='bbox 2350 4199 2577 4269; x_wconf 86' lang='lat' dir='ltr'><strong>primum</strong></span> <span class='ocrx_word' id='word_1_640' title='bbox 2611 4199 2932 4268; x_wconf 70' lang='lat' dir='ltr'><strong>prazdicaus,</strong></span> <span class='ocrx_word' id='word_1_641' title='bbox 2989 4207 3304 4268; x_wconf 80' lang='lat' dir='ltr'><strong>septemque</strong></span> <span class='ocrx_word' id='word_1_642' title='bbox 3360 4199 3727 4259; x_wconf 81' lang='lat' dir='ltr'><strong>beatitudines</strong></span> 
     </span>
    </p>
   </div>
   <div class='ocr_carea' id='block_1_88' title="bbox 2136 4289 3725 4363">
    <p class='ocr_par' dir='ltr' id='par_1_88' title="bbox 2136 4289 3725 4363">
     <span class='ocr_line' id='line_1_88' title="bbox 2136 4289 3725 4363; baseline -0.001 -16"><span class='ocrx_word' id='word_1_643' title='bbox 2136 4293 2320 4363; x_wconf 79' lang='lat' dir='ltr'><strong>prima:</strong></span> <span class='ocrx_word' id='word_1_644' title='bbox 2344 4291 2674 4362; x_wconf 86' lang='lat' dir='ltr'><strong>paupertatis</strong></span> <span class='ocrx_word' id='word_1_645' title='bbox 2717 4289 2937 4359; x_wconf 91' lang='lat' dir='ltr'><strong>spiritus</strong></span> <span class='ocrx_word' id='word_1_646' title='bbox 2959 4289 3191 4361; x_wconf 85' lang='lat' dir='ltr'><strong>jungens</strong></span> <span class='ocrx_word' id='word_1_647' title='bbox 3215 4291 3268 4344; x_wconf 91' lang='lat' dir='ltr'><strong>in</strong></span> <span class='ocrx_word' id='word_1_648' title='bbox 3297 4298 3503 4344; x_wconf 86' lang='lat' dir='ltr'><strong>tantum</strong></span> <span class='ocrx_word' id='word_1_649' title='bbox 3535 4291 3725 4348; x_wconf 84' lang='lat' dir='ltr'><strong>docuit</strong></span> 
     </span>
    </p>
   </div>
   <div class='ocr_carea' id='block_1_89' title="bbox 2137 4377 3723 4452">
    <p class='ocr_par' dir='ltr' id='par_1_89' title="bbox 2137 4377 3723 4452">
     <span class='ocr_line' id='line_1_89' title="bbox 2137 4377 3723 4452; baseline 0.001 -14"><span class='ocrx_word' id='word_1_650' title='bbox 2137 4385 2406 4440; x_wconf 82' lang='lat' dir='ltr'><strong>hominem</strong></span> <span class='ocrx_word' id='word_1_651' title='bbox 2437 4397 2532 4438; x_wconf 87' lang='lat' dir='ltr'><strong>sua</strong></span> <span class='ocrx_word' id='word_1_652' title='bbox 2570 4383 2722 4452; x_wconf 85' lang='lat' dir='ltr'><strong>sequi</strong></span> <span class='ocrx_word' id='word_1_653' title='bbox 2746 4377 2987 4450; x_wconf 85' lang='lat' dir='ltr'><strong>vestigia,</strong></span> <span class='ocrx_word' id='word_1_654' title='bbox 3018 4392 3075 4437; x_wconf 91' lang='lat' dir='ltr'><strong>ut</strong></span> <span class='ocrx_word' id='word_1_655' title='bbox 3097 4382 3163 4436; x_wconf 87' lang='lat' dir='ltr'><strong>ad</strong></span> <span class='ocrx_word' id='word_1_656' title='bbox 3195 4395 3372 4438; x_wconf 84' lang='lat' dir='ltr'><strong>veram</strong></span> <span class='ocrx_word' id='word_1_657' title='bbox 3402 4384 3585 4440; x_wconf 81' lang='lat' dir='ltr'><strong>octavi</strong></span> <span class='ocrx_word' id='word_1_658' title='bbox 3613 4383 3723 4439; x_wconf 87' lang='lat' dir='ltr'><strong>diei</strong></span> 
     </span>
    </p>
   </div>
   <div class='ocr_carea' id='block_1_90' title="bbox 2136 4473 3720 4545">
    <p class='ocr_par' dir='ltr' id='par_1_90' title="bbox 2136 4473 3720 4545">
     <span class='ocr_line' id='line_1_90' title="bbox 2136 4473 3720 4545; baseline -0.002 -14"><span class='ocrx_word' id='word_1_659' title='bbox 2136 4475 2596 4531; x_wconf 89' lang='lat' dir='ltr'><strong>circumcisionem</strong></span> <span class='ocrx_word' id='word_1_660' title='bbox 2624 4515 2639 4539; x_wconf 94' lang='lat'><strong>,</strong></span> <span class='ocrx_word' id='word_1_661' title='bbox 2706 4473 2969 4545; x_wconf 81' lang='lat' dir='ltr'><strong>justitiam</strong></span> <span class='ocrx_word' id='word_1_662' title='bbox 3022 4475 3299 4545; x_wconf 86' lang='lat' dir='ltr'><strong>sequendo</strong></span> <span class='ocrx_word' id='word_1_663' title='bbox 3369 4474 3720 4545; x_wconf 81' lang='lat' dir='ltr'><strong>perveniret;</strong></span> 
     </span>
    </p>
   </div>
   <div class='ocr_carea' id='block_1_91' title="bbox 452 4559 3722 4636">
    <p class='ocr_par' dir='ltr' id='par_1_91' title="bbox 452 4559 3722 4636">
     <span class='ocr_line' id='line_1_91' title="bbox 452 4559 3722 4636; baseline 0.002 -21"><span class='ocrx_word' id='word_1_664' title='bbox 452 4575 581 4615; x_wconf 89' lang='lat' dir='ltr'><strong>nere</strong></span> <span class='ocrx_word' id='word_1_665' title='bbox 628 4575 734 4615; x_wconf 92' lang='lat' dir='ltr'><strong>non</strong></span> <span class='ocrx_word' id='word_1_666' title='bbox 786 4559 1042 4629; x_wconf 78' lang='lat' dir='ltr'><strong>impediat</strong></span> <span class='ocrx_word' id='word_1_667' title='bbox 1091 4561 1293 4616; x_wconf 75' lang='lat' dir='ltr'><strong>charm:</strong></span> <span class='ocrx_word' id='word_1_668' title='bbox 1343 4567 1628 4633; x_wconf 85' lang='lat' dir='ltr'><strong>asperitas,</strong></span> <span class='ocrx_word' id='word_1_669' title='bbox 1677 4569 1801 4636; x_wconf 90' lang='lat' dir='ltr'><strong>quia</strong></span> <span class='ocrx_word' id='word_1_670' title='bbox 1837 4584 1942 4624; x_wconf 79' lang='lat' dir='ltr'><strong>acia</strong></span> <span class='ocrx_word' id='word_1_671' title='bbox 1978 4569 2029 4624; x_wconf 92' lang='lat' dir='ltr'><strong>in</strong></span> <span class='ocrx_word' id='word_1_672' title='bbox 2063 4563 2111 4623; x_wconf 91' lang='lat' dir='ltr'><strong>D</strong></span> <span class='ocrx_word' id='word_1_673' title='bbox 2135 4568 2260 4636; x_wconf 87' lang='lat' dir='ltr'><strong>quia</strong></span> <span class='ocrx_word' id='word_1_674' title='bbox 2299 4564 2575 4620; x_wconf 85' lang='lat' dir='ltr'><strong>beatitudo</strong></span> <span class='ocrx_word' id='word_1_675' title='bbox 2602 4573 2788 4620; x_wconf 88' lang='lat' dir='ltr'><strong>octava</strong></span> <span class='ocrx_word' id='word_1_676' title='bbox 2821 4566 3077 4636; x_wconf 87' lang='lat' dir='ltr'><strong>martyrio</strong></span> <span class='ocrx_word' id='word_1_677' title='bbox 3108 4566 3441 4631; x_wconf 87' lang='lat' dir='ltr'><strong>terminatur,</strong></span> <span class='ocrx_word' id='word_1_678' title='bbox 3470 4580 3541 4622; x_wconf 86' lang='lat' dir='ltr'><strong>eo</strong></span> <span class='ocrx_word' id='word_1_679' title='bbox 3569 4567 3722 4636; x_wconf 74' lang='lat' dir='ltr'><strong>quod</strong></span> 
     </span>
    </p>
   </div>
   <div class='ocr_carea' id='block_1_92' title="bbox 448 4651 2025 4718">
    <p class='ocr_par' dir='ltr' id='par_1_92' title="bbox 448 4651 2025 4718">
     <span class='ocr_line' id='line_1_92' title="bbox 448 4651 2025 4718; baseline 0.006 -12"><span class='ocrx_word' id='word_1_680' title='bbox 448 4666 687 4706; x_wconf 79' lang='lat' dir='ltr'><strong>errorem</strong></span> <span class='ocrx_word' id='word_1_681' title='bbox 709 4651 826 4716; x_wconf 87' lang='lat' dir='ltr'><strong>fuit,</strong></span> <span class='ocrx_word' id='word_1_682' title='bbox 843 4659 898 4706; x_wconf 82' lang='lat' dir='ltr'><strong>et</strong></span> <span class='ocrx_word' id='word_1_683' title='bbox 917 4653 1308 4710; x_wconf 88' lang='lat' dir='ltr'><strong>honordebitus</strong></span> <span class='ocrx_word' id='word_1_684' title='bbox 1323 4657 1613 4713; x_wconf 87' lang='lat' dir='ltr'><strong>cordiesta</strong></span> <span class='ocrx_word' id='word_1_685' title='bbox 1638 4675 1724 4714; x_wconf 90' lang='lat' dir='ltr'><strong>me</strong></span> <span class='ocrx_word' id='word_1_686' title='bbox 1755 4662 1850 4716; x_wconf 91' lang='lat' dir='ltr'><strong>tibi</strong></span> <span class='ocrx_word' id='word_1_687' title='bbox 1878 4663 1990 4718; x_wconf 91' lang='lat' dir='ltr'><strong>dari</strong></span> <span class='ocrx_word' id='word_1_688' title='bbox 2014 4682 2025 4716; x_wconf 90' lang='lat'><strong>:</strong></span> 
     </span>
    </p>
   </div>
   <div class='ocr_carea' id='block_1_93' title="bbox 448 4741 2029 4822">
    <p class='ocr_par' dir='ltr' id='par_1_93' title="bbox 448 4741 2029 4822">
     <span class='ocr_line' id='line_1_93' title="bbox 448 4741 2029 4822; baseline 0.008 -25"><span class='ocrx_word' id='word_1_689' title='bbox 448 4757 626 4798; x_wconf 84' lang='lat' dir='ltr'><strong>meum</strong></span> <span class='ocrx_word' id='word_1_690' title='bbox 656 4741 756 4797; x_wconf 86' lang='lat' dir='ltr'><strong>fuit</strong></span> <span class='ocrx_word' id='word_1_691' title='bbox 781 4757 1109 4813; x_wconf 87' lang='lat' dir='ltr'><strong>provocare,</strong></span> <span class='ocrx_word' id='word_1_692' title='bbox 1140 4745 1495 4818; x_wconf 83' lang='lat' dir='ltr'><strong>interrogare,</strong></span> <span class='ocrx_word' id='word_1_693' title='bbox 1526 4764 1756 4820; x_wconf 85' lang='lat' dir='ltr'><strong>rogare;</strong></span> <span class='ocrx_word' id='word_1_694' title='bbox 1782 4761 1960 4822; x_wconf 90' lang='lat' dir='ltr'><strong>tuum,</strong></span> <span class='ocrx_word' id='word_1_695' title='bbox 1985 4756 2029 4810; x_wconf 80' lang='lat' dir='ltr'><strong>si</strong></span> 
     </span>
    </p>
   </div>
   <div class='ocr_carea' id='block_1_94' title="bbox 447 4832 2029 4913">
    <p class='ocr_par' dir='ltr' id='par_1_94' title="bbox 447 4832 2029 4913">
     <span class='ocr_line' id='line_1_94' title="bbox 447 4832 2029 4913; baseline 0.009 -28"><span class='ocrx_word' id='word_1_696' title='bbox 447 4832 632 4899; x_wconf 78' lang='lat' dir='ltr'><strong>gratiis</strong></span> <span class='ocrx_word' id='word_1_697' title='bbox 677 4843 900 4902; x_wconf 75' lang='lat' dir='ltr'><strong>accepta</strong></span> <span class='ocrx_word' id='word_1_698' title='bbox 950 4849 1058 4889; x_wconf 93' lang='lat' dir='ltr'><strong>non</strong></span> <span class='ocrx_word' id='word_1_699' title='bbox 1100 4851 1319 4904; x_wconf 88' lang='lat' dir='ltr'><strong>negare,</strong></span> <span class='ocrx_word' id='word_1_700' title='bbox 1350 4839 1611 4894; x_wconf 87' lang='lat' dir='ltr'><strong>talentum</strong></span> <span class='ocrx_word' id='word_1_701' title='bbox 1646 4840 1909 4909; x_wconf 89' lang='lat' dir='ltr'><strong>fenerari,</strong></span> <span class='ocrx_word' id='word_1_702' title='bbox 1936 4861 2029 4913; x_wconf 83' lang='lat' dir='ltr'><strong>pe-</strong></span> 
     </span>
    </p>
   </div>
   <div class='ocr_carea' id='block_1_95' title="bbox 446 4924 2028 5005">
    <p class='ocr_par' dir='ltr' id='par_1_95' title="bbox 446 4924 2028 5005">
     <span class='ocr_line' id='line_1_95' title="bbox 446 4924 2028 5005; baseline 0.011 -25"><span class='ocrx_word' id='word_1_703' title='bbox 446 4924 579 4980; x_wconf 84' lang='lat' dir='ltr'><strong>tenti</strong></span> <span class='ocrx_word' id='word_1_704' title='bbox 595 4932 852 4995; x_wconf 81' lang='lat' dir='ltr'><strong>tepanem</strong></span> <span class='ocrx_word' id='word_1_705' title='bbox 868 4926 1146 4997; x_wconf 76' lang='lat' dir='ltr'><strong>doctrinm,</strong></span> <span class='ocrx_word' id='word_1_706' title='bbox 1161 4928 1375 4988; x_wconf 88' lang='lat' dir='ltr'><strong>Christo</strong></span> <span class='ocrx_word' id='word_1_707' title='bbox 1394 4935 1737 5005; x_wconf 69' lang='lat' dir='ltr'><strong>prmcipiente</strong></span> <span class='ocrx_word' id='word_1_708' title='bbox 1751 4939 1896 4996; x_wconf 88' lang='lat' dir='ltr'><strong>dare.</strong></span> <span class='ocrx_word' id='word_1_709' title='bbox 1919 4939 2028 4997; x_wconf 80' lang='lat' dir='ltr'><strong>Pas</strong></span> 
     </span>
    </p>
   </div>
   <div class='ocr_carea' id='block_1_96' title="bbox 446 5012 2023 5100">
    <p class='ocr_par' dir='ltr' id='par_1_96' title="bbox 446 5012 2023 5100">
     <span class='ocr_line' id='line_1_96' title="bbox 446 5012 2023 5100; baseline 0.011 -33"><span class='ocrx_word' id='word_1_710' title='bbox 446 5012 564 5080; x_wconf 85' lang='lat' dir='ltr'><strong>tibi,</strong></span> <span class='ocrx_word' id='word_1_711' title='bbox 591 5015 830 5084; x_wconf 85' lang='lat' dir='ltr'><strong>tuisque;</strong></span> <span class='ocrx_word' id='word_1_712' title='bbox 861 5031 992 5071; x_wconf 79' lang='lat' dir='ltr'><strong>mea:</strong></span> <span class='ocrx_word' id='word_1_713' title='bbox 1023 5017 1237 5088; x_wconf 88' lang='lat' dir='ltr'><strong>indulge</strong></span> <span class='ocrx_word' id='word_1_714' title='bbox 1264 5021 1406 5089; x_wconf 90' lang='lat' dir='ltr'><strong>quod</strong></span> <span class='ocrx_word' id='word_1_715' title='bbox 1432 5024 1512 5079; x_wconf 90' lang='lat' dir='ltr'><strong>sic</strong></span> <span class='ocrx_word' id='word_1_716' title='bbox 1539 5025 1798 5082; x_wconf 87' lang='lat' dir='ltr'><strong>audacter</strong></span> <span class='ocrx_word' id='word_1_717' title='bbox 1816 5029 2023 5100; x_wconf 85' lang='lat' dir='ltr'><strong>scripsi,</strong></span> 
     </span>
    </p>
   </div>
   <div class='ocr_carea' id='block_1_97' title="bbox 446 5107 2030 5185">
    <p class='ocr_par' dir='ltr' id='par_1_97' title="bbox 446 5107 2030 5185">
     <span class='ocr_line' id='line_1_97' title="bbox 446 5107 2030 5185; baseline 0.009 -25"><span class='ocrx_word' id='word_1_718' title='bbox 446 5117 615 5174; x_wconf 83' lang='lat' dir='ltr'><strong>rogo,</strong></span> <span class='ocrx_word' id='word_1_719' title='bbox 643 5107 978 5175; x_wconf 85' lang='lat' dir='ltr'><strong>procacitati,</strong></span> <span class='ocrx_word' id='word_1_720' title='bbox 1021 5107 1179 5164; x_wconf 85' lang='lat' dir='ltr'><strong>beate</strong></span> <span class='ocrx_word' id='word_1_721' title='bbox 1208 5125 1369 5180; x_wconf 85' lang='lat' dir='ltr'><strong>papa,</strong></span> <span class='ocrx_word' id='word_1_722' title='bbox 1400 5120 1456 5166; x_wconf 84' lang='lat' dir='ltr'><strong>et</strong></span> <span class='ocrx_word' id='word_1_723' title='bbox 1491 5127 1590 5168; x_wconf 91' lang='lat' dir='ltr'><strong>oro</strong></span> <span class='ocrx_word' id='word_1_724' title='bbox 1621 5111 1678 5169; x_wconf 85' lang='lat' dir='ltr'><strong>ut</strong></span> <span class='ocrx_word' id='word_1_725' title='bbox 1708 5131 1806 5185; x_wconf 91' lang='lat' dir='ltr'><strong>pro</strong></span> <span class='ocrx_word' id='word_1_726' title='bbox 1836 5134 1924 5173; x_wconf 89' lang='lat' dir='ltr'><strong>me</strong></span> <span class='ocrx_word' id='word_1_727' title='bbox 1951 5119 2030 5174; x_wconf 79' lang='lat' dir='ltr'><strong>vi-</strong></span> 
     </span>
    </p>
   </div>
   <div class='ocr_carea' id='block_1_98' title="bbox 447 5193 2026 5265">
    <p class='ocr_par' dir='ltr' id='par_1_98' title="bbox 447 5193 2026 5265">
     <span class='ocr_line' id='line_1_98' title="bbox 447 5193 2026 5265; baseline 0.011 -19"><span class='ocrx_word' id='word_1_728' title='bbox 447 5193 650 5250; x_wconf 83' lang='lat' dir='ltr'><strong>lissimo</strong></span> <span class='ocrx_word' id='word_1_729' title='bbox 679 5204 964 5265; x_wconf 81' lang='lat' dir='ltr'><strong>peccatore</strong></span> <span class='ocrx_word' id='word_1_730' title='bbox 992 5197 1076 5253; x_wconf 92' lang='lat' dir='ltr'><strong>vel</strong></span> <span class='ocrx_word' id='word_1_731' title='bbox 1105 5199 1274 5254; x_wconf 87' lang='lat' dir='ltr'><strong>semel</strong></span> <span class='ocrx_word' id='word_1_732' title='bbox 1318 5201 1372 5256; x_wconf 93' lang='lat' dir='ltr'><strong>in</strong></span> <span class='ocrx_word' id='word_1_733' title='bbox 1403 5202 1508 5257; x_wconf 89' lang='lat' dir='ltr'><strong>tuis</strong></span> <span class='ocrx_word' id='word_1_734' title='bbox 1535 5205 1734 5260; x_wconf 88' lang='lat' dir='ltr'><strong>sanctis</strong></span> <span class='ocrx_word' id='word_1_735' title='bbox 1762 5208 2026 5262; x_wconf 83' lang='lat' dir='ltr'><strong>orationi-</strong></span> 
     </span>
    </p>
   </div>
   <div class='ocr_carea' id='block_1_99' title="bbox 447 5283 2026 5366">
    <p class='ocr_par' dir='ltr' id='par_1_99' title="bbox 447 5283 2026 5366">
     <span class='ocr_line' id='line_1_99' title="bbox 447 5283 2026 5366; baseline 0.011 -29"><span class='ocrx_word' id='word_1_736' title='bbox 447 5284 545 5338; x_wconf 86' lang='lat' dir='ltr'><strong>bus</strong></span> <span class='ocrx_word' id='word_1_737' title='bbox 591 5283 661 5338; x_wconf 86' lang='lat' dir='ltr'><strong>ad</strong></span> <span class='ocrx_word' id='word_1_738' title='bbox 697 5300 1036 5342; x_wconf 87' lang='lat' dir='ltr'><strong>communem</strong></span> <span class='ocrx_word' id='word_1_739' title='bbox 1087 5288 1370 5345; x_wconf 90' lang='lat' dir='ltr'><strong>Dominum</strong></span> <span class='ocrx_word' id='word_1_740' title='bbox 1417 5307 1556 5348; x_wconf 89' lang='lat' dir='ltr'><strong>ores.</strong></span> <span class='ocrx_word' id='word_1_741' title='bbox 1591 5293 2026 5366; x_wconf 80' lang='lat' dir='ltr'><strong>Persuperllnum</strong></span> 
     </span>
    </p>
   </div>
   <div class='ocr_carea' id='block_1_100' title="bbox 447 5378 2021 5460">
    <p class='ocr_par' dir='ltr' id='par_1_100' title="bbox 447 5378 2021 5460">
     <span class='ocr_line' id='line_1_100' title="bbox 447 5378 2021 5460; baseline 0.013 -32"><span class='ocrx_word' id='word_1_742' title='bbox 447 5386 576 5444; x_wconf 84' lang='lat' dir='ltr'><strong>puto</strong></span> <span class='ocrx_word' id='word_1_743' title='bbox 606 5378 972 5436; x_wconf 83' lang='lat' dir='ltr'><strong>commendari</strong></span> <span class='ocrx_word' id='word_1_744' title='bbox 1001 5380 1096 5436; x_wconf 92' lang='lat' dir='ltr'><strong>tibi</strong></span> <span class='ocrx_word' id='word_1_745' title='bbox 1123 5397 1294 5450; x_wconf 89' lang='lat' dir='ltr'><strong>meos,</strong></span> <span class='ocrx_word' id='word_1_746' title='bbox 1341 5399 1478 5454; x_wconf 89' lang='lat' dir='ltr'><strong>quos</strong></span> <span class='ocrx_word' id='word_1_747' title='bbox 1506 5385 1756 5445; x_wconf 86' lang='lat' dir='ltr'><strong>Salvator</strong></span> <span class='ocrx_word' id='word_1_748' title='bbox 1784 5392 1937 5460; x_wconf 88' lang='lat' dir='ltr'><strong>quasi</strong></span> <span class='ocrx_word' id='word_1_749' title='bbox 1971 5393 2021 5448; x_wconf 93' lang='lat' dir='ltr'><strong>in</strong></span> 
     </span>
    </p>
   </div>
   <div class='ocr_carea' id='block_1_101' title="bbox 445 5468 2020 5550">
    <p class='ocr_par' dir='ltr' id='par_1_101' title="bbox 445 5468 2020 5550">
     <span class='ocr_line' id='line_1_101' title="bbox 445 5468 2020 5550; baseline 0.012 -30"><span class='ocrx_word' id='word_1_750' title='bbox 445 5482 544 5523; x_wconf 88' lang='lat' dir='ltr'><strong>suo</strong></span> <span class='ocrx_word' id='word_1_751' title='bbox 571 5468 788 5526; x_wconf 88' lang='lat' dir='ltr'><strong>nomine</strong></span> <span class='ocrx_word' id='word_1_752' title='bbox 815 5470 1179 5539; x_wconf 81' lang='lat' dir='ltr'><strong>ambulantes,</strong></span> <span class='ocrx_word' id='word_1_753' title='bbox 1210 5475 1549 5547; x_wconf 89' lang='lat' dir='ltr'><strong>recipiendos</strong></span> <span class='ocrx_word' id='word_1_754' title='bbox 1590 5494 1710 5535; x_wconf 89' lang='lat' dir='ltr'><strong>esse</strong></span> <span class='ocrx_word' id='word_1_755' title='bbox 1735 5481 1978 5538; x_wconf 89' lang='lat' dir='ltr'><strong>decernit</strong></span> <span class='ocrx_word' id='word_1_756' title='bbox 2005 5503 2020 5550; x_wconf 91' lang='lat'><strong>;</strong></span> 
     </span>
    </p>
   </div>
   <div class='ocr_carea' id='block_1_102' title="bbox 445 5558 2026 5642">
    <p class='ocr_par' dir='ltr' id='par_1_102' title="bbox 445 5558 2026 5642">
     <span class='ocr_line' id='line_1_102' title="bbox 445 5558 2026 5642; baseline 0.011 -30"><span class='ocrx_word' id='word_1_757' title='bbox 445 5567 504 5612; x_wconf 86' lang='lat' dir='ltr'><strong>et</strong></span> <span class='ocrx_word' id='word_1_758' title='bbox 528 5559 592 5625; x_wconf 86' lang='lat' dir='ltr'><strong>si,</strong></span> <span class='ocrx_word' id='word_1_759' title='bbox 615 5568 672 5615; x_wconf 92' lang='lat' dir='ltr'><strong>ut</strong></span> <span class='ocrx_word' id='word_1_760' title='bbox 689 5559 867 5617; x_wconf 88' lang='lat' dir='ltr'><strong>audivi</strong></span> <span class='ocrx_word' id='word_1_761' title='bbox 893 5577 925 5616; x_wconf 87' lang='lat' dir='ltr'><strong>a</strong></span> <span class='ocrx_word' id='word_1_762' title='bbox 951 5571 1140 5619; x_wconf 83' lang='lat' dir='ltr'><strong>sancto</strong></span> <span class='ocrx_word' id='word_1_763' title='bbox 1157 5558 1401 5623; x_wconf 77' lang='lat' dir='ltr'><strong>Candide</strong></span> <span class='ocrx_word' id='word_1_764' title='bbox 1425 5577 1539 5624; x_wconf 88' lang='lat' dir='ltr'><strong>tuo.</strong></span> <span class='ocrx_word' id='word_1_765' title='bbox 1567 5568 1670 5624; x_wconf 88' lang='lat' dir='ltr'><strong>hoc</strong></span> <span class='ocrx_word' id='word_1_766' title='bbox 1699 5573 2026 5642; x_wconf 88' lang='lat' dir='ltr'><strong>respondere</strong></span> 
     </span>
    </p>
   </div>
   <div class='ocr_carea' id='block_1_103' title="bbox 523 5697 2021 5795">
    <p class='ocr_par' dir='ltr' id='par_1_103' title="bbox 523 5697 2021 5795">
     <span class='ocr_line' id='line_1_103' title="bbox 523 5697 2021 5795; baseline 0.007 -25"><span class='ocrx_word' id='word_1_767' title='bbox 523 5715 653 5795; x_wconf 37' lang='lat' dir='ltr'><strong>{alid</strong></span> <span class='ocrx_word' id='word_1_768' title='bbox 681 5726 730 5769; x_wconf 88' lang='lat' dir='ltr'><strong>te</strong></span> <span class='ocrx_word' id='word_1_769' title='bbox 755 5719 928 5795; x_wconf 66' lang='lat' dir='ltr'><strong>eundi.</strong></span> <span class='ocrx_word' id='word_1_770' title='bbox 962 5717 1122 5778; x_wconf 73' lang='lat' dir='ltr'><strong>Deest</strong></span> <span class='ocrx_word' id='word_1_771' title='bbox 1159 5721 1247 5777; x_wconf 88' lang='lat' dir='ltr'><strong>hic</strong></span> <span class='ocrx_word' id='word_1_772' title='bbox 1298 5721 1497 5790; x_wconf 76' lang='lat' dir='ltr'><strong>aliquid</strong></span> <span class='ocrx_word' id='word_1_773' title='bbox 1549 5741 1562 5775; x_wconf 91' lang='lat'><strong>:</strong></span> <span class='ocrx_word' id='word_1_774' title='bbox 1621 5721 1780 5792; x_wconf 84' lang='lat' dir='ltr'><strong>fo&#39;itc,</strong></span> <span class='ocrx_word' id='word_1_775' title='bbox 1813 5697 2021 5794; x_wconf 57' lang='lat' dir='ltr'><strong>(citaret,</strong></span> 
     </span>
    </p>
   </div>
   <div class='ocr_carea' id='block_1_104' title="bbox 449 5785 1015 5856">
    <p class='ocr_par' dir='ltr' id='par_1_104' title="bbox 449 5785 1015 5856">
     <span class='ocr_line' id='line_1_104' title="bbox 449 5785 1015 5856; baseline 0.014 -21"><span class='ocrx_word' id='word_1_776' title='bbox 449 5785 686 5854; x_wconf 69' lang='lat' dir='ltr'><strong>cupidinis</strong></span> <span class='ocrx_word' id='word_1_777' title='bbox 713 5787 782 5838; x_wconf 70' lang='lat' dir='ltr'><strong>ad</strong></span> <span class='ocrx_word' id='word_1_778' title='bbox 811 5797 880 5856; x_wconf 80' lang='lat' dir='ltr'><strong>te,</strong></span> <span class='ocrx_word' id='word_1_779' title='bbox 910 5799 1015 5842; x_wconf 89' lang='lat' dir='ltr'><strong>etc.</strong></span> 
     </span>
    </p>
   </div>
   <div class='ocr_carea' id='block_1_105' title="bbox 2135 4657 3721 4728">
    <p class='ocr_par' dir='ltr' id='par_1_105' title="bbox 2135 4657 3721 4728">
     <span class='ocr_line' id='line_1_105' title="bbox 2135 4657 3721 4728; baseline -0.009 -12"><span class='ocrx_word' id='word_1_780' title='bbox 2135 4677 2244 4716; x_wconf 88' lang='lat' dir='ltr'><strong>non</strong></span> <span class='ocrx_word' id='word_1_781' title='bbox 2268 4658 2441 4715; x_wconf 88' lang='lat' dir='ltr'><strong>solum</strong></span> <span class='ocrx_word' id='word_1_782' title='bbox 2464 4658 2673 4728; x_wconf 80' lang='lat' dir='ltr'><strong>agendo</strong></span> <span class='ocrx_word' id='word_1_783' title='bbox 2696 4658 2890 4727; x_wconf 87' lang='lat' dir='ltr'><strong>justus,</strong></span> <span class='ocrx_word' id='word_1_784' title='bbox 2935 4657 3030 4713; x_wconf 88' lang='lat' dir='ltr'><strong>sed</strong></span> <span class='ocrx_word' id='word_1_785' title='bbox 3059 4658 3221 4712; x_wconf 87' lang='lat' dir='ltr'><strong>etiam</strong></span> <span class='ocrx_word' id='word_1_786' title='bbox 3262 4673 3361 4728; x_wconf 91' lang='lat' dir='ltr'><strong>pro</strong></span> <span class='ocrx_word' id='word_1_787' title='bbox 3380 4657 3590 4725; x_wconf 79' lang='lat' dir='ltr'><strong>iustitia</strong></span> <span class='ocrx_word' id='word_1_788' title='bbox 3621 4675 3721 4715; x_wconf 82' lang='lat' dir='ltr'><strong>su-</strong></span> 
     </span>
    </p>
   </div>
   <div class='ocr_carea' id='block_1_106' title="bbox 2133 4748 3724 4820">
    <p class='ocr_par' dir='ltr' id='par_1_106' title="bbox 2133 4748 3724 4820">
     <span class='ocr_line' id='line_1_106' title="bbox 2133 4748 3724 4820; baseline -0.001 -13"><span class='ocrx_word' id='word_1_789' title='bbox 2133 4751 2383 4807; x_wconf 86' lang='lat' dir='ltr'><strong>stinendo</strong></span> <span class='ocrx_word' id='word_1_790' title='bbox 2430 4758 2653 4820; x_wconf 82' lang='lat' dir='ltr'><strong>martyr.</strong></span> <span class='ocrx_word' id='word_1_791' title='bbox 2702 4748 2854 4815; x_wconf 83' lang='lat' dir='ltr'><strong>regni</strong></span> <span class='ocrx_word' id='word_1_792' title='bbox 2903 4749 3154 4802; x_wconf 88' lang='lat' dir='ltr'><strong>nimirum</strong></span> <span class='ocrx_word' id='word_1_793' title='bbox 3183 4748 3418 4805; x_wconf 63' lang='lat' dir='ltr'><strong>celestis</strong></span> <span class='ocrx_word' id='word_1_794' title='bbox 3459 4750 3724 4820; x_wconf 80' lang='lat' dir='ltr'><strong>cupidus,</strong></span> 
     </span>
    </p>
   </div>
   <div class='ocr_carea' id='block_1_107' title="bbox 2133 4836 3723 4912">
    <p class='ocr_par' dir='ltr' id='par_1_107' title="bbox 2133 4836 3723 4912">
     <span class='ocr_line' id='line_1_107' title="bbox 2133 4836 3723 4912; baseline 0 -15"><span class='ocrx_word' id='word_1_795' title='bbox 2133 4851 2227 4897; x_wconf 91' lang='lat' dir='ltr'><strong>ant</strong></span> <span class='ocrx_word' id='word_1_796' title='bbox 2255 4859 2362 4898; x_wconf 91' lang='lat' dir='ltr'><strong>non</strong></span> <span class='ocrx_word' id='word_1_797' title='bbox 2412 4841 2562 4912; x_wconf 83' lang='lat' dir='ltr'><strong>[Leg.</strong></span> <span class='ocrx_word' id='word_1_798' title='bbox 2613 4836 2760 4910; x_wconf 89' lang='lat' dir='ltr'><strong>cum]</strong></span> <span class='ocrx_word' id='word_1_799' title='bbox 2803 4839 3050 4894; x_wconf 84' lang='lat' dir='ltr'><strong>similiter</strong></span> <span class='ocrx_word' id='word_1_800' title='bbox 3104 4841 3437 4897; x_wconf 82' lang='lat' dir='ltr'><strong>certantibus</strong></span> <span class='ocrx_word' id='word_1_801' title='bbox 3483 4857 3723 4898; x_wconf 81' lang='lat' dir='ltr'><strong>corona-</strong></span> 
     </span>
    </p>
   </div>
   <div class='ocr_carea' id='block_1_108' title="bbox 2136 4943 2242 4988">
    <p class='ocr_par' dir='ltr' id='par_1_108' title="bbox 2136 4943 2242 4988">
     <span class='ocr_line' id='line_1_108' title="bbox 2136 4943 2242 4988; baseline -0.009 0"><span class='ocrx_word' id='word_1_802' title='bbox 2136 4943 2242 4988; x_wconf 91' lang='lat' dir='ltr'><strong>tur.</strong></span> 
     </span>
    </p>
   </div>
   <div class='ocr_carea' id='block_1_109' title="bbox 2203 5022 3724 5093">
    <p class='ocr_par' dir='ltr' id='par_1_109' title="bbox 2203 5022 3724 5093">
     <span class='ocr_line' id='line_1_109' title="bbox 2203 5022 3724 5093; baseline 0.001 -13"><span class='ocrx_word' id='word_1_803' title='bbox 2203 5025 2268 5080; x_wconf 88' lang='lat' dir='ltr'><strong>ll.</strong></span> <span class='ocrx_word' id='word_1_804' title='bbox 2296 5025 2428 5079; x_wconf 88' lang='lat' dir='ltr'><strong>Dum</strong></span> <span class='ocrx_word' id='word_1_805' title='bbox 2456 5036 2601 5092; x_wconf 88' lang='lat' dir='ltr'><strong>ergo,</strong></span> <span class='ocrx_word' id='word_1_806' title='bbox 2635 5024 2772 5079; x_wconf 89' lang='lat' dir='ltr'><strong>sicut</strong></span> <span class='ocrx_word' id='word_1_807' title='bbox 2819 5024 3079 5093; x_wconf 89' lang='lat' dir='ltr'><strong>scriptum</strong></span> <span class='ocrx_word' id='word_1_808' title='bbox 3119 5031 3220 5088; x_wconf 87' lang='lat' dir='ltr'><strong>est,</strong></span> <span class='ocrx_word' id='word_1_809' title='bbox 3249 5022 3353 5087; x_wconf 75' lang='lat' dir='ltr'><strong>Qui</strong></span> <span class='ocrx_word' id='word_1_810' title='bbox 3390 5026 3515 5079; x_wconf 72' lang='lat' dir='ltr'><strong>dicit</strong></span> <span class='ocrx_word' id='word_1_811' title='bbox 3561 5042 3619 5080; x_wconf 78' lang='lat' dir='ltr'><strong>se</strong></span> <span class='ocrx_word' id='word_1_812' title='bbox 3665 5029 3724 5083; x_wconf 78' lang='lat' dir='ltr'><strong>iis</strong></span> 
     </span>
    </p>
   </div>
   <div class='ocr_carea' id='block_1_110' title="bbox 2134 5115 3725 5186">
    <p class='ocr_par' dir='ltr' id='par_1_110' title="bbox 2134 5115 3725 5186">
     <span class='ocr_line' id='line_1_110' title="bbox 2134 5115 3725 5186; baseline 0.001 -15"><span class='ocrx_word' id='word_1_813' title='bbox 2134 5119 2336 5171; x_wconf 77' lang='lat' dir='ltr'><strong>Christo</strong></span> <span class='ocrx_word' id='word_1_814' title='bbox 2375 5117 2600 5181; x_wconf 80' lang='lat' dir='ltr'><strong>credere,</strong></span> <span class='ocrx_word' id='word_1_815' title='bbox 2637 5115 2787 5170; x_wconf 77' lang='lat' dir='ltr'><strong>debet</strong></span> <span class='ocrx_word' id='word_1_816' title='bbox 2815 5129 2866 5170; x_wconf 78' lang='lat' dir='ltr'><strong>et</strong></span> <span class='ocrx_word' id='word_1_817' title='bbox 2885 5117 2994 5186; x_wconf 83' lang='lat' dir='ltr'><strong>ipse</strong></span> <span class='ocrx_word' id='word_1_818' title='bbox 3019 5115 3306 5185; x_wconf 75' lang='lat' dir='ltr'><strong>ambulare,</strong></span> <span class='ocrx_word' id='word_1_819' title='bbox 3339 5117 3472 5171; x_wconf 69' lang='lat' dir='ltr'><strong>sicut</strong></span> <span class='ocrx_word' id='word_1_820' title='bbox 3498 5127 3548 5172; x_wconf 83' lang='lat' dir='ltr'><strong>et</strong></span> <span class='ocrx_word' id='word_1_821' title='bbox 3569 5117 3725 5173; x_wconf 72' lang='lat' dir='ltr'><strong>Chri-</strong></span> 
     </span>
    </p>
   </div>
   <div class='ocr_carea' id='block_1_111' title="bbox 2129 5207 3724 5280">
    <p class='ocr_par' dir='ltr' id='par_1_111' title="bbox 2129 5207 3724 5280">
     <span class='ocr_line' id='line_1_111' title="bbox 2129 5207 3724 5280; baseline 0.002 -16"><span class='ocrx_word' id='word_1_822' title='bbox 2129 5221 2238 5264; x_wconf 84' lang='lat' dir='ltr'><strong>stus</strong></span> <span class='ocrx_word' id='word_1_823' title='bbox 2272 5207 2622 5280; x_wconf 68' lang='lat' dir='ltr'><strong>ambutavitu</strong></span> <span class='ocrx_word' id='word_1_824' title='bbox 2650 5209 2810 5263; x_wconf 83' lang='lat' dir='ltr'><strong>Joan.</strong></span> <span class='ocrx_word' id='word_1_825' title='bbox 2851 5225 2908 5274; x_wconf 85' lang='grc' dir='ltr'><strong>ιι,</strong></span> <span class='ocrx_word' id='word_1_826' title='bbox 2940 5209 3019 5280; x_wconf 83' lang='grc'><strong>6),</strong></span> <span class='ocrx_word' id='word_1_827' title='bbox 3069 5208 3118 5262; x_wconf 89' lang='lat' dir='ltr'><strong>id</strong></span> <span class='ocrx_word' id='word_1_828' title='bbox 3147 5217 3249 5275; x_wconf 87' lang='lat' dir='ltr'><strong>est,</strong></span> <span class='ocrx_word' id='word_1_829' title='bbox 3290 5218 3345 5264; x_wconf 86' lang='lat' dir='ltr'><strong>et</strong></span> <span class='ocrx_word' id='word_1_830' title='bbox 3383 5225 3608 5280; x_wconf 58' lang='lat' dir='ltr'><strong>pauper.</strong></span> <span class='ocrx_word' id='word_1_831' title='bbox 3667 5224 3724 5268; x_wconf 83' lang='lat' dir='ltr'><strong>ct</strong></span> 
     </span>
    </p>
   </div>
   <div class='ocr_carea' id='block_1_112' title="bbox 2130 5299 3722 5369">
    <p class='ocr_par' dir='ltr' id='par_1_112' title="bbox 2130 5299 3722 5369">
     <span class='ocr_line' id='line_1_112' title="bbox 2130 5299 3722 5369; baseline -0.001 -14"><span class='ocrx_word' id='word_1_832' title='bbox 2130 5300 2384 5367; x_wconf 87' lang='lat' dir='ltr'><strong>humilis,</strong></span> <span class='ocrx_word' id='word_1_833' title='bbox 2438 5308 2492 5354; x_wconf 91' lang='lat' dir='ltr'><strong>et</strong></span> <span class='ocrx_word' id='word_1_834' title='bbox 2546 5299 2827 5354; x_wconf 89' lang='lat' dir='ltr'><strong>veritatem</strong></span> <span class='ocrx_word' id='word_1_835' title='bbox 2879 5314 3098 5369; x_wconf 85' lang='lat' dir='ltr'><strong>semper</strong></span> <span class='ocrx_word' id='word_1_836' title='bbox 3156 5314 3280 5353; x_wconf 91' lang='lat' dir='ltr'><strong>cum</strong></span> <span class='ocrx_word' id='word_1_837' title='bbox 3334 5300 3722 5368; x_wconf 76' lang='lat' dir='ltr'><strong>persecutione</strong></span> 
     </span>
    </p>
   </div>
   <div class='ocr_carea' id='block_1_113' title="bbox 2132 5389 3721 5460">
    <p class='ocr_par' dir='ltr' id='par_1_113' title="bbox 2132 5389 3721 5460">
     <span class='ocr_line' id='line_1_113' title="bbox 2132 5389 3721 5460; baseline 0.001 -14"><span class='ocrx_word' id='word_1_838' title='bbox 2132 5393 2408 5448; x_wconf 85' lang='lat' dir='ltr'><strong>hominum</strong></span> <span class='ocrx_word' id='word_1_839' title='bbox 2463 5391 2805 5460; x_wconf 64' lang='lat' dir='ltr'><strong>praedicans;</strong></span> <span class='ocrx_word' id='word_1_840' title='bbox 2858 5402 2927 5446; x_wconf 55' lang='lat' dir='ltr'><strong>&#39;et</strong></span> <span class='ocrx_word' id='word_1_841' title='bbox 2974 5392 3209 5452; x_wconf 84' lang='lat' dir='ltr'><strong>iterum.</strong></span> <span class='ocrx_word' id='word_1_842' title='bbox 3275 5389 3376 5455; x_wconf 74' lang='lat' dir='ltr'><strong>Qui</strong></span> <span class='ocrx_word' id='word_1_843' title='bbox 3421 5391 3601 5447; x_wconf 69' lang='lat' dir='ltr'><strong>volunt</strong></span> <span class='ocrx_word' id='word_1_844' title='bbox 3663 5393 3721 5447; x_wconf 69' lang='lat' dir='ltr'><strong>tu</strong></span> 
     </span>
    </p>
   </div>
   <div class='ocr_carea' id='block_1_114' title="bbox 2135 5479 3721 5552">
    <p class='ocr_par' dir='ltr' id='par_1_114' title="bbox 2135 5479 3721 5552">
     <span class='ocr_line' id='line_1_114' title="bbox 2135 5479 3721 5552; baseline 0.002 -15"><span class='ocrx_word' id='word_1_845' title='bbox 2135 5482 2338 5538; x_wconf 74' lang='lat' dir='ltr'><strong>Christo</strong></span> <span class='ocrx_word' id='word_1_846' title='bbox 2357 5483 2440 5552; x_wconf 84' lang='lat' dir='ltr'><strong>pic</strong></span> <span class='ocrx_word' id='word_1_847' title='bbox 2460 5483 2642 5545; x_wconf 75' lang='lat' dir='ltr'><strong>vivere,</strong></span> <span class='ocrx_word' id='word_1_848' title='bbox 2666 5482 3064 5550; x_wconf 71' lang='lat' dir='ltr'><strong>persecutionem</strong></span> <span class='ocrx_word' id='word_1_849' title='bbox 3083 5483 3345 5552; x_wconf 79' lang='lat' dir='ltr'><strong>patientur</strong></span> <span class='ocrx_word' id='word_1_850' title='bbox 3369 5479 3423 5539; x_wconf 78' lang='lat' dir='ltr'><strong>il</strong></span> <span class='ocrx_word' id='word_1_851' title='bbox 3431 5481 3455 5534; x_wconf 83' lang='grc' dir='ltr'><strong><em>Ι</em></strong></span> <span class='ocrx_word' id='word_1_852' title='bbox 3476 5481 3613 5538; x_wconf 67' lang='lat' dir='ltr'><strong>Tim.</strong></span> <span class='ocrx_word' id='word_1_853' title='bbox 3640 5500 3721 5545; x_wconf 79' lang='lat' dir='ltr'><strong>ut.</strong></span> 
     </span>
    </p>
   </div>
   <div class='ocr_carea' id='block_1_115' title="bbox 2136 5569 3716 5644">
    <p class='ocr_par' dir='ltr' id='par_1_115' title="bbox 2136 5569 3716 5644">
     <span class='ocr_line' id='line_1_115' title="bbox 2136 5569 3716 5644; baseline 0.002 -17"><span class='ocrx_word' id='word_1_854' title='bbox 2136 5572 2257 5644; x_wconf 67' lang='lat'><strong>19);</strong></span> <span class='ocrx_word' id='word_1_855' title='bbox 2285 5581 2338 5629; x_wconf 89' lang='lat' dir='ltr'><strong>et</strong></span> <span class='ocrx_word' id='word_1_856' title='bbox 2363 5571 2486 5642; x_wconf 86' lang='lat' dir='ltr'><strong>quia</strong></span> <span class='ocrx_word' id='word_1_857' title='bbox 2510 5569 2670 5625; x_wconf 78' lang='lat' dir='ltr'><strong>Fides</strong></span> <span class='ocrx_word' id='word_1_858' title='bbox 2699 5573 2809 5626; x_wconf 84' lang='lat' dir='ltr'><strong>sine</strong></span> <span class='ocrx_word' id='word_1_859' title='bbox 2836 5572 3068 5639; x_wconf 80' lang='lat' dir='ltr'><strong>operibus</strong></span> <span class='ocrx_word' id='word_1_860' title='bbox 3098 5581 3298 5626; x_wconf 74' lang='lat' dir='ltr'><strong>mortua</strong></span> <span class='ocrx_word' id='word_1_861' title='bbox 3335 5582 3411 5628; x_wconf 73' lang='lat' dir='ltr'><strong>est</strong></span> <span class='ocrx_word' id='word_1_862' title='bbox 3439 5574 3494 5627; x_wconf 83' lang='lat' dir='ltr'><strong>in</strong></span> <span class='ocrx_word' id='word_1_863' title='bbox 3526 5587 3716 5630; x_wconf 66' lang='grc' dir='ltr'><strong>ςεικαο</strong></span> 
     </span>
    </p>
   </div>
   <div class='ocr_carea' id='block_1_116' title="bbox 2206 5727 3291 5806">
    <p class='ocr_par' dir='ltr' id='par_1_116' title="bbox 2206 5727 3291 5806">
     <span class='ocr_line' id='line_1_116' title="bbox 2206 5727 3291 5806; baseline 0.001 -22"><span class='ocrx_word' id='word_1_864' title='bbox 2206 5731 2231 5770; x_wconf 73' lang='grc'><strong>⁸³</strong></span> <span class='ocrx_word' id='word_1_865' title='bbox 2265 5728 2509 5784; x_wconf 62' lang='lat' dir='ltr'><strong>&quot;uiuite.</strong></span> <span class='ocrx_word' id='word_1_866' title='bbox 2542 5727 2701 5806; x_wconf 78' lang='lat' dir='ltr'><strong>Forte</strong></span> <span class='ocrx_word' id='word_1_867' title='bbox 2729 5729 2896 5782; x_wconf 66' lang='lat' dir='ltr'><strong>ailili-n</strong></span> <span class='ocrx_word' id='word_1_868' title='bbox 2917 5731 3046 5796; x_wconf 81' lang='lat' dir='ltr'><strong>lL&#39;tn,</strong></span> <span class='ocrx_word' id='word_1_869' title='bbox 3072 5746 3291 5798; x_wconf 74' lang='lat' dir='ltr'><strong>possem.</strong></span> 
     </span>
    </p>
   </div>
  </div>
