3856 6218
184 351 280 404 965

1126 350 1472 407 EPISTULAS
1515 352 1603 405 AD
1645 347 1993 407 DlVEllSOS.
2029 377 2094 388 —
2137 347 2345 404 EPIST.
2390 346 2448 400 ll.

3309 341 3408 394 96'5

185 464 284 528 ipsa
305 457 439 530 (Jac.
482 475 540 522 ll,
575 459 665 520 l7,
697 459 791 527 ΞΟ,
824 459 937 524 9.6),
968 469 1020 512 et
1051 459 1300 517 Dominus
1322 460 1476 515 fatuis
1495 465 1609 516 sola
1642 463 1742 516 title
1773 465 1817 522 Α
1846 463 2022 517 verior
2049 462 2117 517 sit
2155 461 2384 525 traditio,
2418 467 2593 513 vestra
2635 471 2702 512 an
2749 458 2969 511 fratrum
3018 466 3314 511 vt‘strorum
3359 459 3410 511 in

183 548 425 606 cogitastis
444 550 746 618 respondet
779 567 792 602 :
832 551 960 614 Quia
985 565 1086 602 non
1123 552 1239 604 novi
1278 567 1362 604 vos
1393 550 1600 618 (Matth.
1635 567 1743 612 vn.

183 642 263 708 25)
282 649 357 694 :et
367 641 501 694 bene
516 641 886 706 credentibus,
902 651 953 696 et
971 641 1202 708 Domine,
1222 643 1438 697 Domine
1452 645 1609 713 (Ibid.
1625 684 1640 708 ,
1653 644 1744 714 21)

185 731 457 785 dicentibus
504 732 761 798 promisit
803 733 944 800 quod
985 748 1087 786 non
1126 734 1395 788 intrabunt
1423 734 1474 787 in
1524 750 1744 803 regnum

185 818 436 874 calonum.
472 818 541 872 Et
570 821 704 874 dum
735 836 839 875 non
869 830 1106 890 possunt,
1129 821 1209 876 vel
1237 823 1317 876 sui
1344 838 1461 877 esse
1479 824 1744 893 discipuli,

186 910 256 964 vel
281 907 417 976 digni
462 922 546 972 se,
596 910 693 976 qui
741 925 843 963 non
889 909 1306 964 renuntiaverint
1348 912 1594 965 omnibus
1629 927 1747 980 qua:

187 999 472 1068 possident,
502 998 878 1068 unusquisque
903 1013 962 1054 se
989 999 1324 1063 consideret;
1355 1008 1410 1053 et
1437 1000 1480 1054 si
1504 1000 1617 1054 htcc
1644 998 1750 1054 fixe

186 1086 450 1154 complevit
485 1095 584 1138 ant
629 1087 906 1148 sustinuit,
939 1101 1004 1139 ne
1059 1086 1266 1140 alienus
1293 1087 1361 1140 sit
1399 1102 1427 1140 a
1477 1088 1748 1156 discipulis

189 1175 373 1230 Domini
416 1174 587 1228 nostri
615 1171 743 1228 Jesu
787 1174 1002 1235 Christi.
1034 1174 1158 1242 quia
1191 1190 1298 1227 non
1327 1174 1488 1228 debet
1515 1175 1749 1242 degener

186 1281 288 1322 esse
317 1263 471 1325 ﬁlius,
521 1273 579 1317 et
608 1263 903 1332 discipulus
931 1263 1182 1331 Magistro
1211 1279 1318 1318 non
1346 1263 1505 1318 debet
1532 1273 1748 1319 contra-

185 1359 251 1433 ria
291 1356 598 1427 prsidicare.
653 1357 758 1421 Qui
803 1358 939 1410 enim
982 1372 1086 1410 non
1129 1357 1289 1409 intrat
1322 1373 1412 1426 per
1440 1357 1657 1425 januam
1693 1359 1747 1409 in

187 1447 299 1502 ovile
323 1448 506 1509 ovium,
536 1447 629 1500 ille
659 1449 746 1517 [ur
785 1455 934 1499 estet
969 1445 1102 1498 latro
1147 1444 1326 1514 (Joan.
1375 1462 1430 1509 x,
1464 1445 1536 1512 l).
1565 1443 1627 1498 Et
1658 1447 1749 1514 qui

189 1538 304 1604 fugit
346 1535 648 1604 castigandi
689 1542 744 1588 et
776 1534 979 1588 vitiosis
1019 1533 1294 1588 resistendi
1333 1534 1588 1598 laborem,
1618 1549 1752 1589 mer-

187 1625 411 1681 cenarius
437 1632 541 1687 est,
574 1638 689 1677 non
725 1622 862 1676 lilius
910 1636 1121 1692 semper
1168 1623 1219 1676 in
1253 1620 1490 1677 Ecclesia
1539 1638 1752 1677 mansu-

189 1733 286 1771 rus.
319 1715 437 1768 ilzec
465 1714 674 1770 idcirco
695 1714 931 1769 breviter
970 1714 1142 1791 tetigi,
1171 1725 1227 1767 ut
1254 1715 1298 1768 si
1327 1715 1620 1778 volueritis,
1654 1729 1752 1769 nos

1846 551 2153 605 Occidente.
2195 550 2391 603 Omnes
2435 549 2576 603 enim
2631 547 2868 602 ecclesia:
2915 547 3079 601 totius
3114 545 3413 601 Occidentis

1847 642 2008 709 (sicut
2049 641 2100 695 in
2133 651 2280 695 tomo
2326 638 2690 708 responsionis
2719 653 2850 691 mea:
2885 651 3044 704 quem
3093 637 3244 691 vobis
3275 652 3416 691 nunc

1847 728 1986 801 tuisi,
2036 729 2160 786 licet
2209 736 2333 782 ante
2381 727 2666 780 triennium
2703 725 2976 794 scriptum,
3022 724 3270 793 indicavi)
3309 740 3415 778 non

1845 817 2135 884 respiciunt
2163 818 2282 888 [Αη.
2317 816 2579 884 recipiunt
2597 813 2641 884 ἲ]
2673 814 2784 868 fieri
2815 815 3010 868 debere
3044 813 3413 868 Rcsurrectio-

1847 921 1967 959 nem
2018 914 2142 959 ante
2191 904 2536 965 Passionem,
2606 904 2656 956 id
2686 913 2814 968 est,
2867 913 2993 958 ante
3035 903 3413 973 aequinoctium

1846 993 2069 1059 Pascha,
2110 1002 2163 1048 et
2189 994 2492 1062 vigesimam
2522 993 2835 1046 lunamnou
2864 992 3147 1056 excedunt,
3200 1008 3268 1046 ne
3295 992 3414 1046 sine

1847 1083 2162 1138 auctoritate
2210 1083 2403 1136 veteris
2460 1081 2786 1136 Testamenti
2840 1090 3230 1136 sacramentum
3286 1081 3418 1136 Novi

1848 1173 2172 1228 Testamenti
2211 1180 2389 1242 agant.
2418 1171 2523 1228 Sed
2567 1172 2678 1227 haec
2705 1172 2855 1234 alias,
2888 1170 3123 1240 alioquin
3151 1169 3275 1238 quid
3301 1170 3422 1239 qui-

1849 1265 1970 1318 dem
2013 1263 2086 1317 illi
2115 1264 2352 1319 sentiunt
2399 1264 2466 1317 de
2495 1262 2699 1317 Pascha
2746 1260 2855 1316 sive
2885 1276 3032 1330 papa:
3069 1277 3164 1329 per
3195 1269 3301 1315 tres
3333 1272 3416 1314 to-

1851 1371 1968 1409 mos
2008 1354 2232 1417 innotui,
2272 1363 2326 1408 et
2372 1353 2546 1407 adhuc
2591 1361 2777 1407 sancto
2817 1351 2965 1405 fratri
3010 1358 3187 1405 vestro
3235 1349 3416 1418 Arigio

1851 1445 2000 1499 brevi
2025 1444 2204 1499 libello
2227 1444 2328 1499 hoc
2357 1443 2494 1498 idem
2522 1443 2755 1497 scribere
2784 1441 3116 1511 praesumpsi.

1921 1535 2006 1588 IV.
2055 1533 2227 1590 Unum
2274 1535 2452 1604 itaque
2480 1534 2713 1603 deposco
2739 1549 2768 1585 a
2799 1543 2976 1588 vestra
3020 1533 3322 1596 sanctitate,
3366 1541 3424 1586 ut

1851 1641 1971 1682 cum
2001 1640 2132 1696 pace
2169 1634 2224 1679 et
2267 1626 2527 1680 charitate
2579 1640 2751 1678 meam
2782 1624 3131 1694 comportatis
3160 1625 3420 1692 insipien-

1853 1718 2006 1784 tiam,
2035 1732 2099 1771 ac
2121 1717 2422 1786 superbam,
2456 1725 2514 1769 ut
2539 1716 2688 1769 aiunt
2715 1715 2951 1784 quidam,
2979 1713 3244 1768 scribendi
3290 1730 3423 1782 prae-

193 1804 327 1873 quasi
363 1802 671 1866 interiores,
698 1817 793 1858 vos
821 1810 1000 1871 patres
1027 1801 1242 1867 docere,
1265 1803 1400 1858 hanc
1429 1818 1613 1856 vocem
1639 1802 1749 1857 veri
1782 1807 1825 1866 Β
1853 1805 2231 1873 sumptionem,
2261 1819 2418 1872 quam
2465 1804 2753 1858 necessitas
2782 1803 3023 1866 extorsit,
3055 1817 3161 1855 non
3193 1803 3422 1868 vanitas,

189 1897 401 1952 Pastoris
425 1905 481 1951 et
526 1896 580 1950 in
626 1910 794 1966 Opere
826 1903 880 1949 et
914 1895 966 1948 in
1006 1910 1101 1950 ore
1149 1894 1423 1958 habeatis,
1454 1908 1612 1962 quam
1647 1910 1754 1950 suae

188 1996 464 2055 agnoscunt
494 2002 630 2042 oves
657 2005 670 2040 ε
705 1985 756 2039 N
763 2003 827 2039 οη
855 1987 992 2039 enim
1017 1986 1232 2038 audiunt
1260 2003 1427 2040 vocem
1449 1986 1753 2049 alienorum,

196 2078 272 2129 sed
310 2077 508 2146 fugiunt
536 2071 603 2126 ab
651 2092 712 2127 eo
741 2073 927 2143 (lbid.,
959 2073 1034 2143 Si),
1057 2074 1207 2142 cujus
1236 2088 1420 2129 vorem
1452 2091 1556 2128 non
1587 2090 1754 2144 agno-

191 2173 346 2226 scunt,
375 2177 494 2232 qua:
526 2163 633 2216 nisi
666 2162 890 2217 actualis
917 2162 1004 2228 sit,
1031 2164 1147 2216 voci
1178 2163 1290 2219 veri
1330 2178 1435 2218 non
1467 2164 1758 2218 concordat

192 2258 417 2324 pastoris.
447 2254 559 2310 Nec
584 2255 786 2325 poterit
816 2269 994 2310 sermo
1015 2252 1306 2308 efficaciter
1329 2264 1615 2324 penetrare
1637 2256 1754 2309 ani-

195 2363 294 2400 mos
316 2346 786 2414 disciplinatornm
816 2345 884 2398 ab
911 2360 1004 2399 ore
1028 2344 1266 2413 prolatus
1292 2344 1629 2405 mercenarii,
1657 2346 1758 2400 hoc

195 2435 380 2504 signum
410 2433 640 2498 habens,
663 2430 810 2501 quod
839 2432 950 2501 ipse
979 2433 1180 2501 primus
1209 2447 1313 2485 non
1345 2432 1494 2486 audit
1521 2432 1663 2500 quod
1692 2433 1757 2486 ab

196 2539 252 2576 eo
284 2539 382 2576 non
428 2522 672 2577 auditur.
706 2519 773 2574 Et
799 2521 943 2590 quod
987 2521 1133 2590 prior
1179 2522 1387 2575 actibus
1436 2523 1760 2591 contempsit

199 2609 425 2681 Magister
449 2611 600 2666 nudo
627 2627 738 2666 non
793 2620 968 2681 potest
1009 2611 1216 2665 tradere
1247 2612 1408 2668 verbo
1437 2612 1502 2666 ad
1544 2628 1760 2668 conser-

208 2703 344 2756 vandi
371 2702 704 2771 exemplum.

255 2793 332 2846 Ill.
360 2791 524 2846 Simul
550 2807 687 2861 ergo
717 2807 922 2858 omnes,
956 2794 1067 2848 sive
1095 2792 1278 2847 clerici
1301 2834 1316 2860 ,
1346 2793 1459 2847 sive
1485 2793 1757 2855 monachi,

202 2886 315 2939 istos
347 2884 572 2952 primum
622 2898 862 2937 canones
903 2897 1058 2937 veros
1103 2897 1166 2937 ac
1219 2883 1515 2952 singulares
1551 2880 1760 2937 Domini

203 2976 349 3029 nostri
367 2973 490 3028 lesn
529 2974 735 3029 Christi
775 2974 1019 3028 similiter
1046 2974 1430 3041 compleamus,
1479 2984 1534 3030 et
1557 2975 1632 3029 sic
1661 2989 1756 3044 po-

203 3073 301 3118 stea
345 3072 554 3119 tumore
606 3064 870 3133 superbiae
919 3063 1186 3133 deposito,
1239 3079 1401 3118 unum
1449 3065 1505 3118 in
1542 3063 1762 3132 reliquis

1859 1902 1918 1946 ut
1940 1894 2051 1962 ipsa
2083 1894 2270 1960 probat
2313 1893 2488 1946 vilitas
2536 1892 2661 1960 Mn.
2691 1892 2892 1945 utilitas
2908 1889 2950 1961 ?]
2977 1908 2991 1955 ;
3023 1899 3078 1946 et
3119 1890 3242 1959 quia
3272 1891 3428 1960 hujus

1855 1980 2177 2035 diversitatis
2207 1988 2394 2033 auctor
2415 1995 2517 2032 non
2544 1980 2665 2044 sim,
2692 1995 2755 2035 ac
2783 1995 2879 2047 pro
2905 1978 3118 2033 Christo
3147 1979 3428 2034 Salvatore

1855 2069 2123 2126 ctuumuni
2163 2068 2389 2124 Domino
2435 2084 2498 2124 ac
2545 2070 2650 2124 Deo
2680 2071 2733 2123 in
2782 2072 2877 2124 has
2914 2078 3082 2125 terras
3113 2071 3426 2140 peregrinus

1857 2159 2234 2229 processerim,
2257 2159 2518 2225 deprecor
2540 2173 2631 2213 vos
2652 2175 2746 2227 per
2767 2173 3102 2214 communem
3118 2161 3419 2224 Dominum,

1858 2258 1912 2304 et
1941 2264 2036 2316 per
2089 2264 2208 2304 eum
2263 2250 2346 2318 qui
2394 2249 2719 2318 judicaturus
2768 2259 2843 2302 est
2913 2251 3047 2303 rivos
3094 2267 3154 2303 ac
3200 2259 3424 2303 mortuos

1860 2339 1947 2410 (11
1979 2339 2108 2393 Tim.
2143 2356 2215 2406 tv,
2252 2341 2302 2402 l)
2326 2339 2538 2408 adjuro,
2567 2340 2609 2393 si
2639 2340 2950 2394 mereamini
2984 2342 3050 2396 ab
3079 2356 3144 2395 eo
3183 2342 3424 2408 agnosci,

1859 2432 1948 2499 qui
1995 2431 2173 2484 multis
2220 2431 2404 2484 dicet:
2438 2431 2594 2484 Amen
2627 2431 2739 2484 dico
2788 2431 2956 2495 vobis,
3004 2434 3122 2500 quia
3171 2448 3428 2501 nunquam

1859 2521 1975 2574 novi
2005 2536 2089 2574 ros
2119 2518 2331 2578 (Matth.
2364 2535 2454 2578 vn.
2486 2520 2598 2585 23),
2629 2527 2685 2572 ut
2733 2519 2861 2574 mihi
2917 2520 3072 2574 liceat
3108 2537 3226 2576 cum
3257 2532 3433 2576 vestra

1861 2624 1992 2679 pace
2015 2617 2070 2662 et
2093 2609 2354 2664 charitate
2396 2609 2445 2661 in
2488 2609 2569 2667 liis
2597 2609 2740 2662 silvis
2778 2609 2936 2664 silere
2984 2619 3038 2665 et
3078 2611 3253 2665 vivere
3278 2614 3431 2680 juxta

1862 2713 1982 2753 ossa
2023 2708 2328 2752 nostrorum
2371 2697 2589 2751 fratrum
2630 2697 2815 2752 decem
2841 2708 2896 2753 et
2915 2707 3117 2768 St‘plem
3150 2699 3426 2755 defuncto‘

1862 2807 2000 2856 rum,
2033 2792 2171 2846 sicut
2201 2804 2367 2857 usque
2409 2804 2549 2844 nunc
2581 2790 2726 2846 licuit
2754 2792 2908 2846 nobis
2948 2792 3087 2847 inter
3114 2808 3210 2846 vos
3244 2793 3436 2847 vixisse

1863 2881 2141 2936 duodecim
2166 2882 2346 2947 annis,
2373 2889 2430 2936 ut
2451 2897 2546 2952 pro
2571 2883 2750 2946 vobis,
2779 2883 2915 2937 sicut
2943 2897 3111 2952 usque
3138 2898 3277 2937 nunc
3306 2882 3432 2938 feci-

1864 2989 2001 3036 mus,
2035 2987 2250 3026 oremus
2300 2981 2357 3026 ut
2407 2973 2680 3026 debemus.
2713 2971 2902 3042 Capiat
2951 2989 3048 3027 nos
3086 2973 3265 3041 simul,
3313 2990 3434 3039 oro.

1865 3061 2053 3125 Gallia,
2083 3077 2216 3128 quos
2255 3063 2431 3130 capiet
2459 3076 2678 3129 regnum
2707 3063 2996 3129 cmlornm,
3043 3068 3084 3118 si
3115 3065 3240 3119 boni
3270 3068 3433 3120 simus

202 3155 433 3208 scribere.
484 3152 543 3206 Si
603 3167 790 3208 omnes
821 3152 1048 3208 humiles
1075 3154 1243 3206 simus
1281 3161 1336 3206 et
1373 3167 1635 3221 pauperes
1663 3168 1760 3222 pro
1787 3169 1832 3230 ο
1867 3151 2062 3205 meriti.
2087 3149 2261 3203 Unum
2293 3152 2433 3204 enim
2467 3156 2685 3219 regnum
2716 3151 2972 3206 habemus
3016 3153 3354 3220 promissum,
3383 3163 3434 3206 et

204 3243 390 3298 Christo
438 3242 759 3305 voluntarii,
808 3242 893 3310 qui
934 3258 1026 3310 pro
1063 3241 1209 3295 nobis
1247 3257 1441 3312 pauper
1468 3243 1634 3308 factus
1663 3251 1788 3304 est,-

202 3347 298 3383 τιιιιι
320 3331 452 3383 dives
481 3340 625 3384 esset
651 3328 738 3400 (II
769 3328 889 3384 Cor.
929 3346 1016 3384 vni
1041 3369 1056 3394 ,
1086 3328 1169 3398 9);
1203 3340 1387 3400 postea
1420 3346 1518 3400 per
1545 3331 1759 3386 humili-

204 3429 347 3476 tatem
368 3421 433 3477 de
455 3429 605 3475 terra
635 3421 910 3488 vitiorum,
939 3436 1002 3476 ac
1022 3436 1116 3490 per
1145 3422 1497 3476 voluntariam
1527 3437 1758 3491 evange-

207 3512 302 3566 lica:
327 3512 707 3575 admonitionis
735 3519 1103 3582 paupertatem
1133 3511 1358 3567 diversis
1383 3513 1761 3583 cupiditatibus

207 3603 457 3673 depositis,
488 3603 746 3672 curisque
775 3602 1088 3658 mortalibus
1125 3598 1376 3667 detrusis,
1400 3603 1546 3658 velut
1575 3618 1760 3672 ampu-

207 3693 310 3747 tatis
333 3691 659 3746 diversitatis
698 3706 760 3746 ac
786 3691 1067 3746 discordia:
1095 3691 1289 3754 causis,
1318 3707 1504 3749 omnes
1544 3693 1635 3748 lilii
1667 3695 1759 3749 Dei

206 3796 360 3836 veram
414 3797 608 3852 pacem
647 3790 703 3836 et
761 3781 1020 3850 integram
1059 3781 1374 3837 eharitatem
1419 3798 1516 3852 per
1553 3799 1758 3838 morum

207 3869 588 3925 similitudinem
610 3912 625 3938 ,
647 3879 700 3924 et
728 3869 890 3924 unius
918 3869 1204 3924 voluntatis
1232 3870 1591 3938 aequalitatem
1622 3872 1760 3926 inter

206 3958 476 4013 seinvicem
496 3959 795 4014 habebunt.
813 3957 1032 4012 Multum
1057 3973 1285 4027 namque
1303 3959 1482 4012 nocuit
1497 3968 1760 4031 nocetque

600 4048 719 4117 paci
749 4062 955 4102 morum
983 4047 1284 4114 diversitas,
1314 4056 1370 4101 et
1391 4049 1622 4102 varietas
1647 4058 1757 4102 tra-

205 4137 470 4205 ditionem;
494 4139 597 4195 sed
631 4149 813 4195 tamen
843 4139 911 4205 si,
937 4147 998 4192 ut
1024 4137 1154 4201 dixi,
1177 4153 1384 4193 venena
1411 4140 1675 4209 superbiae
1705 4150 1758 4195 et

207 4225 406 4294 invidie,
436 4243 594 4282 vana:
635 4227 925 4298 gloriaeque
976 4241 1072 4294 per
1100 4226 1394 4282 Salvatoris
1424 4229 1587 4282 nostri
1617 4245 1756 4298 prm-

206 4326 388 4386 eeptum
435 4319 502 4373 ad
551 4318 858 4387 exemplum
907 4317 1394 4372 dicentis-:Discitc
1437 4335 1468 4370 a
1510 4334 1590 4370 me
1637 4321 1756 4388 quia

207 4407 322 4463 utilis
347 4426 452 4463 ωιιι
477 4420 528 4465 et
553 4411 762 4466 humilis
791 4409 943 4463 corde
973 4408 1186 4480 (Matth.
1208 4425 1280 4472 ιι,
1311 4406 1425 4475 ἳ9),
1449 4419 1503 4462 et
1528 4409 1752 4476 reliqua,

1867 3259 2027 3298 unam
2059 3257 2206 3313 spem
2250 3242 2542 3296 vocationis
2593 3242 2640 3295 in
2671 3241 2906 3306 Cluisto,
2954 3256 3204 3312 cumquo
3242 3259 3429 3298 conre.

1862 3336 2141 3404 gnabimus
2173 3333 2253 3403 (11
2299 3333 2431 3388 Tim.
2480 3349 2539 3398 ιι,
2592 3334 2676 3395 ll,
2705 3334 2812 3402 ιε),
2863 3334 2906 3389 si
2949 3342 3124 3389 tamen
3177 3335 3320 3404 prius
3350 3335 3434 3392 hic

1864 3443 1985 3482 cum
2012 3441 2078 3480 eo
2102 3426 2384 3496 patiamur,
2418 3433 2475 3476 ut
2511 3432 2565 3476 et
2607 3424 2762 3477 simul
2805 3438 2924 3476 cum
2965 3438 3030 3477 eo
3057 3423 3432 3490 glorificcmur.

1862 3515 1972 3585 Ego
2013 3518 2126 3570 scio
2168 3515 2309 3584 quod
2355 3515 2532 3567 multis
2559 3513 2823 3583 superflua
2855 3513 3123 3568 videbitur
3166 3514 3278 3569 lucc
3314 3530 3432 3570 mea

1862 3607 2193 3677 loquacitas;
2239 3605 2331 3659 sed
2375 3605 2564 3659 melius
2606 3604 2862 3671 judicavi,
2892 3612 2948 3656 ut
2986 3613 3040 3657 et
3084 3618 3179 3660 vos
3227 3603 3436 3659 sciretis

1861 3713 1978 3766 qua:
2029 3713 2125 3752 nos
2179 3705 2232 3750 et
2270 3695 2357 3750 hic
2393 3703 2685 3750 tractamus
2716 3703 2769 3748 et
2807 3695 3103 3763 cogitamus
3131 3696 3270 3750 int--r
3310 3710 3428 3751 nos.

1863 3787 1926 3840 lli
1949 3796 2074 3842 sunt
2100 3787 2239 3840 enim
2269 3786 2438 3839 nostri
2473 3799 2727 3846 canones,
2757 3783 3024 3840 dominica
3053 3793 3106 3838 et
3135 3786 3432 3853 apostolica

1859 3877 2106 3930 mandata
2142 3886 2203 3930 ελ
2234 3876 2285 3930 in
2319 3875 2446 3928 lides
2494 3882 2672 3928 nostra
2703 3881 2787 3927 est
2813 3889 2823 3924 :
2853 3874 2968 3929 haec
3006 3888 3170 3937 arma,
3221 3882 3430 3929 scutum

1859 3975 1909 4019 et
1956 3965 2224 4033 gladium:
2261 3965 2372 4018 lucc
2420 3964 2702 4034 apologis:
2737 3964 2850 4017 haec
2902 3978 3000 4016 nos
3047 3973 3327 4018 moverunt
3369 3964 3435 4017 de

1858 4057 2031 4125 patria
2059 4073 2071 4106 :
2103 4055 2213 4108 haec
2233 4060 2288 4106 et
2315 4054 2401 4106 hic
2424 4067 2640 4106 servare
2661 4050 3051 4112 contendimus,
3072 4051 3196 4106 licet
3227 4052 3431 4121 tepide;

1857 4147 1909 4198 in
1942 4146 2022 4197 his
2053 4158 2219 4212 usque
2258 4142 2323 4195 ad
2370 4151 2597 4196 mortem
2641 4154 2985 4209 perseverare
3026 4151 3079 4194 et
3107 4156 3344 4205 oramus,
3379 4151 3432 4195 et

1857 4247 2123 4307 optamus,
2139 4237 2275 4290 sicut
2296 4243 2350 4288 et
2369 4235 2606 4289 seniores
2620 4244 2831 4289 nostros
2845 4232 3018 4288 facere
3029 4235 3426 4302 conspeximus.

1927 4323 1993 4379 V.
2023 4327 2129 4382 Vos
2153 4341 2301 4391 vero,
2331 4324 2516 4378 Patres
2544 4325 2732 4392 sancti,
2763 4324 2939 4379 videte
2975 4323 3099 4392 quid
3129 4322 3336 4376 faciatis
3365 4325 3432 4375 ad

1859 4417 1991 4470 istos
2029 4424 2310 4468 veteranos
2358 4428 2619 4482 pauperes
2671 4422 2727 4465 et
2773 4415 3082 4481 peregrinos
3129 4424 3330 4464 senes:
3374 4423 3431 4462 ut

208 4494 489 4552 hnniilitatis
509 4512 654 4553 vera:
670 4497 941 4552 exercitiis
961 4512 1150 4552 curare
1171 4497 1397 4564 primum
1420 4495 1750 4563 festinemus,
1785 4517 1958 4580 nego
2017 4503 2281 4566 arbitror,
2327 4501 2519 4555 melius
2570 4500 2723 4553 vobis
2780 4498 2882 4554 erit
2939 4499 3058 4554 illos
3120 4499 3431 4554 conlortare

207 4584 302 4640 sine
320 4586 422 4640 ullo
445 4587 704 4655 deinceps
724 4586 1002 4651 seandalo,
1027 4600 1213 4639 omnes
1232 4585 1474 4654 perfecti,
1505 4586 1630 4642 odio
1657 4587 1753 4642 de-

209 4675 284 4730 leti
307 4675 480 4750 [Forte
501 4675 724 4748 deleto}.
747 4676 888 4734 sicut
915 4675 1157 4744 discipuli
1187 4675 1397 4731 Domini
1429 4677 1596 4730 nostri
1624 4675 1751 4731 Iesu

211 4763 400 4830 Christi,
446 4782 551 4822 nos
579 4766 810 4822 invicem
837 4781 906 4821 ex
945 4774 1058 4821 toto
1094 4766 1256 4821 corde
1284 4767 1586 4835 diligemus.
1637 4767 1750 4824 Etsi

211 4855 360 4925 aliqua
384 4856 449 4910 sit
473 4854 820 4909 traditionem
842 4855 1144 4921 diversitas,
1158 4855 1295 4910 sicut
1315 4867 1369 4911 et
1383 4855 1450 4911 de
1468 4856 1747 4922 Paschate,

209 4943 314 4999 llam
352 4960 455 5000 non
495 4955 719 5015 possunt
761 4946 988 5000 humiles
1026 4945 1369 5011 contendere,
1411 4964 1571 5016 neque
1598 4950 1747 5002 talem

207 5037 595 5091 celsitudinem
623 5033 775 5090 habet
817 5034 1047 5090 Ecclesia
1081 5034 1136 5107 (1
1163 5035 1283 5090 Cor.
1327 5053 1380 5092 ιι
1401 5078 1416 5103 ,
1456 5037 1586 5106 16);
1622 5037 1744 5090 dum

210 5124 302 5180 cito
325 5127 530 5183 veriora
572 5132 901 5193 cognoscent
944 5125 1034 5194 qui
1087 5125 1274 5180 eodem
1321 5125 1619 5197 proposito,
1659 5139 1751 5178 en-

211 5213 408 5283 deinqne
463 5215 731 5272 desiderio
787 5214 1026 5269 veritatis
1071 5217 1452 5283 agnoscenda,
1507 5216 1750 5269 similiter

213 5314 425 5370 qwunt
460 5305 604 5375 quod
641 5305 842 5360 rectius
866 5313 1175 5372 sequantur,
1199 5304 1416 5374 quando
1445 5318 1601 5358 nemo
1629 5305 1747 5356 vin-

217 5393 330 5450 titur
357 5396 450 5452 nisi
489 5412 660 5463 error,
703 5405 757 5452 et
783 5397 997 5468 quando
1022 5397 1198 5453 nullus
1227 5399 1280 5452 in
1328 5413 1406 5464 se,
1435 5398 1531 5453 sed
1562 5399 1612 5450 in
1647 5399 1746 5451 Do-

217 5485 339 5540 mino
361 5486 640 5556 gloriatur;
671 5503 970 5555 quaeramus
1004 5487 1183 5558 itaque
1211 5491 1389 5556 simul,
1415 5505 1594 5559 quzeso
1633 5508 1745 5555 vos,

219 5592 248 5630 ο
274 5580 590 5636 amantissimi
621 5590 804 5650 patres
839 5598 904 5638 ac
950 5583 1159 5650 fratres,
1190 5594 1246 5640 et
1277 5585 1553 5641 videamus
1579 5586 1750 5653 qualis

1857 4607 2012 4660 quam
2040 4593 2378 4646 conturbare.
2407 4589 2515 4658 Ego
2559 4600 2737 4644 autem
2787 4591 2853 4643 ad
2898 4605 2994 4644 vos
3025 4590 3100 4642 ire
3130 4605 3236 4643 non
3268 4605 3432 4643 ansus

1852 4697 1995 4750 sum,
2025 4696 2093 4736 ne
2133 4680 2271 4734 forte
2295 4679 2676 4736 contenderem
2705 4695 2940 4750 praesens
2969 4689 3155 4734 conlra
3187 4681 3427 4748 Apostoli

1851 4772 2048 4828 dictum
2079 4771 2307 4826 dicentis
2340 4789 2352 4823 :
2386 4769 2511 4825 Noli
2544 4772 2704 4825 verbis
2750 4772 3055 4824 contendere
3082 4769 3268 4839 (Ibid.,
3298 4769 3424 4835 14);

1851 4880 1900 4923 et
1925 4869 2115 4922 iterum
2142 4885 2153 4920 :
2189 4867 2248 4920 Si
2276 4868 2386 4936 quis
2415 4866 2758 4918 contentionis
2787 4872 2880 4925 est,
2908 4878 3000 4915 nos
3027 4863 3184 4916 talem
3214 4879 3428 4916 consue-

1854 4959 2078 5012 tudinem
2107 4972 2209 5008 non
2239 4951 2496 5015 habemus,
2523 4967 2682 5020 neque
2713 4949 2945 5003 Ecclesia
2978 4949 3074 5004 Dei
3107 4951 3158 5020 (Ι
3184 4950 3302 5006 Cor.
3330 4965 3426 5023 x1,-

1855 5045 1964 5114 16).
1994 5043 2098 5098 Sed
2141 5039 2400 5094 confiteor
2443 5038 2781 5094 conscientia:
2823 5052 2953 5092 mete
2992 5050 3220 5098 secreta.
3277 5038 3424 5109 quod

1853 5135 1971 5204 plus
2003 5132 2164 5188 credo
2209 5130 2479 5184 traditioni
2529 5130 2712 5200 patria:
2759 5144 2890 5183 mete
2913 5127 3066 5196 juxta
3109 5129 3323 5194 Do.....,
3368 5140 3424 5183 et

1853 5223 2115 5280 calculum
2141 5236 2335 5275 Lxxxtv
2365 5235 2626 5276 annorum
2655 5227 2710 5274 et
2741 5220 3065 5284 Anatolium,
3096 5219 3163 5273 ab
3190 5218 3421 5274 Eusebio

1853 5312 2239 5369 Ecclesiasticae
2270 5309 2515 5365 Historia:
2561 5315 2781 5363 auctore
2818 5308 3093 5378 episcOpo,
3122 5313 3180 5360 et
3234 5317 3424 5361 sancto

1853 5402 2090 5471 Catalogi
2125 5400 2386 5468 scriptore
2413 5398 2737 5468 Hieronymo
2775 5397 3070 5460 laudatum,
3093 5394 3298 5451 Pascha
3325 5411 3422 5450 ce-

1855 5493 2081 5554 lebrare,
2113 5504 2271 5558 quam
2295 5489 2444 5557 juxta
2470 5487 2762 5542 Victoriam
2799 5503 2969 5557 nuper
2992 5488 3155 5543 dubie
3185 5488 3424 5543 scriben-

1855 5592 1986 5648 tem,
2014 5588 2068 5633 et
2113 5579 2199 5633 ubi
2245 5592 2467 5634 necesse
2493 5585 2628 5643 erat,
2659 5578 2786 5631 nihil
2816 5577 3180 5644 delinientem,
3209 5585 3267 5631 ut
3309 5577 3423 5647 ipse

278 5715 298 5742 ⁸
329 5707 380 5761 lu
411 5710 526 5780 ﬁde.
559 5708 674 5763 Vox
713 5710 767 5763 in
817 5712 1137 5779 importuna.
1187 5711 1493 5782 Legendum
1533 5713 1760 5766 arbitror
1799 5712 1903 5766 ha'c
1933 5709 2283 5779 utsequentia
2305 5709 2517 5764 docent.

460 5824 731 5881 Parnm.
784 5823 890 5882 LX
907 5823 1043 5882 XX.

2950 5822 2986 5879 9
