3856 6218
370 338 472 392 267

1607 333 1667 388 ὃ.
1706 330 2093 390 COLUMBANI
2133 334 2420 393 ABBATIS

3531 344 3633 401 268

372 462 425 510 in
485 468 586 509 suo
652 459 873 507 testatus
925 458 1009 507 est
1060 449 1331 520 prologo:
1374 446 1468 517 qui
1529 454 1653 517 post
1708 454 1953 517 tempora
1984 446 2305 509 Adetrahat
2333 448 2532 505 silentii
2576 448 2765 517 bonis;
2795 451 2897 506 nisi
2924 453 3067 508 enim
3117 462 3415 525 tepescant,
3442 462 3635 516 secreti

374 543 438 598 D.
470 542 700 606 Martini,
732 548 789 597 et
826 539 892 596 D.
941 538 1274 609 Hieronymi,
1305 544 1361 591 et
1387 550 1537 606 papas
1568 536 1799 603 Damasi,
1829 544 1951 606 post

372 643 590 692 centum
618 645 673 690 et
713 641 823 689 tres
858 646 1027 688 annos
1065 632 1165 687 sub
1194 630 1375 685 Hilaro
1407 630 1639 699 scripsit.
1670 628 1782 685 Vos
1820 645 1950 685 vero

378 725 668 797 eiigiteipsi
692 738 851 795 quem
871 722 1023 793 sequi
1044 722 1292 788 malletis,
1316 730 1371 776 et
1390 722 1475 776 cui
1496 721 1693 776 melius
1720 721 1952 775 credatis

370 820 519 885 juxta
551 814 678 870 illud
701 813 941 886 Apostoli
972 831 984 865 :
1013 812 1204 867 Omnia
1224 810 1465 883 probate;
1499 811 1636 883 quod
1662 811 1850 865 bonum
1877 819 1952 864 est

374 915 534 961 tenete
553 904 606 977 (1
631 904 809 959 Thess.
830 920 882 971 v,
904 904 1017 975 2i).
1044 904 1194 959 Absit
1214 913 1271 957 ot
1290 917 1390 972 ego
1412 911 1597 958 contra
1619 918 1717 957 vos
1736 910 1953 957 contun-

369 998 493 1053 dam
529 995 1003 1067 congrediendum,
1030 1004 1091 1050 ut
1121 995 1392 1063 gaudeant
1432 992 1631 1048 inimici
1674 993 1841 1047 nostri
1884 991 1951 1047 de

370 1097 552 1143 nostra
576 1087 1001 1143 Christianorum
1028 1086 1390 1147 contentione,
1416 1082 1581 1137 iud-ari
1606 1081 1838 1147 scilicet,
1863 1090 1952 1135 aut

373 1179 630 1243 hmretici,
657 1180 770 1234 sive
790 1179 983 1248 pagani
1006 1176 1252 1245 gentiles.
1276 1175 1428 1229 Absit
1448 1188 1599 1239 sane,
1625 1172 1797 1238 absit;
1820 1172 1954 1225 alio-

370 1268 498 1337 quin
529 1268 684 1323 aliter
738 1267 887 1340 [Leg.
922 1264 1082 1334 inter]
1113 1280 1209 1319 nos
1234 1272 1411 1334 potest
1435 1264 1751 1328 convenire,
1785 1268 1954 1315 utaut

373 1360 715 1430 unusquisque
760 1358 813 1412 in
859 1373 958 1427 quo
1025 1364 1233 1410 vocatus
1304 1362 1398 1420 est,
1456 1356 1509 1406 in
1566 1361 1952 1420 eopermaneat

373 1450 427 1521 (1
473 1450 592 1505 Cor.
641 1466 731 1514 vu,
763 1448 853 1517 20)
892 1448 1032 1517 apud
1077 1446 1381 1510 Dominum,
1430 1446 1474 1498 si
1530 1452 1755 1511 utraque
1808 1442 1947 1496 bona

370 1552 453 1597 est
494 1541 709 1597 traditio
744 1560 755 1593 :
786 1548 877 1594 aut
928 1555 1049 1593 cum
1078 1552 1211 1608 pace
1246 1546 1303 1592 et
1346 1536 1653 1590 humilitate
1682 1535 1799 1588 sine
1843 1533 1948 1587 ulla

372 1632 718 1687 contentione
756 1631 875 1685 libri
904 1630 1151 1699 legantur
1179 1629 1425 1697 utrique;
1452 1635 1507 1681 et
1545 1640 1663 1696 qua:
1693 1626 1811 1695 plus
1847 1624 1951 1679 Ve-

372 1722 468 1776 turi
502 1728 557 1775 et
580 1720 731 1775 Novo
760 1719 1107 1775 Testamento
1135 1718 1499 1783 concordant,
1527 1718 1644 1771 sine
1674 1716 1835 1770 ullius
1863 1715 1947 1769 in-

2050 537 2246 597 melius
2274 539 2463 594 vivunt
2498 554 2658 609 quam
2704 542 2920 611 publici,
2947 554 3172 616 excepta
3213 548 3514 605 austeriore
3540 549 3639 606 atl-

2057 630 2161 686 huc
2199 630 2328 697 vita,
2361 639 2388 669 ι
2416 646 2535 702 qua:
2561 632 2820 702 majorem
2847 634 2974 691 licet
3012 638 3334 695 mercedem.
3361 639 3463 696 Ubi
3494 644 3635 699 enim

2054 718 2239 774 durior
2266 734 2465 790 pugna,
2513 722 2585 776 ibi
2634 723 2922 793 gloriosior
2963 725 3230 782 invenitur
3259 744 3486 787 corona.
3534 732 3635 803 ipsi

2052 821 2182 876 ergo
2239 824 2349 865 non
2387 809 2614 866 credunt
2662 812 2816 867 bonis
2864 814 3086 868 secretis
3138 815 3158 885 (
3182 825 3237 870 ut
3290 804 3512 876 sanbtus
3562 822 3638 875 ait

2051 897 2365 971 Gregorius)
2390 901 2480 969 qui
2514 902 2726 970 publica
2766 903 2906 958 mala
2937 920 3043 959 non
3077 907 3337 964 devitant.
3365 910 3491 965 inde
3516 927 3639 967 san-

2053 1000 2171 1046 ctus
2198 991 2560 1063 Hieronymus
2586 993 2699 1049 lucc
2728 996 2905 1050 sciens
2942 997 3102 1066 jussit
3128 999 3414 1069 episcopos
3440 1003 3637 1058 imitari

2055 1082 2361 1151 apostolos,
2390 1085 2686 1139 monachos
2711 1100 2840 1138 vero
2887 1086 3068 1141 docuit
3116 1088 3269 1158 sequi
3300 1088 3489 1146 Patres
3518 1109 3642 1162 pcr-

2054 1174 2242 1229 fectos.
2273 1174 2388 1229 Alia
2418 1176 2559 1230 enim
2588 1184 2713 1230 sunt
2739 1185 2793 1231 et
2837 1176 2939 1230 alia
2982 1178 3301 1233 clericorum
3345 1191 3402 1235 et
3450 1197 3639 1237 mona-

2053 1265 2277 1319 chorum
2305 1266 2652 1330 documenta,
2680 1274 2736 1319 et
2780 1266 2940 1334 longe
2986 1266 3053 1320 ab
3095 1268 3325 1322 invicem
3366 1284 3633 1339 separata.

2056 1352 2433 1423 Unusquisque
2459 1355 2601 1424 quod
2639 1355 2884 1422 arripuit,
2919 1363 3119 1424 servet,
3146 1358 3241 1411 sed
3271 1360 3366 1412 toti
3394 1360 3639 1426 Evange—

2054 1444 2179 1498 lium
2217 1452 2273 1497 et
2300 1445 2533 1513 utrique,
2586 1458 2650 1498 ac
2676 1444 2720 1498 si
2769 1445 2927 1499 unius
2968 1447 3208 1515 corporis
3249 1450 3489 1504 membra
3534 1467 3636 1504 una

2052 1536 2398 1590 consonantia
2427 1535 2701 1591 Christum
2732 1537 2969 1592 omnium
3009 1546 3172 1609 caput
3208 1552 3511 1612 sequantur
3549 1559 3643 1613 per

2054 1641 2149 1681 sua
2196 1628 2411 1699 propria
2454 1629 2727 1695 mandata,
2771 1638 3051 1698 quesuut
3095 1633 3163 1685 ab
3202 1648 3269 1688 eo
3316 1643 3533 1689 ostensa
3586 1636 3641 1689 in

2054 1730 2184 1785 pace
2204 1725 2259 1770 et
2286 1718 2548 1771 charita‘te
2576 1718 2812 1786 perfecta
2842 1734 2982 1774 esse.
3015 1719 3143 1786 Qua:
3167 1724 3274 1777 duo
3304 1723 3493 1793 perlici
3523 1741 3642 1795 per-

371 1810 512 1864 vidia
540 1818 839 1864 serventur.
876 1808 1007 1861 Nam
1042 1808 1087 1861 si
1110 1816 1177 1860 ex
1224 1806 1333 1861 Deo
1362 1816 1468 1873 est,
1496 1816 1555 1859 ut
1601 1821 1685 1859 me
1715 1805 1839 1859 hinc
1883 1804 1951 1859 de
1984 1811 2025 1870 Β
2054 1808 2192 1862 fecte
2222 1824 2327 1863 non
2350 1818 2575 1880 possunt
2618 1810 2719 1866 nisi
2749 1826 2779 1865 a
2808 1811 2950 1865 veris
2995 1812 3303 1883 humilibus,
3330 1822 3385 1870 et
3413 1816 3483 1870 ab
3509 1832 3642 1871 una-

373 1900 493 1954 loco
521 1898 717 1953 deserti
745 1913 902 1968 quem
951 1913 1051 1967 pro
1091 1897 1317 1952 Domino
1342 1911 1463 1951 meo
1484 1893 1609 1951 Jesu
1640 1894 1857 1950 Christo
1886 1895 1952 1949 de

374 1997 674 2043 transmare
724 1987 979 2057 expetivi,
1043 1986 1385 2057 prOpellatis,
1437 2000 1615 2039 meum
1674 1984 1776 2039 erit
1826 1984 1955 2039 illud

372 2083 743 2153 propheticum
774 2081 953 2139 dicere
979 2099 991 2134 :
1025 2082 1084 2136 Si
1112 2090 1319 2150 propter
1345 2096 1423 2133 me
1448 2080 1557 2134 hwc
1584 2085 1859 2147 tempestas
1880 2085 1954 2130 est

374 2192 524 2243 super
562 2190 668 2238 vos,
702 2176 861 2229 tollite
887 2189 986 2238 me,
1011 2182 1059 2225 et
1087 2174 1274 2225 mittite
1320 2187 1401 2224 me
1443 2172 1496 2223 in
1542 2186 1703 2233 mare,
1736 2177 1788 2220 ut
1818 2184 1957 2221 coma

375 2269 530 2318 motio
559 2263 665 2317 lucc
694 2265 917 2332 quiescat
948 2280 978 2315 a
1006 2261 1143 2315 vobis
1188 2259 1330 2329 (Jan.
1364 2274 1401 2325 ι,
1437 2258 1542 2328 12).
1575 2257 1824 2313 Vestrum
1873 2265 1954 2310 ta-

379 2370 500 2409 men
542 2355 691 2424 prius
736 2354 806 2407 sit
852 2368 1004 2407 more
1043 2353 1257 2407 illorum
1306 2359 1588 2404 nautarum
1643 2347 1957 2417 naufragum

377 2449 561 2503 conari
588 2449 797 2518 eripere
819 2445 1105 2502 visceribus
1134 2444 1364 2515 pietatis,
1384 2453 1438 2497 et
1456 2443 1522 2496 ad
1546 2450 1739 2496 terram
1769 2456 1956 2497 navem

378 2538 615 2603 trahere,
638 2537 776 2591 sicut
823 2537 921 2603 illi,
956 2534 1083 2591 licet
1126 2535 1347 2600 ethnici,
1396 2532 1638 2590 fecerunt
1684 2534 1957 2600 Scriptura

380 2640 630 2686 narrante
672 2648 684 2681 :
719 2629 785 2681 Et
814 2628 1134 2682 conabantur
1159 2627 1253 2680 viri
1291 2626 1484 2691 redire,
1523 2624 1712 2692 inquit,
1754 2622 1825 2675 ad
1854 2632 1956 2675 ter-

380 2735 512 2782 ram,
544 2726 592 2771 et
644 2734 742 2771 non
775 2724 1039 2783 poterant,
1080 2716 1199 2782 quia
1230 2730 1372 2765 mare
1411 2712 1537 2776 ibat,
1578 2720 1625 2763 et
1657 2710 1959 2780 exsurgebat

380 2809 544 2877 magis
564 2808 752 2876 ﬂuctus
781 2804 887 2875 (Ibi
900 2807 969 2869 (1.,
1003 2803 1115 2871 i3).
1150 2801 1429 2857 Postremo
1460 2802 1510 2855 in
1532 2801 1681 2856 calce
1708 2800 1857 2867 dicti,
1895 2799 1960 2853 li-

382 2908 469 2951 cet
520 2904 965 2968 prmsumptuose,
1015 2906 1263 2962 suggero,
1304 2901 1362 2946 ut
1403 2893 1524 2961 quia
1571 2892 1622 2945 in
1669 2891 1753 2945 via
1803 2889 1961 2959 hujus

379 2986 560 3041 saeculi
607 2986 842 3055 spatiosa
873 2982 1085 3052 (Matth.
1126 2998 1218 3049 vv,
1252 2981 1339 3045 15,
1391 2981 1501 3052 14),
1530 2982 1655 3046 lata,
1709 2988 1765 3035 et
1808 2979 1959 3034 multi

381 3072 718 3130 ambulantes
766 3082 987 3129 currunt
1029 3072 1096 3126 ad
1135 3079 1385 3142 computa
1417 3070 1667 3145 (Rectius,
1701 3066 1957 3141 compita]

2056 1902 2662 1973 nimiterspirituaiibus
2692 1903 2890 1959 Christi
2931 1906 3179 1959 mandata
3222 1907 3641 1977 compleutibus,

2058 1995 2284 2051 Domino
2327 1996 2444 2066 ipso
2475 2002 2705 2051 testante
2736 2014 2750 2051 :
2784 1997 2845 2051 Si
2875 1997 3090 2069 diligitis
3124 2015 3221 2061 me,
3254 1999 3505 2053 mandata
3534 2017 3645 2053 mea

2055 2098 2254 2141 servate
2284 2087 2462 2157 (Joan.
2497 2104 2605 2153 le,
2636 2085 2747 2158 15).
2778 2087 2893 2142 Hoc
2919 2099 2995 2141 est
3020 2090 3323 2143 mandatum
3358 2108 3551 2157 meum,
3591 2101 3646 2145 ut

2055 2178 2286 2247 diligatis
2315 2179 2530 2231 invicem
2553 2178 2681 2230 sicut
2710 2185 2760 2231 et
2780 2194 2873 2248 ego
2902 2177 3063 2231 dilexi
3091 2195 3175 2232 ros
3200 2178 3378 2249 (Joan.
3409 2196 3497 2244 xv,
3542 2180 3645 2250 19).

2061 2265 2124 2319 In
2156 2269 2248 2319 hoc
2276 2268 2412 2320 enim
2438 2269 2617 2351 scient
2644 2284 2819 2321 omnes
2856 2271 2975 2337 quia
3016 2271 3115 2321 mai
3157 2270 3397 2340 discipuli
3425 2274 3571 2339 estis,
3590 2275 3647 2326 'si

2058 2374 2145 2412 vos
2173 2358 2383 2412 invicem
2430 2358 2657 2428 diligatis
2688 2357 2865 2429 (Joan.
2902 2375 3016 2423 xm,
3058 2359 3174 2430 35).
3207 2360 3357 2416 Tunc
3384 2376 3516 2429 ergo
3546 2378 3647 2432 po-

2061 2455 2166 2501 test
2192 2456 2341 2502 ccrta
2382 2462 2501 2503 esse
2550 2447 2676 2501 unio
2724 2449 3042 2512 animorum,
3075 2458 3131 2503 et
3178 2464 3283 2518 pas
3317 2458 3373 2504 et
3410 2450 3651 2505 Charitas

2060 2551 2156 2605 per
2183 2536 2441 2605 Spiritum
2472 2547 2717 2593 sanctum
2743 2538 2929 2593 diffusa
2958 2539 3248 2593 visceribus
3289 2540 3651 2606 credentium,

2059 2626 2274 2694 quando
2321 2626 2571 2681 similiter
2620 2626 2869 2682 mandata
2914 2628 3094 2681 divina
3139 2630 3411 2700 complere
3456 2644 3677 2691 omnes.

2060 2716 2365 2771 desiderant
2405 2733 2418 2769 :
2462 2731 2585 2770 nam
2631 2725 2831 2785 quanta
2876 2718 2944 2773 sit
2983 2719 3427 2775 dissimilitudinis
3469 2722 3521 2776 in
3555 2736 3653 2777 ac-

2062 2804 2293 2859 tualihus
2320 2803 2508 2859 studiis
2534 2819 2779 2859 mensura
2800 2848 2815 2872 ,
2846 2814 2993 2859 tanta
3025 2807 3128 2860 erit
3158 2809 3301 2869 pacis
3329 2816 3383 2863 et
3413 2810 3653 2865 cbarita-

2062 2896 2130 2949 tis
2160 2896 2297 2949 inter
2322 2894 2661 2963 imperfectos
2682 2896 2887 2950 fictura.
2919 2895 2985 2950 Ut
3014 2909 3141 2964 ergo
3169 2897 3221 2951 in
3245 2898 3509 2955 chariMe
3532 2916 3649 2956 non

2062 2984 2183 3039 ficta
2215 2999 2313 3039 nos
2339 2985 2565 3039 invicem
2596 2999 2855 3051 amemus,
2888 2984 3097 3040 Domini
3130 2987 3293 3040 nostri
3323 2985 3451 3041 Jesu
3483 2986 3671 3050 Chri-,

2061 3076 2128 3130 sti
2173 3082 2438 3145 praecepta
2478 3074 2761 3143 diligenter
2805 3074 3225 3142 consideremus,
3274 3086 3331 3133 et
3366 3076 3647 3133 intellecta

381 3175 549 3235 arcta,
574 3156 619 3221 si
648 3166 810 3235 aliqui
840 3165 994 3234 pauci
1024 3165 1385 3226 inveniuntur,
1409 3161 1500 3231 qui
1552 3176 1649 3231 per
1677 3169 1957 3230 angustam
1990 3169 2034 3232 ο
2066 3164 2337 3234 complere
2392 3163 2722 3231 festinemus,
2752 3172 2810 3219 ut
2859 3179 2956 3235 per
3008 3180 3159 3219 suam
3206 3166 3505 3221 doctrinam
3535 3182 3650 3222 uno

381 3268 590 3329 portam
634 3266 689 3313 et
735 3265 936 3311 arctam
967 3270 1084 3325 quze
1124 3255 1273 3309 ducit
1302 3254 1368 3308 ad
1398 3254 1581 3319 viam,
1628 3254 1781 3323 juxta
1828 3268 1962 3324 pra:-

381 3363 595 3423 ceptum
622 3351 831 3405 Domini
862 3349 1191 3419 gradiantur,
1236 3346 1417 3416 potius
1456 3360 1486 3400 a
1516 3346 1669 3399 vobis
1700 3344 1765 3399 ad
1800 3345 1962 3398 vitam

384 3442 831 3508 trausmittantur,
870 3454 1030 3508 quam
1062 3437 1483 3509 prohibeantur;
1513 3450 1581 3491 ne
1611 3435 1750 3490 forte
1780 3442 1834 3489 et
1868 3450 1964 3489 vos

383 3548 505 3587 rum
546 3529 827 3585 Pharisznis
855 3543 1033 3584 sermo
1078 3526 1290 3580 Domini
1318 3526 1532 3595 sugillet
1559 3524 1787 3581 dicentis
1819 3542 1832 3578 :
1873 3523 1965 3580 Va:

382 3623 540 3685 vobis.
566 3620 765 3676 Scriba:
792 3628 841 3673 et
875 3618 1147 3683 Pharisaei,
1176 3617 1293 3687 quia
1340 3616 1580 3671 clauditis
1619 3632 1829 3687 regnum
1866 3632 1966 3670 cae—

384 3718 550 3768 lorum
580 3724 697 3765 ante
744 3712 995 3775 homines,
1027 3719 1074 3763 et
1123 3726 1214 3764 nec
1264 3725 1349 3763 vos
1391 3710 1621 3775 intratis,
1664 3725 1756 3762 nec
1794 3710 1964 3763 sinitis

385 3804 698 3856 introeuntes
726 3802 921 3853 intrare
951 3798 1165 3869 (Matth.
1198 3814 1349 3863 χχιιι,
1383 3798 1492 3867 l5).

444 3890 541 3946 'Vl.
574 3889 679 3946 Sed
716 3889 857 3945 dicet
885 3888 1074 3958 aliquis
1105 3906 1119 3942 :
1166 3886 1410 3956 Nunquid
1444 3903 1540 3941 nos
1564 3903 1673 3942 non
1704 3888 1965 3943 intramus

388 3985 442 4038 in
471 3997 693 4053 regnum
735 3981 995 4038 caelorum
1019 3982 1042 4035 ἲ
1070 3979 1248 4047 Quare
1290 3995 1395 4035 non
1426 3981 1647 4049 potestis
1670 3980 1821 4048 juxta
1846 3994 1967 4049 gra-

388 4074 518 4129 tiam
548 4073 777 4138 Domini,
803 4072 847 4126 si
870 4071 1170 4142 efﬁciamini
1198 4071 1329 4124 sicut
1356 4070 1551 4139 parvuli
1576 4068 1789 4139 (Matth.
1821 4086 1965 4135 xvnt,

388 4159 469 4231 5),
516 4158 741 4214 humiles
767 4158 970 4211 scilicet
1010 4164 1067 4210 et
1094 4154 1225 4209 casti
1251 4171 1265 4219 ;
1292 4154 1546 4223 simplices
1576 4162 1629 4207 et
1656 4153 1966 4208 innocentes

391 4259 443 4311 in
482 4253 641 4315 malo,
696 4251 966 4321 prudentes
1014 4257 1183 4301 tamen
1232 4248 1284 4298 in
1316 4246 1446 4299 bono
1499 4242 1677 4314 (Rom.
1719 4260 1825 4309 3m,
1854 4244 1964 4313 l9),

391 4349 681 4421 placabiles
709 4355 764 4400 et
792 4345 922 4399 iram
954 4343 1007 4396 in
1047 4339 1208 4395 corde
1236 4353 1342 4391 non
1384 4338 1659 4391 tenentes?
1688 4336 1794 4392 Sed
1816 4352 1965 4392 com-

392 4443 542 4512 plcre
587 4440 703 4495 hazc
730 4437 910 4492 omnia
959 4431 1209 4486 mulieres
1248 4441 1390 4496 saepe
1426 4425 1687 4493 videntes,
1727 4436 1780 4480 et
1824 4426 1966 4482 circa

2068 3254 2270 3323 impetu
2295 3252 2517 3309 fervoris
2543 3254 2691 3309 nimii
2720 3262 2832 3309 tota
2870 3255 2933 3308 ad
2955 3253 3192 3311 caelestia
3217 3255 3429 3311 festinet
3457 3254 3650 3312 Eccle-

2064 3345 2161 3400 sia.
2197 3344 2417 3400 l’raestet
2455 3346 2559 3400 hoc
2586 3346 2739 3401 nobis
2764 3361 2858 3400 sua
2887 3346 3116 3414 gratuita
3153 3348 3343 3415 gratia,
3369 3358 3427 3403 ut
3455 3364 3649 3405 omnes

2066 3439 2321 3491 mundum
2353 3436 2689 3499 horreamus,
2723 3444 2777 3490 et
2806 3435 2952 3490 illum
2976 3437 3148 3492 solum
3182 3452 3441 3505 amemus,
3466 3438 3649 3494 illum-

2064 3539 2169 3593 que
2201 3538 2320 3577 cum
2366 3521 2524 3579 Patre
2568 3533 2621 3578 et
2649 3521 2849 3593 Spiritu
2893 3531 3084 3578 sancto
3124 3523 3506 3593 desideremus,
3555 3528 3647 3582 cui

2064 3613 2232 3681 gloria
2274 3613 2325 3666 lu
2356 3613 2548 3667 saecula
2596 3612 2933 3666 saeculorum.
2958 3612 3147 3667 Amen.
3187 3613 3263 3668 De
3289 3623 3504 3681 extero,
3535 3614 3647 3669 Pa-

2066 3712 2200 3768 tres,
2233 3710 2387 3756 nrate
2432 3717 2531 3771 pro
2562 3700 2734 3766 nobis,
2782 3700 2921 3755 sicut
2942 3709 2996 3757 et
3026 3719 3121 3757 nos
3148 3702 3389 3771 facimus,
3418 3705 3551 3761 viles
3578 3705 3649 3760 li-

2066 3800 2170 3855 cet,
2200 3807 2295 3860 pro
2324 3793 2495 3857 vobis,
2550 3800 2605 3847 et
2651 3791 2819 3847 nolite
2850 3807 2949 3848 nos
2987 3808 3018 3848 a
3049 3794 3201 3849 vobis
3228 3796 3433 3852 alienos
3482 3813 3645 3869 repu-

2065 3889 2213 3947 tare;
2246 3882 2402 3937 unius
2444 3882 2585 3935 enim
2617 3897 2800 3937 sumus
2840 3883 3083 3951 corporis
3108 3886 3489 3950 commembra,
3527 3887 3647 3941 sive

2067 3968 2224 4034 Galli,
2256 3971 2370 4024 sive
2398 3968 2657 4035 Britanni,
2701 3970 2816 4025 sive
2843 3969 3001 4036 lberi,
3031 3972 3144 4025 sive
3179 3986 3405 4040 quaeque
3432 3982 3643 4041 gentes.

2069 4056 2190 4111 ideo
2220 4056 2542 4125 gaudeamus
2571 4070 2757 4111 omnes
2783 4065 2971 4124 gentes
3008 4056 3063 4111 in
3101 4060 3390 4128 cognitione
3429 4059 3555 4128 fidei
3594 4072 3649 4116 et

2067 4148 2328 4213 agnitione
2341 4145 2467 4199 Filii
2484 4144 2579 4198 Dei
2597 4145 2813 4215 (Ephes.
2828 4145 2998 4214 ΝΛΞ)
3018 4165 3031 4212 ;
3050 4155 3106 4201 et
3118 4147 3428 4202 festinemus
3452 4164 3645 4203 omnes

2068 4248 2331 4288 occurrere
2352 4235 2406 4287 in
2428 4234 2591 4287 virum
2616 4237 2916 4304 perfectum,
2945 4237 2999 4289 in
3022 4252 3313 4290 mensuram
3337 4238 3505 4291 wtatis
3532 4239 3653 4305 pla-

2068 4323 2313 4376 nitudinis
2340 4320 2463 4377 Jesu
2492 4320 2715 4386 Christi;
2746 4322 2797 4375 in
2837 4337 2945 4391 quo
2985 4337 3083 4377 nos
3110 4323 3335 4378 invicem
3379 4339 3650 4392 amentes,

2068 4412 2295 4468 invicem
2344 4411 2655 4478 laudemus,
2708 4410 2935 4467 invicem
2983 4410 3362 4479 emendemus,
3410 4414 3649 4472 invicem

398 4502 577 4585 mundi
628 4528 904 4583 facultates
932 4522 1125 4592 sacpius
1152 4520 1391 4573 rixantes
1420 4524 1475 4571 et
1504 4516 1795 4571 irascentes
1822 4516 1960 4569 ditii-

2068 4502 2363 4570 visitemus,
2416 4502 2642 4557 invicem
2709 4516 2947 4569 oremus,
2990 4508 3048 4556 ut
3088 4516 3209 4556 cum
3248 4517 3316 4559 eo
3358 4517 3652 4574 regnemus

399 4622 592 4680 cillime
630 4623 871 4690 po~sunt.
899 4613 1102 4667 Idcirco
1132 4608 1301 4663 nostri
1347 4605 1514 4661 semel
1545 4605 1745 4686 mundo
1770 4620 1967 4659 renun—

401 4711 614 4773 tiantes,
660 4715 714 4761 et
743 4718 929 4759 causas
970 4701 1221 4754 vitiorum
1263 4712 1327 4751 ac
1354 4695 1566 4757 futuites
1592 4694 1886 4764 iurgiorum
1913 4695 1966 4750 in

399 4797 583 4869 primis
634 4796 992 4859 ainputantes,
1049 4784 1252 4839 facilius
1302 4783 1511 4847 nudos,
1564 4798 1725 4853 quam
1779 4782 1970 4837 divites

399 4898 700 4944 sermonem
730 4878 939 4936 Domini
970 4889 1127 4945 posse
1155 4874 1427 4941 complere
1456 4873 1801 4940 arbitrantur.
1832 4872 1972 4928 Ante

401 4981 531 5034 istas
556 4975 754 5031 etenim
784 4976 1014 5041 quatuor
1040 4979 1127 5020 res
1147 4977 1369 5031 regnum
1398 4962 1655 5017 caelorum
1676 4977 1783 5025 non
1806 4964 1971 5017 intra-

404 5078 509 5133 tur,
550 5067 687 5126 sicut
712 5063 769 5117 S.
800 5059 1157 5126 Hieronymus
1183 5051 1344 5103 trium
1388 5050 1541 5103 testis
1583 5058 1683 5114 est,
1712 5060 1768 5104 et
1794 5050 1972 5120 quarti

405 5154 651 5220 Basilius,
689 5151 779 5221 qui
803 5148 953 5219 juxta
980 5138 1273 5212 evangelici
1298 5137 1406 5192 vim
1433 5135 1560 5190 dicti
1598 5152 1779 5192 mores
1806 5152 1974 5208 expc-

404 5252 539 5300 nunt
572 5220 869 5297 infantium.
897 5235 1079 5293 infans
1122 5231 1265 5288 enim
1309 5220 1524 5283 humilis
1551 5232 1655 5289 est,
1684 5240 1789 5279 non
1811 5225 1972 5281 lassus

406 5333 670 5403 meminit,
735 5344 842 5384 non
898 5326 1178 5383 mulierem
1235 5320 1421 5385 videns
1472 5316 1817 5385 concupiscit,
1864 5329 1972 5371 non

404 5412 550 5481 aliud
575 5435 671 5478 ore
707 5415 850 5473 aliud
893 5410 1265 5471 corde‘habet.
1330 5408 1481 5476 Qum,
1512 5407 1653 5462 sicut
1691 5404 1821 5469 dixi,
1862 5419 1976 5460 me-

407 5516 510 5571 lius
552 5508 789 5570 servabit
812 5518 1031 5571 vacans,
1078 5510 1135 5557 et
1183 5500 1372 5556 videns
1398 5498 1544 5567 quod
1569 5494 1710 5552 Deus
1749 5496 1863 5568 ipse
1906 5496 1977 5550 sit

2070 4593 2318 4657 invicem,
2344 4600 2399 4646 et
2432 4592 2780 4647 exsultemus.
2809 4591 2964 4660 Date,
3008 4606 3217 4661 qmeso,
3246 4592 3456 4648 veniam
3511 4610 3654 4649 mea:

2068 4683 2379 4753 loquacitati
2433 4698 2496 4737 ac
2547 4681 2861 4753 procacitati
2920 4697 3082 4751 supra
3143 4683 3285 4737 vires
3354 4683 3651 4745 laboranti,

2070 4770 2443 4845 patientissimi
2506 4779 2669 4839 atque
2721 4770 3043 4826 sanctissimi
3097 4768 3285 4825 Patres
3340 4771 3545 4840 quique
3593 4776 3652 4822 et

2071 4860 2280 4916 fratres.

2632 4928 2962 4983 EPISTULA
2999 4927 3084 4982 ιιι.

2595 5034 2663 5072 AD
2700 5032 3010 5072 BONIPACIUI
3048 5030 3121 5071 IV.

2072 5109 2299 5166 Domino
2324 5115 2511 5164 sancto
2550 5117 2606 5161 et
2641 5108 2697 5160 in
2732 5106 2943 5161 Christo
2968 5106 3268 5176 apostolico
3296 5105 3440 5189 Patri
3467 5123 3626 5181 papa

2270 5197 2543 5254 Columba
2581 5206 2833 5266 peccator
2859 5195 2913 5251 in
2939 5194 3157 5251 Christo
3184 5194 3429 5253 salutem.

2140 5310 2257 5367 Iam
2277 5311 2368 5367 diu
2394 5324 2582 5367 omnes
2599 5307 2710 5367 sedi
2738 5306 3044 5380 apostolica:
3067 5306 3425 5380 prtesidentes,
3456 5304 3655 5368 dulcis-

2075 5404 2240 5459 simus
2254 5406 2498 5461 omnibus
2519 5402 2769 5475 praesules
2789 5400 3050 5464 ﬁdelibus.
3068 5414 3131 5456 ac
3151 5401 3341 5459 merito
3365 5403 3655 5473 apostolici

2076 5491 2296 5549 honoris
2347 5492 2819 5551 reverendissimos
2864 5487 3057 5545 Patres
3096 5489 3312 5548 visitare
3361 5492 3553 5562 spiritu
3591 5502 3657 5548 et

409 5604 685 5671 Dominus,
730 5612 890 5670 quam
944 5595 1156 5653 diversa
1204 5590 1389 5646 videns
1412 5596 1480 5671 et
1522 5588 1764 5646 audiens.
1795 5586 1978 5646 Nullus
2076 5583 2355 5641 consolare
2400 5583 2656 5655 cupiens,
2706 5595 2848 5637 nunc
2895 5593 3065 5649 usque
3103 5582 3243 5640 ναὶ,
3284 5597 3382 5655 μη
3421 5581 3657 5641 ἀενωῇ

480 5745 507 5775 ι
548 5734 695 5803 Qua,
725 5741 833 5790 etc.
863 5728 1061 5787 Deesse
1088 5719 1290 5793 aliquid
1322 5720 1547 5777 videtur.
