3856 6218
153 424 241 480 Μ
1083 412 1436 472 EPISTULA:
1481 412 1570 467 AD
1615 406 1963 465 DIVERSOS.
2006 436 2072 448 ——
2116 405 2331 461 EPIST.
2372 401 2459 458 IV.
2542 458 2549 468 ,

3291 396 3400 452 sto
3436 367 3446 381 ’

156 536 289 606 hujus
312 530 405 587 azvi
435 528 755 598 frigor'bus,
779 537 835 583 et
879 527 1216 582 tumultuosis
1244 524 1483 593 gentium
1508 521 1723 575 sedit'o-
1756 526 1800 584 Α
1830 515 2087 572 ecclesias
2131 513 2223 606 Dei
2271 514 2323 606 in
2363 510 2604 606 barbaris
2631 508 2885 606 gentibus
2907 507 3226 606 constitutas
3252 548 3269 572 ,
3292 507 3403 563 suis

157 626 290 680 nibus
315 620 775 690 interiacentium,
804 634 869 673 ac
895 619 939 673 si
970 618 1171 671 marina
1204 616 1355 669 trabe
1383 611 1719 673 interclusus.

152 713 428 773 salislaeere
458 726 565 767 non
600 726 639 782 p
660 710 781 775 itui,
816 709 1020 764 insuavi
1051 706 1277 771 scilicet,
1310 702 1721 759 intransmeabi-

154 806 309 878 lique,
345 821 449 861 non
499 814 612 860 tam
665 805 831 859 thet:s
874 801 1131 866 visibilis,
1169 814 1331 869 quam
1381 796 1725 865 itttclligibilis

155 896 320 960 dorso,
340 893 482 964 quod
510 894 727 964 nptime
762 893 931 947 nostis
956 935 971 958 ,
1014 890 1171 945 nobis
1198 888 1467 960 opposito.
1508 886 1723 939 ’ldcirco

156 987 298 1043 semel
322 996 376 1041 et
407 986 489 1041 bis
515 984 755 1039 Satanas
787 982 1067 1053 impedivit
1098 982 1387 1052 portitores
1419 986 1725 1033 nostrorum

157 1078 210 1132 ad
236 1077 373 1133 bona
401 1073 685 1129 memoria:
727 1089 921 1144 papam
956 1072 1381 1141 conscriptorum
1411 1066 1723 1136 Gregorium

158 1169 263 1223 olim
298 1166 503 1237 apicum
538 1165 591 1219 in
624 1164 887 1233 subjectis
926 1164 1244 1233 positorum,
1273 1161 1363 1231 qui
1396 1160 1487 1213 tibi
1513 1162 1727 1227 quoque

158 1258 385 1315 οπο-ητιᾱὶ
433 1256 877 1325 ἀίεευιὶρηιίἰιιιιε
907 1270 936 1308 a
967 1261 1150 1308 nostra
1198 1251 1627 1305 transmittuntur
1651 1249 1727 1300 vi—

159 1353 304 1415 litate,
332 1363 434 1402 non
466 1356 580 1402 tam
609 1348 871 1417 superba,
903 1353 961 1397 ut
990 1358 1083 1413 per
1113 1342 1275 1395 verba
1308 1340 1725 1403 demonstratur,

158 1438 389 1507 diabolica
420 1437 871 1509 prmsumptionc,
900 1450 1057 1503 quam
1099 1442 1293 1487 nostra:
1336 1432 1568 1499 regionis
1600 1430 1730 1483 titus

158 1533 481 1591 observantiae
504 1532 579 1605 [Ρ
584 1543 700 1587 orte
723 1527 1117 1600 oh~ervantia],
1148 1545 1268 1599 qua:
1294 1529 1569 1587 calcarcnt
1590 1542 1730 1582 vera:

157 1624 545 1694 computationis
557 1623 869 1679 necessaria
893 1621 1227 1692 probatione,
1242 1620 1366 1673 dum
1390 1634 1493 1674 non
1513 1618 1729 1674 eosdem

160 1713 387 1768 tmninos
414 1712 688 1767 scandunt
710 1712 829 1767 libri
862 1722 1055 1766 nostrm
1082 1709 1389 1779 provincia),
1424 1718 1476 1763 et
1506 1708 1730 1763 istorum

161 1802 274 1855 liber
309 1798 605 1867 Gallorum,
640 1801 792 1870 quia
823 1800 1019 1857 nostris
1048 1799 1177 1854 viris
1211 1814 1315 1853 non
1355 1798 1609 1869 recipitur
1638 1812 1733 1867 per

1826 607 2006 661 vivere
2037 605 2239 673 legibus
2260 604 2396 658 sicut
2418 600 2639 657 edoctas
2668 615 2699 654 a
2729 600 2972 654 Patribus
3009 595 3333 668 iudicantes.
3364 638 3409 661 ,ἡ

2385 701 2714 757 EPISTOLA
2762 700 2852 755 IV.

2138 803 2204 839 AD
2234 798 2529 839 DI'CIPUIOS
2560 799 2624 836 ΕΪ
2655 797 2929 836 ΙΟΝΛΕΙΙΟΒ
2958 797 3101 836 SUOS.

1828 877 2157 934 Dulcissimis
2205 879 2317 931 suis
2368 877 2521 942 filiis,
2564 875 3000 943 disceutibusque
3048 874 3409 942 charis-simis,

1900 970 2151 1024 fratribus
2178 968 2491 1037 frugalibus,
2519 967 2726 1021 cunctis
2768 966 2923 1019 simul
2964 966 3241 1019 monachis
3279 968 3411 1031 suis,

1900 1059 2161 1113 Columba
2187 1066 2442 1129 peccator
2469 1058 2519 1109 itt
2548 1055 2765 1110 Christo
2789 1055 3018 1108 salutem
3051 1054 3232 1108 mittit.

1901 1154 1941 1206 1.
1990 1154 2103 1205 l’aa:
2136 1150 2271 1205 vobis
2321 1148 2519 1219 (Joan.
2551 1166 2661 1213 xx,
2705 1146 2930 1218 lii-2|).
2978 1148 3117 1201 sicut
3162 1144 3418 1200 Dominus

1834 1254 2026 1314 optans
2047 1242 2179 1296 t‘ixit
2201 1239 2475 1309 discipulis
2494 1241 2635 1301 suis,
2674 1239 2743 1291 sit
2770 1245 2824 1291 et
2853 1237 2998 1291 salus
3021 1244 3069 1287 et
3094 1237 3416 1303 sempiterna

1835 1335 2088 1388 charitas.
2144 1332 2265 1387 Ilzcc
2312 1331 2411 1385 tria
2469 1331 2669 1384 tribuat
2704 1330 2860 1383 vobis
2907 1328 3137 1383 Trinitas
3185 1345 3305 1382 cum
3354 1344 3421 1382 eo

1834 1424 2017 1493 [Forte
2040 1422 2145 1494 ea],
2169 1430 2223 1477 et
2254 1422 2393 1475 inter
2414 1437 2509 1476 vos
2536 1419 2802 1475 CUSLOdlal
2829 1436 2947 1474 cum
2979 1428 3105 1474 voto
3134 1435 3273 1473 meo.
3305 1418 3423 1473 Stti-

1835 1518 1905 1571 dii
1957 1517 2060 1571 mei
2108 1514 2526 1583 magnitudinem
2573 1528 2698 1582 crga
2740 1514 2927 1567 salutis
2960 1522 3144 1568 vestrm
3176 1515 3424 1568 intuitum

1838 1606 1985 1661 solus
2016 1607 2166 1659 novit
2196 1605 2285 1672 qui
2315 1603 2381 1657 de
2401 1604 2480 1667 lit,
2512 1613 2564 1657 et
2594 1603 2917 1659 desiderium
2958 1620 3134 1658 tneum
3174 1620 3297 1673 erga
3334 1606 3428 1660 do-

1838 1696 2023 1751 ctrinr.
2056 1702 2246 1750 vestra!
2272 1692 2606 1763 profectum;
2646 1694 2738 1749 sed
2785 1694 2908 1763 quia
2943 1693 3093 1762 juxta
3123 1710 3427 1749 sermonem

1844 1787 2050 1842 Domini
2078 1795 2195 1842 orta
2227 1795 2309 1841 est
2340 1785 2614 1840 tribulatio
2642 1796 2695 1840 et
2728 1786 3028 1854 persecutio
3068 1796 3287 1856 propter
3316 1803 3429 1847 vcr-

159 1892 370 1949 dnoloca
394 1895 695 1962 m‘tgistris,
716 1895 891 1950 sicuti
917 1914 925 1944 I
950 1894 1189 1963 epistolis
1214 1901 1411 1949 nostrm
1433 1894 1731 1964 parvitatis,
1770 1872 1813 1932 Β
1845 1884 1989 1941 bum,
2022 1878 2166 1931 nulla
2198 1894 2337 1932 nunc
2376 1878 2478 1931 alia
2510 1878 2805 1932 admonitio
2839 1879 2989 1932 vobis
3037 1881 3300 1945 congruit,
3333 1879 3430 1933 tti-i

161 1990 391 2049 quantum
424 1984 727 2050 pctuimus,
762 1982 827 2035 ad
853 1998 1013 2051 supra
1044 1982 1244 2037 dictum
1270 1982 1485 2037 beatum
1519 1998 1732 2052 papam,

162 2071 266 2125 licet
303 2079 753 2140 prcsumptuose,
784 2072 1023 2126 indicare
1063 2086 1163 2141 pro
1190 2071 1389 2125 vitibus
1412 2071 1733 2127 studuimus.

164 2163 319 2233 Itaque
340 2176 407 2216 ne
427 2162 471 2216 si
501 2161 699 2217 eadem
730 2163 1005 2223 iteraretn,
1037 2163 1100 2216 ad
1132 2171 1184 2217 te
1206 2178 1421 2231 quoque
1447 2163 1737 2217 scribendo

165 2251 398 2307 fastidium
421 2252 607 2321 potius
637 2236 980 2322 generarem,
1014 2266 1171 2320 quam
1204 2251 1475 2320 ingenium
1508 2250 1737 2319 probare

166 2355 483 2411 utrorumque
530 2353 823 2399 auctorum
882 2342 1012 2405 tibi,
1046 2350 1101 2395 ut
1147 2341 1333 2408 decet,
1364 2356 1733 2404 re;crvareut,

166 2448 266 2487 cum
309 2432 701 2488 salutationum
748 2432 1027 2503 condigni.
1064 2431 1251 2487 ofliciis
1299 2446 1486 2503 pretes
1529 2440 1735 2485 tantum

166 2524 221 2576 ad
247 2534 295 2577 te
318 2538 408 2592 per
432 2521 726 2577 Dominum
758 2532 999 2578 nostrum
1027 2522 1207 2578 Jesum
1232 2521 1505 2577 Christum
1537 2531 1591 2576 ct
1618 2521 1739 2592 Spi-

168 2613 302 2665 ritum
326 2624 587 2675 sanctum.
619 2624 677 2669 et
706 2627 801 2683 per
826 2613 1083 2669 unitatem
1136 2613 1256 2669 lidei
1288 2624 1483 2669 nostra:
1513 2630 1632 2685 quae
1661 2614 1739 2668 in-

170 2705 312 2758 vicem
330 2711 428 2769 est,
448 2720 552 2773 qua
577 2720 748 2759 unum
770 2703 980 2759 Patrem
1004 2713 1244 2760 nostrum
1270 2706 1359 2775 qui
1384 2714 1467 2760 est
1494 2707 1543 2760 in
1568 2705 1737 2770 caelis,

170 2808 223 2845 ex
244 2810 331 2863 quo
350 2796 545 2859 omnia,
574 2804 631 2850 et
656 2810 821 2849 unum
845 2794 1257 2868 Redemptoretn
1281 2806 1516 2853 nostrum
1550 2796 1741 2850 Filium

172 2881 268 2947 Dei,
293 2903 378 2953 per
401 2904 550 2956 quem
579 2889 761 2941 omnia
785 2929 801 2955 ,
834 2898 891 2943 et
919 2904 1081 2943 unum
1110 2890 1366 2960 Spiritum
1416 2898 1657 2945 sanctum
1688 2893 1742 2944 in

171 2992 249 3044 quo
274 2981 435 3030 omnia
468 2979 534 3048 (1
568 2979 696 3034 Cor.
726 2998 834 3044 mi,
867 2980 929 3047 6;
964 2980 1113 3036 Rom.
1142 2999 1216 3049 χι,
1247 2981 1352 3055 36)
1373 3024 1385 3045 .
1414 2984 1576 3038 corde
1619 2999 1739 3039 creo

173 3063 343 3129 dimus,
370 3074 423 3119 et
451 3082 549 3122 ore
586 3069 931 3132 conﬁtemur,
973 3086 1136 3125 unum
1186 3070 1471 3125 Dominum
1522 3085 1640 3125 esse
1691 3071 1743 3125 in

172 3154 420 3219 Frinitate,
464 3168 521 3211 et
561 3158 891 3214 Trinitatem
931 3160 983 3215 itt
1033 3159 1281 3225 Unitate,
1313 3174 1745 3227 unamquamque

1843 1983 1897 2025 ut
1922 1973 2158 2025 caveatis
2190 1986 2257 2026 ne
2288 1972 2404 2026 sitis
2433 1981 2574 2025 terra
2601 1972 2685 2025 illa
2712 1981 2829 2042 petr
2868 1988 2926 2025 sa
2948 1988 3067 2041 qua:
3091 1974 3294 2027 sentina
3326 1990 3432 2028 non

1842 2072 2047 2132 potest,
2080 2065 2158 2119 sui
2182 2064 2453 2131 tenuitate
2483 2064 2726 2133 cespitis,
2757 2073 2975 2133 accepta
3008 2065 3211 2117 nutrire
3240 2081 3251 2130 ;
3287 2079 3353 2119 ne
3382 2073 3434 2119 ct

1841 2158 1907 2209 de
1936 2156 2088 2209 vobis
2116 2155 2260 2210 dicat
2300 2156 2593 2209 Dominus:
2630 2153 2761 2207 Orta
2802 2164 2970 2208 autem
3013 2155 3342 2208 tribulatione
3390 2165 3435 2208 et

1840 2246 2190 2313 persecutione
2218 2255 2427 2313 propter
2460 2244 2660 2297 verbum
2688 2287 2701 2309 ,
2736 2246 2979 2298 continuo
3015 2246 3437 2299 scandalizatum

1843 2335 2058 2403 (Matth.
2094 2350 2204 2397 xm,
2233 2334 2346 2404 2i).
2407 2335 2516 2388 Nos
2558 2336 2657 2404 ipsi
2688 2336 2890 2389 scimus
2923 2336 3066 2402 quod
3097 2350 3216 2388 cum
3242 2336 3437 2404 gaudio

1842 2434 1897 2479 et
1924 2424 2134 2479 fervore
2164 2426 2497 2494 suscepimus
2526 2423 2652 2495 illis.
2684 2420 3025 2492 suscipimus]
3074 2425 3295 2476 vcrhum
3325 2424 3434 2479 Do-

1842 2518 1967 2571 ntini
1996 2535 2006 2568 :
2042 2532 2325 2573 caveamus
2355 2531 2493 2569 nunc
2513 2557 2527 2582 ,
2564 2530 2630 2567 ne
2668 2514 2833 2567 simus
2864 2514 3169 2582 temporales
3201 2511 3362 2581 (Ibid.
3393 2524 3439 2566 et

1846 2614 1993 2666 Marc
2048 2629 2119 2676 tv,
2174 2613 2294 2682 Π).
2351 2612 2612 2665 Patientia
2643 2610 2797 2665 nobis
2824 2610 3115 2663 necessaria
3158 2618 3235 2662 est
3265 2608 3438 2679 (ΗΛ).

1846 2723 1896 2769 x,
1922 2706 2035 2775 56),
2066 2717 2121 2758 ut
2173 2703 2407 2774 probatio
2452 2704 2575 2772 ﬁdei
2616 2711 2835 2765 nostrtc,
2864 2702 3002 2756 sicut
3047 2700 3305 2770 scriptum
3335 2710 3439 2763 est,

1846 2800 1911 2851 sit
1933 2797 2207 2866 pretiosior
2235 2812 2363 2849 auro
2395 2792 2445 2865 (I
2471 2792 2614 2847 Petr.
2650 2809 2684 2857 t,
2716 2792 2789 2863 7).
2823 2791 3028 2847 Scitote
3058 2792 3201 2861 quod
3234 2800 3256 2826 ³³
3291 2792 3431 2846 circa

1846 2887 2045 2943 caduca
2099 2887 2374 2942 contentio
2405 2894 2506 2950 est,
2553 2884 2695 2940 circa
2744 2897 2967 2954 regnum
3010 2884 3268 2939 cmlorutn
3316 2897 3436 2938 est:

1848 2995 1953 3033 non
1982 2986 2064 3033 est
2095 2994 2289 3032 novum
2332 2991 2506 3047 pugna
2538 2978 2603 3032 sit
2632 2984 2685 3030 et
2714 2975 2991 3031 contentio
3020 2974 3159 3029 circa
3192 2987 3439 3043 regnum.

1849 3070 2030 3139 Neque
2058 3068 2287 3138 Sperctis
2318 3067 2461 3137 quod
2488 3066 2732 3121 homines
2760 3080 2857 3135 per
2885 3080 2943 3120 se
2972 3081 3065 3120 vos
3112 3081 3440 3135 persequan-

1851 3172 1934 3217 tur
1958 3180 1971 3217 :
2002 3162 2275 3218 daemones
2304 3169 2425 3214 sunt
2453 3158 2504 3212 in
2534 3158 2616 3212 his
2642 3158 2731 3227 qui
2762 3157 3003 3212 invident
3030 3158 3185 3211 bonis
3214 3160 3439 3222 vestris;

174 3247 347 3301 stilicet
385 3264 683 3319 personam
726 3254 943 3323 plenum
992 3254 1275 3308 Dominum
1298 3294 1311 3319 ,
1343 3262 1399 3307 et
1448 3259 1587 3308 totas
1635 3263 1743 3308 tres
1768 3241 1813 3299 C
1850 3260 2034 3307 contra
2065 3267 2199 3320 quos
2229 3266 2375 3304 arma
2408 3248 2771 3318 Deiarripitc,
2796 3261 2913 3316 qnze
2931 3248 3265 3302 demonstrat
3296 3252 3441 3319 Apo-

175 3351 228 3405 pe
252 3354 397 3392 sonas
440 3356 618 3396 unum
668 3341 954 3397 Dominum
995 3343 1283 3409 fundimus,
1319 3354 1376 3397 ut
1403 3344 1555 3398 "Obi:
1584 3358 1741 3412 peie-

176 3427 313 3491 trinis
335 3430 710 3488 laborantibus
753 3443 857 3488 tua:
910 3434 1010 3504 pias
1054 3433 1330 3489 sententiae
1360 3444 1577 3503 praestes
1608 3434 1745 3488 sola-

178 3518 304 3579 tium.
330 3534 455 3587 quo,
485 3523 530 3577 si
567 3540 676 3578 non
700 3534 888 3581 contra
919 3524 1078 3580 (idem
1108 3536 1209 3591 est,
1244 3533 1548 3580 nostrorum
1583 3526 1747 3580 tradi-

178 3608 208 3659 ti
228 3624 348 3663 mem
390 3613 625 3669 roborea
669 3617 962 3680 seniorum,
989 3630 1097 3685 quo
1135 3616 1295 3669 ritum
1330 3616 1581 3685 Paschze,
1612 3618 1750 3671 sicut

177 3700 451 3767 accepimus
481 3718 511 3756 a
545 3704 880 3772 majoribus,
908 3705 1197 3759 observare
1250 3718 1345 3773 per
1376 3713 1521 3757 tuum
1574 3705 1745 3774 possi-

179 3802 277 3841 mus
299 3790 555 3856 judicium
591 3795 643 3849 in
669 3808 852 3850 nostra
880 3794 1329 3864 peregrinatione.
1355 3792 1576 3849 Constat
1604 3795 1745 3848 enim

180 3897 263 3937 nos
292 3882 339 3939 in
371 3896 558 3941 nostra
610 3903 731 3945 esse
763 3890 933 3958 patria
963 3890 1091 3943 dum
1125 3890 1297 3944 nullas
1326 3890 1547 3946 istorum
1578 3890 1749 3945 susci-

1848 3339 2015 3390 stolus
2055 3337 2270 3406 (Ep/tes.
2305 3352 2375 3402 vr,
2410 3334 2494 3401 15,
2530 3334 2640 3404 l7),
2685 3341 2738 3388 et
2766 3335 2906 3387 viam
2939 3331 3097 3387 facile
3127 3334 3178 3386 in
3208 3326 3438 3400 (mlum;

1842 3428 2098 3496 iugulatis
2128 3427 2232 3482 illis
2261 3427 2566 3482 orationum
2604 3424 2926 3480 ferventium
2955 3439 3018 3478 ac
3050 3425 3091 3477 si
3123 3425 3440 3491 quihusda'n

1847 3522 2073 3591 sagittis.
2106 3520 2374 3589 Quidquid
2403 3522 2545 3574 enim
2576 3535 2699 3575 cum
2726 3518 2829 3575 fide
2854 3526 2908 3575 et
2939 3521 3289 3574 unanimitate
3318 3538 3351 3573 o
3384 3537 3441 3573 a-

1850 3609 2067 3675 vcritis,
2108 3609 2319 3662 «labitur
2358 3608 2548 3662 vobis:
2578 3607 2674 3662 sed
2714 3607 2889 3661 videte
2946 3617 3003 3660 ut
3049 3625 3209 3661 unum
3242 3626 3336 3662 cor
3387 3618 3441 3662 et

1851 3702 2026 3755 anima
2052 3713 2151 3753 una
2182 3698 2314 3763 sitis,
2342 3704 2399 3750 ut
2426 3695 2675 3751 mercede
2702 3697 2952 3765 praesenti
2979 3698 3255 3765 accipiatis
3284 3700 3442 3766 quid-

1850 3792 1979 3859 quid
2024 3790 2355 3843 salmifcrum
2408 3788 2671 3859 petieritis
2719 3802 2747 3841 a
2798 3785 2957 3842 Patre
3014 3788 3221 3842 Domini
3276 3792 3444 3845 no>tri

1851 3880 1975 3935 Jesu
2025 3882 2259 3946 Christi,
2294 3888 2589 3949 nostroque
2639 3880 2910 3934 communi
2962 3879 3198 3933 omnium
3245 3880 3444 3944 Patre.

181 3976 327 4041 pimus
349 3979 565 4047 regulas
595 3978 872 4035 Gallorum
897 4022 911 4047 ,
952 3980 1045 4035 sed
1096 3982 1147 4035 in
1190 3981 1418 4035 desertis
1460 3982 1709 4035 sedentes
1733 4020 1749 4044 ,

183 4064 289 4119 nulli
308 4069 537 4136 molesti,
560 4085 686 4125 cum
710 4079 1016 4124 nostrorum
1044 4071 1240 4138 regulis
1264 4086 1541 4125 manemus
1570 4072 1751 4125 senio-

182 4150 295 4223 nitn,
340 4176 431 4228 pro
468 4163 671 4231 quibus
704 4162 1081 4227 defendendis,
1112 4165 1225 4219 sive
1268 4164 1334 4218 ad
1382 4180 1496 4233 vos,
1528 4174 1585 4218 ut
1615 4163 1748 4232 dixi,

181 4250 477 4315 apostolicos
522 4250 753 4319 Patres;
803 4254 918 4310 sive
971 4255 1035 4309 ad
1090 4255 1221 4310 istos
1277 4263 1489 4309 nostros
1543 4251 1750 4310 vicinos

183 4332 363 4404 fratres,
387 4352 608 4397 nostros
652 4343 703 4397 in
732 4342 949 4399 Christo
993 4353 1170 4415 patres
1215 4344 1527 4413 scripsimus
1583 4344 1748 4411 istas,

1847 3972 1999 4039 juxta
2034 3973 2354 4039 proiitissum
2390 3972 2595 4025 Domini
2620 3972 2787 4025 nostri
2818 3971 3083 4027 dicentis:
3116 3970 3175 4025 Si
3202 3988 3447 4027 conuene-

1851 4064 1956 4115 rint
1981 4065 2082 4115 duo
2110 4078 2173 4114 ea:
2200 4062 2335 4114 vobis
2362 4077 2513 4129 super
2552 4070 2763 4124 terram,
2796 4060 2857 4113 de
2879 4063 3017 4114 omni
3062 4078 3116 4113 re
3154 4078 3437 4131 quamcnn-
3500 4106 3507 4129 ,

1853 4173 1947 4226 que
1992 4155 2261 4223 petierint,
2302 4154 2390 4223 fiet
2418 4154 2490 4207 eis
2535 4169 2567 4205 α
2622 4151 2779 4205 Patre
2819 4168 2930 4205 meo
2976 4154 3059 4222 qui
3097 4155 3149 4205 in
3192 4155 3332 4206 caelis
3374 4164 3449 4206 est
3490 4134 3507 4161 ⁸

1851 4249 2069 4319 (Matth.
2100 4265 2245 4313 xvm,
2269 4246 2379 4318 l9).
2412 4246 2621 4316 Alioqui
2646 4247 2817 4301 sinon
2844 4260 3004 4299 unum
3028 4244 3165 4299 velle
3195 4254 3249 4298 et
3280 4261 3443 4297 unutn

1856 4343 1999 4399 nolle
2048 4343 2293 4408 habetis,
2330 4342 2521 4398 melius
2570 4351 2653 4397 est
2701 4350 2759 4396 ut
2804 4346 2915 4397 ‘non
2961 4341 3119 4396 simul
3171 4340 3445 4395 habitetis‘.

182 4429 419 4497 qnishzc
443 4433 695 4490 chartula
720 4437 815 4491 tibi
836 4436 1182 4492 commendat
1217 4436 1507 4505 epistolas;
1541 4446 1599 4489 ut
1625 4437 1748 4505 quia
1853 4433 1980 4489 Ideo
2006 4434 2201 4489 mando
2242 4447 2343 4501 ego
2366 4432 2535 4498 vobis,
2560 4440 2619 4487 ut
2660 4446 2849 4487 omnes
2875 4434 2966 4501 qui
3009 4432 3137 4486 mihi
3176 4446 3243 4485 ex
3287 4432 3449 4487 corde

183 4517 287 4574 dum
334 4521 458 4594 [ΑΙ.⁹
491 4535 549 4579 et
575 4526 1037 4597 quandoquidem)
1064 4527 1270 4581 meritis
1299 4524 1609 4582 satisfacere
1640 4542 1744 4580 non
1857 4526 2042 4581 volunt
2088 4524 2429 4588 consentire,
2476 4530 2531 4578 et
2574 4537 2791 4578 sensum
2821 4530 3119 4591 agnoscunt
3170 4536 3349 4575 meum
3395 4532 3449 4575 t-t

181 4612 453 4678 potuimus,
500 4621 693 4685 utpote
738 4616 1183 4672 tumultuantibus
1228 4616 1407 4685 potius
1443 4629 1604 4685 quam
1662 4630 1746 4669 ra-
1775 4599 1827 4661 Ῑ)
1852 4628 2054 4686 amant,
2077 4618 2185 4675 sint
2210 4632 2331 4673 cum
2363 4631 2487 4672 vero
2525 4630 2757 4686 sequace
2786 4628 2908 4669 meo
2941 4613 3136 4680 Attalo,
3176 4613 3265 4680 qui
3291 4612 3318 4650 δ
3357 4622 3449 4667 aut

184 4698 568 4774 tiocinantibus,
595 4715 792 4762 vestrae
818 4715 961 4761 mata
992 4706 1147 4779 [ιτς.
1182 4704 1443 4779 maturat]
1488 4716 1746 4778 punctum
1854 4711 1924 4765 sit
1952 4709 2057 4775 ibi,
2100 4716 2192 4764 aut
2223 4716 2347 4778 post
2376 4721 2463 4763 nze
2498 4706 2628 4762 velit
2653 4704 2866 4769 venire,
2894 4718 2954 4758 su
2972 4722 3001 4757 c
3027 4704 3098 4760 sit
3123 4702 3403 4758 electionis
3430 4720 3443 4755 :

184 4790 490 4848 auctoritatis
529 4796 903 4865 postulamus,
948 4812 1069 4853 cum
1121 4794 1304 4869 [Forte
1337 4806 1394 4853 ut
1424 4813 1547 4853 cum
1592 4797 1737 4869 jud.)
1852 4817 1951 4857 suo
1972 4801 2113 4857 enim
2143 4800 2321 4855 sensui
2353 4798 2653 4853 animarum
2671 4805 2969 4851 vestrarum
3002 4794 3314 4865 periculum,
3339 4810 3437 4849 vos

184 4876 355 4944 indicio
380 4882 524 4941 inter
537 4885 717 4957 justus
746 4887 1206 4958 possimusvivere
1226 4904 1346 4944 cum
1371 4889 1746 4945 ecclesiasticae
1853 4892 1929 4947 illi
1958 4892 2197 4947 obedite.
2231 4889 2337 4946 Sed
2388 4889 2433 4947 si
2480 4889 2571 4945 ille
2603 4888 2788 4942 venire
2827 4886 3088 4950 voluerit,
3128 4884 3446 4940 Vuldolenus

185 4982 294 5035 μοι
320 4974 552 5047 unitatis,
581 4979 721 5034 sicut
746 4979 917 5033 sancti
946 4977 1153 5044 Patres,
1182 4977 1513 5050 Polycarpus
1542 4980 1746 5035 scilicet
1852 4984 1922 5041 sit
1944 4983 2279 5055 pmpositus,
2309 4981 2433 5051 quia
2464 4980 2572 5037 cito
2600 4978 2712 5034 Deo
2743 4978 3036 5033 auxiliante
3064 4976 3261 5046 potem
3290 4976 3448 5033 intel-

185 5067 231 5113 ⁸³
266 5076 391 5134 νινε
417 5064 678 5123 Anicetus
716 5069 837 5125 sine
882 5067 1135 5124 seandalo
1186 5067 1327 5136 ﬁdei.
1358 5069 1467 5125 imo
1508 5084 1631 5124 cum
1666 5070 1746 5124 in-
1850 5077 2017 5146 ligare
2062 5081 2290 5129 certum.
2353 5071 2462 5127 Sed
2507 5071 2721 5126 interim
2747 5078 2937 5125 cavete
2965 5084 3033 5125 ne
3060 5070 3130 5124 sit
3158 5069 3301 5123 inter
3326 5084 3442 5133 vos,

186 5148 312 5237 ῳ
335 5154 598 5214 “intime
628 5164 963 5230 κριτθηιει.
996 5158 1360 5229 ιιιιυείιιιῑεκιυε
1380 5158 1523 5229 (11³οά
1552 5158 1749 5229 “Cipi!
1848 5166 1942 5237 qui
1983 5180 2148 5221 unum
2190 5171 2375 5219 votum
2419 5162 2616 5218 habeat
2660 5162 2803 5216 inter
2840 5176 2971 5224 vos,
3008 5160 3316 5230 quicunque
3355 5158 3447 5213 ille

187 5235 314 5315 [ιη-
342 5248 567 5323 ωεειδίῑ]
591 5264 837 5317 servans,
860 5257 915 5306 et
935 5250 987 5305 in
1016 5263 1121 5320 quo
1148 5262 1371 5307 vocatus
1398 5258 1502 5314 est,
1533 5264 1746 5320 perma-
1849 5235 2010 5310 fuerit
2034 5272 2047 5308 :
2072 5254 2191 5325 plus
2214 5253 2357 5309 enim
2383 5252 2538 5307 nobis
2562 5259 2890 5317 nocuerunt,
2911 5251 3004 5320 qui
3027 5250 3167 5321 apud
3194 5264 3293 5303 nos
3312 5263 3443 5302 una-

189 5345 319 5401 πει,
344 5334 664 5397 docuerunt.
694 5340 827 5396 Vale
847 5381 865 5407 ,
897 5339 1203 5400 dulcissime
1242 5341 1305 5395 itr
1329 5340 1546 5395 Christo
1570 5353 1745 5411 papa;
1859 5344 2033 5401 nimes
2060 5358 2167 5399 non
2197 5340 2432 5398 fuerunt.

190 5434 371 5482 tuast
396 5429 565 5485 nostri
596 5432 649 5486 in
670 5429 876 5488 sanctis
900 5430 1233 5487 orationibus
1254 5429 1405 5499 juxta
1436 5436 1747 5484 sanctorum
1928 5435 1994 5491 ll.
2040 5434 2121 5491 Tu
2173 5436 2280 5492 scis
2298 5475 2315 5502 ,
2341 5434 2727 5490 «amantissime
2754 5431 2932 5485 Attalo
2955 5473 2971 5499 ,
3018 5431 3112 5501 qui
3139 5430 3319 5487 sensui
3347 5436 3442 5483 tuo

192 5513 396 5589 ﬁeres,
421 5527 476 5576 οι
502 5520 557 5576 in
584 5522 841 5592 piissimis
877 5521 1248 5578 sanctionibus
1268 5520 1421 5590 juxta
1450 5520 1753 5577 Constanti-
1853 5527 2067 5582 onerosi
2114 5527 2255 5592 sint;
2310 5528 2523 5597 depone
2567 5524 2824 5581 continuo
2848 5567 2865 5593 ,
2896 5534 3101 5579 tantum
3142 5537 3263 5577 cum
3306 5536 3445 5592 pace

196 5606 488 5675 ωνουυιιε
528 5612 727 5682 synodi
769 5618 989 5669 centum
1030 5611 1417 5683 quinquaginta
1463 5620 1736 5668 auctores.

1855 5621 2095 5690 deponas
2137 5627 2195 5675 et
2237 5635 2357 5675 cum
2388 5616 2585 5689 regula:
2628 5617 2871 5685 unitate,
2902 5623 3108 5671 tantum
3155 5611 3441 5671 Libranttm

256 5744 281 5827 ξ
901 5745 1041 5827 ρει-εει
1058 5746 1176 5800 ωδ.
1193 5742 1268 5827 -Ει
1282 5758 1431 5827 plot,
1456 5737 1525 5827 ατ
1554 5762 1749 5827 ptigtta.

257 5747 584 5844 :
614 5747 1431 5844 ,ειιιιεεο
1456 5759 1525 5844 υτ
1554 5762 1736 5844 view

1857 5747 2146 5823 legendum
2180 5767 2270 5803 an.

321 5812 415 5867 Au
665 5811 758 5869 ait
799 5823 939 5886 post.
982 5814 1088 5873 Pro
1116 5824 1237 5886 aut,
1281 5811 1419 5872 forte
1466 5811 1753 5886 utrobique
