3856 6218
433 377 529 431 Sil

1676 379 1734 436 S.
1774 375 2167 435 COLUMBANI
2207 375 2495 431 ABD.\TIS

3603 383 3713 436 272

432 495 657 556 honora,
689 502 744 547 et
773 509 984 562 semper
1024 492 1358 548 l’ultlolcnum
1407 502 1553 558 tene,
1585 493 1628 547 si
1661 494 1767 549 illic
1794 495 2011 548 sit.cnm
2044 498 2086 554 Α
2119 489 2210 543 tibi
2240 489 2378 542 volui
2409 489 2642 544 scribere
2670 490 2982 560 epistolam;
3022 495 3146 563 quia
3197 495 3364 568 [Leg.
3418 496 3512 552 sed
3541 500 3667 568 quia
3700 490 3715 557 l

429 584 848 652 congregatione
873 603 886 646 ;
916 584 1053 638 bene
1084 585 1157 638 illi
1189 584 1326 638 Deus
1366 583 1542 648 faciat,
1578 583 1791 638 humilis
1821 585 1932 649 liat,
1964 594 2017 636 et

428 691 606 730 meum
634 675 705 728 illi
728 675 792 729 da
817 676 1081 741 osculum,
1098 676 1240 744 quod
1260 685 1385 730 tunc
1405 675 1661 730 festinans
1683 690 1790 728 non
1815 674 2021 728 habuit.

428 763 509 821 Tu
541 782 666 820 vero
696 766 889 820 indolis
913 765 1213 820 imbuenda:
1241 767 1344 821 scis
1387 766 1477 820 diu
1507 773 1690 819 votum
1717 780 1928 829 meum;
1959 764 2006 818 si

426 861 622 915 videris
654 861 760 916 illic
788 862 1087 930 prol'ectum
1127 861 1458 926 animarum,
1490 868 1571 914 sta
1603 859 1704 924 ibi;
1734 859 1778 913 si
1823 857 2019 912 videris

428 951 683 1023 pericula,
717 953 836 1007 veni
878 951 1000 1006 inde
1034 969 1046 1002 :
1090 951 1324 1022 pericula
1357 959 1532 1004 autem
1562 949 1706 1011 dico,
1738 948 2017 1003 discordiae

425 1043 697 1111 pericula;
752 1045 914 1098 timeo
955 1044 1097 1097 enim
1129 1061 1195 1099 ne
1225 1053 1278 1098 et
1316 1043 1422 1098 illic
1453 1053 1674 1113 propter
1712 1041 1915 1096 Pascha
1945 1041 2016 1095 sit

422 1133 686 1188 discordia
714 1175 731 1200 ,
763 1149 829 1188 ne
860 1135 1020 1202 forte,
1058 1134 1274 1190 diabolo
1317 1135 1622 1200 insidiante,
1653 1150 1749 1189 vos
1779 1133 2015 1187 alienare

423 1225 606 1289 velint,
625 1224 669 1278 si
690 1239 810 1278 cum
835 1225 911 1279 eis
934 1240 1120 1293 pacem
1149 1242 1254 1278 non
1286 1226 1514 1279 teneatis
1541 1243 1554 1278 :
1588 1223 1850 1278 inﬁrmius
1870 1224 2012 1277 enim

421 1329 561 1367 nunc
590 1315 705 1367 sine
728 1329 812 1368 me
844 1315 912 1367 ibi
940 1325 1085 1368 stare
1107 1315 1378 1368 videmini.
1412 1313 1613 1368 Idcirco
1642 1315 1784 1368 eauti
1815 1320 2010 1381 estote,

421 1403 826 1459 considerantes
884 1413 1133 1475 tempus,
1186 1420 1292 1473 quo
1343 1419 1528 1458 sanam
1582 1418 1688 1458 non
1745 1404 2010 1466 sustinent

420 1494 720 1548 doctrinam
752 1497 768 1565 (
795 1493 856 1546 11
883 1493 1013 1548 Tim.
1044 1483 1116 1562 tv,
1144 1495 1218 1563 '5).
1270 1494 1376 1548 Vos
1422 1494 1565 1564 ipsos
1593 1493 1802 1559 docete,
1832 1504 1887 1548 et
1915 1494 2007 1563 qui

421 1585 580 1638 velint
608 1585 790 1638 audire
815 1603 827 1638 :
857 1593 1062 1638 tantum
1086 1586 1227 1639 inter
1249 1601 1345 1639 vos
1367 1600 1471 1638 non
1502 1585 1571 1638 sit
1595 1585 1684 1652 qui
1711 1599 1874 1639 unum
1897 1600 2003 1639 non

415 1678 504 1731 sit.
562 1675 687 1732 Paci
742 1677 882 1733 enim
937 1678 1168 1733 maxime
1212 1677 1752 1748 provide,s0llicitus
1790 1692 2004 1745 semper

414 1788 614 1826 servare
660 1773 906 1824 unitatem
956 1771 1169 1838 spiritus
1219 1773 1272 1823 in
1338 1770 1536 1822 vinculo
1573 1769 1715 1837 pacis
1764 1766 1997 1838 (Ep/tes.

2128 579 2239 632 scio
2267 594 2363 633 cor
2394 587 2542 633 tuum
2585 579 2786 635 ideirco
2815 584 3138 638 necessariis
3191 594 3399 640 tantum
3447 586 3721 656 allegatis,

2127 668 2274 723 duris
2303 677 2359 724 et
2387 669 2514 738 ipsis
2559 671 2846 738 arduisque
2866 713 2884 739 ,
2917 672 3090 727 altero
3127 674 3266 744 ston
3300 691 3429 730 usus
3453 690 3570 730 smn
3605 693 3722 730 ma—

2125 759 2239 815 lens
2259 761 2512 815 obturare
2537 776 2697 830 quam
2721 777 3016 831 provocare
3040 764 3321 834 laerymas.
3360 765 3514 820 Foris
3537 767 3725 835 itaque

2121 860 2274 908 actus
2311 860 2394 906 est
2422 867 2599 907 sermo
2645 854 2809 922 mitis,
2852 854 2998 910 intus
3026 856 3262 911 inclusus
3300 866 3384 911 est
3427 858 3602 914 dolor.
3636 858 3723 912 En

2120 952 2375 1013 promunt
2400 942 2584 1016 [Forte
2610 943 2952 1015 promanant]
2982 945 3228 1015 lacryma:
3257 962 3271 999 :
3303 945 3396 1002 sed
3419 949 3608 1002 melius
3635 956 3722 1003 est

2117 1036 2372 1092 obturare
2400 1038 2636 1103 l‘ontem;
2665 1052 2773 1090 non
2803 1037 2946 1092 enim
2978 1035 3130 1094 fortis
3160 1038 3341 1093 militis
3369 1047 3452 1094 est
3482 1040 3536 1094 in
3569 1040 3720 1095 bello

2117 1127 2350 1197 plorare.
2408 1127 2525 1182 Non
2576 1129 2794 1183 esthoc
2823 1144 3020 1184 novum
3067 1130 3212 1201 quod
3264 1131 3417 1186 nobis
3445 1132 3716 1200 contigit:

2116 1215 2219 1270 hoc
2255 1217 2487 1271 maxime
2510 1217 2748 1288 quotidie
2778 1219 3217 1286 przedicebamus.
3260 1220 3493 1288 Quidam
3527 1223 3714 1292 philo-

2112 1307 2314 1375 sophus
2363 1308 2531 1372 olim,
2575 1308 2872 1378 sapientior
2918 1310 3167 1374 caeteris,
3217 1325 3284 1366 eo
3326 1313 3470 1380 quod
3521 1321 3713 1366 contra

2111 1397 2349 1450 ouminm
2379 1397 2688 1467 Opinionem
2719 1413 2880 1452 unum
2915 1398 3083 1454 Drum
3112 1415 3230 1455 esse
3256 1400 3473 1467 dixerit,
3504 1403 3717 1458 imar-

2107 1503 2286 1543 cerem
2315 1497 2494 1544 trusus
2522 1499 2622 1545 est.
2649 1489 2933 1560 Evangelia
2964 1492 3122 1562 plena
3142 1501 3268 1548 sunt
3295 1494 3363 1549 de
3392 1494 3494 1550 hac
3519 1512 3709 1558 causa.

2107 1589 2160 1633 et
2189 1579 2310 1634 inde
2331 1589 2454 1636 sunt
2477 1581 2708 1637 maxime
2731 1584 3036 1652 conscripta
3064 1602 3077 1636 :
3105 1583 3218 1639 hmc
3240 1593 3322 1639 est
3342 1584 3486 1640 enim
3510 1589 3715 1642 veritas

2107 1671 2419 1740 Evangelii,
2474 1681 2532 1727 ut
2576 1688 2704 1728 vere
2741 1672 2940 1729 Christi
2994 1673 3236 1731 cruciﬁxi
3284 1676 3536 1756 discipuli
3581 1683 3710 1738 eum

2104 1771 2397 1831 sequantur
2442 1779 2564 1818 eum
2595 1780 2777 1820 cruce.
2829 1765 3048 1821 Grande
3088 1770 3394 1839 exemplum
3424 1779 3708 1826 ostensum

415 1878 491 1928 tv,
521 1861 597 1933 3).
626 1861 760 1928 Quid
790 1863 930 1915 enim
967 1861 1185 1930 prodest
1213 1861 1412 1915 habere
1443 1875 1657 1929 corpus,
1689 1868 1743 1914 et
1770 1874 1878 1914 non
1907 1860 2002 1914 ha-
2034 1860 2080 1918 B
2108 1862 2208 1919 est,
2240 1855 2441 1924 grande
2470 1867 2864 1911 sacramentum
2887 1856 3217 1913 declaratum
3246 1869 3328 1916 est
3355 1880 3368 1913 :
3401 1861 3497 1915 Dei
3538 1861 3706 1917 Filius

413 1953 540 2007 bere
564 1953 690 2008 cor?
721 1952 941 2006 Fractus
973 1967 1090 2006 sum
1107 1990 1120 2014 ,
1152 1951 1341 2016 fateor,
1368 1951 1468 2004 hac
1493 1965 1653 2006 causa
1670 1989 1685 2013 ,
1708 1949 1833 2004 dum
1859 1949 1999 2004 volui

415 2050 557 2096 totos
580 2040 853 2110 adjuvare,
879 2042 989 2112 qui,
1023 2058 1135 2095 cum
1171 2041 1411 2113 loquebar
1438 2040 1540 2094 illis
1563 2077 1578 2105 ,
1627 2040 1999 2111 impugnabant

408 2151 487 2186 me
516 2134 677 2204 gratis
701 2133 924 2203 (Psalm.
958 2150 1100 2197 cxtx,
1130 2134 1181 2203 7)
1211 2152 1222 2185 :
1257 2141 1312 2187 et
1340 2132 1464 2187 dum
1493 2131 1743 2186 omnibus
1764 2130 1993 2196 credidi,

409 2239 545 2293 pene
588 2225 759 2278 laetus
809 2240 923 2278 sum
967 2223 1176 2278 stnltus.
1211 2221 1337 2278 Ideo
1387 2231 1438 2276 tu
1491 2221 1806 2292 prudentior
1833 2229 1990 2276 esto:

408 2315 532 2370 nolo
563 2315 755 2370 subeas
794 2322 1000 2369 tantum
1031 2330 1201 2381 onus,
1234 2314 1334 2368 sub
1360 2328 1468 2383 quo
1498 2327 1599 2382 ego
1627 2314 1814 2370 sudavi
1846 2331 1859 2366 :
1891 2314 1996 2368 scis

410 2407 513 2473 iam
543 2407 782 2474 guttula),
813 2422 906 2461 seu
954 2421 1085 2460 mea:
1112 2405 1347 2462 scientia:
1377 2404 1694 2475 parvitatem
1721 2423 1733 2458 :
1759 2403 1992 2459 didicisti

408 2497 588 2550 omnia
619 2496 868 2550 onmibus
915 2496 1205 2551 convenire
1248 2494 1482 2560 monita,
1529 2494 1654 2563 quia
1700 2509 1878 2549 mores
1906 2495 1992 2549 di-

405 2591 544 2640 versi
571 2597 714 2651 sunt,
747 2597 802 2642 et
827 2587 1112 2657 qualitates
1146 2587 1421 2641 hominum
1450 2588 1605 2655 longe
1629 2585 1829 2640 distant
1855 2587 1994 2640 inter

405 2693 482 2732 se.
515 2676 620 2732 Sed
647 2679 773 2746 quid
803 2678 976 2731 facio?
1003 2676 1118 2731 Jam
1154 2685 1205 2731 te
1228 2676 1292 2730 ad
1323 2677 1560 2731 laborem
1589 2676 1736 2729 illum
1769 2675 1992 2728 immen-

407 2780 525 2818 sum
555 2766 861 2833 provocabo
883 2805 898 2832 ,
930 2764 1074 2833 quod
1121 2779 1220 2832 ego
1252 2763 1394 2834 fugio
1431 2764 1581 2833 ipse:
1633 2764 1679 2816 si
1725 2777 1990 2831 aperuere

403 2855 660 2910 doctrina:
707 2856 1114 2921 diversitatem,
1165 2855 1499 2924 temperabo.
1553 2851 1694 2921 Ergo
1748 2853 1991 2908 diversus

405 2956 554 3012 esto,
605 2955 659 3000 et
693 2946 971 3016 multiplex
999 2945 1066 3001 ad
1096 2962 1279 3002 curam
1308 2961 1494 3001 eorum
1528 2945 1617 3013 qui
1650 2944 1742 2998 tibi
1772 2943 1992 3000 obedie-

405 3039 512 3091 rint
541 3051 661 3091 cum
693 3037 796 3092 ﬁde
825 3047 876 3092 et
908 3053 1117 3101 amore;
1147 3038 1239 3092 sed
1272 3045 1326 3090 tu
1359 3045 1413 3091 et
1444 3037 1616 3107 ipsum
1643 3050 1831 3091 eorum
1863 3036 1990 3091 time

404 3144 661 3194 amorem,
692 3129 814 3198 quia
849 3130 940 3184 tibi
969 3131 1300 3199 periculosus
1329 3131 1450 3183 erit.

2101 1943 2436 1998 voluntarius
2490 1944 2507 2015 (
2525 1945 2725 1999 oblatus
2754 1954 2829 1999 est
2877 1948 3019 2000 enim
3039 1987 3054 2012 ,
3095 1949 3213 2019 quia
3241 1950 3351 2020 ipse
3373 1950 3531 2003 voluit
3557 1948 3699 2022 Usa.

2101 2051 2213 2102 LIII,
2242 2033 2371 2107 7]),
2418 2051 2633 2091 crucem
2659 2037 2899 2093 ascendit
2942 2047 3000 2093 ut
3041 2054 3187 2108 reus,
3216 2041 3508 2113 relinquens
3556 2043 3705 2098 nobis

2099 2127 2180 2194 (ut
2201 2126 2459 2196 scriptum
2481 2126 2598 2197 est)
2623 2130 2932 2196 exemplum,
2959 2138 3013 2183 ut
3038 2145 3313 2200 sequamur
3337 2135 3554 2205 vestigia
3585 2139 3701 2205 ejus

2099 2215 2154 2282 (ι
2189 2213 2326 2268 Petr.
2354 2231 2411 2282 n,
2437 2215 2550 2286 2|).
2593 2217 2788 2273 Beatus
2810 2219 2988 2288 igitur
3011 2227 3093 2276 est
3129 2223 3220 2290 qui
3242 2223 3399 2291 hujus
3427 2228 3699 2295 passionis

2096 2312 2151 2358 et
2179 2305 2331 2359 istius
2360 2305 2690 2363 confusionis
2721 2307 2778 2363 lit
2809 2311 3095 2380 particeps.
3142 2310 3288 2366 lnest
3317 2314 3459 2368 enim
3491 2314 3700 2384 aliquid

2095 2396 2409 2453 admirabile
2424 2401 2656 2455 celatum
2676 2421 2686 2452 z
2711 2401 2862 2465 Quod
2876 2403 3018 2457 enim
3032 2404 3241 2458 stultum
3260 2403 3356 2459 Dei
3369 2413 3465 2469 est,
3479 2411 3696 2474 sapien-

2097 2492 2195 2545 tius
2221 2492 2550 2559 hominibus;
2580 2497 2785 2564 etquod
2814 2497 3075 2568 inﬁrmum
3111 2499 3203 2555 Dei
3231 2511 3330 2566 est,
3373 2504 3562 2573 fortius
3596 2506 3694 2559 Ito-

2094 2584 2313 2640 minibus
2341 2597 2416 2640 est
2445 2586 2496 2659 (I
2521 2588 2640 2642 (ζον.
2672 2603 2710 2653 t,
2741 2587 2853 2660 25).
2896 2589 3088 2644 Mirum
3119 2593 3171 2645 in
3201 2594 3419 2647 modum
3445 2597 3698 2654 cernitur

2095 2673 2147 2727 in
2177 2675 2404 2730 stultitia
2436 2677 2700 2747 sapientia
2732 2679 3158 2746 innumerabilis,
3190 2690 3246 2736 et
3283 2683 3337 2736 in
3383 2682 3699 2740 inﬁrmitate

2093 2765 2353 2822 fortitudo
2413 2769 2869 2839 incomparabilis.
2930 2770 3072 2843 Ergo
3120 2772 3192 2828 ibi
3247 2774 3510 2831 absconsa
3567 2788 3698 2833 sunt

2094 2859 2273 2913 omnia
2304 2859 2679 2916 desiderabilia
2708 2863 3004 2930 refrigeria,
3037 2864 3228 2920 salutis
3265 2867 3522 2937 mysteria
3551 2886 3565 2934 ;
3596 2872 3694 2924 sed

2093 2949 2224 3004 dura
2255 2959 2398 3016 sunt,
2428 2961 2483 3005 ut
2509 2953 2744 3022 pretiosa
2785 2954 2928 3021 sint;
2975 2956 3202 3011 obscura
3243 2967 3386 3022 sunt,
3418 2968 3477 3014 ut
3506 2963 3696 3032 paucis

2094 3039 2200 3094 sint
2222 3040 2379 3110 digna
2407 3058 2420 3094 :
2454 3042 2638 3111 paucis
2664 3057 2792 3099 vero
2815 3043 2996 3112 digna,
3029 3047 3154 3113 quia
3196 3047 3353 3102 nimis
3383 3050 3516 3104 mira
3539 3061 3689 3108 sunt.

2093 3125 2285 3205 Itaque
2317 3130 2582 3198 patienter
2609 3130 2968 3188 sustineamus
2994 3133 3172 3188 omnia
3213 3134 3435 3190 adversa
3463 3153 3562 3206 pro
3592 3155 3685 3195 ve-

472 3221 553 3276 lll.
587 3221 693 3277 Sed
720 3223 977 3291 angustiae
1023 3222 1255 3292 undique
1292 3231 1438 3288 sunt,
1469 3219 1812 3286 charissime';
1845 3219 1984 3290 ρει-ἰν
2015 3238 2063 3300 c
2095 3227 2280 3282 ritate,
2329 3229 2388 3274 ut
2416 3221 2582 3275 simus
2631 3222 2920 3293 participes
2971 3223 3179 3279 Domini
3230 3225 3586 3293 passionum:
3623 3229 3691 3285 Si

409 3316 587 3369 cu'um
644 3314 690 3368 si
745 3314 988 3380 oderint,
1033 3313 1330 3382 periculum
1377 3313 1422 3366 si
1471 3313 1787 3365 amaverint.
1835 3310 1985 3365 Scito

402 3417 630 3475 utraque
650 3421 777 3460 vera
799 3419 948 3471 esse;
981 3406 1104 3458 inde
1128 3405 1210 3459 vel
1238 3403 1410 3468 odire,
1438 3402 1521 3456 vel
1543 3417 1724 3456 amare
1751 3419 1762 3454 :
1790 3403 1841 3456 in
1863 3403 1987 3456 odio

402 3514 537 3567 pax,
571 3500 623 3553 in
670 3512 854 3553 amore
898 3497 1174 3568 integritas
1228 3496 1386 3567 perit.
1437 3493 1585 3548 Tene
1631 3494 1791 3562 igitur
1835 3501 1888 3547 te
1917 3492 1986 3546 ad

403 3592 560 3646 unius
584 3590 835 3648 desiderii
865 3591 1144 3662 impetum,
1177 3604 1285 3658 quo
1318 3603 1495 3642 meum
1526 3586 1630 3640 scis
1656 3599 1751 3639 cor
1771 3583 1984 3638 deside-

402 3698 543 3739 rare.
575 3683 693 3740 Scis
722 3700 806 3740 me
833 3700 1015 3740 amare
1043 3683 1330 3737 multorum
1357 3681 1611 3743 salutem,
1637 3688 1690 3731 et
1717 3685 1985 3733 secretqu

401 3775 776 3845 mihimetipsi;
808 3789 970 3828 unum
1000 3789 1096 3843 pro
1136 3772 1379 3842 profectu
1412 3769 1653 3833 Domini,
1678 3768 1728 3822 id
1754 3775 1855 3829 est,
1883 3763 1985 3818 Ec-

400 3865 576 3922 clesiae
601 3864 747 3934 ejus;
793 3865 1022 3920 alterum
1068 3878 1166 3934 pro
1219 3862 1383 3932 ipsius
1411 3860 1708 3924 desiderio;
1747 3859 1841 3914 sed
1872 3857 1985 3911 hmc

401 3963 523 4012 vota
551 3965 675 4011 sunt
705 3955 880 4025 potius
907 3957 962 4010 in
1000 3970 1084 4009 me
1121 3969 1283 4024 quam
1331 3962 1490 4018 aeta;
1542 3951 1594 4004 in
1629 3957 1680 4004 te
1705 3963 1835 4003 vero
1877 3947 1986 4001 sint

402 4046 659 4118 perlecta,
688 4063 804 4111 oro,
831 4046 976 4117 quia,
996 4061 1080 4100 me
1106 4047 1592 4113 absente,utraque
1623 4048 1778 4111 potes
1807 4038 1888 4092 vel
1917 4053 1985 4094 ex

401 4147 552 4209 parte
581 4152 949 4207 cognoscere:
981 4153 1085 4192 non
1127 4135 1322 4206 jubens
1372 4147 1553 4189 tamen
1599 4133 1800 4189 scribo.
1834 4129 1984 4186 Scito

401 4230 562 4299 igitur
613 4244 791 4283 meum
821 4229 886 4282 ad
914 4235 1055 4283 totos
1079 4227 1284 4296 jussum
1305 4265 1322 4293 ,
1365 4232 1422 4280 ut
1449 4224 1571 4294 quia
1601 4224 1810 4278 diversa
1839 4221 1984 4276 sensi

401 4318 687 4372 multorum
719 4326 841 4372 vota
870 4316 936 4372 ad
965 4315 1272 4371 ﬁrmitatem
1303 4315 1498 4383 regula:
1528 4312 1884 4380 retinendam,
1917 4311 1982 4367 ad

401 4406 634 4462 radicem
663 4422 841 4462 ramos
863 4407 1043 4477 ligari,
1067 4407 1157 4476 qui
1186 4406 1267 4460 sui
1296 4405 1581 4474 fragilitate
1611 4417 1640 4456 a
1669 4417 1790 4458 mea
1817 4419 1982 4471 parva

399 4498 784 4557 det'linaverint
804 4497 938 4571 [Al.,
965 4494 1393 4565 declinaverunt]
1437 4493 1712 4557 ﬁrmitate,
1737 4490 1788 4546 id
1817 4500 1919 4559 est,
1950 4506 1982 4546 a

398 4589 652 4643 doctrina:
668 4593 1006 4642 recesserunt
1027 4587 1272 4642 veritate.
1287 4584 1387 4652 Qui
1409 4584 1549 4640 enim
1567 4597 1782 4637 sensum
1802 4597 1978 4638 meum
2013 4617 2060 4676 υ

399 4679 750 4743 servaverint,
781 4679 859 4734 sic
908 4678 1021 4733 Deo
1061 4678 1316 4744 serviant,
1348 4677 1610 4745 eligentes
1638 4688 1850 4743 semper
1874 4674 1977 4730 sibi

398 4771 752 4841 sapientiores
780 4779 834 4828 et
861 4771 1240 4841 religiosiores,
1265 4771 1309 4827 si
1341 4780 1520 4825 tamen
1546 4767 1774 4824 humiles
1798 4769 1905 4825 sint
1926 4779 1981 4826 et

402 4861 794 4918 misericordes.
822 4861 1138 4932 Quicunque
1166 4863 1276 4920 sint
1301 4860 1547 4924 rebelles,
1573 4856 1718 4913 foras
1738 4870 1934 4915 exeant
1962 4879 1975 4914 :

403 4951 705 5020 quicunque
750 4951 856 5005 sint
883 4950 1221 5018 obedientes,
1251 4951 1348 5020 ipsi
1382 4950 1512 5020 ﬁant
1542 4950 1800 5005 lucredes.
1856 4950 1979 5007 Haec

403 5050 458 5094 tu
487 5043 744 5110 observa;
775 5052 830 5099 et
871 5043 1176 5114 quicunque
1225 5044 1330 5099 mei
1377 5049 1503 5097 sunt
1552 5056 1620 5096 ex
1669 5042 1896 5112 integro,
1927 5051 1982 5098 et

403 5140 621 5202 propter
667 5135 927 5188 unitatem
973 5143 1029 5189 et
1069 5134 1423 5190 humilitatem
1451 5174 1468 5202 ,
1514 5133 1759 5201 quamvis
1797 5135 1980 5201 multi,

403 5223 614 5277 Clu-isto
653 5236 749 5277 vos
777 5223 1032 5277 dilatante
1060 5233 1116 5278 et
1140 5224 1561 5293 multiplicante,
1593 5221 1728 5289 sitis,
1760 5223 1827 5277 ad
1855 5239 1978 5278 eum

401 5314 490 5380 qui
515 5313 666 5380 juxta
695 5314 862 5369 altare
890 5312 1031 5384 quod
1056 5323 1272 5368 sanctus
1300 5312 1462 5367 Aidus
1487 5312 1769 5384 episcopus
1817 5315 1980 5370 bene-

403 5405 557 5474 dixit,
588 5405 698 5460 Deo
723 5408 988 5475 servierit,
1017 5422 1205 5463 omnes
1241 5407 1524 5478 aspiciant.
1575 5407 1781 5466 Idcirco
1810 5419 1865 5466 et
1899 5420 1977 5478 tu,

404 5499 447 5552 si
476 5516 560 5553 me
588 5499 809 5553 istorum
837 5501 1254 5569 persecutio.....

473 5589 561 5644 IV.
601 5589 726 5646 llaec
771 5590 958 5659 scripsi
1009 5600 1228 5659 propter
1269 5592 1505 5645 incertos
1551 5591 1725 5649 exitus
1776 5609 1976 5648 rerum.

406 5677 507 5734 Mei
554 5681 663 5735 voti
703 5681 801 5736 fuit
845 5691 1035 5752 gentes
1063 5682 1310 5746 visitare,
1353 5689 1406 5736 et
1456 5679 1800 5749 Evangelium
1842 5684 1920 5740 eis
1949 5699 1979 5738 a

405 5771 559 5825 nobis
589 5772 896 5841 praedicari;
936 5771 1028 5828 sed
1072 5771 1137 5825 l'el
1169 5771 1331 5826 modo
1371 5770 1635 5827 referente
1679 5790 1864 5830 eorum
1895 5759 1979 5828 te-

407 5877 611 5931 porem,
641 5878 781 5934 pene
807 5877 984 5919 meum
1012 5862 1129 5919 tulit
1161 5861 1283 5917 inde
1311 5861 1569 5918 animum.
1605 5861 1976 5934 Lacrymosem

2091 3310 2227 3362 enim
2267 3311 2642 3381 compatiamur
2664 3352 2680 3377 ,
2709 3315 3140 3384 conregnabimus
3185 3311 3275 3383 (II
3306 3312 3440 3368 Tim.
3472 3331 3532 3382 tt,
3564 3316 3690 3386 12).

2089 3398 2231 3464 Quid
2281 3400 2363 3454 his
2413 3399 2769 3468 adjiciendum
2800 3412 2920 3464 est,
2953 3403 3054 3457 nisi
3101 3405 3546 3473 perseverantia?
3587 3408 3692 3472 Qui

2090 3491 2230 3543 enim
2260 3492 2658 3559 perseveraverit
2706 3509 2864 3564 usque
2917 3496 2971 3548 in
3022 3495 3212 3564 ﬁnem,
3245 3496 3327 3549 hic
3379 3498 3553 3554 saluus
3589 3501 3692 3553 erit

2089 3579 2303 3651 (Matth.
2339 3599 2391 3646 x,
2423 3581 2535 3651 22).
2566 3581 2624 3637 lu
2654 3582 2757 3637 ﬁne
2800 3583 2940 3637 enim
2966 3582 3228 3651 judicium
3256 3586 3526 3653 consistit,
3547 3597 3601 3643 et
3633 3590 3686 3642 i

2089 3670 2238 3723 exitu
2253 3670 2368 3725 laus
2387 3673 2617 3726 canitur.
2642 3671 2769 3737 Sed,
2791 3681 2849 3727 ut
2865 3674 2935 3727 sit
2955 3687 3329 3743 perseverans,
3348 3684 3468 3730 oret
3483 3676 3690 3746 jugiter

2087 3759 2312 3827 quisque
2342 3760 2595 3814 auxilium
2638 3760 2732 3816 Dei
2772 3777 2892 3816 cum
2920 3763 3065 3816 omni
3097 3763 3293 3818 mentis
3337 3763 3684 3822 humilitate:

2090 3845 2214 3904 Non
2255 3850 2409 3914 enim,
2444 3850 2635 3919 inquit,
2667 3852 2881 3906 volentis
2904 3893 2920 3918 ,
2963 3869 3128 3926 neque
3155 3854 3405 3908 currentis
3425 3894 3440 3919 ,
3467 3856 3560 3909 sed
3585 3854 3686 3910 Dei

2086 3940 2371 3993 miserentis
2400 3950 2477 3993 est
2508 3939 2694 4006 (Rom.
2729 3956 2814 4008 lx,
2850 3940 2973 4011 16);
3016 3944 3143 4012 quia
3186 3943 3360 4012 major
3405 3953 3460 4000 et
3499 3948 3688 4002 melior

2086 4037 2160 4082 est
2182 4028 2277 4083 Dei
2295 4029 2648 4085 misericordia
2669 4048 2821 4102 super
2851 4033 2953 4086 rita
2981 4031 3149 4105 (Psal.
3177 4049 3308 4102 tht,
3330 4033 3409 4105 ι),
3437 4050 3688 4106 quamius

2086 4116 2225 4173 bona
2273 4119 2534 4187 hominis;
2587 4136 2694 4176 non
2745 4123 2884 4177 enim
2939 4123 3085 4193 digni
3132 4133 3258 4180 sunt
3305 4125 3684 4182 misericordia

2088 4208 2186 4263 nisi
2225 4210 2316 4278 qni
2361 4224 2420 4265 se
2458 4211 2685 4268 miseros
2724 4213 3050 4270 conﬁtentur
3093 4230 3279 4271 coram
3330 4214 3480 4282 Deo,
3511 4225 3570 4270 et
3601 4218 3687 4272 in-

2084 4299 2271 4369 dignos
2322 4315 2382 4355 se
2423 4301 2664 4357 sentiunt
2713 4302 2886 4359 salute
2928 4319 3028 4374 per
3063 4319 3141 4372 se,
3175 4305 3276 4360 nisi
3319 4305 3432 4360 sola
3465 4302 3684 4361 Domini

2084 4391 2452 4448 misericordia
2481 4392 2549 4448 de
2582 4394 2741 4450 tantis
2789 4395 3041 4467 periculis
3079 4397 3393 4468 eripiantur.
3424 4397 3526 4464 Qui
3559 4399 3688 4454 licet

2083 4483 2346 4541 bonorum
2386 4487 2584 4542 conscii
2626 4487 2728 4543 sibi
2762 4489 2869 4544 sint
2895 4505 3154 4560 operum,
3185 4499 3364 4546 tamen
3390 4489 3488 4546 Dei
3531 4490 3683 4560 judi-

2083 4575 2166 4630 cia
2191 4576 2461 4644 timentes,
2488 4586 2545 4635 et
2572 4579 2737 4635 multa
2771 4591 3110 4651 perpetrasse
3152 4580 3349 4652 injusta
3375 4591 3681 4650 gementes,

2083 4669 2137 4724 in
2171 4669 2262 4729 Dei
2299 4672 2466 4728 solius
2505 4673 2757 4744 pietatem
2797 4675 3069 4732 humiliter
3095 4676 3414 4731 conﬁdunt:
3444 4689 3680 4743 quorum

2085 4759 2246 4816 timor
2268 4760 2536 4831 perlectus
2564 4764 2685 4834 plus
2715 4765 2886 4834 placet
2908 4779 3060 4851 ,‘quo
3089 4766 3211 4836 plus
3239 4763 3528 4820 humilitati
3558 4772 3678 4818 stu-

2083 4852 2176 4908 det
2201 4872 2214 4907 :
2243 4853 2630 4926 Beneplacitum
2658 4857 2796 4912 enim
2842 4855 3065 4912 Domino
3091 4873 3246 4926 super
3273 4858 3505 4910 timentes
3531 4872 3675 4919 eam,

2081 4953 2130 4998 et
2177 4946 2232 4999 in
2275 4946 2349 5001 eis
2377 4947 2462 5014 qui
2500 4958 2711 5016 sperant
2741 4947 2893 5019 su‘per
2920 4949 3275 5005 misericordia
3321 4948 3434 5019 ejus
3482 4946 3676 5018 (Psul.

2082 5050 2271 5106 cxut,
2307 5038 2418 5109 ll).

2163 5126 2232 5184 V.
2272 5127 2482 5185 Nullum
2537 5129 2718 5199 itaque
2769 5129 2998 5185 salvabit
3046 5129 3270 5185 dextera
3317 5141 3413 5183 sua
3443 5167 3462 5195 ,
3514 5127 3675 5198 juxta

2089 5221 2305 5276 verbum
2348 5219 2555 5274 Domini
2605 5218 2671 5274 ad
2700 5218 2799 5275 Job
2840 5222 2983 5290 (quo
3034 5217 3478 5290 justiﬁcationem
3527 5216 3676 5272 illius

2085 5311 2400 5380 quibusdam
2436 5311 2690 5382 potentie
2715 5312 3100 5383 experimentis
3143 5306 3546 5379 quodammodo
3574 5306 3675 5362 de-

2085 5403 2236 5467 risit,
2261 5403 2444 5457 dicens
2475 5420 2486 5454 :
2517 5401 2584 5455 Et
2611 5413 2729 5457 tunc
2757 5402 3038 5474 conﬁtebor
3066 5403 3201 5472 quod
3227 5399 3429 5454 salvere
3459 5407 3508 5453 te
3532 5406 3675 5470 pete-

2085 5494 2154 5547 rit
2182 5493 2393 5546 dextera
2423 5501 2510 5546 tua
2540 5493 2677 5564 (’Job
2721 5511 2810 5563 χι,
2838 5493 2910 5563 9)
2941 5491 3043 5547 nisi
3091 5491 3181 5561 qui
3218 5491 3495 5547 humiliter
3511 5505 3670 5547 suam

2085 5583 2491 5658 possibilitatem
2517 5624 2535 5652 ,
2577 5595 2630 5641 et
2678 5585 2848 5662 ipsam
2887 5583 3065 5637 datam
3107 5582 3409 5647 exercuerit
3444 5595 3570 5664 cum
3601 5578 3673 5633 ti-

2084 5691 2236 5734 more
2263 5682 2317 5729 et
2345 5682 2578 5732 tremore
2608 5677 2660 5731 in
2689 5676 2961 5730 voluntate
2984 5674 3110 5740 Dei,
3130 5689 3294 5730 orans
3321 5671 3666 5741 frequenter:

2087 5766 2174 5823 Ne
2218 5764 2462 5837 proﬁcias
2490 5781 2570 5822 me
2615 5783 2649 5820 α
2694 5766 2827 5836 {acie
2875 5773 2962 5819 tua
2990 5765 3008 5836 (
3033 5763 3180 5820 Psal.
3228 5781 3280 5829 ι,
3313 5763 3381 5817 15
3403 5767 3425 5832 )
3449 5778 3469 5827 ς
3495 5773 3554 5817 et
3589 5761 3671 5816 Ne

2088 5861 2306 5932 repellas
2335 5877 2416 5915 me
2444 5877 2476 5915 a
2505 5859 2768 5913 mandatis
2796 5859 2896 5913 tuis
2926 5860 2944 5931 (
2970 5857 3118 5915 Psal.
3157 5871 3339 5922 cxvut,
3371 5854 3463 5925 l0)
3497 5873 3510 5907 :
3543 5854 3668 5923 quia
