3856 6218
191 359 282 416 2T5

1162 370 1517 429 EPISTOLrE
1559 371 1650 425 Al)
1693 369 2047 426 DiVliRSUS.
2088 403 2156 414 —-
2199 371 2411 428 EPIST.
2456 375 2515 428 γ.

3361 380 3465 436 274

195 496 344 549 θερί,
378 488 434 533 ut
459 479 535 532 ait
583 481 846 548 quidam,
881 485 1183 554 magnitudo
1233 483 1433 562 virtutis
1474 482 1778 555 quibusdam
1807 485 1848 538 Λ
1879 481 2036 547 citur,
2064 493 2214 540 orate
2269 495 2325 540 ut
2357 488 2472 542 vice
2500 488 2603 542 ceti
2644 487 2712 542 sit
2759 488 2974 558 quidam
3021 489 3159 546 felici
3209 508 3465 550 revocans

195 578 288 640 {uit
330 571 524 626 occasio
569 572 922 642 perditionis;
961 576 1068 644 qui'
1106 574 1354 628 nimirum
1406 591 1472 628 ex
1514 588 1622 642 quo
1670 573 1778 642 pul-

192 650 424 719 chriora
447 672 575 718 sunt
599 664 916 728 virtutibus,
931 666 1000 719 ab
1019 665 1334 720 humilitatis
1359 665 1522 732 gradu
1552 664 1776 718 descen-

192 754 339 809 dunt.
368 752 494 808 Inde
513 754 780 826 scriptum
807 764 894 810 est
920 775 934 808 :
967 754 1080 820 Quo
1099 757 1359 824 pulchrior
1387 772 1439 809 es
1464 795 1479 819 ,
1505 755 1776 822 descende,

189 859 337 913 surge
359 883 375 906 ,
394 854 442 897 et
470 844 642 898 dormi
669 861 785 898 cum
811 831 1182 900 incircumcisis
1206 844 1427 916 (Bacch.
1449 861 1592 900 xxxii
1607 885 1622 909 ,
1649 843 1774 914 19);

191 953 259 992 ac
294 938 335 991 si
380 937 499 992 aliis
529 938 707 993 verbis
733 938 929 992 anima:
975 937 1178 993 diceret
1217 938 1493 1007 superbas:
1524 938 1648 1006 quia
1685 945 1776 991 tua

190 1028 476 1083 sanctitate
507 1039 560 1084 te
588 1029 812 1084 elevasti
857 1030 913 1084 in
957 1028 1260 1098 superbiam
1286 1070 1301 1094 ,
1340 1027 1605 1084 descende
1649 1013 1776 1084 inde

190 1119 348 1175 modo
369 1160 388 1185 ,
414 1131 472 1176 et
519 1129 638 1176 esto
685 1121 826 1176 inter
873 1118 1185 1190 peccaturos
1219 1119 1577 1190 computanda
1604 1161 1621 1187 ,
1649 1119 1775 1188 quia

193 1212 318 1266 nihil
347 1211 492 1281 apud
530 1227 617 1267 me
659 1221 742 1267 est
769 1211 916 1283 quod
939 1224 1062 1267 cuni
1089 1211 1338 1280 superbia
1379 1210 1628 1265 elllcitur.
1665 1208 1776 1264 An-

189 1313 340 1372 gusta
370 1345 387 1370 ,
427 1303 609 1368 vides,
641 1282 800 1373 porta
823 1290 906 1356 est
928 1343 942 1367 ,
982 1311 1040 1356 et
1078 1282 1259 1371 paucis
1303 1301 1554 1369 degresso
1608 1299 1778 1369 perfe-

190 1393 384 1447 ctionis
403 1393 493 1447 via
513 1435 531 1458 ,
557 1408 682 1462 qua:
709 1409 739 1446 a
770 1392 902 1447 laeva
931 1393 1059 1446 vitia
1083 1431 1098 1456 ,
1129 1407 1158 1445 a
1188 1391 1408 1446 dextera
1436 1391 1690 1446 vanitatis
1719 1403 1774 1446 et

188 1483 452 1552 superbia
494 1483 638 1537 mala
676 1482 928 1537 declinat.
961 1479 1319 1537 Gradiendtuu
1363 1481 1524 1550 igitur
1570 1491 1653 1536 est
1686 1481 1773 1534 via

188 1576 331 1642 regia
359 1573 430 1628 ad
460 1575 736 1629 civitatem
766 1573 861 1628 Dei
889 1573 1137 1644 viventis,
1161 1588 1254 1644 per
1276 1570 1620 1627 alliictionem
1649 1586 1771 1625 car-

191 1666 270 1720 nis
289 1706 306 1730 .
333 1673 389 1719 et
425 1664 812 1719 contritioan
854 1665 1062 1732 cordis;
1092 1679 1188 1734 per
1213 1663 1454 1733 corporis
1493 1662 1770 1727 laborem,

186 1761 244 1807 et
287 1752 516 1823 spiritus
559 1753 987 1814 bumiliationem
1009 1766 1170 1825 ;,,per
1209 1754 1441 1808 studium
1486 1761 1727 1808 nostrum
1751 1793 1769 1818 ,

1883 576 2102 644 remigio
2133 586 2276 631 tutus
2304 579 2532 643 celator,
2564 580 2656 648 qui
2681 578 2868 634 Jonam
2891 590 3124 635 vestrum
3159 590 3313 637 terra:
3339 586 3464 637 red-

1882 666 1974 720 dat
1999 673 2214 734 optata}.
2247 665 2350 722 Sed
2375 667 2487 735 jam
2517 685 2659 724 nunc
2683 669 2841 724 linem
2870 669 3094 736 epistola
3138 672 3462 740 pergaminze

1882 755 1898 827 ἶ
1926 755 2296 827 pergamente]
2325 772 2537 814 sumere
2571 759 2800 827 cogitur,
2833 759 2960 816 licet
2985 761 3222 814 materne
3253 763 3461 828 magni-

1880 847 2066 901 tudine
2092 847 2337 916 protendi
2366 848 2575 917 longius
2618 850 2954 919 compellitur
2985 849 3139 922 [Al.,
3169 853 3461 922 compella-

1879 939 2020 993 latur
2041 936 2059 1009 ]
2080 957 2092 992 :
2117 954 2266 1023 amor
2293 949 2572 997 nontenet
2596 941 2868 1009 ordinem;
2899 943 3027 998 inde
3052 944 3210 998 missa
3240 944 3459 999 confusa

1878 1038 1981 1102 est.
2015 1029 2209 1084 Tutum
2239 1030 2418 1086 dicere
2453 1029 2596 1086 volui
2637 1033 2687 1108 in
2716 1033 2904 1098 brevi;
2939 1041 3109 1087 totum
3152 1050 3257 1087 non
3287 1037 3456 1104 potui.

1879 1118 1924 1185 ρ
1949 1135 2008 1173 :a:
2036 1119 2178 1173 volui
2207 1120 2465 1188 scribere,
2485 1121 2629 1175 nolui
2652 1136 2749 1191 pro
2773 1121 3078 1178 diversitate
3103 1125 3456 1182 voluntatum.

1880 1211 2139 1266 Voluntas
2161 1226 2281 1266 mea
2312 1212 2452 1266 forte
2480 1212 2746 1268 lenocinio
2775 1229 2880 1268 non
2911 1214 3193 1280 caret;tiat
3214 1217 3459 1270 voluntas

1879 1302 1971 1356 Dei
2002 1317 2098 1372 per
2125 1302 2305 1357 omnia
2336 1319 2348 1354 :
2383 1301 2473 1358 ille
2519 1303 2563 1357 si
2613 1303 2883 1368 voluerit,
2921 1313 3101 1360 votum
3145 1306 3214 1360 sit
3258 1322 3452 1361 meum.

1879 1390 1986 1446 Vos
2018 1391 2192 1446 videte
2218 1393 2574 1448 conscientias
2602 1402 2838 1459 vestras,
2884 1395 2927 1448 si
2959 1397 3202 1466 puriores
3230 1404 3284 1450 et
3331 1411 3456 1450 san-

1875 1482 2083 1538 ctiores'
2108 1491 2233 1538 sunt
2274 1498 2358 1536 me
2406 1483 2670 1538 absente:
2724 1485 2889 1540 nolite
2933 1501 3020 1548 me
3073 1501 3312 1554 quaerere
3364 1502 3460 1558 per

1877 1588 2148 1642 amorem,
2182 1571 2279 1628 sed
2322 1588 2418 1644 per
2463 1574 2840 1629 necessitatem
2895 1583 3120 1629 tantum.
3171 1575 3288 1630 Non
3344 1576 3458 1631 sitis

1877 1665 2162 1720 occasione
2200 1664 2305 1718 hac
2342 1665 2688 1720 destitutorts
2712 1707 2726 1732 ,
2759 1681 2934 1734 neque
2970 1666 3076 1721 hac
3117 1666 3458 1738 separatione

1878 1754 2189 1808 libertatem
2211 1753 2462 1822 quaeratis
2481 1795 2495 1822 ,
2519 1769 2638 1823 qum
2666 1770 2759 1808 vos
2787 1754 2838 1808 in
2868 1754 3178 1810 servitutem
3205 1755 3455 1812 vitiorum

187 1843 348 1899 ofﬁcii
379 1861 494 1900 rem
527 1845 748 1915 legitimi
772 1884 788 1909 ,
821 1848 937 1902 non‘
960 1846 1132 1900 meriti
1160 1844 1500 1914 dignitatem,
1524 1853 1604 1908 et,
1630 1843 1772 1914 quod
1805 1843 1849 1902 Β
1878 1845 2102 1912 redigat:
2129 1843 2278 1898 Meus
2306 1852 2409 1906 est,
2433 1844 2523 1912 qui
2553 1851 2699 1898 amat
2723 1845 3014 1910 unitatem;
3043 1862 3147 1900 non
3178 1854 3258 1900 est
3283 1861 3452 1910 meus,

189 1936 270 1990 his
294 1937 468 2004 majus
497 1946 622 2003 est,
647 1953 749 2008 per
773 1938 971 1994 Christi
1008 1938 1266 2007 gratiam,
1296 1935 1452 1992 ﬁdem
1477 1979 1493 2004 ,
1522 1951 1672 2006 spent
1715 1943 1772 1990 et

186 2025 528 2082 claritatem.
557 2025 720 2082 Multa
750 2042 912 2083 carne
963 2027 1195 2098 pericula
1221 2045 1236 2094 ;
1265 2041 1525 2096 cognosce
1552 2043 1770 2082 causam

189 2117 357 2182 belli,
412 2119 602 2188 gloria
657 2119 1110 2188 magnitudinem,
1159 2118 1352 2175 fortem
1407 2135 1514 2174 non
1564 2120 1771 2175 nescias

190 2211 436 2277 hostem,
493 2220 550 2266 et
597 2211 902 2268 libertatem
951 2212 1005 2266 in
1056 2211 1233 2289 medio
1286 2212 1528 2280 arbitrii,
1560 2220 1768 2282 portam

190 2301 421 2371 intelligo
477 2303 723 2357 hostibus
771 2311 1011 2372 apertam
1065 2305 1135 2358 ab
1200 2304 1494 2374 Aquilone;
1543 2304 1665 2359 ideo
1713 2312 1769 2359 et

191 2392 521 2448 Hier-malem
571 2393 642 2446 ab
695 2391 960 2462 Aquilone
1013 2392 1426 2464 aperitur;inde
1483 2393 1572 2447 illa
1615 2400 1769 2466 parte

191 2486 436 2538 observat
479 2484 536 2538 in
566 2482 835 2552 Aquilone
871 2482 1118 2538 inimicus
1143 2483 1408 2538 habitans.
1471 2483 1601 2541 Inde
1637 2485 1771 2540 scri-

193 2585 335 2644 ptum
354 2583 438 2628 est
463 2591 478 2626 :
509 2572 587 2627 Ab
601 2573 851 2643 Aquilone
875 2574 1217 2628 exardescunt
1234 2574 1374 2628 mala
1396 2590 1551 2644 super
1568 2587 1769 2630 omnem

193 2666 540 2737 tmantUer.
569 2683 586 2721 ι
611 2707 627 2733 ,
660 2665 779 2737 ιι).
821 2667 876 2722 Si
926 2667 1069 2723 tollis
1116 2667 1356 2733 hostem,
1396 2668 1540 2723 tollis
1583 2678 1638 2723 et
1666 2684 1767 2738 pu-

190 2773 374 2828 gnam;
403 2758 451 2812 si
503 2757 649 2813 toltis
693 2771 925 2828 pugnam
946 2797 962 2823 ,
989 2757 1132 2813 tollis
1155 2766 1212 2813 et
1245 2771 1501 2814 coronam
1529 2775 1540 2809 :
1569 2757 1615 2814 si
1654 2757 1768 2813 inec

190 2851 319 2916 sint,
343 2851 432 2906 ubi
457 2850 694 2918 fuerint,
719 2851 913 2916 virtus,
941 2851 1210 2920 vigilantia
1228 2891 1244 2915 ,
1267 2849 1464 2915 fervor,
1489 2851 1764 2922 patientia,

191 2942 409 2998 ﬁdelitas
433 2982 450 3009 ,
481 2943 744 3012 sapientia
760 2984 776 3008 ,
797 2942 1085 3009 stabilitas,
1108 2942 1388 3013 prudentia
1413 2945 1519 2999 sint
1546 2959 1768 3000 necesse

186 3043 299 3101 est;
324 3034 370 3090 si
397 3050 542 3102 aon,
595 3045 822 3104 strages.
857 3031 923 3088 Et
969 3041 1029 3088 ut
1055 3033 1314 3090 inferam:
1342 3033 1400 3090 Si
1429 3035 1572 3091 tollis
1599 3023 1790 3091 uber:

189 3134 344 3180 tatem
367 3165 386 3190 ,
414 3125 562 3182 tollis
587 3124 927 3195 dignitatem.

255 3237 337 3291 Vl.
375 3235 520 3293 Ecce
559 3237 756 3306 quibus
803 3236 1196 3292 circumdamur
1235 3236 1670 3304 diversitatibus;
1707 3248 1762 3292 et

187 3329 372 3397 quibus
399 3328 833 3394 circumluimur;
860 3343 924 3384 ac
950 3330 995 3384 si
1023 3330 1288 3399 vortigum
1317 3329 1430 3402 [Αι.
1459 3331 1759 3401 vorticum]

188 3421 478 3492 fragoribus
501 3460 518 3488 ,
543 3421 859 3476 charissime
884 3421 1127 3488 discens,
1157 3422 1397 3492 exceptis
1425 3437 1544 3490 qua:
1574 3423 1762 3476 intrin-

187 3526 332 3567 κου
376 3511 578 3577 latent,
607 3518 664 3567 et
682 3511 825 3565 intra
867 3511 1226 3583 nosmetipsos
1251 3512 1490 3581 quotidie
1532 3513 1763 3569 militant

189 3614 365 3660 coatra
391 3619 513 3659 nos.
555 3603 682 3660 ideo
708 3603 762 3659 in
795 3605 956 3660 tantis
977 3603 1226 3674 periculis
1250 3603 1387 3659 velle
1414 3614 1471 3659 et
1506 3620 1722 3660 currere
1744 3622 1759 3667 ;

185 3696 307 3751 licet
331 3704 514 3761 tuum,
543 3711 654 3751 non
679 3703 762 3750 est
783 3704 969 3750 tuum:
1001 3710 1108 3750 non
1138 3694 1281 3749 enim
1307 3678 1503 3749 sufficit
1538 3694 1758 3750 inﬁrmi-

193 3793 266 3838 tas
303 3784 534 3840 humana
577 3784 718 3839 inter
744 3793 923 3839 tantas
949 3784 1359 3840 contrarietates
1386 3786 1669 3854 pervenire
1691 3784 1757 3839 ad

189 3873 318 3944 quod
346 3874 455 3929 vult
479 3915 495 3940 ,
535 3875 640 3929 nisi
683 3873 1049 3929 misericordia
1074 3873 1286 3929 Domini
1333 3881 1390 3928 et
1418 3872 1556 3929 velle
1597 3872 1760 3929 faciat

189 3972 301 4019 veta
344 3963 626 4034 gaudentis
668 3962 961 4032 compleri,
998 3971 1052 4018 et
1097 3977 1314 4018 currere
1359 3963 1716 4033 prosperitate
1739 4003 1758 4032 ,

190 4054 354 4124 lapsus
378 4064 436 4111 et
462 4054 789 4110 ollendicula
807 4094 824 4119 ,
848 4069 1111 4137 casusque
1137 4056 1438 4112 contrarios
1467 4057 1756 4128 evadente,

190 4160 361 4201 cursus
384 4144 651 4200 inoffense
691 4145 853 4200 finiri.
883 4143 1221 4216 Quapropter
1249 4148 1447 4202 mentis
1483 4147 1757 4205 humilitas

192 4234 348 4290 met-ili
373 4243 457 4290 est
483 4250 649 4291 causa
673 4274 691 4301 ,
719 4236 838 4291 sine
864 4234 1066 4290 auxilio
1088 4237 1230 4292 enim
1260 4251 1367 4292 non
1397 4245 1576 4308 potest
1602 4239 1756 4308 adju-

192 4326 318 4390 vari;
361 4341 471 4384 non
512 4334 752 4381 meretur
793 4327 1053 4394 superbia
1075 4365 1091 4391 ,
1124 4325 1402 4384 induratur
1429 4327 1750 4393 derelictus;

193 4416 412 4485 ingratus
460 4433 572 4472 non
622 4432 782 4472 orans
809 4457 825 4482 ,
881 4413 1162 4471 indevotus
1211 4426 1298 4472 est
1339 4433 1545 4474 servus.
1597 4415 1752 4489 Piger

191 4503 466 4576 ﬂagellatur
496 4507 551 4560 in
579 4495 734 4572 vita,
763 4505 1122 4562 contemnitur
1147 4505 1422 4563 famulatio
1447 4525 1463 4574 ;
1490 4509 1749 4581 despera-

191 4607 264 4653 tus
283 4598 436 4654 etiam
478 4596 694 4652 fastidio
718 4637 734 4660 ,
766 4598 955 4666 dignus
983 4597 1112 4653 viris
1139 4611 1258 4653 esse
1282 4599 1504 4654 minime
1534 4611 1743 4671 reputa-

191 4699 284 4744 III’.
319 4686 451 4756 Quid
481 4701 616 4756 ergo
641 4687 882 4742 dicemus
925 4687 992 4742 ad
1030 4687 1166 4754 haec,
1195 4702 1229 4742 ο
1267 4703 1366 4743 nos
1414 4690 1631 4757 miseri,
1662 4692 1753 4762 qui

192 4789 454 4851 antequam
482 4777 640 4833 malis
664 4792 851 4833 carere
871 4794 1158 4849 meremur,
1179 4780 1335 4837 bonis
1362 4782 1516 4838 nobis
1535 4784 1748 4842 blandi-

191 4885 316 4938 ntur,
340 4879 394 4925 et
434 4877 562 4924 ante
603 4868 854 4923 vitiorum
902 4869 1290 4940 depositionem
1316 4909 1333 4936 ,
1361 4873 1747 4943 perfectionem

193 4959 369 5018 habere
404 4959 718 5031 speramus!
759 4958 951 5015 Totum
995 4961 1134 5017 scire
1171 4962 1437 5032 cupimus,
1465 4971 1635 5021 totum
1665 4967 1748 5022 fa-

192 5049 456 5120 cerequod
505 5049 704 5105 scimus
746 5047 930 5118 piget,
959 5059 1239 5119 sperantes
1268 5052 1412 5108 dicta
1452 5070 1551 5125 pro
1589 5055 1745 5112 factis

193 5140 482 5210 repudere.
528 5140 736 5196 Forsan
790 5139 894 5194 hoc
941 5139 1069 5208 hic;
1111 5158 1235 5198 nam
1281 5143 1388 5199 illic
1433 5161 1540 5200 non
1587 5164 1744 5219 posse

195 5230 507 5288 manifesta
553 5241 640 5289 est
679 5239 805 5287 ante
849 5229 1153 5296 Dominum,
1202 5234 1328 5303 quia
1374 5235 1446 5290 ibi
1500 5253 1608 5295 non
1653 5241 1744 5309 qui

195 5320 365 5380 discit
383 5365 397 5387 ,
421 5323 519 5378 sed
545 5323 640 5394 qui
667 5322 890 5387 fecerit,
917 5319 1094 5375 salvus
1120 5323 1246 5378 erit.

253 5413 352 5471 ω.
389 5407 536 5471 Nune
561 5416 693 5471 mihi
716 5415 972 5472 scribenti
1001 5416 1218 5471 nuntius
1245 5422 1552 5490 supervenit
1580 5465 1594 5488 ,
1620 5440 1743 5478 nar-

197 5518 303 5562 ratu
340 5506 464 5562 mihi
495 5521 686 5562 navem
717 5507 897 5575 parari
923 5521 1030 5578 qua
1059 5508 1258 5564 invitus
1293 5513 1458 5569 vehar
1487 5515 1539 5568 in
1567 5529 1742 5570 meam

200 5595 484 5666 regias-al,
512 5595 611 5652 sed
644 5597 692 5651 si
723 5595 911 5666 iugero
934 5640 950 5664 ,
981 5599 1158 5654 nullus
1185 5609 1330 5655 vetat
1359 5613 1541 5661 custos
1565 5622 1577 5657 :
1620 5621 1742 5659 nam

199 5681 540 5746 iocv'alutur
578 5685 714 5745 velle
743 5697 803 5743 ut
841 5703 944 5756 ego
973 5689 1188 5759 fugiam.
1227 5691 1284 5746 Si
1317 5694 1368 5747 in
1400 5711 1547 5754 mare
1576 5697 1740 5766 proji-

201 5775 294 5835 ἀπ
316 5794 457 5840 aiore
477 5779 653 5850 ιυω,
682 5781 774 5853 qui
801 5789 856 5839 et
886 5782 1003 5854 ipse
1051 5785 1103 5838 in
1141 5781 1361 5842 lieme
1390 5781 1635 5844 Columbo
1662 5788 1739 5844 di-

1790 3201 1838 3263 Ο

1871 1932 1963 2002 qni
1991 1941 2207 2002 separat
2235 1951 2247 1985 :
2282 1931 2413 1999 Qui,
2446 1933 2589 1987 enim
2621 1951 2721 1988 non
2749 1946 3064 2006 congregat,
3097 1937 3170 1989 ait
3200 1935 3455 1991 Dominus

1870 2038 2022 2078 meus
2049 2062 2065 2087 ,
2093 2023 2341 2095 dispergit
2369 2025 2387 2094 (
2413 2023 2540 2078 Luc.
2575 2041 2626 2078 ιι
2649 2067 2663 2091 ,
2692 2025 2823 2095 23).
2857 2015 3105 2097 Alioquin
3135 2029 3178 2082 si
3218 2028 3456 2084 videatis

1871 2113 2252 2183 perfectionem
2285 2129 2315 2168 a
2373 2115 2525 2169 vobis
2555 2114 2674 2185 plus
2723 2117 2960 2185 clongari
3012 2133 3170 2187 quam
3216 2129 3357 2180 ante,
3402 2125 3454 2170 et

1871 2221 1957 2259 me
1983 2220 2102 2260 sors
2129 2222 2161 2260 a
2188 2206 2339 2263 vobis
2367 2207 2728 2276 separaverit,
2770 2219 2824 2262 et
2867 2223 2973 2262 non
3004 2208 3231 2262 sufficiat
3275 2207 3453 2260 Attalo

1869 2297 1934 2352 ad
1966 2299 2410 2364 gubernationem
2459 2309 2694 2354 vestram
2720 2338 2735 2362 ,
2767 2301 2891 2367 quia
2937 2299 3127 2352 fratres
3165 2299 3326 2352 vestri
3365 2297 3451 2352 hic

1871 2388 1923 2442 in
1951 2387 2146 2442 vicinia
2177 2387 2476 2442 Brittonum
2500 2397 2658 2454 sunt;
2690 2405 2784 2442 vos
2812 2395 2955 2443 totos
2981 2388 3190 2442 insimul
3220 2388 3451 2441 adunate

1870 2478 1925 2532 in
1975 2494 2078 2533 una
2129 2487 2280 2548 parte
2319 2493 2438 2548 qua:
2485 2479 2670 2534 melior
2721 2480 2827 2545 sit,
2858 2494 2965 2548 quo
3013 2478 3217 2533 facilius
3261 2487 3447 2534 contra

1870 2571 1998 2625 vitia
2027 2579 2081 2626 et
2111 2570 2327 2626 insidias
2356 2571 2552 2626 diaboli
2593 2569 2896 2625 dimicetis:
2938 2580 2991 2624 et
3017 2585 3174 2639 quem
3208 2569 3306 2624 toti
3333 2569 3447 2624 ele-

1869 2660 2082 2730 geritis,
2113 2661 2325 2716 interim
2355 2661 2507 2716 vobis
2541 2661 2757 2730 praesit:
2790 2660 2912 2728 quia
2960 2659 3006 2715 si
3052 2659 3179 2714 mihi
3225 2659 3447 2714 liberum

1868 2754 1971 2818 sit,
2013 2753 2122 2807 Deo
2152 2753 2364 2809 volente
2386 2793 2403 2819 ,
2433 2752 2719 2828 pertinebit
2771 2753 2900 2806 mihi
2941 2754 3006 2807 de
3036 2752 3204 2806 vobis.
3236 2749 3291 2804 Si
3323 2735 3470 2804 vero.

1869 2847 2022 2901 vobis
2049 2845 2263 2914 placent
2291 2844 2407 2899 loca
2432 2885 2447 2909 ,
2476 2853 2532 2899 et
2559 2843 2701 2899 Deus
2729 2844 2835 2898 illic
2865 2844 3137 2900 vobiscum
3175 2842 3404 2898 aedificat
3429 2882 3446 2910 ,

1868 2937 2094 2993 crescite
2142 2935 2213 2990 ibi
2249 2935 2626 2990 benedictione
2652 2936 2705 2988 in
2734 2935 2878 2989 mille
2906 2935 3070 2989 millia
3099 2935 3116 3004 (
3141 2933 3268 2987 Gen.
3301 2948 3446 2998 ulv,

1869 3030 1992 3099 60).
2022 3026 2185 3084 Orate
2213 3043 2312 3098 pro
2334 3043 2443 3097 me,
2475 3027 2682 3085 viscera
2711 3043 2859 3094 mea,
2883 3035 2940 3082 ut
2967 3027 3075 3082 Deo
3103 3027 3300 3081 vivam.

2441 3141 2774 3199 EPISTOLA
2818 3144 2852 3196 ν
2867 3183 2879 3197 .

2272 3253 2340 3291 ΑΒ
2378 3250 2690 3290 BONIFACIUII
2730 3250 2896 3288 PAPAI
2941 3249 3011 3287 ιν.

1866 3326 2235 3394 Pulcherrimo
2288 3326 2526 3380 omnium
2575 3325 2741 3380 totius
2788 3323 3052 3394 Europae,
3100 3323 3446 3377 ecclesiarum

1934 3420 2132 3490 capiti,
2169 3433 2321 3488 papa:
2350 3417 2600 3488 praedulci
2624 3455 2639 3479 ,
2672 3416 2927 3485 PI'LL'CCISO
2972 3415 3180 3484 pra‘suli
3212 3455 3226 3480 ,
3257 3423 3443 3484 pasto.

1933 3525 2052 3564 rum
2083 3509 2315 3575 PastOri,
2354 3507 2802 3562 reverendissimo
2840 3505 3199 3575 Speculatori:
3244 3501 3441 3557 humil-

1936 3600 2094 3655 limus
2117 3599 2410 3654 celsissimo
2429 3638 2442 3664 ,
2466 3598 2720 3662 maximo,
2745 3596 2971 3665 agrestis
2991 3595 3218 3656 urbano,
3244 3594 3441 3648 micro-

1935 3691 2089 3760 logus
2110 3689 2576 3760 eloquentissimo,
2599 3697 2871 3743 extremus
2899 3687 3070 3756 primo
3092 3725 3106 3750 ,
3131 3684 3442 3755 peregrinus

1934 3781 2193 3850 indigena:
2219 3819 2237 3847 ,
2265 3779 2622 3850 pauperculus
2652 3777 2970 3848 prmpotenti
2994 3779 3012 3846 (
3038 3777 3228 3829 mirum
3261 3774 3436 3830 dictu!

1933 3888 2070 3925 nova
2100 3887 2186 3927 res
2215 3871 2228 3924 l
2257 3857 2297 3941 ),
2331 3885 2448 3924 rara
2504 3869 2618 3924 avis
2639 3907 2654 3935 ,
2697 3869 2933 3924 scribere
2971 3867 3131 3922 audet
3171 3865 3450 3921 Bonifacio

1932 3964 2076 4018 Patri
2107 3962 2291 4017 Palum
2300 3964 2413 4017 bus.

1930 4052 1970 4107 ι.
2011 4052 2143 4120 Quis
2197 4054 2397 4123 poterit
2442 4053 2624 4123 glaber
2672 4052 2894 4116 audire?
2941 4065 3062 4119 quis
3108 4065 3214 4105 non
3261 4048 3439 4102 statim

1857 4144 2003 4198 dicat
2027 4161 2039 4196 :
2080 4144 2211 4211 Quis
2237 4152 2321 4200 est
2375 4145 2477 4199 iste
2505 4142 2753 4214 garrulus
2776 4183 2793 4206 .
2822 4150 3277 4212 prmsumptuosus
3302 4180 3317 4204 ,
3348 4137 3439 4208 qui

1857 4251 1966 4290 non
1992 4244 2211 4305 rogatus
2238 4237 2363 4290 talia
2383 4238 2619 4292 scribere
2641 4234 2836 4310 audet?
2857 4233 2987 4301 Quis
3012 4232 3224 4288 talionis
3251 4232 3437 4285 incen-

1857 4335 1940 4382 tor
1965 4342 2072 4382 non
2096 4326 2376 4382 confestim
2399 4329 2450 4382 in
2474 4327 2602 4381 illud
2623 4328 2900 4396 antiquum
2925 4325 3239 4395 probrosum
3259 4337 3438 4378 erum-

1855 4425 1948 4488 pat
1976 4419 2207 4487 elogium
2229 4418 2258 4484 ,‘
2273 4435 2381 4489 quo
2429 4419 2596 4489 Moysi
2627 4417 2880 4474 llebracus
2908 4417 2999 4486 ille
3022 4458 3039 4482 ,
3066 4415 3156 4487 qui
3207 4413 3439 4472 faciebat

1855 4509 2103 4578 injuriam
2156 4509 2308 4564 fratri
2352 4525 2489 4574 suo,
2522 4509 2835 4579 respondit:
2889 4507 3015 4574 Quis
3066 4519 3113 4562 te
3165 4508 3432 4562 constituit

1858 4603 2138 4674 principem
2162 4641 2177 4666 ,
2220 4611 2309 4656 aut
2341 4602 2569 4673 judicent
2614 4613 2765 4672 super
2803 4618 2894 4656 nos
2926 4601 2943 4670 (
2973 4599 3143 4654 Exod.
3177 4615 3213 4655 ll
3241 4638 3256 4664 ,
3290 4597 3356 4652 14
3378 4597 3437 4668 )?

1857 4694 1956 4750 Cui
2000 4710 2101 4764 ego
2149 4697 2298 4766 prior
2345 4693 2650 4766 respondeo
2678 4709 2786 4748 non
2816 4707 2934 4747 esse
2961 4691 3433 4778 praesumptionem

1857 4789 1947 4844 ubi
1973 4794 2187 4844 constat
2213 4802 2334 4842 esse
2362 4787 2730 4841 necessitatem
2759 4783 2827 4837 ad
2856 4781 3104 4836 Ecclesiae
3124 4778 3431 4834 aedificatio-

1843 4881 2017 4947 nem;
2047 4891 2102 4936 ct
2127 4881 2172 4934 si
2207 4880 2257 4932 in
2288 4893 2514 4947 persona
2545 4875 2842 4940 cavillatur,
2876 4889 2982 4928 non
3009 4874 3129 4944 quis
3157 4873 3310 4936 dico,
3337 4871 3432 4926 sed

1854 4974 1980 5044 quid
2009 4973 2157 5036 dico,
2188 4971 2511 5025 consideret.
2544 4968 2680 5035 Quid
2709 4970 2852 5024 enim
2897 4968 3097 5023 tacebit
3121 4965 3438 5038 peregrinus

1849 5067 2211 5132 Christianus,
2236 5063 2378 5133 quod
2401 5063 2514 5132 jam
2532 5063 2621 5117 diu
2651 5061 2916 5118 declamat
2936 5062 3140 5116 vicinus
3168 5059 3430 5115 Arianus?

1851 5159 2072 5230 Meliora
2120 5168 2350 5223 namque
2395 5165 2512 5208 sunt
2559 5153 2768 5206 vulnera
2805 5151 2959 5204 amici
3019 5165 3173 5218 quem
3210 5146 3429 5217 [raudu-

1847 5253 1986 5320 lcnta
2015 5248 2191 5302 oscula
2219 5246 2414 5301 inimici
2446 5245 2464 5313 (
2489 5244 2646 5298 Prov.
2673 5259 2850 5322 intqu
2881 5239 2973 5306 6).
3007 5239 3108 5291 Alii
3138 5237 3431 5291 detrahunt

1850 5341 1978 5396 Leti.
1996 5340 2048 5393 in
2071 5346 2282 5393 secreto
2320 5354 2334 5402 ;
2363 5351 2461 5406 ego
2493 5335 2657 5389 tristis
2683 5349 2748 5389 ac
2784 5332 2968 5386 dolens
2994 5343 3210 5399 arguam
3239 5328 3294 5382 in
3323 5342 3424 5398 pu-

1851 5430 2028 5494 blico;
2075 5427 2170 5483 sed
2206 5413 2527 5483 ‘scbismatis
2573 5423 2719 5478 noxii
2762 5420 2933 5484 mala,
2983 5434 3089 5473 non
3137 5415 3423 5488 impiorum

1847 5519 2189 5592 pacilicorum
2233 5519 2394 5572 bona.
2424 5515 2539 5569 Non
2587 5515 2745 5582 igitur
2773 5527 2870 5581 pro
2898 5510 3134 5565 vanitate
3179 5515 3271 5562 aut
3298 5523 3424 5578 pro-

1846 5611 2074 5664 cacitate
2127 5601 2364 5662 scribere
2418 5605 2687 5660 vilissima:
2741 5602 3012 5671 qualitatis
3067 5599 3423 5655 homunculus

1847 5711 1953 5761 tam
1977 5698 2241 5770 praecelsis
2272 5697 2397 5751 viris
2424 5711 2688 5763 pncsumo
2714 5713 2724 5746 :
2751 5693 2906 5747 dolor
2933 5692 3073 5745 enim
3116 5689 3298 5758 potius
3330 5704 3416 5743 me

1845 5805 2005 5861 quiam
2050 5781 2211 5846 elatio
2257 5786 2530 5862 compellit
2577 5785 2728 5841 vobis
2780 5779 3417 5848 indicare,humilhms,
