3856 6218
403 371 508 428 9.75

1630 368 1686 425 S.
1729 369 1903 425 CULU
1916 366 2123 422 MBANI
2164 371 2202 423 Α
2215 369 2450 425 llBATiS

3571 382 3680 438 276

404 491 463 539 ut
490 483 665 548 decet,
694 482 1053 552 suggestione,
1083 481 1227 549 quod
1259 494 1452 535 nomen
1482 481 1575 536 Dei
1603 497 1697 555 per
1721 497 1817 537 vos
1846 498 1978 536 cou-
2009 479 2058 536 Α
2087 481 2158 536 ris
2183 483 2381 549 sibilis,
2419 492 2651 553 notaque
2682 498 2813 538 voce
2836 526 2851 551 ,
2880 492 2933 538 et
2961 493 3044 540 sta
3094 485 3232 541 inter
3262 487 3380 543 illas
3410 498 3463 543 et
3491 489 3682 561 lupos,

403 577 688 634 tendentes
717 574 965 644 utrinque
992 572 1396 644 blasphematur
1426 573 1565 627 inter
1594 583 1805 642 gentes.

471 664 536 722 ll.
576 665 743 721 Doleo
767 664 932 731 enim,
961 662 1151 728 fateor,
1175 662 1242 717 de
1267 662 1481 717 infamia
1506 664 1770 718 cathedia:
1796 666 1852 719 S.
1887 662 1988 717 Pe-

401 754 647 812 trizscio
687 761 866 809 tamen
895 769 1053 824 super
1091 769 1177 808 me
1221 769 1340 808 esse
1387 755 1660 824 negotium
1686 795 1701 820 ,
1751 766 1806 812 et
1846 757 1989 826 quod

403 848 573 916 prima
603 843 780 900 fronte
806 845 903 899 sub
930 859 1128 916 prunas
1146 885 1162 910 ,
1205 853 1265 898 ut
1295 844 1513 908 dicitur,
1542 845 1731 901 faciem
1757 863 1948 917 ponam
1974 865 1987 910 ;

398 934 492 991 sed
538 934 666 1005 qu'd
711 934 841 989 milii
885 934 1046 989 facies
1099 949 1283 991 coram
1331 934 1674 1002 hominibus,
1701 936 1792 991 ubi
1845 937 1991 991 mins

400 1025 600 1099 [Forte
648 1027 860 1084 zeluml
893 1027 1017 1082 fidei
1062 1027 1213 1098 prodi
1257 1043 1476 1084 necesse
1502 1030 1626 1083 est?
1652 1029 1844 1085 Coram
1877 1030 1988 1086 Deo

398 1125 453 1171 ct
475 1117 678 1189 angelis
721 1133 828 1175 non
868 1116 1165 1173 confundar
1191 1135 1206 1183 ;
1235 1118 1353 1172 laus
1400 1127 1483 1172 est
1522 1135 1620 1189 pro
1669 1118 1779 1174 Deo
1804 1134 1988 1175 coram

399 1209 707 1264 hominibus
747 1209 944 1264 confun
966 1209 1000 1263 li
1027 1225 1043 1274 ;
1075 1209 1119 1263 si
1151 1211 1427 1274 exaudiar,
1455 1225 1740 1266 commune
1781 1211 1988 1267 lucrum

398 1300 610 1356 erit:si
656 1299 938 1370 despiciar,
973 1315 1090 1354 mea
1138 1315 1346 1355 merces
1389 1301 1511 1356 erit.
1562 1299 1676 1370 Ego
1701 1302 1885 1366 enim,
1932 1309 1987 1354 ut

403 1393 608 1446 amicus
630 1430 648 1458 ,
673 1401 728 1446 ut
768 1391 1062 1461 discipulus
1083 1432 1098 1456 ,
1132 1399 1189 1446 ut
1230 1392 1550 1462 pedisequus
1573 1392 1768 1460 vester,
1796 1409 1902 1449 non
1931 1405 1989 1451 ut

400 1480 611 1538 alienus
659 1482 884 1552 loquar;
917 1481 1038 1538 ideo
1083 1482 1251 1537 libere
1295 1482 1518 1553 eloquar
1561 1486 1759 1541 nostris
1800 1494 1988 1556 utpote

400 1572 669 1643 magistris
695 1614 711 1640 ,
749 1587 812 1629 ac
853 1573 1148 1643 spiritualis
1200 1573 1352 1629 navis
1405 1575 1871 1644 gubernatoribus,
1924 1592 1987 1632 ac

397 1663 638 1735 mysticis
668 1664 902 1734 proretis
945 1664 1166 1720 dicens:
1201 1663 1430 1733 Vigilate
1457 1705 1474 1732 ,
1505 1666 1628 1733 quia
1670 1680 1818 1722 mare
1861 1681 1987 1736 pro-

398 1751 659 1809 cellosum
688 1761 771 1808 est
795 1795 808 1818 ,
844 1761 902 1809 et
943 1752 1121 1823 ﬂagris
1162 1762 1510 1823 exasperatur
1538 1755 1792 1812 feralibus
1813 1794 1831 1823 ,
1857 1757 1984 1825 quia

2096 583 2171 638 ut,
2220 573 2462 644 deposito
2515 591 2737 645 pavore,
2790 586 2917 631 tunc
2964 577 3193 647 primum
3243 587 3296 636 te
3345 597 3414 636 ex
3464 583 3681 652 integro

2093 674 2420 732 cognoscant
2468 671 2758 734 pastorem.
2801 664 3036 733 Papulua
3079 666 3221 722 enim
3270 683 3431 738 quem
3475 671 3676 732 video.

2093 757 2218 812 dum
2271 757 2467 812 multos
2514 757 2744 812 sustinet
2791 757 3109 822 luercticos,
3164 760 3372 815 zelosus
3427 771 3512 817 est
3553 801 3569 826 ,
3625 772 3682 818 et

2102 847 2210 902 cito
2266 855 2522 917 tanquam
2574 861 2702 916 grex
2751 848 2978 917 pavidus
3019 849 3283 914 turbatur,
3307 860 3360 906 et
3389 853 3517 909 inde
3569 870 3681 909 nou

2094 939 2204 992 cito
2233 952 2455 993 securus
2510 944 2595 994 est
2645 937 2770 1007 quia
2821 945 3003 993 tantos
3050 938 3200 994 italia
3249 939 3402 1009 lupos
3450 941 3679 1007 habuit,

2092 1043 2319 1097 quorum
2360 1028 2523 1084 catuli
2559 1028 2647 1082 vix
2677 1036 2903 1097 possunt
2929 1028 3027 1083 toti
3072 1028 3198 1084 elidi
3228 1047 3240 1082 :
3272 1029 3396 1084 dum
3424 1031 3681 1087 nimirum

2095 1117 2233 1172 inter
2274 1125 2426 1171 antra
2479 1117 2610 1171 tanti
2652 1117 2833 1171 nutriti
2868 1125 3010 1172 sunt.
3058 1115 3228 1174 Astra
3269 1119 3446 1175 deleat
3491 1120 3635 1177 Deus
3661 1164 3679 1189 ,

2095 1207 2120 1244 ιο
2153 1207 2258 1262 tale
2303 1222 2485 1274 senten
2508 1248 2524 1271 ,
2555 1216 2608 1261 et
2638 1207 2839 1263 nutriat
2865 1220 3025 1277 grege
3055 1223 3156 1264 suo
3183 1248 3199 1275 ,
3233 1217 3392 1280 teque
3412 1225 3678 1282 compun-

2090 1307 2207 1368 gat:
2240 1298 2524 1367 vigilanter
2571 1298 2785 1353 insistas
2831 1297 3009 1354 cilicio
3052 1306 3146 1354 tuo
3188 1300 3475 1370 pastorali.
3525 1310 3679 1357 stans

2089 1403 2251 1458 super
2278 1387 2576 1443 custodiam
2611 1396 2753 1443 tuam
2783 1387 2868 1443 die
2897 1402 2959 1443 ac
2985 1396 3146 1444 nocte
3167 1429 3184 1454 ,
3217 1397 3275 1443 ut
3303 1389 3481 1446 videas
3509 1391 3681 1446 bacu-

2089 1481 2198 1536 lum
2247 1479 2396 1536 ilium
2444 1495 2693 1544 nuceum,
2744 1495 2901 1549 quem
2943 1480 3194 1536 uncinum
3248 1482 3453 1552 (Amos
3481 1525 3498 1548 ,
3542 1499 3676 1549 vui,

2100 1571 2157 1636 i,
2192 1568 2270 1642 9),
2304 1579 2488 1640 postea
2516 1571 2701 1625 videre
2739 1571 2994 1626 merearis
3025 1580 3267 1642 tempore
3297 1571 3499 1632 fructus
3525 1574 3680 1631 colli-

2088 1659 2246 1728 gendi
2274 1674 2452 1715 veros.
2487 1658 2556 1715 Ut
2593 1673 2722 1728 ergo
2747 1661 2954 1715 honore
2981 1663 3284 1732 apostolico
3309 1679 3417 1719 non
3445 1678 3636 1721 careas
3660 1705 3677 1731 ,

2090 1764 2354 1807 conserva
2385 1751 2542 1806 iidem
2581 1751 2972 1820 apostolicam,
3013 1753 3272 1809 confirma
3322 1756 3636 1813 testimonio
3659 1796 3677 1822 .

399 1857 507 1898 non
537 1844 652 1897 sola
683 1844 864 1898 minax
906 1843 1047 1898 unda
1073 1881 1090 1907 .
1119 1858 1240 1912 quae
1282 1845 1443 1899 etiam
1491 1856 1734 1916 permota
1763 1859 1986 1917 pontum

2096 1841 2282 1898 robora
2327 1843 2530 1912 scripto
2558 1881 2574 1906 .
2617 1843 2765 1897 muni
2809 1842 3054 1913 synodo;
3102 1852 3160 1899 ut
3199 1844 3374 1899 nullus
3420 1845 3514 1900 tibi
3555 1846 3680 1914 jure

398 1949 611 2005 semper
663 1932 896 2007 [Forte,
947 1933 1150 2006 super]
1197 1938 1368 1992 cautis
1414 1939 1680 2006 spumosis
1730 1955 1981 1996 concava:

398 2028 734 2092 vorticibus,
788 2027 1134 2099 hyperbolice
1182 2029 1307 2084 licet
1354 2030 1421 2084 de
1463 2031 1621 2099 longe
1669 2039 1984 2101 turgescens

398 2117 696 2183 extollitur,
727 2127 781 2173 et
819 2126 944 2173 ante
989 2133 1050 2174 se
1094 2117 1308 2174 calabra
1341 2119 1548 2176 fulcatis
1590 2130 1715 2177 octo
1752 2122 1985 2177 millibus

403 2208 599 2274 trudit;
630 2209 722 2263 sed
754 2217 1044 2277 tempestas
1089 2209 1253 2265 totius
1283 2210 1534 2266 elementi
1555 2253 1568 2277 ,
1603 2212 1853 2267 nimirum
1881 2228 1982 2266 un-

397 2297 556 2368 dique
605 2298 972 2366 consurgrntis
994 2339 1009 2363 ,
1038 2307 1092 2353 et
1144 2297 1375 2367 undique
1415 2299 1711 2364 commoti,
1744 2301 1983 2371 mysticte

400 2388 550 2442 navis
578 2387 908 2456 naufragium
938 2387 1168 2442 intentat
1192 2403 1208 2456 ;
1258 2389 1378 2444 ideo
1405 2389 1545 2444 addo
1577 2389 1791 2445 timidus
1820 2399 1984 2444 nauta

398 2479 634 2533 clamare
660 2495 673 2530 :
707 2475 930 2546 Vigilate
957 2519 972 2545 ,
1004 2477 1126 2547 quia
1170 2492 1305 2546 aqua
1334 2479 1444 2548 jam
1474 2479 1690 2534 intratit
1720 2480 1773 2534 in
1805 2478 1986 2534 Eccle-

399 2567 491 2621 sia:
523 2582 744 2630 navem.
769 2575 823 2622 et
852 2568 1002 2622 navis
1034 2568 1385 2637 periclitatur.
1417 2568 1526 2622 Nos
1547 2569 1690 2622 enim
1716 2567 1814 2623 SS.
1843 2567 1986 2624 Petri

398 2664 451 2709 et
486 2654 632 2709 Pauli
660 2666 714 2709 et
740 2658 978 2710 omnium
1011 2657 1414 2725 discipulorum,
1457 2656 1694 2711 divinum
1724 2673 1985 2714 canonem

401 2760 425 2784 κ
451 2746 653 2816 Spiritu
683 2758 870 2804 sancto
910 2740 1255 2804 scribeittium
1281 2789 1297 2814 ,
1336 2747 1582 2817 discipuli
1610 2765 1794 2804 sumus
1816 2789 1832 2815 ,
1891 2752 1987 2805 toti

400 2835 626 2900 ile-beri.
662 2838 832 2892 ultimi
864 2837 1197 2892 habitatores
1246 2837 1427 2892 mundi
1447 2877 1461 2904 ,
1491 2837 1621 2892 nihil
1647 2847 1800 2894 extra
1828 2853 1987 2903 evan-

400 2929 627 2997 gelieam
651 2937 704 2983 et
737 2929 1087 2999 apostolicam
1113 2927 1408 2983 doctrinam
1439 2928 1787 2999 recipientes:
1815 2930 1989 2986 nullus

400 3020 686 3074 iimreticus
714 3061 728 3086 ,
758 3019 932 3074 nullus
959 3017 1171 3074 Judaiu's
1198 3059 1214 3086 ,
1238 3019 1412 3074 nullus
1439 3020 1811 3075 schismatieus
1838 3021 1935 3074 init
1968 3037 1983 3087 ;

401 3109 494 3164 sed
526 3108 655 3165 ﬁdes
685 3110 944 3166 catholica
963 3151 978 3177 ,
1007 3108 1143 3164 sicut
1173 3125 1203 3162 a
1243 3110 1393 3164 vobis
1424 3111 1650 3179 primum
1681 3119 1985 3167 sanctorum

2087 1931 2325 1986 resistat.
2355 1930 2472 1986 Noli
2502 1931 2782 2001 despicere
2807 1931 3144 1987 consiliolum
3175 1932 3486 2003 alienigena:
3515 1975 3532 2002 ,
3559 1945 3679 1990 tan-

2085 2037 2248 2090 quam
2275 2019 2467 2077 doctor
2496 2021 2637 2077 illius
2675 2023 2899 2078 zeiantis
2927 2037 3024 2093 pro
3071 2031 3143 2078 te.
3174 2023 3400 2080 Mundus
3437 2026 3551 2095 jam
3580 2025 3678 2081 de-

2086 2113 2286 2177 clinat.
2338 2111 2594 2184 Princeps
2639 2123 2916 2184 pastorum
2963 2117 3401 2187 appropinquat:
3433 2133 3566 2174 care
3606 2135 3676 2174 ne

2089 2212 2141 2258 te
2189 2203 2548 2272 negligentem
2591 2205 2866 2272 inveniat,
2914 2214 2969 2261 et
3009 2221 3300 2263 conservos
3325 2209 3519 2278 pugnis
3547 2209 3676 2265 mali

2087 2294 2318 2364 exempli
2374 2295 2762 2364 percutientem
2817 2296 3337 2368 manducantemque
3387 2315 3509 2354 cum
3567 2300 3676 2354 ile-

2087 2385 2271 2450 braeis,
2304 2397 2357 2440 et
2405 2386 2674 2441 bibentem
2694 2428 2708 2453 ,
2738 2402 2805 2441 ne
2851 2385 3126 2455 contingat
3153 2389 3432 2456 sequentia
3460 2389 3663 2444 securi-

2089 2477 2185 2530 tati
2211 2496 2222 2529 :
2252 2475 2351 2540 Qui
2378 2479 2514 2531 enim
2543 2479 2781 2548 ignorat,
2807 2477 3176 2549 ignorabitur(
3207 2477 3234 2534 1
3263 2479 3380 2534 Cor.
3412 2495 3522 2546 xiv,
3555 2478 3671 2549 2i).

2089 2566 2205 2621 Non
2252 2566 2446 2621 sufficit
2475 2567 2566 2622 tibi
2591 2567 2734 2636 quod
2765 2584 2860 2636 pro
2902 2576 2953 2622 te
2997 2569 3112 2638 ipso
3155 2569 3418 2623 sollicitus
3443 2570 3550 2633 sis,
3578 2570 3671 2638 qui

2091 2656 2376 2710 multorum
2407 2672 2590 2711 curam
2633 2659 2908 2726 suscepisti
2937 2676 2948 2710 :
2979 2661 3064 2713 cui
3095 2660 3237 2714 enim
3268 2660 3387 2730 plus
3413 2662 3670 2728 creditur,

2091 2748 2209 2816 plus
2230 2747 2296 2802 ab
2328 2762 2393 2801 eo
2419 2747 2670 2816 exigitur.

2160 2837 2246 2907 iV,
2291 2837 2456 2906 Vigila
2481 2837 2680 2906 itaque,
2712 2853 2925 2908 quaeso,
2973 2854 3108 2910 papa
3134 2881 3149 2907 ,
3183 2840 3369 2909 vigila;
3397 2850 3452 2895 et
3483 2841 3675 2901 iterum

2091 2927 2209 2982 dico
2235 2945 2247 2980 :
2280 2926 2438 2996 vigila
2471 2944 2484 2993 ;
2514 2928 2634 2996 quia
2664 2927 2799 2983 forte
2829 2944 2933 2984 non
2963 2929 3100 2984 bene
3135 2930 3373 2997 vigilavit
3411 2931 3630 3002 l’igilina
3656 2977 3670 3000 ,

2090 3013 2249 3087 quem
2278 3027 2439 3087 caput
2468 3018 2702 3073 scandali
2729 3019 2816 3073 isti
2856 3019 3087 3074 clamant
3112 3059 3127 3086 ,
3159 3021 3251 3088 qui
3281 3021 3433 3076 vobis
3461 3023 3673 3092 culpant

2095 3109 2360 3176 injiciunt.
2409 3108 2580 3177 Vigila
2611 3110 2783 3179 primo
2823 3126 2921 3180 pro
2960 3109 3064 3166 ﬁde
3087 3150 3104 3178 ,
3132 3111 3324 3167 deinde
3371 3128 3468 3182 pro
3497 3116 3674 3184 operi-

401 3201 606 3254 scilicct
654 3200 1020 3268 apostolorum
1067 3201 1495 3263 successoribus,
1529 3200 1717 3255 tradita
1765 3212 1875 3266 est,
1906 3203 2059 3269 in--c
2091 3199 2190 3253 bus
2221 3198 2340 3257 fidei
2371 3199 2624 3267 jubendis
2655 3200 2900 3269 vitiisque
2925 3201 3236 3270 calcandis;
3265 3204 3388 3273 quia
3423 3213 3513 3259 tua
3539 3205 3676 3274 vigi-

402 3306 660 3346 concussa
690 3299 919 3346 tenetur.
952 3291 1063 3357 Qua
1097 3289 1287 3346 fiducia
1327 3290 1612 3346 roboratus
1636 3306 1799 3346 ausus
1826 3306 1944 3346 sum
1964 3331 1982 3357 ,

402 3396 466 3436 ac
487 3381 530 3435 si
553 3382 880 3448 stimulatus,
907 3381 1167 3435 suscitare
1195 3395 1290 3435 vos
1315 3389 1501 3435 contra
1518 3395 1611 3436 eos
1629 3382 1718 3451 qui
1735 3381 1984 3451 blasphe-

405 3482 555 3527 mant
602 3481 758 3537 tuos,
787 3483 842 3526 et
882 3472 1258 3528 lucreticorum
1308 3481 1614 3543 receptores
1645 3472 1877 3527 clamant
1921 3488 1985 3527 ac

403 3566 774 3622 schismaticos
797 3573 988 3620 vocant
1014 3582 1028 3631 ;
1057 3572 1114 3618 ut
1143 3564 1389 3634 gloriatio
1417 3579 1536 3618 mea
1574 3579 1678 3632 qua
1709 3579 1806 3633 pro
1837 3563 1987 3618 vobis

404 3657 538 3711 liius
564 3655 636 3710 illi
667 3655 994 3724 respondens
1033 3654 1242 3709 locutus
1287 3669 1404 3710 sum
1427 3695 1441 3718 ,
1469 3669 1574 3709 non
1605 3654 1673 3707 sit
1704 3654 1904 3715 inanis,
1933 3665 1982 3707 et

406 3746 480 3801 iiii
519 3746 934 3810 confundantur,
964 3761 1071 3800 non
1094 3761 1210 3800 nos.
1240 3743 1353 3812 Ego
1391 3744 1531 3800 enim
1563 3760 1659 3814 pro
1687 3744 1836 3800 vobis
1864 3761 1987 3816 pro-

407 3839 563 3903 misi,
594 3838 740 3906 quod
785 3838 985 3891 nullum
1015 3837 1321 3891 inereticum
1356 3835 1594 3891 Ecclesia
1627 3836 1865 3890 Romana
1894 3837 1986 3892 de-

405 3927 587 3980 fcnaiat
613 3937 798 3981 contra
844 3926 1162 3980 catholicam
1193 3925 1374 3994 iidem,
1423 3928 1562 3983 sicut
1591 3929 1880 3999 discipulos
1914 3929 1986 3982 ita

405 4018 562 4072 decet
609 4019 807 4073 sentire
847 4016 914 4072 de
953 4018 1227 4087 magistro.
1261 4017 1463 4074 Idcirco
1494 4019 1679 4075 libenti
1725 4021 1906 4075 animo
1932 4027 1989 4075 et

408 4110 507 4180 piis
536 4110 753 4166 auribus
778 4111 1090 4166 necessaria:
1114 4111 1525 4166 insinuationem
1558 4111 1989 4182 praesumptionis

407 4215 540 4256 mea:
575 4202 862 4271 suscipite:
896 4201 1153 4270 quidquid
1183 4201 1322 4254 enim
1347 4202 1553 4266 dixero,
1585 4210 1675 4255 aut
1704 4203 1833 4254 utile
1856 4238 1870 4263 ,
1897 4209 1990 4253 aut

407 4290 765 4344 orthodoxam
790 4331 805 4355 ,
836 4291 988 4344 vobis
1016 4291 1382 4358 reputabitur;
1416 4290 1532 4345 laus
1579 4291 1721 4345 enim
1752 4290 1988 4357 magistri

409 4379 464 4431 in
509 4378 889 4447 discipulorum
920 4393 1136 4434 suorum
1166 4378 1409 4435 doctrina
1441 4389 1554 4444 est;
1602 4380 1756 4445 ideo,
1810 4380 1854 4435 si
1900 4395 1990 4434 sa-

410 4467 619 4537 pienter
665 4468 879 4523 locutus
932 4468 1089 4524 fuerit
1135 4469 1309 4532 ﬁlius,
1339 4469 1695 4526 lzetiiicabitur
1736 4478 1904 4539 pater,
1936 4478 1991 4524 et

2088 3291 2247 3345 lantia
2275 3291 2566 3345 multorum
2594 3291 2696 3346 erit
2724 3290 2884 3356 salus,
2915 3291 3058 3346 sicut
3087 3307 3116 3346 e
3144 3293 3416 3348 contrario
3451 3303 3544 3348 tua
3580 3307 3670 3348 se-

2085 3383 2284 3435 curitas
2335 3379 2622 3434 multorum
2654 3379 2757 3433 erit
2801 3382 3048 3434 Vastatio.
3094 3380 3268 3435 Mittat
3316 3389 3370 3436 te
3409 3380 3580 3437 Isaias
3618 3384 3674 3436 in

2087 3478 2323 3526 montem
2347 3469 2432 3534 qui
2473 3469 2793 3539 evangeliaas
2825 3468 2955 3524 Sion
2984 3471 3000 3538 (
3027 3467 3136 3523 Iaa.
3170 3484 3238 3523 xt.
3261 3511 3277 3535 ,
3319 3469 3403 3539 9),
3437 3472 3546 3526 imo
3578 3487 3675 3541 per

2085 3559 2275 3612 isaiam
2314 3557 2490 3624 Deus,
2543 3558 2692 3626 juxta
2732 3559 2806 3611 tui
2855 3557 3082 3612 nominis
3131 3557 3674 3628 interpretationem,

2091 3652 2142 3704 in
2189 3649 2462 3717 speculam
2502 3663 2641 3702 verte
2685 3647 3156 3716 contemplationis
3204 3658 3370 3717 ponat
3397 3665 3411 3715 ;
3438 3649 3493 3703 in
3533 3665 3675 3720 qua,

2090 3740 2240 3808 quasi
2281 3738 2490 3792 cuitctis
2542 3737 2857 3792 mortalibus
2908 3736 3067 3792 altior
3107 3738 3312 3808 positus
3357 3739 3679 3809 vicinasque

2089 3830 2387 3884 caelestium
2453 3829 2715 3891 eﬂectus,
2792 3830 3031 3882 exaltant
3089 3829 3238 3900 quasi
3308 3830 3431 3882 tuba
3501 3845 3680 3885 vocent

2092 3928 2230 3972 tuam
2261 3921 2532 3973 annuntio:
2560 3919 2746 3988 populo
2800 3917 3010 3974 Domini
3041 3919 3155 3984 tui,
3189 3918 3283 3973 tibi
3312 3917 3379 3972 ab
3420 3933 3487 3973 eo
3520 3932 3680 3973 com-

2096 4011 2258 4062 misso
2315 4018 2524 4077 peccata
2578 4024 2752 4062 eorum
2779 4051 2791 4072 ,
2850 4017 2898 4062 et
2951 4009 3127 4063 domui
3171 4006 3335 4062 Iacob
3379 4007 3680 4079 iniquitates

2091 4117 2264 4153 eorum
2296 4099 2442 4169 (Isa.
2484 4115 2606 4154 Lvttt
2630 4137 2645 4164 ,
2673 4099 2746 4168 i).
2765 4099 2882 4153 Noli
2924 4097 3112 4153 timere
3137 4097 3347 4168 culpam
3375 4097 3677 4152 mendacii:

2092 4187 2257 4242 habes
2279 4188 2421 4240 enim
2443 4187 2582 4252 quod
2603 4188 2919 4241 annuntiare
2939 4187 3134 4240 debeas
3152 4205 3168 4253 ;
3183 4185 3335 4240 multi
3354 4185 3517 4250 enim,
3533 4185 3683 4254 quod

2091 4278 2306 4344 gravius
2332 4283 2450 4340 est,
2481 4289 2575 4343 per
2619 4274 2963 4328 securitatem
2993 4283 3265 4343 pastorum
3306 4273 3358 4328 in
3387 4274 3470 4328 bis
3495 4273 3680 4342 regio-

2095 4365 2250 4419 nibus
2279 4363 2380 4432 dej«
2401 4364 2473 4419 cti
2512 4371 2638 4417 sunt
2667 4401 2682 4428 ,
2711 4370 2766 4418 et
2795 4363 2942 4416 multi
2973 4377 3070 4434 per
3099 4361 3507 4433 prosperitatcm
3537 4361 3682 4418 infe-

2094 4457 2359 4512 iicissimte
2405 4456 2740 4510 abundantia:
2777 4456 2988 4526 decepti
3036 4463 3179 4510 sunt.
3211 4453 3339 4511 lude
3365 4454 3489 4524 quia
3523 4454 3683 4525 juxta

400 4551 588 4614 ἢδη-ε
631 4558 747 4613 [aus
788 4559 921 4623 ετίι,
955 4559 1078 4627 quia
1130 4575 1161 4615 δ
1208 4559 1360 4615 vobis
1386 4603 1403 4629 ,
1435 4569 1494 4615 ιη
1518 4561 1626 4616 dixi
1653 4599 1667 4623 ν
1696 4559 1983 4629 processu;
2020 4565 2068 4624 ι)
2097 4548 2264 4602 minas
2294 4547 2500 4601 Domini
2528 4587 2543 4611 ,
2564 4547 2779 4620 sanguis
2805 4555 3116 4603 sanctorum
3138 4546 3206 4604 de
3230 4547 3476 4603 manibus
3493 4547 3685 4618 requi-

413 4665 522 4703 non
565 4648 707 4703 enim
738 4647 852 4703 rivo
896 4652 1127 4717 paritas,
1159 4653 1252 4703 sed
1297 4647 1428 4704 ionti
1474 4649 1768 4720 reputanda
1797 4659 1899 4704 est.
1932 4645 1990 4702 Si

415 4755 545 4797 vero
567 4738 744 4808 aliqua
768 4748 1022 4806 tanquam
1043 4737 1143 4792 zeli
1171 4737 1385 4792 modum
1413 4739 1722 4795 excedentis
1745 4777 1760 4803 ,
1794 4739 1950 4794 verta
1978 4778 1994 4804 ,

418 4839 513 4885 aut
552 4828 605 4884 in
653 4827 753 4884 bac
781 4837 873 4883 aut
913 4830 966 4884 in
1017 4827 1186 4883 altera
1226 4835 1412 4883 contra
1457 4830 1742 4900 Agripp...,
1773 4828 1866 4898 qui
1911 4841 1998 4882 me

419 4926 588 4980 movit
612 4924 680 4977 ad
709 4920 1048 4977 scribendum
1078 4918 1306 4990 epistola
1347 4917 1656 4974 inveneritis
1683 4918 1954 4975 incondita
1979 4958 1996 4986 ,

417 5031 550 5071 men:
576 5014 938 5071 indiscretioui
965 5053 980 5078 ,
1011 5027 1118 5066 non
1144 5009 1360 5066 elationi
1388 5008 1676 5077 deputetis.

485 5104 573 5159 ill.
614 5103 840 5174 Vigilate
879 5104 1059 5170 itaque
1102 5116 1200 5172 pro
1232 5099 1484 5155 Ecclesiae
1514 5113 1644 5168 pace
1669 5137 1685 5166 ,
1713 5097 1996 5154 subvenite

419 5197 609 5252 ovibus
665 5192 855 5248 vestris
886 5229 902 5258 ,
946 5191 1056 5259 jam
1111 5200 1362 5259 tanquam
1410 5187 1655 5257 luporum
1702 5188 1994 5244 terroribus

422 5285 656 5355 pavidis,
681 5296 800 5352 qua:
828 5295 923 5335 vos
951 5281 1092 5348 ipsos
1139 5281 1356 5351 insuper
1385 5278 1550 5333 nimio
1579 5287 1765 5347 utpote
1795 5290 1996 5349 pavore

421 5376 476 5430 ia
521 5374 876 5429 alternantem
923 5369 1258 5424 circumactae
1307 5365 1732 5425 convertibulum
1783 5367 1992 5420 timent.

422 5463 547 5519 ideo
575 5463 878 5516 dubitantes
905 5457 1102 5529 partim
1130 5460 1404 5514 venientes
1428 5499 1445 5524 ,
1474 5457 1668 5527 partim
1688 5472 1818 5513 vero
1843 5471 1995 5512 rece-

423 5560 612 5616 dentes
634 5558 816 5629 ,Sicut
844 5556 1101 5625 veniunt,
1129 5555 1205 5611 sic
1233 5564 1594 5620 revertuntur,
1623 5563 1680 5609 et
1702 5569 1916 5624 semper
1945 5554 1996 5607 in

426 5667 626 5716 pavore
646 5663 788 5721 sunt.
819 5651 1176 5717 Quamobrem
1204 5657 1351 5704 utere
1377 5649 1524 5716 veri,
1547 5667 1580 5704 ο
1609 5662 1742 5719 papa
1769 5689 1784 5713 ,
1817 5657 2001 5717 pasto-

497 5795 525 5827 ⁸
562 5783 760 5857 Spiritu
783 5792 982 5842 sancto.
1005 5783 1165 5842 Deest
1185 5782 1408 5838 dictante
1431 5825 1447 5853 ,
1469 5788 1558 5837 aut
1585 5779 1710 5849 quid
1736 5778 1925 5836 simile.

2099 4639 2297 4692 rendus
2332 4638 2434 4692 erit
2473 4647 2746 4707 pastorum
2771 4675 2787 4702 ,
2818 4636 3143 4706 vigilandum
3183 4645 3269 4692 est
3293 4635 3594 4706 diligenter,
3632 4637 3685 4692 id

2099 4738 2216 4794 est,
2248 4729 2638 4800 praedicandum
2667 4728 3096 4797 etfrequenter
3121 4728 3344 4782 verbum
3386 4725 3602 4782 Domini
3650 4741 3684 4781 a

2097 4823 2400 4894 pastoribus
2418 4863 2433 4888 ,
2465 4822 2670 4876 scilicet
2698 4820 2948 4876 Ecclesiae
2972 4860 2989 4886 ,
3017 4817 3446 4887 speculatoribus
3470 4823 3531 4872 et
3557 4830 3685 4872 ma-

2099 4914 2274 4983 gistris
2299 4956 2314 4980 ,
2347 4923 2404 4968 ut
2451 4914 2626 4968 nullus
2669 4921 2855 4983 pereat
2899 4924 2996 4979 per
3023 4908 3399 4977 ignorantiam.
3428 4905 3486 4963 8i
3533 4908 3684 4963 ollim

2100 5020 2194 5079 per
2223 5005 2522 5060 socordiam
2553 5002 2772 5074 perierit
2791 5039 2809 5068 ,
2851 5015 2981 5055 suus
3007 4997 3222 5068 sanguis
3241 4998 3295 5053 in
3333 5011 3490 5053 suum
3517 5007 3687 5069 caput

2101 5095 2450 5164 reputabitur.

2171 5186 2234 5241 ν.
2276 5185 2381 5242 Sed
2407 5202 2502 5242 cur
2522 5186 2638 5241 haec
2667 5181 2967 5238 mordacius
2994 5179 3084 5234 diu
3105 5177 3354 5233 omnibus
3374 5184 3501 5231 nota
3530 5190 3689 5232 conr-

2099 5277 2527 5341 memoraverim,
2557 5275 2612 5330 in
2641 5271 2898 5342 subjectis
2921 5269 3258 5325 subnectam.
3289 5265 3517 5322 Faciunt
3537 5267 3687 5322 enim

2101 5374 2157 5422 et
2210 5365 2322 5421 hinc
2374 5365 2440 5419 ad
2488 5363 2764 5434 proposita
2811 5356 3166 5428 suggestionis
3203 5354 3387 5426 prima:
3439 5367 3687 5422 genera:

2098 5458 2258 5526 ligata
2311 5469 2541 5525 namque
2589 5461 2716 5510 sunt
2768 5450 2926 5506 simul
2983 5455 3248 5517 utraque:
3298 5459 3364 5500 ex
3415 5444 3499 5500 bis
3534 5443 3689 5499 enim

2099 5547 2336 5620 pendent
2361 5548 2449 5602 illa
2477 5564 2492 5611 ;
2520 5554 2575 5601 et
2616 5544 2736 5599 ideo
2767 5541 2864 5596 ista
2893 5538 3124 5610 primum
3156 5533 3482 5606 amputanda
3511 5542 3641 5588 aunt
3667 5549 3686 5598 ;

2105 5653 2208 5693 non
2238 5637 2380 5693 enim
2410 5644 2565 5691 curat
2608 5634 2678 5689 de
2706 5644 2890 5687 errore
2912 5667 2928 5694 ,
2955 5627 3046 5698 qui
3095 5642 3200 5682 non
3249 5632 3402 5681 curat
3441 5621 3512 5678 de
3551 5622 3688 5678 reli-

2175 5770 2201 5810 δ
2246 5769 2367 5825 Tute
2387 5786 2508 5825 sent.
2537 5766 2606 5822 Et
2628 5766 2729 5822 tale
2749 5781 2873 5821 sem.
2900 5762 3023 5819 Mox
3051 5776 3177 5819 vero
3199 5760 3302 5831 leg.
3333 5772 3511 5830 greges
3537 5773 3684 5812 suos.
