3856 6218
374 358 477 412 279

1582 355 1639 412 S.
1681 353 2068 412 COLUMBANI
2107 353 2394 411 ΑΒΒΑΤΙΞ

3527 360 3636 416 280

371 472 630 543 receptio,
661 479 715 527 ut
745 474 925 539 audio,
947 471 1098 527 vobis
1127 479 1424 543 reputatur,
1445 472 1590 542 quod
1616 472 1776 538 absit,
1804 451 1948 526 credi
1977 470 2029 529 Δ
2055 466 2176 533 lius,
2228 468 2319 537 qui
2347 479 2430 523 est
2465 467 2729 534 Christus,
2765 468 2926 526 Pater
2955 486 3130 538 verus,
3162 473 3399 542 agitator
3443 473 3635 542 Israel,

373 577 557 619 vermn
585 561 770 626 fuisse,
794 577 912 618 esse
943 562 1022 618 vel
1051 561 1188 618 fore.
1218 562 1411 618 Dicunt
1435 563 1578 618 enim
1629 561 1905 631 Eutychen
1929 601 1948 627 ,

369 653 695 718 Nestorium,
719 653 1048 718 Dioscorum,
1065 653 1335 724 antiquos,
1357 661 1412 706 ut
1427 653 1646 718 scimus,
1669 651 1954 708 haereticos

370 762 401 800 a
422 743 615 814 Vigilio
636 745 687 800 in
708 744 934 817 synodo,
958 744 1141 800 nescio
1157 759 1315 813 quam
1330 742 1514 817 [Forte
1530 742 1681 814 qua],
1697 746 1749 799 in
1763 743 1950 814 quinta

370 844 615 905 receptos
636 835 818 892 fuisse.
833 833 974 891 Ecce
989 849 1206 891 causam
1232 835 1416 904 totius,
1437 835 1947 904 utaiunt,scandali;

366 929 410 983 sl
432 936 487 983 et
516 943 611 983 vos
633 928 711 983 sic
737 928 994 997 recipitis,
1027 936 1083 983 ut
1107 927 1324 994 dicitur,
1347 937 1440 983 aut
1458 929 1501 984 si
1531 938 1586 982 et
1614 929 1784 998 ipsum
1807 928 1950 996 Vigi-

364 1019 493 1073 lium
522 1018 672 1075 scitis
695 1021 773 1075 sic
793 1017 1046 1074 infectum
1075 1017 1382 1075 defunctum
1414 1018 1594 1085 fuisse,
1616 1020 1948 1088 quareillum

364 1120 553 1168 contra
580 1112 964 1168 conscientiam
996 1111 1263 1166 recitatis?
1295 1110 1461 1165 Omne
1487 1112 1652 1174 eiiini,
1681 1113 1817 1181 quod
1844 1126 1948 1163 nota

363 1221 429 1259 ex
448 1203 572 1274 ﬁde,
597 1214 863 1274 peccatum
891 1213 964 1257 est
987 1202 1163 1274 (Rom.
1201 1217 1307 1263 stv.
1336 1203 1412 1271 5).
1443 1201 1562 1257 Jam
1594 1210 1768 1257 vestra
1789 1201 1948 1270 culpa

363 1303 466 1359 est,
494 1293 540 1348 si
569 1309 664 1350 vos
692 1293 950 1349 deviastis
977 1293 1045 1348 de
1072 1306 1198 1346 vera
1222 1291 1437 1358 fiducia,
1467 1301 1522 1346 et
1550 1291 1770 1362 primam
1790 1291 1947 1360 [idem

361 1385 566 1438 irritam
591 1384 785 1454 fecistis
809 1381 862 1453 (Ι
894 1382 1028 1436 Tim.
1063 1397 1116 1446 v,
1147 1380 1276 1451 lii:
1306 1382 1501 1437 merito
1519 1382 1684 1436 vestri
1708 1381 1950 1456 juniores

363 1473 516 1530 vobis
541 1473 814 1538 resistunt,
842 1479 898 1528 et
943 1471 1137 1527 merito
1179 1470 1451 1526 vobiscum
1505 1485 1614 1525 non
1652 1469 1950 1526 communi-

360 1574 507 1631 cant,
537 1565 712 1628 donec
758 1565 1090 1635 perditorum
1117 1562 1377 1618 memoria
1397 1562 1666 1628 deleatur,
1718 1571 1775 1617 et
1802 1562 1944 1617 obli-

360 1656 506 1712 vioni
538 1656 799 1712 tradatur.
825 1656 881 1710 Si
929 1655 1074 1711 enim
1096 1654 1210 1710 hac
1232 1662 1381 1709 certa
1413 1654 1582 1722 tnagis
1607 1667 1768 1720 quam
1793 1651 1946 1706 fabu-

359 1749 476 1802 losa
515 1754 674 1812 sunt,
723 1759 878 1801 versa
929 1744 1044 1799 vice
1072 1742 1166 1796 lilii
1197 1741 1360 1796 vestri
1389 1741 1443 1793 in
1496 1749 1651 1809 caput
1699 1738 1949 1794 conversi

2056 565 2201 613 trans
2225 556 2541 631 Euriporum
2586 561 2829 625 rheuma,
2873 571 3020 620 trans
3077 563 3398 636 Delphinum
3426 565 3588 622 dorsa
3610 605 3634 632 ,

2053 661 2201 707 trans
2225 662 2617 721 turgescentem
2645 655 2994 722 dodrantem,
3053 658 3118 713 ad
3148 673 3247 713 nos
3301 673 3337 713 u
3365 674 3470 729 que
3498 674 3632 729 per-

2051 744 2220 798 venit.
2279 743 2364 799 Ex”
2382 755 2508 800 tunc
2544 760 2642 800 vos
2671 747 2849 815 magni
2876 748 3005 802 estis
3043 757 3100 802 et
3149 747 3314 815 clari,
3355 759 3413 804 et
3454 749 3636 806 Roma

2052 834 2169 904 ipsa
2191 836 2425 891 nobilior
2461 846 2518 892 et
2539 837 2737 893 clarior
2763 847 2876 905 est;
2906 849 2961 894 et
2979 839 3025 894 si
3045 839 3149 896 dici
3170 851 3345 911 potest
3367 883 3382 908 ,
3406 852 3639 914 propter

2052 926 2248 982 Christi
2275 928 2518 996 geminos
2544 929 2821 998 apostolos
2841 931 2987 1002 (dico
3011 931 3158 1002 ipsos
3179 933 3344 988 ctelos
3371 950 3404 988 a
3424 933 3634 1004 Spiritu

2051 1017 2438 1083 'sanctodictos,
2463 1017 2557 1073 Dei
2584 1019 2808 1086 gloriam
2827 1031 3139 1076 enarrantes
3161 1020 3332 1094 [Psal.
3348 1038 3495 1089 svnt,
3507 1022 3565 1094 2]
3587 1027 3636 1092 ),

2051 1107 2120 1162 de
2145 1107 2338 1176 quibus
2359 1107 2582 1163 infertur
2607 1128 2619 1162 :
2651 1109 2714 1163 In
2743 1127 2944 1166 omnem
2983 1121 3173 1167 terram
3195 1114 3348 1167 exiuit
3371 1130 3528 1169 sonus
3548 1131 3637 1169 eo-

2035 1214 2186 1262 -rnm,
2233 1209 2282 1253 et
2309 1199 2362 1252 in
2390 1199 2520 1268 ﬁnes
2541 1199 2681 1254 orbis
2721 1211 2874 1256 terra
2905 1202 3060 1258 verba
3101 1205 3313 1259 illorum
3356 1204 3546 1278 [lbid.,
3571 1203 3633 1277 5]

2053 1304 2148 1344 vos
2177 1304 2346 1359 prope
2397 1288 2644 1346 umentes
2667 1291 2819 1353 estis,
2860 1299 2916 1346 et
2961 1290 3133 1347 Roma
3163 1295 3310 1348 orbis
3362 1305 3633 1350 terrarum

2051 1392 2211 1450 caput
2239 1389 2324 1437 est
2366 1380 2742 1448 ecclesiarum,
2770 1382 2919 1437 salva
2944 1381 3047 1438 loci
3076 1383 3361 1440 dominicm
3388 1399 3636 1442 re-urre-

2057 1475 2256 1530 ctionis
2294 1474 2554 1543 singulari
2581 1477 2958 1546 przerogativa.
2986 1476 3054 1532 Et
3090 1479 3213 1534 ideo
3238 1479 3378 1535 sicut
3402 1491 3637 1548 magnus

2051 1565 2227 1620 honor
2255 1573 2435 1620 vester
2461 1573 2544 1620 est
2572 1581 2669 1635 pro
2695 1565 2953 1634 dignitate
2977 1570 3278 1635 cathedra,
3331 1570 3406 1625 ita
3431 1583 3632 1639 magna

2050 1668 2180 1708 cura
2208 1656 2362 1709 vobis
2382 1657 2682 1710 necessaria
2711 1665 2816 1722 est,
2846 1665 2904 1713 ut
2953 1673 3063 1713 non
3115 1660 3354 1729 perdatis
3390 1670 3634 1715 vestram

2052 1745 2365 1814 dignitatem
2387 1756 2609 1817 propter
2656 1748 2890 1816 aliquam
2942 1752 3371 1819 perversitatem.
3418 1751 3634 1807 Tandiu

358 1848 505 1903 sunt,
532 1854 620 1892 vos
648 1853 766 1892 vero
815 1837 870 1888 in
923 1833 1144 1887 caudam
1191 1829 1370 1902 (Deut.
1427 1844 1614 1894 mm,
1643 1827 1771 1898 l4);
1801 1828 1944 1898 quod
1979 1837 2022 1895 Β
2048 1836 2193 1889 enim
2223 1843 2460 1904 potestas
2497 1836 2638 1906 apud
2657 1852 2750 1892 vos
2773 1838 2896 1905 erit,
2916 1839 3152 1908 quandiu
3181 1849 3329 1896 recta
3353 1844 3493 1897 ratio
3513 1856 3637 1912 per

360 1931 523 1984 etiam
554 1929 658 1984 dici
689 1929 845 1984 dolor
866 1935 980 1982 est:
1011 1926 1134 1981 ideo
1162 1934 1217 1980 et
1238 1923 1400 1979 vestri
1437 1931 1595 1977 erunt
1612 1920 1825 1992 judices
1854 1921 1945 1991 qui

358 2031 574 2087 semper
597 2016 958 2072 orthodoxam
1011 2014 1169 2070 tidem
1216 2019 1588 2076 servaverunt,
1638 2010 1944 2080 quicunque

358 2109 433 2165 illi
455 2104 679 2175 fuerint,
696 2108 906 2163 etiamsi
929 2107 1173 2177 juniores
1192 2106 1354 2164 vestri
1389 2105 1685 2163 videantur.
1714 2102 1818 2173 ipsi
1847 2118 1944 2158 an-

359 2209 466 2276 tem
487 2217 540 2256 or
556 2197 785 2257 tbodosi
807 2209 864 2257 et
889 2200 1000 2260 veri
1029 2199 1414 2271 catliolici,qui
1435 2212 1611 2268 neque
1637 2198 1939 2261 lzmretlcos,

356 2305 533 2361 neque
558 2303 843 2361 suspectos
870 2290 1083 2359 aliquos
1105 2290 1396 2360 aliquando
1423 2300 1743 2360 receperunt
1770 2304 1944 2358 neque

355 2382 736 2449 defenderunt,
764 2381 860 2438 sed
904 2381 960 2436 in
1002 2382 1293 2438 zelo-vcr.'e
1344 2381 1485 2438 lidei,
1511 2391 1940 2452 permanserunt.

355 2474 414 2528 Si
444 2473 608 2544 igitur
634 2480 691 2529 et
718 2473 806 2528 isti
851 2488 960 2529 non
991 2476 1126 2534 tales
1167 2473 1297 2538 sint,
1341 2480 1400 2527 ut
1446 2471 1693 2529 senimes
1732 2471 1941 2538 ordine,

357 2565 510 2638 culpa
543 2575 725 2623 tamen
754 2566 989 2636 majores
1018 2566 1163 2638 justo
1202 2566 1470 2637 judicent,
1501 2567 1752 2623 certatim
1801 2566 1942 2622 invi-

357 2671 474 2714 cem
507 2659 721 2714 veniam
742 2673 843 2728 pro
867 2666 976 2712 tam
1017 2659 1177 2726 longa
1203 2657 1470 2714 discordia
1497 2657 1859 2728 postulantes,
1889 2665 1946 2712 et

356 2747 569 2818 utrique
590 2749 795 2805 nullum
825 2758 1014 2804 contra
1036 2749 1302 2804 rationem
1330 2746 1699 2814 defendentes,
1732 2763 1831 2802 nec
1851 2764 1946 2829 vos

357 2841 668 2910 btereticos,
703 2857 804 2898 nec
833 2841 1232 2910 illisuspectos,
1263 2854 1372 2910 quo
1414 2841 1630 2910 utrique
1679 2839 1947 2909 culpabile

355 2929 584 2985 celerius
609 2928 959 2985 concordare.

427 3017 495 3074 Χ.
562 3018 672 3076 Sed
729 3019 1007 3089 indulgete
1079 3019 1210 3076 mihi
1264 3019 1388 3076 talia
1451 3019 1769 3092 confragosa
1825 3020 1946 3076 loca

356 3120 380 3146 ι·
402 3110 725 3177 transnanti,
746 3110 792 3166 si
813 3124 917 3180 qua
947 3110 1244 3168 forinsecus
1264 3112 1427 3168 verba
1452 3127 1611 3169 aures
1637 3114 1755 3184 pias
1776 3112 1946 3169 oll'en-

2044 1927 2330 1982 manserit:
2363 1927 2453 1982 ille
2481 1928 2626 1982 enim
2657 1934 2838 1984 certus
2866 1929 3017 1998 regni
3042 1929 3301 1986 caelorum
3337 1932 3631 1987 clavicula-

2041 2019 2154 2073 rius
2181 2028 2282 2084 est,
2312 2018 2405 2088 qui
2435 2018 2610 2087 dignis
2630 2035 2725 2091 per
2743 2034 2927 2075 veram
2952 2021 3231 2077 sciemiam
3253 2021 3448 2092 aperit,
3462 2031 3521 2078 et
3543 2022 3630 2077 iu-

2040 2112 2217 2184 dignis
2242 2113 2462 2169 claudit.
2488 2115 2761 2185 Alioquin,
2789 2115 2832 2171 si
2862 2115 3131 2172 contraria
3153 2114 3359 2184 fecerit,
3386 2126 3632 2188 necape-

2041 2206 2170 2270 rire,
2207 2220 2305 2261 nec
2334 2206 2589 2262 claudere
2617 2208 2839 2276 poterit.

2097 2290 2203 2348 ιι.
2243 2294 2380 2351 Cum
2409 2296 2522 2351 hmo
2551 2296 2711 2365 igitur
2738 2312 2864 2353 vera
2892 2297 3003 2354 sint
3025 2307 3085 2355 et
3117 2299 3236 2356 sine
3275 2299 3381 2356 ulla
3410 2308 3636 2357 contra.

2043 2383 2283 2442 dictione
2309 2385 2378 2441 ab
2422 2387 2670 2445 omnibus
2717 2403 2843 2446 vera
2888 2390 3222 2460 sapientibus
3263 2401 3484 2463 recepta
3519 2391 3634 2448 sint

2045 2475 2194 2547 (licet
2222 2479 2472 2534 omnibus
2499 2486 2682 2535 notum
2707 2489 2810 2549 est,
2832 2492 2889 2538 et
2905 2498 3065 2540 nemo
3087 2482 3246 2556 [Add.
3273 2483 3366 2558 sit]
3388 2485 3480 2556 qui
3500 2500 3632 2540 nes-

2043 2565 2152 2619 ciat
2179 2567 2411 2635 qualiter
2434 2567 2680 2625 Salvator
2707 2579 2895 2628 noster
2919 2582 3106 2628 sancto
3133 2573 3296 2629 Petro
3315 2575 3466 2644 regni
3511 2589 3630 2630 ca:-

2045 2654 2218 2711 lorum
2247 2658 2477 2713 contulit
2499 2659 2701 2730 claves)
2728 2669 2783 2715 et
2811 2676 2910 2716 vos
2936 2676 3034 2731 per
3061 2662 3166 2718 hoc
3196 2661 3338 2718 forte
3379 2663 3630 2732 superci-

2047 2744 2238 2800 liosnm
2268 2747 2452 2803 nescio
2474 2747 2619 2816 quid,
2644 2763 2754 2818 pra:
2790 2750 2999 2805 iacteris
3019 2750 3171 2805 vobis
3195 2750 3416 2820 majoris
3439 2757 3632 2806 aucto-

2047 2836 2241 2902 ritatis,
2297 2851 2361 2892 ac
2417 2837 2469 2891 in
2514 2838 2708 2896 divinis
2760 2849 2922 2896 rebus
2975 2842 3265 2910 potestatis
3306 2840 3630 2909 vindicatis;

2047 2926 2307 2982 noveritis
2330 2927 2593 2984 minorem
2623 2927 2738 2985 fore
2759 2938 3081 3000 potestatem
3102 2940 3334 2990 vestram
3355 2935 3500 3004 apud
3522 2931 3634 2987 Do-

2049 3018 2277 3086 minum,
2306 3018 2355 3073 si
2383 3020 2466 3074 vel
2494 3021 2744 3089 cogitatis
2771 3021 2877 3077 hoc
2903 3022 2957 3077 in
2987 3022 3236 3079 cordibus
3255 3024 3450 3080 vestris
3473 3026 3635 3095 :qnia
3669 3067 3674 3070 .

2049 3112 2229 3166 unitas
2255 3112 2377 3166 lidei
2407 3112 2460 3167 in
2491 3123 2606 3168 toto
2635 3113 2768 3169 orbe
2797 3115 3056 3169 unitatem
3094 3112 3225 3170 fecit
3250 3116 3542 3187 potestatis
3578 3123 3637 3170 et

356 3210 572 3273 derunt,
601 3206 727 3275 quia
773 3206 1174 3274 consequentia:
1201 3204 1626 3279 [consequentis]
1673 3206 1815 3262 ratio
1861 3205 1946 3260 hi-
1972 3215 2017 3275 ε
2049 3204 2441 3274 przerogativzc;
2472 3206 2544 3259 ita
2569 3214 2628 3261 ut
2655 3205 2876 3262 libertas
2907 3207 3115 3262 veritati
3143 3207 3339 3278 ubique
3365 3207 3433 3263 ab
3458 3207 3635 3264 omni-

355 3298 538 3355 storia:
564 3298 695 3354 nihil
721 3313 810 3353 me
834 3299 904 3353 de
923 3300 1225 3367 quaestione
1244 3300 1519 3368 praeterire
1547 3297 1844 3369 permittit,
1889 3307 1946 3352 et

355 3387 577 3444 libertas
595 3395 835 3457 paterna:
857 3385 1288 3454 consuetudinis,
1313 3397 1372 3442 ut
1397 3389 1472 3442 ita
1499 3387 1693 3449 dicam,
1726 3399 1812 3441 me
1849 3401 1947 3441 au-

355 3479 487 3534 dere
514 3490 582 3535 es
611 3487 764 3548 parte
784 3475 930 3532 facit.
959 3475 1080 3532 Non
1100 3478 1244 3533 enim
1270 3478 1411 3549 apud
1455 3492 1555 3535 nos
1584 3491 1813 3549 persona
1850 3476 1946 3532 sed

358 3566 499 3624 ratio
524 3568 700 3623 valet:
733 3579 1090 3624 amorxautem
1118 3569 1265 3639 pacis
1291 3569 1616 3641 evangelicae
1662 3576 1835 3625 totum
1857 3583 1946 3624 me

356 3660 539 3716 dicere
562 3661 732 3731 cogit,
764 3668 822 3716 ut
847 3659 1002 3716 vobis
1021 3660 1093 3717 sit
1120 3671 1310 3731 stupor
1332 3662 1594 3720 ambobus
1619 3702 1635 3728 ,
1684 3660 1775 3730 qui
1803 3673 1946 3715 unus

357 3755 559 3811 chorus
582 3769 702 3809 esse
724 3753 1010 3821 debuistis,
1029 3754 1054 3792 δ
1075 3755 1388 3823 magnitudo
1411 3754 1790 3809 sollicitudinis
1810 3768 1944 3809 mea:

358 3833 474 3918 pro,
490 3847 815 3913 concordia,
858 3858 991 3916 pace
1019 3853 1220 3900 vestra.
1261 3845 1326 3899 Si
1349 3846 1498 3900 enim
1541 3846 1738 3915 patitur
1781 3861 1941 3899 unum

357 3940 658 4005 mentitum,
683 3939 1028 4010 compatimnr
1058 3937 1480 4011 [compatiuntur]
1510 3940 1686 3994 omnia
1713 3940 1946 3994 membra

360 4015 412 4103 (Ι
443 4029 566 4086 Cor.
590 4045 681 4096 an,
714 4029 826 4100 26).
858 4029 968 4086 Nos
991 4030 1160 4098 enim,
1190 4039 1246 4086 ut
1271 4039 1396 4086 ante
1424 4031 1558 4098 dixi,
1585 4032 1820 4088 devincti
1844 4045 1952 4088 su-.

361 4137 482 4178 mus
515 4123 786 4178 cathedra:
805 4121 864 4179 S.
891 4121 1069 4178 Petri:
1091 4123 1220 4179 licet
1246 4124 1390 4179 enim
1423 4122 1592 4179 Roma
1617 4131 1812 4194 magna
1863 4133 1946 4181 est

360 4225 416 4270 et
444 4214 693 4285 vulgata;
735 4231 831 4286 per
857 4217 1016 4272 istam
1059 4215 1376 4273 cathedram
1401 4226 1610 4274 tantum
1657 4219 1802 4290 apud
1842 4235 1946 4275 nos

359 4313 444 4361 est
467 4319 659 4375 magna
681 4314 739 4361 et
765 4306 933 4361 clara.
973 4305 1294 4378 Quanquam
1322 4309 1467 4364 enim
1495 4310 1747 4366 Ausonici
1769 4309 1941 4367 deco-

360 4395 454 4459 ris,
485 4396 612 4450 acsi
637 4396 1069 4465 angustissimum
1091 4397 1358 4466 quoddam
1382 4442 1398 4466 ,
1427 4414 1490 4455 ac
1516 4401 1731 4458 :ctlieris
1751 4401 1944 4472 procul

358 4484 659 4554 sejunctum
713 4486 1018 4544 climatibus
1057 4489 1374 4559 promiscuis
1400 4531 1416 4556 ,
1477 4492 1623 4547 urbis
1670 4491 1941 4562 quondam

2047 3297 2148 3353 bus
2174 3298 2352 3366 dctur,
2381 3307 2438 3352 et
2463 3299 2641 3353 aditus
2667 3299 2838 3355 errori
2866 3299 2935 3355 ab
2959 3300 3208 3357 omnibus
3256 3298 3507 3355 similiter
3533 3298 3635 3354 ab-

2049 3397 2314 3458 negatur;
2349 3389 2472 3458 quia
2495 3389 2762 3446 confessio
2783 3398 2934 3444 recta
2981 3390 3144 3445 etiam
3174 3397 3364 3446 sancto
3409 3388 3639 3460 privile-

2047 3481 2192 3552 ginm
2247 3481 2394 3536 dedit
2449 3480 2799 3538 claviculario
2833 3480 3107 3537 communi
3130 3483 3373 3537 omnium
3413 3481 3639 3548 Nonne,

2046 3573 2207 3628 liceat
2231 3570 2708 3641 etiamjnnioribus
2736 3579 2872 3628 vesti
2884 3571 2930 3628 is
2957 3571 3250 3633 sollicitare
3276 3585 3375 3658 vos
3395 3585 3495 3642 pro
3514 3572 3640 3627 selo

2049 3661 2192 3727 lidei,
2212 3678 2310 3732 pro
2326 3679 2512 3719 amore
2533 3679 2596 3735 pa
2604 3664 2702 3731 cis,
2719 3678 2818 3734 pro
2842 3661 3097 3719 Ecclesia:
3113 3663 3318 3718 unitate
3332 3663 3642 3718 communis

2048 3755 2256 3820 matris,
2285 3768 2404 3822 qua:
2444 3755 2695 3808 nimirum
2742 3754 2881 3808 intra
2931 3753 3134 3808 viscera
3163 3767 3317 3809 more
3371 3750 3641 3832 Rebech

2049 3847 2204 3919 (Gen.
2235 3861 2361 3912 xxv,
2384 3845 2500 3917 22.)
2520 3845 2842 3917 discerpitur
2861 3852 3126 3911 materna,
3155 3852 3211 3899 et
3230 3843 3379 3899 dolet
3395 3833 3497 3913 pro
3517 3842 3641 3899 rixa

2046 3957 2112 3996 ac
2126 3941 2381 3997 intestino
2395 3939 2536 3995 bello
2551 3938 2779 3994 filiorum
2793 3952 3036 4007 suorum,
3053 3947 3108 3993 et
3129 3945 3317 3994 mresta
3337 3936 3486 4006 luget
3499 3935 3642 3991 divi-

2047 4031 2254 4086 sionem
2272 4031 2536 4086 viscerum
2555 4044 2798 4086 suorum.
2818 4027 3090 4101 Lacrymis
3109 4032 3162 4085 in
3181 4029 3264 4085 bis
3275 4043 3412 4099 opus
3431 4039 3516 4084 est
3530 4042 3643 4082 ma-

2046 4127 2157 4194 gis,
2179 4139 2340 4194 quam
2363 4124 2562 4179 verbis.
2585 4121 2873 4190 Quomodo
2894 4122 3172 4192 przevaluit
3192 4122 3441 4178 inimicus
3479 4119 3642 4176 Chri-

2046 4217 2205 4272 stiani
2232 4213 2466 4279 nominis
2487 4221 2612 4284 post
2634 4213 2751 4269 Filii
2781 4212 2878 4268 Dei
2898 4212 3015 4267 viva
3036 4215 3225 4281 verba,
3238 4221 3362 4283 post
3388 4209 3641 4280 Evangeo

2046 4310 2241 4366 liormn
2281 4304 2690 4378 plenitudinem,
2743 4312 2867 4375 post
2913 4303 3265 4374 apostolicam
3295 4303 3598 4359 doctrinam
3620 4343 3641 4371 ,

2045 4411 2170 4472 post
2197 4400 2524 4458 nectericam
2549 4399 2976 4455 orthodoxorum
2997 4405 3276 4453 auctorum
3289 4394 3642 4465 scripturam,

2047 4495 2142 4563 qui
2165 4495 2234 4549 de
2254 4508 2398 4548 novo
2426 4508 2492 4548 ac
2521 4491 2691 4548 veteri
2729 4499 3066 4547 sacramenta
3098 4488 3220 4544 lidei
3261 4487 3478 4544 diverso
3523 4499 3671 4543 serv

357 4578 588 4633 condita:
615 4594 833 4647 nomen,
867 4580 1032 4636 nimio
1059 4579 1245 4638 favore
1291 4583 1531 4637 omnium
1587 4599 1763 4654 prope
1804 4599 1938 4654 gen-
1970 4591 2209 4654 Dinone
2235 4586 2608 4657 aperuerunt!
2635 4583 2846 4654 Corpus
2871 4580 3068 4638 Christi
3093 4580 3351 4644 dividere,
3380 4587 3439 4635 et
3463 4593 3642 4634 mem-

359 4670 516 4740 tium,
549 4671 675 4727 totis
703 4685 800 4741 per
819 4672 1030 4741 orbem,
1077 4688 1248 4743 usque
1274 4673 1329 4728 in
1377 4674 1602 4735 occidua
1635 4683 1944 4731 transniun-

358 4765 513 4820 dialis
539 4765 720 4820 limitis
746 4766 888 4835 loca,
919 4767 1275 4823 triundalibus
1293 4767 1586 4836 saltuatim,
1609 4767 1734 4825 licet
1753 4769 1948 4839 hyper-

358 4856 554 4924 bolice,
601 4858 776 4929 pelagi
833 4855 1128 4916 verticibus
1187 4859 1424 4929 undique
1499 4863 1947 4930 consurgentibus

361 4952 580 5019 (mirum
633 4951 880 5018 dictuli,
909 4968 1018 5007 non
1076 4952 1484 5024 prohibentibus
1533 4954 1692 5023 longe
1733 4954 1947 5023 lateque

359 5044 634 5110 vulgatum
674 5053 793 5109 est;
821 5058 887 5097 ex
924 5053 1194 5099 eotamen
1224 5052 1470 5116 tempore
1493 5087 1509 5114 ,
1559 5061 1670 5115 quo
1702 5044 1845 5102 Deus
1889 5056 1946 5100 et

363 5132 461 5190 Dei
483 5131 648 5188 Filius
677 5150 797 5190 esse
824 5135 1078 5205 dignatus
1105 5145 1208 5201 est,
1233 5151 1298 5194 ac
1343 5138 1397 5192 in
1452 5138 1665 5195 duobus
1710 5140 1816 5194 illis
1844 5139 1949 5195 fere

360 5225 685 5282 ventissimis
715 5225 806 5280 Dei
834 5225 1065 5296 Spiritus
1086 5228 1260 5297 equis,
1287 5225 1450 5285 Petro
1477 5231 1683 5286 scilicet
1702 5240 1758 5285 et
1779 5228 1948 5289 Paulo

361 5315 624 5386 apostolis
673 5315 925 5386 (quorum
965 5317 1128 5374 chara
1179 5319 1402 5389 pignora
1460 5335 1555 5376 vos
1594 5321 1778 5377 felices
1807 5321 1952 5378 fece-

360 5405 537 5476 runt),
566 5421 664 5476 per
706 5422 855 5463 mare
901 5409 1137 5478 gentium
1185 5411 1466 5482 equitans,
1517 5412 1749 5468 turbavit
1774 5427 1945 5484 aquas

361 5496 582 5563 multas,
603 5504 660 5550 et
683 5499 1146 5555 innumerabilium
1167 5502 1490 5573 populorum
1532 5501 1766 5567 millibus
1805 5506 1949 5559 mul-

365 5588 623 5658 tipliravit
645 5589 1266 5664 quadrigas,supremus
1293 5594 1406 5666 ipse
1431 5593 1615 5664 auriga
1647 5609 1840 5652 currus
1883 5596 1949 5651 il-

435 5731 461 5804 ς
500 5724 837 5804 (ramirami.
871 5728 944 5804 l_l_a
975 5731 1344 5804 rescripsimus
1369 5750 1464 5804 pro
1494 5735 1774 5793 tranelanti
1816 5735 1946 5792 edit.

436 5793 464 5836 δ
501 5793 830 5871 Magnitudo.
882 5800 960 5858 Er
1005 5793 1325 5876 magnitudo.
1369 5793 1456 5862 Sic
1508 5821 1662 5874 mox,
1714 5821 1781 5863 ετ
1815 5825 1950 5878 pace

2051 4683 2146 4734 bra
2175 4693 2432 4748 separare
2469 4685 2524 4731 et
2539 4676 2703 4748 ipsius
2725 4674 2846 4732 Filii
2881 4674 2977 4730 Dei
3003 4673 3302 4730 Salvatoris
3323 4671 3512 4727 mundi
3552 4679 3644 4727 tn-

2053 4769 2228 4825 nicam
2256 4770 2522 4834 scindere,
2553 4782 2674 4837 qua:
2702 4775 2787 4822 est
2814 4767 3028 4821 unitas?
3060 4763 3232 4819 Tuum
3279 4771 3363 4817 est
3405 4763 3513 4818 hoc
3549 4776 3646 4816 ar-

2052 4861 2294 4928 tilicium,
2324 4861 2559 4931 diabole,
2581 4876 2741 4932 quem
2769 4859 3012 4916 Christus
3040 4875 3146 4929 pax
3173 4867 3370 4924 nostra,
3400 4857 3488 4927 qui
3516 4855 3647 4927 fecit

2050 4968 2268 5028 utraque
2293 4972 2452 5010 uirum
2481 4954 2701 5026 (Epltes.
2733 4969 2809 5020 ιι,
2842 4951 2952 5023 id),
2985 4952 3184 5006 vincat.

2124 5048 2236 5103 Xll.
2278 5047 2403 5103 Ideo
2433 5047 2564 5113 cito,
2588 5042 2910 5111 cbarissimi,‘
2941 5041 3269 5100 concordate
3288 5079 3310 5106 ,.
3330 5047 3388 5095 et
3433 5050 3647 5094 conve-

2052 5143 2164 5199 nite
2210 5140 2264 5195 in
2319 5154 2506 5204 unum,
2535 5145 2592 5192 et
2630 5136 2798 5192 nolite
2823 5131 3154 5190 contendere
3181 5145 3280 5202 pro
3305 5126 3546 5197 antiquis
3580 5127 3648 5182 li-

2051 5234 2227 5300 tibus;
2275 5229 2372 5288 scd
2403 5229 2572 5298 magis
2600 5234 2801 5294 tacete,
2830 5233 2886 5282 et
2928 5233 3136 5280 :eterno
3159 5219 3376 5277 silentio
3404 5231 3472 5275 ac
3497 5217 3648 5274 obii-

2050 5327 2194 5382 vioni
2223 5340 2316 5380 eas
2339 5320 2570 5388 tradite;
2601 5328 2659 5377 et
2675 5319 2719 5374 si
2746 5334 2852 5389 qua
2875 5316 3034 5373 dubia
3057 5322 3208 5382 sunt,
3236 5310 3658 5382 divinojndlcio,

2053 5423 2346 5474 reservate.
2377 5415 2510 5483 Quae
2539 5422 2723 5470 autem
2766 5410 3054 5466 manilesta
3116 5412 3290 5468 sunt,
3329 5401 3402 5458 de
3449 5403 3651 5475 quibus

2052 5507 2302 5566 homines
2316 5507 2555 5576 judicare
2580 5511 2830 5576 possunt,
2848 5501 2994 5570 iuste
3019 5499 3138 5554 sine
3167 5509 3520 5566 personarum
3551 5508 3650 5550 ac-

2051 5602 2302 5672 ceptione
2321 5598 2417 5670 jud
2437 5609 2588 5668 cate;
2615 5597 2791 5670 sitque
2805 5593 3062 5665 judicium
3079 5588 3363 5663 pacificum
3390 5588 3448 5646 ia
3469 5585 3651 5659 postis

2052 5755 2237 5798 υεσιγα.
