3856 6218
165 436 249 491 ssi
1116 417 1470 477 EPISTOLE
1511 416 1603 472 AD
1645 408 1998 468 mansos.
2044 440 2107 451 -
2149 410 2366 466 EPIST.
2412 409 2471 465 v1.
3314 410 3420 465 ggg

165 552 350 615 "suis,
380 555 433 604 et
459 543 750 617 agatiscite
769 557 870 596 vos
891 538 1112 594 invicem
1141 578 1156 602 ,
1185 543 1241 590 ut
1272 534 1342 590 sit
1371 531 1620 602 gaudium
1669 529 1724 581 in
1754 527 1804 582 Δ
1831 540 1969 588 sum,
1997 538 2130 594 rogo
2155 541 2272 590 vos,
2314 524 2437 594 quia
2486 521 2639 576 multi
2668 522 2914 576 dubitant
2959 522 3026 578 de
3055 522 3178 578 liuet
3225 533 3417 579 vestrm

168 612 356 702 calcet
381 637 434 693 in
458 612 604 690 terra
630 649 737 702 pro
751 647 888 702 pace
901 639 957 685 et
977 628 1358 696 conjunctione
1373 631 1572 679 vestra.
1597 619 1735 686 Quid
1841 616 2095 686 puritate,
2129 622 2185 669 ut
2212 617 2318 669 cito
2359 612 2560 667 tollatis
2590 612 2733 667 hunc
2761 627 2969 666 nmvum
3000 613 3067 666 de
3096 623 3298 669 sancta
3327 629 3422 669 ea.

171 699 298 792 vobis
323 726 462 784 aliud
481 699 808 792 defendere,
833 732 1027 791 pncter
1057 719 1216 772 ﬁdem
1268 714 1594 771 catholicam
1624 751 1640 776 ,
1692 711 1738 764 si
1844 704 2042 760 tbedra:
2065 704 2336 768 claritate;
2367 718 2473 756 non
2503 702 2646 755 enim
2687 702 2846 756 decet
2876 699 3132 756 Romanae
3171 701 3426 759 Ecclesiae

172 825 266 880 veri
290 818 577 876 Christiani
606 817 746 872 atis
775 812 1031 884 utrique?
1053 810 1169 866 Non
1219 808 1364 864 enim
1389 820 1492 875 ego
1520 817 1740 875 possum

172 919 302 981 scire,
331 910 470 968 unde
512 908 860 965 Christianus
887 912 1076 960 contra
1101 898 1466 955 Christianum
1511 895 1580 950 de
1637 892 1744 949 ﬁde

176 1005 319 1076 possit
341 997 714 1062 contendere;
741 995 839 1050 sed
860 989 1122 1064 quidquid
1158 986 1360 1042 dixerit
1402 981 1745 1040 orthodoxus

175 1073 497 1155 Christianus,
528 1088 628 1157 qui
642 1093 794 1142 recte
815 1083 1102 1139 Dominum
1131 1077 1430 1148 gloriticat,
1452 1073 1746 1146 responde-

177 1189 245 1244 bit
265 1187 390 1240 alter
419 1183 610 1250 Am,
632 1179 764 1250 quia
793 1185 851 1233 et
889 1175 982 1232 ille
1008 1173 1256 1229 similiter
1283 1179 1429 1226 amat
1456 1176 1512 1224 et
1554 1166 1744 1223 credit.

182 1277 330 1334 Unum
361 1276 542 1344 itaque
571 1285 770 1328 omnes
794 1267 978 1330 dicite,
1009 1273 1067 1320 et
1094 1277 1261 1318 unum
1287 1261 1508 1325 sentite,
1537 1266 1599 1312 ut
1624 1256 1751 1310 utri-

178 1383 268 1439 que
291 1381 446 1423 unum
467 1365 592 1421 sitis
620 1362 724 1418 toti
745 1355 1033 1414 Christiani
1057 1352 1108 1424 (Ι
1149 1351 1272 1407 Cor.
1298 1366 1338 1414 ι,
1379 1347 1492 1418 ω).
1520 1345 1653 1401 Nam
1680 1345 1748 1407 si,

182 1470 231 1517 ut
250 1458 439 1525 audivi,
458 1455 629 1525 aliqui
662 1455 716 1509 in
739 1452 955 1507 Christo
982 1447 1116 1502 duas
1141 1440 1471 1498 substantias
1502 1453 1611 1496 non
1633 1450 1751 1490 cre-

180 1553 312 1615 dunt,
341 1546 582 1603 ιιι-ειἱαὶ
605 1544 790 1615 potius
815 1553 976 1610 quam
1003 1533 1296 1591 Christiani
1317 1527 1568 1586 credendi
1591 1534 1749 1584 sunt:

182 1643 399 1700 Christus
419 1637 565 1694 enim
615 1635 875 1689 Salvator
902 1634 1092 1684 noster
1119 1638 1280 1679 verus
1327 1620 1490 1686 Deus,
1519 1625 1757 1674 a-ternus

184 1735 282 1790 sine
307 1740 571 1799 tempore,
602 1734 661 1780 et
684 1736 846 1778 verus
867 1720 1040 1780 homo
1059 1715 1265 1783 absque
1287 1718 1514 1782 peccato
1532 1723 1603 1762 ex
1630 1719 1758 1761 tetu-

186 1837 298 1896 pore
317 1831 425 1888 est;
451 1819 545 1890 qui
567 1818 732 1889 juxta
757 1814 1095 1870 divinitatem
1123 1815 1432 1896 coaeternus
1459 1811 1542 1860 est
1582 1802 1754 1867 Patri,

1841 796 2158 865 gravitatem
2189 795 2302 848 hinc
2349 792 2600 848 instantis
2628 791 2860 845 levitatis
2891 790 3029 844 fama
3050 832 3065 858 ,
3098 801 3157 846 ut
3183 793 3426 861 qualibet

1844 884 1895 938 vi
1943 883 2114 954 possit
2159 883 2365 938 moveri
2394 896 2424 934 a
2453 880 2729 935 soliditate
2754 894 2895 934 vera:
2921 877 3066 945 lidei,
3098 896 3198 951 pro
3219 895 3325 949 qua
3346 889 3432 936 tot

1845 984 2112 1045 martyres
2139 973 2222 1028 sui
2268 989 2424 1028 suutn
2473 972 2791 1041 sanguinem
2834 971 3120 1040 fuderunt,
3165 974 3430 1030 malentes

1847 1066 1984 1122 mori
2010 1079 2172 1136 quam
2197 1063 2449 1120 convelli.
2475 1062 2727 1132 Nunquid
2752 1064 2894 1118 enim
2918 1063 2963 1118 si
2985 1064 3040 1118 i
3067 1065 3267 1119 nostris
3293 1073 3430 1119 tem-

1850 1158 2070 1230 poribus
2105 1157 2408 1227 persecutio
2454 1157 2665 1211 venerit
2715 1155 2902 1210 ultima
2950 1171 3247 1226 squammze
3289 1156 3431 1212 illius

1850 1251 2064 1317 invisae,
2114 1249 2268 1318 cujus
2294 1248 2496 1304 corium
2538 1247 2628 1302 vix
2668 1246 2931 1302 universa:
2971 1262 3136 1302 naves
3180 1257 3435 1318 poterunt

1843 1352 2098 1414 portare,
2148 1359 2257 1398 non
2310 1356 2479 1410 usque
2522 1340 2589 1394 ad
2618 1339 2932 1409 sanguinem
2983 1340 3298 1394 resistemus
3339 1339 3439 1394 ad-

1853 1451 2039 1492 versus
2079 1443 2364 1507 peccatum
2416 1435 2764 1504 repugnando
2794 1431 2950 1500 (Heb.
2991 1448 3093 1499 stt,
3141 1431 3246 1502 4),
3293 1433 3439 1488 sicut

1854 1535 2037 1596 patres
2065 1529 2234 1584 nostri
2282 1526 2554 1591 iecerunt,
2584 1525 2860 1595 apostolos
2899 1526 3043 1590 dico,
3083 1534 3140 1580 et
3187 1534 3266 1581 tot
3295 1541 3438 1581 mar-

1856 1618 2037 1688 tyres?
2063 1616 2122 1672 Si
2148 1616 2325 1684 gravis
2352 1614 2450 1669 luit
2478 1615 2784 1684 persecutio
2813 1617 2865 1668 in
2899 1616 3051 1670 initio
3073 1615 3214 1680 iidei,
3234 1623 3440 1686 quanto

1857 1710 2027 1778 magis
2047 1709 2100 1764 in
2131 1709 2258 1776 line,
2288 1708 2356 1763 de
2385 1722 2493 1777 quo
2524 1706 2781 1761 Dominus
2804 1707 2960 1762 dicit:
2981 1707 3212 1762 Putasne
3233 1710 3440 1763 veniens

1859 1797 2030 1853 Filius
2066 1799 2287 1854 hominis
2316 1797 2542 1851 inveniat
2569 1797 2724 1867 ﬁdem
2749 1795 2802 1850 in
2846 1805 2987 1852 terra
3033 1795 3186 1867 (Luc.
3211 1812 3320 1862 vni,
3348 1796 3442 1868 8)?

184 1879 383 1987 etjdxu
403 1879 807 1968 humanitatem
830 1904 1013 1975 junior
1037 1909 1125 1958 est
1151 1906 1348 1955 matre.
1385 1895 1488 1963 Qui
1516 1901 1673 1949 natus
1699 1893 1754 1949 in
1789 1879 1830 1939 Β
1859 1888 1925 1944 Et
1949 1891 2141 1944 iterum
2175 1905 2192 1958 ;
2224 1887 2346 1942 Nisi
2385 1888 2598 1942 breviati
2637 1889 2853 1959 fuissent
2890 1888 3001 1942 dies
3037 1888 3135 1953 illi,
3166 1903 3270 1941 non
3297 1887 3444 1958 ﬁeret

185 2007 342 2075 carne,
367 2006 720 2075 nequaquam
747 2002 938 2056 deerat
951 1996 1122 2053 celo:
1144 2006 1372 2050 manens
1388 1992 1445 2046 in
1469 1989 1755 2054 'l‘rinitate,

187 2101 304 2157 vixit
335 2099 386 2155 in
407 2095 640 2152 mundo.
671 2093 740 2148 Et
769 2092 890 2147 ideo
909 2089 954 2146 si
975 2086 1238 2158 scriptum
1264 2089 1350 2140 est
1389 2083 1443 2139 in
1470 2096 1504 2136 v
1525 2079 1757 2151 synodo,

190 2201 238 2245 ut
259 2190 464 2262 quidam
517 2185 656 2242 mihi
708 2183 864 2249 dixit,
908 2179 1053 2250 quod
1107 2177 1202 2248 qui
1250 2175 1388 2231 duas
1430 2170 1760 2228 substantias

191 2285 374 2352 adorat,
399 2281 709 2339 orationem
750 2289 906 2331 suam
932 2272 1158 2328 divisam
1183 2268 1404 2334 habeat,
1431 2265 1522 2320 ille
1556 2262 1760 2352 divisus

189 2386 258 2431 est
281 2389 309 2429 a
331 2351 552 2437 sanctis,
575 2377 637 2424 et
674 2373 960 2437 separatus
1003 2367 1089 2416 est
1117 2373 1149 2413 a
1201 2357 1316 2412 Deo
1337 2395 1355 2423 ,
1378 2354 1475 2424 qui
1521 2351 1759 2421 scripsit.
1796 2389 1804 2394 .

193 2465 306 2520 Nam
351 2475 576 2530 nuspro
607 2457 820 2514 unitate
868 2463 1133 2522 personae,
1188 2447 1244 2502 in
1294 2459 1402 2516 qua
1450 2442 1763 2513 complacuit

192 2555 534 2626 plenitudinem
581 2547 872 2604 divinitatis
920 2541 1216 2599 inhabitare
1260 2535 1603 2606 corporaliter
1641 2533 1764 2606 (Cos-

193 2653 298 2704 less.
327 2663 380 2713 ιι,
399 2645 477 2715 9),
500 2658 677 2700 uno
692 2639 964 2696 Christum
985 2633 1277 2700 credimus,
1293 2628 1629 2685 divinitatem
1647 2626 1765 2695 ejus

193 2751 239 2795 et
261 2735 669 2798 humanitatem,
695 2729 827 2800 quia
848 2726 936 2798 qui
959 2720 1255 2789 descendit,
1299 2722 1410 2791 ipse
1425 2755 1428 2758 ~
1443 2726 1521 2774 est
1559 2719 1645 2790 qui
1673 2732 1766 2772 as-

195 2828 340 2883 cendit
363 2841 515 2896 super
540 2837 728 2879 omnes
749 2818 922 2883 corios,
943 2825 1000 2871 ut
1023 2813 1328 2885 aditttplcret
1347 2810 1524 2866 omnia
1549 2807 1764 2879 (Epltes.

197 2936 258 2988 tv,
286 2917 387 2988 t0).
413 2918 470 2973 Si
491 2915 593 2987 qui
611 2913 775 2969 aliter
794 2911 862 2967 de
883 2907 1256 2965 lncarnatioue
1281 2903 1495 2960 Domini
1517 2902 1768 2970 senserit,

198 3009 343 3065 hostis
364 3018 444 3063 est
469 3004 601 3061 ﬁdei
623 3043 642 3069 ,
689 3011 748 3060 et
792 2996 1184 3058 abominandus
1210 3003 1294 3051 est
1328 2993 1580 3050 omnibus
1607 2992 1770 3048 Chri-

198 3098 378 3164 stianis,
418 3112 482 3152 ac
529 3089 1094 3156 anathematizandus,
1142 3087 1515 3157 cujuscunque
1541 3083 1768 3152 ordinis,

199 3198 278 3244 aut
299 3196 482 3256 status,
512 3195 615 3242 aut
649 3183 849 3255 gradus
875 3179 1071 3246 fuerit;
1113 3178 1292 3234 nullus
1333 3176 1480 3231 enim
1510 3175 1578 3229 ad
1627 3172 1769 3241 inju-

201 3282 315 3337 riatl
335 3281 424 3337 Dei
452 3279 738 3336 hominem
768 3277 1042 3331 honorare
1078 3271 1260 3327 debet.
1289 3268 1416 3325 Ideo
1463 3282 1650 3338 quasso
1671 3281 1770 3323 vos

202 3390 286 3446 pro
315 3373 552 3436 Christo,
587 3368 723 3425 nulli
774 3364 983 3437 parcite
1016 3362 1110 3435 qui
1138 3376 1235 3417 vos
1286 3374 1318 3414 a
1347 3358 1565 3416 Christo
1613 3371 1776 3429 sepa-

205 3478 308 3520 rare
329 3462 658 3527 tentaret-it;
681 3457 783 3516 sed
802 3456 984 3529 potius
1012 3455 1067 3510 ei
1096 3453 1152 3509 in
1176 3451 1366 3508 faciem
1415 3449 1652 3506 resistite
1669 3490 1688 3518 ,
1728 3447 1774 3504 si

205 3558 308 3627 quis
327 3556 512 3612 nolens
533 3561 690 3611 recte
705 3550 953 3620 credere,
976 3563 1075 3605 vos
1097 3561 1129 3602 a
1150 3545 1256 3603 llde
1299 3543 1567 3602 catholica
1614 3557 1778 3599 revo-

207 3661 315 3701 care
333 3645 586 3703 voluerit.

265 3752 390 3810 Illi.
422 3753 584 3821 Date,
610 3767 831 3824 quaeso,
869 3751 1082 3807 veniam
1112 3750 1243 3806 mihi
1295 3748 1454 3805 nimis
1496 3745 1779 3818 lnjurioso,

210 3861 489 3918 asperoque
517 3845 737 3903 cuidam
783 3844 1018 3912 loouaci,
1055 3845 1148 3914 qui
1187 3843 1256 3899 de
1286 3843 1379 3898 tali
1418 3854 1581 3897 causa
1627 3837 1786 3892 aliter

211 3937 422 3994 scribere
449 3953 564 3994 non
612 3937 786 4006 potui.
843 3935 980 3992 Dum
1025 3936 1168 3992 enim
1206 3931 1420 3989 veritati
1463 3946 1559 4000 per
1603 3925 1783 3988 omnia

214 4027 406 4097 placere
428 4029 824 4100 volui,azyma
856 4042 981 4083 cum
1010 4025 1368 4082 amaritudine
1396 4039 1502 4078 non
1534 4020 1786 4077 nesciens

214 4117 550 4187 comedenda,
595 4117 698 4175 soli
729 4116 842 4172 Deo
871 4115 1086 4182 servivi,
1116 4115 1210 4185 qui
1253 4122 1340 4169 est
1388 4111 1702 4168 benedictus
1731 4109 1786 4164 in

216 4209 410 4264 uacula.
443 4208 567 4278 Ego
596 4205 1011 4290 germanitatem
1038 4220 1216 4261 meam
1260 4203 1484 4278 probavi
1512 4211 1568 4258 et
1609 4201 1787 4258 zelum

115 4375 126 4398 ι
218 4301 323 4359 ﬁdei
345 4317 501 4372 mea,
545 4300 674 4357 dum
712 4299 880 4357 malui
925 4299 1404 4372 reprehensoribus
1438 4297 1614 4353 locum
1636 4294 1790 4364 dare,

121 4389 134 4428 δ
218 4410 362 4465 quam
403 4398 459 4454 iu
514 4395 611 4452 tali
664 4410 830 4451 causa
859 4409 942 4460 os,
991 4389 1240 4466 quamvis
1284 4389 1639 4453 ineruditum,
1682 4403 1790 4445 non

220 4487 432 4556 aperire.
473 4484 683 4542 idcirco
732 4484 978 4556 quamvis
1021 4482 1274 4538 trisulcus
1320 4487 1542 4536 arcuato
1569 4476 1793 4533 vulnere

1860 1985 2025 2039 omnis
2047 1999 2172 2038 caro
2196 1983 2340 2038 salua
2370 1981 2582 2054 (Matth.
2620 1998 2761 2045 xxiv,
2792 1981 2907 2051 2‘2).
2935 1981 3084 2036 Felix
3112 1996 3274 2051 quem
3299 1997 3446 2038 mors

1859 2086 1987 2132 ante
2014 2077 2191 2142 tollat,
2215 2089 2376 2143 quam
2400 2076 2644 2129 inllrmus
2666 2082 2846 2143 neget.
2880 2073 3020 2129 Dicit
3045 2081 3226 2128 tanien
3241 2073 3449 2130 electos

1860 2165 1932 2220 ibi
1965 2163 2200 2229 futuros;
2234 2165 2302 2217 de
2346 2164 2540 2231 quibus
2583 2162 2836 2217 nimirum
2879 2163 3127 2232 praedixit
3171 2161 3449 2232 discipulis

1860 2256 2007 2311 suis:
2044 2255 2177 2308 Ecce
2203 2272 2297 2325 ego
2317 2254 2573 2310 vobiscum
2599 2270 2709 2310 sum
2739 2254 2975 2308 omnibus
2997 2252 3174 2309 diebus
3200 2271 3359 2324 usque
3378 2254 3448 2308 ad

1861 2346 2353 2399 consummationem
2400 2343 2576 2398 seculi
2625 2341 2838 2412 (Matth.
2890 2355 3086 2407 xxvttt,
3153 2343 3266 2412 ΞΟ).
3311 2343 3448 2398 Cum

1862 2435 2044 2504 itaque
2084 2434 2246 2492 electi
2288 2433 2452 2488 futuri
2490 2432 2544 2487 in
2591 2432 2782 2488 diebus
2823 2432 2928 2488 illis
2973 2433 3450 2504 periculosioribus

1864 2527 2096 2591 caeteris,
2152 2533 2278 2580 ante
2307 2525 2506 2581 etenim
2547 2525 2655 2598 [ΑΙ.
2686 2522 2871 2597 etiam]
2900 2541 2964 2581 ac
2991 2534 3138 2581 retro
3164 2527 3447 2597 incompa-

1867 2617 2142 2682 rabilibus,
2174 2616 2537 2683 sustinebunt,
2582 2615 2812 2670 Domino
2857 2615 3168 2683 roborante,
3213 2615 3449 2687 majora;

1868 2725 1967 2767 cur
1992 2723 2092 2764 nos
2120 2707 2174 2762 in
2205 2706 2494 2762 tutioribus
2523 2705 2703 2760 adhuc
2729 2720 2793 2760 ac
2821 2706 3210 2776 securioribus,
3239 2707 3324 2762 vel
3353 2723 3454 2778 pro

1869 2805 1974 2860 llde
2004 2810 2188 2859 nostra
2216 2815 2324 2870 qua
2353 2801 2537 2874 [Add.,
2568 2799 2659 2870 ab]
2688 2800 2918 2855 ethnicis
2945 2815 3009 2856 ac
3047 2800 3242 2858 Iudaeis
3261 2816 3326 2858 ac
3347 2804 3458 2858 ha:-

1870 2895 2053 2952 reticis
2080 2892 2407 2960 dilierimus,
2437 2907 2547 2949 non
2589 2891 2998 2962 sustinebimus,
3033 2893 3260 2948 Domino
3304 2893 3458 2964 adju-

1871 2993 2050 3052 vante,
2081 2984 2330 3039 minora?

1943 3093 2054 3150 XV.
2092 3092 2198 3150 Sed
2227 3091 2356 3147 talia
2401 3090 2668 3156 suadenti,
2713 3100 2900 3163 utpote
2928 3092 3163 3163 torpenti
3205 3103 3349 3160 actu,
3393 3109 3460 3150 ac

1873 3184 2070 3242 dicenti
2099 3183 2301 3254 potius,
2351 3197 2510 3250 quam
2541 3180 2756 3236 lacienti
2799 3181 2949 3248 mihi,
2977 3180 3132 3236 Jome
3174 3183 3457 3247 ilebraice,

1878 3276 2152 3331 Peristerte
2192 3271 2399 3338 Graece,
2451 3270 2713 3326 Columba:
2757 3269 2967 3336 Latine,
3018 3271 3199 3339 potius
3251 3280 3458 3327 tantum

1876 3364 2005 3439 [Al.,
2051 3361 2253 3434 tamen]
2300 3369 2494 3418 vestra:
2543 3360 2800 3416 idiomate
2845 3360 3039 3431 linguae
3090 3370 3288 3418 nancto
3330 3363 3461 3432 ML,

1877 3453 2230 3526 nuncupata],
2278 3453 2401 3509 licet
2447 3453 2624 3523 prisco
2671 3451 2812 3507 inter
2859 3452 2989 3525 ML,
3030 3450 3192 3524 nitar]
3239 3451 3464 3510 liebrteo

1879 3547 2119 3615 nomine,
2147 3545 2302 3615 cujus
2344 3553 2400 3600 et
2447 3559 2586 3616 pene
2613 3544 2784 3600 subivi
2806 3544 3150 3614 naufragium
3175 3585 3191 3612 ,
3228 3544 3464 3613 veniam,

1880 3654 2084 3711 quaeso,
2113 3639 2253 3694 sicut
2277 3651 2419 3706 saepe
2446 3634 2649 3703 rogavi,
2672 3635 2826 3701 date;
2852 3634 2975 3703 quia
3003 3635 3321 3690 necessitate
3347 3651 3465 3691 ma—

1880 3734 1984 3803 gis,
2033 3746 2196 3802 quam
2243 3727 2538 3784 cenodoxia
2584 3726 2823 3781 scribere
2871 3735 3093 3781 coactus
3141 3742 3290 3796 sum,
3334 3726 3467 3782 dum

1883 3821 2101 3892 quidam
2131 3817 2324 3873 litteris
2364 3816 2476 3870 suis
2506 3815 2698 3887 quibus
2739 3829 2824 3868 me
2852 3815 3028 3884 primo
3055 3828 3193 3886 pene
3221 3814 3466 3883 ingressu

1887 3914 1940 3967 in
1971 3911 2126 3980 hujus
2154 3907 2388 3977 regionis
2426 3908 2685 3961 terminos
2715 3905 2961 3975 arripuit,
2994 3921 3089 3962 vos
3117 3906 3246 3960 mihi
3273 3920 3470 3961 caven-

1886 4002 2004 4068 dos,
2047 4010 2303 4072 tanquam
2331 3999 2385 4057 in
2413 3997 2645 4053 Nestorii
2675 4009 2878 4052 sectam
2909 3996 3241 4066 decidentes,
3268 3997 3472 4068 signiti-

1890 4100 2049 4154 cavit.
2081 4097 2181 4154 Cui
2208 4097 2470 4154 attonitus
2497 4093 2750 4164 respondi
2780 4093 2831 4148 in
2857 4094 3026 4158 brevi,
3059 4101 3117 4148 ut
3145 4093 3321 4164 potui,
3361 4107 3472 4149 non

1890 4191 2118 4249 credens
2155 4205 2265 4246 sum
2294 4183 2604 4254 allegationi
2633 4201 2646 4236 :
2677 4182 2769 4238 sed
2801 4198 2868 4237 ne
2900 4183 3010 4237 ullo
3054 4183 3215 4238 modo
3260 4183 3473 4237 veritati

1892 4302 2065 4344 essem
2095 4283 2420 4344 contrarius,
2462 4277 2615 4346 juxta
2661 4290 2812 4330 suam
2857 4274 3172 4346 epistolam,
3220 4283 3276 4330 et
3318 4273 3476 4342 juxta

1895 4390 2068 4432 meam
2085 4374 2281 4429 bonam
2303 4371 2370 4426 de
2389 4368 2546 4424 vobis
2566 4367 2975 4424 mstimationem
2998 4364 3122 4436 (ego
3148 4365 3292 4419 enim
3309 4363 3472 4446 credo

1895 4482 2109 4538 semper
2132 4465 2437 4521 columnam
2477 4459 2732 4516 Ecclesia:
2781 4457 2986 4510 iii-mam
3035 4471 3156 4512 esse
3201 4455 3257 4511 itt
3299 4457 3479 4524 ramo)

221 4544 445 4648 scorpius
483 4544 765 4644 insurgat:
811 4576 868 4630 in
914 4573 998 4629 his
1045 4572 1114 4629 de
1142 4573 1336 4644 quibus
1379 4571 1640 4641 scriptum
1687 4576 1789 4636 est,
1821 4585 1874 4648 υ
1896 4573 2215 4630 responsum
2243 4553 2468 4620 variavi,
2492 4549 2637 4622 quod
2662 4549 2816 4605 vobis
2840 4547 3008 4602 direxi
3037 4544 3382 4614 reiegeodum
3413 4560 3480 4602 ac

222 4666 496 4722 extendere
539 4665 778 4734 linguam
824 4679 1002 4728 suam,
1049 4663 1193 4720 sicut
1239 4675 1423 4717 arcum
1481 4659 1793 4726 mendacii;

223 4755 304 4823 qui
330 4768 740 4824 novaquteque,
779 4753 908 4811 licet
924 4753 1193 4823 epicroca,
1220 4750 1487 4823 iudicant,
1518 4765 1683 4821 copes
1708 4749 1794 4803 ni-

226 4845 402 4900 mirum
430 4845 630 4914 eilecti,
653 4845 1034 4919 hyperbolice;
1060 4847 1268 4920 quique
1289 4843 1569 4914 uliginosis
1591 4842 1796 4899 celetes

229 4936 530 5004 balatibus,
581 4937 798 5007 scriptis
838 4936 1137 5008 quibusque
1184 4950 1293 4991 non
1321 4933 1536 5007 lepidis,
1582 4931 1797 4990 invidiae

231 5025 587 5094 rcl'ragationis
616 5041 834 5097 semper
861 5036 1144 5099 opponunt
1165 5026 1423 5098 pellaccs.
1454 5023 1560 5080 Sed
1581 5022 1799 5094 quando

233 5131 317 5172 rex
338 5115 541 5185 gentilis
582 5117 924 5189 peregrinum
950 5117 1190 5174 scribere
1223 5115 1634 5187 Langobardos,
1664 5111 1808 5169 Sco-

237 5217 338 5261 tum
361 5206 605 5264 hebetem
630 5218 810 5279 rogat,
853 5208 1069 5279 quando
1105 5209 1251 5267 unda
1299 5209 1557 5265 torrentis
1596 5206 1802 5276 antiqui

239 5309 368 5354 retro
390 5298 686 5366 redundat;
716 5299 840 5370 quis
860 5314 970 5354 non
997 5299 1282 5356 mirabitur
1309 5299 1491 5370 potius
1517 5311 1680 5369 quam
1711 5311 1804 5351 ca-

244 5389 604 5445 lumniahitnr?
651 5389 766 5461 Ego
795 5400 973 5445 tamen
1022 5405 1130 5444 non
1174 5389 1479 5459 trepidabo,
1528 5401 1707 5458 neque
1733 5387 1804 5461 in

243 5491 381 5536 eausa
411 5479 503 5536 Dei
532 5456 744 5550 linguas
764 5481 1041 5537 hominum
1064 5456 1386 5544 formidabo,
1409 5456 1531 5552 quae
1555 5456 1806 5554 frequen-

1895 4650 2346 4712 concertantlum,
2400 4643 2571 4700 sicubi
2599 4649 2784 4697 contra
2827 4640 3112 4694 veritatem
3143 4636 3321 4704 venit;
3367 4651 3480 4692 non

1895 4743 2040 4799 enim
2072 4755 2158 4795 me
2187 4739 2327 4794 inter
2356 4729 2854 4804 irreprehensibilcs
2879 4727 3120 4800 proﬁteri
3149 4726 3341 4782 audeo.

1968 4855 2105 4912 XVI.
2140 4854 2271 4910 Post
2297 4853 2437 4906 hanc
2466 4859 2647 4905 autem
2691 4845 2959 4904 scribendi
3008 4841 3370 4905 occasionem,
3401 4839 3484 4895 in-

1899 4966 2061 5023 super
2089 4948 2230 5018 regis
2260 4944 2457 5002 insistit
2480 4943 2652 5014 jussio
2677 4944 2694 4962 '
2725 4940 2977 5013 Agilulﬁ:
3009 4935 3163 5006 cujus
3186 4933 3483 5004 postulatio

1905 5062 1990 5103 me
2028 5046 2084 5100 in
2113 5052 2388 5110 stuporem
2419 5055 2482 5095 ac
2521 5039 2574 5094 in
2620 5033 3035 5092 sollicitudinem
3084 5028 3267 5102 posuit
3294 5027 3480 5082 multi-

1901 5138 2096 5211 plicem
2127 5154 2139 5191 :
2171 5134 2371 5205 quippe
2419 5130 2544 5204 quia
2574 5144 2682 5185 non
2727 5127 2844 5182 sine
2885 5124 3147 5180 miraculo
3191 5136 3319 5177 reor
3362 5132 3482 5174 esse

1903 5229 2049 5302 quod
2077 5227 2255 5283 video.
2310 5227 2488 5294 Reges
2512 5234 2744 5290 namque
2774 5217 3026 5272 Arianam
3059 5216 3197 5270 hanc
3226 5211 3398 5268 labem
3431 5211 3486 5264 in

1906 5301 2006 5378 hac
2029 5320 2121 5377 diu
2152 5316 2391 5386 regione.
2423 5311 2681 5371 calcando
2721 5308 2880 5364 tidem
2909 5305 3259 5369 catholicam,
3307 5301 3483 5354 llrma~

1907 5420 2071 5476 runt;
2113 5423 2256 5464 nunc
2301 5413 2540 5460 nostram
2568 5407 2763 5470 rogant
2812 5395 3056 5454 roborari
3102 5393 3276 5447 tidem.
3327 5389 3488 5445 Forte

1908 5501 2154 5557 Christus
2180 5495 2275 5566 pio
2318 5509 2420 5549 nos
2443 5491 2592 5565 [Leg.
2619 5490 2710 5559 pio
2738 5503 2836 5543 nos
2862 5482 3044 5555 oculo]
3094 5491 3224 5537 tunc
3248 5478 3490 5548 respicit,

248 5572 338 5627 tius
369 5571 696 5663 mentiuntur
736 5588 897 5643 quam
951 5587 1075 5629 vera
1111 5571 1437 5642 loquuntur;
1471 5586 1600 5663 cum
1632 5573 1810 5642 potius
1911 5592 2062 5663 cuius
2087 5585 2269 5643 (ενοι-ε
2289 5598 2450 5642 omne
2478 5580 2716 5636 nascitur
2749 5579 2970 5633 bonum.
2998 5573 3107 5628 Nos
3138 5569 3291 5624 valde
3311 5567 3492 5624 miseri

249 5661 552 5719 verecundiae
575 5662 963 5729 resistendum,
981 5679 1142 5734 quam
1164 5663 1388 5734 ignaviae
1413 5662 1808 5733 subjiciendum

252 5757 328 5820 sit,
352 5757 432 5813 ubi
460 5755 757 5823 necessitas
795 5766 970 5825 cogat.

315 5869 435 5928 ΧΗ.
459 5871 642 5944 Igitur,
675 5879 732 5926 ut
762 5869 831 5928 ad
858 5869 911 5927 id
939 5870 1044 5929 loci
1072 5873 1350 5947 regrediar
1373 5874 1511 5933 unde
1539 5873 1811 5946 digressus

1911 5656 2113 5748 sumus,
2141 5680 2188 5736 si
2215 5687 2400 5736 nostra
2428 5676 2496 5730 de
2531 5679 2684 5743 parte
2708 5669 2894 5726 scalon
2924 5663 3152 5732 amplius
3178 5656 3289 5712 ﬁat.
3321 5656 3493 5727 Rogat

1913 5777 2093 5845 itaque
2120 5787 2236 5836 res,
2261 5775 2522 5839 rogatque
2550 5762 2756 5830 regina,
2789 5763 2981 5826 rogant
3006 5761 3060 5806 te
3093 5749 3212 5814 toti,
3247 5757 3305 5804 ut
3330 5762 3488 5818 quam

1915 5838 2196 5930 celerrime
2219 5860 2389 5938 possit
2413 5854 2694 5925 lieri,liant
2712 5849 2894 5911 omnia
2922 5858 3109 5914 unum,
3127 5840 3220 5899 ﬁat
3252 5849 3312 5898 ut
3333 5838 3496 5909 patria
