3856 6218
376 348 437 402 εξ
452 348 486 402 5
1594 347 1651 402 S.
1691 346 1954 404 COLUIE

2077 352 2080 403 ἱ
2121 351 2404 409 ΑιιΒΔτιε
3557 350 3672 404 εει

376 480 503 534 pax,
535 477 638 532 pax
669 459 760 514 liat
788 475 908 516 suos
941 459 1084 525 lstL‘i,
1117 466 1173 513 ut
1203 458 1302 514 toti
1338 458 1611 530 deinceps,
1654 474 1785 529 grex
1815 475 1957 516 unus
1986 468 2033 525 Α
2061 471 2335 532 parantur.
2366 464 2504 520 Caeci
2536 479 2879 534 nequaquam
2916 463 3117 529 vident,
3139 463 3266 534 quid
3295 471 3416 535 post
3441 462 3673 517 obitum

379 558 472 610 tiat
517 553 734 610 Christi.
778 551 888 606 Rex
917 548 1067 624 [Leg.
1102 547 1283 621 Regis]
1313 564 1497 619 regum
1529 559 1586 605 tu
1633 549 1874 615 Petrum,
1907 557 1960 604 te
2066 562 2231 608 restat
2257 554 2648 626 peccatoribus,
2681 555 2858 625 impiis
2882 555 3024 624 quod
3069 553 3252 626 [Forte
3276 552 3430 628 quid]
3461 553 3676 623 impie-

378 656 491 702 tota
525 650 778 714 sequatur
810 641 979 695 Italia.
1030 639 1168 706 Quid
1215 641 1434 697 suavius
1471 655 1607 710 pace
1634 652 1734 712 per
1777 639 1962 713 [Forte

376 734 535 808 post]
565 735 741 790 bella?
789 731 926 799 Quid
957 730 1170 786 dulcius
1199 730 1583 800 conjunctione
1611 731 1836 786 fratrum
1867 730 1958 784 diu

375 827 783 896 separatorum?
821 823 993 890 Quam
1041 822 1220 877 alacer
1258 829 1380 892 post
1428 832 1608 877 annos
1647 821 1960 891 supervenit

376 916 535 972 Pater
562 926 683 985 post
718 915 1023 988 [Reduudat
1047 913 1189 984 post]
1221 914 1453 969 multos?
1478 914 1652 980 Quam
1673 927 1840 970 suave
1864 912 1955 968 diu

373 1008 708 1078 exspectanti
739 1006 899 1060 matri
940 1012 1193 1060 narratur
1222 1005 1519 1061 adventus?
1554 1005 1633 1060 Ita
1662 1003 1776 1060 Deo
1815 1007 1956 1075 patri

373 1116 477 1169 pax
507 1099 756 1156 tliiorum.
787 1097 1038 1166 gaudium
1077 1099 1182 1153 erit
1228 1097 1280 1152 in
1309 1113 1484 1153 aevum
1525 1098 1865 1166 saeculorum,
1901 1107 1959 1155 et

373 1190 553 1245 ketitia
578 1188 830 1250 Ecclesia:
851 1190 1039 1244 matris
1066 1188 1356 1258 tripudium
1380 1190 1470 1244 iiet
1490 1182 1956 1258 sempiternitatis.

374 1287 451 1342 De
477 1294 698 1352 cretero,
725 1295 913 1340 sancte
941 1300 1077 1354 papa
1105 1293 1161 1338 et
1197 1285 1411 1350 fratres,
1443 1291 1596 1339 orate
1624 1298 1724 1353 pro
1768 1297 1855 1337 me
1879 1282 1958 1336 vi-

373 1377 576 1431 lissimo
597 1383 882 1446 peccatore
911 1382 988 1429 et.
1011 1375 1147 1430 meis
1169 1373 1613 1443 comperegrinis,
1656 1373 1808 1442 juxta
1840 1376 1956 1428 loca

372 1473 558 1521 sancta
586 1473 644 1520 et
686 1473 998 1520 sanctorum
1031 1463 1263 1526 cineres,
1295 1470 1351 1517 et
1373 1461 1643 1533 praecipue
1675 1460 1830 1531 juxta
1857 1460 1957 1517 Pe-

374 1563 514 1608 trum
560 1561 618 1608 et
666 1551 909 1616 Paulum,
959 1551 1104 1606 viros
1141 1550 1389 1608 similiter
1415 1559 1472 1606 et
1512 1563 1736 1619 magnos
1775 1550 1955 1619 magni

374 1643 535 1712 Regis
560 1642 757 1711 duces,
805 1659 868 1699 ac
895 1642 1049 1698 fortis
1079 1641 1216 1697 imos
1239 1642 1418 1712 campi
1449 1641 1742 1698 felicissimi
1784 1641 1955 1696 bella-

371 1741 537 1795 tores,
568 1733 851 1786 Dominum
890 1730 1203 1787 cruciﬁxum
1244 1743 1368 1784 cum
1414 1743 1611 1783 cruore
1635 1738 1956 1795 sequentes;

2065 655 2144 701 tas
2165 655 2399 716 praestat.

2131 736 2193 792 ll.
2225 735 2477 804 Cogitare
2503 736 2758 792 convenit
2797 745 2851 792 te
2879 737 2994 791 haec
3020 744 3234 802 euicta,
3264 736 3467 792 amice.
3507 733 3672 788 Absit

2061 825 2156 880 tibi
2196 840 2380 881 amare
2418 825 2576 895 hujus
2601 825 2890 882 formulam
2940 827 3084 882 vitaz.
3116 827 3301 881 Omnis
3331 828 3489 883 enim
3539 838 3677 878 caro

2062 919 2236 989 fenum
2276 917 2411 990 (Isa.
2441 934 2542 982 η,
2577 919 2656 984 6),
2701 920 2935 988 ﬂagrans
2979 920 3136 986 licet,
3189 918 3380 975 ﬂorida
3415 938 3430 974 :
3463 920 3678 988 sicque

2059 1014 2207 1082 quasi
2232 1013 2331 1082 ﬂos
2365 1013 2473 1083 feni
2499 1012 2668 1068 omnis
2693 1020 2780 1068 est
2805 1014 2992 1086 gloria.
3025 1011 3155 1069 Orto
3193 1013 3300 1069 sole
3339 1014 3547 1067 arescit
3589 1012 3679 1081 [e-

2061 1119 2202 1167 nmn,
2223 1111 2272 1157 et
2294 1103 2391 1174 ﬂos
2419 1103 2616 1172 deperit
2637 1102 2774 1173 (Jac.
2805 1119 2838 1165 ι.
2871 1103 2958 1171 η)
2989 1123 3003 1158 :
3034 1105 3114 1159 sic
3140 1112 3225 1159 est
3251 1104 3434 1160 amitis
3456 1103 3676 1172 juven-

2064 1201 2169 1258 tus,
2197 1195 2369 1250 virtus
2403 1209 2528 1250 cum
2557 1186 2835 1250 defecerit.
2868 1193 3217 1250 Pulchritudo
3243 1196 3539 1251 hominum
3571 1208 3673 1250 se—

2063 1297 2292 1339 nescens
2318 1281 2624 1337 delabitur:
2666 1283 2842 1338 vultus
2865 1281 3062 1338 Christi
3102 1283 3281 1340 radius
3301 1299 3414 1353 prs
3441 1281 3677 1339 uinctis

2064 1371 2331 1440 amabilis,
2361 1372 2534 1440 magis
2557 1371 2860 1441 diligendus
2882 1382 2987 1441 est,
3012 1388 3174 1443 quam
3199 1372 3296 1428 nos
3322 1373 3515 1429 carnis
3552 1371 3675 1427 frao

2064 1462 2204 1531 gitis.
2228 1460 2452 1530 Caveto,
2476 1461 2660 1528 iiiiole,
2683 1462 2959 1520 seminare"
2971 1465 3204 1532 species,
3226 1478 3360 1534 quas
3388 1478 3551 1521 mors
3585 1461 3675 1517 in-

2063 1553 2304 1623 greditur
2327 1569 2435 1610 non
2463 1569 2628 1624 parva
2658 1555 2943 1624 pernicies.
2973 1552 3223 1624 Plerique
3249 1554 3504 1625 perpessi
3531 1561 3675 1610 sunt

2065 1658 2344 1712 pmuarum
2385 1642 2656 1710 incendia,
2686 1644 2976 1701 voluntatis
3000 1643 3218 1701 lubrice
3255 1643 3516 1700 nolentes
3556 1639 3676 1700 dis-

2066 1734 2282 1804 pendia.
2303 1732 2580 1790 'Poculum
2627 1734 2956 1804 impiissimze
2993 1735 3105 1792 noli
3148 1751 3382 1806 unquam
3417 1736 3623 1792 bibere
3654 1753 3669 1788 :

371 1833 429 1875 ut
453 1837 759 1877 mereamur
785 1821 1002 1875 Christo
1024 1819 1249 1884 hzerere,
1279 1818 1512 1888 placere.
1553 1817 1752 1884 gratias
1777 1831 1958 1885 agere,
1992 1825 2190 1884 Βίιιάο
2233 1827 2431 1883 multo;
2482 1828 2801 1897 piamque
2847 1826 2997 1883 viles
3039 1828 3191 1884 ιωιο,
3235 1825 3415 1884 fidem
3464 1846 3478 1881 ε
3534 1842 3671 1882 nm

371 1925 606 1980 eumque
629 1926 750 1965 cum
777 1917 930 1978 patre
954 1916 1010 1963 et
1029 1907 1228 1978 Spiritu
1263 1915 1450 1962 sancto
1476 1905 1593 1960 sine
1616 1906 1719 1960 line
1741 1905 1960 1961 laudare

370 2001 649 2056 Vobiscum
699 2000 857 2073 [Add.
890 2008 943 2056 et
972 1998 1118 2070 cum]
1166 1997 1419 2053 omnibus
1465 1999 1665 2053 sanctis
1695 1997 1782 2052 hic
1809 2006 1864 2051 et
1904 1997 1957 2052 in

369 2099 570 2146 aeterna
597 2091 794 2146 saecula
825 2090 1162 2145 seculorum.
1187 2089 1380 2143 Amen.

907 2193 930 2217 α
953 2180 1284 2238 EPISTOLA
1323 2180 1406 2236 Vl.

719 2291 786 2328 AD
811 2290 1066 2340 ρυειίωι
1093 2288 1230 2328 SUUI
1267 2287 1601 2331 DISCIPULUI.

438 2366 482 2423 l.
511 2366 742 2422 Mundus
763 2367 864 2421 iste
886 2367 1108 2421 transit:
1130 2376 1184 2423 et
1212 2364 1451 2436 quotidie
1474 2363 1758 2420 decrescit.
1787 2361 1957 2417 Nemo

371 2460 555 2515 vivens
583 2457 821 2513 manebit
854 2473 868 2511 ;
897 2457 1074 2514 nullus
1111 2458 1263 2511 vivus
1293 2454 1553 2515 remansit
1586 2472 1600 2508 :
1633 2461 1807 2510 totum
1851 2452 1954 2508 hu-

369 2566 588 2606 manum
616 2565 786 2620 genus
814 2559 936 2606 ortu
964 2551 1130 2604 utitur
1161 2549 1304 2619 pari,
1346 2556 1403 2605 et
1428 2550 1500 2604 de
1525 2548 1688 2604 simili
1713 2548 1821 2603 vita
1852 2547 1958 2604 line

367 2645 509 2700 cadit
554 2645 746 2714 aequali
781 2661 795 2697 :
836 2641 865 2680 ι’
915 2641 1282 2699 deferentibus
1329 2642 1493 2698 vitam
1547 2657 1694 2698 mors
1750 2641 1956 2697 incerta

365 2735 645 2805 subripit:
687 2749 876 2790 omnes
926 2735 1191 2804 superbos
1237 2745 1262 2774 α
1303 2745 1473 2801 vagos
1519 2747 1720 2789 meror
1770 2732 1959 2787 mortis

366 2827 629 2896 corripit:
662 2825 806 2896 quod
857 2841 957 2896 pro
1002 2825 1220 2880 Christo
1272 2823 1454 2891 largiri
1500 2823 1712 2887 nolunt,
1767 2837 1957 2879 omnes

367 2916 514 2969 avari
545 2916 903 2984 inopportune
951 2913 1207 2967 amittunt
1236 2929 1249 2966 :
1281 2919 1404 2982 post
1441 2927 1499 2968 se
1529 2912 1789 2982 colligunt
1815 2913 1904 2969 alii
1940 2931 1953 2966 :

367 3020 592 3075 parvum
631 3004 730 3072 ipsi
773 3003 1016 3059 viventes
1064 3003 1175 3058 Deo
1224 3003 1356 3060 dare
1383 3003 1475 3058 vix
1521 3003 1740 3070 audent,
1793 3004 1955 3060 morti

366 3103 558 3150 cuncta
590 3094 901 3164 rel'nquunt
933 3110 945 3147 :
985 3094 1116 3149 nihil
1154 3092 1220 3150 de
1269 3093 1397 3166 ipsis
1437 3093 1661 3148 habent.
1701 3093 1954 3165 Quotidie

364 3186 624 3244 decrescit
661 3186 770 3241 vita
801 3200 1036 3256 praesens
1058 3201 1222 3256 quam
1248 3194 1430 3239 amant
1455 3201 1468 3237 :
1498 3183 1814 3240 indeticiens
1835 3201 1952 3238 ma-
1982 3174 2028 3239 C

364 3279 514 3334 nebit
547 3278 649 3333 sibi
679 3293 859 3347 poena,
888 3291 1050 3345 quam
1082 3284 1295 3347 parant.
1328 3275 1616 3329 Lubricum
1648 3290 1770 3330 cum
1810 3275 1948 3330 labi-

365 3373 505 3428 tur"
537 3380 797 3429 conantes
826 3371 1113 3440 colligere,
1164 3378 1222 3424 ct
1271 3369 1374 3425 hoc
1422 3368 1567 3440 quod
1605 3383 1735 3429 sese
1778 3369 1948 3438 ducit,

366 3462 541 3518 minus
575 3469 597 3497 ε
631 3461 821 3517 timent
864 3459 1102 3515 credere.
1154 3457 1464 3513 Dilexerunt
1508 3457 1742 3512 tenebras
1784 3460 1958 3514 tetras‘

364 3552 553 3624 magis,
595 3567 749 3624 quam
777 3551 940 3606 lucem
989 3549 1167 3623 (Joan.
1213 3565 1304 3616 nt,
1336 3548 1449 3618 l9).
1481 3547 1682 3604 lmitari
1711 3558 1948 3605 contem-

365 3652 497 3700 nunt
520 3647 640 3699 vita:
663 3643 944 3698 Dominum
971 3643 1184 3698 ducem.
1212 3642 1368 3696 Velut
1397 3643 1448 3696 in
1471 3642 1676 3698 somnis
1701 3652 1955 3712 regnent,

365 3751 469 3791 una
498 3750 592 3792 ora
641 3734 918 3799 laetantur;
966 3733 1062 3791 sed
1089 3744 1289 3790 aeterna
1328 3741 1599 3788 tormenta
1643 3734 1820 3792 adhuc
1845 3735 1951 3792 illis

435 3911 633 3996 "lianc
659 3911 943 3996 epistolam
965 3912 1186 3996 ‘primus
1215 3920 1270 3966 et
1299 3914 1951 3996 unusne'did‘itﬁolstadus

363 4000 426 4037 ex
461 3981 556 4037 Ms.
575 3980 1130 4053 Codicebibliotheca:
1155 3984 1465 4038 monasterii
1488 3984 1544 4039 S.
1561 3984 1717 4053 Galli,
1740 3997 1944 4043 exstat-

361 4067 490 4174 (’12:-
496 4051 713 4176 nsejus
760 4051 1198 4107 I’aramrticorum
1240 4063 1463 4108 veterum
1512 4065 1653 4126 part.
1685 4051 1734 4122 1⁷,
1785 4072 1940 4129 pagg.

366 4123 875 4272 iff-‘Dﬁérmtibus.
903 4192 1188 4250 Goldastus
1220 4194 1346 4264 les"
1373 4194 1732 4266 άίίῖενεηλίθδδ
1758 4213 1775 4255 ³
1800 4200 1946 4271 qm

363 4263 536 4314 minus
564 4263 760 4332 placet.
1280 4263 1288 4264 “
1431 4263 1455 4266 ⁷⁷
1818 4263 1835 4271 ’

366 4397 403 4414 __
436 4329 695 4414 'lyagos.
736 4333 1150 4404 Prrcgrinantes
1176 4334 1228 4389 in
1255 4334 1358 4391 hac
1397 4343 1563 4395 terra.
1596 4338 1676 4396 An
1702 4340 1952 4414 divagos.’

365 4397 439 4456 Ita
465 4397 778 4460 Goldasttts.

2059 1933 2412 1990 quoscunque
2439 1918 2638 1976 videris
2675 1919 2854 1976 ridere
2891 1919 3142 1986 inaniter,
3167 1919 3305 1976 scito
3333 1919 3389 1976 in
3418 1918 3669 1975 novissi-

2058 2011 2160 2066 mis
2185 2010 2330 2082 quod
2359 2010 2563 2067 ﬂebunt
2589 2011 2865 2068 amariter.

2128 2105 2215 2161 Ill.
2252 2104 2544 2175 Conspice,
2581 2105 2920 2170 charissime,
2968 2105 3048 2168 sic
3077 2119 3197 2161 esse
3225 2104 3552 2168 libidinem,
3605 2110 3668 2158 ut

2058 2211 2295 2251 morsum
2320 2195 2677 2261 mortiferum,
2712 2194 2730 2234 τ
2761 2195 2904 2266 quod
2935 2195 3100 2250 vincit
3127 2194 3498 2251 dulcedinem.
3533 2192 3667 2249 Noli

2057 2304 2260 2358 pronus
2289 2302 2512 2358 pergere
2540 2304 2637 2359 per
2663 2289 2782 2344 vias
2808 2287 3116 2343 mortalium
3151 2306 3164 2342 :
3197 2297 3221 2337 ι
3253 2303 3418 2359 quam
3468 2287 3667 2343 multis

2057 2382 2303 2437 evenisse
2343 2381 2613 2452 conspicis
2635 2380 3012 2452 naufragium.
3044 2382 3215 2451 Perge
3252 2382 3392 2439 inter
3423 2382 3666 2452 laqueus

2057 2489 2176 2528 wm
2224 2474 2502 2544 suspensis
2549 2473 2796 2542 pedibus,
2853 2490 2952 2544 per
2996 2490 3133 2543 quos
3186 2483 3374 2545 captos
3420 2464 3665 2529 ceteros

2058 2565 2302 2619 incautos
2329 2564 2709 2633 comperimus.
2745 2565 2821 2620 De
2863 2565 3096 2621 terrenis
3139 2565 3293 2620 eleva
3341 2564 3418 2620 tui
3471 2563 3664 2621 cordis

2059 2655 2245 2709 oculos
2269 2672 2282 2708 :
2309 2670 2431 2710 ama
2449 2655 2853 2710 amantissimos
2873 2656 3187 2724 angelorum
3215 2656 3469 2724 populos.
3485 2656 3660 2714 Beata

2058 2744 2256 2800 familia
2285 2760 2404 2813 qua:
2441 2746 2496 2800 in
2522 2745 2647 2800 altis
2675 2746 2910 2808 habitat,
2945 2746 3034 2800 ubi
3077 2760 3242 2801 senex
3291 2761 3397 2801 non
3443 2758 3660 2815 gemat.

2061 2849 2237 2904 neque
2278 2834 2452 2890 infans
2475 2833 2696 2902 vagiat:
2730 2835 2820 2890 ubi
2866 2835 3055 2890 laudes
3102 2834 3314 2890 Domini
3365 2835 3518 2890 nulla
3549 2851 3660 2892 vox

2059 2926 2255 2979 retinet
2283 2923 2386 2996 [An
2404 2923 2654 2994 reticet?]
2688 2941 2702 2978 :
2729 2923 2819 2978 ubi
2841 2939 2948 2979 non
2970 2926 3225 2990 esuritur,
3252 2924 3340 2980 ubi
3369 2941 3658 2996 nunquam

2057 3015 2238 3071 sititur
2267 3033 2278 3068 :
2310 3014 2399 3070 ubi
2436 3014 2559 3070 cibo
2606 3029 2842 3085 superno
2889 3015 3040 3084 plebs
3083 3018 3317 3072 caelestis
3366 3019 3655 3087 pascitur:

2059 3111 2149 3166 ubi
2179 3127 2339 3166 nemo
2394 3111 2644 3178 moritur,
2692 3109 2818 3178 quia
2866 3123 3028 3164 nemo
3075 3111 3312 3164 nascitur
3343 3127 3357 3164 :
3388 3109 3485 3166 ubi
3530 3110 3659 3165 aula

2059 3201 2202 3270 regia
2232 3200 2469 3256 cmlestis
2496 3201 2754 3269 pascitur,
2801 3199 2855 3253 in
2880 3215 2992 3269 qua
3020 3199 3160 3255 male
3195 3214 3462 3257 resonans
3505 3198 3658 3256 nulla

2057 3310 2165 3349 vox
2191 3294 2372 3349 audita
2409 3302 2530 3349 est:
2563 3292 2652 3348 ubi
2682 3293 2790 3347 vita
2820 3292 3004 3348 viridis
3041 3308 3273 3362 veraque
3301 3293 3486 3349 futura
3537 3302 3655 3361 est,

2058 3399 2219 3453 quam
2259 3399 2362 3439 nec
2389 3384 2578 3438 mortis
2605 3398 2708 3437 nec
2755 3383 3002 3438 mroris
3030 3393 3204 3438 metus
3229 3393 3658 3453 consumpturi:

2059 3482 2161 3528 est".
2185 3473 2317 3529 Laati
2334 3472 2480 3528 letho
2498 3479 2770 3528 transacto
2796 3471 2974 3525 laetum
2992 3471 3190 3541 Regem
3209 3473 3473 3530 videbunt
3495 3492 3507 3527 :
3529 3490 3655 3530 cum

2059 3573 2317 3634 regnante
2337 3564 2638 3634 regnabunt
2661 3580 2675 3619 :
2699 3577 2820 3618 cum
2849 3563 3117 3631 gaudente
3136 3564 3468 3633 gaudebunt.
3499 3564 3658 3621 Tunc

2057 3659 2232 3723 dolor,
2264 3666 2392 3713 tunc
2417 3655 2656 3721 taedium,
2687 3664 2817 3711 tunc
2846 3655 2999 3710 labor
3027 3655 3293 3712 delebitur
3325 3677 3336 3711 :
3368 3666 3505 3714 tunc
3532 3656 3655 3712 Rex

2058 3765 2265 3819 regum,
2297 3748 2414 3805 Rex
2440 3745 2671 3803 mundus
2697 3761 2730 3801 a
2749 3745 2964 3802 mundis
2991 3747 3279 3805 videbitur.

2127 3926 2151 3965 ιι
2177 3924 2456 3983 Conantes.
2500 3923 2626 3990 his,
2665 3929 2961 3982 conantur:
2988 3922 3129 3994 quod
3166 3925 3486 3981 mutandum
3540 3940 3652 3981 non

2055 4006 2190 4052 erat.

2132 4077 2154 4103 °
2187 4067 2393 4122 Timent
2419 4068 2627 4122 credere
2677 4062 2954 4118 Diliidunt.
2985 4063 3157 4121 ϐου).

2127 4136 2146 4175 ί
2182 4137 2334 4202 Quod
2366 4140 2523 4192 uincit
2556 4137 2899 4206 dulcedinem.
2929 4133 3217 4191 Gotdastus
3243 4135 3530 4195 emendat.
3563 4137 3651 4206 qui

2049 4209 2204 4263 vincit
2231 4209 2519 4263 dulcedine.
2551 4206 2664 4260 Mea
2697 4205 2912 4273 quidem
2940 4206 3232 4270 sententia,
3261 4207 3442 4261 minus
3475 4205 3646 4259 iet-te.

2126 4289 2150 4326 ις
2179 4277 2344 4342 Quam
2375 4277 2567 4331 multis.
2599 4271 2830 4347 Corrigit
2857 4271 3147 4347 Goldastus
3172 4293 3264 4344 per
3288 4273 3647 4347 quasjrrsultis.

2052 4349 2192 4405 Nihil
2220 4347 2476 4420 equidem
2506 4355 2676 4410 muto,
2705 4343 2932 4415 junctim
2963 4344 3145 4413 le‘gens
3174 4343 3537 4419 quarumuitis.
