3856 6218
380 409 484 468 28⁹1

501 525 761 592 Tempora
789 523 1136 577 dinumerans
1160 518 1259 573 :evi
1305 518 1533 586 vitaeque
1562 513 1780 570 caduca:
1799 553 1816 577 ,

500 616 690 669 tiniiiia
731 623 941 682 tempus
987 612 1128 681 agit,
1178 624 1301 666 cum
1341 616 1585 675 tempore
1629 611 1821 658 cuncta
1851 607 1962 655 tra-

1623 695 1644 768 Ῐ
1665 695 1885 749 huntur.

415 799 485 855 80
506 801 783 855 Alternant
824 799 1089 854 elementa
1121 795 1282 860 vices,
1329 802 1386 848 et
1431 799 1676 862 tempora
1705 793 1958 841 mutant:

502 892 788 961 Accipiunt
814 894 1102 956 augmenta
1131 885 1279 951 dies,
1308 892 1604 951 noctesque
1632 876 1888 934 vicissim.

497 983 760 1052 Tempora
777 990 901 1036 sunt
918 979 1132 1042 norum,
1150 977 1344 1032 retinet
1357 991 1453 1030 sua
1477 983 1720 1041 tempora
1735 969 1959 1025 messis:

495 1073 585 1129 Sic
615 1075 808 1129 iterum
839 1071 1014 1141 spisso
1043 1069 1272 1124 vestitur
1300 1065 1543 1136 gramine
1571 1075 1816 1132 campus.

504 1164 769 1234 Tempora
799 1159 1092 1231 gaudendi,
1121 1167 1246 1228 sunt
1273 1167 1518 1224 tempora
1545 1162 1694 1209 cer-ta
1721 1148 1956 1207 dolendi.

416 1253 489 1309 85
505 1255 769 1325 Tempora
792 1261 915 1306 sunt
941 1252 1081 1315 vitaz,
1113 1257 1240 1304 sunt
1271 1244 1443 1300 tristia
1479 1253 1720 1313 tempora
1751 1240 1959 1296 mortis.

497 1346 685 1401 Omnia
711 1346 824 1408 dat,
853 1344 1013 1405 tollit,
1043 1341 1338 1408 minuitque
1366 1337 1582 1392 volatile
1608 1345 1842 1404 tempus.

502 1437 624 1504 Ver,
671 1445 857 1501 testas,
904 1443 1221 1496 autumnus,
1266 1430 1461 1496 hiems,
1505 1427 1642 1482 redit
1684 1441 1860 1483 annus
1907 1425 1960 1482 in

1634 1517 1886 1591 [annmn.

496 1617 686 1680 Omnia
712 1632 834 1672 cum
863 1614 1118 1680 redeunt,
1147 1612 1351 1667 homini
1379 1626 1476 1666 sua
1507 1627 1612 1666 non
1641 1610 1780 1664 redit
1805 1617 1952 1665 tetas.

499 1704 627 1761 "nec
663 1707 878 1775 sapiens
905 1704 1056 1761 omni
1081 1718 1298 1772 semper
1328 1700 1688 1757 reminiscitur
1713 1700 1872 1764 hora,

415 1797 485 1852 90
506 1800 680 1867 Atque
706 1799 923 1852 domum
953 1795 1131 1850 luctus
1154 1793 1330 1863 epulis
1376 1792 1640 1862 praeponit
1675 1791 1887 1859 opimis.

558 1858 763 1942 Ultimo
786 1901 929 1940 nunc
955 1884 1142 1940 humili
1168 1858 1678 1940 concludamverba
1706 1858 1956 1952 precatu!
1998 1858 2040 1916 Β

498 1977 585 2032 Sis
610 1991 821 2032 memor
870 1976 985 2045 ipse
1032 1974 1160 2037 mei,
1189 1989 1378 2029 versus
1401 1987 1523 2028 cum
1561 1971 1755 2040 legeris
1786 1971 1920 2027 istos
1946 1989 1959 2024 :

497 2067 865 2140 Temporasic
889 2068 1090 2123 habeas
1117 2073 1316 2137 optata:
1345 2065 1503 2135 longa
1531 2072 1784 2120 senecta.

947 2303 1405 2361 MONOS'l‘ICﬂA.

501 2398 624 2454 llaec
650 2406 919 2469 praecepta
951 2397 1092 2466 legat
1119 2396 1369 2459 devotus,
1396 2403 1451 2450 et
1488 2393 1710 2464 impleat
1739 2399 1886 2454 actu,

497 2491 762 2546 Virtutum
789 2489 958 2544 titulis
987 2489 1152 2542 vitam
1175 2487 1266 2557 qui
1289 2485 1482 2558 quzerit
1508 2485 1816 2549 honestam,

495 2582 590 2644 Vel
623 2582 867 2638 homines
893 2582 1032 2636 inter
1057 2579 1238 2650 cupiat
1260 2579 1551 2648 prxclarus
1579 2575 1793 2640 haberi,

497 2672 595 2728 Vel
619 2688 829 2728 morum
857 2669 1061 2725 meritis
1081 2670 1325 2726 caelestia-
1345 2681 1510 2735 regna
1539 2669 1756 2728 mereri,

451 2761 673 2832 5Atque
701 2761 812 2816 Deo
833 2759 1048 2816 Christo
1073 2760 1252 2815 socius
1279 2759 1395 2815 sine
1423 2757 1528 2812 line
1557 2745 1751 2811 videri.

554 2873 780 2944 Impleat
808 2874 923 2943 ipse
961 2872 1077 2936 Dei,
1107 2870 1199 2942 qui
1237 2870 1353 2926 vult
1375 2885 1472 2927 sua
1505 2878 1627 2923 vota
1655 2865 1862 2923 venire.

498 2965 630 3020 Vive
659 2966 769 3021 Deo
794 2965 982 3030 ﬁdens,
1013 2965 1212 3020 Christi
1243 2971 1508 3034 prmeepta
1535 2970 1776 3018 secutus.

499 3055 622 3111 Sint
649 3055 742 3112 tibi
771 3054 994 3120 divitiae,
1023 3055 1216 3110 divina!
1253 3054 1508 3120 dogmata
1538 3052 1694 3122 legis.

498 3149 716 3205 Divitias
747 3148 954 3204 Domini
987 3147 1147 3204 faciet
1188 3146 1494 3203 benedictio
1521 3145 1718 3202 claras.

411 3238 747 3305 wCorporis
767 3243 1060 3306 exsuperat
1085 3237 1232 3290 vires
1264 3232 1547 3305 prudentia
1578 3232 1792 3289 mentis.

495 3327 753 3383 Omnibus
783 3335 867 3382 est
895 3325 1080 3381 mundi
1111 3324 1305 3380 melior
1331 3321 1598 3394 sapientia
1627 3322 1791 3391 gazis.

496 3417 724 3486 Semper
751 3414 980 3472 amanda
1007 3413 1227 3484 quidem
1253 3419 1336 3468 est
1363 3427 1543 3467 rerum
1572 3411 1821 3467 doctrina
1854 3416 1951 3466 bo-

1639 3503 1655 3573 l
1671 3517 1882 3558 narum.

413 3647 427 3658 ,
496 3597 744 3668 Optimus
768 3605 852 3654 est
883 3595 1317 3652 animusChristi
1347 3594 1572 3651 vestitus
1599 3607 1813 3650 amore.

496 3687 775 3741 Dunonas
801 3685 1057 3742 adversus
1082 3698 1275 3753 magna
1303 3691 1388 3739 est
1415 3683 1590 3738 oratio
1614 3681 1814 3738 virtus.

415 3775 480 3830 l5
502 3775 570 3830 Ut
597 3790 816 3832 moneas
839 3775 1060 3831 charum
1089 3774 1201 3830 noli
1238 3773 1499 3829 desistere
1525 3773 1784 3828 amicum.

496 3863 664 3918 Morbi
691 3879 857 3920 causa
879 3864 1005 3919 mali
1033 3863 1199 3917 nimia
1220 3869 1305 3916 est
1331 3876 1665 3931 quaecunque
1685 3861 1943 3930 voluptas

498 3950 576 4005 Tu
598 3951 728 4006 dare
756 3965 824 4006 ne
851 3950 1068 4006 claudas
1093 3950 1321 4021 palmas,
1345 3958 1401 4004 et
1427 3949 1694 4020 prendere
1722 3949 1948 4019 pandas.

497 4043 722 4111 Semper
746 4041 801 4095 in
835 4055 932 4096 ore
960 4048 1054 4096 tuo
1081 4047 1338 4096 resonent
1377 4041 1517 4096 bona
1550 4041 1710 4096 verba
1741 4040 1950 4096 salutis.

496 4131 756 4199 Ne,rogo,
772 4129 1060 4186 vindictam
1090 4139 1180 4185 tua
1205 4145 1356 4185 mens
1381 4128 1672 4185 meditetur
1691 4145 1949 4184 amaram.

411 4221 614 4276 ‘ZOSint
641 4221 734 4276 tibi
773 4220 981 4291 paciﬁci
1011 4234 1201 4288 magna
1229 4219 1510 4275 dulcedine
1539 4233 1739 4274 mores.

495 4309 574 4363 Ne
601 4318 690 4363 tua
716 4309 1004 4378 poeniteat,
1031 4323 1245 4372 caveas,
1275 4306 1498 4360 victoria
1530 4311 1715 4359 temet.

497 4399 600 4453 Fct-
625 4399 790 4468 patris
810 4398 1114 4465 imperium,
1145 4395 1274 4448 dum
1301 4396 1479 4448 verbis
1505 4394 1618 4449 exit
1641 4393 1696 4449 in
1727 4393 1856 4449 iras.

495 4488 731 4557 Quisque
750 4487 867 4542 dies
877 4486 998 4541 vita:
1020 4493 1104 4540 est
1123 4485 1268 4541 velut
1282 4484 1499 4539 ultimus
1517 4499 1645 4540 ecce
1663 4481 1952 4554 putandus.

495 4576 651 4645 Quod
673 4575 805 4631 dare
834 4591 941 4630 non
972 4574 1144 4644 possis
1173 4573 1284 4630 noli
1313 4573 1630 4644 promittere
1659 4573 1858 4646 verbis.

415 4669 600 4738 250m
634 4668 892 4740 prodesse
921 4675 1118 4738 potest,
1151 4683 1257 4722 non
1282 4673 1368 4720 est
1410 4665 1692 4732 fugiendus
1729 4665 1955 4720 amicus.

497 4760 729 4819 Octenas
749 4761 967 4816 studeas
993 4759 1245 4816 vitiorum
1275 4758 1491 4814 vincere
1519 4765 1744 4814 turmas.

459 4915 519 4971 V.
552 4914 641 4970 80.
678 4915 961 4970 Elementa.
995 4915 1230 4970 Pessime
1255 4914 1516 4971 Cani~ius.
1547 4916 1811 4969 alimenta.

429 4983 519 5038 -V.
560 4985 648 5038 89.
697 4985 823 5040 Ηωσ
869 5001 983 5054 sup.
1030 4983 1107 5040 Ita
1156 4986 1277 5053 lego
1323 4999 1447 5038 cum
1497 4984 1775 5041 Coldasto.
1830 4982 1958 5053 AL,

384 5054 432 5109 11
441 5071 537 5107 anc
559 5071 673 5121 sap.

459 5123 520 5178 V.
550 5123 636 5178 9i.
671 5122 884 5180 Ultimo.
931 5122 1090 5179 Cold.
1130 5134 1186 5179 et
1223 5123 1357 5177 Bibl.
1388 5123 1489 5178 PP.
1521 5124 1714 5192 Paris.,
1753 5125 1954 5179 ultima.

388 5193 450 5248 lli
481 5203 588 5247 tres
619 5192 869 5262 postremi
901 5207 1102 5256 versus,
1126 5193 1262 5262 apud
1291 5192 1604 5262 Goldastnm
1637 5205 1690 5248 et
1716 5195 1952 5250 Sirmun-

385 5267 509 5318 dum
535 5261 837 5332 exstantesL
859 5276 958 5332 nec
986 5277 1091 5315 non
1119 5262 1170 5316 in
1199 5262 1449 5317 Biblioth.
1481 5261 1584 5318 PP.
1616 5263 1815 5332 Paris.,
1863 5265 1958 5319 de-

385 5343 512 5388 sunt
544 5333 596 5387 in
629 5331 775 5386 edito
800 5330 1107 5385 Canisiano.

454 5401 521 5460 γ.
553 5402 605 5458 9.
639 5400 882 5467 Divitias,
910 5410 1012 5455 etc.
1038 5399 1135 5457 llic
1156 5417 1342 5457 versus
1361 5402 1633 5468 repetitur
1651 5403 1785 5458 infra
1809 5419 1952 5459 vers.

385 5464 486 5594 ἶ)Ἲὲ
497 5471 678 5542 Neque
696 5472 838 5527 hunc
861 5464 914 5525 in
931 5485 1027 5526 suo
1048 5472 1231 5528 codice
1250 5472 1379 5542 legit
1391 5464 1696 5538 G'oldastus,
1716 5487 1838 5544 pag.
1865 5474 1955 5540 60,

407 5580 432 5689 θ.
457 5580 626 5692 vi”.
659 5609 779 5667 Non
800 5611 986 5683 Possis.
1009 5608 1107 5666 Ms.
1135 5609 1296 5667 Leod.
1324 5611 1463 5682 apud
1493 5610 1828 5680 Coldastum,
1853 5629 1956 5673 non

661 5753 760 5822 Qui
779 5752 930 5822 prod.
954 5751 1114 5807 Deest
1135 5748 1222 5822 hic
1240 5766 1424 5822 versus
1449 5751 1589 5822 apud
1617 5751 1952 5808 Coldastum.

458 5819 523 5875 V.
551 5819 638 5876 ‘27.
671 5818 884 5892 Repfeta
920 5822 1129 5880 salutis.
1153 5820 1410 5880 Goldasto
1449 5818 1778 5894 phelct‘cnda
1805 5823 1956 5881 vide-

1609 401 1666 456 S.
1707 394 2099 456 COLUMBANI
2140 393 2425 450 ABBATIS

1985 3199 2036 3261 C

1985 4548 2039 4607 D

3541 395 3647 448 288

2184 506 2260 562 Te
2289 505 2426 561 ferat
2451 505 2517 560 ad
2547 506 2742 560 cmlum
2769 504 3025 576 quadriga
3052 503 3256 574 repleta
3286 502 3493 559 salutis.

2183 593 2384 663 Lingua
2409 609 2538 650 suos
2570 592 2765 648 habeat
2790 593 2973 648 frenos
3015 593 3067 646 in
3105 591 3270 647 corde
3299 591 3510 659 ligatos.

2182 685 2273 740 Vir
2295 687 2466 741 bonus
2487 699 2607 741 esse
2627 685 2831 754 nequit,
2845 683 2945 737 nisi
2965 684 3054 752 qni
3079 682 3168 737 tiet
3181 682 3644 750 omnibusmquus.

2093 775 2167 828 ~50
2183 775 2288 841 Qui
2309 776 2514 829 scelera
2543 774 2845 840 abscondit,
2863 773 3075 828 veniam
3099 788 3206 827 non
3228 773 3370 827 forte
3392 780 3644 826 meretur.

2185 865 2290 930 Qui
2314 865 2454 920 bona
2482 864 2776 929 desuescit,
2808 879 2935 918 mox
2966 863 3055 918 hic
3085 863 3397 918 consuescit
3441 863 3642 931 iniqua.

2184 953 2300 1019 Non
2318 964 2394 1018 tl,
2407 969 2610 1024 quaso,
2619 955 2757 1023 jocis
2765 955 3042 1010 laedasncc
3051 953 3292 1009 carmine
3302 968 3646 1024 quemquam.

2186 1043 2392 1114 Smpios
2412 1043 2600 1098 auditu
2631 1044 2910 1100 insttueris
2936 1059 3097 1116 quam
3121 1059 3256 1099 voce
3288 1041 3502 1098 fruaris.

2183 1133 2266 1188 Sit
2295 1149 2483 1190 servus
2511 1135 2704 1189 mentis
2733 1141 2926 1189 venter
2950 1152 2965 1200 ;
2995 1134 3067 1188 sit
3092 1148 3247 1188 serva
3278 1131 3469 1193 libido.

2100 1230 2169 1284 ὄλ
2187 1229 2302 1284 Non
2332 1229 2507 1298 perdit
2541 1228 2712 1300 pietas
2731 1226 2992 1298 quidquid
3021 1226 3216 1296 largire
3256 1226 3488 1280 videtur.

2183 1319 2299 1374 Non
2329 1320 2521 1389 opibus
2547 1319 2688 1373 bona
2715 1316 2856 1372 fama
2883 1317 3065 1385 datur,
3087 1317 3182 1373 sed
3204 1317 3446 1372 moribus
3471 1315 3642 1371 almis.

2185 1408 2292 1464 Fac
2321 1424 2391 1463 ne
2413 1416 2468 1464 te
2495 1407 2688 1463 merito
2712 1407 2891 1463 verbis
2919 1407 3141 1462 irrideat
3167 1407 3327 1462 alter.

2188 1499 2290 1557 Pro
2317 1501 2516 1556 misero
2542 1499 2807 1556 miserans
2831 1498 3094 1572 lacrymas
3120 1499 3337 1554 eil'unde
3363 1497 3554 1554 Sodali.

2185 1591 2363 1662 Eripe,
2391 1591 2436 1647 si
2464 1591 2669 1658 valeas,
2691 1606 2800 1646 non
2822 1602 3050 1660 suggere
3077 1589 3182 1645 tela
3211 1589 3438 1645 furenti.

2101 1682 2338 1753 “Saepe
2363 1690 2522 1738 nocet
2549 1697 2718 1752 puero
2747 1680 3025 1740 miseratio
3049 1679 3243 1735 blanda
3275 1679 3540 1750 magistri.

2189 1771 2434 1838 Ignotum
2465 1777 2597 1824 noto
2627 1784 2900 1839 nunquam
2925 1780 3207 1838 prmponas
3236 1768 3434 1824 amico.

2187 1858 2377 1914 Omnia
2406 1874 2527 1929 qua:
2553 1858 2738 1914 dicunt
2767 1857 3034 1921 homines,
3061 1866 3116 1912 tu
3143 1857 3371 1913 credere
3402 1858 3532 1913 noli.

2192 1949 2307 2004 Non
2337 1949 2439 2005 sibi
2467 1949 2591 2019 quis
2613 1949 2791 2015 vivat,
2819 1947 3036 2003 Christo
3065 1946 3158 2002 sed
3187 1947 3334 2001 vivat
3362 1949 3579 2019 ubique.

2191 2039 2309 2094 Non
2337 2049 2450 2106 tua,
2477 2039 2574 2094 sed
2602 2037 2801 2094 Christi
2828 2051 3058 2106 quaras,
3085 2036 3174 2105 qui
3203 2036 3380 2105 diligis
3408 2037 3576 2093 illum.

2101 2129 2170 2183 45
2189 2129 2303 2184 Non
2326 2137 2400 2195 te,
2416 2145 2523 2184 non
2552 2128 2831 2192 mundum,
2854 2127 3125 2183 Christum
3146 2126 3240 2183 sed
3265 2127 3430 2196 dilige
3449 2127 3643 2183 solum.

2172 2220 2316 2280 Cum
2341 2220 2585 2290 sapiente
2623 2220 2849 2288 loquens
2875 2217 3159 2289 perpaucis
3190 2225 3343 2273 utere
3371 2217 3571 2273 verbis.

2184 2312 2268 2370 Nil
2290 2311 2432 2367 oculi
2461 2319 2708 2382 prosunt,
2729 2310 2926 2380 quibus
2945 2317 3028 2363 est
3055 2323 3208 2363 meus
3229 2321 3370 2362 ecca
3402 2306 3640 2362 videndi.

2187 2402 2376 2457 Divitis
2403 2401 2754 2471 opprobrium
2782 2399 3014 2470 gemitus
3043 2406 3129 2453 est
3155 2399 3408 2470 pauperis
3436 2399 3646 2468 ingens.

2185 2491 2420 2549 Plurima
2443 2491 2671 2547 discenti
2701 2505 2918 2560 semper
2937 2489 3199 2559 sapientia
3229 2489 3446 2544 crescit.

2099 2581 2446 2637 SOJudicium
2484 2588 2652 2636 restat
2677 2580 2886 2635 cunctis
2913 2578 3216 2634 certissime
3245 2576 3424 2633 factis.

2180 2669 2442 2724 Adveniet
2467 2667 2641 2723 ludes
2669 2667 2877 2723 cunctis
2904 2667 2996 2741 qui
3027 2667 3172 2735 justa
3198 2666 3481 2736 rependat.

2178 2759 2379 2830 Inclyta
2399 2767 2710 2828 perpetuam
2741 2766 2959 2826 praestat
2983 2757 3242 2828 patientia
3272 2758 3465 2812 vitam.

2178 2853 2256 2909 Te
2287 2853 2500 2909 feritate
2527 2853 2696 2923 magis
2717 2853 2880 2910 faciet
2909 2854 3210 2909 moderatio
3237 2853 3466 2920 clarum.

2181 2943 2434 3012 Egregius
2468 2941 2625 2998 faciet
2652 2943 2850 2999 utentis
2877 2943 3183 3000 constantia
3213 2958 3414 3000 mores.

2095 3032 2166 3090 55
2179 3034 2418 3090 Consilio
2445 3034 2628 3100 facias,
2657 3046 2817 3102 rogo,
2839 3033 2910 3088 sit
2940 3033 3034 3089 tibi
3063 3034 3321 3105 quidquid
3345 3037 3633 3105 agendum.

2177 3123 2363 3180 Omnis
2389 3125 2588 3195 quippe
2611 3133 2745 3180 satas
2766 3125 2948 3194 aliquo
2973 3125 3070 3180 sub
3100 3124 3246 3185 fasce
3268 3126 3504 3183 laborat.

2186 3215 2324 3271 Vera
2350 3215 2566 3286 quidem
2593 3225 2835 3272 veterum
2860 3215 3075 3286 juvenis
3104 3217 3468 3288 paradigrnata
3498 3233 3638 3275 rere.

2181 3307 2329 3362 Felix
2359 3308 2454 3378 qui
2489 3323 2710 3363 causam
2753 3307 2989 3377 loquitur
3014 3308 3291 3378 prudentis
3331 3311 3388 3366 in
3424 3326 3630 3367 aurem.

2179 3397 2409 3453 Tantum
2430 3398 2595 3452 verba
2621 3397 2802 3452 valent
2829 3404 3089 3466 quantum
3127 3415 3284 3455 mens
3303 3401 3504 3456 sentiat
3531 3401 3643 3457 illa.

2091 3493 2159 3548 60
2176 3492 2436 3548 Omnibus
2453 3500 2540 3548 est
2567 3492 2808 3562 locuples
2827 3493 2918 3562 qui
2940 3494 3104 3549 rebus
3121 3494 3357 3550 abundat
3374 3495 3637 3551 honestis.

2178 3585 2296 3640 Non
2324 3585 2428 3640 erit
2454 3584 2676 3654 antiquo
2707 3599 2876 3639 novus
2902 3585 3281 3642 anteferendus
3306 3588 3534 3645 amicus.

2177 3677 2400 3733 Dilllcile
2423 3677 2664 3732 invenies
2690 3691 2876 3732 verum
2908 3676 3150 3734 fortassis
3175 3677 3432 3734 amicum.

2178 3766 2416 3822 Moribus
2440 3767 2672 3835 egregiis
2699 3767 2867 3822 facias
2895 3767 2994 3823 tibi
3020 3784 3216 3824 nomen
3245 3769 3554 3826 honestum.

2177 3855 2346 3910 Nemo
2372 3855 2588 3924 quidem
2610 3855 2790 3925 plures
2817 3855 3007 3911 habuit
3033 3871 3193 3926 quam
3218 3859 3394 3928 perdit
3414 3861 3639 3916 amicos.

2089 3945 2270 4002 65Cni
2297 3946 2537 4016 prodest,
2585 3947 2736 4002 socio
2764 3947 2857 4016 qui
2899 3963 3004 4002 non
3045 3949 3304 4019 prodesse
3348 3950 3643 4021 probaturi

2170 4040 2298 4101 Sola
2325 4038 2457 4094 fides
2486 4037 2607 4093 ﬁdei
2633 4037 2777 4094 dono
2803 4039 3062 4095 dilabitur
3086 4040 3250 4098 almo.

2174 4132 2329 4188 Levis
2356 4149 2463 4189 non
2492 4135 2724 4190 animam
2756 4137 3055 4205 torquentis
3082 4153 3212 4191 cura
3251 4137 3458 4206 fatiget.

2176 4219 2279 4273 [tes
2306 4236 2493 4278 severa
2519 4225 2737 4290 quidem
2759 4239 2976 4294 semper
3003 4226 3242 4282 declarat
3275 4228 3526 4283 honeste.

2177 4310 2312 4376 Quid
2333 4314 2508 4380 pejus,
2529 4327 2691 4381 quam
2711 4327 2770 4370 se
2793 4322 2857 4368 ut
2879 4315 3071 4383 jungat
3096 4315 3371 4370 habitator
3395 4317 3645 4386 iniquus?

2093 4397 2161 4451 70
2179 4399 2418 4465 Actibus,
2443 4407 2536 4454 aut
2564 4401 2742 4456 verbis
2769 4400 2880 4458 noli
2909 4410 2967 4456 tu
2996 4418 3310 4460 assuescere
3349 4405 3554 4475 pravis.

2179 4488 2273 4545 Est
2299 4506 2405 4546 non
2453 4506 2573 4547 esse
2597 4491 2810 4562 quidem
2839 4493 3010 4548 satius
3037 4509 3200 4563 quam
3236 4495 3422 4552 vivere
3450 4512 3637 4568 prave.

2185 4575 2334 4636 Mens
2361 4581 2502 4638 bona
2533 4583 2816 4640 thesauros
2855 4584 3113 4654 praecellit
3143 4600 3369 4642 munere
3393 4595 3642 4644 cunctos.

2183 4671 2358 4744 Vitam
2387 4673 2590 4744 quippe
2622 4681 2766 4729 tuam
2797 4683 2909 4730 tota
2939 4676 3139 4732 virtute
3165 4687 3340 4734 tuere.

2183 4759 2372 4817 Omnia
2402 4779 2500 4834 pro
2530 4765 2637 4820 vita
2661 4773 2787 4821 sunt
2809 4765 3103 4821 amittenda
3135 4765 3356 4822 luenda.

2065 4914 2333 4988 tur_le_ctio
2347 4931 2462 4988 ‘ms.
2495 4915 2662 4972 Leod.
2693 4918 2890 4988 repleta
2921 4919 3213 4988 triumphis.

2134 4983 2197 5104 Χ.
2217 4984 2307 5066 2?.
2334 4984 2435 5066 Qui
2447 4988 2551 5111 get
2578 5004 2717 5041 omn.
2742 4983 2841 5042 Ms.
2875 4983 3173 5058 Leod.,'qtti
3198 4989 3268 5042 sit
3293 4989 3349 5042 in
3376 4988 3637 5046 omnibus.

2183 5094 2198 5111 .
2248 5056 2422 5111 iudice
2494 5057 2628 5111 old..
2661 5072 2770 5111 non
2797 5065 2882 5111 est
2921 5065 3130 5111 temere
3174 5059 3514 5111 spernendus
3547 5075 3637 5111 ar-

2060 5053 2198 5135 Sed,
2247 5055 2422 5124 judice
2447 5053 2628 5124 δοιὼ,
2661 5072 2770 5112 non
2797 5065 2882 5111 est
2921 5053 3130 5113 temere
3174 5059 3514 5128 spernendus
3547 5075 3641 5115 ar-

2061 5125 2558 5277 flli'é'ggflargire
2578 5194 2679 5249 vid.
2709 5193 2901 5277 ματρὶ.)
2919 5195 3142 5251 verbum
3161 5203 3245 5277 est
3274 5211 3342 5252 ex
3369 5197 3496 5277 illis,
3520 5215 3643 5277 quae

2058 5271 2181 5337 tam
2198 5269 2365 5318 activa
2391 5281 2550 5337 quam
2581 5269 2968 5337 p_assiva___voco
2993 5280 3160 5337 unum
3198 5275 3360 5337 atque
3385 5269 3640 5326 idem'sio

2060 5333 2334 5416 gnificant,
2347 5333 2437 5416 ait
2458 5333 2768 5416 Priscianus
2793 5333 2890 5416 lib.
2916 5335 3187 5416 vnnCotﬁu.

2135 5404 2193 5458 ν.
2223 5403 2312 5458 53.
2338 5403 2539 5458 Faciet.
2571 5401 2751 5468 Cold.,
2785 5404 2966 5473 faciat.
2997 5403 3087 5461 Sic
3112 5417 3168 5461 et
3190 5423 3332 5464 vers.
3355 5423 3475 5480 seq.

2224 5475 2310 5528 65.
2333 5473 2558 5552 fudit.
2605 5473 2702 5552 Ms.
2733 5471 2790 5527 S.
2823 5471 2961 5529 Galli
3001 5476 3144 5546 apud
3188 5476 3373 5547 Gold.,
3433 5479 3636 5551 pendit.

2059 5539 2196 5608 Nihil
2226 5544 2470 5608 equidem
2510 5543 2782 5598 mutarim.

2134 5612 2198 5667 V.
2223 5610 2310 5690 67.
2345 5613 2668 5684 Torquentis.
2698 5610 3016 5682 Suspicatur
3038 5614 3328 5676 Goldastns
3346 5616 3639 5690 legendum

2058 5683 2556 5808 ‘o'ztfeggf’kma.
2583 5749 2680 5806 Us.
2713 5749 2901 5820 Leod.,
2923 5763 2972 5810 te
2996 5771 3132 5809 me.

2132 5821 2194 5878 V.
2229 5823 2314 5881 '10.
2341 5819 2467 5880 Noﬁ
2497 5833 2568 5877 tu.
2603 5820 2756 5892 Legit
2778 5819 2958 5896 Gotd.,
2987 5825 3166 5882 nolite.
