3856 6218
215 331 308 388 289
1709 337 2036 395 CARMINA.
3391 345 3495 400 ΞΜ

252 446 315 500 τις
332 444 722 500 Prmmeditata
753 446 972 516 quidem
1012 447 1182 503 levius
1210 447 1431 503 suﬂerre
1461 448 1732 503 valebunt.

329 538 454 603 Qua:
480 536 672 592 subito
712 538 1026 604 adveniunt,
1067 539 1237 593 multo
1265 539 1512 606 graviora
1539 541 1800 596 videntur.

327 628 534 683 Gaudia
563 637 697 683 sunt
742 629 928 700 papuli
971 640 1152 685 rector
1179 632 1298 700 pius
1327 639 1490 698 atque
1519 632 1802 698 benignus.

330 719 472 774 Mors
495 718 679 774 aliena
710 730 899 776 monet
919 723 1148 791 propria:
1174 737 1273 777 nos
1303 723 1493 778 mortis
1517 723 1734 792 ubique.

335 809 480 864 Felix
507 811 740 868 alterius
766 812 920 880 cujus
947 813 1271 868 documenta
1304 812 1531 882 ﬂagella.

258 900 563 954 80Praamia
589 916 702 956 non
732 903 932 973 capiet,
969 903 1180 970 ingrato
1207 903 1297 971 qui
1326 903 1466 957 bona
1499 913 1735 973 prarstat.

333 991 414 1046 Sit
442 992 541 1048 tibi
574 993 780 1050 charos
811 995 994 1061 homo,
1036 1002 1095 1048 ut
1124 993 1320 1061 frater;
1369 994 1510 1050 Deus
1557 1007 1613 1050 ut
1658 1006 1811 1066 pater

1536 1089 1729 1144 almus.

1536 1105 1553 1141 ε]

318 1177 519 1233 Όπιηὶς
541 1178 804 1249 paulatim
835 1180 981 1236 letho
1008 1195 1109 1234 nos
1136 1180 1373 1250 applicat
1399 1087 1553 1235 beri.

340 1271 478 1324 Ante
522 1272 674 1326 diem
713 1274 902 1327 mortis
928 1272 1107 1326 nullus
1138 1271 1418 1326 laudabilis
1446 1279 1642 1326 exstat.

343 1361 616 1427 Qualibet
640 1378 710 1419 ex
738 1364 910 1419 fructu
939 1363 1158 1434 proprio
1184 1362 1528 1432 cognoscitur
1557 1362 1735 1416 arbor.

259 1451 541 1508 85Doetor
569 1456 677 1508 erit
706 1467 928 1520 magnus
955 1452 1109 1507 factis
1138 1452 1232 1520 qui
1256 1451 1400 1520 quod
1421 1451 1576 1507 docet
1601 1452 1805 1521 implet.

334 1542 489 1608 Quod
535 1542 633 1596 tibi
665 1543 743 1597 vis
774 1541 920 1608 ﬁeri,
953 1541 1058 1596 hoc
1097 1542 1186 1596 alii
1226 1551 1486 1612 praestare
1517 1544 1809 1598 memento.

340 1634 681 1703 Pauperibus
704 1633 865 1703 justis
889 1633 1123 1690 cmlestis
1152 1634 1323 1703 gloria
1354 1644 1542 1690 restat.

333 1722 487 1788 Quod
521 1722 619 1776 tibi
651 1738 758 1777 non
789 1731 969 1792 optes,
1013 1724 1102 1777 alii
1133 1739 1203 1779 ne
1233 1723 1425 1779 feceris
1458 1725 1571 1780 ulli.

334 1810 574 1880 Equum
605 1814 818 1882 pondus
847 1813 1016 1878 habe,
1050 1823 1234 1869 teneas
1263 1822 1318 1869 et
1346 1825 1546 1872 statera
1579 1817 1806 1886 justum.
1847 1796 1889 1855 Β

259 1903 450 1958 90Non
481 1904 580 1959 tibi
604 1905 677 1960 sit
709 1905 922 1960 modius
948 1905 1166 1974 duplex,
1198 1921 1298 1962 nec
1322 1915 1521 1962 statera
1552 1908 1736 1978 dupla.

332 1992 560 2065 Corripe
589 1996 909 2065 prudentem
934 2013 950 2052 :
981 1997 1237 2051 reddetur
1264 1998 1436 2065 gratia
1466 1999 1667 2056 verbis.

329 2088 384 2143 Si
411 2099 468 2144 tu
501 2099 656 2144 recta
688 2089 835 2154 facis,
858 2105 930 2145 ne
964 2104 1127 2146 cures
1153 2091 1314 2145 verba
1348 2090 1634 2146 malorum.

333 2177 475 2234 Utile
504 2179 794 2234 consilium
831 2178 1081 2232 dominus
1109 2192 1180 2232 ne
1207 2177 1428 2247 despice
1455 2178 1620 2233 servi.

330 2271 474 2326 Inter
506 2271 768 2326 convivas
797 2269 881 2325 fac
908 2271 983 2326 sis
1010 2285 1264 2326 sermone
1294 2269 1596 2328 modestus.

260 2361 324 2416 95
335 2361 471 2416 Cum
493 2360 628 2429 quid
657 2359 918 2430 peccaris,
941 2360 1142 2430 castiga
1171 2369 1225 2416 te
1252 2361 1367 2432 ipse
1390 2363 1640 2419 subinde.

335 2450 572 2506 Vulnera
603 2448 729 2506 dum
759 2467 947 2518 sanas,
981 2451 1141 2508 dolor
1169 2462 1254 2509 est
1283 2453 1547 2510 medicina
1576 2455 1802 2512 doloris.

333 2541 557 2597 Divitias
584 2542 798 2600 Domini
823 2544 983 2601 faciet
1003 2545 1306 2602 benedictio
1329 2548 1524 2605 claras.

334 2632 618 2690 Eternam
647 2635 834 2691 tribuit
862 2636 988 2694 felix
1019 2637 1307 2694 clementia
1331 2640 1515 2695 vitam.

339 2722 501 2780 Utere
525 2726 772 2795 qumsitls
799 2727 1014 2797 opibus,
1049 2728 1170 2796 fuge
1199 2743 1397 2784 nomen
1425 2731 1598 2786 avari.

230 2812 321 2866 100
340 2812 515 2879 Disce,
542 2816 638 2873 sed
669 2829 700 2872 a
728 2815 930 2884 doctis;
963 2817 1205 2876 indoctos
1232 2821 1347 2891 ipse
1374 2820 1591 2878 docete.

329 2906 531 2963 Contra
560 2909 824 2964 verbosos
849 2910 957 2965 noli
984 2911 1314 2967 contendere
1345 2912 1549 2968 verbis.

330 2998 520 3053 Sermo
548 2999 710 3053 datur
737 3000 941 3066 multis,
975 3001 1140 3055 animi
1170 3003 1436 3072 sapientia
1468 3003 1675 3073 paucis.

331 3091 446 3144 Non
478 3090 602 3146 laeta
621 3092 889 3147 extollant
914 3091 1174 3157 animum,
1199 3107 1304 3144 non
1329 3093 1502 3147 tristia
1532 3092 1799 3161 frangant.

338 3182 620 3236 Proximus
649 3191 768 3236 esto
797 3180 972 3240 bouis,
1004 3179 1050 3233 si
1078 3154 1186 3249 non
1215 3188 1369 3250 potes
1397 3182 1633 3250 optimus
1829 3154 1877 3216 C

227 3270 320 3325 105
334 3268 548 3336 Quanto
579 3267 754 3336 major
784 3268 910 3332 eris,
938 3275 1087 3322 tanto
1119 3276 1176 3322 tu
1203 3271 1413 3326 cautior
1439 3279 1578 3328 esto.

328 3355 572 3425 Cumque
614 3353 780 3410 alium
827 3369 1034 3422 censes,
1085 3358 1360 3429 propriam
1407 3360 1556 3430 prior
1600 3361 1804 3432 inspice

1521 3455 1735 3527 [vitam

335 3537 458 3593 Plus
479 3545 596 3606 tua,
625 3555 788 3612 quam
813 3541 1036 3599 alterius
1056 3541 1336 3598 damnabis
1359 3540 1586 3598 crimina
1607 3543 1796 3613 judex.

331 3631 414 3686 Sis
433 3633 616 3689 bonus
636 3643 801 3704 atque
821 3636 1010 3702 bonis;
1039 3636 1195 3692 lassus
1215 3650 1312 3691 nec
1332 3635 1465 3690 laede
1487 3647 1796 3693 nocentem.

333 3721 433 3789 Qui
457 3725 718 3795 prodesse
744 3734 941 3796 potest,
965 3740 1071 3780 non
1093 3732 1176 3779 est
1194 3724 1473 3795 fugiendus
1500 3727 1724 3783 amicus.

227 3815 317 3869 110
332 3815 460 3871 Cum
489 3816 661 3874 fueris
687 3816 847 3884 felix,
876 3832 998 3886 quae
1029 3827 1156 3872 sunt
1183 3818 1408 3876 adversa
1439 3830 1650 3878 caveto.

330 3909 458 3976 Qus
487 3911 716 3981 culpare
743 3909 909 3973 soles,
945 3909 1143 3965 haec-tu
1172 3925 1240 3965 ne
1268 3911 1460 3967 feceris
1485 3912 1622 3983 ipse.

334 3999 448 4055 Vita
475 4000 658 4054 aliena
686 4007 790 4054 tute
821 3998 915 4054 tibi
945 4000 1016 4054 sit
1042 3998 1313 4068 cathegita
1339 4001 1482 4071 vitaz.

329 4087 407 4143 Ira
433 4089 620 4144 odium
647 4098 890 4158 generat,
916 4089 1208 4146 concordia
1239 4091 1410 4146 nutrit
1436 4106 1700 4152 amorem.

327 4183 406 4238 Sit
430 4183 548 4240 sale
572 4184 686 4255 jam
711 4185 918 4256 sophia:
941 4199 1121 4240 sermo
1149 4183 1245 4240 tibi
1269 4185 1518 4242 cenditus
1542 4189 1740 4250 omnis.

225 4271 316 4326 115
328 4271 514 4342 Magna
530 4275 753 4344 quidem
767 4277 938 4332 virtus
950 4283 1148 4329 nostra:
1160 4283 1241 4332 est
1253 4276 1554 4334 moderatio
1577 4278 1791 4347 linguae.

327 4366 496 4424 Crede
517 4367 652 4435 Deo,
666 4376 722 4424 et
741 4366 988 4438 proprios
1010 4374 1141 4433 tunc
1163 4375 1219 4421 tu
1245 4367 1342 4425 tibi
1363 4368 1534 4443 dirige
1554 4383 1791 4439 gressus.

332 4458 460 4525 Lux,
475 4459 640 4514 timor
655 4465 743 4524 est
762 4457 994 4522 Domini,
1006 4457 1186 4512 cordis
1198 4476 1215 4514 :
1227 4458 1371 4515 hunc
1382 4459 1545 4529 dilige
1555 4474 1787 4530 semper.

324 4549 379 4605 lu
412 4548 643 4606 Domino
680 4564 907 4622 sperans
945 4548 1125 4603 nullus
1153 4549 1502 4608 confunditur
1531 4565 1788 4619 unquam.

327 4642 415 4700 Vir
450 4643 696 4714 prudens
743 4640 926 4698 animo
967 4649 1052 4698 est
1094 4641 1288 4701 melior
1326 4655 1492 4713 quam
1541 4642 1696 4699 fortis
1740 4644 1794 4698 in

1515 4733 1721 4808 [armis.

229 4825 321 4882 rso
333 4826 588 4900 Corporis
614 4825 836 4884 excellit
859 4824 1291 4895 viressapientia
1320 4826 1538 4882 mentis.

331 4919 552 4975 Divitias
582 4918 768 4975 animo
792 4916 1019 4987 injustas
1047 4915 1328 4974 attendere
1349 4916 1484 4974 noli.

289 5095 474 5220 Van.
506 5097 670 5170 Cujus
712 5095 828 5153 doc.
856 5095 1013 5151 Gold.
1048 5095 1177 5168 legit
1202 5112 1326 5154 cum
1352 5112 1451 5154 ms.
1477 5091 1678 5165 Leod.,
1711 5101 1794 5154 cui

289 5184 310 5219 ll
391 5186 470 5220 oc.

229 5183 332 5220 απτ
356 5183 470 5224 doc.

2038 455 2268 510 Verbum
2302 456 2461 512 dulce
2493 459 2704 528 quidem
2735 459 2827 513 tibi
2859 445 3233 530 multiplicabit
3269 462 3490 516 amicos.

2033 545 2287 600 Converti
2331 547 2397 600 ad
2431 547 2713 602 Dominum
2759 563 2828 603 ne
2867 550 3050 604 tardes
3079 551 3294 606 tramite
3323 560 3494 606 recto.

2036 635 2301 690 Doctrinis
2325 640 2488 691 etiam
2518 639 2681 692 variis
2711 655 2816 693 non
2850 636 3042 694 ﬂexilis
3065 649 3204 695 esto.

1915 723 2017 776 125
2037 724 2113 780 Te
2140 726 2225 778 via
2255 741 2376 779 nam
2423 726 2633 780 Domini
2683 735 2868 782 teneat
2915 728 3216 784 ﬁrmissima
3260 743 3497 798 sempm.

2031 815 2257 872 Justitize
2286 827 2342 872 et
2367 820 2510 887 pacis
2537 820 2786 889 placeant
2813 821 2908 876 tibi
2936 823 3100 878 verba
3125 823 3421 892 loquendo.

2035 906 2164 971 Pax,
2185 909 2553 976 precor,alma
2575 919 2667 965 tuo
2691 909 2903 979 placeat
2933 911 3026 966 tibi
3049 927 3265 979 semper
3295 914 3346 966 in
3376 928 3492 967 ore.

2038 1000 2264 1068 Semper
2297 1002 2349 1055 in
2381 1016 2475 1055 ore
2501 1009 2593 1054 tuo
2623 1011 2880 1058 resonent
2907 1004 2991 1072 pia
3024 1007 3183 1058 verba
3213 1004 3420 1058 salutis.

2034 1091 2145 1144 ltex
2178 1092 2395 1160 sapiens
2422 1093 2682 1161 populum
2724 1093 2914 1150 melius
2943 1093 3181 1149 defendit
3209 1097 3276 1149 ab
3317 1097 3492 1151 hoste.

1917 1180 2019 1234 150
2038 1181 2296 1248 lnsipiens
2326 1191 2504 1236 rector
2538 1183 2793 1252 populum
2825 1184 3139 1253 disperserit
3167 1201 3404 1240 omnem.

2035 1271 2214 1327 Gloria
2245 1287 2435 1340 magna
2471 1274 2688 1342 quidem
2717 1275 2828 1342 regi
2858 1283 2940 1330 est
2969 1277 3233 1346 sapientia
3257 1278 3423 1346 justa.

2038 1359 2377 1430 Iujuriasque
2408 1371 2526 1418 tuas
2563 1365 2612 1417 in
2646 1362 2864 1419 fratrem
2902 1365 3162 1420 ulciscere
3188 1367 3321 1421 noli.

2035 1453 2263 1522 Semper
2290 1470 2487 1509 avarus
2534 1463 2680 1508 amat
2719 1456 3017 1521 mendacia,
3061 1458 3231 1525 furta,
3262 1458 3494 1527 rapinas.

2036 1541 2281 1598 Sufﬁciat
2308 1557 2485 1597 rerum
2514 1542 2734 1601 dederat
2763 1545 2857 1598 tibi
2878 1544 3023 1613 quod
3053 1545 3192 1600 Deus
3219 1547 3352 1616 ipse.

1921 1630 2023 1685 155
2039 1631 2178 1698 Quid
2211 1641 2458 1688 terrenus
2486 1631 2670 1698 homo,
2705 1633 2875 1702 pulvis
2905 1641 2960 1688 et
2990 1643 3128 1689 terra
3151 1636 3428 1705 superbit?

2038 1722 2364 1792 Principium
2389 1725 2608 1779 sceleris
2634 1725 2770 1794 proh
2797 1723 2911 1778 dira
2937 1725 3187 1794 superbia
3217 1733 3450 1782 constat.

2041 1813 2122 1868 Sit
2156 1814 2249 1868 tibi
2279 1830 2406 1869 cura
2438 1825 2558 1874 tum.
2589 1824 2698 1870 tota
2727 1815 2941 1878 virtute.
2973 1814 3177 1870 salutis.

2039 1903 2152 1958 Una
2181 1905 2317 1972 dies,
2348 1908 2533 1973 quales
2563 1906 2781 1975 fuerint,
2805 1907 3042 1963 ostendit
3067 1907 3294 1963 amicos.

2043 1993 2282 2048 Peceasti
2312 1995 2491 2060 solus,
2527 1997 2806 2062 ignoscere
2836 2005 2888 2050 tu
2921 1997 3016 2052 tibi
3048 1997 3179 2054 noli.

1915 2083 2016 2136 MO
2033 2082 2184 2150 Quod
2208 2085 2425 2139 tacitum
2453 2087 2657 2156 cupias,
2688 2088 2848 2142 tacito
2871 2089 3149 2143 committe
3176 2088 3370 2144 sodali.

2034 2172 2291 2228 Invidiam
2324 2175 2489 2230 nimio
2519 2176 2668 2232 cultu
2693 2177 2865 2232 vitare
2890 2193 3189 2235 memento.

2030 2265 2243 2321 Invidia:
2274 2268 2513 2323 maculat
2541 2267 2738 2324 famam
2765 2269 2904 2323 mala
2932 2271 3098 2340 pestis
3128 2272 3439 2327 honestam.

2035 2356 2116 2411 Nil
2144 2357 2263 2411 sine
2287 2357 2516 2412 consilio
2547 2355 2730 2422 facias,
2763 2357 2842 2411 sic
2873 2357 3009 2412 facta
3043 2361 3357 2429 probantur.

2030 2445 2132 2514 Qui
2162 2447 2391 2503 Domino
2420 2446 2620 2510 credit,
2652 2456 2835 2502 servat
2869 2449 3120 2504 mandata
3152 2451 3358 2508 salutis.

1916 2535 2257 2606 HSSemper
2299 2537 2443 2591 enim
2491 2536 2707 2607 sapiens
2737 2539 2930 2596 metuit
2970 2540 3072 2595 sibi
3119 2541 3314 2610 judicis
3345 2544 3478 2598 iram

2032 2629 2301 2685 instanter
2331 2627 2519 2697 facias,
2553 2645 2670 2686 sors
2699 2645 2819 2699 qua:
2847 2633 2943 2686 tibi
2977 2633 3155 2688 tradat
3183 2636 3410 2703 agenda.

2031 2718 2163 2774 Cum
2186 2720 2406 2776 homine
2433 2721 2633 2789 injuste
2661 2723 2831 2778 nolito
2856 2739 3074 2779 manere
3102 2722 3428 2794 frequenter.

2033 2812 2144 2869 Nec
2172 2813 2311 2868 redit
2357 2812 2499 2867 unda
2543 2810 2749 2882 ﬂuens,
2787 2822 3032 2870 nostrum
3079 2831 3177 2872 nec
3209 2824 3416 2887 tempus
3446 2820 3500 2872 in

3233 2906 3428 2979 (antiis.

2028 2995 2218 3052 Omnia
2249 2994 2369 3052 finis
2396 2996 2533 3051 edax
2562 2994 2809 3052 devastat
2840 2997 3031 3065 gaudia
3061 2999 3266 3054 mundi.

1912 3085 2016 3141 150
2033 3087 2134 3153 Qui
2160 3086 2279 3156 pius
2317 3094 2374 3140 et
2403 3086 2668 3150 clemens,
2711 3086 2970 3142 Dominus
3011 3088 3360 3145 miserebitur
3400 3089 3491 3145 illi.

2023 3176 2163 3233 lufer
2202 3176 2511 3233 nullatenus
2538 3175 2835 3232 benefactis
2865 3187 3046 3233 mente
3076 3177 3348 3248 querelas.

2027 3267 2366 3340 lmproperes
2394 3284 2691 3339 nunquam,
2714 3267 2926 3324 dederis
2957 3270 3272 3326 munuscula
3298 3271 3492 3342 siqua.

2020 3363 2204 3418 Omnis
2234 3369 2530 3433 pertractet
2573 3362 2804 3430 primum
2852 3377 3005 3417 mens
3036 3365 3198 3418 verba
3243 3363 3491 3435 loquelae.

2021 3453 2279 3525 Corporis
2307 3453 2567 3507 auxilium
2597 3452 2806 3508 medico
2835 3455 3096 3522 permitte
3125 3454 3291 3510 fideli.

1905 3547 2008 3601 155
2025 3546 2156 3601 Dum
2187 3544 2409 3615 poteris,
2443 3541 2670 3598 benefae
2696 3558 2826 3599 caro
2853 3550 2911 3598 tu
2940 3558 3159 3614 semper
3186 3545 3385 3601 amico.

2024 3638 2114 3693 Sic
2133 3653 2306 3693 novus
2323 3645 2486 3705 atque
2508 3651 2706 3690 novum
2732 3637 2914 3690 vinum
2939 3645 3245 3692 veteraseat
3264 3638 3491 3693 amicus.

2022 3729 2202 3786 Rebus
2228 3729 2280 3782 in
2313 3727 2552 3783 adversis
2578 3740 2854 3794 nunquam
2885 3724 3110 3781 dimittis
3138 3728 3392 3781 amicum.

2020 3821 2249 3889 Semper
2277 3817 2481 3874 amicus
2511 3825 2675 3881 amat,
2707 3815 2978 3884 duratque
3000 3814 3172 3872 fidelis
3193 3817 3417 3874 amicus.

2030 3912 2182 3967 Alma
2214 3910 2332 3965 dies
2353 3918 2569 3966 noctem
2599 3909 2873 3978 sequitur;
2893 3909 2972 3964 sic
2996 3908 3136 3964 dona
3166 3908 3397 3966 labores.

1901 4005 2002 4059 160
2018 4004 2282 4073 Tempora
2319 4000 2446 4056 dum
2491 4000 2732 4066 variant,
2778 3998 2993 4054 animus
3030 3998 3099 4055 sit
3143 4014 3359 4070 semper
3387 3999 3491 4056 ho-

3187 4093 3416 4164 [nestus.

2020 4183 2262 4240 Consilio
2289 4182 2488 4242 mentis
2510 4181 2764 4254 quodque
2792 4180 3039 4238 imminet
3065 4190 3189 4236 ante
3210 4181 3416 4237 videto.

2018 4277 2151 4332 Dum
2171 4276 2266 4330 tibi
2279 4275 2384 4330 vita
2406 4275 2570 4344 viget,
2589 4275 2840 4346 lacrymis
2854 4273 2993 4329 mala
3015 4272 3240 4328 crimina
3263 4287 3481 4343 purges.

2011 4366 2132 4422 Noli
2155 4367 2353 4422 iterare
2381 4365 2581 4435 scelus,
2612 4366 2863 4436 lacrymis
2895 4364 3022 4420 dum
3053 4365 3211 4420 diluis
3240 4364 3392 4419 illud.

2019 4453 2266 4511 Luxuriis
2295 4455 2477 4510 animo
2506 4455 2614 4510 noli
2653 4456 2862 4511 servire
2891 4451 3159 4523 malignis.

1900 4545 2004 4601 165
2020 4545 2120 4614 Qui
2157 4546 2368 4602 modica
2392 4545 2622 4616 spernit,
2649 4545 2843 4600 minuit
2869 4541 3072 4616 majora
3103 4560 3202 4618 per
3231 4545 3412 4604 horas.

2020 4635 2253 4695 Tollitur
2275 4655 2341 4696 ex
2391 4653 2615 4694 numero
2657 4647 2972 4694 sanctorum
3019 4635 3256 4711 perfidus
3283 4639 3479 4693 omnis.

1897 4806 1904 4810 _
2018 4731 2206 4788 Oderit
2234 4731 2489 4802 insipiens
2514 4731 2775 4801 sapientis
2803 4732 2968 4786 verba
2999 4732 3261 4800 magistri.

2017 4819 2229 4877 Excitat
2255 4822 2306 4876 in
2336 4819 2479 4880 risus
2506 4818 2699 4876 fratres
2728 4821 2989 4876 verbosus
3015 4835 3248 4875 amaros.

2013 4911 2098 4967 Nil
2128 4911 2219 4968 illo
2244 4909 2421 4984 pejus,
2451 4910 2646 4967 sceleri
2685 4910 2775 4979 qui
2808 4908 3010 4981 gaudet
3038 4908 3244 4977 iniquo.

1970 5089 2034 5144 V.
2075 5087 2197 5142 136.
2224 5080 2619 5156 Canstst.7Leg.
2645 5087 2856 5156 conﬁat.

1974 5160 2035 5213 V.
2068 5159 2193 5214 153.
2456 5155 2646 5222 Aptius
2688 5155 2752 5213 et
2778 5155 3118 5212 cmmodius
3148 5156 3276 5227 legit
3311 5161 3487 5214 omnia

293 5235 348 5291 ν.
376 5235 464 5294 86.
499 5237 615 5293 Hoc
635 5236 749 5296 alii.
775 5233 873 5290 Ms.
904 5231 963 5305 ξ.
995 5234 1156 5304 Galli,
1183 5240 1279 5294 hoc
1317 5238 1442 5294 otio.
1473 5237 1603 5305 Qua:
1631 5240 1792 5297 leetio
1896 5230 2073 5305 601-b-

230 5304 468 5392 Gpldasto
488 5307 661 5392 magis
683 5306 879 5392 placet.
901 5304 1010 5362 Nec
1035 5322 1167 5365 sane
1187 5309 1382 5368 desunt
1406 5304 1650 5380 exempla
1674 5326 1794 5381 qum

233 5378 326 5430 alio
349 5391 445 5446 pm
472 5378 571 5431 alii
589 5373 902 5446 perhibent.

293 5446 350 5502 ν.
376 5445 498 5503 106.
528 5442 737 5509 Censes.
767 5446 924 5503 Gold.
949 5465 1149 5505 causes.

292 5515 349 5571 ν.
381 5514 496 5572 109.
524 5514 628 5579 Qui
653 5515 804 5585 Prud.
836 5514 993 5579 Hunc
1012 5535 1225 5579 versum
1244 5520 1472 5580 relatum
1501 5517 1673 5579 babes
1699 5538 1792 5578 su-

234 5598 316 5653 pra
341 5595 477 5643 vers.
508 5585 580 5644 25

294 5655 351 5731 Σ.
379 5656 504 5731 μβ,
532 5655 1097 5731 Cathegita._Doctrix.
1129 5662 1401 5731 magistra.

294 5722 352 5796 γ,
374 5727 492 5784 ιιι.
521 5722 794 5784 Caudinis.
828 5729 979 5788 Itane
1000 5733 1095 5790 tibi
1118 5722 1322 5790 nullum
1341 5735 1626 5792 discrimen
1652 5736 1789 5796 inter

237 5795 432 5854 condere
453 5807 508 5854 et
537 5799 791 5856 condire?
818 5797 989 5859 Com.

1974 5301 2036 5356 V.
2065 5297 2188 5353 154.
2225 5295 2494 5352 Permitte.
2519 5295 2648 5366 Leg.
2672 5298 2949 5353 committe.

1970 5370 2034 5424 γ.
2069 5369 2193 5425 157.
2231 5367 2485 5424 Dimittis.
2522 5368 2648 5436 Leg.
2682 5366 2948 5423 dimittito.

1971 5441 2036 5512 γ.
2065 5439 2185 5512 158.
2223 5437 2423 5512 Fidelis
2452 5439 2669 5493 amicus.
2701 5438 3136 5512 LegitCanisins,
3168 5438 3261 5508 ﬁd.
3281 5439 3484 5512 ubique.

1895 5509 2003 5567 Sed
2028 5510 2157 5565 nihil
2181 5509 2497 5582 mutandum
2522 5517 2707 5582 censet
2728 5506 3052 5582 Goldastus;
3066 5506 3266 5582 dictum
3295 5506 3489 5582 nempe

1896 5582 2014 5641 κατ’
2040 5581 2374 5652 iuvanda,
2406 5593 2474 5634 eo
2500 5580 2663 5634 modo
2685 5588 2848 5648 atque
2870 5579 2997 5635 illud
3027 5576 3301 5635 Juvenalis
3325 5597 3339 5634 :

2017 5697 2204 5750 Crescit
2224 5707 2358 5746 amor
2383 5672 2566 5743 nummi
2590 5699 2822 5755 quantum
2845 5693 2945 5755 ipsa
2971 5690 3180 5751 pecunia
3200 5692 3396 5740 crescit.

1973 5802 2037 5859 γ.
2066 5801 2182 5864 171.
2213 5799 2348 5875 (Col.
2375 5797 2511 5871 seq.)
2533 5795 2598 5854 1η
2623 5813 2729 5873 ore,
2756 5795 2907 5868 Legit
2926 5808 3065 5848 more
3091 5791 3359 5850 Canisius.
3382 5791 3486 5848 Sed
