3856 6218
176 340 268 394 293

300 457 560 528 Dactylos
595 460 721 515 istic

297 549 532 619 Incipiat
564 567 691 622 pes.

295 641 425 696 lude
472 645 739 712 sequenti

298 735 462 790 Parte
497 737 787 792 trochxeus

167 826 260 883 l35
298 825 599 883 Proximus
634 832 712 884 illi

299 919 420 973 Rite
451 918 699 974 locetur.

290 1009 454 1077 Saepe
486 1009 716 1066 duabus

294 1098 572 1154 Claudcre
606 1100 785 1168 longis

298 1186 505 1242 Ultima
534 1205 737 1243 Versus

169 1286 184 1333 t
206 1283 257 1332 iit
297 1278 423 1334 iure
467 1280 686 1335 licebit.

297 1370 375 1424 Tu
406 1371 608 1435 modo,
642 1372 810 1424 frater

299 1460 454 1514 Alme
489 1461 684 1514 Fedoli
701 1503 717 1525 ,

294 1543 534 1605 Nectare
567 1552 727 1606 nobis

294 1640 521 1694 Dulcior
562 1642 710 1695 omni
732 1682 750 1705 ,

165 1733 255 1785 HF;
295 1732 607 1786 Floridiora

1661 360 1663 362 ·
1692 347 1995 415 cuitth

1888 349 1995 415 lNA
3367 354 3474 406 29L

1890 460 2128 516 ltiOIlaec
2158 462 2250 516 tibi
2277 463 2530 516 dictatam
2561 465 2762 519 morbis
2788 481 3089 536 oppressus
3129 471 3364 538 acerbis,

2002 552 2240 620 Corpore
2267 567 2402 620 quos
2434 550 2600 620 fragili
2633 559 2823 623 pat70r,
2871 558 3116 627 tristique
3146 571 3364 616 senecta

2003 642 2137 698 Nam
2161 643 2286 698 dum
2319 645 2576 714 pitecipiti
2610 646 2856 701 labuntur
2883 657 3124 719 tempora
3158 668 3318 707 cursu
3344 696 3359 718 ,

2005 734 2154 789 Nunc
2181 735 2249 789 ad
2274 736 2605 806 Olympiadis
2635 744 2715 790 ter
2739 753 2900 793 senos
2929 741 3175 796 venimus
3198 758 3394 797 antios.

2000 826 2187 880 Omnia
2221 835 2569 896 prJPtereunt,
2604 828 2734 894 fugit
2763 829 3113 898 irreparahile
3139 841 3373 900 tempus.

1885 918 1984 973 165
2004 918 2146 984 Vive,
2179 919 2296 974 vale
2324 919 2497 985 hctus,
2527 920 2801 988 tristisque
2829 931 3101 976 memento
3128 935 3382 978 sencctx.

1158 459 1598 528 Doctiloquorum

1163 551 1410 605 Carmina
1440 552 1686 620 linquens

1168 640 1376 694 Frivola
1406 648 1588 694 nostra

1159 728 1382 800 Suscipe
1427 731 1597 785 lactus.

1017 818 1116 872 130
1154 819 1244 872 Sic
1271 818 1366 871 tibi
1394 818 1641 872 Christus

1160 908 1371 960 Arbiter
1398 907 1566 974 orbis,

1157 996 1552 1066 Omnipotentis

1159 1088 1324 1142 Unica
1351 1091 1551 1158 proles,
2645 1069 2753 1139 IV

1161 1181 1343 1234 Dulcia
1373 1181 1495 1234 vita:
2427 1215 2490 1268 ιη
2535 1214 2674 1269 “UL

2427 1215 2490 1268 ΙΝ
2535 1213 2899 1269 llULlERES.

1019 1275 1117 1328 155
1157 1276 1360 1329 Gaudia
1394 1276 1580 1329 reddat
1612 1294 1624 1327 :

1157 1365 1254 1431 Qui
1285 1367 1402 1419 sine
1445 1365 1548 1418 ﬁne
1993 1355 2175 1406 Omnis
2201 1361 2380 1405 mente
2414 1351 2531 1419 pius
2563 1349 2729 1416 lngiat
2763 1350 2988 1402 mortale
3021 1348 3319 1410 venenum,

2064 1444 2214 1508 Quod
2249 1443 2487 1496 mulieris
2518 1443 2681 1496 habet
2721 1443 2894 1510 lingua
2936 1442 3166 1509 superba
3203 1441 3363 1492 male.

1988 1536 2252 1590 Collatum
2285 1536 2406 1588 vita:
2437 1535 2701 1588 destruxit
2732 1533 2925 1586 femina
2975 1533 3186 1584 culmen
3215 1549 3228 1584 :

2064 1627 2282 1681 Femina
2313 1625 2407 1679 sed
2446 1625 2568 1678 vitae
2596 1621 2788 1692 gaudia
2821 1621 2979 1689 longa
3007 1621 3174 1675 dedit.

1154 1459 1378 1511 Nomine
1408 1457 1581 1511 Patris

1151 1547 1352 1601 Cuncta
1383 1549 1690 1616 gubernans

1151 1637 1359 1707 Regnat
1386 1639 1437 1691 in
1467 1653 1662 1690 aevum.

222 1823 282 1878 γ.
321 1822 442 1878 165.
478 1823 584 1878 Ter
610 1840 788 1877 senos.
829 1828 976 1877 A'ter
1007 1839 1132 1885 ημ..
1161 1829 1238 1876 ter
1268 1837 1428 1875 sena.

223 2319 242 2367 Ι
348 2320 580 2376 Mundus
610 2324 718 2375 iste
750 2323 967 2385 transit,
1001 2330 1054 2375 ct

285 2409 544 2476 Quotidie
571 2412 865 2475 decrescit,

290 2499 458 2553 Nemo
487 2500 678 2554 vivens
705 2501 947 2554 manebit.
965 2542 981 2565 ,

287 2586 477 2641 Nullus
509 2588 664 2642 vivus
692 2592 982 2652 remansit,

220 2677 251 2730 5
345 2678 544 2732 Totum
577 2679 872 2733 humanum
901 2695 1069 2749 genus

283 2766 416 2821 Ortu
449 2769 640 2822 unitur
669 2770 822 2837 pari,

285 2856 348 2910 Et
379 2857 447 2912 de
477 2858 645 2913 simili
670 2860 780 2910 vita

286 2941 418 2996 Fine
443 2941 594 2996 cadit
615 2943 832 3009 :eqnali.

355 3031 738 3086 Deferentibus
779 3032 940 3085 vitam

195 3119 251 3171 l0
294 3119 435 3176 Mors
464 3121 675 3174 incerta
699 3122 919 3189 surripit
944 3139 956 3173 :

284 3206 482 3263 Omnes
513 3210 802 3278 superbos,
833 3226 1016 3281 vagos,

283 3297 481 3353 Mmror
517 3301 711 3354 mortis
738 3301 980 3370 corripit.

348 3388 504 3455 Quod
536 3407 638 3461 pro
666 3390 882 3448 Christo
912 3396 1088 3463 largiri

287 3474 483 3532 Nolunt
513 3494 707 3534 omnes
732 3483 879 3534 avari
912 3545 916 3548 _

193 3566 252 3618 l5
309 3566 623 3637 lmportune
647 3571 925 3635 amittunt;

288 3655 412 3711 Post
439 3673 501 3713 se
528 3657 792 3728 colligunt
818 3660 909 3712 ali.

355 3746 589 3802 Parvum
619 3748 717 3817 ipsi
746 3749 992 3804 viventes

289 3832 396 3887 Deo
423 3834 557 3888 dare
589 3835 675 3888 vix
701 3835 898 3888 audent
928 3851 944 3888 :

288 3921 437 3976 Morti
461 3933 656 3978 cuncta
680 3925 1017 3994 relinquunt:

197 4007 256 4063 Ὦ
299 4012 433 4066 Nihil
469 4014 536 4067 de
569 4015 696 4083 ipsis
726 4015 951 4068 habent.

354 4102 610 4167 Quotidie
641 4103 909 4157 decrescit

291 4189 403 4242 Vita
431 4206 695 4260 pnesens,
725 4206 880 4259 quam
909 4197 1125 4256 amant;

292 4277 603 4334 lndeliciens
635 4279 873 4333 manebit

292 4367 396 4423 Sibi
431 4385 616 4440 perna,
647 4385 807 4439 quam
839 4379 1060 4440 parant,

203 4453 261 4505 25
346 4457 629 4513 Lubricum
659 4459 802 4528 quod
833 4459 1030 4513 labitur

293 4545 564 4602 Conantes
589 4547 872 4618 colligere,

298 4635 355 4690 Et
377 4637 500 4701 hoc,
531 4636 674 4705 quod
698 4653 757 4692 se
786 4638 1020 4700 seducit.
1070 4694 1074 4696 .

297 4726 465 4781 Minus
495 4726 688 4779 timent
713 4726 957 4781 credere.

362 4815 676 4869 Dilexerunt
707 4814 960 4868 tenebras

209 4902 266 4956 50
308 4904 493 4965 Tetras
522 4905 689 4972 magis
716 4916 880 4971 quam
910 4903 1082 4959 lucem
1113 4923 1125 4956 :

300 4994 493 5050 Imitari
531 4999 887 5048 contemnunt

298 5085 426 5143 Vita:
456 5085 740 5143 Dominum
771 5085 977 5139 ducem.

368 5175 526 5231 Velut
550 5177 603 5231 in
629 5172 877 5239 somniis,
898 5183 1144 5242 regnent,

305 5259 412 5317 Una
439 5265 574 5320 hora
596 5265 877 5330 lmtantur;

211 5347 268 5403 35
309 5350 411 5407 Sed
433 5362 634 5411 :eterna
664 5364 933 5413 tormenta

247 5463 296 5518 ν.
311 5462 360 5536 9.
407 5464 513 5536 Pro
537 5466 911 5536 difﬂantibus.

301 5534 383 5619 ξ
414 5534 801 5619 gemmam
836 5536 1197 5619 inopportune.

301 5605 383 5677 Π.
411 5606 575 5677 [om
597 5620 803 5677 ρσηιιιιο

297 5675 384 5731 π.
417 5674 577 5733 Forte
599 5674 802 5731 item.

299 5743 383 5801 ΞΒ.
414 5744 575 5802 Forte
599 5754 856 5800 conantiu-

302 5813 385 5871 '55.
415 5814 557 5887 Lege
583 5823 821 5885 regnant.

1835 1987 1859 2022 ν

1835 1988 1859 2022 ν

1051 2101 1138 2156 DE
1181 2097 1531 2156 VANITATE
1572 2095 1656 2149 ET
1700 1988 1974 2147 MIS‘HUA
2017 2085 2197 2142 νΙΤᾸΞ
2237 2082 2596 2140 MORTAIJS.

1412 2188 1660 2250 (Biblioth.
1686 2186 1818 2234 tuo.
1855 2183 2008 2244 Lugd.
2034 2189 2069 2230 ι.
2095 2178 2179 2228 xu
2206 2178 2225 2240 )

2556 2301 2702 2355 Unde
2734 2303 2929 2358 multos
2959 2305 3275 2374 plerumque

2548 2393 2706 2447 Vides
2733 2393 2880 2448 Latos
2902 2396 3096 2449 ridere.

2616 2481 2747 2534 Nam
2779 2498 3130 2552 quoscunque
3165 2485 3362 2539 videris

2547 2569 2740 2624 Ridere
2771 2571 3025 2639 inaniter,

2439 2656 2504 2709 ’15
2548 2658 2694 2712 Scito
2726 2659 2778 2712 in
2810 2660 3129 2724 novissimis.

2541 2749 2697 2814 Quod
2725 2746 2925 2802 ﬂebunt
2951 2755 3224 2806 amariter.

2609 2836 2893 2906 Conspice,
2926 2839 3264 2905 charissima,

2537 2923 2626 2979 Sic
2657 2940 2775 2979 esse
2807 2927 3101 2990 libidinem.

2541 3016 2607 3068 Ut
2644 3019 2886 3070 morbum
2915 3018 3247 3076 mortiferum

2431 3102 2500 3156 80
2546 3104 2644 3170 Qui
2673 3107 2835 3160 vincit
2877 3107 3210 3166 dulcedinem

2609 3195 2725 3250 Noli
2760 3214 2960 3266 pronus
2989 3217 3213 3269 pergere

2537 3283 2638 3338 Per
2668 3286 2780 3340 vias
2809 3290 3115 3343 mortalium
3152 3310 3163 3343 ε

2537 3372 2705 3438 Quam
2733 3378 2914 3432 multis
2943 3382 3184 3434 evenisse

2536 3465 2811 3533 Conspicis
2841 3467 3212 3536 naufragium?

2614 3553 2782 3625 Perge
2809 3556 2946 3610 inter
2977 3559 3194 3629 laqueos

2531 3641 2664 3697 Cum
2695 3649 2968 3714 suspensis
2991 3650 3213 3716 pedibus

2539 3733 2639 3790 Per
2666 3751 2801 3802 quos
2831 3749 3018 3806 captos
3049 3749 3274 3794 czeleros

2535 3822 2782 3878 lncautos
2812 3829 3192 3895 comperimus.

2611 3913 2686 3967 De
2718 3916 2942 3971 terrenis
2971 3918 3120 3972 eleva

2429 4002 2497 4055 90
2537 4001 2637 4057 Tui
2664 4005 2843 4060 cordis
2872 4006 3078 4072 oculos;

2535 4093 2666 4146 Ama
2690 4096 3084 4152 amantissimos

2533 4183 2858 4251 Angelorum
2887 4190 3137 4257 populos.

2603 4274 2766 4330 Beata
2797 4277 2994 4332 familia

2535 4364 2666 4430 Qua:
2694 4366 2745 4420 in
2776 4367 2900 4422 altis
2927 4368 3152 4436 habitat,

2422 4451 2491 4506 95
2534 4451 2632 4507 Ubi
2664 4468 2826 4509 senex
2861 4471 2968 4510 non
2999 4469 3200 4524 gemat,

2525 4543 2709 4612 Neque
2737 4545 2914 4601 infans
2944 4548 3158 4614 vigilat;

1424 2319 1614 2372 Adhuc
1643 2319 1743 2370 illis
1772 2328 2044 2384 paramur.

1489 2408 1628 2472 (Σπιθρί
1658 2420 1995 2475 nequaquam
2021 2400 2206 2454 vident

1421 2497 1558 2562 Quid
1588 2504 1711 2565 post
1737 2494 1940 2547 obitum
1969 2496 2136 2543 restat

1425 2587 1800 2641 Peccatoribus
1831 2583 2030 2651 impiis,

1319 2680 1387 2732 41)
1426 2678 1580 2744 Quod
1613 2676 1861 2744 impietas
1891 2679 2133 2740 pratstat.

1498 2768 1750 2836 Cogitare
1779 2764 2032 2819 convenit

1421 2857 1497 2912 Te
1527 2859 1638 2912 huic
1667 2866 1877 2915 cuncta.
1909 2853 2110 2916 amice,

1416 2951 1566 3005 Absit
1593 2949 1684 3003 tibi
1717 2962 1903 3002 amare

1414 3041 1580 3108 llnjus
1609 3039 1888 3094 formulam
1919 3038 2059 3088 vitm.

1304 3126 1375 3180 ιδ
1473 3126 1655 3179 Omnis
1676 3140 1800 3177 caro
1827 3134 1877 3173 ut
1902 3123 2073 3190 fenum

1413 3209 1686 3278 Flagrans,
1723 3208 1849 3262 licet
1878 3206 1994 3260 flori
2017 3207 2085 3266 ta,

1412 3298 1608 3368 Sicque
1629 3296 1654 3334 ¹ι
1687 3298 1830 3365 quasi
1855 3296 1952 3364 ﬂos
1981 3295 2106 3366 feni,

1414 3390 1597 3444 Omnia
1626 3392 1738 3460 ejus
1767 3389 1954 3458 gloria.

1490 3479 1624 3534 Orto
1653 3487 1767 3534 sole
1797 3479 1990 3532 arescit

1305 3567 1374 3624 50
1417 3571 1638 3634 Fenum,
1672 3577 1727 3625 et
1755 3567 1851 3623 llos
1878 3568 2116 3638 deperit;
2427 3550 2497 3604 85

1410 3661 1499 3715 Sir
1530 3670 1613 3717 est
1641 3661 1814 3714 omnis
1836 3660 2086 3727 juventus
2102 3700 2116 3723 ,

1411 3747 1591 3802 Virtus
1615 3764 1736 3802 cum
1765 3746 2043 3802 defecerit.

1480 3838 1827 3893 Pulchritudo
1858 3838 2136 3892 hominum

1410 3929 1709 3984 Senescens
1738 3928 2024 3984 delabitur.

1486 4192 1675 4248 Vultus
1699 4193 1894 4248 Christi
1924 4194 2102 4249 radius
2123 4237 2138 4260 ,

1413 4280 1528 4337 Praa
1552 4283 1761 4337 cunctis
1790 4281 2037 4335 amabilis
2055 4321 2072 4346 ,

1412 4371 1578 4441 Magis
1604 4381 1684 4426 est
1705 4373 2026 4440 diligendus,

1305 4436 1374 4514 ὦ
1421 4436 1590 4527 Quem
1623 4460 1720 4516 flos
1743 4436 1920 4514 carnis
1950 4457 2168 4524 fragilis.

1476 4552 1699 4618 Caveto,
1727 4552 1910 4616 ﬁliole,

1409 4641 1687 4697 Seminare
1714 4642 1921 4712 species
1938 4680 1955 4705 ,

1412 4728 1556 4797 Quas
1583 4746 1729 4787 mors
1758 4730 2086 4798 ingredietur

1411 4816 1526 4872 Non
1556 4833 1719 4889 parva
1746 4817 2028 4888 pernicies.

1303 4905 1374 4960 65
1473 4906 1721 4976 Plerique
1743 4907 1979 4978 perpessi
2010 4913 2136 4962 sunt

1410 4995 1695 5055 Poenarum
1725 4999 1992 5064 incendia,

1407 5083 1708 5140 Voluntatis
1738 5085 1956 5140 lubrica:

1409 5172 1663 5228 Nolentes
1691 5171 1990 5242 dispendia.

1481 5260 1733 5316 Poculnm
1757 5260 2064 5330 imptssimze

1309 5355 1375 5408 70
1419 5353 1540 5410 Noli
1568 5368 1802 5425 unquam
1831 5353 2018 5409 bibere
2036 5393 2054 5418 ,

1306 5465 1370 5522 Υ.
1413 5465 1499 5523 45.
1529 5466 1631 5522 Job
1656 5481 1769 5522 aut.

1405 5533 1471 5589 47
1484 5575 1499 5590 .
1533 5535 1673 5591 Psal.
1705 5550 1816 5592 cm.

1402 5606 1491 5660 ιε.
1521 5604 1620 5662 Ms.
1651 5615 1746 5661 eu.

1402 5673 1488 5730 49.
1521 5673 1623 5731 lsa.
1656 5691 1752 5738 an;
1789 5672 1904 5729 Jac.
1934 5688 2026 5729 vn.

1403 5742 1492 5814 βξ.
1524 5742 1625 5814 (lic
1651 5747 1886 5799 videntur
1912 5746 2087 5814 aliqua
2118 5745 2311 5800 dum.

1406 5810 1492 5868 03.
1525 5812 1684 5869 Forte
1713 5829 1853 5870 mox.

2609 4632 2705 4688 Ubi
2735 4634 2920 4691 laudes
2951 4636 3160 4693 Domini

2528 4721 2680 4777 Nulla
2710 4740 2811 4779 vox
2843 4726 3040 4781 retinet
3062 4745 3075 4781 :

2531 4811 2630 4868 Ubi
2663 4831 2932 4884 nunquam
2960 4819 3217 4883 οδω-ηυγ,

2390 4902 2491 4956 100
2532 4903 2632 4960 Ubi
2664 4921 2936 4974 nunquam
2966 4909 3172 4972 sititur;

2601 4997 2701 5051 Ubi
2731 5000 2853 5053 cibo
2879 5013 3113 5067 superno

2527 5084 2685 5140 Plebs
2707 5088 2940 5142 caelestis
2970 5089 3233 5157 pascitur;

2529 5173 2628 5230 Ubi
2653 5192 2812 5231 nemo
2837 5177 3087 5244 moritur,

2528 5264 2663 5332 Quia
2689 5280 2850 5321 nemo
2878 5269 3147 5336 nascitur;

2387 5355 2492 5410 £03
2587 5356 2689 5413 Ubi
2710 5360 2831 5414 aula
2860 5362 3007 5431 regia

2428 5470 2488 5524 γ.
2647 5470 2811 5542 [στω
2837 5475 3082 5542 piissime.

2531 5538 2622 5596 79.
2653 5540 2815 5600 Forte
2837 5538 3086 5606 morsum.

2528 5607 2618 5665 80.
2652 5609 2756 5668 Pro
2786 5612 3072 5668 dulcedine.

2531 5680 2622 5738 85.
2661 5682 2828 5738 Aliter
2853 5698 2962 5752 quo
2979 5683 3104 5742 Vell
