3856 6218
133 426 225 483 325
634 421 701 477 S.
737 418 1032 477 ALPHANI
1072 415 1560 474 BENEVENTANI
1601 414 1902 473 EPISCOPI
1943 414 2226 470 CIIAR'I‘A
2269 414 2872 473 RENUNTIATIONIS.

3287 417 3394 474 326

134 542 246 598 the:
265 533 603 592 decernimus
632 534 781 588 sicut
805 549 834 588 a
870 533 1114 594 Domino.
1139 541 1195 587 et
1221 533 1464 599 genitore
1493 538 1698 592 nostro,
1729 537 1779 594 Α
1809 543 1976 596 usque
2023 527 2076 582 in
2104 537 2258 598 petra
2289 527 2358 582 de
2384 527 2602 596 Gragio,
2633 537 2688 582 et
2716 528 2911 583 exinde
2937 525 3126 582 subtus
3151 538 3301 598 petra
3330 534 3399 585 de

132 636 302 684 sancta
320 623 594 678 memoria:
624 622 853 678 domino
878 621 1226 683 Columbano,
1245 619 1326 674 vel
1349 618 1542 672 Attalze
1569 633 1704 671 cono

133 730 333 778 mutu,
347 713 428 767 vel
451 711 720 765 traditum
751 711 853 764 fuit
870 712 938 764 ab
960 709 1106 764 omni
1135 717 1293 778 parte
1308 723 1404 777 per
1422 707 1704 764 circuitum

136 809 328 862 miihara
348 813 610 873 quatuor,
631 819 733 858 seu
755 803 921 867 culto,
937 801 1020 854 vel
1048 800 1270 863 inculto,
1293 804 1485 868 praeter
1500 805 1703 850 tantum

135 897 443 954 medietatem
475 894 656 962 putei,
692 893 943 962 quodque
972 890 1206 945 suaserit
1251 890 1502 944 decessor
1528 897 1582 941 et
1611 900 1706 955 ge-

136 990 253 1042 nitor
271 995 446 1039 noster
476 982 753 1052 Agllull’us
775 997 874 1036 rex
903 983 1192 1044 concessit,
1219 979 1306 1034 vel
1335 978 1476 1046 ligna
1530 976 1596 1030 ad
1624 977 1706 1030 in-

135 1075 433 1131 cendendum
465 1073 601 1126 inibi
631 1073 700 1125 ad
730 1073 872 1126 sales
921 1070 1253 1140 coquendas.
1309 1068 1416 1123 Sed
1465 1077 1519 1122 et
1560 1068 1704 1136 quod

137 1168 261 1221 vobis
286 1182 313 1218 a
338 1165 586 1218 Bussone
614 1179 720 1234 pro
755 1164 1068 1226 donatione,
1121 1170 1286 1231 atque
1333 1175 1455 1215 cum
1504 1159 1707 1213 ditione

134 1258 284 1312 evenit
301 1262 358 1309 ea
382 1257 525 1309 dono
551 1264 746 1308 nostro
766 1254 819 1307 in
850 1261 1035 1307 vestro
1062 1250 1395 1305 monasterio
1417 1248 1709 1304 conllrma-

137 1362 264 1410 mus;
293 1346 380 1401 sed
406 1346 572 1400 etiam
606 1346 745 1400 lines
775 1345 915 1407 illos,
944 1357 1082 1412 quos
1111 1340 1358 1410 superius
1403 1339 1707 1394 nominavi-

1810 616 2020 672 Pedena
2052 619 2104 672 in
2153 627 2301 672 costa
2331 627 2618 687 antequam
2653 620 2997 688 perveniatur
3037 619 3103 673 ad
3133 619 3312 689 digna,
3342 629 3402 675 et

1811 725 1905 779 per
1923 710 2088 779 ipsam
2115 718 2322 764 costam
2347 725 2512 780 usque
2545 711 2597 763 in
2625 709 2786 764 ﬂuvio
2812 709 3035 765 Trevize.
3063 710 3403 781 Quapropter

1808 803 1997 856 dantes
2027 802 2080 854 in
2110 801 2374 855 mandatis
2402 801 2650 856 omnibus
2692 801 2936 864 ducibus,
2986 802 3271 872 gastaldis,
3302 818 3398 857 seu

1807 890 2118 944 actionariis
2159 889 2374 953 nostris,
2427 900 2483 943 ut
2532 890 2711 945 nullus
2760 906 2950 946 eorum
3005 900 3196 946 contra
3255 892 3398 946 hanc

1807 979 2059 1049 praecepti
2103 978 2274 1034 nostri
2315 980 2561 1048 paginam
2605 979 2682 1034 ire
2720 980 3041 1048 quandoque
3088 992 3400 1050 przesumat.

1806 1069 2082 1135 Quatenus
2107 1085 2206 1138 pro
2233 1071 2428 1133 salute,
2456 1078 2510 1123 et
2537 1069 2828 1124 stabilitate
2851 1072 2997 1138 regni
3031 1072 3200 1125 nostri
3221 1073 3399 1126 domi-

1810 1178 1934 1244 nun,
1969 1161 2194 1214 Valentis
2219 1160 2306 1214 die
2333 1175 2396 1214 ac
2423 1169 2586 1215 nocte
2609 1160 2921 1229 deprecare.
2949 1161 3146 1229 Scripsi
3169 1177 3267 1232 ego
3298 1161 3402 1214 Bo-

1811 1269 1911 1308 nus
1940 1252 2203 1306 notarius.

1885 1342 2078 1396 Datum
2100 1338 2278 1410 Papia:
2303 1343 2354 1396 in
2377 1341 2577 1412 palatio
2601 1343 2703 1397 sub
2729 1341 2815 1396 die
2845 1341 2912 1395 l6
2936 1343 3132 1398 mensis
3159 1342 3400 1412 Augusti,

137 1451 254 1501 inus,
283 1437 514 1492 basilica:
544 1437 700 1492 beati
729 1435 874 1495 Petri
896 1433 980 1489 vel
1003 1433 1165 1488 vobis
1181 1433 1461 1488 tribuimus
1483 1430 1713 1484 habendi
1745 1426 1790 1484 B
1821 1446 1964 1485 anno
1987 1432 2135 1498 regni
2168 1433 2334 1484 nostri
2363 1433 2588 1486 feliciter
2616 1433 2668 1496 7,
2705 1431 2996 1486 indictione
3026 1432 3111 1484 10.

501 1603 1247 1655 Ξ--
2615 1605 2625 1607 -
2641 1604 3261 1652 Μῂε..
3283 1605 3397 1657 Ξ.

1424 1749 1595 1793 ANNO
1641 1748 1869 1790 DOIINI
1919 1748 2113 1792 DCXV.

466 2051 924 2213 SAN
938 2051 1261 2212 CT
1289 2050 1574 2211 US
1710 2049 3045 2229 ALPHANUS.

1232 2319 1868 2383 BENEVENTANUS
1913 2318 2356 2382 EPISCOPUS.

677 2625 1179 2712 NOTITIA
1253 2622 1904 2710 HISTORICA
1957 2623 2081 2706 IN
2138 2617 2842 2709 ALPHANUM.

1244 2878 1483 2942 (Ughelll,
1512 2878 1644 2928 tum
1668 2878 1844 2934 Sacra,
1873 2889 1907 2927 l.
1938 2878 2069 2940 vm,
2100 2895 2148 2941 ν.
2179 2879 2276 2942 l8.)

211 3053 477 3124 Alphanus,
509 3054 908 3109 Beneventanze
958 3051 1200 3106 ecclesia:
1241 3051 1544 3120 episcopus,
1578 3050 1712 3102 vixit

154 3159 267 3198 anno
278 3145 460 3199 Christi
484 3145 612 3204 615,
640 3145 796 3199 ducis
813 3144 1019 3198 Arichis
1037 3145 1192 3212 primi
1210 3143 1708 3197 Beneventanorum

155 3250 269 3289 anno
295 3235 385 3300 it;
416 3237 564 3307 quod
611 3236 840 3302 intelligi
887 3243 1068 3302 potest
1097 3248 1165 3288 ex
1213 3234 1537 3288 documento
1566 3232 1711 3299 ejus-

155 3325 252 3375 dem
288 3324 503 3393 Alphani
553 3324 974 3378 renuntiationis
1018 3323 1216 3391 jurium
1259 3323 1506 3376 ecclesia:
1535 3323 1710 3376 sancti

155 3411 362 3474 Martini,
411 3415 565 3482 cujus
614 3415 780 3467 verba
831 3413 966 3468 infra
1021 3414 1267 3483 exposita
1319 3422 1530 3468 exstant
1570 3413 1713 3483 apud

157 3503 326 3556 Chron.
343 3504 549 3560 Sancta:
579 3505 822 3573 Sophim.

211 3592 410 3648 lndictio
451 3607 506 3650 et
550 3599 769 3665 epocha
813 3611 1073 3649 annorum
1105 3596 1332 3648 ducatus
1377 3593 1586 3646 Arichis
1617 3609 1716 3660 op-

158 3691 354 3748 portune
379 3685 433 3739 in
462 3685 562 3740 hoc
603 3688 944 3740 documento
975 3684 1117 3738 cadit
1165 3685 1218 3738 in
1258 3698 1401 3738 anno
1431 3683 1554 3736 6l5.
1607 3683 1716 3738 lle-

1820 3062 1986 3115 gnaro
2015 3052 2179 3118 coepit
2230 3051 2434 3106 Arichis
2475 3053 2678 3121 primus
2725 3063 2844 3124 post
2889 3053 3174 3121 Zotonem,
3221 3055 3410 3110 salutis

1821 3157 1963 3196 anno
2002 3142 2124 3195 591.
2161 3141 2329 3197 Porro
2358 3144 2583 3200 ecclesia
2633 3145 2718 3198 illa
2751 3145 2918 3200 sancti
2970 3146 3179 3199 Martini
3223 3147 3290 3199 ab
3316 3149 3404 3200 Al-

1819 3235 2000 3301 phano
2043 3234 2290 3287 immunis
2321 3233 2456 3287 facta
2490 3235 2648 3290 cessit
2697 3244 2817 3303 post
2862 3249 3032 3288 annos
3062 3235 3319 3303 plurimos
3353 3238 3404 3288 in

1822 3325 2201 3393 proprietatem
2249 3327 2458 3379 etciobi
2501 3335 2700 3380 sancta:
2747 3326 2992 3394 Sophia},
3046 3326 3183 3378 unde
3237 3325 3409 3388 ipsum

1822 3414 2050 3482 Alphani
2094 3416 2473 3470 documentum
2506 3417 2644 3470 inter
2693 3417 2794 3468 alia
2839 3416 3163 3483 exscriptum
3207 3415 3306 3466 fuit
3353 3415 3407 3467 in

1822 3505 2092 3574 Sophiana
2121 3507 2409 3573 Chronica,
2442 3524 2560 3577 qua:
2601 3509 2827 3580 Alphani
2856 3510 3167 3563 memoriam
3201 3509 3266 3560 ad
3296 3521 3403 3578 po-

1822 3605 1999 3652 steros
2024 3601 2359 3666 perennavit.

964 3938 1646 4051 SANCTI
1723 3942 2580 4054 ALPHANI

1395 4144 1839 4197 BENEVENTANI
1873 4148 2179 4212 EPISCOH,

283 4292 683 4424 CHARTA
719 4290 1598 4418 RENUNTIATNNIS
1651 4294 2035 4421 JUBl-UM
2091 4295 2565 4426 ECCLESUE
2623 4301 2706 4424 S.
2754 4299 3244 4428 MARTINI.

219 4618 268 4672 In
303 4619 512 4673 nomine
559 4612 779 4668 Domini
827 4612 995 4667 nostri
1042 4610 1169 4668 Jesu
1222 4611 1438 4674 Christi,
1496 4612 1720 4679 ejusque
1752 4593 1794 4653 (ἶ
1831 4610 1985 4676 siam,
2034 4621 2089 4666 ut
2117 4629 2223 4667 non
2256 4616 2559 4684 presbyter,
2606 4616 2882 4678 diaconus,
2929 4614 3010 4668 vel
3055 4615 3418 4674 subdiaconus

167 4707 478 4761 sanctissima:
507 4701 832 4757 Genitricis.

223 4795 560 4866 Temporibus
587 4792 793 4846 domini
823 4792 918 4845 viri
943 4791 1316 4860 gloriosissimi
1346 4791 1552 4844 Arichis
1581 4806 1726 4843 suin-

170 4892 226 4946 ini
271 4891 410 4945 ducis
473 4885 653 4955 gentis
705 4882 1211 4952 Langobardorum,
1271 4897 1412 4935 anno
1467 4882 1724 4948 vigesimo

171 4991 330 5048 quarto
363 4975 746 5048 gloriosissimi
774 4975 1016 5038 ducatus,
1049 4974 1140 5042 qui
1171 4987 1357 5027 mense
1398 4971 1610 5042 Martio,
1642 4973 1725 5026 in-

172 5071 368 5126 dictione
390 5076 590 5140 quarta
614 5066 876 5119 lirmatus.

227 5160 320 5216 Nos
350 5162 605 5218 dominus
653 5158 732 5211 vir
782 5158 1126 5214 beatissimus
1173 5158 1330 5227 hujus
1376 5156 1726 5212 sanctissime

173 5251 287 5306 tedis
324 5251 721 5309 Beneventum
770 5247 1051 5317 Alphanus
1094 5248 1567 5304 reverendissimm
1614 5249 1728 5318 epi-

175 5357 356 5413 scopas,
399 5344 482 5399 ob
523 5340 850 5396 solutionem
881 5339 1122 5394 ecclesiae
1149 5340 1320 5394 sancti
1348 5337 1579 5400 Martini,
1631 5339 1730 5392 tibi

177 5429 515 5489 Traaemnndo
551 5429 920 5492 Schuldacbis,
946 5430 1176 5499 qualiter
1202 5442 1260 5484 tu
1289 5429 1562 5486 nominate
1593 5430 1722 5482 Tra-

178 5523 384 5579 sitnunde
427 5523 601 5590 ipsam
629 5523 827 5592 smpius
851 5521 1050 5575 dictam
1075 5522 1356 5576 ecclesiam
1386 5537 1416 5574 a
1445 5537 1587 5576 novo
1613 5522 1731 5576 l'un-

179 5611 373 5679 daline,
425 5626 599 5683 usque
636 5612 703 5666 ad
733 5612 946 5667 culmen
977 5611 1400 5667 consecrationis
1438 5611 1733 5680 perducere

181 5703 296 5759 risu
321 5717 376 5758 es
420 5702 478 5757 in
507 5709 601 5758 tuo
628 5702 852 5772 proprio
885 5701 1177 5766 territorio,
1221 5702 1344 5758 loco
1387 5701 1479 5771 qui
1511 5713 1721 5755 vocatur

183 5789 572 5860 lembo-iouis,
618 5792 711 5862 qui
740 5807 863 5850 esse
894 5790 1104 5846 videtur
1135 5791 1189 5846 in
1232 5791 1440 5847 Buente
1462 5792 1608 5855 loco,
1639 5806 1733 5846 ca—

184 5883 338 5941 Ionica
394 5883 610 5940 ratione
659 5880 994 5940 absolvimus
1035 5896 1154 5938 eam
1202 5882 1513 5954 pradictam
1559 5882 1732 5938 eccle-

1833 4698 2027 4755 habeat
2079 4711 2399 4770 potestatem
2437 4720 2556 4758 eam
2603 4705 2832 4757 dandam
2868 4706 2918 4756 in
2963 4704 3212 4772 plebutea
3257 4718 3416 4776 parte

1830 4807 1952 4847 esse
1994 4793 2301 4859 voluerunt,
2356 4803 2450 4849 aut
2494 4793 2927 4857 subtrahendam,
2977 4809 3072 4863 per
3121 4797 3419 4864 quemlibet

1832 4883 2063 4942 titulum,
2123 4893 2350 4952 excepto
2394 4885 2739 4950 presbytero,
2792 4899 2952 4952 quem
3018 4895 3094 4951 tu,
3141 4888 3422 4942 nominate

1832 4970 2198 5033 Trasimunde,
2242 4969 2325 5021 vel
2354 4971 2428 5022 tui
2460 4971 2695 5024 heredes
2735 4986 2830 5040 per
2859 4982 3123 5042 tempora,
3163 4975 3420 5030 ordinare

1836 5060 2078 5123 solveris,
2119 5060 2232 5126 ipsa
2273 5060 2384 5127 jam
2411 5059 2552 5114 facta
2577 5062 2826 5126 ecclesia,
2882 5065 3054 5124 nobis,
3104 5063 3188 5117 vel
3217 5065 3422 5120 nostris

1835 5148 2233 5205 successoribus
2259 5149 2310 5202 in
2343 5155 2672 5204 nominatam
2702 5160 2940 5206 sanctam
2965 5149 3147 5205 sedero
3179 5161 3418 5206 nostram

1835 5237 2077 5309 pervenit
2117 5239 2536 5305 consecrandus,
2583 5239 2879 5295 secundum
2929 5240 3246 5296 canonicam
3291 5256 3418 5296 san-

1837 5329 2100 5383 ctionem;
2125 5343 2246 5381 nam
2264 5327 2427 5382 aliam
2451 5329 2650 5386 nullam
2672 5344 2848 5382 rerum
2872 5329 3067 5384 habeat
3095 5338 3418 5400 poteStatem

1837 5419 1998 5477 dandi
2028 5434 2113 5482 ea,
2163 5435 2336 5488 neque
2365 5437 2393 5474 a
2424 5434 2510 5475 me
2547 5420 2792 5489 Alphano
2841 5421 3049 5477 Dmnini
3090 5422 3262 5491 gratia
3299 5423 3418 5491 epi-

1834 5527 2021 5581 scopo,
2049 5526 2225 5580 neque
2260 5515 2314 5566 in
2342 5511 2572 5581 posteris
2600 5513 2736 5566 meis
2764 5528 3034 5582 nunquam
3085 5512 3290 5566 habeas
3318 5513 3419 5566 ali-

1835 5602 2049 5672 quando
2078 5602 2310 5671 aliquam
2350 5601 2775 5669 requisitionem,
2820 5610 2912 5655 aut
2937 5602 3421 5671 reprehensionem

1837 5693 1904 5748 de
1933 5694 2035 5748 hac
2064 5708 2182 5748 mea
2212 5692 2582 5757 absolutione;
2621 5693 2716 5746 sed
2747 5706 2811 5746 ex
2859 5705 3022 5756 nunc,
3058 5698 3114 5745 et
3143 5705 3316 5760 usque
3366 5691 3422 5746 in

1836 5785 2108 5856 perpetuis
2137 5783 2488 5854 temporibus,
2535 5783 2764 5851 qualiter
2808 5781 3055 5851 superius
3091 5779 3310 5851 legitur,
3363 5782 3420 5835 in

1838 5882 1950 5951 ipsa
1967 5880 2174 5938 ratione
2186 5891 2502 5950 permanere
2517 5877 2698 5934 valeat
2717 5877 2829 5948 ipsa
2859 5872 3138 5930 nominata
3165 5874 3420 5931 ecclesia.
