4118 6332
616 413 679 470 ιι
1788 403 2033 465 SANCTI
2071 398 2397 467 EUTROPH
2434 401 2723 461 ABBATIS
3826 408 3897 465 η

615 527 846 599 quadam
875 526 1015 582 inter
1058 540 1118 580 se
1168 522 1487 595 cognatione
1514 527 1593 588 et,
1622 526 1683 574 ut
1708 517 1955 581 dixerim,
2006 534 2204 575 conea-
2225 522 2277 583 Α
2303 518 2372 575 ne
2400 533 2431 574 ιι
2460 531 2627 587 regno
2654 515 2848 573 Christi
2879 515 3321 586 unumquodlibet
3350 516 3545 575 horum
3576 537 3676 579 nos
3717 521 3893 579 deter~

615 623 912 691 tenatione,
942 633 1185 675 connexa
1215 625 1359 672 sunt.
1388 613 1465 669 Ita
1514 621 1573 668 ut
1600 611 1798 683 prioris
1846 611 2201 665 exuberantia

613 714 957 785 sequentium“
974 710 1245 767 calcietur
1268 706 1574 763 exordium.

683 806 818 860 Nam
860 805 929 859 de
968 797 1298 858 abundantia
1337 793 1722 868 gastrimatgia
1762 790 2199 861 forniCationem,

612 897 681 953 de
726 894 1082 951 fornicatione
1128 889 1539 963 philargyriam,
1570 886 1640 941 de
1684 885 2011 956 philargyria
2040 886 2196 951 iram,

610 988 679 1044 de
694 988 773 1042 ira
795 986 1083 1048 tristitiam,
1107 983 1173 1037 de
1194 980 1407 1035 tristitia
1436 977 1697 1041 acediam,
1723 988 1945 1031 necesse
1964 982 2046 1030 est
2084 974 2202 1045 pui-

611 1078 803 1132 lulare.
832 1066 1067 1142 Ideoque
1091 1069 1252 1126 simili
1274 1075 1459 1123 contra
1487 1066 1603 1121 bcec
1627 1065 1792 1120 modo
1819 1073 1981 1134 atque
2004 1064 2198 1119 eadem

609 1167 821 1222 ratione
842 1159 1187 1233 pugnandum
1215 1165 1318 1220 est,
1345 1164 1400 1208 et
1421 1152 1836 1223 pratcedentium
1865 1167 2078 1221 semper
2102 1152 2198 1207 ad-

610 1271 798 1313 versus
820 1258 1107 1323 sequentes
1126 1252 1345 1318 Oportet
1372 1256 1471 1300 nos
1494 1244 1627 1297 inire
1651 1244 1948 1297 certamen.
1993 1240 2197 1308 Quam-

611 1348 819 1411 obrem,
852 1354 911 1397 ut
939 1340 1126 1397 aeedia
1175 1338 1441 1400 vincatur,
1472 1333 1775 1402 superanda
1823 1342 1907 1388 est
1945 1333 2192 1401 tristitia;

611 1447 669 1493 ut
700 1437 914 1492 tristitia
942 1431 1297 1505 propellatur,
1330 1428 1409 1482 ira
1452 1425 1844 1493 exstinguenda
1874 1432 1987 1493 est;
2017 1433 2076 1479 ut
2101 1441 2205 1495 ex-V

606 1532 910 1599 stinguatur
937 1528 1034 1586 ira,
1064 1522 1391 1595 pbilargyria
1418 1518 1815 1585 conculcanda;
1849 1526 1907 1573 ut
1933 1518 2195 1574 evallatur

606 1621 960 1696 philargyria,
992 1616 1277 1672 fornicatio
1306 1610 1699 1683 compescenda
1729 1620 1843 1677 est;
1877 1619 1935 1665 ut
1959 1611 2193 1667 fornica-

607 1714 686 1768 tio
714 1712 1023 1773 subruatur,
1059 1703 1440 1776 gastrimargia:
1468 1701 1657 1757 vitium
1687 1711 1771 1755 est
1800 1701 2189 1771 castigandum.

608 1804 859 1860 Residua:
883 1815 1010 1857 vero
1031 1799 1172 1865 dum,
1195 1797 1249 1851 id
1278 1805 1383 1863 est,
1410 1794 1710 1851 cenodoxia
1737 1802 1792 1849 et
1812 1795 2062 1865 superbia
2088 1795 2190 1850 sibi

2304 619 2421 666 rest
2445 617 2505 663 et
2530 608 2803 663 excludat.

2376 698 2718 770 Pliiiergyria':
2734 713 2933 768 genere
2954 708 3080 755 sunt
3102 700 3205 754 tria
3226 716 3243 754 ε
3269 703 3500 771 primum
3520 704 3667 774 quod
3697 721 3895 777 exspo-

2300 784 2420 848 liari
2450 804 2558 846 non
2606 790 2733 845 sinit
2762 790 3037 845 hominem
3084 791 3431 847 facultatibus
3470 793 3789 863 superfluis,
3838 797 3893 853 in

2300 884 2405 938 hoc
2426 890 2784 953 peccaverunt
2805 882 2941 954 (Act.
2964 885 3015 949 v)
3045 881 3279 936 Ananias
3301 891 3357 937 et
3378 872 3675 954 Sappltira;
3699 901 3894 942 secun-

2299 964 2424 1027 dum
2449 971 2598 1043 quod
2621 989 2682 1029 ea
2706 988 2823 1043 qum
2849 988 2879 1026 a
2907 972 3060 1026 nobis
3089 971 3329 1043 dispersa
3357 983 3485 1029 sunt
3508 976 3894 1048 indigentibus,

2296 1078 2421 1119 eum
2450 1063 2644 1132 maiori
2672 1062 2967 1131 cupiditate
2997 1062 3285 1130 persuadet
3313 1080 3588 1120 resumere
3621 1083 3636 1121 :
3670 1068 3725 1122 in
3755 1069 3895 1126 hanc

2298 1150 2513 1221 culpam
2536 1151 2722 1206 incidit
2741 1149 2927 1216 ludas,
2948 1150 3042 1219 qui
3061 1150 3349 1210 Dominum
3380 1153 3650 1222 vendidit;
3677 1158 3893 1215 tertium

2292 1244 2444 1311 quod
2506 1257 2570 1300 ca
2620 1254 2741 1312 qua:
2790 1251 2916 1298 ante
2956 1246 3064 1298 non
3110 1244 3448 1313 pbssedimus
3500 1248 3757 1307 infrttnite
3799 1251 3893 1307 de-

2295 1333 2524 1390 siderari
2574 1334 2661 1390 vel
2705 1334 2910 1406 acquiri
2957 1334 3349 1405 compellimur.
3393 1335 3453 1392 in
3506 1338 3609 1394 hac
3651 1343 3893 1412 peccavit

2297 1414 2468 1477 Giezi.

2365 1507 2463 1562 ira:
2508 1522 2707 1578 genera
2749 1517 2875 1565 sunt
2921 1511 3022 1575 tria
3057 1529 3070 1565 :
3100 1527 3268 1569 unum
3308 1513 3451 1582 quod
3480 1514 3782 1573 exardescit
3810 1517 3892 1575 in-

2294 1602 2560 1659 trinsecus
2582 1612 2635 1659 et
2659 1620 2766 1674 pne
2805 1604 3170 1675 indignatione
3203 1616 3308 1663 neu
3338 1610 3479 1664 valet
3509 1611 3653 1683 loqui
3674 1629 3689 1679 ;
3712 1613 3884 1685 aliud,

2293 1695 2439 1766 Quod
2465 1696 2516 1751 in
2540 1698 2761 1752 verbum
2784 1708 2836 1753 et
2868 1710 3002 1768 opus
3031 1696 3388 1771 eﬂcctanue
3417 1704 3751 1775 prorumpit;
3782 1714 3891 1763 ter-

2292 1787 2449 1851 tium,
2483 1790 2626 1858 quod
2656 1805 2754 1860 per
2782 1790 2895 1846 dies
2920 1799 2976 1846 et
3005 1798 3245 1862 tempora
3280 1802 3605 1854 reservatur.

608 1897 824 1970 quidem
875 1893 1123 1951 similiter
1163 1891 1255 1945 illa
1302 1904 1404 1958 qua
1436 1888 1505 1942 de
1549 1888 1914 1956 superioribus
1963 1888 2195 1944 diximus
2227 1867 2274 1927 Β
2372 1880 2624 1937 Tristitia:
2666 1894 2859 1950 genera
2903 1893 3027 1937 sunt
3072 1884 3394 1967 duo:unuin
3445 1889 3587 1958 quod
3622 1889 3698 1944 ira
3740 1891 3885 1949 desi-

605 1990 815 2045 ratioue
841 1987 1158 2057 junguntur,
1193 1984 1268 2037 ita
1301 1989 1361 2037 ut
1390 1982 1782 2036 incrementum
1816 1982 2009 2052 prioris
2043 1992 2197 2039 ortus

606 2080 873 2138 efficiatur
900 2079 1139 2135 alterius.
1170 2074 1499 2131 Cenodoxia:
1523 2076 1903 2144 exsuperantia
1932 2078 2197 2147 superbiae

604 2175 848 2231 fomitem
875 2172 1035 2244 parit.
1068 2169 1201 2225 Nam
1241 2169 1345 2223 illis
1371 2183 1467 2222 sex
1494 2168 1722 2235 evulsis,
1756 2168 1870 2223 haec
1896 2169 2005 2225 duo
2034 2172 2197 2228 velte-

606 2269 837 2322 mentius
881 2259 1222 2325 fructificant,
1276 2268 1329 2314 et
1369 2258 1473 2314 illis
1516 2258 1760 2325 mortuis,
1790 2258 2028 2315 vivacius
2077 2263 2198 2319 ista:

604 2357 892 2429 pullulant-
921 2362 975 2411 et
1018 2360 1383 2409 succrescunt.
1419 2348 1570 2406 Unde
1600 2359 1654 2407 et
1682 2351 1895 2407 diverso
1939 2352 2101 2408 modo
2127 2355 2195 2410 ab

606 2449 691 2506 his
722 2446 931 2503 duobus
960 2447 1357 2516 impugnamur.

674 2541 733 2597 In
764 2539 1180 2611 unumquodque
1208 2538 1423 2593 illorum
1469 2552 1566 2594 sex
1595 2538 1849 2594 vitiorum
1902 2548 2030 2596 tunc
2057 2540 2194 2599 inci-

604 2640 778 2697 dimus
799 2654 920 2694 cum
941 2654 972 2692 a
992 2636 1416 2709 praecedentibus
1438 2637 1654 2694 illorum
1683 2638 1943 2693 fuerimus
1964 2638 2103 2694 elisi.
2134 2637 2192 2692 In

600 2732 688 2789 his
727 2745 855 2786 vero
885 2730 1094 2785 duobus
1123 2728 1288 2785 etiam
1332 2729 1565 2787 victores
1601 2739 1725 2800 post
1755 2732 2057 2804 triumphos
2098 2746 2194 2803 pe-

600 2823 918 2881 riclitamur.

662 2919 799 2975 Nam
827 2926 883 2975 et
912 2917 1014 2972 ista
1062 2924 1190 2972 octo
1219 2916 1346 2971 vitia
1380 2931 1501 2987 qua:
1543 2916 2090 2972 commemoravimus
2137 2916 2195 2973 in

600 3021 837 3083 quatuor
866 3007 1275 3079 conjugationes
1300 3015 1355 3063 et
1375 3008 1602 3079 copulas
1625 3009 1951 3063 dividuntur.
1986 3008 2195 3067 Castri-

600 3104 805 3174 margia
835 3116 1069 3171 namque
1098 3108 1152 3156 et
1184 3099 1468 3156 fornicatio
1500 3101 1762 3173 peculiari
1792 3104 2068 3158 consortio
2094 3103 2192 3159 [ως

601 3194 878 3262 derantur,
908 3191 1070 3247 simili
1120 3190 1283 3246 modo
1312 3191 1638 3263 philargyria
1690 3207 1811 3247 cum
1844 3193 1944 3247 ira.
2000 3191 2192 3249 Tristi-

2298 1980 2461 2029 hente
2500 1974 2567 2029 de
2591 1975 2741 2030 illato
2771 1975 2968 2030 damno
2997 1976 3079 2030 vel
3111 1964 3379 2032 desiderio
3400 1981 3696 2050 praepedito
3729 1997 3891 2052 gene-

2296 2072 2482 2131 ratur;
2512 2065 2653 2119 aliud
2683 2066 2823 2135 quod
2850 2066 2917 2120 de
2944 2066 3250 2122 rationabili
3280 2069 3473 2126 mentis
3494 2072 3763 2131 anxietate
3792 2090 3892 2135 seu

2300 2154 2684 2224 desperatione
2715 2156 3012 2215 descendit.

2369 2245 2581 2302 Accdicc
2607 2257 2731 2301 sunt
2754 2262 2951 2317 genera
2982 2248 3087 2306 duo
3122 2270 3134 2305 :
3161 2268 3324 2309 unum
3352 2256 3497 2325 quod
3523 2257 3589 2313 ad
3617 2270 3885 2321 summum

2296 2339 2600 2408 prmcipitat
2645 2349 2972 2407 mstuantes;
3021 2343 3166 2398 aliud
3207 2360 3315 2416 quo
3346 2360 3447 2403 nec
3476 2348 3676 2407 bonum
3706 2350 3890 2412 facere

2298 2446 2400 2485 nec
2436 2429 2621 2486 audire
2650 2432 2901 2491 delectat.
2950 2434 3054 2491 ista
3091 2435 3236 2506 ejicit
3269 2441 3595 2499 monachum
3643 2444 3711 2501 de
3748 2436 3885 2505 cei]:

2292 2532 2412 2581 Sua.
2766 2516 2771 2525 ’

2366 2615 2708 2687 Cenodoxi‘a,
2755 2620 2880 2676 licet
2930 2622 3209 2695 multiptex
3238 2634 3300 2682 ac
3330 2622 3669 2685 multiformis
3701 2639 3783 2688 est
3828 2630 3886 2691 et

2292 2710 2349 2765 in
2380 2710 2619 2766 diversas
2645 2714 2852 2781 species
2879 2712 3150 2783 dividitur,
3185 2726 3379 2788 genera
3412 2728 3586 2777 tamen
3611 2724 3884 2793 ejussunt

2292 2800 2404 2857 duo
2437 2820 2449 2855 :
2476 2803 2709 2873 primum
2738 2806 2877 2876 quod
2903 2821 2999 2875 pro
3024 2810 3330 2866 carnalibus
3372 2826 3435 2867 ac
3464 2815 3760 2875 manifestis
3787 2826 3883 2874 ex-

2297 2896 2502 2951 tollitur
2543 2899 2730 2965 rebus;
2762 2898 3081 2969 secundum,
3123 2906 3265 2974 quod
3298 2920 3393 2976 pro
3422 2906 3786 2978 Spiritualibus
3822 2918 3883 2971 et

2294 2987 2524 3042 occultis
2555 2986 2832 3046 desideriis
2853 3004 3003 3047 vana:
3028 2993 3202 3049 laudis
3228 2994 3492 3052 inllamur.

2364 3076 2643 3151 Superbim
2672 3095 2870 3150 genera
2901 3093 3025 3138 sunt
3049 3085 3155 3141 duo
3188 3102 3201 3139 :
3233 3087 3483 3157 primum,
3514 3090 3759 3160 carnale;
3789 3102 3880 3150 se-

2293 3170 2547 3239 cundum,
2579 3174 2881 3245 spirituale,
2911 3178 3057 3245 quod
3086 3176 3247 3232 etiam
3294 3178 3652 3249 perniciosius
3680 3190 3780 3238 est.
3812 3180 3880 3242 ιι-

602 3237 878 3262 --.........,
1120 3237 1280 3246 --.νη
1312 3237 1638 3263 ,ψη-,εγω
1692 3237 1811 3247 -.μη
1845 3237 1944 3247 .._.
2009 3237 2161 3249 -..ευ

600 3284 678 3341 tia
717 3298 934 3354 quoque
961 3289 1017 3337 et
1045 3280 1230 3336 acedia
1259 3279 1448 3337 eadem
1479 3280 1823 3350 copulatione
1866 3280 2187 3351 junguntur.

2294 3266 2373 3323 los
2398 3237 2630 3338 namque
2674 3237 2955 3339 specialius
2985 3271 3260 3340 impugnat
3289 3237 3423 3339 quos
3460 3270 3516 3327 in
3562 3237 3879 3343 quibusdam

594 3372 918 3431 cenodmia
945 3382 1161 3442 quoque
1183 3364 1346 3441 atque
1370 3373 1623 3441 superbia
1644 3369 1979 3427 familiariter
1998 3382 2053 3427 et
2076 3373 2190 3443 ipsa

598 3466 706 3529 sibi
734 3466 1149 3539 coniunguntur.
1179 3460 1445 3522 Audivisti
1464 3464 1840 3536 copulationes
1857 3506 1873 3534 ,
1900 3462 2022 3521 audi
2047 3478 2191 3524 nunc

590 3572 802 3631 genera
820 3561 1097 3614 vitiorum.

672 3649 1072 3720 Gmimargia
1096 3663 1292 3719 genera
1321 3657 1449 3704 sunt
1470 3650 1596 3704 tria.
1629 3647 1869 3705 Primum
1890 3652 2032 3720 quod
2063 3659 2189 3707 ante

600 3744 793 3802 heram
823 3744 1140 3799 canonicam
1168 3750 1423 3813 perurget
1462 3741 1821 3797 Christianum
1853 3743 2138 3801 comedere
2166 3762 2181 3799 :

590 3837 661 3893 in
682 3838 788 3893 hac
815 3837 1062 3907 peccavit
1091 3833 1379 3900 Jonathan,
1412 3834 1550 3890 filius
1578 3833 1726 3901 Saul,
1775 3834 2075 3908 irrumpens
2098 3837 2188 3908 ju-

594 3936 904 3985 mmentum
926 3929 1114 3998 patn‘s,
1144 3928 1285 3983 unde
1315 3943 1416 3983 nec
1442 3928 1715 3983 victoriam
1737 3930 1932 3984 meruit
1960 3931 2188 4001 populus

601 4014 672 4077 de
698 4018 931 4075 inimicis
957 4018 1186 4086 habere;
1215 4020 1535 4088 secundum,
1564 4035 1631 4075 ex
1652 4021 2015 4090 quarumlibet
2042 4038 2187 4079 esca-

600 4129 723 4171 rum
753 4111 837 4168 vel
868 4119 1026 4183 potus
1046 4104 1435 4181 superﬂuitate,
1466 4112 1521 4166 in
1550 4127 1653 4181 qua
1682 4114 1930 4183 peccavit
1956 4116 2186 4185 populus

591 4205 929 4262 traditione
973 4220 1096 4259 cum
1144 4202 1427 4259 fabricavit
1472 4204 1696 4260 vitulum
1741 4220 1993 4272 aureum,
2047 4208 2186 4262 sicut

594 4295 864 4366 scriptum
892 4302 975 4350 est
997 4293 1193 4365 (Exod.
1226 4293 1395 4365 χχχιι)
1424 4294 1606 4349 :Sedit
1630 4296 1848 4367 papulas
1868 4297 2183 4353 manducare

598 4390 650 4444 et
682 4382 870 4454 bibere,
901 4393 950 4441 et
980 4396 1314 4442 surrexerunt
1340 4387 1555 4453 uidere,-
1584 4390 1823 4457 tertium,
1855 4392 1999 4461 quod
2028 4404 2184 4446 accu-

596 4481 830 4537 ratiores
875 4486 933 4535 et
979 4478 1390 4535 delicatissimos
1444 4481 1593 4535 cibos
1640 4479 1929 4536 desideret.
1976 4481 2033 4535 In
2081 4482 2185 4539 huc

590 4580 961 4648 peemm
987 4571 1082 4625 iiiii
1126 4569 1243 4627 ιιιῆ
1273 4572 1367 4640 qui
1396 4572 1687 4626 noluerunt
1717 4586 1935 4626 carnem
1966 4582 2181 4627 coctam

596 4666 843 4736 accipere
869 4681 900 4719 a
928 4663 1150 4736 populo,
1198 4663 1294 4718 sed
1341 4664 1593 4730 crudam,
1628 4670 1687 4719 ut
1728 4662 2039 4731 diligentius
2080 4665 2182 4721 sibi

595 4761 963 4826 praepararent
990 4752 1049 4823 (Ι
1081 4752 1209 4825 Reg.
1239 4752 1325 4823 tt).
1358 4752 1436 4809 Ex
1465 4753 1548 4809 bis
1575 4752 1745 4808 tribus
1771 4753 2059 4821 generibus
2094 4754 2180 4810 dis

600 4860 767 4901 versae
817 4853 873 4901 et
911 4845 1155 4915 pessima:
1200 4845 1539 4899 valetudines
1584 4843 1775 4898 anima:
1805 4855 2179 4914 procreantur.

595 4936 732 4994 Nam
757 4937 826 4994 de
853 4938 1029 5009 primo
1071 4938 1153 4992 ira
1182 4938 1257 4993 illi
1288 4938 1377 5009 qui
1427 4950 1621 5006 parare
1649 4936 1830 4992 cibum
1859 4938 2045 4993 debuit
2069 4981 2085 5008 ,
2113 4939 2182 4994 de

596 5024 831 5083 secundo
858 5026 1081 5082 luxuria:
1109 5041 1174 5082 ac
1203 5025 1438 5081 libidinis
1467 5024 1642 5080 aculei
1670 5026 2037 5095 suscitantur;
2066 5034 2178 5083 ter-

518 5164 521 5167 .
596 5117 732 5173 tium
761 5125 942 5174 autem
969 5112 1372 5175 inextricabile:
1393 5115 1735 5189 phiiargyrire
1763 5116 1987 5189 laqueos
2011 5118 2181 5175 neotit

486 5191 500 5273 ξ
596 5210 900 5267 cervicibus
926 5211 1284 5282 captivorum.

665 5299 1061 5358 Fornicationis
1088 5315 1286 5370 genera
1314 5303 1413 5357 tria
1444 5309 1603 5358 sunt:
1629 5301 1892 5369 Primum,
1923 5306 2179 5375 cogitatio

597 5401 708 5462 est,
736 5393 804 5450 de
831 5408 937 5465 qua
982 5392 1242 5449 Dominus
1270 5395 1345 5450 ita
1374 5395 1429 5449 in
1456 5393 1748 5465 Evangelio
1776 5392 1991 5469 (Matth.
2015 5394 2071 5467 v)
2098 5392 2181 5453 di-

596 5488 709 5545 cit:
735 5482 835 5551 Qui
860 5484 1042 5542 viderit
1068 5485 1325 5542 mulierem
1353 5488 1423 5542 ad
1450 5491 1909 5559 concupiscendam
1946 5509 2061 5546 eam
2079 5532 2095 5557 ,
2124 5499 2182 5548 et

598 5586 833 5649 caetera;
872 5576 1185 5643 secundum,
1215 5579 1357 5651 quod
1405 5592 1502 5652 per
1549 5582 1977 5639 commistionem
2020 5600 2181 5643 sexus

597 5670 878 5741 utriusque
914 5669 1223 5741 perficitur;
1253 5674 1496 5736 tertium,
1544 5673 1747 5743 absque
1777 5673 1983 5731 feminae
2012 5686 2176 5748 tactu,

596 5760 744 5832 quod
792 5760 1079 5832 Apostolus
1127 5762 1505 5819 immunditiam
1562 5762 1702 5835 (Cal.
1760 5765 1834 5836 tv)
1885 5776 2174 5839 nuncupat.

595 5846 724 5921 Quae
754 5852 853 5908 tria
877 5852 954 5909 sic
978 5861 1101 5910 sunt
1129 5866 1161 5914 a
1188 5856 1341 5914 nobis
1369 5855 1486 5929 pari
1515 5855 1889 5916 observatione
1918 5858 2175 5931 cavenda,

630 6136 663 6151 ει*

2293 3360 2578 3415 virtutibus
2607 3362 2900 3431 profecisse
2938 3363 3158 3432 reperit.
3206 3364 3417 3419 Audisti
3438 3379 3642 3433 genera
3666 3374 3722 3422 et
3747 3382 3879 3424 con-

2290 3449 2624 3519 iunctionem
2646 3461 2804 3523 atque
2823 3453 3321 3509 concatenationem
3342 3492 3357 3520 ,
3382 3455 3507 3511 audi
3524 3466 3670 3514 nunc
3688 3459 3879 3530 quales

2292 3543 2524 3599 habeant
2553 3542 2686 3599 filias
2714 3556 2832 3614 qua:
2862 3544 2927 3599 de
2957 3542 3035 3600 eis
3062 3552 3375 3601 nascuntur.

2362 3634 2438 3689 De
2460 3634 2830 3704 gastrimargia
2850 3646 3084 3705 namque
3117 3647 3412 3696 nascuntur
3431 3643 3875 3716 comessationes,

2288 3727 2609 3793 ebrietates;
2639 3728 2709 3781 de
2730 3725 3103 3796 fornicatione,
3126 3729 3483 3801 turpiloquia,
3502 3736 3875 3801 scurrilitates,

2289 3818 2494 3874 ludicra
2522 3828 2587 3873 ac
2611 3817 2977 3891 stnltiloquia;
3010 3818 3076 3877 de
3104 3820 3430 3896 philargyria
3455 3868 3470 3891 ,
3499 3818 3835 3884 mendacium
3857 3868 3877 3899 ,

2289 3906 2589 3979 fraudatio,
2618 3908 2886 3981 perjuria,
2919 3913 3090 3984 turpis
3116 3910 3255 3970 lucri
3282 3917 3578 3986 appetitus,
3609 3916 3742 3974 falsa
3770 3927 3878 3976 tes-

2284 4001 2491 4065 monia,
2519 4001 2801 4069 νὶυὶεηιὶι,
2832 4003 3195 4062 inhumanitas
3234 4021 3299 4061 ac
3328 4010 3630 4078 rapacitas;
3660 4010 3727 4064 de
3752 4012 3835 4066 ira
3854 4042 3875 4077 ο

2284 4084 2601 4159 homicidia,
2622 4094 2831 4152 clamor
2851 4105 2907 4151 et
2935 4097 3266 4168 indignatio;
3297 4098 3363 4155 de
3392 4100 3628 4163 tristitia,
3656 4112 3872 4172 rancor,

2288 4184 2701 4257 pusillanimit‘as
2726 4233 2743 4259 ,
2786 4188 3120 4256 amaritudo,
3170 4188 3511 4261 desperatio;
3561 4192 3629 4247 de
3666 4192 3875 4265 acedia,

2287 4280 2583 4346 atrocitas,
2628 4283 3019 4349 somnolemia,
3073 4282 3489 4352 importunitas,
3534 4288 3876 4359 inquietudo,

2284 4371 2620 4439 pervagatie,
2645 4371 2964 4426 instabilites
2990 4372 3186 4428 mentis
3210 4380 3265 4428 et
3289 4376 3551 4447 carperis,
3574 4378 3875 4436 verbositas

2288 4464 2345 4512 ct
2367 4459 2681 4526 curiositas;
2713 4458 2779 4515 de
2801 4458 3100 4517 cenodoxla
3117 4504 3133 4531 ,
3166 4462 3541 4520 contentiones
3559 4508 3574 4534 ,
3602 4466 3835 4524 haereses
3854 4514 3868 4536 ,

2284 4549 2547 4620 iactantia
2590 4564 2658 4607 ac
2708 4554 3053 4623 praesumptio
3104 4554 3434 4623 novitatum;
3482 4556 3550 4613 de
3597 4560 3871 4628 superbia,

2210 4630 2265 4692 D
2289 4651 2648 4715 contemptus,
2679 4644 2894 4710 invidia,
2928 4645 3311 4708 inobedientia,
3342 4646 3693 4716 blasphemia,
3723 4664 3870 4704 mur-

2284 4738 2520 4793 muratio
2549 4748 2711 4809 atque
2732 4732 3014 4796 detractio.
3040 4730 3168 4794 Haec
3192 4739 3354 4808 igitur
3392 4749 3512 4796 oeta
3554 4742 3682 4797 vitia
3709 4754 3870 4816 sunt,

2286 4847 2408 4886 cum
2430 4832 2705 4886 hominum
2727 4843 2895 4898 genus
2923 4828 3229 4899 impulsent,
3252 4845 3360 4885 non
3382 4838 3557 4887 tamen
3580 4849 3688 4888 uno
3708 4834 3871 4893 modo

2278 4922 2553 4991 impetum
2599 4927 2845 4975 cunctos.
2872 4919 2931 4973 in
2977 4920 3085 4975 alio
3112 4935 3341 4990 namque
3384 4923 3602 4993 Spiritus
3629 4923 3866 4981 fornica-

2284 5018 2498 5073 tionum
2544 5016 2724 5072 locum
2772 5016 2980 5072 obtinet
3020 5015 3396 5087 principalem.
3437 5016 3493 5071 in
3522 5019 3628 5073 alio
3674 5034 3867 5090 super—

2278 5111 2493 5180 ‘eqnitat
2510 5108 2689 5167 tum.
2710 5104 2775 5164 in
2794 5106 2904 5165 alio
2925 5106 3226 5165 «eodem
3246 5109 3485 5165 vindicat
3507 5112 3863 5182 tyrannidem.

2278 5208 2343 5267 In
2366 5208 2482 5265 aiio
2502 5216 2689 5268 imm
2715 5210 2969 5281 superbia
2998 5219 3163 5268 tenet.
3195 5209 3263 5266 Et
3290 5226 3412 5268 cum
3441 5219 3651 5268 constet
3678 5228 3868 5272 omnes

2285 5301 2353 5358 ab
2381 5303 2632 5359 omnibus
2676 5303 2998 5375 impugnari,
3035 5304 3250 5361 diverso
3274 5311 3454 5361 tamen
3498 5304 3660 5361 modo
3688 5314 3741 5361 et
3771 5322 3865 5361 or-

2264 5388 2407 5481 dine
2435 5392 2629 5463 ‘singuli
2656 5394 2984 5452 laboramus.

2350 5484 2717 5551 Quamobrem
2739 5487 2812 5543 ita
2834 5489 2989 5549 nobis
3009 5487 3266 5543 adversus
3285 5488 3401 5545 hac
3418 5488 3719 5559 arripienda
3740 5499 3869 5546 sunt

2283 5572 2488 5649 praelia,
2507 5584 2565 5632 ut
2587 5578 2952 5650 unusQuisque
2976 5576 3160 5633 vilittm
3188 5590 3297 5649 quo
3326 5578 3559 5634 maxime
3588 5570 3867 5649 infestatur

2283 5671 2532 5742 exploret
2558 5677 2615 5727 et
2641 5672 2897 5728 adversus
2926 5668 3055 5725 illud
3086 5672 3309 5742 arripiat
3352 5672 3651 5743 principale
3680 5681 3859 5728 certa-

2280 5776 2429 5822 men.
2452 5763 2627 5821 Unum
2646 5774 2879 5835 namque
2900 5776 2999 5821 nos
3020 5762 3257 5821 ordinem
3281 5766 3583 5836 praeliorum
3607 5774 3863 5823 exercere

2283 5857 2485 5919 debere
2515 5872 2617 5915 nec
2641 5856 2708 5915 de
2731 5862 2918 5917 nostra
2948 5857 3145 5915 virtute
3173 5852 3445 5918 centidere
3464 5858 3625 5917 etiam
3649 5858 3861 5933 legisla—

4064 4998 4065 5057 1

4062 5092 4063 5163 1

4060 5182 4061 5267 1

4054 5378 4057 5477 1

4054 5524 4055 5581 1

4042 6140 4043 6211 1
