4118 6332
253 323 318 380 ss
1412 315 1745 379 EPISTOLA
1789 315 1878 374 on
1913 315 2095 374 oc'ro
2133 313 2354 376 VITllS.
3440 304 3514 387 tl

252 441 332 488 tor
363 431 543 503 (Deut.
572 431 668 499 vn)
700 434 856 489 docet
902 434 986 490 bis
1029 435 1208 490 verbis
1241 453 1253 488 :
1287 433 1412 490 Non
1463 433 1662 488 timebis
1711 449 1797 487 eos
1817 472 1834 499 ,
1855 438 1914 491 ,Α
1939 431 2264 501 aseriptione
2292 437 2582 503 ponuntur.
2612 433 2695 488 Ita
2717 434 2870 490 enim
2889 435 3089 492 dicitur
3115 434 3232 492 :Et
3265 434 3515 493 iam

250 529 363 601 quia
379 527 630 582 Dominus
659 527 799 582 Deus
821 539 932 584 tuus
953 531 1006 584 in
1030 531 1196 584 medio
1228 533 1299 584 tui
1325 539 1416 592 est,
1445 529 1582 582 Deus
1610 543 1824 600 magnus

251 629 295 676 et
316 620 575 673 terribilis.
611 619 732 687 Ipse
770 631 1028 675 consumet
1058 624 1290 675 nationes
1338 619 1431 676 has
1473 621 1529 674 in
1557 625 1826 688 conspectu

252 719 328 763 tuo
357 711 611 777 paulatim
659 720 807 780 atque
834 729 924 780 per
948 701 1134 781 partes.
1185 710 1310 765 Non
1339 713 1528 782 poteris
1550 727 1635 764 eas
1659 711 1828 763 delere

247 804 454 873 pariter,
488 820 551 856 ne
570 806 702 873 forte
733 805 1133 874 multiplicantur
1170 815 1350 858 contra
1379 815 1426 858 te
1456 803 1629 858 bestia:
1656 813 1826 871 terra,

247 893 482 962 dabitque
529 910 614 946 eos
656 892 906 948 Dominus
950 893 1089 947 Deus
1137 903 1252 948 tuus
1302 896 1357 948 in
1397 901 1668 964 conspectu
1719 901 1824 959 tuo,

247 984 400 1038 donec
432 985 634 1050 penitus
659 984 944 1037 deleantur.
973 983 1082 1038 Sed
1107 999 1281 1053 neque
1309 983 1507 1039 debere
1531 997 1628 1038 nos
1652 981 1705 1038 in
1735 995 1830 1037 eo-

246 1091 372 1130 rum.
391 1075 579 1129 extolli
611 1075 834 1128 victoria
863 1075 1112 1130 similiter
1142 1075 1318 1143 (Deut.
1351 1077 1464 1147 vni)
1493 1083 1679 1131 monet.
1705 1093 1716 1128 :
1743 1073 1832 1131 Ne

245 1174 513 1236 postquam
560 1165 860 1232 comederis,
884 1166 1076 1234 inquit,
1107 1175 1155 1220 et
1176 1170 1393 1220 satiatus
1420 1169 1600 1240 fueris,
1639 1167 1827 1236 domos
1853 1189 1856 1192 λ

247 1257 484 1327 pulchras
513 1257 847 1326 cediﬁcareris
876 1267 924 1310 et
953 1256 1262 1310 liabitareris
1287 1260 1340 1311 in
1370 1259 1439 1311 eis
1457 1298 1470 1322 ,
1496 1256 1830 1328 Itabtterisque

247 1358 477 1402 armenta
510 1357 558 1402 et
587 1351 752 1402 arium
781 1366 990 1419 greges,
1034 1352 1233 1420 argenti
1266 1361 1315 1404 et
1343 1352 1459 1404 auri
1499 1359 1829 1403 cunctamin-

248 1455 338 1509 que
358 1455 527 1491 rerum
551 1439 769 1508 capiant,
793 1438 1014 1494 elevatur
1037 1456 1123 1493 cor
1145 1448 1306 1506 tuum,
1329 1449 1376 1493 et
1399 1457 1500 1493 non
1530 1440 1832 1494 reminisca-

250 1532 320 1584 ris
341 1528 552 1584 Domini
581 1529 680 1584 Dei
729 1531 823 1596 tui,
857 1533 940 1602 qui
972 1532 1148 1585 edua'lt
1173 1540 1220 1586 te
1250 1532 1312 1585 de
1347 1543 1482 1586 terra
1502 1531 1743 1603 Egypti,
1771 1530 1834 1586 de

251 1627 398 1680 domo
419 1627 696 1688 servitutis,
723 1636 772 1678 et
791 1627 972 1680 ductor
999 1636 1111 1680 tuus
1138 1628 1234 1698 fuit
1259 1629 1312 1680 in
1340 1628 1616 1681 solitudine
1644 1642 1833 1696 magna

253 1726 398 1787 atque
430 1717 668 1771 terribili.
702 1716 958 1770 Salomon
989 1732 1205 1788 quoque
1234 1719 1284 1771 in
1314 1715 1618 1771 Proverbiis
1647 1715 1828 1784 (Prov.

1931 531 2106 594 gentes
2145 525 2332 578 multas
2377 541 2550 580 coram
2582 533 2646 580 te.
2680 525 3025 582 Numerosior
3057 535 3140 586 est
3180 529 3323 594 enim
3351 542 3513 600 quam

1929 607 2091 668 Israel
2111 616 2406 670 carnalium
2427 619 2735 684 passionum
2752 618 2999 688 populus,
3020 620 3110 689 qui
3131 619 3196 674 de
3212 620 3315 676 hoc
3333 629 3516 690 septe-

1931 705 2085 762 nario
2134 705 2320 763 fomite
2366 708 2618 764 vitiorum
2661 724 2725 765 ac
2751 710 2935 766 radice
2958 711 3223 782 procedit,
3255 720 3418 783 atque
3444 711 3518 772 do'

1931 797 2143 868 octavo,
2171 801 2262 869 qui
2288 795 2466 856 notior
2513 809 2596 856 est
2615 802 2882 869 omnibus,
2913 803 3116 874 regina,
3144 812 3204 859 ut
3222 803 3296 859 ita
3315 804 3513 871 dicam,

1932 901 2094 961 atquo
2139 900 2310 947 mater
2355 892 2594 948 omnium
2641 893 2925 962 vitiorum;
2976 911 3044 951 ex
3088 897 3170 951 bis
3215 897 3358 952 enim
3389 904 3518 953 octo

1931 981 2196 1052 pullulant
2217 989 2379 1052 atque
2408 989 2704 1038 nascuntur
2731 983 2814 1038 ha:
2844 985 2990 1048 tiliae,
3023 985 3076 1040 id
3103 993 3205 1052 est,
3238 1001 3517 1043 comessa-

1933 1076 2136 1141 tiones,
2169 1075 2487 1141 ebrietates,
2531 1076 2886 1146 turpiloquia,
2929 1086 3043 1136 etc.
3069 1118 3087 1145 ,
3134 1079 3382 1149 melius
3425 1078 3520 1136 Ie—

1933 1165 2147 1234 scripta,
2178 1181 2297 1235 quae
2325 1181 2752 1221 commemorare
2779 1168 3091 1237 perlongum
3117 1178 3218 1225 est.
3239 1169 3369 1237 Qua:
3397 1185 3519 1227 cum

1933 1255 2089 1312 nobis
2118 1253 2254 1309 levia
2273 1255 2601 1324 judi'centur,
2628 1255 2756 1326 quid
2786 1257 3077 1326 Apostolus
3107 1258 3174 1313 de
3200 1259 3304 1312 illis
3333 1272 3519 1315 sense-

1933 1344 2004 1398 rit
2035 1343 2123 1418 (ΙΙ
2152 1343 2272 1399 Cor.
2303 1345 2381 1415 χ),
2411 1346 2497 1400 vel
2528 1361 2690 1414 quam
2719 1362 2882 1417 super
2906 1348 2991 1402 his
3019 1349 3340 1408 sententiam
3375 1349 3521 1406 tule~

1934 1439 2024 1503 rit,
2057 1440 2332 1496 audiamus
2361 1459 2374 1495 :
2403 1438 2583 1514 Neque
2629 1443 3088 1510 murmurareritis,
3139 1430 3340 1516 inquit,
3391 1447 3523 1501 sicut

1936 1533 2141 1604 quidam
2163 1532 2370 1587 illorum
2394 1545 2854 1602 muruuu'arerunt,
2871 1544 2925 1591 et
2951 1538 3225 1608 perierunt
3254 1537 3319 1595 ab
3340 1547 3522 1596 exter-

1938 1625 2222 1680 minatore.
2248 1623 2313 1678 Et
2336 1625 2398 1679 de
2427 1627 2723 1681 tentatione
2750 1645 2762 1680 :
2784 1625 2963 1701 Neque
2984 1636 3227 1682 (putemus
3241 1626 3520 1696 Christum,

1940 1717 2070 1769 sicut
2098 1717 2304 1786 quidam
2338 1734 2512 1771 eorum
2538 1725 2855 1773 tentareruut
2884 1729 2932 1772 et
2959 1737 2989 1772 a
3019 1719 3338 1791 serpentibus
3363 1722 3524 1794 perie-

253 1809 394 1876 xxrv)
431 1826 444 1859 :
475 1809 537 1862 Si
584 1807 822 1861 ceciderit
858 1810 1095 1861 inimicus
1143 1817 1284 1872 tuus,
1317 1809 1422 1862 noli
1461 1808 1734 1879 gratulari.
1768 1805 1835 1860 In
1869 1820 1912 1879 Β
1939 1815 2078 1859 runt.
2127 1805 2202 1860 De
2251 1807 2584 1862 detractione
2619 1826 2630 1861 :
2664 1804 2792 1863 Noli
2839 1810 3053 1882 di.’igere
3098 1809 3400 1882 detrahere,
3459 1820 3526 1868 ne

253 1900 672 1968 supplantatione
707 1909 875 1952 autem
905 1903 1015 1970 ejus
1045 1900 1150 1953 noli
1181 1901 1376 1954 extolli.
1413 1899 1498 1953 Ne
1529 1901 1698 1953 rideat
1729 1898 1838 1952 Do-

254 1994 421 2047 minus
471 1992 582 2064 ejus
628 2001 676 2044 et
705 2001 900 2046 avertat
946 1995 1080 2046 iram
1117 2009 1262 2047 suam
1311 1992 1371 2044 ab
1417 2006 1511 2053 eo;
1561 1991 1613 2046 id
1642 1998 1740 2056 est,
1770 2007 1838 2046 ne

255 2085 537 2154 dispertias
567 2084 854 2138 elationem
879 2085 1056 2139 cordis
1079 2085 1175 2149 tui,
1200 2085 1266 2138 ab
1293 2083 1406 2152 ejus
1439 2085 1838 2153 impugnatione

252 2176 520 2241 discedet,
571 2184 624 2230 et
671 2176 931 2245 incipies,
983 2173 1335 2231 derelicturus
1381 2178 1448 2230 ab
1496 2191 1598 2244 eo,
1652 2193 1838 2232 rursus

253 2269 317 2324 ab
355 2270 448 2324 illa
494 2285 656 2339 quam
697 2284 796 2339 per
835 2269 928 2324 Dei
956 2270 1180 2339 gratiam
1211 2283 1561 2340 superaveras
1590 2269 1838 2340 passione

254 2360 459 2418 vexari.

325 2470 688 2538 Quamobrem
727 2482 906 2528 certos
950 2488 1048 2528 nos
1078 2487 1196 2529 esse
1241 2472 1524 2537 convenit,
1575 2480 1680 2526 tam
1711 2471 1840 2542 ipsis

256 2567 433 2622 rerum
457 2579 616 2634 quam
640 2563 933 2619 innumeris
955 2564 1352 2635 Scripturarum
1378 2561 1695 2619 testimoniis
1719 2581 1842 2620 eru-

253 2645 413 2717 ditos,
450 2655 646 2709 nostris
678 2670 776 2710 nos
803 2655 1026 2724 viribus,
1057 2657 1156 2710 nisi
1184 2656 1349 2711 solius
1378 2655 1472 2710 Dei
1505 2656 1703 2710 auxilio
1735 2653 1838 2718 fnl-,

254 2745 488 2814 Ciamur,
541 2753 720 2802 tantos
763 2746 943 2802 hostes
989 2763 1246 2818 superare
1296 2763 1402 2801 non
1448 2762 1637 2817 posse,
1669 2757 1722 2800 et
1775 2745 1843 2800 ad

257 2839 426 2909 ipsum
458 2838 698 2906 quotidie
732 2854 994 2893 summam
1021 2838 1256 2894 victor-ite
1294 2845 1492 2892 nostra:
1520 2835 1718 2891 referre
1744 2835 1840 2892 de-

255 2929 404 2985 bere.
439 2929 515 2984 Ita
545 2943 706 2998 super
733 2929 836 2985 hoc
866 2945 1078 3000 quoque
1108 2946 1204 3000 per
1247 2927 1464 3000 Moysen
1516 2927 1690 2999 (Deut.
1722 2927 1798 3000 ix)
1823 2967 1838 2994 ,

257 3017 486 3075 Domino
517 3029 892 3076 commonente
917 3039 928 3072 :
955 3020 1038 3074 Ne
1066 3020 1207 3074 dicas
1233 3021 1287 3074 in
1311 3023 1460 3075 corde
1487 3027 1592 3088 tuo,
1619 3037 1732 3073 cum
1755 3021 1842 3074 de-

255 3114 430 3169 laverit
474 3131 562 3168 eas
594 3113 843 3170 Dominus
869 3114 1005 3169 Deus
1037 3125 1148 3170 tuus
1185 3117 1236 3169 iu
1266 3126 1534 3186 conspectu
1569 3125 1685 3194 tuo:
1711 3115 1843 3170 Pro-

1940 1896 2252 1962 erartireris;
2284 1897 2494 1966 aliaque
2523 1900 2801 1969 complura
2844 1899 2930 1955 liis
2974 1903 3186 1957 similia.
3222 1904 3350 1970 Qua:
3400 1921 3525 1962 cum

1941 1988 2048 2043 sint
2075 1989 2244 2042 multo
2276 1989 2494 2057 majoris
2545 1993 2752 2046 numeri
2799 2009 2956 2062 quam
2991 1996 3249 2061 virtutes,
3296 1996 3524 2055 devictis

1940 2087 2121 2136 tamen
2171 2081 2275 2136 illis
2305 2091 2430 2138 octo
2467 2085 2853 2154 principalibus
2875 2087 3049 2158 vitiis,
3073 2105 3140 2146 ex
3169 2106 3397 2160 quorum
3425 2109 3523 2152 na—

1939 2177 2059 2225 tura
2087 2186 2177 2226 eas
2205 2181 2410 2227 certum
2440 2183 2522 2228 est
2562 2190 2837 2244 emanare,
2869 2193 3056 2233 omnes
3104 2179 3351 2248 protinus
3394 2198 3528 2240 cono

1941 2262 2246 2331 quiescunt,
2275 2277 2339 2318 ac
2367 2271 2628 2334 perpetua
2657 2267 2861 2338 pariter
2888 2282 3008 2324 cum
3036 2269 3117 2326 eis
3151 2269 3526 2330 internecione

1940 2355 2208 2412 delentur.

2011 2469 2218 2526 Etenim
2247 2479 2504 2542 quantum
2534 2475 2693 2531 docet
2734 2484 2887 2534 vetus
2917 2471 3156 2546 traditio,
3186 2479 3282 2536 bas
3307 2481 3525 2539 easdem

1940 2569 2116 2617 terras
2162 2561 2585 2620 Chananmorum
2616 2567 2668 2620 in
2700 2582 2834 2636 quas
2879 2569 3297 2627 introducuntur
3328 2571 3420 2628 lilii
3448 2573 3530 2632 ls-

1940 2655 2081 2721 rael,
2120 2654 2243 2710 Sem
2277 2652 2369 2709 (iiii
2398 2655 2511 2713 Noe
2556 2659 2763 2714 fuerant
2798 2661 3088 2730 quondam,
3119 2663 3176 2717 in
3211 2664 3356 2718 orbis
3386 2663 3527 2720 divi:-

1943 2745 2111 2808 sione.
2137 2749 2344 2813 sortiti;
2370 2764 2504 2820 quas
2524 2749 2778 2821 deinceps
2797 2765 2894 2820 per
2912 2752 3020 2806 vim
3047 2760 3209 2824 atque
3229 2755 3529 2824 poteatiam

1943 2840 2234 2907 posteritas
2276 2842 2443 2898 Cbam
2472 2841 2834 2912 persuasionis
2862 2842 3143 2912 iniquitate
3172 2845 3430 2914 possedit,
3473 2847 3533 2906 in

1943 2944 2051 2999 quo
2081 2940 2137 2986 et;
2161 2933 2255 2989 Dei
2286 2933 2546 3004 judicium
2575 2935 2933 2991 rectissimum
2971 2938 3374 3009 comprobatur.
3427 2937 3540 3008 Qui

1945 3029 2000 3074 et
2026 3021 2144 3076 illos
2174 3023 2240 3077 de
2258 3024 2392 3082 locis
2417 3026 2605 3082 alienis
2626 3040 2746 3095 qua:
2761 3026 2901 3082 male
2928 3036 3331 3098 occupaverant
3357 3045 3532 3100 expu-

1945 3109 2025 3180 lit,
2058 3123 2112 3168 et
2141 3116 2255 3172 istis
2282 3120 2556 3188 antiquam
2587 3123 2798 3188 patrum
2835 3119 3230 3190 possessionem
3261 3135 3382 3192 quas
3401 3137 3532 3192 pro-

257 3215 374 3278 pter
401 3209 655 3276 iustitiam
686 3226 851 3262 meum
874 3209 1162 3263 introduxit
1189 3226 1266 3262 me
1289 3209 1556 3270 Dominus,
1583 3217 1638 3260 ut
1663 3217 1851 3263 terram
1877 3201 1922 3262 Ο
1956 3206 2117 3273 sapite
2140 3222 2325 3262 corum
2351 3209 2403 3263 in
2433 3209 2696 3266 divisione
2727 3210 2872 3267 orbis
2895 3210 3069 3268 fuerat
3095 3212 3348 3283 deputata
3377 3215 3533 3271 restip

256 3303 390 3354 hanc
405 3301 736 3371 possiderem,
764 3318 877 3354 cum
897 3313 1104 3372 prOpter
1123 3301 1406 3373 impietates
1428 3320 1546 3355 suas
1573 3304 1686 3357 ista:
1711 3302 1849 3358 dele-

258 3399 324 3446 tte
360 3391 467 3444 sint
497 3393 752 3446 nationes.
800 3389 914 3445 Nec
952 3394 1086 3446 enim
1133 3401 1341 3463 prapter
1373 3393 1606 3464 justitias
1650 3403 1760 3446 tuus
1804 3403 1853 3447 et

259 3485 523 3554 (Equitates
570 3485 738 3538 cordis
781 3486 854 3538 tui
902 3486 1206 3556 ingrediaris
1261 3495 1316 3538 ut
1363 3473 1629 3558 possideas
1659 3496 1852 3540 terram

264 3587 461 3638 eorum,
491 3574 584 3628 sed
619 3577 741 3644 quia
765 3577 873 3630 illa:
900 3586 1109 3648 egerunt
1149 3579 1322 3650 impie,
1357 3588 1403 3631 te
1425 3580 1734 3642 introeunte,
1764 3579 1856 3632 de-

270 3666 386 3721 ιειω
406 3677 546 3720 sunt.
599 3665 746 3740 Rogo
773 3669 898 3740 quid
928 3671 1154 3735 apertius
1177 3670 1342 3739 potuit
1371 3668 1490 3736 dici,
1516 3669 1594 3723 rel
1620 3669 1855 3724 cautius?

265 3754 390 3813 Cum
430 3767 626 3830 quanta
671 3761 872 3814 cautela
901 3769 1098 3833 oportet
1131 3778 1220 3816 nos
1250 3762 1393 3814 esse!

331 3871 427 3927 Ila:
475 3883 685 3943 septem
743 3881 961 3943 gentes,
1012 3889 1238 3944 quarum
1292 3882 1468 3930 terras
1513 3875 1744 3944 egressis
1787 3889 1856 3930 ex

267 3955 503 4036 Egypto
533 3964 653 4020 [illis
673 3964 839 4021 Israel
865 3965 1114 4020 daturum
1141 3980 1199 4021 se
1219 3965 1479 4021 Dominus
1506 3966 1852 4036 repromittit.

265 4051 395 4124 Qum
424 4057 606 4112 omnia
628 4057 920 4113 secundum
950 4057 1290 4129 Apostolum,
1313 4075 1434 4114 cum
1459 4059 1512 4113 in
1537 4060 1704 4128 ligura
1726 4074 1858 4114 con-

265 4147 483 4218 tigerint
535 4149 640 4204 illis
700 4150 766 4205 ad
830 4161 1069 4206 nostram
1124 4151 1602 4221 commonitionem
1658 4152 1858 4223 scripta

267 4239 445 4311 (Deut.
481 4242 578 4312 vn)
612 4243 872 4298 debemus
904 4245 1170 4314 accipere.

335 4335 416 4390 Ita
441 4337 582 4390 enim
611 4335 976 4392 dicitur:Cum
996 4337 1340 4391 introduxerit
1379 4347 1427 4392 te
1446 4337 1692 4392 Dominus
1720 4337 1857 4393 Deus

269 4427 325 4482 in
365 4437 563 4481 terram
614 4445 766 4498 quam
811 4445 1136 4498 posscssurus
1181 4429 1488 4500 ingrediaris
1529 4437 1579 4484 et
1619 4429 1860 4483 deiecerit

271 4532 441 4591 gentes
475 4519 662 4574 multas
706 4537 879 4574 eorum
917 4531 984 4587 te,
1009 4520 1311 4582 lletltazunt,
1342 4529 1391 4574 et
1424 4521 1775 4592 Gergeawum,
1807 4531 1854 4574 et

269 4612 652 4680 Anton/tantm,
703 4613 1072 4679 Cltanuua’um,
1112 4623 1161 4667 et
1217 4613 1569 4680 Plterezazum,
1617 4625 1668 4670 et
1699 4615 1857 4670 Jeba-

271 4722 464 4772 sarunt,
493 4716 542 4758 et
571 4703 816 4761 Neu-arum
839 4747 854 4773 ,
885 4716 1073 4778 septem
1103 4716 1276 4779 gentes
1305 4707 1463 4762 multo
1502 4709 1717 4778 majoris
1758 4725 1856 4762 nu-

271 4800 400 4853 meri
441 4815 596 4870 quam
626 4808 674 4852 tu
698 4814 751 4854 es
771 4806 818 4852 et
846 4798 1154 4854 robustiores
1185 4809 1250 4864 te,
1283 4798 1648 4869 tradideritque
1673 4797 1858 4854 Domi-

274 4907 369 4948 nus
403 4891 490 4946 tibi
512 4909 619 4958 eas,
654 4893 1000 4964 percutiesque
1038 4909 1124 4948 eos
1145 4909 1300 4963 usque
1319 4892 1390 4946 ad
1435 4893 1851 4950 internecionem.

346 4985 500 5054 Quod
533 5001 664 5041 vero
709 4986 879 5040 multo
918 4985 1136 5054 majoris
1178 4985 1390 5042 numeri
1421 5000 1540 5042 esse
1583 4985 1856 5056 dicuntur,

275 5076 389 5150 tunc
417 5080 556 5136 ratio
583 5088 695 5149 est,
741 5079 865 5149 quia
893 5079 1046 5149 plura
1091 5087 1218 5136 sunt
1259 5079 1388 5134 vitia
1417 5093 1580 5147 quam
1607 5079 1856 5136 virtutes.

276 5165 346 5244 Et
389 5170 514 5226 ideo
561 5171 620 5226 in
657 5171 904 5239 catalogo
933 5171 1148 5242 quidem
1194 5169 1604 5226 dinumerantur
1651 5177 1860 5240 septem

276 5270 504 5330 gentos;
551 5263 609 5322 in
657 5263 1053 5335 expugnatione
1093 5278 1224 5322 vero
1277 5278 1464 5322 earum
1490 5263 1611 5324 sine
1647 5262 1866 5322 numeri.

1956 3297 2077 3350 tuit.
2110 3298 2236 3364 Qua:
2282 3301 2447 3369 figura
2489 3303 2544 3358 in
2593 3303 2748 3357 nobis
2775 3318 2992 3373 quoque
3021 3314 3184 3372 stare,
3233 3309 3533 3367 certissima

1953 3387 2162 3442 ratione
2189 3391 2549 3458 cognoscitur.
2573 3391 2704 3446 Nam
2728 3392 2975 3448 voluntas
3003 3392 3216 3450 Domini
3237 3398 3534 3466 possessio-

1955 3493 2076 3532 nem
2105 3481 2282 3534 cordis
2311 3484 2478 3536 nostri
2510 3499 2616 3538 non
2645 3483 2787 3540 vitiis
2807 3525 2821 3549 ,
2849 3485 2943 3539 sed
2969 3485 3253 3542 virtutibus
3275 3488 3538 3546 naturali-

1954 3577 2039 3622 ter
2067 3568 2363 3638 deputavit.
2412 3570 2541 3639 Qum
2571 3582 2692 3642 post
2720 3575 3214 3646 praevaricationem
3256 3577 3382 3632 Adin
3403 3615 3421 3643 ,
3453 3579 3536 3636 in-

1955 3658 2345 3716 solescentibus
2372 3663 2538 3730 vitiis,
2567 3663 2620 3718 id
2647 3673 2728 3720 est
2757 3665 2969 3735 populis
2997 3666 3334 3735 Cltanantcis,
3357 3682 3386 3722 a
3412 3683 3536 3738 pro-

1955 3753 2071 3822 pria
2092 3752 2312 3820 regione
2331 3754 2584 3825 depulsae,
2610 3771 2731 3812 cum
2756 3757 2805 3810 ei
2823 3771 3030 3811 rursum
3055 3772 3150 3825 per
3167 3757 3263 3812 Dei
3281 3759 3538 3828 gratiam,

1957 3841 2230 3915 diligentia
2253 3856 2438 3901 nostra
2461 3861 2524 3902 ac
2553 3846 2738 3902 labore
2766 3846 2960 3901 fuerint
2985 3849 3268 3911 restitutae,
3297 3863 3404 3903 non
3429 3857 3540 3906 tam

1958 3934 2163 3991 alienas
2210 3951 2503 4007 occupasse
2544 3948 2714 3994 terras
2757 3952 2921 4008 quam
2965 3939 3212 4009 proprias
3257 3939 3538 3998 credenda

1958 4036 2082 4081 sunt
2117 4027 2405 4098 recepisse.

2032 4141 2110 4196 De
2137 4141 2243 4196 hoc
2286 4142 2594 4214 septenario
2623 4141 2808 4198 fomite
2832 4142 3090 4199 vitiorum
3113 4141 3373 4201 Salomon
3399 4159 3541 4216 quo-

1961 4247 2068 4302 que
2115 4232 2168 4287 in
2202 4233 2506 4290 Proverbiis
2551 4235 2627 4288 ita
2666 4235 2924 4290 describit
2951 4233 3130 4306 (Prov.
3172 4234 3322 4305 xxvi)
3355 4252 3370 4288 :
3404 4235 3466 4290 Si
3491 4246 3542 4294 to

1961 4328 2214 4402 rogaverit
2262 4327 2502 4384 inimicus
2539 4343 2654 4384 race
2699 4344 2926 4400 magno,
2965 4343 3071 4382 non
3111 4331 3433 4384 consenserit
3471 4329 3540 4397 ei,

1963 4432 2155 4492 septem
2197 4426 2335 4478 enim
2383 4427 2623 4496 nequitia:
2655 4434 2774 4478 sunt
2800 4426 2858 4480 in
2892 4425 3067 4478 animo
3093 4427 3242 4495 ejus;
3270 4423 3326 4478 id
3351 4430 3468 4491 est,
3493 4425 3546 4481 Il

1965 4517 2334 4586 gastrimargia
2361 4526 2416 4574 te
2441 4519 2756 4590 persuadet,
2785 4525 2845 4571 ut
2868 4517 3080 4572 relaxes
3103 4517 3318 4587 Corpori
3343 4556 3359 4582 ,
3396 4517 3546 4588 quod

1964 4608 2306 4664 continentiae
2333 4609 2649 4665 decreveras
2678 4607 2838 4664 modo
2855 4647 2872 4672 ,
2901 4623 2968 4662 ne
2995 4601 3234 4664 resolvas
3271 4607 3390 4676 ejus
3415 4607 3546 4663 sub-

1959 4696 2282 4766 jectionem,
2311 4701 2436 4769 quia
2466 4699 2744 4755 confestim
2789 4706 2995 4768 septem
3039 4698 3258 4769 spiritus
3285 4698 3542 4754 vitiorum

1963 4787 2193 4843 aderunt
2224 4790 2317 4846 tibi
2347 4792 2584 4848 acriores
2611 4805 2772 4860 quam
2799 4789 2890 4847 illa
2925 4791 3105 4863 passio
3131 4804 3254 4861 qua
3300 4789 3538 4861 primor-

1963 4878 2066 4934 diis
2092 4877 2267 4938 fuerat
2293 4895 2565 4954 superata,
2594 4884 2685 4955 qui
2715 4891 2770 4940 te
2797 4900 2923 4940 mox
2946 4883 3015 4938 ad
3039 4883 3306 4938 deteriora
3333 4888 3544 4952 pertra-

1961 4978 2100 5036 liant
2143 4991 2343 5048 genera
2394 4976 2670 5033 vitiorum.
2735 4975 3080 5048 Quapropter
3127 4975 3390 5032 Dominus
3442 4986 3541 5043 per

1965 5069 2147 5126 omnia
2175 5076 2258 5125 est
2301 5067 2698 5140 deprecandus,
2742 5075 2803 5123 ut
2844 5067 2990 5139 quod
3031 5075 3232 5126 noctem
3257 5067 3398 5125 vires
3427 5075 3538 5121 non

1959 5157 2163 5218 habent
2185 5159 2353 5232 ipsius
2379 5155 2749 5218 misericordia
2769 5166 3077 5218 succurrat.
