4118 6332
540 333 617 393 ,⁵
1372 262 1379 267 ί
1710 308 1951 385 ssnon
1994 308 2310 366 EUTltOPtl
2348 308 2640 366 ABBATIS
3366 284 3369 287 ’
3748 315 3819 372 ts

2221 451 3271 472 -Μ

2221 473 3271 485 _______________—

1364 606 2041 721 SANGTI
2119 603 3011 717 EUTBOPII

1818 792 2085 844 ABBATIS
2118 790 2197 844 ΕΤ
2234 790 2517 842 EPlSCOPI

609 1101 714 1165 DE
747 1093 1310 1163 DISTRICTIONE
1344 1085 1905 1154 MONACHORUM
1942 1078 2047 1144 ET
2078 1081 2322 1144 RUINA
2361 1081 3079 1164 MONASTERIORUM,
3114 1089 3456 1157 DIRECTA
3482 1088 3756 1157 ROME.

1668 1232 1855 1296 (Codex
1887 1230 2185 1294 Regutarum
2212 1228 2408 1279 “amni
2429 1228 2650 1295 Brokle.)

604 1420 958 1490 Omnipotens
990 1415 1248 1472 Dominus
1274 1425 1374 1484 pro
1408 1424 1505 1468 sua
1531 1404 1896 1464 misericordia
1934 1402 2129 1457 huma-
2159 1398 2208 1458 Α
2235 1414 2333 1455 nec
2360 1400 2425 1455 ad
2450 1408 2612 1459 recta:
2645 1402 2770 1457 vita:
2796 1400 3067 1457 tramitem
3093 1403 3457 1474 resipiscendo
3477 1409 3674 1464 reverti
3708 1410 3824 1467 ele-

535 1532 640 1573 nos
673 1514 959 1571 miseratus
986 1522 1201 1565 errores
1234 1521 1332 1577 per
1366 1505 1585 1574 Moysen
1622 1498 2015 1589 sanctissimum
2045 1493 2127 1547 vi-

534 1621 657 1662 rum
691 1603 844 1658 nobis
870 1598 1227 1657 certissimum
1266 1593 1493 1665 praebuit
1517 1591 1927 1651 documentum,
1957 1593 2129 1653 etpro

536 1694 836 1753 olfensione
860 1707 916 1747 et
942 1691 1094 1763 culpa
1127 1685 1558 1756 delinquentibus
1587 1683 1783 1736 debere
1811 1678 1999 1737 irasci.
2024 1686 2080 1729 et
2098 1691 2129 1732 e

536 1794 731 1849 contra
767 1787 907 1841 bene
938 1789 1232 1850 sancteque
1260 1775 1561 1831 viventibus
1598 1772 1752 1827 mites
1779 1779 1835 1826 et
1871 1769 2129 1836 benignos

536 1895 660 1937 esse
688 1878 818 1935 satis
838 1889 1134 1943 congruum
1185 1880 1240 1927 et
1267 1868 1604 1925 laudabiliter
1630 1864 1921 1920 declaravit
1959 1861 2009 1915 itt
2062 1875 2129 1915 eo

533 1971 681 2044 quod
712 1986 808 2040 pro
839 1973 1059 2037 peccato
1105 1960 1286 2034 populi
1314 1958 1672 2028 delinquentis
1695 1997 1713 2025 ,
1760 1965 1818 2010 ut
1853 1953 2130 2023 Scriptura

534 2061 754 2134 proptie
780 2058 1036 2129 loquitur,
1062 2056 1231 2110 iratus
1252 2052 1409 2107 nimis
1437 2050 1662 2112 tabulas,
1683 2062 1817 2117 quas
1843 2061 1872 2100 a
1901 2045 2128 2099 Domino

535 2146 858 2222 acceperat,
905 2150 973 2202 ad
1005 2148 1238 2202 radicem
1269 2144 1467 2200 montis
1494 2140 1793 2210 confregit;
1837 2140 2055 2207 insuper
2074 2143 2131 2192 et

533 2236 748 2300 facinus
785 2240 967 2314 populi
1003 2236 1362 2307 delinquentis
1409 2234 1713 2290 Levitarutn
1747 2229 1924 2301 gladio
1952 2228 2127 2282 vindi-

538 2336 705 2392 cavit.
754 2333 937 2389 Mitem
966 2341 1146 2388 autem
1187 2338 1241 2386 et
1269 2329 1557 2398 benignum
1607 2326 1658 2379 in
1690 2325 1793 2379 hoc
1814 2337 1934 2377 eum
1967 2321 2129 2376 fuisse

538 2445 651 2487 non
674 2430 892 2485 dubium
908 2437 1010 2491 est,
1036 2426 1181 2497 quia,
1202 2440 1299 2496 pro
1324 2423 1402 2480 eis
1420 2421 1614 2492 sacpius
1637 2417 1916 2472 Dominum
1936 2415 2129 2484 depre-

536 2522 750 2591 cando,
798 2522 932 2578 iram
983 2521 1075 2576 Dei
1106 2535 1268 2589 super
1293 2532 1388 2573 eos
1416 2516 1717 2571 venientem
1747 2509 1982 2574 avertit;
2011 2516 2068 2563 et
2094 2521 2126 2563 a

535 2617 732 2688 quibus
759 2613 1050 2684 aliquando
1079 2612 1304 2683 lapidari
1344 2609 1538 2681 potuit,
1569 2623 1665 2676 pro
1696 2622 1772 2661 es
1796 2612 1896 2660 ‘em
1938 2602 2126 2657 Domi-

532 2726 664 2767 nttm
690 2710 969 2780 deprecari
994 2724 1098 2763 non
1130 2705 1354 2762 destitit.
1387 2701 1502 2757 lloc
1531 2701 1597 2754 ad
1627 2714 1861 2770 prmsens
1887 2698 1956 2754 de
1983 2697 2125 2752 mul-

2233 1493 2407 1562 gerint
2431 1534 2445 1558 ,
2478 1494 2602 1548 alibi
2634 1494 2912 1564 praecipit:
2940 1493 3163 1568 lncrepa
3189 1514 3276 1553 eos
3314 1499 3441 1553 dure
3468 1501 3595 1570 (Tit.
3625 1519 3664 1569 t,
3710 1503 3822 1576 15).

2232 1583 2297 1641 Et
2324 1587 2514 1642 iterum
2543 1606 2554 1639 :
2588 1586 2714 1643 Cum
2752 1589 3048 1659 hujusmodi
3086 1609 3177 1646 nec
3197 1592 3363 1647 cibum
3392 1612 3590 1651 sumere
3613 1597 3667 1665 (I
3700 1598 3822 1659 Cor.

2232 1692 2286 1745 v,
2332 1678 2438 1747 ll).
2471 1680 2694 1748 l'ropter
2719 1679 2825 1736 hoc
2852 1682 3015 1736 etiam
3049 1683 3283 1754 loquitur
3306 1686 3490 1742 dicens
3520 1707 3534 1742 :
3571 1688 3824 1747 Inimicus

2229 1769 2369 1825 vobis
2408 1772 2575 1842 factus
2627 1788 2740 1825 sum
2787 1789 2959 1828 verum
3010 1776 3186 1830 dicens
3233 1778 3372 1831 vobis
3417 1777 3555 1845 (Gul.
3602 1798 3674 1842 tv,
3710 1782 3820 1853 i6).

2232 1861 2385 1919 Unde
2406 1871 2461 1916 ct
2488 1864 2760 1919 surcularis
2788 1874 2948 1934 poeta
2977 1883 2989 1914 τ
3025 1864 3357 1937 Obsequium,
3380 1869 3572 1939 inquit,
3602 1878 3820 1942 amicos,

2230 1956 2416 2010 veritas
2445 1955 2618 2010 odium
2654 1958 2828 2026 parit;
2873 1971 3057 2011 amara
3101 1967 3185 2011 est
3215 1959 3357 2012 enim
3383 1962 3598 2025 veritas,
3630 1971 3684 2017 ct
3729 1964 3824 2034 qui

2230 2060 2348 2100 eam
2372 2046 2615 2114 diligunt,
2640 2048 2916 2117 replentur
2938 2046 3315 2105 amaritudine.
3340 2048 3467 2104 Ideo
3483 2062 3536 2106 et
3561 2051 3824 2113 Jeremias

2228 2137 2358 2192 dic't
2388 2155 2398 2188 :
2430 2137 2587 2192 Solus
2614 2138 2875 2203 sedebam,
2904 2139 3026 2210 quia
3062 2142 3411 2197 amaritudine
3426 2144 3643 2216 repletus
3679 2163 3825 2204 erant

2230 2229 2442 2297 (Jerem.
2478 2246 2570 2297 xv,
2612 2229 2724 2299 Π).
2778 2230 2848 2286 Et
2893 2246 3013 2301 qua:
3057 2239 3142 2287 est
3181 2233 3290 2302 ipsa
3322 2237 3665 2304 amaritudo,
3721 2240 3824 2298 nisi

2228 2323 2368 2377 mala
2396 2332 2574 2377 etnon
2593 2332 2739 2378 recta
2764 2324 3119 2393 quorumdam
3140 2324 3412 2381 hominum
3442 2329 3823 2387 conversntio?

2227 2415 2364 2482 Quid
2396 2430 2538 2471 nunc
2582 2416 2808 2484 agimus,
2857 2416 3192 2473 sanctissime
3235 2418 3339 2487 vir,
3382 2421 3719 2478 tacebitnus?
3766 2429 3826 2480 et

2227 2506 2560 2562 dissolutioni
2584 2508 3003 2572 cottsentiemus,
3028 2517 3088 2563 ut
3115 2518 3170 2565 et
3198 2514 3461 2568 mansueti
3482 2524 3538 2569 et
3566 2516 3710 2572 mitis
3729 2534 3825 2574 vo-

2226 2599 2474 2655 cabulum
2498 2599 2839 2669 acquirantus
2862 2600 2886 2655 ?
2913 2599 2978 2653 Et
3000 2601 3126 2670 quid
3167 2603 3323 2658 nobis
3353 2604 3455 2659 hoc
3484 2614 3611 2661 ante
3649 2607 3821 2666 Deum

2224 2691 2486 2763 proderit,
2518 2694 2732 2764 quando
2763 2708 2861 2763 pro
2890 2703 3077 2749 nostro
3104 2696 3318 2752 silentio
3347 2697 3520 2754 anima
3545 2703 3822 2770 pereuntis

531 2801 607 2857 tis
642 2802 709 2857 de.
732 2800 912 2856 Veteri
950 2797 1296 2853 Testamento
1347 2792 1578 2851 sufﬁciat
1631 2790 1965 2846 testimoniis.
2015 2787 2124 2843 Sed
2157 2797 2202 2857 Β
2228 2788 2295 2842 de
2318 2795 2501 2842 nostra
2529 2787 2725 2843 dicitur
2743 2803 2905 2843 manu
2934 2790 3172 2861 perquiri
3195 2793 3218 2846 ?
3241 2790 3297 2847 Si
3325 2802 3503 2848 autent
3529 2810 3560 2850 a
3581 2795 3694 2852 Deo
3716 2812 3822 2854 no.

531 2894 653 2968 ipte
681 2893 938 2949 Dominus
978 2892 1030 2946 in
1063 2889 1350 2957 Evattgelio
1381 2888 1457 2942 sic.
1484 2886 1649 2940 dicit:
1685 2882 1867 2938 Omnis
1908 2884 1992 2954 qui
2019 2884 2127 2936 ira-

532 2985 695 3038 scitur
723 2984 875 3055 fratri
898 2999 990 3037 suo
1018 2997 1136 3035 reus
1159 2981 1253 3033 erit
1259 2978 1459 3050 judicio
1483 2976 1695 3047 (Matth.
1722 2991 1772 3038 v,
1796 2974 1908 3043 ‘22).
1938 2972 2003 3027 Et
2026 2973 2128 3029 hoc

531 3073 766 3144 qualiter
787 3074 1113 3141 intelligatur
1142 3072 1380 3125 adverte.
1408 3068 1499 3123 Ille
1526 3068 1576 3122 it
1611 3069 1711 3122 hoc
1740 3065 1884 3121 dicto
1914 3074 2128 3121 tenetur

531 3164 820 3231 obnoxius,
866 3163 956 3233 qui
985 3178 1089 3217 non
1118 3161 1269 3225 vitio,
1303 3158 1445 3230 quod
1473 3168 1553 3213 est
1583 3158 1633 3211 itt
1664 3158 1881 3211 homine
1903 3157 2123 3221 malum,

529 3257 626 3313 sed
654 3265 858 3312 natura:
888 3256 1051 3326 ipsius
1074 3255 1340 3316 humanm,
1364 3265 1521 3320 quam
1555 3249 1693 3304 Dens
1722 3248 1905 3319 utique
1926 3250 2125 3302 bo~am

530 3347 788 3414 condidit,
824 3348 913 3401 ira:
940 3346 1173 3401 volucrit
1210 3356 1515 3414 prtrrogare
1542 3340 1836 3396 stimulum.
1868 3337 2125 3406 Propter-

529 3455 593 3497 ea
620 3449 674 3495 et
698 3441 1011 3509 quibusdam
1043 3422 1182 3492 male
1214 3435 1674 3498 cnnvrrsautibus,
1716 3440 1770 3487 et
1799 3448 1828 3485 a
1859 3447 1917 3486 se
1938 3432 2123 3486 durius

530 3533 824 3603 increpatis
877 3532 1163 3598 Apostolus
1192 3530 1318 3584 dicit
1350 3546 1363 3581 :
1399 3526 1467 3582 Ut
1518 3528 1684 3581 malus
1711 3543 1874 3581 essem
1919 3543 2006 3580 vos
2032 3542 2123 3581 co-

528 3622 705 3692 egistis
736 3620 819 3690 (Il
851 3619 971 3676 Cor.
1006 3623 1122 3691 χιι).
1154 3617 1218 3673 Et
1253 3619 1321 3673 de
1345 3618 1672 3672 abscissione
1698 3632 1762 3671 ac
1784 3617 2125 3683 separatione

524 3728 716 3768 eorum
746 3716 836 3783 qui
867 3714 1129 3783 pwnitcre
1159 3711 1343 3766 ιιιιιιιιιι
1374 3711 1472 3765 ista
1503 3711 1767 3779 loquitur:
1802 3709 2015 3764 Utinam
2030 3727 2124 3764 ex-

530 3805 773 3860 cidantur
799 3807 884 3877 qui
909 3822 994 3861 vos
1037 3802 1346 3858 conturbant
1378 3802 1522 3871 (Gal.
1552 3819 1604 3868 ν,
1638 3801 1725 3872 12)
1754 3801 1767 3853 ε
1816 3800 1891 3855 De
1930 3800 2122 3871 quibus

524 3903 584 3951 et
614 3896 868 3950 Dominus
910 3896 962 3949 in
1013 3894 1321 3963 Evangelio,
1353 3901 1413 3947 ιιι
1456 3892 1572 3948 aliis
1603 3894 1778 3948 verbis
1824 3895 2045 3962 loquar;
2074 3893 2119 3948 si

526 3987 722 4055 Impius
769 3994 949 4040 autem
992 3985 1294 4039 atlutonitu~
1322 3983 1485 4039 fater
1506 3985 1697 4046 corrigi
1745 3986 2011 4049 noluerit,
2052 3986 2121 4039 sit

528 4077 620 4131 tibi
645 4076 777 4130 sicut
798 4076 1026 4131 ethnicus
1042 4085 1088 4129 et
1100 4074 1791 4147 pub.icantts(blattlt.xvttt,
1824 4075 1934 4146 17).
1966 4077 2119 4143 Quod

2226 2880 2309 2936 bis
2335 2881 2596 2935 creditum
2639 2894 2857 2951 gregem
2904 2890 2962 2939 et
3010 2885 3346 2943 exhortando
3386 2897 3442 2943 et
3491 2890 3821 2961 increpando

2226 2974 2419 3044 smpius
2447 2989 2478 3029 a
2504 2973 2700 3030 diaboli
2725 2975 2926 3044 laqueis
2946 2985 3004 3032 et
3032 2991 3286 3047 perverso
3306 2980 3633 3038 voluerimus
3653 2998 3822 3053 opere

2225 3083 2504 3136 revocare,
2534 3069 2766 3126 immites
2794 3078 2852 3126 et
2878 3071 3055 3140 asperi
3097 3072 3384 3129 multorum
3428 3090 3524 3131 ore
3550 3075 3816 3140 dicemur.

2225 3157 2330 3213 Sed
2360 3160 2604 3230 quamvis
2652 3159 2755 3215 hoc
2782 3175 2812 3214 a
2856 3161 3058 3227 multis,
3091 3162 3182 3232 qui
3231 3162 3406 3220 locum
3436 3166 3597 3223 ollicii
3644 3173 3817 3227 nostri

2226 3265 2333 3305 non
2366 3250 2688 3320 intelligunt,
2717 3266 2860 3322 stupe
2888 3252 3116 3317 dicatur,
3143 3256 3371 3311 tenenda
3401 3266 3484 3313 est
3513 3268 3691 3316 tamen
3714 3263 3817 3319 dis-

2225 3345 2417 3410 ctetio,
2448 3352 2503 3397 et
2526 3355 2728 3398 sancta:
2756 3344 2951 3413 regula:
2979 3345 3262 3410 institutio,
3297 3358 3353 3402 ut
3382 3367 3500 3421 qua:
3523 3362 3697 3422 patres
3725 3357 3812 3412 iu-

2225 3438 2516 3493 stituetunt
2534 3437 2695 3491 etiam
2710 3452 3052 3493 successores
3072 3449 3125 3492 et
3152 3438 3241 3494 filii
3272 3442 3476 3512 integra
3504 3446 3613 3501 illib
3631 3457 3812 3519 ttaque

2224 3527 2529 3583 custodiant
2548 3537 2598 3580 et
2617 3529 2924 3582 observent.
2948 3527 3080 3583 Nam
3107 3531 3150 3583 si
3175 3531 3226 3585 in
3246 3532 3470 3602 aliquoa
3501 3547 3809 3597 sanctorum

2225 3616 2440 3671 Patrum
2474 3619 2805 3672 institutione
2843 3626 2897 3673 et
2929 3621 3141 3675 tramite
3170 3623 3362 3678 devian
3384 3627 3489 3678 lum
3515 3667 3529 3689 ,
3581 3643 3681 3683 nec
3712 3646 3811 3700 pro

2222 3708 2392 3776 cubum
2434 3723 2545 3763 sna:
2572 3708 2691 3777 quis
2733 3709 2992 3777 qualitate
3020 3720 3075 3764 et
3113 3727 3278 3781 opere
3307 3714 3659 3786 ἰιιειορςιηίιιιδ
3688 3730 3807 3790 est;

2222 3801 2362 3869 quis,
2406 3813 2610 3867 quaeso,
2644 3801 2905 3854 malorum
2947 3802 3050 3856 hoc
3076 3802 3246 3871 audit,
3272 3805 3361 3874 qui
3436 3823 3577 3863 nunc
3616 3810 3808 3868 saltem

2223 3901 2442 3961 propter
2463 3892 2723 3962 supplicia
2756 3902 3074 3959 terreantur,
3109 3898 3196 3963 qui
3229 3913 3335 3951 non
3359 3913 3691 3972 quascunque
3713 3919 3807 3959 vo-

2219 3984 2372 4039 luerit
2403 3995 2544 4053 agat,
2578 3993 2635 4039 et
2654 4000 2887 4055 praeceps
2910 3986 3110 4041 feratur
3137 3988 3202 4041 ad
3232 3990 3357 4044 vitia
3382 3992 3405 4044 ?
3433 3990 3496 4046 Et
3526 4005 3809 4063 propterea

2221 4077 2412 4132 divina:
2440 4079 2691 4145 potentia:
2718 4078 2851 4131 ordo
2879 4087 2935 4133 ct.
2954 4078 3233 4135 ittell‘nbilis
3257 4082 3536 4150 dispositio
3565 4088 3809 4158 prmcipit

525 4170 577 4224 si
604 4178 807 4236 tacere,
833 4176 888 4223 et
914 4168 1312 4238 tlelittqnentcm
1341 4169 1507 4237 (quod
1536 4169 1679 4222 tlittu
1706 4184 1919 4237 quoque
1967 4168 2115 4222 nefas
2145 4173 2189 4233 C
2222 4177 2278 4221 ιιι
2316 4169 2383 4223 sit
2428 4169 2478 4222 itt
2510 4169 2706 4223 smculo
2731 4168 2996 4239 princeps,
3031 4171 3081 4224 in
3114 4169 3346 4225 Ecttltsia
3380 4182 3560 4239 pastor
3580 4183 3632 4230 et
3672 4193 3809 4247 pon-

527 4261 633 4330 cst)
678 4277 773 4333 pro
802 4261 972 4331 culpa:
1018 4261 1237 4317 tnodu'o
1281 4277 1385 4315 non
1436 4260 1691 4315 debemus
1720 4274 1978 4328 arguere,
2018 4276 2115 4316 cur

527 4368 710 4424 quaeso
747 4355 901 4409 nobis
928 4369 1024 4423 per
1063 4353 1252 4407 Isaiam
1301 4353 1551 4407 Dominus
1598 4352 1838 4422 ιιι-ωςίρῐι
1887 4352 2112 4409 dicens:

529 4446 731 4507 Clama.
757 4465 821 4501 ne
845 4451 1032 4513 cesses,
1064 4450 1209 4519 quasi
1234 4447 1351 4502 tuba
1374 4447 1547 4502 exaltu
1573 4464 1742 4501 vocem
1770 4457 1927 4507 tuam,
1951 4458 2000 4501 et
2020 4465 2118 4503 an-

529 4540 711 4593 nuntio
732 4556 865 4609 popu
887 4557 917 4595 ο
933 4555 1045 4595 meo
1063 4541 1256 4595 scelera
1283 4556 1479 4607 eorum,
1499 4548 1547 4594 et
1568 4541 1690 4610 [iiiis
1724 4538 1891 4594 Israel
1909 4551 2116 4610 peccata

527 4645 703 4684 eorum
732 4629 885 4701 (lsai.
919 4649 1065 4699 Lvttt,
1094 4632 1117 4686 ι
1153 4652 1169 4700 ;
1198 4642 1253 4687 et
1284 4633 1410 4687 illud
1437 4631 1727 4688 Ezechielis
1753 4650 1767 4685 :
1800 4632 1860 4688 Si
1885 4651 1985 4687 non
2020 4651 2115 4688 anc

527 4724 844 4779 nuutiareris
863 4726 1023 4795 impio
1052 4738 1104 4778 ut
1133 4726 1197 4781 ab
1227 4728 1496 4798 iniquitate
1523 4743 1616 4781 sua
1645 4735 1995 4793 convertatur,
2025 4726 2115 4780 ille

528 4816 732 4885 quidem
754 4819 940 4886 impius
958 4819 1013 4873 in
1035 4820 1299 4891 iniquitate
1323 4836 1418 4874 sua
1444 4855 1459 4881 ς
1492 4836 1642 4884 quam
1667 4828 1906 4889 operatus
1933 4830 2028 4885 est,
2059 4820 2115 4874 in

527 4911 641 4978 ipsa
691 4913 984 4976 morietur;
1021 4913 1321 4984 sanguinem
1352 4923 1518 4967 autem
1550 4915 1689 4966 illius
1717 4914 1781 4968 de
1822 4931 1977 4969 manu
2026 4924 2115 4968 tua

526 5004 786 5073 requiram
811 5003 1027 5073 (Επειδὴ.
1061 5021 1221 5070 xxxv,
1250 5005 1327 5075 8).
1355 5005 1451 5060 Cui
1480 5007 1757 5060 sententia:
1787 5022 1884 5060 nos
1911 5006 2111 5060 dictum

528 5093 658 5150 illud
698 5094 937 5152 doctoris
981 5099 1179 5168 egrcgii
1219 5098 1611 5167 subiungimus.
1649 5096 1711 5151 Et
1738 5098 1863 5166 quid
1893 5097 2112 5166 prodest

526 5197 636 5240 nan
667 5187 842 5254 puniri
882 5201 981 5242 suo
1004 5230 1019 5253 ,
1068 5188 1158 5256 qui
1186 5186 1486 5257 puniendus
1514 5193 1598 5239 est
1633 5184 1809 5238 alieno
1833 5193 2058 5255 peccato
2086 5186 2111 5241 ἲ

528 5276 595 5331 ad
641 5275 979 5334 Ttmotheum
1026 5287 1203 5334 autem
1250 5276 1448 5333 Paulus
1492 5276 1768 5347 apostolus
1817 5286 2002 5342 aperte
2030 5277 2112 5333 lo-

528 5367 725 5434 qttltttr,
755 5368 937 5426 dicens
965 5385 983 5425 :
1029 5370 1215 5440 Argue,
1240 5370 1470 5434 obsecra,
1496 5371 1725 5434 increpa,
1745 5370 1798 5423 in
1845 5371 1987 5423 omni
2014 5386 2111 5441 pa-

531 5455 711 5515 tientia
736 5468 784 5513 et
806 5459 1040 5515 doctrina
1070 5460 1156 5531 (ΙΙ
1181 5460 1315 5515 Tim.
1344 5476 1418 5527 tv,
1438 5459 1495 5528 9.)
1525 5478 1539 5527 ;
1584 5460 1677 5515 sed
1699 5476 1793 5516 eos
1818 5462 1908 5531 qui
1937 5462 2105 5519 semel

2224 4261 2351 4314 tifex
2380 4260 2718 4327 prmftciatttr,
2749 4270 2805 4316 et
2849 4262 2902 4315 in
2936 4264 3273 4317 tnntta~teriis
3298 4272 3467 4332 pater,
3499 4276 3558 4320 ut
3600 4268 3806 4326 nefario

2219 4353 2368 4423 operi
2392 4362 2446 4407 ct
2466 4353 2675 4408 actibus
2697 4354 2939 4407 scelestis
2960 4361 3014 4405 et
3037 4354 3211 4421 impiES
3232 4355 3515 4418 obsistere.
3538 4367 3593 4413 et
3614 4371 3807 4418 contra

2217 4443 2433 4498 humani
2459 4445 2672 4511 generis
2694 4458 2872 4499 mores
2894 4453 3261 4515 perpetratum
3292 4446 3498 4505 facinus
3517 4450 3808 4509 ιιίςιτίριίο-

2216 4546 2271 4592 et
2320 4537 2623 4592 severitatis
2671 4537 2840 4607 possit
2872 4537 3051 4607 gladio
3081 4539 3368 4596 vindicare.
3414 4541 3646 4598 Sanctus
3695 4544 3800 4601 Au-

2215 4631 2458 4699 gustinus
2479 4631 2783 4703 pneclatus,
2817 4641 2876 4686 ut
2896 4633 3098 4703 optime
3125 4634 3284 4694 nosti,
3318 4632 3571 4690 Ecclesiae
3591 4636 3796 4707 doctor,

2215 4738 2333 4793 quc
2362 4724 2413 4778 in
2436 4733 2631 4779 octavo
2657 4723 2905 4780 Civitatis
2936 4724 3025 4778 Dei
3050 4723 3188 4778 libro
3216 4724 3346 4777 dicit
3370 4724 3611 4781 adverte.
3642 4727 3794 4783 Deni-

2213 4828 2319 4883 que
2348 4815 2399 4867 in
2427 4814 2705 4882 disciplina
2730 4821 2914 4867 nostra
2938 4827 3045 4866 non
3070 4820 3177 4866 tam
3205 4814 3461 4882 qumritur
3489 4827 3665 4871 utrutu
3685 4819 3799 4889 piuc

2213 4906 2423 4959 animus
2453 4905 2729 4970 irascatur,
2762 4918 2862 4959 nec
2889 4911 3066 4958 utrum
3092 4905 3163 4960 sit
3193 4905 3357 4961 tristis
3381 4948 3398 4974 ,
3428 4906 3522 4962 sed
3567 4909 3706 4965 unde
3732 4910 3805 4966 sit

2214 4997 2422 5061 tristis;
2455 5012 2557 5051 nec
2601 5005 2778 5051 utrum
2809 4996 3015 5054 timeat.
3053 4997 3149 5053 sed
3196 4999 3324 5068 quid
3375 4999 3579 5055 timeat.
3635 4999 3801 5058 Irasci

2211 5090 2353 5145 enim
2382 5090 2710 5161 tlelinqttenti
2763 5098 2823 5145 ut
2850 5090 3174 5160 corrigatur,
3219 5093 3522 5149 contristari
3564 5109 3665 5165 pro
3718 5093 3801 5150 af-

2210 5179 2357 5237 ﬂicto
2382 5191 2441 5237 ut
2462 5181 2741 5252 liberetur,
2772 5183 2966 5238 timere
3009 5182 3329 5253 periclitanti
3358 5199 3425 5239 ne
3468 5192 3671 5255 pereat,
3697 5200 3797 5240 ne-

2209 5277 2324 5331 scio
2347 5285 2522 5330 utrum
2552 5278 2831 5347 quisquam
2871 5292 3002 5333 sana
3030 5277 3462 5335 consideratione
3504 5278 3800 5349 reprehen-

2209 5367 2339 5423 dere
2381 5365 2599 5423 audeat.
2631 5367 2880 5424 Facttltas
2906 5377 3089 5424 autem
3118 5369 3270 5423 istius
3296 5369 3476 5425 sasculi
3503 5383 3666 5439 quam
3698 5386 3799 5426 no.

2207 5460 2291 5515 bis
2319 5460 2575 5517 Dominus
2620 5476 2719 5531 pro
2761 5462 3083 5518 necessitate
3109 5469 3167 5517 et
3203 5462 3596 5517 sustentatione
3643 5463 3797 5520 istius

529 5557 584 5602 et
610 5547 803 5604 iterum
832 5550 1088 5607 admoniti
1115 5551 1320 5606 facinus
1346 5566 1501 5606 suum
1534 5552 1839 5619 [.mnitendo
1876 5566 2107 5622 cognos-
2136 5556 2189 5617 D
2213 5556 2519 5612 transitoria
2543 5557 2685 5623 vitae,
2716 5566 2774 5613 et
2816 5573 2923 5612 non
2966 5572 3066 5628 pro
3110 5554 3318 5612 luxuria
3346 5564 3401 5611 et
3428 5553 3795 5627 superﬂuitate

530 5653 672 5706 cere,
723 5650 778 5695 et
815 5641 868 5697 in
905 5642 1096 5700 melius
1139 5657 1290 5698 suam
1317 5642 1582 5698 voluerint
1610 5643 1773 5700 vitam
1815 5645 2104 5714 corrigere.

531 5730 793 5789 Caeterum
819 5736 888 5793 de
925 5737 1047 5803 illis,
1078 5735 1170 5806 qui
1196 5737 1247 5791 in
1276 5736 1419 5792 malo
1438 5751 1784 5809 perseverare
1803 5740 2102 5811 pmposito,

2210 5648 2456 5704 facienda
2481 5664 2575 5704 sua
2600 5649 2949 5706 miseratione
2975 5648 3181 5705 donare
3216 5648 3463 5719 dignatus
3491 5656 3602 5715 est,
3633 5649 3794 5706 etiam

2208 5742 2252 5798 si
2282 5741 2336 5798 in
2358 5751 2495 5810 toto,
2527 5741 2670 5813 quod
2696 5757 2805 5799 non
2830 5749 2933 5811 est,
2953 5740 3281 5799 sufficientes
3299 5756 3418 5800 esse
3438 5742 3662 5814 possint,
3684 5757 3797 5803 non
