4118 6332
276 380 336 444 tt
1115 379 1443 442 EPISTOLA
1480 384 1567 441 ne
1603 381 2073 444 msrntc'rtone
2109 348 2602 450 nunicnoauu.
3472 392 3568 458 ,εκ

272 505 451 552 tamen
493 491 617 549 ideo
652 492 936 550 affluenter
962 501 1020 549 et
1057 493 1336 564 splendide
1357 495 1561 563 vivere,
1599 505 1656 553 et
1678 497 1853 553 ventri
1876 500 1931 559 Δ
1955 506 2013 555 et
2034 500 2326 571 spatiosam
2348 503 2500 559 multi
2523 503 2912 575 ingrediuntur,
2954 518 3012 565 et
3038 508 3093 565 in
3117 510 3379 579 gehennae
3410 526 3555 583 pro-'

270 596 325 642 et
352 586 492 653 gula:
519 586 915 642 inserviendum
936 595 1037 654 est,
1058 587 1221 641 etiam
1249 586 1293 643 si
1314 587 1398 645 bis
1424 589 1672 645 omnibus
1691 590 1858 644 abun—

268 677 479 734 demus.
512 676 766 733 Prohibet
791 678 935 734 enim
966 678 1071 734 boc
1095 678 1374 749 Scriptura
1401 680 1587 736 dicens
1616 679 1860 737 :Divitiar

268 771 313 825 si
340 770 586 841 affluant,
634 771 790 825 nolite
817 787 905 825 cor
930 787 1187 841 apponere
1210 772 1498 843 (Psalxu,
1532 771 1620 843 ii)
1647 788 1663 838 ;
1713 772 1860 842 Apo-

265 861 438 917 stolus
468 871 645 917 autem
677 880 693 914 :
740 862 806 916 Et
828 867 1001 917 carnis
1017 881 1193 918 curam
1218 881 1282 919 ne
1308 866 1532 937 feceritis
1554 867 1608 919 in
1653 865 1857 921 deside-

265 956 357 1010 riis
380 955 556 1021 (Rom.
583 973 693 1022 xm,
729 957 841 1027 il).
871 957 939 1014 Et
963 962 1158 1031 castigo
1183 977 1367 1031 corpus
1393 978 1561 1015 meum
1587 972 1634 1017 et
1663 964 1856 1017 iniser-

263 1052 469 1103 uitutem
494 1052 685 1123 redigo.
711 1069 776 1106 ne
804 1054 937 1123 forte
966 1054 1085 1107 dum
1116 1055 1235 1108 aliis
1255 1054 1511 1124 prwdico,
1543 1056 1652 1126 ipse
1679 1073 1857 1126 repro-

262 1140 357 1194 bus
384 1144 591 1212 efﬁciar
622 1143 674 1213 (Ι
703 1142 820 1199 Cor.
849 1162 922 1207 tx,
954 1144 1066 1209 27).
1101 1145 1326 1215 Propter
1351 1147 1495 1215 quod
1523 1156 1577 1202 et
1609 1148 1857 1216 frequen-

262 1238 347 1285 ter
377 1232 431 1285 in
456 1232 594 1289 fame
617 1243 670 1288 et
698 1234 807 1300 siti,
833 1246 887 1289 et
907 1236 1167 1300 nuditate,
1200 1247 1253 1291 et
1275 1237 1488 1306 jejuuiis
1509 1254 1649 1306 saepe
1666 1240 1857 1295 asserit

260 1321 499 1392 gloria:i.
551 1323 613 1379 Et
641 1326 767 1380 illud
826 1327 878 1381 in
926 1325 1216 1395 Evangelio
1272 1328 1486 1384 Domini
1523 1347 1535 1383 :
1569 1328 1693 1384 Non
1741 1348 1858 1401 gra-

258 1426 440 1469 ventur
467 1418 624 1471 corda
656 1426 820 1473 vestra
851 1421 903 1472 in
930 1421 1145 1490 crapula
1188 1430 1237 1475 et
1283 1423 1526 1477 ebrietate
1554 1420 1704 1493 (Luc.
1740 1440 1850 1495 κει,

260 1508 372 1578 54).
421 1508 574 1577 Quod
600 1512 647 1565 si
675 1528 779 1566 non
810 1514 882 1567 ita
927 1525 1028 1578 est,
1051 1514 1168 1570 sine
1198 1531 1356 1571 causa
1384 1530 1515 1584 ergo
1544 1527 1853 1571 sanctorum

262 1599 479 1655 Patrum
500 1602 740 1671 quotidie
756 1604 917 1658 Vitam
942 1604 1187 1672 legimus.
1208 1606 1442 1673 Quorum
1465 1607 1853 1677 professionem

260 1696 445 1746 tene:c
491 1708 588 1749 nos
616 1694 865 1761 dicimus,
915 1696 1212 1751 secundum
1242 1712 1428 1752 eorum
1458 1698 1852 1754 institutionem

258 1779 438 1835 vivere
468 1781 847 1838 detrectamus.
882 1782 952 1840 Ut
979 1785 1103 1854 quid
1126 1785 1285 1840 etiam
1308 1798 1359 1841 et
1383 1786 1639 1843 Dominus
1670 1796 1854 1844 noster

1957 589 2122 647 fundo
2148 592 2568 664 praecipitantur.
2612 593 2721 652 Nos
2756 597 2924 666 enim,
2970 601 3109 657 sicut
3135 601 3447 659 fundatores
3487 609 3546 660 et

1958 681 2144 740 Patres
2166 682 2319 742 istius
2356 690 2667 745 monasterii
2701 698 3008 761 tenuerunt,
3050 704 3106 749 et
3155 695 3311 752 nobis
3345 694 3541 751 tradita

1956 775 2291 845 dimiserunt,
2320 778 2613 835 auxiliante
2637 779 2866 838 Domino
2908 793 2965 839 et
2993 786 3267 843 tenuimus
3295 795 3353 843 et
3389 794 3544 843 tene-

1957 883 2097 934 mus,
2138 885 2237 926 nec
2264 871 2522 942 quidquid
2549 888 2711 943 super
2738 884 2831 929 aut
2854 877 3027 932 minus
3046 878 3293 945 facimus,
3337 892 3557 935 memo-‘

1955 976 2045 1017 res
2066 962 2206 1017 illius
2225 962 2532 1032 Scriptum,
2561 981 2682 1036 qua:
2709 967 2875 1023 dicit:
2908 968 2994 1024 Ne
3014 973 3416 1043 transgrediaris
3442 983 3546 1026 ter-

1956 1054 2125 1106 minos
2147 1055 2382 1125 antiquos
2410 1071 2537 1126 quos
2581 1067 2862 1126 posuerunt
2901 1068 3074 1130 patres
3096 1064 3165 1116 tui
3196 1062 3375 1127 (Prov.
3408 1077 3543 1127 nn,

1959 1140 2069 1209 28).
2094 1140 2161 1195 Et
2194 1160 2207 1195 :
2242 1142 2342 1207 Qui
2371 1146 2572 1199 modica
2609 1148 2805 1217 spernit
2833 1151 3085 1217 paulatim
3132 1151 3320 1206 decidit
3352 1151 3544 1219 (Eccli.

1956 1238 2090 1303 xu),
2122 1244 2178 1289 ttt
2200 1252 2295 1307 per
2316 1237 2432 1293 hac
2452 1236 2696 1296 dom'nos
2724 1249 2781 1295 et
2826 1238 3012 1297 Patres
3040 1252 3285 1307 nostros,
3316 1243 3407 1312 qui
3457 1259 3546 1299 re-

1955 1325 2133 1394 gulam
2162 1328 2299 1382 hanc
2324 1329 2615 1383 secundum
2641 1330 2984 1398 antiquorum
3017 1347 3277 1397 normam,
3310 1330 3420 1385 Deo
3440 1329 3546 1387 sibi

1957 1416 2270 1487 inspirante,
2303 1420 2662 1482 instituerunt,
2689 1422 2740 1476 in
2765 1421 2970 1490 judicio
2999 1421 3094 1476 Dei
3136 1438 3242 1476 non
3288 1423 3546 1478 adversa-

1956 1511 2086 1576 rios,
2102 1511 2193 1566 sed
2211 1522 2468 1581 patronos
2482 1513 2533 1567 in
2551 1515 2800 1569 omnibus
2816 1514 3126 1570 habeamus.
3144 1512 3272 1569 Nam
3290 1514 3392 1569 etsi
3405 1512 3546 1570 furto

1954 1601 2147 1671 aliquis
2175 1603 2318 1658 dicat
2347 1603 2502 1658 nimis
2529 1604 2770 1661 distriete
2800 1620 2897 1661 nos
2937 1619 3115 1673 agere,
3167 1611 3224 1659 et
3252 1612 3543 1673 propterea

1955 1691 2098 1761 aliqu
2136 1708 2163 1748 s
2184 1708 2214 1746 a
2241 1694 2396 1749 nobis
2420 1693 2563 1749 dicat
2590 1694 2757 1759 exire,
2794 1704 2849 1749 ct
2875 1710 3007 1764 pace
3048 1704 3135 1749 tua
3168 1693 3455 1763 loquimur,
3488 1701 3547 1747 et

1954 1783 2102 1838 salvo
2133 1792 2227 1839 tuo
2254 1785 2569 1841 charissima
2601 1787 2755 1842 nobis
2781 1799 2836 1843 et
2859 1788 2969 1842 Deo
2992 1788 3153 1858 digno
3183 1788 3404 1844 honoris
3432 1789 3542 1860 pri-

258 1868 551 1923 secuudum
577 1869 726 1925 Isaia:
750 1874 1056 1928 vaticinium
1082 1875 1341 1945 prmeipit,
1368 1876 1553 1932 dicens
1579 1894 1591 1929 :
1619 1876 1684 1931 In
1716 1879 1851 1933 viam
1880 1884 1928 1947 Β
1954 1875 2148 1941 vilegio
2169 1874 2411 1941 dicimus,
2462 1879 2771 1951 quicunque
2820 1879 2957 1935 alius
3006 1880 3110 1936 hoc
3152 1880 3301 1945 dicit,
3330 1880 3543 1936 videtur

259 1961 485 2030 gentium
512 1978 573 2014 ne
594 1960 824 2016 abieritis
854 1962 1066 2035 (Matth.
1099 1980 1152 2030 x,
1182 1963 1258 2037 5),
1288 1964 1385 2019 nisi
1419 1975 1474 2019 ttt
1501 1981 1728 2036 quorum
1756 1982 1845 2022 se-

259 2060 445 2121 parata
476 2062 559 2108 est
578 2054 785 2123 religio,
808 2066 1088 2126 separetur
1117 2066 1172 2112 et
1191 2058 1301 2112 vita
1328 2056 1527 2113 iNulla
1556 2059 1697 2114 enim
1744 2060 1848 2114 erit

257 2142 509 2198 distantia
532 2145 672 2200 inter
693 2146 973 2215 profanum
992 2157 1045 2204 et
1071 2158 1335 2213 sanctum,
1370 2150 1510 2204 inter
1535 2150 1846 2206 satcularem

258 2242 312 2291 et
338 2234 686 2307 monachum,
718 2237 975 2307 frugaletn
1004 2252 1054 2295 et
1086 2256 1329 2313 parcum,
1358 2242 1405 2296 si
1433 2242 1629 2311 passim
1656 2242 1849 2297 volun-

257 2329 353 2382 tati
382 2340 581 2385 nostra:
628 2341 687 2386 et
723 2316 1171 2403 concupiscentia:
1225 2333 1501 2389 deservire
1525 2335 1848 2390 voluerimus

256 2425 313 2471 et
340 2418 678 2476 satisfacere.
710 2422 817 2476 Aut
843 2423 971 2493 quid
1001 2424 1153 2479 nobis
1178 2435 1305 2479 ante
1332 2424 1499 2480 Deum
1531 2426 1769 2495 proderit
1795 2428 1848 2482 in

252 2511 474 2566 nomine
521 2521 748 2581 tantum,
778 2524 833 2571 et
861 2532 968 2571 non
1007 2517 1167 2572 etiam
1199 2517 1252 2572 in
1280 2528 1467 2573 sant-ta
1497 2528 1553 2573 et
1575 2520 1715 2575 bona
1736 2522 1848 2578 vita

255 2612 310 2658 et
328 2608 745 2663 conversatione
771 2609 1021 2665 laudabili
1045 2609 1307 2681 professio
1332 2612 1607 2685 religionis
1627 2616 1850 2671 nostrte?

257 2693 437 2752 Primo
465 2707 591 2754 ante
615 2697 804 2767 Deum,
835 2702 1026 2758 deinde
1065 2712 1190 2759 ante
1218 2705 1461 2761 homines
1484 2746 1499 2770 ,
1541 2706 1587 2763 si
1612 2706 1851 2762 volueri-

254 2802 376 2843 mus
393 2791 717 2857 osten-lere,
744 2793 1036 2848 secundum
1068 2792 1197 2848 illud
1228 2794 1370 2866 quod
1400 2794 1468 2850 de
1490 2794 1744 2850 Samuele
1776 2791 1852 2852 le-

254 2876 433 2948 gitur:
465 2879 537 2934 Et
575 2882 810 2951 placebat
842 2892 948 2937 tam
984 2881 1092 2937 Deo
1116 2900 1270 2956 quant
1318 2884 1604 2941 hominibus
1631 2884 1684 2951 (1
1717 2883 1846 2956 Reg.

257 2984 322 3036 tt,
352 2968 468 3041 29).
499 2968 565 3025 Et
603 2972 859 3030 Dominus
897 2975 948 3029 in
990 2972 1281 3045 Evangelio
1310 2988 1328 3029 ‘:
1366 2974 1606 3043 Videant,
1655 2977 1847 3057 inquit,

256 3069 426 3117 vestra
466 3079 622 3132 opera
646 3063 798 3130 bona,
824 3074 874 3120 et
898 3065 1188 3138 glorificent
1217 3067 1428 3123 Patrem
1449 3078 1671 3123 vestrum
1689 3070 1773 3139 qui
1794 3070 1849 3123 in

256 3154 399 3207 cretis
427 3163 504 3207 est
536 3153 753 3225 (Matth.
778 3173 832 3222 ν,
870 3156 975 3227 16).
1010 3157 1077 3212 Ει
1102 3160 1207 3214 hoc
1234 3158 1375 3228 ideo,
1400 3161 1524 3230 quia
1562 3162 1847 3229 quodcun-

254 3256 365 3312 que
387 3242 585 3298 bonum
608 3245 660 3300 in
683 3246 837 3301 nobis
857 3261 977 3303 esse
1004 3248 1225 3314 dicitur,
1272 3264 1381 3305 non
1407 3266 1474 3305 ex
1500 3259 1699 3306 nostra:
1720 3253 1846 3307 vita:
1874 3281 1921 3343 Ο

253 3348 377 3391 esse
402 3336 616 3403 merito,
657 3338 751 3394 sed
796 3338 891 3394 Dei
920 3340 1143 3409 gratiam
1192 3342 1361 3412 gratis
1407 3342 1560 3397 nobis
1598 3342 1849 3413 largienti

255 3425 523 3483 tribuatur
562 3428 726 3486 dono.
759 3427 911 3486 Unde
963 3438 1018 3487 et
1073 3431 1273 3488 Paulus
1302 3434 1623 3504 apostolus:
1667 3433 1852 3490 Provi-

256 3517 455 3585 dentes,
502 3518 694 3589 inquit,
737 3519 870 3575 bona
905 3537 1009 3577 non
1047 3531 1247 3577 tantum
1282 3539 1460 3579 coram
1491 3525 1732 3589 Domino,
1758 3526 1852 3579 sed

256 3610 414 3665 etiam
433 3626 610 3665 coram
638 3611 875 3667 omnibus
896 3612 1183 3668 hominibus
1205 3612 1290 3686 (Il
1322 3613 1442 3670 Cor.
1464 3631 1575 3683 vm,
1605 3615 1718 3684 21).
1747 3615 1850 3683 Qui

259 3699 385 3755 alibi
407 3701 626 3759 Iaudem
646 3704 924 3759 hominum
953 3719 1052 3775 pro
1073 3720 1207 3760 vana
1230 3706 1399 3775 g'oria
1428 3706 1749 3762 declinando
1776 3706 1852 3763 di-

259 3792 413 3847 cebat
440 3811 453 3847 :
485 3794 547 3849 Si
595 3796 763 3850 adhuc
813 3796 1102 3852 hominibus
1129 3798 1405 3869 placerem,
1435 3797 1628 3854 Christi
1674 3815 1850 3857 servus

260 3901 359 3939 non
403 3903 567 3940 essem
596 3887 737 3959 (Gal.
789 3904 828 3957 ι,
891 3889 1000 3960 10).
1042 3888 1388 3945 Beatissimus
1417 3906 1632 3961 quoque
1662 3890 1851 3949 Petrus

259 3975 638 4045 Apostolorum
665 3982 903 4034 omnium
948 3988 1109 4051 caput
1151 3990 1205 4035 et
1253 3982 1539 4051 princeps:
1572 3981 1852 4037 Conscien-

261 4069 383 4123 tiam
412 4080 464 4124 et
485 4073 941 4137 conversationem,
970 4073 1161 4143 inquit,
1191 4072 1370 4127 habete
1389 4074 1527 4128 inter
1553 4084 1728 4145 gentes
1758 4074 1850 4131 bo-

259 4170 479 4227 nam,ut
510 4164 564 4217 in
604 4181 663 4218 eo
707 4166 841 4235 quod
890 4164 1164 4219 detrahunt
1210 4166 1274 4219 de
1302 4166 1440 4221 vobis
1489 4177 1731 4237 tanquam
1786 4167 1850 4221 de

260 4255 697 4324 malefactoribus,
742 4259 1130 4328 confundantur
1167 4259 1483 4328 infamantes
1528 4269 1746 4313 uestram
1792 4261 1849 4314 in

262 4342 465 4400 Christo
502 4345 690 4401 bonam
724 4350 1168 4404 conversationem
1196 4348 1285 4418 (11
1312 4348 1450 4404 Petr.
1484 4366 1541 4416 tt,
1584 4350 1694 4423 19.).
1743 4357 1849 4424 Up-

260 4445 434 4493 tamus
478 4448 681 4506 autem,
710 4448 767 4493 et
812 4440 915 4495 hoc
953 4456 1021 4495 ex
1066 4449 1182 4496 toto
1229 4442 1471 4511 cupimus
1506 4442 1721 4511 affectu,
1773 4445 1846 4500 mi

261 4525 440 4597 Pater,
464 4528 608 4599 quod
636 4538 691 4585 et
720 4538 776 4586 tu
804 4531 905 4598 vis,
928 4541 984 4586 et
1012 4541 1232 4602 paratus
1255 4548 1399 4601 sum,
1430 4541 1488 4589 ut
1508 4535 1703 4601 dicam,
1733 4552 1846 4592 ma-

1954 1965 2109 2020 nobis
2135 1967 2565 2023 moitastcrialem
2593 1970 2828 2038 regulam
2870 1986 2971 2027 nec
3001 1985 3161 2025 nosse
3181 1971 3415 2040 penitus,
3443 1984 3545 2026 nec

1950 2056 2248 2125 intelligere
2280 2096 2295 2123 ,
2338 2066 2393 2113 et
2441 2075 2539 2129 per
2566 2060 2672 2116 hoc
2693 2072 2916 2132 apparet
2941 2077 3061 2115 eutn
3105 2077 3211 2117 non
3259 2061 3415 2117 nobis
3443 2061 3541 2116 de-

1951 2150 2182 2216 trahere,
2216 2150 2309 2205 sed
2328 2166 2478 2205 suam
2510 2152 2830 2222 imperitiam
2862 2141 3153 2224 publicare.
3176 2152 3328 2207 Dicat
3356 2163 3541 2207 autem

1950 2244 2047 2299 sibi
2065 2244 2289 2314 quisque
2314 2246 2404 2299 ille
2428 2244 2575 2313 quod
2598 2246 2731 2312 vult,
2767 2248 2864 2301 nos
2892 2244 3229 2315 autemquod
3248 2244 3545 2319 accipimus

1951 2345 2007 2393 et
2035 2336 2316 2392 didicimus
2342 2345 2606 2402 tenemus,
2638 2344 2693 2391 et
2719 2351 2907 2392 omnes
2933 2336 3102 2391 sancti
3140 2336 3232 2407 qui
3262 2335 3543 2391 nobiseum

1951 2436 2076 2483 sunt
2107 2428 2317 2493 fratres,
2351 2427 2402 2481 iu
2426 2443 2652 2497 quorum
2704 2428 2869 2483 corde
2908 2426 3119 2483 divinus
3148 2442 3300 2482 amor
3327 2434 3382 2482 ct
3407 2426 3542 2482 cha-

1950 2516 2373 2571 ritatisdilectio
2402 2525 2614 2585 regnat,
2645 2524 2759 2572 tota
2806 2515 3002 2571 mentis
3028 2515 3329 2571 intentione
3354 2524 3540 2571 custos

1950 2610 2123 2673 diunt,
2156 2619 2213 2666 et
2250 2610 2303 2664 in
2330 2609 2435 2665 hoc
2480 2624 2823 2677 perseverare
2851 2608 3080 2663 Domino
3116 2621 3176 2663 se
3222 2614 3543 2677 protegente

1952 2698 2007 2758 et
2034 2702 2322 2771 adjuvante
2350 2699 2644 2756 confidunt.
2675 2698 2881 2755 Nuilius
2901 2699 3042 2754 enim
3067 2713 3184 2763 nos,
3215 2699 3269 2757 in
3297 2699 3389 2753 tali
3410 2712 3542 2769 prte-

1951 2793 2133 2849 sertim
2163 2792 2258 2847 Dei
2306 2807 2491 2858 causa,
2517 2807 2619 2848 nec
2643 2789 2968 2860 vituperatio
3013 2787 3228 2857 frangit,
3257 2801 3361 2843 nec
3401 2788 3541 2852 laus,

1951 2884 2161 2940 etiamsi
2174 2883 2307 2937 falso
2320 2882 2552 2947 dicatur,
2573 2882 2769 2936 elevat.
2787 2878 3023 2934 Dicimus
3040 2878 3180 2933 enim
3198 2878 3266 2934 ab
3280 2876 3541 2947 Apostolo

1951 2975 2152 3030 dictum
2180 2993 2193 3029 :
2218 2974 2322 3028 Per
2350 2974 2570 3045 gloriam
2591 2983 2642 3027 et
2664 2972 3055 3044 ignobilitatem,
3080 2988 3172 3041 per
3197 2971 3472 3041 infantiam
3490 2977 3551 3025 et

1955 3065 2141 3121 bonam
2188 3068 2404 3138 famam,
2433 3076 2541 3120 etc.
2595 3063 2683 3134 (II
2712 3063 2833 3119 Cor.
2868 3080 2938 3127 vt,
2985 3061 3065 3133 8).
3094 3061 3280 3117 Solum
3325 3070 3409 3117 est
3456 3068 3541 3131 ut,

1953 3157 2244 3212 auxiliante
2272 3156 2502 3211 Domino
2526 3156 2683 3211 nobis
2712 3170 2810 3225 pro
2838 3154 3158 3211 tuissanctis
3177 3151 3545 3219 orationibus,
3613 3204 3617 3207 τ

1951 3248 2056 3303 huc
2101 3264 2199 3318 pro
2228 3263 2504 3305 servorum
2550 3246 2646 3301 Dei
2692 3246 2866 3301 salute
2892 3254 2951 3301 et
2975 3253 3201 3316 propter
3225 3243 3392 3299 Deum
3413 3257 3539 3312 aga-

1953 3356 2092 3405 mus,
2121 3340 2267 3410 quod
2294 3339 2449 3395 nobis
2479 3353 2585 3394 non
2612 3336 2679 3392 ad
2708 3336 3134 3404 damnationem,
3164 3334 3259 3391 sed
3297 3335 3362 3389 ad
3391 3349 3540 3390 mer-

1950 3433 2137 3488 cedem
2168 3432 2219 3485 in
2242 3429 2447 3502 judicio
2458 3428 2588 3498 justi
2609 3427 2823 3499 iudicis,
2849 3426 2969 3497 ipso
2996 3426 3313 3498 opitulante,
3337 3439 3537 3495 prove-

1950 3527 2083 3581 niat.
2106 3522 2241 3578 Nam
2284 3522 2331 3578 si
2376 3522 2741 3577 detractiones
2779 3519 3057 3575 hominum
3087 3518 3277 3573 timere
3303 3517 3542 3572 volueri-

1951 3630 2087 3681 mus,
2118 3627 2239 3683 qua:
2286 3612 2397 3667 Deo
2444 3621 2568 3666 sunt
2594 3610 2790 3682 placita
2834 3609 3055 3665 minime
3095 3607 3372 3664 faciemus.
3399 3603 3535 3673 Quia

1949 3706 2085 3762 sicut
2142 3714 2242 3759 tua:
2288 3702 2560 3759 sanctitati
2608 3701 2747 3757 bene
2772 3709 2857 3757 cst
2884 3700 3180 3770 cognitum,
3222 3698 3269 3753 si
3294 3697 3416 3767 quis
3454 3697 3539 3753 in-

1949 3805 2136 3867 crepet
2181 3804 2476 3865 arguatque
2522 3801 2857 3866 peccantem,
2900 3790 3082 3847 statim
3111 3789 3237 3844 odio
3288 3789 3534 3855 habetur,

1948 3889 2130 3945 statim
2152 3888 2201 3943 ei
2228 3887 2546 3953 detrahitur,
2575 3887 2755 3941 statim
2785 3882 2986 3955 patitur
3014 3880 3252 3938 insidias.
3276 3879 3381 3936 Sed
3401 3894 3535 3937 con-

1950 3982 2155 4035 solatur
2195 3995 2292 4033 nos
2322 3979 2596 4044 Dominus,
2627 3977 2847 4033 dicens:
2899 3975 3043 4033 Beati
3082 3975 3205 4030 estis
3230 3990 3343 4029 cum
3372 3974 3553 4033 περιρ-ι

1950 4071 2176 4125 ἀὶπενθηι
2202 4086 2287 4125 vos
2310 4070 2536 4124 homines
2568 4077 2775 4140 propter
2795 4085 2907 4133 me;
2938 4068 3157 4139 gaudete
3177 4076 3225 4122 et
3246 4069 3532 4135 easttltate,

1950 4162 2193 4233 quoniam
2224 4176 2413 4215 merces
2442 4168 2610 4214 vestra
2638 4161 2846 4228 copiosa
2868 4168 2944 4214 est
2969 4158 3025 4212 in
3063 4158 3204 4212 culis
3228 4156 3442 4230 (Matth.
3474 4175 3530 4223 v,
3554 4196 3557 4201 ι

1952 4250 2060 4321 ii).
2097 4248 2209 4305 Hoc
2236 4259 2438 4304 tantum
2465 4266 2560 4304 nos
2582 4249 2861 4304 elaborare
2888 4247 3163 4315 convenit,
3194 4259 3251 4303 ut
3273 4264 3368 4317 pro
3390 4249 3559 4305 nulla.

1949 4342 2054 4396 alia
2087 4359 2165 4411 re,
2196 4342 2297 4397 nisi
2326 4357 2421 4411 pro
2445 4340 2657 4396 Clllielo
2678 4382 2693 4407 ,
2725 4341 3086 4398 sustineamus
3111 4340 3532 4409 contumeliam,

1948 4445 2003 4490 et
2030 4435 2377 4490 detractionis
2405 4450 2565 4489 causa
2591 4434 2659 4488 sit
2686 4431 2929 4489 Christus
2950 4473 2967 4499 ,
2997 4443 3054 4489 et
3093 4432 3371 4488 maledicta
3403 4447 3530 4502 per-

1949 4527 2089 4598 pessi
2137 4542 2234 4597 pro
2264 4532 2491 4582 veritate
2534 4543 2640 4582 non
2685 4526 2930 4582 ntal‘dici
2971 4527 3239 4593 sciamus,
3286 4525 3379 4594 qui
3407 4540 3544 4583 eam.

258 4618 417 4675 nibus
442 4619 495 4675 in
518 4620 680 4677 domo
710 4621 802 4679 Dei
826 4624 1105 4681 venientes
1128 4624 1423 4697 suscipere,
1467 4634 1523 4683 et
1573 4636 1759 4684 nostro
1790 4629 1842 4685 in
1873 4658 1923 4721 Β
1948 4637 2047 4694 pro
2072 4623 2367 4677 salvatioite
2393 4636 2579 4676 eorum
2606 4620 2696 4689 qui
2725 4619 2880 4675 nobis
2906 4634 2938 4673 a
2967 4618 3079 4674 Deo
3107 4617 3378 4674 commissi
3404 4626 3530 4673 sunt

259 4715 380 4770 sinu
403 4725 617 4786 portare
646 4728 701 4773 et
726 4718 930 4788 fovere,
951 4719 1239 4776 dummodo
1261 4720 1395 4777 tales
1415 4722 1522 4776 sint
1537 4723 1626 4791 qui
1648 4731 1702 4778 et
1734 4723 1845 4780 Deo

259 4803 529 4876 placeant,
561 4816 617 4862 et
642 4807 1029 4878 professionem
1074 4826 1226 4867 suam
1257 4811 1557 4881 intelligant
1579 4821 1636 4867 et
1664 4822 1847 4870 custo-

262 4896 431 4952 diant.
464 4894 597 4965 Quia
627 4915 737 4956 non
759 4900 1126 4958 desideramus
1146 4910 1378 4973 quantos
1403 4904 1496 4960 sed
1526 4905 1711 4975 quales
1749 4905 1848 4959 ha-

260 4989 506 5057 beamus,
534 4999 588 5045 et
608 5008 729 5048 cum
746 4994 937 5065 quibus
956 5006 1104 5051 caste
1124 5005 1181 5051 et
1200 5008 1386 5052 sanete
1409 4996 1669 5064 vivamus,
1694 4997 1765 5052 ita
1786 5007 1849 5054 ut

264 5082 318 5139 in
357 5084 691 5156 professione
732 5087 1091 5159 perfectorum
1119 5089 1349 5146 Domino
1376 5091 1701 5162 placeamus.
1727 5090 1847 5147 Non

264 5178 405 5233 enim
429 5178 483 5233 in
511 5179 771 5238 dissoluto
801 5181 1088 5254 tepidoque
1116 5181 1376 5238 vocabulo
1402 5190 1460 5237 et
1484 5196 1729 5250 numero,
1750 5180 1849 5237 sed

265 5270 318 5325 in
340 5272 625 5327 sanctitate
655 5271 1012 5344 perfecturum
1063 5274 1322 5329 Dominus
1365 5272 1680 5330 delectatur.
1718 5271 1847 5330 ideo

265 5372 320 5418 et
342 5364 491 5418 multi
506 5367 686 5431 vocati,
730 5368 883 5438 pauci
906 5384 1022 5422 vero
1053 5366 1198 5422 electi
1228 5367 1438 5440 (Matth.
1468 5383 1598 5432 nn,
1625 5366 1735 5438 ib).
1782 5363 1850 5421 Et

265 5455 490 5525 pusillus
510 5464 593 5511 est
617 5469 748 5526 grex
768 5457 861 5514 Cui
887 5458 1196 5530 complacuit
1226 5459 1371 5513 Patri
1409 5467 1573 5515 uestro
1611 5459 1739 5513 dare
1765 5474 1851 5513 re-

267 5564 421 5618 gnum
445 5547 594 5620 (Luc.
624 5566 721 5616 1n,
749 5549 859 5623 52).
892 5551 1143 5621 Satisque
1183 5551 1374 5605 melius
1394 5560 1477 5607 est
1503 5567 1623 5606 cum
1660 5552 1844 5620 paucis

267 5647 321 5693 et
338 5641 541 5696 sanctis
562 5641 613 5696 in
638 5642 799 5697 vitam
829 5644 1054 5713 ingredi,
1080 5658 1237 5713 quam
1254 5658 1374 5697 cum
1404 5642 1642 5712 plurimis
1667 5644 1848 5713 tepide

177 5722 195 5769 πί
267 5739 322 5785 et
350 5730 626 5789 luxuriose
664 5733 959 5789 viventibus
981 5749 1010 5788 a
1040 5742 1346 5789 sanctorum
1367 5730 1636 5788 consortio
1662 5746 1847 5801 segrea

271 5824 403 5895 gari.
440 5823 507 5879 Et
553 5841 651 5897 per
698 5832 900 5881 arctam
949 5836 1004 5882 et
1055 5833 1333 5895 angustam
1363 5824 1503 5878 viam
1550 5824 1705 5893 pauci
1734 5840 1851 5879 am-

272 5916 481 5993 bulant,
505 5926 559 5978 et
587 5918 640 5977 in
665 5916 1013 5977 acternacvitze
1030 5915 1201 5995 patria
1226 5922 1477 5990 regnant;
1499 5927 1595 5988 per
1615 5913 1851 5988 amplam

1948 4716 2095 4773 omni
2124 4732 2245 4771 cum
2279 4714 2466 4770 fiducia
2496 4715 2846 4785 prmtlicamus
2867 4753 2885 4781 ,
2932 4729 3034 4769 nec
3060 4714 3144 4769 fac
3163 4713 3214 4767 le.
3239 4713 3321 4768 his
3344 4712 3528 4783 placa-

1948 4807 2111 4863 bilem
2142 4806 2475 4876 prmbcamus
2501 4803 2704 4858 aditum
2734 4804 3077 4867 monasterii,
3105 4803 3197 4871 qui
3218 4802 3380 4857 etiam
3409 4817 3529 4856 om-

1948 4914 2073 4955 nem
2102 4896 2350 4954 Ecclesia:
2377 4905 2699 4952 conventum
2730 4910 2929 4951 vesano
2959 4909 3056 4949 ore
3084 4892 3364 4948 dilaniant.
3393 4891 3531 4960 Quia

1948 4998 2011 5046 ut
2052 4997 2236 5045 sancta
2265 4985 2540 5057 Scriptura
2582 4985 2860 5056 loquitur:
2909 4983 3026 5041 Non
3070 4992 3275 5039 tantum
3320 4984 3411 5038 ille
3437 4983 3531 5052 qui

1949 5083 2205 5145 detrahit,
2237 5080 2335 5137 scd
2360 5078 2520 5137 etiam
2547 5077 2637 5149 qui
2661 5077 3030 5133 detrahentem
3060 5076 3290 5131 libenter
3316 5073 3532 5129 auscul-

1948 5182 2049 5238 tat,
2080 5173 2237 5229 unius
2278 5179 2460 5227 reatus
2486 5176 2541 5226 et
2567 5169 2735 5240 culpa:
2763 5183 2879 5226 esse
2924 5177 3195 5225 censetur.
3236 5165 3362 5221 Hmc
3400 5164 3545 5228 tibi,

1949 5266 2261 5323 beatissime
2290 5264 2469 5328 Pater,
2503 5269 2790 5333 propterea
2832 5260 3147 5324 scribimus,
3179 5266 3236 5313 ut
3262 5256 3401 5311 scias
3429 5268 3531 5310 nos

1950 5360 2085 5417 nihil
2112 5359 2314 5428 absque
2339 5357 2550 5412 ratione
2577 5370 2798 5425 gerere,
2841 5354 2937 5411 sed
2970 5352 3261 5412 secundum
3290 5363 3527 5405 consue-

1950 5451 2191 5506 tudinem
2218 5445 2527 5502 monasterii
2558 5444 2712 5515 hujus
2741 5460 2860 5515 qua:
2888 5453 2944 5499 et
2971 5450 3154 5498 sancte
3179 5449 3235 5495 et
3262 5438 3524 5507 regulari-

1951 5553 2035 5600 ter
2064 5541 2305 5597 instituta
2332 5547 2459 5595 sunt
2484 5537 2678 5592 facere.
2714 5537 2874 5593 Certe
2894 5535 2937 5590 si
2957 5534 3151 5602 aliquis
3179 5531 3530 5589 consuetudi-

1951 5648 2074 5688 nem
2101 5631 2297 5699 regu'a:
2336 5637 2531 5685 nostra:
2568 5628 2709 5684 ferro
2747 5644 2852 5682 non
2876 5626 3143 5692 sustinet,
3184 5641 3291 5680 non
3332 5631 3532 5678 nostrae

1952 5724 2290 5787 dislrictioni,
2312 5722 2408 5778 sed
2432 5738 2541 5777 suac
2565 5722 2613 5775 iu
2638 5728 2787 5791 putet
2818 5718 3006 5789 Lpida:
3030 5717 3314 5773 voluntati.
3342 5714 3531 5785 Neque

1954 5820 2094 5874 enim
2115 5818 2158 5872 si
2183 5818 2303 5888 quis
2331 5816 2627 5871 claritatem
2662 5813 2789 5868 solis
2822 5814 2976 5884 lippis
3005 5815 3173 5868 oculis
3202 5811 3439 5880 aSpiccte
3472 5815 3530 5860 ct

1955 5910 2137 5971 videre
2183 5924 2290 5967 non
2322 5915 2538 5982 potest,
2586 5906 2706 5965 ideo
2737 5908 2889 5984 culpa
2916 5907 3074 5981 solis,
3121 5914 3175 5963 et
3203 5919 3306 5960 non
3347 5898 3526 5977 potius
