4118 6332
499 260 570 319 ιδ
1660 288 1663 293 ⁴
1847 275 2129 337 DYNAMll
2165 272 2479 335 PATRlCll.
3675 270 3751 331 at

497 377 553 433 in
581 390 678 433 suo
704 374 872 446 gradu
915 375 969 431 in
998 377 1259 434 ebaritate
1285 374 1545 449 perfecta,
1586 385 1642 434 et
1681 377 1749 434 ad
1781 376 2077 449 iuvandum
2102 386 2155 447 Α
2179 377 2539 433 obedientiam
2576 392 2676 437 nos
2703 393 2888 436 sumus
2921 382 3095 451 parati
3124 379 3255 439 dare
3279 389 3338 438 et
3364 381 3577 440 solvere
3611 383 3666 440 ei
3696 395 3757 443 et

497 483 933 540 unumquemque
983 485 1209 536 eorum,
1264 471 1428 528 verbo
1479 477 1534 526 et
1580 470 1720 527 laeto
1771 472 1886 528 lore
1936 471 2075 529 filios

494 556 625 624 Dei;
649 565 705 614 et
744 558 904 613 aliam
944 560 1304 615 obedientiam
1334 575 1493 629 quam
1524 559 1680 617 istam
1702 576 1807 617 non
1836 562 1949 619 scio
1974 563 2073 620 de-

493 648 661 705 bitam
714 649 766 705 ei
815 667 975 721 quem
1030 667 1127 709 vos
1176 649 1463 706 nominatis
1516 666 1635 707 esse
1682 667 1919 723 papam,
1970 669 2075 711 nec

492 754 614 798 esse
640 752 851 813 patrem
879 752 1091 815 patrum
1116 762 1128 797 :
1155 742 1418 800 vindicari
1445 752 1501 800 et
1523 746 1802 816 postulari,
1835 756 1891 804 et
1914 748 2073 806 istam

493 878 696 952 manui)
726 893 800 952 ea»
818 880 1033 952 quidem
1062 895 1185 952 cura
1217 888 1273 936 et
1304 880 1601 952 diligentia,
1633 889 1691 935 ut
1728 898 1796 937 ne
1832 883 1884 936 in
1921 884 2073 952 apice

492 948 884 1028 abexemplari
916 950 1262 1028 discederem.
1294 948 1552 1028 Sed'cum
1598 952 1701 1028 hoc
1739 953 1790 1007 in
1806 948 2073 1028 _Cambro-

490 1016 793 1092 britannice
836 1028 1037 1092 tantum
1081 1022 1332 1092 idiomate
1379 1030 1434 1077 et
1488 1022 1817 1077 interlineari
1850 1025 2071 1092 Anglico

492 1087 679 1156 (verbo
700 1089 766 1142 ad
789 1090 1008 1145 verbum
1033 1090 1267 1160 reddito)
1287 1101 1563 1147 exaratum
1586 1107 1749 1157 esset,
1768 1109 1867 1161 ego
1882 1087 2071 1150 eodem

489 1167 704 1233 servato
734 1176 905 1233 more,
958 1161 1008 1215 in
1036 1162 1455 1233 alienigenarum
1492 1162 1808 1218 beneticium
1848 1167 2069 1219 latinum

490 1228 689 1303 addidi.
723 1229 863 1303 ‘Quo
918 1240 1094 1287 autem
1144 1228 1386 1303 tempore
1438 1234 1712 1289 confectus
1765 1234 1861 1287 fuit
1902 1235 2072 1290 codex

489 1298 608 1362 ille,
653 1300 733 1355 vel
764 1316 872 1370 quo
909 1312 1146 1367 auctore,
1183 1298 1280 1359 nec
1325 1304 1453 1358 mihi
1486 1307 1537 1357 in
1567 1306 1758 1358 eodem
1798 1305 2069 1369 constitit,

488 1383 590 1424 nec
619 1370 751 1443 alias
779 1383 925 1443 certe
954 1374 1235 1441 explorare
1264 1375 1411 1443 potui
1435 1391 1449 1438 ;
1490 1375 1584 1431 sed
1618 1374 1804 1430 haberi
1831 1377 2069 1432 codicem

486 1454 681 1496 censeo
712 1442 762 1496 in
789 1441 1111 1497 Cottoniana
1132 1441 1476 1499 bibliotheca.

556 1512 738 1588 Abbas
765 1513 1309 1588 veroABanchorensis
1327 1514 1430 1588 qui
1454 1516 1750 1588 Augustino
1791 1517 1894 1588 hoc
1924 1532 2067 1588 resp.

486 1576 635 1636 dedit
681 1582 798 1637 sine
841 1583 947 1637 ullo
978 1583 1106 1639 dub.
1139 1583 1236 1657 fuit
1258 1576 1428 1657 celéb.
1462 1576 1839 1642 ille'Dinothus
1867 1587 1934 1642 de
1962 1576 2070 1657 quo

483 1667 643 1721 supra
677 1658 1109 1709 memoravimus.
1145 1649 1482 1712 Manifestum
1518 1659 1679 1711 etiam
1711 1671 1813 1720 εει,
1847 1649 2070 1713 ουσία

483 1720 587 1798 hac
607 1738 708 1798 sua
741 1727 1108 1798 responsione,
1146 1738 1254 1798 tum
1301 1743 1366 1782 ex
1398 1728 1647 1798 illisiqum
1676 1729 1743 1782 ab
1778 1729 1894 1798 ipso
1926 1728 2067 1783 Beda

485 1776 577 1851 hic
602 1792 655 1846 in
689 1776 1112 1862 praesagium;
1148 1776 2068 1863 istaisti}:piissimus;
2098 1776 2145 1836 Β

484 1862 859 1937 siaanu‘lain
883 1868 981 1920 sub
999 1868 1100 1923 hoc.
1123 1877 1364 1933 tempore
1379 1862 2064 1937 agnoviSsesubjectiuucm

487 1942 581 1986 aut
611 1933 870 2006 llumano
922 1938 1020 2005 ipsi
1062 1940 1297 2006 pontilici
1346 1933 1439 1994 eui
1490 1948 1750 1994 extraneo
1779 1933 1946 1993 alicui
1979 1940 2067 1993 alii

483 2004 830 2072 patriarcluc,
862 2004 954 2079 vel
997 2004 1430 2063 coimuunionem
1493 2011 1725 2079 aliquam
1779 2026 1902 2065 cum
1955 2008 2067 2063 Bo-

486 2088 643 2146 r_n:tna
678 2077 907 2132 ecclesia
949 2079 1201 2135 colui~sc.
1252 2077 1595 2134 Subtlebatur
1638 2089 1839 2146 autem,
1888 2090 1945 2133 nt
1999 2080 2068 2135 ab

485 2141 781 2219 Eleutherii
809 2162 947 2213 navo,
964 2151 1181 2217 protirio
1196 2166 1293 2204 suo
1318 2141 1962 2219 nirtroliolithanquam
1985 2150 2068 2205 al-

486 2216 985 2292 teriusmbispapac
1009 2220 1089 2292 vel
1113 2216 1833 2292 patriarchae)Caerlcgionis
1860 2221 2070 2276 archie-
2114 2268 2121 2275 .

484 2288 725 2364 piscopo,
751 2288 869 2364 qui,
890 2298 944 2341 ut
971 2290 1398 2364 hicsuggeritur,
1421 2288 1752 2364 superiorem
1777 2307 1881 2364 non
1899 2305 2068 2357 agno-

483 2356 560 2434 vit
586 2356 637 2410 in
667 2356 919 2434 Ecclesia:
948 2356 1226 2434 gradibus,
1259 2369 1317 2434 at
1348 2380 1366 2412 ι
1408 2356 1681 2434 yn‘otigwi-
1706 2361 1826 2434 Dan
1852 2356 2003 2434 Dum,
2041 2379 2061 2413 ι

484 2426 540 2478 id
583 2435 685 2501 est,
735 2426 986 2501 sub_Deo
1014 2430 1218 2501 ab:que
1246 2432 1352 2485 alio
1379 2426 1720 2501 interineitio,
1759 2432 1967 2501 plebem
2013 2441 2071 2487 et

482 2496 767 2575 ecclesiam
798 2497 895 2575 sibi
918 2496 1177 2575 creditam
1204 2502 1554 2575 gubernasse,
1584 2496 1882 2575 Qrienfales
1905 2502 2069 2575 etiam

482 2570 618 2642 ritus
658 2576 829 2642 atque
848 2570 1133 2637 Asiaticos,
1168 2572 1347 2642 p0tius
1390 2587 1549 2640 quam
1600 2570 1871 2626 Romanos
1912 2572 2070 2627 imbi-

483 2634 647 2712 bisse.
686 2634 796 2693 Nec
819 2640 921 2696 hoc
941 2634 1156 2712 quidem
1169 2634 1212 2696 ’θ
1232 2634 1580 2697 schismatica
1605 2643 1781 2710 aliqua
1805 2644 2070 2712 pravitate

486 2704 669 2781 (quam
689 2718 941 2765 auctores
958 2704 1323 2781 proculdubio
1345 2713 1487 2767 illius
1511 2704 1707 2769 swculi'
1721 2704 2068 2781 perstrinxis-

481 2777 624 2858 sent)
665 2792 767 2858 nec
820 2777 1008 2858 contra
1058 2793 1369 2858 sanctorum
1419 2777 2065 2858 pat_rnm_institutiones,

481 2851 806 2924 auctoritate
839 2852 1007 2906 tertio
1031 2854 1221 2924 synodi
1250 2851 1599 2908 mcunienicaa
1639 2851 1831 2923 Ephesi
1875 2854 2068 2909 habitae

478 2917 614 2987 (aet.
648 2917 735 2989 7),
771 2934 918 2994 anno
949 2917 1134 2991 gratae
1162 2922 1287 2988 451,
1332 2917 1711 2979 corroborans
1743 2940 1759 2985 :
1799 2924 2070 2994 Cypriotis

481 3002 698 3069 causam
736 2991 968 3047 similem
1005 3003 1192 3069 contra
1236 2995 1602 3069 patriarcham
1630 3004 1686 3069 "et
1725 2991 1930 3069 clerum
1960 2996 2071 3069 An:

483 3060 793 3132 tiochenum
837 3060 1300 3132 promoventibtis.
1344 3065 1464 3121 Non
1510 3072 1595 3120 est
1640 3065 1866 3121 instituti
1896 3066 2065 3120 nostri

2176 470 2371 540 cuique
2407 469 2712 529 Christiano
2768 473 3044 530 continuo.
3091 472 3361 531 Prreterea
3415 490 3515 533 nos
3566 490 3755 535 sumus

2175 563 2277 618 sub
2320 562 2706 631 gubernatione
2748 564 2988 636 episcopi
3017 564 3381 635 Caerlegionis
3426 580 3588 639 super
3613 562 3754 631 Osca

2175 656 2267 727 qui
2309 664 2389 711 est
2434 656 2500 710 ad
2527 655 2989 726 supervidendum;
3014 656 3113 711 sub
3136 655 3248 713 Deo
3277 672 3438 729 super
3476 657 3652 727 nobis,
3685 658 3756 717 ad

2173 746 2477 803 faciendum
2508 763 2606 802 nos
2633 762 2856 804 servare
2882 748 3023 803 viam
3052 747 3406 818 spiritualem.

2173 881 2308 937 istos
2350 884 2477 947 (hoc
2528 890 2629 946 est,
2660 881 2763 937 400
2807 898 2945 951 pene
2971 880 3163 952 annos)
3208 883 3614 953 metropoliticis
3656 882 3757 939 llo-

2172 967 2331 1007 ruere
2376 952 2681 1023 privilegiis.
2729 961 2785 1007 et
2831 953 3219 1023 archiepiscopi
3270 952 3557 1022 nuncupati
3605 963 3756 1022 sunt,

2173 1022 2315 1093 nulla
2349 1022 2511 1092 (quod
2539 1022 2725 1091 sciam)
2760 1024 2946 1093 pulsati
2978 1022 3203 1093 synodo,
3232 1023 3347 1078 sine
3376 1023 3598 1079 crimine
3630 1041 3757 1092 pro-

2172 1091 2344 1147 vincia
2362 1091 2465 1146 'sua
2487 1101 2540 1146 ct
2570 1096 2786 1161 antiqua
2804 1091 3175 1162 jurisdiétione
3196 1092 3448 1161 deinceps
3472 1104 3594 1147 sunt
3611 1091 3760 1148 exuti

2173 1172 2229 1215 ct
2275 1163 2523 1234 spoliati?
2569 1162 2778 1218 Sufﬁcit
2806 1165 2849 1217 si
2892 1164 2959 1217 ab
2988 1164 3283 1234 Augustino
3337 1162 3536 1218 factum
3570 1163 3749 1226 fuerit.

2173 1232 2320 1286 nam‘
2347 1249 2442 1287 sua
2479 1234 2658 1287 omnia
2689 1243 2905 1288 tuentur
2931 1236 3012 1288 sui
3060 1232 3327 1287 mordicus
3360 1251 3371 1285 :
3412 1242 3573 1302 atque
3613 1234 3757 1289 istud

2174 1320 2276 1356 una
2299 1302 2441 1373 quod
2473 1303 2525 1357 in
2554 1308 2751 1358 clerum
2780 1303 3152 1373 Britannorum
3176 1303 3511 1373 machinatus
3531 1319 3649 1359 esse
3676 1303 3758 1358 di-

2173 1372 2329 1435 citur,
2364 1373 2585 1443 lugubre
2605 1372 2895 1427 excidium.
2927 1372 2973 1426 A
2994 1374 3104 1429 Deo
3125 1375 3267 1428 enim
3298 1372 3591 1429 immissum
3620 1388 3759 1442 pra:-

2171 1444 2374 1512 dicant,
2413 1445 2481 1498 ad
2531 1443 2952 1499 conﬁrmandum
3002 1444 3316 1499 traditiones
3354 1453 3410 1498 et
3454 1445 3757 1500 doctrinam

2173 1528 2355 1581 suam;
2384 1529 2505 1570 cum
2539 1514 2866 1568 contendant
2894 1513 3002 1584 alii,
3039 1515 3393 1581 Augustinum
3422 1514 3595 1584 ipsum
3628 1513 3761 1571 facti

2173 1585 2462 1653 prmbuisse
2492 1585 2748 1647 fomitem,
2798 1592 2854 1637 et
2894 1582 3273 1639 Ethelbertum
3293 1582 3471 1652 regem
3502 1585 3569 1639 ad
3598 1600 3758 1641 eum-

2172 1655 2292 1709 dem
2345 1657 2625 1710 excitasse.
2659 1653 2753 1710 Sin
2805 1653 3055 1708 indicium
3101 1655 3177 1708 rei
3213 1657 3294 1722 (ut
3342 1654 3581 1723 plerique
3635 1669 3757 1722 ges-

2177 1725 2333 1795 tiunt)
2367 1728 2433 1780 ab
2463 1736 2659 1782 eventu
2682 1724 2914 1795 steterit,
2942 1724 3098 1795 longe
3130 1725 3288 1781 aliter
3315 1725 3381 1780 de
3411 1726 3513 1780 hoc
3544 1726 3757 1781 excidio

2173 1795 2515 1862 cogitandum
2557 1803 2657 1861 est,
2690 1810 2852 1864 quam
2902 1794 2978 1847 illi
3013 1795 3316 1850 tradidere:
3354 1795 3626 1864 Deumque
3672 1796 3758 1864 ip-

2171 1881 2288 1919 sum
2316 1867 2454 1920 hanc
2475 1867 2815 1919 exhorruisse
2844 1864 3234 1920 crudelitatem.
3266 1864 3397 1919 Nam
3421 1881 3541 1919 cum
3565 1866 3759 1921 vindex

2173 1936 2265 1989 ira:
2295 1937 2571 2004 Augustini
2616 1951 2710 1989 rex
2749 1934 3306 1999 Northumbrensium,
3331 1934 3634 1998 Edillridus,
3677 1936 3762 1991 in-

2174 2020 2376 2074 nocuos
2398 2007 2528 2062 istos
2557 2006 2962 2060 Banchorenses
2990 2006 3283 2060 monachos
3315 2015 3459 2059 tanta
3490 2015 3667 2074 strage
3688 2005 3760 2062 ad

2172 2073 2563 2144 Legcceslriam
2590 2078 2915 2141 sutulisset,
2946 2084 3002 2131 et
3042 2075 3290 2130 exultans
3338 2084 3389 2130 te
3413 2076 3456 2130 is
3494 2073 3755 2130 festinan-

2172 2146 2279 2200 tius
2317 2156 2565 2218 pergeret
2613 2147 2680 2201 ad
2736 2146 2989 2214 reliquias
3045 2161 3232 2201 eorum
3279 2160 3400 2200 eum
3448 2146 3616 2218 nobili
3656 2160 3757 2218 suo

2170 2216 2501 2272 monasterio
2558 2217 3008 2283 exscindendnm;
3066 2225 3354 2271 occurrunt
3410 2216 3457 2270 ei
3517 2216 3607 2271 ira:
3661 2216 3758 2271 Dei

2171 2288 2427 2350 vindices,
2452 2287 2831 2343 Britannorum
2869 2287 3033 2342 duces
3067 2295 3196 2351 tres,
3233 2287 3325 2357 qui
3364 2285 3759 2342 Northumbria

2170 2371 2373 2425 regem,
2405 2375 2525 2413 cum
2558 2368 2671 2413 toto
2718 2374 2818 2413 suo
2865 2358 3106 2412 exercitu
3149 2357 3517 2412 innocentium
3560 2370 3759 2413 cruore

2169 2429 2353 2482 made!
2366 2438 2549 2494 ictum,
2578 2436 2845 2491 sternunt,
2867 2430 3054 2483 decem
3091 2427 3256 2483 millia
3282 2438 3337 2483 et
3362 2427 3640 2496 sexaginta
3676 2429 3759 2492 iu-

2170 2499 2372 2579 gulant,
2419 2504 2862 2579 vulneratumque
2893 2513 3112 2579 regein,_
3153 2514 3275 2553 cum
3303 2500 3593 2579 pejpaucis
3796 2548 3797 2551 η

2170 2567 2222 2639 in
2248 2568 2422 2637 fugam
2457 2570 2677 2638 adigunt
2709 2586 2723 2621 :
2753 2567 2831 2622 sic
2851 2576 2906 2622 ut
2938 2569 3076 2623 Deus
3100 2570 3213 2638 ipse
3251 2567 3349 2639 pro
3384 2567 3625 2625 innocuis
3653 2567 3757 2624 illis

2168 2637 2635 2694 Bancborensibus
2662 2647 2848 2694 contra
2878 2637 3298 2706 Augustinianos
3336 2641 3470 2695 istos
3505 2640 3558 2694 in
3585 2638 3759 2695 aciem

2169 2708 2507 2764 descendisse
2533 2710 2797 2772 videatur,
2830 2718 2885 2763 et
2917 2710 3207 2764 vindictam
3251 2710 3526 2778 sanguinis
3564 2724 3752 2765 eorum

2169 2778 2685 2852 suscepissetFaxit
2712 2780 2883 2834 bonus
2908 2779 2998 2836 ille
3035 2778 3198 2848 Deus,
3244 2789 3302 2837 ut
3328 2789 3523 2852 praeter
3564 2780 3758 2836 verita-

2171 2860 2287 2921 tem
2317 2864 2420 2917 ego
2456 2850 2587 2905 nihil
2612 2864 2915 2921 suggerant.

2238 2920 2409 2974 Meam
2451 2921 2615 2988 igitur
2656 2920 2733 2975 ut’
2760 2921 2917 2975 tidem
2966 2922 3208 2988 liberem,
3238 2921 3381 2990 sine,
3418 2921 3669 2990 obsecro,
3694 2930 3758 2980 ut

2208 2991 2313 3063 uod
2344 2991 2397 3045 in
2421 2990 2564 3063 Vita_
2573 2990 2876 3063 Augustini,
2906 2991 3138 3063 subline
3176 2992 3296 3048 libri
3327 2992 3395 3049 de
3423 2993 3758 3063 Antiquitate

2223 3062 2495 3132 ritannicm
2526 3059 2775 3132 Ecclesia:
2804 3059 3027 3117 Londini
3058 3064 3323 3132 impressi,
3373 3078 3514 3118 anno
3542 3059 3756 3118 Domini

484 3143 599 3209 rem
628 3130 918 3209 disserere,
950 3138 1291 3209 occurrentia
1325 3144 1534 3191 tantum
1564 3135 1673 3190 libo
1699 3142 1754 3190 et
1783 3144 2065 3209 praetereo,
2098 3144 2144 3209 ο
2175 3130 2335 3195 1572,
2389 3142 2444 3188 et
2473 3130 2602 3185 mihi
2644 3132 3001 3209 obvenientis,
3039 3130 3168 3189 dum
3198 3134 3253 3189 in
3286 3138 3410 3209 _boc
3449 3136 3757 3209 ipso_arg_u-

479 3199 1023 3282 piaculumudueens,
1053 3207 1200 3261 omni
1238 3222 1345 3261 non
1392 3221 1689 3282 agnoscere
1743 3199 2069 3282 grant-indigne

482 3274 721 3358 insignes
747 3274 786 3356 il
807 3289 868 3330 as
896 3276 1167 3358 bonitates
1204 3291 1336 3358 quas
1363 3292 1396 3331 a
1415 3274 1588 3358 veteri
1616 3274 1859 3358 linmana
1889 3274 2068 3358 Eccle-

480 3346 648 3468 :icace‘
672 3346 948 3471 cpissopis
990 3346 1127 3419 ejus,
1159 3346 1395 3418 majores
1420 3347 1592 3405 nostri
1616 3347 1744 3405 olim
1775 3346 2067 3418 aliquando

563 3428 786 3482 ,eperun
818 3458 832 3472 .

550 3458 1058 3544 Prfe‘ier'c'haritatis
1070 3504 1200 3545 vero
1214 3492 1534 3545 suavitatem
1556 3496 1732 3543 actum
1748 3502 1867 3544 esse
1886 3486 1952 3542 ab
1967 3487 2069 3543 Au-

478 3556 698 3630 8υβέίη9
721 3570 844 3615 cum
876 3561 1214 3630 pauperculis
1243 3561 1325 3616 bis
1352 3559 1618 3630 Britannis
1645 3560 1765 3627 quis
1788 3574 1896 3613 non
1920 3560 2067 3627 judi-
2096 3580 2109 3589 ο

479 3625 643 3692 cabit,
657 3626 783 3683 dum
802 3625 1012 3686 veteres
1032 3646 1220 3688 eorum
1236 3629 1651 3687 consuetudines
1664 3625 1841 3685 subito
1858 3625 2067 3695 tollere,

480 3710 651 3770 novas
679 3699 858 3770 subito
882 3701 1041 3757 nixus
1072 3702 1143 3758 sit
1170 3702 1449 3770 ingerere?
1472 3700 1771 3755 l’rmsertim
1812 3716 1934 3755 cum
1965 3701 2067 3755 hoc

481 3767 691 3841 cautius
736 3769 1040 3827 faciendum
1076 3767 1373 3828 monuisset
1416 3780 1631 3827 sanctus
1660 3772 1774 3841 ipse
1815 3772 2069 3840 magister

478 3851 610 3895 suus
645 3838 939 3914 Gregorius
976 3842 1218 3913 Magnus,
1252 3844 1340 3913 qui
1372 3846 1426 3900 in
1468 3838 1697 3914 diversis
1715 3838 1958 3914 ecclesiis
1988 3841 2069 3895 di-

479 3921 667 3982 versas
714 3911 937 3981 pertulit
976 3911 1410 3977 consuetudines.
1461 3927 1560 3968 nec
1605 3911 1875 3968 Romanas
1922 3913 2066 3982 ipsas

482 3980 684 4052 ubique
712 3980 881 4037 voluit
902 3984 1284 4054 imponendas,
1315 3985 1407 4040 sed
1441 3999 1538 4052 pro
1580 3999 1730 4038 more
1760 3982 1861 4038 loci
1881 4022 1896 4048 ,
1930 3980 2067 4038 tem-

521 4054 630 4125 oris
659 4061 714 4107 et
742 4055 1073 4125 credentium
1101 4055 1309 4110 indolis.
1352 4074 1368 4107 ι
1404 4054 1518 4109 Νοιι
1550 4054 1713 4123 enim,
1743 4054 1935 4123 inquit,
1967 4068 2066 4125 pro

506 4120 619 4202 ocis
648 4137 753 4189 res,
786 4124 887 4202 sed
924 4141 1021 4195 pro
1051 4127 1208 4202 bo-nis
1248 4125 1408 4202 rebus
1447 4125 1566 4202 loca
1596 4120 1833 4202 amanda
1857 4120 2001 4202 sani.
2039 4143 2060 4177 ›

488 4187 1054 4275 Videresponsio'nem
1083 4196 1199 4267 ejus
1227 4199 1294 4253 ad
1338 4196 1551 4253 tertiam
1590 4194 1871 4265 Augustini
1900 4195 2068 4252 inter-

484 4273 847 4320 rogationem.

522 4335 704 4413 .lntet‘
730 4335 1017 4413 hmc,_illu_d
1046 4352 1252 4406 qurere,
1282 4336 1374 4408 qui
1404 4337 1602 4413 factum
1631 4338 1722 4402 sit,
1763 4345 1824 4393 ut
1851 4337 2068 4396 Caerle-

485 4407 798 4483 gionenses,
818 4408 948 4463 alias
971 4407 1315 4483 hietievenses
1339 4408 2069 4483 episcopi,_successoresq_ue

486 4476 589 4542 sui,
617 4476 710 4545 qui
748 4477 816 4533 ab
847 4493 962 4535 aevo
990 4478 1142 4536 Lucii
1169 4480 1309 4551 regis
1338 4476 1616 4551 uSque'ad
1641 4480 1925 4550 Augustini
1952 4480 2067 4536 dies

2172 3211 2356 3258 mento
2412 3210 2723 3258 versaretur
2777 3204 3034 3272 prmlum,
3089 3213 3183 3259 tuo
3254 3205 3444 3261 sistam
3509 3203 3756 3261 arbitrio.

2176 3290 2199 3326 ι
2230 3272 2482 3329 Nonnulli
2532 3273 2716 3344 etiam,
2757 3272 2947 3342 inquit,
2973 3274 3257 3344 scribunt,
3298 3274 3472 3344 ipsum
3501 3273 3758 3343 Augusti-

2171 3360 2299 3398 num
2329 3344 2489 3414 hujus
2516 3342 2662 3412 quod
2687 3342 2928 3412 prmdixi,
2968 3343 3111 3411 belli,
3142 3360 3249 3400 non
3276 3342 3437 3401 m‘odo
3461 3342 3752 3414 conscium,-

2168 3395 3113 3485 seu"anapaesta;“agiagi;
3142 3395 3756 3485 ἷῙθξίῙιὰἐᾳῖἐῖιΠᾶ

2171 3485 2427 3542 accinctis
2452 3483 2669 3541 obvium
2699 3483 2873 3540 eidem
2905 3484 3280 3553 Legioeestrite
3291 3483 3628 3550 interfuisse,
3652 3485 3757 3542 etsi

2172 3556 2225 3610 id
2247 3556 2495 3627 omnibus
2516 3557 2690 3611 modis
2710 3556 2890 3611 celare
2916 3558 3149 3627 studenti
3161 3557 3439 3627 pontiﬁcii,
3464 3558 3555 3626 qui
3577 3555 3758 3612 ﬁctam

2169 3635 2225 3681 et
2254 3641 2284 3680 a
2310 3642 2369 3682 se
2391 3625 2703 3682 fabricatam
2732 3625 3093 3695 parenthesim
3122 3625 3276 3684 Beda:
3293 3625 3560 3692 Historiae,
3592 3642 3621 3680 a
3646 3627 3758 3685 suis

2169 3698 2531 3767 typographis,
2557 3707 2742 3751 contra
2761 3699 2999 3752 omnium
3022 3702 3506 3768 manuscriptorum
3527 3696 3756 3752 Saxoiii-

2170 3782 2358 3823 eorum
2390 3768 2643 3822 libroruin
2674 3768 2831 3822 tidem
2868 3782 3042 3837 nuper
3069 3770 3360 3839 impressae,
3402 3769 3750 3824 intexuerunt

2168 3840 2437 3910 (quamvis
2462 3839 2578 3908 ipso
2601 3838 2899 3907 Augustino
2923 3840 3035 3907 jam
3063 3838 3232 3895 multo
3252 3847 3378 3895 ante
3412 3851 3658 3909 tempore
3685 3838 3754 3893 ad

2173 3909 2414 3965 cmlestia
2437 3922 2602 3977 regna
2623 3910 2857 3977 sublato)
2878 3926 2893 3974 ;
2913 3911 2997 3965 cui
3020 3910 3215 3976 errori,
3247 3910 3353 3965 imo
3370 3910 3675 3973 manifesto,
3690 3920 3756 3963 ac

2166 3989 2358 4035 contra
2389 3979 2557 4051 ipsius
2599 3978 2773 4051 Beda},
2825 3981 2873 4034 si
2901 3997 3063 4049 quem
3091 3981 3194 4037 sibi
3224 3982 3276 4035 in
3319 3990 3465 4036 tanta
3493 3977 3757 4051 orationis

2166 4048 2424 4105 vanitate’
2444 4050 2769 4121 patrocinari
2811 4048 3034 4118 vellent,
3079 4051 3443 4121 testimonium
3471 4048 3754 4121 mendacio

2165 4118 2556 4192 redarguendo,
2608 4121 2756 4177 locus
2800 4120 3055 4192 deinceps
3084 4124 3206 4177 erit.
3235 4141 3256 4175 ι
3305 4120 3434 4176 Ηωο
3483 4121 3608 4192 illic.
3637 4118 3754 4192 Ego

2166 4189 2562 4249 manuScrintos
2609 4193 2825 4249 codices
2862 4189 3147 4249 saxohicos
3193 4208 3302 4246 non
3342 4191 3582 4245 lustravi.
3615 4189 3755 4244 Audi

2167 4280 2297 4320 vero
2343 4273 2401 4319 ut
2440 4259 2609 4318 irnler
2655 4264 3030 4319 dominicanus
3062 4261 3311 4318 Nicolaus
3333 4259 3515 4314 Trivet
3548 4260 3758 4332 (emno-

2167 4334 2277 4390 bita
2307 4336 2374 4391 de
2420 4334 2727 4402 emnobitis)
2775 4334 3054 4389 historiam
3100 4333 3239 4387 hanc
3267 4329 3657 4389 commemorat
3698 4329 3755 4385 in

2167 4405 2369 4462 Gallico
2418 4422 2515 4461 suo
2550 4406 2804 4460 chronica
2842 4413 2968 4460 ante
3011 4404 3113 4458 500
3141 4418 3312 4459 annos
3359 4402 3751 4473 manuscripto.

2179 4474 2308 4531 Vide
2340 4475 2605 4532 Wilkinsii
2634 4473 2829 4532 Caecil.
2861 4485 2983 4532 tom.
3013 4473 3064 4545 1,
3095 4493 3218 4549 pag.
3246 4475 3340 4531 27.

1812 4735 1982 4782 ANNO
2024 4733 2248 4779 DOMINI
2293 4734 2420 4780 DCI.

416 4796 434 4882 θ’
711 4824 3487 5103 ΒΥΝΑΜΙΠξ-ΕΑΤΒΙΟΙΠΒ.
3760 4829 3779 5004 ί

497 5349 548 5385 “.1
607 5354 618 5364 .
660 5354 695 5365 -.
847 5349 929 5398 id,
965 5355 1013 5397 :3
1050 5362 1167 5413 ,εἰν

875 5456 885 5466 ⁸
912 5455 922 5469 1
987 5457 1014 5470 '-
1078 5443 1087 5453 O
2065 5462 2145 5475 -ι

1172 5168 1616 5253 ΝΟΤΙρΤΙΑ
1669 5164 2225 5253 HISTORICA
2282 5168 2393 5250 IN
2449 5169 3045 5255 DYNAMIUM.

1626 5361 1861 5428 (Fabricii
1883 5361 2012 5415 Bibl.
2037 5363 2169 5416 med.
2195 5368 2252 5417 et
2271 5361 2362 5417 inf.
2387 5364 2591 5433 aetatis.)

538 5521 829 5594 Dynamius
853 5521 967 5580 sive
995 5522 1293 5591 Dinamius,
1332 5522 1415 5578 vir
1452 5518 1674 5577 illustris
1695 5534 1760 5577 ac
1780 5519 2044 5576 Patricius
2076 5531 2125 5592 Ι)
2147 5522 2398 5597 Ejusdem
2443 5527 2671 5586 Dinamii
2700 5536 2756 5586 et
2801 5528 3081 5589 Eucheriae
3114 5529 3357 5601 conjugis
3391 5530 3729 5604 Epitaphium

462 5613 781 5683 Galliarum,
826 5629 916 5672 an.
965 5615 1213 5682 505596,
1257 5616 1404 5685 apud
1439 5614 1757 5684 Gregorium
1792 5614 2044 5685 Magnum

464 5711 503 5767 Ι.
535 5724 592 5778 ιι,
622 5710 729 5766 ind.
756 5726 829 5777 xi,
872 5724 962 5780 ep.
990 5710 1078 5773 55,
1110 5709 1145 5763 l.
1190 5725 1242 5776 v,
1270 5723 1356 5781 ep.
1385 5707 1445 5774 6,
1470 5724 1631 5781 quem
1657 5708 2046 5769 Massiliensem

469 5810 623 5863 vocat
671 5801 966 5863 Venantius
1013 5799 1336 5893 Fortunatus
1393 5803 1484 5867 lib.
1535 5820 1604 5876 vn,
1656 5815 1895 5880 poemat.
1954 5804 2045 5866 ll.

2147 5619 2287 5691 apud
2336 5619 2603 5677 Andream
2676 5620 2957 5679 Duehesne
3011 5631 3144 5679 tom.
3189 5621 3212 5678 ι
3262 5622 3462 5681 llistor.
3528 5624 3765 5705 Frane.‘

2146 5727 2202 5782 p.
2234 5709 2356 5767 519.
2389 5711 2633 5784 Scripsit,
2662 5722 2799 5772 teste
2837 5715 3118 5785 Sigeberto
3153 5732 3203 5771 c.
3230 5714 3357 5782 4M,
3398 5726 3452 5772 et
3481 5714 3729 5774 Usuardo

2146 5804 2213 5864 ‘27
2243 5804 2502 5879 Januarii,
2534 5805 2805 5870 Dinnmius
2836 5807 3004 5867 Vitam
3042 5808 3103 5869 S.
3129 5806 3314 5882 Marii,
3347 5807 3554 5870 abbatis
3580 5806 3759 5896 circe:
