4118 6332
251 375 325 432 as
1058 348 1075 355 ”
1552 390 1710 455 γιτΑ
1745 397 1806 455 St

1901 399 1987 458 :Tl
2023 374 2233 459 suun.
3108 380 3123 386 ’
3441 413 3515 480 se

250 508 342 548 an.
396 491 504 548 500
539 490 867 554 Bobacensis
911 498 1025 557 sive
1070 494 1418 560 Bodanensis.
1460 503 1615 563 Edita
1668 518 1753 565 est
1797 526 1829 567 a
1857 518 1905 574 Α
1934 513 2243 605 episcopum
2271 530 2359 571 au.
2387 516 2492 572 58d
2520 517 2829 591 Rejensem,
2868 539 2989 595 qum
3017 537 3195 586 exstat
3242 532 3385 605 apud
3408 534 3515 596 Su-

250 580 513 640 Bollando
535 583 604 638 27
628 584 865 644 Januarii
889 598 1020 647 tom.
1050 591 1118 661 ll,
1146 608 1202 664 p.
1233 594 1363 677 774,
1380 605 1434 652 et
1461 613 1492 653 a
1514 598 1823 660 Mabillonio
1927 580 2066 659 rium
2088 580 2157 658 2’7
2176 608 2500 678 novembris,
2525 621 2581 667 et
2598 580 2655 669 in
2680 580 3198 680 Vinceniiivba'ru'alis
3219 580 3514 687 librabo];-

236 688 373 730 saec.
400 691 418 730 ι
441 675 560 732 Act.
593 679 778 735 Sanct.
821 680 1151 741 Benedictin.
1177 703 1230 757 p.
1262 675 1382 744 105.
1411 690 1614 748 Deinde
1650 693 1822 751 Vitam
1927 698 2012 766 gia
2039 698 2289 755 abbatum
2321 710 2376 757 et
2416 675 2725 762 Monasterii
2755 707 3092 783 Lerincnsis,
3125 724 3180 771 et
3214 717 3514 781 illustratur

245 765 310 821 S.
345 765 590 835 Maximi,
622 770 834 830 abbatis
872 777 1103 845 primum
1147 778 1474 851 Leriuensis,
1507 793 1691 853 postea
1730 803 1819 842 an.
1989 791 2207 848 Barthio
2238 810 2347 861 ux,
2374 796 2463 865 12,
2492 798 2774 859 Adversar.
2807 805 2881 859 De
2910 808 3099 862 eodem
3122 809 3354 868 Maximo
3379 813 3515 874 Gre-

241 854 350 913 455
400 858 682 931 Regiensis
727 865 842 922 sive
886 866 1129 939 Rejensis
1171 873 1426 945 episcopi,
1475 877 1542 931 ad
1572 875 1823 963 Urbicum
1927 885 2109 953 gorius
2137 886 2470 947 Turonensis
2497 892 2552 949 in
2576 910 2740 966 opere
2766 897 2835 953 de
2859 895 3044 956 Gloria
3071 902 3479 965 Confessorum.

250 997 2473 1056 ————___‘_____________

2481 1044 3507 1080 .—__..________________

1003 1078 1838 1252 namnam
1930 1143 2773 1269 PATRICII

921 1551 928 1558 ι
1062 1332 2087 1557 ΕΡΙδΤΟΨΕ
2172 1356 2703 1545 ΒυίΕ,

1395 1602 1695 1674 (Duchesne,
1716 1612 1897 1667 llistor.
1924 1613 2096 1670 Franc.
2122 1619 2335 1688 Script.)

756 1797 1183 1870 EPISTOLA
1230 1805 1273 1865 Ῑ.

864 1912 933 1951 AD
966 1910 1192 1955 Αιιιεωι.

218 1990 227 1995 ·
316 1982 582 2050 Quantum
610 1984 843 2043 restitero
863 1988 992 2044 solis
1020 1990 1213 2046 ardore
1235 1991 1468 2063 defesso,
1488 1996 1574 2051 vel
1604 1995 1815 2067 longin-

242 2073 334 2143 qui
386 2074 593 2131 itineris
620 2078 869 2133 vastitate
897 2089 1173 2149 quassato,
1201 2083 1374 2152 gelida
1412 2088 1665 2158 nympha,
1693 2088 1818 2143 dum

222 2164 544 2220 lariditatetn
596 2176 877 2239 temperat,
927 2173 1211 2241 restinguit
1252 2174 1512 2231 desideria
1546 2179 1814 2235 sitientis:

238 2253 316 2309 ita
348 2256 475 2310 mihi
516 2266 814 2314 vestrarum
861 2261 1208 2331 epistularum
1256 2266 1487 2324 elocutio
1514 2285 1637 2324 cum
1670 2272 1820 2328 inco-

236 2346 501 2402 lumitatis
522 2360 712 2406 vestra:
742 2351 934 2407 indicia
960 2356 1164 2421 retulit,
1179 2357 1490 2426 gaudiorum
1515 2361 1816 2419 incremen-

232 2446 295 2491 ta
325 2439 564 2494 nutrivit.
604 2440 738 2508 Quia
768 2445 1018 2515 quotiens
1047 2447 1235 2504 crebra
1285 2452 1663 2509 recordatione
1696 2454 1816 2511 dul-

227 2527 321 2583 cia
370 2529 669 2586 affectionis
715 2543 907 2591 vestrm
946 2545 1071 2592 vota
1114 2553 1499 2608 commemoro,
1550 2544 1815 2602 desideria

232 2622 473 2692 pectoris
518 2624 792 2694 publicare
850 2629 1096 2698 Stlspil‘iis
1161 2647 1269 2687 non
1313 2633 1532 2690 desisto.
1587 2635 1691 2692 Pro
1746 2652 1813 2694 eo

231 2712 379 2780 quod
424 2712 514 2768 ille
543 2716 814 2786 corporali
859 2715 1137 2776 fraudatur
1175 2721 1389 2790 intuitu,
1432 2726 1523 2794 qui
1551 2726 1618 2783 de
1639 2728 1815 2786 cordis

232 2816 347 2857 non
392 2804 707 2862 absentatur
751 2823 969 2865 arcano.
1012 2810 1220 2869 Idcirco
1258 2814 1493 2872 cilicium
1540 2808 1813 2891 sospitatis

228 2894 546 2967 plenis-imo
586 2899 864 2956 charitatis
886 2902 1007 2971 jure
1037 2906 1369 2977 persolvens,
1400 2926 1561 2981 spero
1584 2921 1641 2966 ut
1674 2929 1809 2983 quo-

226 2984 335 3042 ties
374 2980 575 3045 aditum
598 2999 902 3063 temporum
924 2992 1211 3061 dullicu'tas
1223 2980 1447 3057 diversa
1478 2980 1806 3076 pratstitetit,

220 3093 443 3152 semper
469 3084 815 3153 exiguitatem
844 3104 1017 3144 meam
1041 3101 1341 3150 vestrorum
1373 3098 1585 3168 apicum
1622 3100 1805 3156 elocu-

224 3168 306 3224 tio
326 3171 626 3229 desiderata
656 3174 945 3242 confortet,
976 3194 1256 3251 quousque
1292 3200 1415 3239 cum
1444 3186 1623 3242 divino
1650 3190 1805 3245 auxi-

221 3259 323 3331 lio,
356 3262 655 3320 animorum
685 3268 972 3327 devotione
993 3273 1260 3343 suppleta,
1301 3277 1500 3333 mutuis
1528 3278 1667 3335 inter
1704 3297 1803 3340 nos

221 3350 474 3411 ltetemur
494 3360 799 3429 aspectibus
824 3364 917 3434 qui
944 3382 1216 3439 nunquam
1243 3369 1484 3429 indivisis
1506 3370 1803 3431 aﬂectioni-

218 3444 326 3503 bus
352 3444 775 3522 sequestramur.

794 3546 1124 3608 EPISTOLA
1162 3550 1227 3611 II.

326 3631 534 3694 Donato
572 3654 775 3698 super:
815 3658 1092 3702 PECULIARI
1129 3664 1225 3704 suo
1259 3651 1469 3709 vumico
1525 3669 1693 3713 pars.

228 3743 232 3747 ‘
287 3722 493 3785 Vereor
528 3733 745 3802 quidem
769 3777 785 3803 ,
828 3754 927 3808 pro
969 3741 1127 3809 hujus
1156 3744 1407 3802 tarditate
1448 3748 1642 3816 libelli,
1680 3767 1807 3809 reus

213 3819 380 3874 vestri
411 3823 638 3880 cristam
669 3829 896 3901 imperii.
930 3830 1034 3887 Sed
1060 3835 1104 3888 si
1135 3836 1296 3893 solito
1337 3838 1551 3907 pietatis
1580 3842 1803 3901 arbitrio

213 3923 457 3970 mearum
504 3912 916 3979 amaritudinum
946 3926 1159 3995 pondus
1187 3930 1463 4001 inspicitis,
1498 3936 1803 3993 necessitati

210 4004 458 4072 protinus
501 4009 804 4084 indulgetis.
834 4014 922 4089 |Ut
967 4019 1142 4087 valui,
1189 4031 1365 4078 tamen
1414 4024 1637 4096 implere
1684 4044 1804 4100 quae

210 4096 543 4165 prmcepistis
588 4101 813 4161 intendi.
861 4106 1123 4173 Quoniam
1170 4128 1276 4168 non
1324 4113 1555 4184 dubitas,
1600 4096 1800 4191 beatis-

208 4179 647 4282 sime-pontifex,
689 4196 831 4264 quod
864 4196 977 4266 jam
1020 4216 1107 4255 me
1147 4203 1241 4257 tibi
1278 4205 1507 4262 reddidit
1537 4179 1797 4282 perpetua

206 4273 493 4333 sedulitate
521 4281 819 4351 subjectum
850 4288 1020 4344 unicae
1048 4290 1323 4350 cbaritatis
1356 4273 1659 4368 imperi-um:
1688 4302 1797 4360 Sed

206 4364 402 4420 mirum
446 4368 551 4427 hoc
593 4386 714 4429 esse
759 4392 868 4433 non
916 4395 1136 4452 censeo,
1184 4386 1311 4441 dum
1359 4395 1414 4444 te
1457 4392 1510 4445 in
1556 4394 1795 4453 onmium

204 4457 514 4525 pectoribus
541 4463 620 4520 sic
648 4465 953 4526 devinctum
981 4490 1099 4531 esse
1128 4478 1359 4536 conlido.
1389 4481 1524 4538 Nam
1570 4495 1795 4546 eatenus

201 4560 304 4603 vos
340 4559 774 4618 remuneratione
812 4568 1064 4636 superba,
1111 4570 1323 4629 diversa
1351 4574 1599 4636 beneﬁcii
1626 4581 1794 4653 largi-

202 4648 316 4699 tate
363 4654 715 4721 tm'erogativa
760 4662 1025 4728 generalis
1072 4667 1383 4739 amplificat,
1432 4681 1491 4728 ut
1535 4674 1592 4730 in
1637 4648 1792 4734 vobis

199 4750 320 4795 esse
346 4744 606 4812 probetur
630 4749 946 4826 ingenitum,
977 4758 1230 4833 quidquid
1263 4765 1352 4822 ubi
1380 4767 1557 4826 radiat
1579 4772 1789 4843 pretio-

205 4888 1995 4951 Μ

1924 1834 2064 1928 sum.
2096 1820 2160 1878 Et
2187 1825 2312 1883 dum
2342 1841 2604 1898 generosa
2634 1840 2891 1896 natalium
2920 1842 3182 1914 dignitate
3208 1848 3520 1928 decoratur,

1924 1910 2225 1973 humilitate
2271 1920 2390 1990 plus
2436 1926 2668 1982 nobilem
2717 1938 2889 1987 totum
2939 1910 3001 1990 te
3036 1939 3224 1995 tribuit
3261 1910 3518 2005 libertati:

1924 2001 2042 2069 Quo
2085 2006 2143 2061 lit
2174 2019 2229 2064 ut
2270 2013 2548 2073 charitatis
2576 2019 2850 2092 splendor,
2880 2028 2970 2094 qui
3000 2028 3141 2085 intra
3182 2036 3344 2089 vestri
3384 2052 3518 2107 pec-

1852 2127 1895 2185 B
1923 2098 2057 2153 toris
2084 2115 2279 2157 arcana
2312 2106 2555 2165 immensi
2594 2111 2810 2170 luminis
2838 2119 3081 2176 claritate
3109 2127 3412 2195 prteradiat,
3460 2135 3518 2185 et

1916 2187 2030 2258 jam
2074 2194 2319 2263 corpmis
2347 2201 2692 2259 serenitatem
2738 2210 3007 2279 ostendat,
3050 2222 3106 2269 et
3136 2219 3206 2269 ita
3239 2217 3311 2272 sit
3337 2217 3517 2276 cordis

1919 2283 2217 2355 speculum,
2264 2291 2433 2357 gratia
2461 2308 2581 2362 qua:
2610 2298 2806 2355 renitet
2853 2302 2908 2356 in
2950 2305 3123 2360 vu'tu.
3156 2306 3263 2363 Pro
3300 2325 3408 2379 qua
3452 2312 3517 2369 re

1920 2377 2237 2436 universitas
2281 2398 2343 2439 se
2387 2390 2636 2445 certatim
2679 2403 2859 2450 vestro
2890 2398 3165 2455 conciliari
3195 2402 3390 2457 allectu
3421 2403 3517 2460 de-

1916 2468 2136 2543 siderat,
2184 2475 2309 2530 dum
2357 2494 2547 2539 omnes
2588 2489 2834 2546 conscius
2875 2507 3030 2548 amor
3075 2496 3285 2553 invitat.
3340 2498 3517 2566 Quam

1915 2563 2086 2629 magis
2113 2577 2214 2633 ego
2244 2566 2469 2625 invicem
2501 2576 2604 2628 mei
2635 2574 2923 2636 famulatus
2970 2584 3255 2640 verborum
3300 2585 3513 2656 gaudeo

1911 2649 2031 2721 jura
2062 2658 2405 2726 prmmittere,
2452 2664 2628 2722 donec
2665 2677 2722 2723 et
2748 2676 3077 2742 recuperatis
3103 2677 3305 2733 viribus
3343 2681 3510 2738 rebus

1913 2760 2127 2803 merear
2151 2754 2502 2821 respondere.
2531 2758 2738 2817 Idcirco
2765 2762 2941 2820 fmnus
2985 2766 3283 2825 humillime
3329 2773 3510 2842 sospi-

1913 2838 2037 2892 tatis
2076 2838 2408 2913 impcudens,
2456 2848 2819 2917 deprecor'ut
2860 2855 3063 2925 jugiter
3101 2875 3189 2914 me
3227 2860 3281 2915 iu
3316 2838 3512 2920 divinis

1912 2932 2145 2987 oraculis
2173 2948 2331 3003 quem
2358 2950 2633 3013 receptum
2665 2945 2905 3016 dignatio
2932 2950 3152 3021 retinet,
3192 2951 3515 3011 intercessio

1910 3034 2088 3083 vestra
2130 3033 2490 3104 commendet,
2537 3045 2592 3093 et
2636 3040 2884 3099 omnibus
2912 3043 3109 3112 quibus
3139 3047 3507 3105 necessarium

1908 3118 2204 3191 inspicitis,
2252 3140 2348 3195 per
2392 3143 2531 3197 quos
2577 3133 2737 3189 etiam
2784 3139 2925 3207 regis
2963 3139 3185 3196 auribus
3213 3139 3508 3209 deferatur,

1905 3227 2083 3268 meam
2131 3220 2506 3278 necessitatem
2553 3228 2807 3296 asserite,
2862 3229 2948 3284 vel
2986 3232 3224 3288 celerem
3272 3233 3507 3291 reditum

1905 3304 2190 3362 obtinete:
2235 3319 2294 3364 ut
2339 3313 2548 3369 indulto
2596 3316 2895 3389 suﬂragetis
2946 3324 3288 3392 patrocinio,
3339 3340 3505 3393 quem

1904 3395 2148 3469 impenso
2196 3399 2389 3459 fovetis
2436 3408 2650 3462 aliectu.
2695 3407 2771 3465 De
2810 3413 3143 3469 transmissis
3184 3416 3380 3471 vestris
3409 3431 3511 3497 xe-r

1829 3514 1877 3578 ο
1907 3490 2010 3546 niis
2038 3492 2259 3562 ancipiti
2297 3498 2644 3555 meditatione
2686 3504 3005 3572 suspendor,
3055 3514 3237 3562 utrum
3283 3521 3372 3563 me
3415 3521 3504 3565 re-

1905 3580 2048 3637 ferre
2092 3593 2271 3653 grates
2312 3598 2593 3659 oporteat,
2631 3608 2700 3648 an
2739 3595 3213 3668 silere:quoniam
3256 3602 3347 3671 qui
3392 3616 3503 3660 non

1904 3674 2048 3729 valet
2090 3676 2315 3747 implere
2359 3684 2704 3751 praeconium,
2735 3688 2895 3757 digne
2918 3690 3054 3744 vitat
3078 3688 3351 3747 affectum.
3379 3684 3505 3749 Non

1904 3772 2085 3822 tamen
2113 3770 2287 3825 credit
2314 3788 2527 3831 coronae
2553 3774 2646 3848 [Id
2664 3787 2757 3844 est,
2788 3780 3101 3849 sacerdotii,
3131 3780 3498 3855 episcopatus]

1903 3868 2099 3914 vestra:
2129 3865 2442 3932 magnitudo
2471 3867 2746 3935 sullicere,
2792 3871 2934 3938 quod
2965 3871 3017 3925 in
3049 3872 3182 3927 urbe
3224 3872 3311 3928 cui
3360 3888 3501 3942 pnn-

1902 3950 2032 4005 estis
2072 3967 2182 4009 non
2224 3953 2421 4010 desinit
2462 3958 2725 4014 universis
2772 3960 3033 4016 immensa
3080 3962 3301 4032 largitas
3337 3957 3513 4019 mini?

1900 4052 2093 4111 strare,
2138 4046 2236 4100 nisi
2278 4054 2336 4100 ut
2376 4048 2496 4103 illos
2524 4050 2808 4121 stipendiis
2854 4053 3067 4110 donetis
3105 4055 3359 4127 propriis,
3396 4055 3494 4126 qui

1899 4140 2163 4196 mmnibus
2190 4142 2493 4199 inhabitant
2519 4146 2729 4200 alienis.
2758 4146 2911 4203 Sicut
2938 4164 3026 4205 me
3048 4188 3064 4214 ,
3109 4165 3268 4219 quem
3298 4144 3511 4235 huma-ﬁ

1898 4233 2039 4288 nitas
2067 4243 2246 4291 vestra
2275 4244 2457 4306 optata
2488 4236 2829 4295 infestatione
2867 4242 3249 4311 persequitur;
3302 4255 3488 4312 quam,

1896 4325 2025 4382 dum
2070 4344 2179 4384 non
2227 4330 2368 4385 valui
2419 4340 2641 4388 coactus
2688 4330 2961 4402 effugere,
3024 4333 3251 4390 devotus
3300 4333 3492 4391 videor

1896 4422 2194 4492 excepisse.
2227 4420 2383 4478 Unde
2412 4432 2612 4491 tamen,
2643 4424 2770 4481 licet
2794 4428 3014 4484 ariditas
3056 4428 3313 4483 subsistat
3338 4427 3512 4516 iuges

1895 4513 1992 4581 nii,
2023 4522 2201 4571 tamen
2247 4525 2457 4586 poterat
2501 4516 2738 4588 suliragii
2767 4535 3007 4591 propago
3052 4525 3334 4594 praetendi,
3383 4524 3488 4582 nisi

1895 4605 2040 4675 quod
2080 4608 2212 4662 mihi
2260 4608 2489 4679 epistola
2519 4612 2805 4671 terminum
2832 4612 3040 4681 habuit,
3069 4615 3219 4687 quod
3250 4616 3487 4690 spatium

1895 4697 2081 4755 charta
2103 4701 2338 4771 negavit.

2003 4933 3467 4971 mm

375 5097 401 5127 ..
953 5017 1786 5145 mmmam
1862 4996 2720 5171 Parnm“
3172 5101 3181 5105 -
3242 5190 3243 5193 ᾧ

590 5214 617 5423 ,ἶ
816 5218 1282 5376 VITA
1359 5231 2802 5474 SANgTIfMARII.
3243 5254 3439 5508 ,ν
3488 5233 3515 5374 1:

240 5512 316 5561 γε
628 5531 647 5565 r
744 5526 752 5566 2
823 5517 827 5521 ’
1232 5558 1239 5565 ·
1348 5540 1441 5604 (Ex
1468 5541 1803 5611 Bolland.jan.

1901 5549 1964 5616 ll,
1992 5555 2051 5605 ad
2074 5556 2208 5607 diem
2231 5556 2334 5622 9.7.)

820 5701 1047 5762 CAPUT
1088 5705 1132 5763 Ι.

541 5792 730 5851 Sancti
756 5792 916 5852 Marii
944 5799 1129 5867 obitus,
1154 5805 1418 5862 vaticinia.

256 5882 314 5957 ι.
350 5884 487 5950 Cum
516 5887 773 5952 Dominus
810 5901 995 5957 noster
1019 5891 1173 5961 Jesus
1200 5897 1444 5965 Christus
1474 5900 1526 5966 in
1556 5902 1785 5978 primot-

1879 5705 1969 5763 dio
1998 5718 2196 5765 nostrae
2224 5714 2542 5784 vocationis,
2574 5715 2824 5772 humanis
2851 5713 3157 5785 pectoribus
3186 5714 3305 5774 lidei
3346 5717 3468 5774 fune

1880 5801 2132 5859 damenta
2166 5806 2403 5876 jecisset,
2432 5808 2670 5877 ejusdem
2702 5806 2826 5863 lidei
2850 5820 3005 5878 seges
3031 5810 3205 5867 sancti
3234 5810 3467 5882 Spiritus
3510 5866 3516 5872 ,

1880 5900 2213 5969 immissione
2257 5918 2356 5980 per
2398 5903 2707 5967 universum
2748 5892 3007 5967 mundum
3034 5907 3207 5987 _longe
3248 5908 3463 5981 lateque
3500 5894 3517 5903 ’
