  <div class='ocr_page' id='page_1' title='image "/cluster/home/n/w/nwhite01/storage/ocr_20150623/80/hvd.32044015469422/019.png"; bbox 0 0 4118 6332; ppageno 0'>
   <div class='ocr_carea' id='block_1_1' title="bbox 558 291 2535 362">
    <p class='ocr_par' dir='ltr' id='par_1_1' title="bbox 558 291 2535 362">
     <span class='ocr_line' id='line_1_1' title="bbox 558 291 2535 362; baseline -0.008 0"><span class='ocrx_word' id='word_1_1' title='bbox 558 306 627 362; x_wconf 76' lang='lat'><strong>27</strong></span> <span class='ocrx_word' id='word_1_2' title='bbox 1894 296 2179 357; x_wconf 72' lang='lat' dir='ltr'><strong>DYNAMII</strong></span> <span class='ocrx_word' id='word_1_3' title='bbox 2217 291 2535 353; x_wconf 77' lang='lat' dir='ltr'><strong>PATBlCll.</strong></span> 
     </span>
    </p>
   </div>
   <div class='ocr_carea' id='block_1_2' title="bbox 559 400 3837 488">
    <p class='ocr_par' dir='ltr' id='par_1_2' title="bbox 559 400 3837 488">
     <span class='ocr_line' id='line_1_2' title="bbox 559 400 3837 488; baseline -0.007 -12"><span class='ocrx_word' id='word_1_4' title='bbox 559 404 914 488; x_wconf 73' lang='lat' dir='ltr'><strong>excrevisset;</strong></span> <span class='ocrx_word' id='word_1_5' title='bbox 964 418 1380 474; x_wconf 78' lang='lat' dir='ltr'><strong>Christianorum</strong></span> <span class='ocrx_word' id='word_1_6' title='bbox 1423 414 1610 485; x_wconf 81' lang='lat' dir='ltr'><strong>religio</strong></span> <span class='ocrx_word' id='word_1_7' title='bbox 1651 419 1961 470; x_wconf 90' lang='lat' dir='ltr'><strong>sanctorum</strong></span> <span class='ocrx_word' id='word_1_8' title='bbox 1989 417 2139 467; x_wconf 90' lang='lat' dir='ltr'><strong>actus</strong></span> <span class='ocrx_word' id='word_1_9' title='bbox 2165 408 2223 471; x_wconf 72' lang='grc' dir='ltr'><strong>Δ</strong></span> <span class='ocrx_word' id='word_1_10' title='bbox 2244 404 2568 460; x_wconf 88' lang='lat' dir='ltr'><strong>visitandum</strong></span> <span class='ocrx_word' id='word_1_11' title='bbox 2598 401 2810 461; x_wconf 82' lang='lat' dir='ltr'><strong>assidue</strong></span> <span class='ocrx_word' id='word_1_12' title='bbox 2837 400 3122 467; x_wconf 84' lang='lat' dir='ltr'><strong>veniebat;</strong></span> <span class='ocrx_word' id='word_1_13' title='bbox 3170 407 3282 463; x_wconf 84' lang='lat' dir='ltr'><strong>tum</strong></span> <span class='ocrx_word' id='word_1_14' title='bbox 3309 400 3435 471; x_wconf 69' lang='lat' dir='ltr'><strong>quia</strong></span> <span class='ocrx_word' id='word_1_15' title='bbox 3464 400 3707 470; x_wconf 58' lang='lat' dir='ltr'><strong>ehisdem</strong></span> <span class='ocrx_word' id='word_1_16' title='bbox 3736 401 3837 457; x_wconf 80' lang='lat' dir='ltr'><strong>viri</strong></span> 
     </span>
    </p>
   </div>
   <div class='ocr_carea' id='block_1_3' title="bbox 561 500 2148 574">
    <p class='ocr_par' dir='ltr' id='par_1_3' title="bbox 561 500 2148 574">
     <span class='ocr_line' id='line_1_3' title="bbox 561 500 2148 574; baseline -0.006 -10"><span class='ocrx_word' id='word_1_17' title='bbox 561 509 937 565; x_wconf 79' lang='lat' dir='ltr'><strong>iuemorabiles</strong></span> <span class='ocrx_word' id='word_1_18' title='bbox 985 508 1193 567; x_wconf 87' lang='lat' dir='ltr'><strong>duabus</strong></span> <span class='ocrx_word' id='word_1_19' title='bbox 1220 524 1288 563; x_wconf 82' lang='lat' dir='ltr'><strong>ex</strong></span> <span class='ocrx_word' id='word_1_20' title='bbox 1314 505 1491 562; x_wconf 82' lang='lat' dir='ltr'><strong>causis</strong></span> <span class='ocrx_word' id='word_1_21' title='bbox 1536 503 1737 574; x_wconf 89' lang='lat' dir='ltr'><strong>scripto</strong></span> <span class='ocrx_word' id='word_1_22' title='bbox 1768 500 2148 559; x_wconf 97' lang='lat' dir='ltr'><strong>commendare</strong></span> 
     </span>
    </p>
   </div>
   <div class='ocr_carea' id='block_1_4' title="bbox 560 596 2151 671">
    <p class='ocr_par' dir='ltr' id='par_1_4' title="bbox 560 596 2151 671">
     <span class='ocr_line' id='line_1_4' title="bbox 560 596 2151 671; baseline -0.006 -11"><span class='ocrx_word' id='word_1_23' title='bbox 560 604 864 671; x_wconf 75' lang='lat' dir='ltr'><strong>consuevit,</strong></span> <span class='ocrx_word' id='word_1_24' title='bbox 894 613 953 657; x_wconf 91' lang='lat' dir='ltr'><strong>ut</strong></span> <span class='ocrx_word' id='word_1_25' title='bbox 981 602 1232 657; x_wconf 87' lang='lat' dir='ltr'><strong>videlicet</strong></span> <span class='ocrx_word' id='word_1_26' title='bbox 1258 600 1455 656; x_wconf 83' lang='lat' dir='ltr'><strong>chorus</strong></span> <span class='ocrx_word' id='word_1_27' title='bbox 1484 596 1720 652; x_wconf 82' lang='lat' dir='ltr'><strong>fidelium</strong></span> <span class='ocrx_word' id='word_1_28' title='bbox 1750 596 1967 657; x_wconf 83' lang='lat' dir='ltr'><strong>eosdem</strong></span> <span class='ocrx_word' id='word_1_29' title='bbox 1999 602 2151 651; x_wconf 85' lang='lat' dir='ltr'><strong>actus</strong></span> 
     </span>
    </p>
   </div>
   <div class='ocr_carea' id='block_1_5' title="bbox 561 686 2151 759">
    <p class='ocr_par' dir='ltr' id='par_1_5' title="bbox 561 686 2151 759">
     <span class='ocr_line' id='line_1_5' title="bbox 561 686 2151 759; baseline -0.007 -10"><span class='ocrx_word' id='word_1_30' title='bbox 561 692 617 749; x_wconf 80' lang='lat' dir='ltr'><strong>in</strong></span> <span class='ocrx_word' id='word_1_31' title='bbox 648 693 796 749; x_wconf 80' lang='lat' dir='ltr'><strong>festis</strong></span> <span class='ocrx_word' id='word_1_32' title='bbox 826 693 1105 748; x_wconf 81' lang='lat' dir='ltr'><strong>annalibus</strong></span> <span class='ocrx_word' id='word_1_33' title='bbox 1134 691 1356 745; x_wconf 87' lang='lat' dir='ltr'><strong>audiens</strong></span> <span class='ocrx_word' id='word_1_34' title='bbox 1384 688 1621 753; x_wconf 77' lang='lat' dir='ltr'><strong>recitari,</strong></span> <span class='ocrx_word' id='word_1_35' title='bbox 1650 686 1896 759; x_wconf 78' lang='lat' dir='ltr'><strong>gaudeat,</strong></span> <span class='ocrx_word' id='word_1_36' title='bbox 1921 686 2151 755; x_wconf 53' lang='lat' dir='ltr'><strong>laetetur,</strong></span> 
     </span>
    </p>
   </div>
   <div class='ocr_carea' id='block_1_6' title="bbox 561 778 2150 851">
    <p class='ocr_par' dir='ltr' id='par_1_6' title="bbox 561 778 2150 851">
     <span class='ocr_line' id='line_1_6' title="bbox 561 778 2150 851; baseline -0.008 -11"><span class='ocrx_word' id='word_1_37' title='bbox 561 791 621 840; x_wconf 86' lang='lat' dir='ltr'><strong>et</strong></span> <span class='ocrx_word' id='word_1_38' title='bbox 665 793 919 851; x_wconf 92' lang='lat' dir='ltr'><strong>crescat;</strong></span> <span class='ocrx_word' id='word_1_39' title='bbox 973 791 1027 837; x_wconf 89' lang='lat' dir='ltr'><strong>et</strong></span> <span class='ocrx_word' id='word_1_40' title='bbox 1077 781 1254 836; x_wconf 88' lang='lat' dir='ltr'><strong>minus</strong></span> <span class='ocrx_word' id='word_1_41' title='bbox 1302 778 1528 849; x_wconf 83' lang='lat' dir='ltr'><strong>perfecti</strong></span> <span class='ocrx_word' id='word_1_42' title='bbox 1574 779 1887 833; x_wconf 87' lang='lat' dir='ltr'><strong>eorumdem</strong></span> <span class='ocrx_word' id='word_1_43' title='bbox 1934 783 2150 829; x_wconf 91' lang='lat' dir='ltr'><strong>actuum</strong></span> 
     </span>
    </p>
   </div>
   <div class='ocr_carea' id='block_1_7' title="bbox 563 867 2155 945">
    <p class='ocr_par' dir='ltr' id='par_1_7' title="bbox 563 867 2155 945">
     <span class='ocr_line' id='line_1_7' title="bbox 563 867 2155 945; baseline -0.008 -13"><span class='ocrx_word' id='word_1_44' title='bbox 563 876 823 945; x_wconf 76' lang='lat' dir='ltr'><strong>exemplis</strong></span> <span class='ocrx_word' id='word_1_45' title='bbox 866 872 1200 942; x_wconf 82' lang='lat' dir='ltr'><strong>inﬂammati,</strong></span> <span class='ocrx_word' id='word_1_46' title='bbox 1248 869 1317 926; x_wconf 90' lang='lat' dir='ltr'><strong>ad</strong></span> <span class='ocrx_word' id='word_1_47' title='bbox 1364 870 1503 926; x_wconf 85' lang='lat' dir='ltr'><strong>bene</strong></span> <span class='ocrx_word' id='word_1_48' title='bbox 1550 869 1877 943; x_wconf 90' lang='lat' dir='ltr'><strong>operandum</strong></span> <span class='ocrx_word' id='word_1_49' title='bbox 1906 867 2155 923; x_wconf 77' lang='lat' dir='ltr'><strong>studeant</strong></span> 
     </span>
    </p>
   </div>
   <div class='ocr_carea' id='block_1_8' title="bbox 524 968 837 1045">
    <p class='ocr_par' dir='ltr' id='par_1_8' title="bbox 524 968 837 1045">
     <span class='ocr_line' id='line_1_8' title="bbox 524 968 837 1045; baseline -0.006 -20"><span class='ocrx_word' id='word_1_50' title='bbox 524 968 837 1045; x_wconf 64' lang='lat' dir='ltr'><strong>insudare.</strong></span> 
     </span>
    </p>
   </div>
   <div class='ocr_carea' id='block_1_9' title="bbox 634 1051 2156 1127">
    <p class='ocr_par' dir='ltr' id='par_1_9' title="bbox 634 1051 2156 1127">
     <span class='ocr_line' id='line_1_9' title="bbox 634 1051 2156 1127; baseline -0.003 -15"><span class='ocrx_word' id='word_1_51' title='bbox 634 1056 686 1112; x_wconf 76' lang='lat'><strong>2.</strong></span> <span class='ocrx_word' id='word_1_52' title='bbox 730 1058 955 1113; x_wconf 88' lang='lat' dir='ltr'><strong>Sanctus</strong></span> <span class='ocrx_word' id='word_1_53' title='bbox 996 1056 1181 1127; x_wconf 86' lang='lat' dir='ltr'><strong>itaque</strong></span> <span class='ocrx_word' id='word_1_54' title='bbox 1223 1055 1444 1122; x_wconf 84' lang='lat' dir='ltr'><strong>Marius,</strong></span> <span class='ocrx_word' id='word_1_55' title='bbox 1488 1052 1640 1123; x_wconf 88' lang='lat' dir='ltr'><strong>cujus</strong></span> <span class='ocrx_word' id='word_1_56' title='bbox 1669 1051 1809 1110; x_wconf 79' lang='lat' dir='ltr'><strong>facta</strong></span> <span class='ocrx_word' id='word_1_57' title='bbox 1852 1051 2027 1107; x_wconf 83' lang='lat' dir='ltr'><strong>fidelia</strong></span> <span class='ocrx_word' id='word_1_58' title='bbox 2058 1066 2156 1122; x_wconf 79' lang='lat' dir='ltr'><strong>pro</strong></span> 
     </span>
    </p>
   </div>
   <div class='ocr_carea' id='block_1_10' title="bbox 564 1144 2156 1218">
    <p class='ocr_par' dir='ltr' id='par_1_10' title="bbox 564 1144 2156 1218">
     <span class='ocr_line' id='line_1_10' title="bbox 564 1144 2156 1218; baseline -0.007 -12"><span class='ocrx_word' id='word_1_59' title='bbox 564 1149 787 1206; x_wconf 88' lang='lat' dir='ltr'><strong>modulo</strong></span> <span class='ocrx_word' id='word_1_60' title='bbox 845 1157 1041 1205; x_wconf 76' lang='lat' dir='ltr'><strong>nostra:</strong></span> <span class='ocrx_word' id='word_1_61' title='bbox 1102 1148 1419 1218; x_wconf 80' lang='lat' dir='ltr'><strong>capacitatis</strong></span> <span class='ocrx_word' id='word_1_62' title='bbox 1473 1144 1740 1201; x_wconf 85' lang='lat' dir='ltr'><strong>narranda</strong></span> <span class='ocrx_word' id='word_1_63' title='bbox 1788 1144 2156 1214; x_wconf 78' lang='lat' dir='ltr'><strong>ingredimur,</strong></span> 
     </span>
    </p>
   </div>
   <div class='ocr_carea' id='block_1_11' title="bbox 564 1234 2153 1310">
    <p class='ocr_par' dir='ltr' id='par_1_11' title="bbox 564 1234 2153 1310">
     <span class='ocr_line' id='line_1_11' title="bbox 564 1234 2153 1310; baseline -0.005 -15"><span class='ocrx_word' id='word_1_64' title='bbox 564 1240 823 1296; x_wconf 90' lang='lat' dir='ltr'><strong>mediocri</strong></span> <span class='ocrx_word' id='word_1_65' title='bbox 870 1240 1147 1309; x_wconf 87' lang='lat' dir='ltr'><strong>parentela</strong></span> <span class='ocrx_word' id='word_1_66' title='bbox 1178 1240 1408 1310; x_wconf 89' lang='lat' dir='ltr'><strong>genitus,</strong></span> <span class='ocrx_word' id='word_1_67' title='bbox 1450 1238 1577 1293; x_wconf 87' lang='lat' dir='ltr'><strong>civis</strong></span> <span class='ocrx_word' id='word_1_68' title='bbox 1606 1235 2008 1291; x_wconf 80' lang='lat' dir='ltr'><strong>Aurelianensis</strong></span> <span class='ocrx_word' id='word_1_69' title='bbox 2038 1234 2153 1288; x_wconf 85' lang='lat' dir='ltr'><strong>fuit.</strong></span> 
     </span>
    </p>
   </div>
   <div class='ocr_carea' id='block_1_12' title="bbox 565 1326 2160 1401">
    <p class='ocr_par' dir='ltr' id='par_1_12' title="bbox 565 1326 2160 1401">
     <span class='ocr_line' id='line_1_12' title="bbox 565 1326 2160 1401; baseline -0.004 -16"><span class='ocrx_word' id='word_1_70' title='bbox 565 1329 666 1387; x_wconf 83' lang='lat' dir='ltr'><strong>Hie</strong></span> <span class='ocrx_word' id='word_1_71' title='bbox 707 1332 761 1385; x_wconf 90' lang='lat' dir='ltr'><strong>in</strong></span> <span class='ocrx_word' id='word_1_72' title='bbox 802 1331 1152 1397; x_wconf 90' lang='lat' dir='ltr'><strong>monasterio,</strong></span> <span class='ocrx_word' id='word_1_73' title='bbox 1202 1329 1345 1401; x_wconf 90' lang='lat' dir='ltr'><strong>quod</strong></span> <span class='ocrx_word' id='word_1_74' title='bbox 1383 1328 1582 1384; x_wconf 85' lang='lat' dir='ltr'><strong>ibidem</strong></span> <span class='ocrx_word' id='word_1_75' title='bbox 1627 1336 1729 1394; x_wconf 88' lang='lat' dir='ltr'><strong>est,</strong></span> <span class='ocrx_word' id='word_1_76' title='bbox 1762 1326 1940 1382; x_wconf 83' lang='lat' dir='ltr'><strong>factus</strong></span> <span class='ocrx_word' id='word_1_77' title='bbox 1970 1340 2160 1380; x_wconf 87' lang='lat' dir='ltr'><strong>mona-</strong></span> 
     </span>
    </p>
   </div>
   <div class='ocr_carea' id='block_1_13' title="bbox 565 1406 2159 1486">
    <p class='ocr_par' dir='ltr' id='par_1_13' title="bbox 565 1406 2159 1486">
     <span class='ocr_line' id='line_1_13' title="bbox 565 1406 2159 1486; baseline -0.006 -10"><span class='ocrx_word' id='word_1_78' title='bbox 565 1421 717 1486; x_wconf 89' lang='lat' dir='ltr'><strong>chus,</strong></span> <span class='ocrx_word' id='word_1_79' title='bbox 762 1421 829 1475; x_wconf 90' lang='lat' dir='ltr'><strong>ab</strong></span> <span class='ocrx_word' id='word_1_80' title='bbox 870 1406 1283 1475; x_wconf 22' lang='lat' dir='ltr'><strong>ineunte‘mtate</strong></span> <span class='ocrx_word' id='word_1_81' title='bbox 1310 1417 1717 1473; x_wconf 82' lang='lat' dir='ltr'><strong>monacbalibus</strong></span> <span class='ocrx_word' id='word_1_82' title='bbox 1749 1416 2008 1470; x_wconf 89' lang='lat' dir='ltr'><strong>doctrinis</strong></span> <span class='ocrx_word' id='word_1_83' title='bbox 2035 1430 2159 1470; x_wconf 89' lang='lat' dir='ltr'><strong>eru-</strong></span> 
     </span>
    </p>
   </div>
   <div class='ocr_carea' id='block_1_14' title="bbox 566 1508 2163 1583">
    <p class='ocr_par' dir='ltr' id='par_1_14' title="bbox 566 1508 2163 1583">
     <span class='ocr_line' id='line_1_14' title="bbox 566 1508 2163 1583; baseline -0.002 -15"><span class='ocrx_word' id='word_1_84' title='bbox 566 1513 709 1569; x_wconf 91' lang='lat' dir='ltr'><strong>ditus</strong></span> <span class='ocrx_word' id='word_1_85' title='bbox 756 1528 911 1583; x_wconf 89' lang='lat' dir='ltr'><strong>puer,</strong></span> <span class='ocrx_word' id='word_1_86' title='bbox 964 1520 1018 1567; x_wconf 88' lang='lat' dir='ltr'><strong>et</strong></span> <span class='ocrx_word' id='word_1_87' title='bbox 1066 1511 1239 1567; x_wconf 88' lang='lat' dir='ltr'><strong>factus</strong></span> <span class='ocrx_word' id='word_1_88' title='bbox 1285 1511 1499 1581; x_wconf 87' lang='lat' dir='ltr'><strong>juvenis</strong></span> <span class='ocrx_word' id='word_1_89' title='bbox 1544 1510 1684 1565; x_wconf 89' lang='lat' dir='ltr'><strong>bene</strong></span> <span class='ocrx_word' id='word_1_90' title='bbox 1730 1508 2003 1579; x_wconf 90' lang='lat' dir='ltr'><strong>operando</strong></span> <span class='ocrx_word' id='word_1_91' title='bbox 2052 1508 2163 1565; x_wconf 85' lang='lat' dir='ltr'><strong>Deo</strong></span> 
     </span>
    </p>
   </div>
   <div class='ocr_carea' id='block_1_15' title="bbox 568 1599 2159 1673">
    <p class='ocr_par' dir='ltr' id='par_1_15' title="bbox 568 1599 2159 1673">
     <span class='ocr_line' id='line_1_15' title="bbox 568 1599 2159 1673; baseline -0.006 -13"><span class='ocrx_word' id='word_1_92' title='bbox 568 1604 773 1661; x_wconf 84' lang='lat' dir='ltr'><strong>studuit</strong></span> <span class='ocrx_word' id='word_1_93' title='bbox 814 1605 1067 1661; x_wconf 88' lang='lat' dir='ltr'><strong>militare.</strong></span> <span class='ocrx_word' id='word_1_94' title='bbox 1101 1603 1234 1659; x_wconf 91' lang='lat' dir='ltr'><strong>Cum</strong></span> <span class='ocrx_word' id='word_1_95' title='bbox 1263 1614 1443 1659; x_wconf 89' lang='lat' dir='ltr'><strong>autem</strong></span> <span class='ocrx_word' id='word_1_96' title='bbox 1470 1604 1525 1657; x_wconf 92' lang='lat' dir='ltr'><strong>in</strong></span> <span class='ocrx_word' id='word_1_97' title='bbox 1553 1600 1778 1673; x_wconf 65' lang='lat' dir='ltr'><strong>praefato</strong></span> <span class='ocrx_word' id='word_1_98' title='bbox 1809 1599 2159 1661; x_wconf 86' lang='lat' dir='ltr'><strong>monasterio,</strong></span> 
     </span>
    </p>
   </div>
   <div class='ocr_carea' id='block_1_16' title="bbox 569 1688 2162 1765">
    <p class='ocr_par' dir='ltr' id='par_1_16' title="bbox 569 1688 2162 1765">
     <span class='ocr_line' id='line_1_16' title="bbox 569 1688 2162 1765; baseline -0.006 -13"><span class='ocrx_word' id='word_1_99' title='bbox 569 1697 711 1753; x_wconf 84' lang='lat' dir='ltr'><strong>sicut</strong></span> <span class='ocrx_word' id='word_1_100' title='bbox 739 1696 906 1751; x_wconf 92' lang='lat' dir='ltr'><strong>lilium</strong></span> <span class='ocrx_word' id='word_1_101' title='bbox 950 1696 1090 1751; x_wconf 89' lang='lat' dir='ltr'><strong>inter</strong></span> <span class='ocrx_word' id='word_1_102' title='bbox 1117 1695 1257 1765; x_wconf 86' lang='lat' dir='ltr'><strong>ligna</strong></span> <span class='ocrx_word' id='word_1_103' title='bbox 1288 1695 1569 1759; x_wconf 77' lang='lat' dir='ltr'><strong>silvarum,</strong></span> <span class='ocrx_word' id='word_1_104' title='bbox 1600 1694 1741 1747; x_wconf 90' lang='lat' dir='ltr'><strong>inter</strong></span> <span class='ocrx_word' id='word_1_105' title='bbox 1772 1691 1965 1745; x_wconf 81' lang='lat' dir='ltr'><strong>fratres</strong></span> <span class='ocrx_word' id='word_1_106' title='bbox 1992 1688 2162 1744; x_wconf 88' lang='lat' dir='ltr'><strong>mori-</strong></span> 
     </span>
    </p>
   </div>
   <div class='ocr_carea' id='block_1_17' title="bbox 2251 491 3840 561">
    <p class='ocr_par' dir='ltr' id='par_1_17' title="bbox 2251 491 3840 561">
     <span class='ocr_line' id='line_1_17' title="bbox 2251 491 3840 561; baseline -0.002 -11"><span class='ocrx_word' id='word_1_107' title='bbox 2251 494 2347 557; x_wconf 90' lang='lat' dir='ltr'><strong>Dei</strong></span> <span class='ocrx_word' id='word_1_108' title='bbox 2372 494 2669 551; x_wconf 81' lang='lat' dir='ltr'><strong>monachus</strong></span> <span class='ocrx_word' id='word_1_109' title='bbox 2697 500 2753 548; x_wconf 89' lang='lat' dir='ltr'><strong>et</strong></span> <span class='ocrx_word' id='word_1_110' title='bbox 2780 492 3032 551; x_wconf 82' lang='lat' dir='ltr'><strong>nutritius</strong></span> <span class='ocrx_word' id='word_1_111' title='bbox 3063 491 3255 556; x_wconf 80' lang='lat' dir='ltr'><strong>fuerat,</strong></span> <span class='ocrx_word' id='word_1_112' title='bbox 3281 504 3509 560; x_wconf 84' lang='lat' dir='ltr'><strong>eumque</strong></span> <span class='ocrx_word' id='word_1_113' title='bbox 3529 491 3697 561; x_wconf 76' lang='lat' dir='ltr'><strong>patris</strong></span> <span class='ocrx_word' id='word_1_114' title='bbox 3718 492 3840 547; x_wconf 83' lang='lat' dir='ltr'><strong>loco</strong></span> 
     </span>
    </p>
   </div>
   <div class='ocr_carea' id='block_1_18' title="bbox 2253 582 3845 656">
    <p class='ocr_par' dir='ltr' id='par_1_18' title="bbox 2253 582 3845 656">
     <span class='ocr_line' id='line_1_18' title="bbox 2253 582 3845 656; baseline -0.003 -12"><span class='ocrx_word' id='word_1_115' title='bbox 2253 587 2610 651; x_wconf 81' lang='lat' dir='ltr'><strong>venerabatur</strong></span> <span class='ocrx_word' id='word_1_116' title='bbox 2637 593 2691 641; x_wconf 92' lang='lat' dir='ltr'><strong>et</strong></span> <span class='ocrx_word' id='word_1_117' title='bbox 2720 584 2959 652; x_wconf 85' lang='lat' dir='ltr'><strong>colebat;</strong></span> <span class='ocrx_word' id='word_1_118' title='bbox 2996 591 3107 641; x_wconf 90' lang='lat' dir='ltr'><strong>tum</strong></span> <span class='ocrx_word' id='word_1_119' title='bbox 3137 584 3262 656; x_wconf 74' lang='lat' dir='ltr'><strong>quia</strong></span> <span class='ocrx_word' id='word_1_120' title='bbox 3292 583 3407 653; x_wconf 75' lang='lat' dir='ltr'><strong>ejus</strong></span> <span class='ocrx_word' id='word_1_121' title='bbox 3434 582 3680 643; x_wconf 76' lang='lat' dir='ltr'><strong>dulcibus</strong></span> <span class='ocrx_word' id='word_1_122' title='bbox 3707 583 3845 639; x_wconf 75' lang='lat' dir='ltr'><strong>alio-</strong></span> 
     </span>
    </p>
   </div>
   <div class='ocr_carea' id='block_1_19' title="bbox 2252 674 3846 752">
    <p class='ocr_par' dir='ltr' id='par_1_19' title="bbox 2252 674 3846 752">
     <span class='ocr_line' id='line_1_19' title="bbox 2252 674 3846 752; baseline -0.003 -16"><span class='ocrx_word' id='word_1_123' title='bbox 2252 682 2392 752; x_wconf 86' lang='lat' dir='ltr'><strong>quiis</strong></span> <span class='ocrx_word' id='word_1_124' title='bbox 2435 695 2647 752; x_wconf 81' lang='lat' dir='ltr'><strong>semper</strong></span> <span class='ocrx_word' id='word_1_125' title='bbox 2688 678 2835 735; x_wconf 86' lang='lat' dir='ltr'><strong>rclici</strong></span> <span class='ocrx_word' id='word_1_126' title='bbox 2885 678 3192 750; x_wconf 79' lang='lat' dir='ltr'><strong>appetebat.</strong></span> <span class='ocrx_word' id='word_1_127' title='bbox 3243 674 3361 742; x_wconf 76' lang='lat' dir='ltr'><strong>Una</strong></span> <span class='ocrx_word' id='word_1_128' title='bbox 3405 677 3589 748; x_wconf 78' lang='lat' dir='ltr'><strong>itaque</strong></span> <span class='ocrx_word' id='word_1_129' title='bbox 3635 676 3846 733; x_wconf 67' lang='lat' dir='ltr'><strong>dierum</strong></span> 
     </span>
    </p>
   </div>
   <div class='ocr_carea' id='block_1_20' title="bbox 2253 770 3919 843">
    <p class='ocr_par' dir='ltr' id='par_1_20' title="bbox 2253 770 3919 843">
     <span class='ocr_line' id='line_1_20' title="bbox 2253 770 3919 843; baseline -0.004 -13"><span class='ocrx_word' id='word_1_130' title='bbox 2253 789 2375 830; x_wconf 91' lang='lat' dir='ltr'><strong>cum</strong></span> <span class='ocrx_word' id='word_1_131' title='bbox 2416 773 2482 829; x_wconf 87' lang='lat' dir='ltr'><strong>ad</strong></span> <span class='ocrx_word' id='word_1_132' title='bbox 2524 771 2719 829; x_wconf 87' lang='lat' dir='ltr'><strong>ostium</strong></span> <span class='ocrx_word' id='word_1_133' title='bbox 2749 771 2896 828; x_wconf 60' lang='lat' dir='ltr'><strong>cellae</strong></span> <span class='ocrx_word' id='word_1_134' title='bbox 2934 770 3052 843; x_wconf 85' lang='lat' dir='ltr'><strong>ejus</strong></span> <span class='ocrx_word' id='word_1_135' title='bbox 3097 771 3336 843; x_wconf 81' lang='lat' dir='ltr'><strong>pulsaret</strong></span> <span class='ocrx_word' id='word_1_136' title='bbox 3361 772 3607 840; x_wconf 80' lang='lat' dir='ltr'><strong>antistes,</strong></span> <span class='ocrx_word' id='word_1_137' title='bbox 3641 770 3848 826; x_wconf 78' lang='lat' dir='ltr'><strong>audivit</strong></span> <span class='ocrx_word' id='word_1_138' title='bbox 3892 800 3919 841; x_wconf 60' lang='grc' dir='ltr'>ε</span> 
     </span>
    </p>
   </div>
   <div class='ocr_carea' id='block_1_21' title="bbox 2256 864 3851 935">
    <p class='ocr_par' dir='ltr' id='par_1_21' title="bbox 2256 864 3851 935">
     <span class='ocr_line' id='line_1_21' title="bbox 2256 864 3851 935; baseline -0.003 -15"><span class='ocrx_word' id='word_1_139' title='bbox 2256 866 2323 921; x_wconf 91' lang='lat' dir='ltr'><strong>ab</strong></span> <span class='ocrx_word' id='word_1_140' title='bbox 2352 881 2418 920; x_wconf 89' lang='lat' dir='ltr'><strong>eo</strong></span> <span class='ocrx_word' id='word_1_141' title='bbox 2446 874 2505 920; x_wconf 91' lang='lat' dir='ltr'><strong>ut</strong></span> <span class='ocrx_word' id='word_1_142' title='bbox 2534 866 2833 930; x_wconf 77' lang='lat' dir='ltr'><strong>recederet,</strong></span> <span class='ocrx_word' id='word_1_143' title='bbox 2878 874 3000 935; x_wconf 89' lang='lat' dir='ltr'><strong>post</strong></span> <span class='ocrx_word' id='word_1_144' title='bbox 3028 864 3170 919; x_wconf 91' lang='lat' dir='ltr'><strong>diem</strong></span> <span class='ocrx_word' id='word_1_145' title='bbox 3203 866 3417 920; x_wconf 89' lang='lat' dir='ltr'><strong>tertium</strong></span> <span class='ocrx_word' id='word_1_146' title='bbox 3459 864 3726 929; x_wconf 86' lang='lat' dir='ltr'><strong>rediturus</strong></span> <span class='ocrx_word' id='word_1_147' title='bbox 3752 882 3771 923; x_wconf 84' lang='lat'><strong>:</strong></span> <span class='ocrx_word' id='word_1_148' title='bbox 3796 871 3851 920; x_wconf 88' lang='lat' dir='ltr'><strong>et</strong></span> 
     </span>
    </p>
   </div>
   <div class='ocr_carea' id='block_1_22' title="bbox 2254 957 3850 1029">
    <p class='ocr_par' dir='ltr' id='par_1_22' title="bbox 2254 957 3850 1029">
     <span class='ocr_line' id='line_1_22' title="bbox 2254 957 3850 1029; baseline 0.002 -17"><span class='ocrx_word' id='word_1_149' title='bbox 2254 957 2310 1013; x_wconf 91' lang='lat' dir='ltr'><strong>in</strong></span> <span class='ocrx_word' id='word_1_150' title='bbox 2348 960 2440 1013; x_wconf 92' lang='lat' dir='ltr'><strong>illo</strong></span> <span class='ocrx_word' id='word_1_151' title='bbox 2476 959 2649 1029; x_wconf 79' lang='lat' dir='ltr'><strong>Spatio</strong></span> <span class='ocrx_word' id='word_1_152' title='bbox 2689 959 2867 1015; x_wconf 89' lang='lat' dir='ltr'><strong>nullus</strong></span> <span class='ocrx_word' id='word_1_153' title='bbox 2908 959 2957 1014; x_wconf 90' lang='lat' dir='ltr'><strong>ei</strong></span> <span class='ocrx_word' id='word_1_154' title='bbox 3001 960 3219 1026; x_wconf 86' lang='lat' dir='ltr'><strong>victum,</strong></span> <span class='ocrx_word' id='word_1_155' title='bbox 3263 960 3543 1029; x_wconf 90' lang='lat' dir='ltr'><strong>nullusque</strong></span> <span class='ocrx_word' id='word_1_156' title='bbox 3571 975 3850 1016; x_wconf 89' lang='lat' dir='ltr'><strong>accessum</strong></span> 
     </span>
    </p>
   </div>
   <div class='ocr_carea' id='block_1_23' title="bbox 2253 1053 3851 1131">
    <p class='ocr_par' dir='ltr' id='par_1_23' title="bbox 2253 1053 3851 1131">
     <span class='ocr_line' id='line_1_23' title="bbox 2253 1053 3851 1131; baseline 0.002 -22"><span class='ocrx_word' id='word_1_157' title='bbox 2253 1054 2541 1131; x_wconf 76' lang='lat' dir='ltr'><strong>prteberet.</strong></span> <span class='ocrx_word' id='word_1_158' title='bbox 2574 1053 2817 1110; x_wconf 74' lang='lat' dir='ltr'><strong>Recessit</strong></span> <span class='ocrx_word' id='word_1_159' title='bbox 2866 1054 3107 1126; x_wconf 76' lang='lat' dir='ltr'><strong>pontifex</strong></span> <span class='ocrx_word' id='word_1_160' title='bbox 3133 1072 3149 1120; x_wconf 93' lang='lat'><strong>;</strong></span> <span class='ocrx_word' id='word_1_161' title='bbox 3174 1063 3228 1110; x_wconf 90' lang='lat' dir='ltr'><strong>et</strong></span> <span class='ocrx_word' id='word_1_162' title='bbox 3256 1067 3377 1125; x_wconf 88' lang='lat' dir='ltr'><strong>post</strong></span> <span class='ocrx_word' id='word_1_163' title='bbox 3405 1056 3635 1111; x_wconf 88' lang='lat' dir='ltr'><strong>triduum</strong></span> <span class='ocrx_word' id='word_1_164' title='bbox 3667 1072 3851 1112; x_wconf 87' lang='lat' dir='ltr'><strong>rever-</strong></span> 
     </span>
    </p>
   </div>
   <div class='ocr_carea' id='block_1_24' title="bbox 2258 1146 3857 1216">
    <p class='ocr_par' dir='ltr' id='par_1_24' title="bbox 2258 1146 3857 1216">
     <span class='ocr_line' id='line_1_24' title="bbox 2258 1146 3857 1216; baseline 0.002 -15"><span class='ocrx_word' id='word_1_165' title='bbox 2258 1153 2399 1211; x_wconf 78' lang='lat' dir='ltr'><strong>teris,</strong></span> <span class='ocrx_word' id='word_1_166' title='bbox 2433 1147 2499 1200; x_wconf 90' lang='lat' dir='ltr'><strong>ad</strong></span> <span class='ocrx_word' id='word_1_167' title='bbox 2527 1149 2696 1201; x_wconf 80' lang='lat' dir='ltr'><strong>virum</strong></span> <span class='ocrx_word' id='word_1_168' title='bbox 2727 1146 2820 1201; x_wconf 90' lang='lat' dir='ltr'><strong>Dei</strong></span> <span class='ocrx_word' id='word_1_169' title='bbox 2852 1156 2933 1202; x_wconf 85' lang='lat' dir='ltr'><strong>est</strong></span> <span class='ocrx_word' id='word_1_170' title='bbox 2976 1147 3265 1216; x_wconf 80' lang='lat' dir='ltr'><strong>ingressus.</strong></span> <span class='ocrx_word' id='word_1_171' title='bbox 3316 1147 3414 1202; x_wconf 91' lang='lat' dir='ltr'><strong>Cui</strong></span> <span class='ocrx_word' id='word_1_172' title='bbox 3458 1148 3541 1203; x_wconf 90' lang='lat' dir='ltr'><strong>vir</strong></span> <span class='ocrx_word' id='word_1_173' title='bbox 3584 1147 3719 1204; x_wconf 90' lang='lat' dir='ltr'><strong>Dei:</strong></span> <span class='ocrx_word' id='word_1_174' title='bbox 3748 1148 3857 1204; x_wconf 81' lang='lat' dir='ltr'><strong>Du-</strong></span> 
     </span>
    </p>
   </div>
   <div class='ocr_carea' id='block_1_25' title="bbox 2260 1237 3858 1309">
    <p class='ocr_par' dir='ltr' id='par_1_25' title="bbox 2260 1237 3858 1309">
     <span class='ocr_line' id='line_1_25' title="bbox 2260 1237 3858 1309; baseline 0.002 -17"><span class='ocrx_word' id='word_1_175' title='bbox 2260 1248 2380 1297; x_wconf 85' lang='lat' dir='ltr'><strong>ctus</strong></span> <span class='ocrx_word' id='word_1_176' title='bbox 2405 1237 2480 1299; x_wconf 75' lang='lat' dir='ltr'><strong>t‘ni</strong></span> <span class='ocrx_word' id='word_1_177' title='bbox 2506 1238 2562 1294; x_wconf 90' lang='lat' dir='ltr'><strong>in</strong></span> <span class='ocrx_word' id='word_1_178' title='bbox 2587 1238 2798 1309; x_wconf 85' lang='lat' dir='ltr'><strong>spiritu,</strong></span> <span class='ocrx_word' id='word_1_179' title='bbox 2826 1239 3041 1308; x_wconf 83' lang='lat' dir='ltr'><strong>vidique</strong></span> <span class='ocrx_word' id='word_1_180' title='bbox 3072 1240 3238 1294; x_wconf 78' lang='lat' dir='ltr'><strong>cmlos</strong></span> <span class='ocrx_word' id='word_1_181' title='bbox 3267 1250 3482 1309; x_wconf 89' lang='lat' dir='ltr'><strong>apertos</strong></span> <span class='ocrx_word' id='word_1_182' title='bbox 3512 1248 3569 1295; x_wconf 87' lang='lat' dir='ltr'><strong>et</strong></span> <span class='ocrx_word' id='word_1_183' title='bbox 3598 1240 3858 1309; x_wconf 86' lang='lat' dir='ltr'><strong>majesta-</strong></span> 
     </span>
    </p>
   </div>
   <div class='ocr_carea' id='block_1_26' title="bbox 2261 1327 3860 1399">
    <p class='ocr_par' dir='ltr' id='par_1_26' title="bbox 2261 1327 3860 1399">
     <span class='ocr_line' id='line_1_26' title="bbox 2261 1327 3860 1399; baseline -0.001 -13"><span class='ocrx_word' id='word_1_184' title='bbox 2261 1337 2371 1391; x_wconf 83' lang='lat' dir='ltr'><strong>tem</strong></span> <span class='ocrx_word' id='word_1_185' title='bbox 2409 1327 2533 1396; x_wconf 86' lang='lat' dir='ltr'><strong>Dei;</strong></span> <span class='ocrx_word' id='word_1_186' title='bbox 2578 1329 2732 1398; x_wconf 84' lang='lat' dir='ltr'><strong>cujus</strong></span> <span class='ocrx_word' id='word_1_187' title='bbox 2773 1329 3034 1387; x_wconf 82' lang='lat' dir='ltr'><strong>claritatis</strong></span> <span class='ocrx_word' id='word_1_188' title='bbox 3063 1329 3402 1399; x_wconf 84' lang='lat' dir='ltr'><strong>splendorem</strong></span> <span class='ocrx_word' id='word_1_189' title='bbox 3449 1329 3555 1383; x_wconf 90' lang='lat' dir='ltr'><strong>mei</strong></span> <span class='ocrx_word' id='word_1_190' title='bbox 3600 1329 3860 1385; x_wconf 87' lang='lat' dir='ltr'><strong>mortales</strong></span> 
     </span>
    </p>
   </div>
   <div class='ocr_carea' id='block_1_27' title="bbox 2263 1419 3866 1491">
    <p class='ocr_par' dir='ltr' id='par_1_27' title="bbox 2263 1419 3866 1491">
     <span class='ocr_line' id='line_1_27' title="bbox 2263 1419 3866 1491; baseline -0.001 -14"><span class='ocrx_word' id='word_1_191' title='bbox 2263 1421 2404 1477; x_wconf 90' lang='lat' dir='ltr'><strong>oculi</strong></span> <span class='ocrx_word' id='word_1_192' title='bbox 2453 1419 2543 1474; x_wconf 77' lang='lat' dir='ltr'><strong>vix</strong></span> <span class='ocrx_word' id='word_1_193' title='bbox 2592 1429 2845 1490; x_wconf 77' lang='lat' dir='ltr'><strong>poterant</strong></span> <span class='ocrx_word' id='word_1_194' title='bbox 2871 1420 3166 1487; x_wconf 80' lang='lat' dir='ltr'><strong>sustinere;</strong></span> <span class='ocrx_word' id='word_1_195' title='bbox 3194 1420 3409 1491; x_wconf 82' lang='lat' dir='ltr'><strong>vidique</strong></span> <span class='ocrx_word' id='word_1_196' title='bbox 3433 1419 3646 1475; x_wconf 82' lang='lat' dir='ltr'><strong>beatam</strong></span> <span class='ocrx_word' id='word_1_197' title='bbox 3675 1426 3731 1475; x_wconf 88' lang='lat' dir='ltr'><strong>et</strong></span> <span class='ocrx_word' id='word_1_198' title='bbox 3758 1421 3866 1475; x_wconf 89' lang='lat' dir='ltr'><strong>vir-</strong></span> 
     </span>
    </p>
   </div>
   <div class='ocr_carea' id='block_1_28' title="bbox 2264 1511 3867 1587">
    <p class='ocr_par' dir='ltr' id='par_1_28' title="bbox 2264 1511 3867 1587">
     <span class='ocr_line' id='line_1_28' title="bbox 2264 1511 3867 1587; baseline -0.001 -18"><span class='ocrx_word' id='word_1_199' title='bbox 2264 1516 2443 1587; x_wconf 82' lang='lat' dir='ltr'><strong>giem</strong></span> <span class='ocrx_word' id='word_1_200' title='bbox 2471 1522 2526 1570; x_wconf 84' lang='lat' dir='ltr'><strong>et</strong></span> <span class='ocrx_word' id='word_1_201' title='bbox 2551 1515 2646 1570; x_wconf 85' lang='lat' dir='ltr'><strong>Dei</strong></span> <span class='ocrx_word' id='word_1_202' title='bbox 2673 1515 2987 1585; x_wconf 76' lang='lat' dir='ltr'><strong>genitricem</strong></span> <span class='ocrx_word' id='word_1_203' title='bbox 3017 1513 3240 1568; x_wconf 83' lang='lat' dir='ltr'><strong>Mariam</strong></span> <span class='ocrx_word' id='word_1_204' title='bbox 3271 1530 3389 1569; x_wconf 89' lang='lat' dir='ltr'><strong>cum</strong></span> <span class='ocrx_word' id='word_1_205' title='bbox 3420 1513 3623 1582; x_wconf 81' lang='lat' dir='ltr'><strong>angelis</strong></span> <span class='ocrx_word' id='word_1_206' title='bbox 3652 1511 3717 1567; x_wconf 91' lang='lat' dir='ltr'><strong>ad</strong></span> <span class='ocrx_word' id='word_1_207' title='bbox 3747 1511 3867 1581; x_wconf 84' lang='lat' dir='ltr'><strong>ejus</strong></span> 
     </span>
    </p>
   </div>
   <div class='ocr_carea' id='block_1_29' title="bbox 2263 1601 3865 1677">
    <p class='ocr_par' dir='ltr' id='par_1_29' title="bbox 2263 1601 3865 1677">
     <span class='ocr_line' id='line_1_29' title="bbox 2263 1601 3865 1677; baseline -0.002 -16"><span class='ocrx_word' id='word_1_208' title='bbox 2263 1607 2487 1677; x_wconf 79' lang='lat' dir='ltr'><strong>vestigia</strong></span> <span class='ocrx_word' id='word_1_209' title='bbox 2516 1613 2861 1676; x_wconf 86' lang='lat' dir='ltr'><strong>prostratam,</strong></span> <span class='ocrx_word' id='word_1_210' title='bbox 2906 1621 3003 1675; x_wconf 92' lang='lat' dir='ltr'><strong>pro</strong></span> <span class='ocrx_word' id='word_1_211' title='bbox 3032 1601 3057 1642; x_wconf 72' lang='grc' dir='ltr'><strong><em>ἀ</em></strong></span> <span class='ocrx_word' id='word_1_212' title='bbox 3090 1620 3223 1675; x_wconf 88' lang='lat' dir='ltr'><strong>pace</strong></span> <span class='ocrx_word' id='word_1_213' title='bbox 3250 1603 3416 1659; x_wconf 73' lang='lat' dir='ltr'><strong>Italia:</strong></span> <span class='ocrx_word' id='word_1_214' title='bbox 3449 1603 3865 1674; x_wconf 85' lang='lat' dir='ltr'><strong>supplicantem.</strong></span> 
     </span>
    </p>
   </div>
   <div class='ocr_carea' id='block_1_30' title="bbox 2267 1696 3873 1768">
    <p class='ocr_par' dir='ltr' id='par_1_30' title="bbox 2267 1696 3873 1768">
     <span class='ocr_line' id='line_1_30' title="bbox 2267 1696 3873 1768; baseline -0.004 -15"><span class='ocrx_word' id='word_1_215' title='bbox 2267 1698 2374 1753; x_wconf 91' lang='lat' dir='ltr'><strong>Sed</strong></span> <span class='ocrx_word' id='word_1_216' title='bbox 2398 1698 2577 1753; x_wconf 89' lang='lat' dir='ltr'><strong>divina</strong></span> <span class='ocrx_word' id='word_1_217' title='bbox 2627 1697 2797 1767; x_wconf 87' lang='lat' dir='ltr'><strong>pietas</strong></span> <span class='ocrx_word' id='word_1_218' title='bbox 2828 1698 2903 1757; x_wconf 77' lang='lat' dir='ltr'><strong>ita</strong></span> <span class='ocrx_word' id='word_1_219' title='bbox 2950 1696 3270 1768; x_wconf 81' lang='lat' dir='ltr'><strong>temperavit</strong></span> <span class='ocrx_word' id='word_1_220' title='bbox 3310 1710 3647 1765; x_wconf 87' lang='lat' dir='ltr'><strong>responsum,</strong></span> <span class='ocrx_word' id='word_1_221' title='bbox 3680 1702 3741 1747; x_wconf 90' lang='lat' dir='ltr'><strong>ut</strong></span> <span class='ocrx_word' id='word_1_222' title='bbox 3768 1707 3873 1747; x_wconf 90' lang='lat' dir='ltr'><strong>nec</strong></span> 
     </span>
    </p>
   </div>
   <div class='ocr_carea' id='block_1_31' title="bbox 569 1770 2179 1867">
    <p class='ocr_par' dir='ltr' id='par_1_31' title="bbox 569 1781 2161 1867">
     <span class='ocr_line' id='line_1_31' title="bbox 569 1781 2161 1867; baseline -0.007 -22"><span class='ocrx_word' id='word_1_223' title='bbox 569 1786 695 1867; x_wconf 62' lang='lat' dir='ltr'><strong>bus,</strong></span> <span class='ocrx_word' id='word_1_224' title='bbox 741 1788 850 1845; x_wconf 79' lang='lat' dir='ltr'><strong>vita</strong></span> <span class='ocrx_word' id='word_1_225' title='bbox 896 1788 1250 1853; x_wconf 80' lang='lat' dir='ltr'><strong>claresceret;</strong></span> <span class='ocrx_word' id='word_1_226' title='bbox 1284 1795 1313 1824; x_wconf 69' lang='grc' dir='ltr'>ι</span> <span class='ocrx_word' id='word_1_227' title='bbox 1348 1784 1687 1840; x_wconf 78' lang='lat' dir='ltr'><strong>Gundobaldi</strong></span> <span class='ocrx_word' id='word_1_228' title='bbox 1732 1781 2161 1851; x_wconf 77' lang='lat' dir='ltr'><strong>Burgundiorum</strong></span> 
     </span>
    </p>
   </div>
   <div class='ocr_carea' id='block_1_32' title="bbox 2278 1770 3873 1867">
    <p class='ocr_par' dir='ltr' id='par_1_32' title="bbox 2278 1770 3873 1858">
     <span class='ocr_line' id='line_1_32' title="bbox 2278 1770 3873 1858; baseline -0.004 -15"><span class='ocrx_word' id='word_1_229' title='bbox 2278 1797 2494 1843; x_wconf 79' lang='lat' dir='ltr'><strong>matrem</strong></span> <span class='ocrx_word' id='word_1_230' title='bbox 2539 1796 2811 1858; x_wconf 81' lang='lat' dir='ltr'><strong>petentem</strong></span> <span class='ocrx_word' id='word_1_231' title='bbox 2859 1785 3176 1852; x_wconf 80' lang='lat' dir='ltr'><strong>olTendcret,</strong></span> <span class='ocrx_word' id='word_1_232' title='bbox 3223 1784 3365 1855; x_wconf 84' lang='lat' dir='ltr'><strong>quod</strong></span> <span class='ocrx_word' id='word_1_233' title='bbox 3396 1792 3578 1839; x_wconf 89' lang='lat' dir='ltr'><strong>autem</strong></span> <span class='ocrx_word' id='word_1_234' title='bbox 3622 1782 3774 1837; x_wconf 88' lang='lat' dir='ltr'><strong>italia</strong></span> <span class='ocrx_word' id='word_1_235' title='bbox 3813 1770 3873 1837; x_wconf 55' lang='grc' dir='ltr'><strong>οἵ</strong></span> 
     </span>
    </p>
   </div>
   <div class='ocr_carea' id='block_1_33' title="bbox 571 1868 2161 1948">
    <p class='ocr_par' dir='ltr' id='par_1_33' title="bbox 571 1868 2161 1948">
     <span class='ocr_line' id='line_1_33' title="bbox 571 1868 2161 1948; baseline -0.006 -17"><span class='ocrx_word' id='word_1_236' title='bbox 571 1876 831 1948; x_wconf 72' lang='lat' dir='ltr'><strong>principis</strong></span> <span class='ocrx_word' id='word_1_237' title='bbox 870 1891 1161 1940; x_wconf 67' lang='lat' dir='ltr'><strong>emensa,</strong></span> <span class='ocrx_word' id='word_1_238' title='bbox 1194 1890 1224 1929; x_wconf 80' lang='lat' dir='ltr'><strong>a</strong></span> <span class='ocrx_word' id='word_1_239' title='bbox 1254 1874 1508 1929; x_wconf 79' lang='lat' dir='ltr'><strong>fratribus</strong></span> <span class='ocrx_word' id='word_1_240' title='bbox 1539 1872 1865 1928; x_wconf 85' lang='lat' dir='ltr'><strong>Bodanensis</strong></span> <span class='ocrx_word' id='word_1_241' title='bbox 1905 1868 2161 1936; x_wconf 76' lang='lat' dir='ltr'><strong>cmnobii,</strong></span> 
     </span>
    </p>
   </div>
   <div class='ocr_carea' id='block_1_34' title="bbox 571 1961 2166 2037">
    <p class='ocr_par' dir='ltr' id='par_1_34' title="bbox 571 1961 2166 2037">
     <span class='ocr_line' id='line_1_34' title="bbox 571 1961 2166 2037; baseline -0.006 -14"><span class='ocrx_word' id='word_1_242' title='bbox 571 1967 716 2037; x_wconf 75' lang='lat' dir='ltr'><strong>quod</strong></span> <span class='ocrx_word' id='word_1_243' title='bbox 747 1972 832 2025; x_wconf 84' lang='lat' dir='ltr'><strong>est</strong></span> <span class='ocrx_word' id='word_1_244' title='bbox 858 1966 1025 2023; x_wconf 79' lang='lat' dir='ltr'><strong>situm</strong></span> <span class='ocrx_word' id='word_1_245' title='bbox 1051 1967 1106 2021; x_wconf 86' lang='lat' dir='ltr'><strong>in</strong></span> <span class='ocrx_word' id='word_1_246' title='bbox 1132 1964 1472 2021; x_wconf 85' lang='lat' dir='ltr'><strong>Sistaricensi</strong></span> <span class='ocrx_word' id='word_1_247' title='bbox 1500 1964 1833 2034; x_wconf 83' lang='lat' dir='ltr'><strong>episcopatu,</strong></span> <span class='ocrx_word' id='word_1_248' title='bbox 1870 1961 1926 2015; x_wconf 88' lang='lat' dir='ltr'><strong>in</strong></span> <span class='ocrx_word' id='word_1_249' title='bbox 1955 1969 2166 2030; x_wconf 86' lang='lat' dir='ltr'><strong>patrem</strong></span> 
     </span>
    </p>
   </div>
   <div class='ocr_carea' id='block_1_35' title="bbox 569 2050 2167 2127">
    <p class='ocr_par' dir='ltr' id='par_1_35' title="bbox 569 2050 2167 2127">
     <span class='ocr_line' id='line_1_35' title="bbox 569 2050 2167 2127; baseline -0.01 -8"><span class='ocrx_word' id='word_1_250' title='bbox 569 2056 1001 2127; x_wconf 65' lang='lat' dir='ltr'><strong>eligiturzcujus</strong></span> <span class='ocrx_word' id='word_1_251' title='bbox 1047 2056 1239 2112; x_wconf 83' lang='lat' dir='ltr'><strong>electio</strong></span> <span class='ocrx_word' id='word_1_252' title='bbox 1285 2055 1311 2095; x_wconf 70' lang='grc' dir='ltr'>δ</span> <span class='ocrx_word' id='word_1_253' title='bbox 1348 2053 1589 2120; x_wconf 70' lang='lat' dir='ltr'><strong>Ioannis,</strong></span> <span class='ocrx_word' id='word_1_254' title='bbox 1636 2054 1730 2124; x_wconf 87' lang='lat' dir='ltr'><strong>qui</strong></span> <span class='ocrx_word' id='word_1_255' title='bbox 1776 2062 1905 2106; x_wconf 81' lang='lat' dir='ltr'><strong>tunc</strong></span> <span class='ocrx_word' id='word_1_256' title='bbox 1946 2050 2167 2105; x_wconf 90' lang='lat' dir='ltr'><strong>Sistari-</strong></span> 
     </span>
    </p>
   </div>
   <div class='ocr_carea' id='block_1_36' title="bbox 573 2142 2174 2218">
    <p class='ocr_par' dir='ltr' id='par_1_36' title="bbox 573 2142 2174 2218">
     <span class='ocr_line' id='line_1_36' title="bbox 573 2142 2174 2218; baseline -0.006 -12"><span class='ocrx_word' id='word_1_257' title='bbox 573 2148 727 2213; x_wconf 71' lang='lat' dir='ltr'><strong>censi</strong></span> <span class='ocrx_word' id='word_1_258' title='bbox 767 2147 1023 2205; x_wconf 69' lang='lat' dir='ltr'><strong>Ecclesia:</strong></span> <span class='ocrx_word' id='word_1_259' title='bbox 1065 2154 1318 2218; x_wconf 72' lang='lat' dir='ltr'><strong>prmerat,</strong></span> <span class='ocrx_word' id='word_1_260' title='bbox 1365 2147 1685 2202; x_wconf 85' lang='lat' dir='ltr'><strong>auctoritate</strong></span> <span class='ocrx_word' id='word_1_261' title='bbox 1721 2144 2043 2211; x_wconf 73' lang='lat' dir='ltr'><strong>rebantur;</strong></span> <span class='ocrx_word' id='word_1_262' title='bbox 2086 2142 2174 2197; x_wconf 82' lang='lat' dir='ltr'><strong>di-</strong></span> 
     </span>
    </p>
   </div>
   <div class='ocr_carea' id='block_1_37' title="bbox 574 2235 2172 2309">
    <p class='ocr_par' dir='ltr' id='par_1_37' title="bbox 574 2235 2172 2309">
     <span class='ocr_line' id='line_1_37' title="bbox 574 2235 2172 2309; baseline -0.004 -15"><span class='ocrx_word' id='word_1_263' title='bbox 574 2237 702 2294; x_wconf 68' lang='lat' dir='ltr'><strong>vina</strong></span> <span class='ocrx_word' id='word_1_264' title='bbox 738 2237 843 2294; x_wconf 82' lang='lat' dir='ltr'><strong>hoc</strong></span> <span class='ocrx_word' id='word_1_265' title='bbox 882 2237 1202 2309; x_wconf 84' lang='lat' dir='ltr'><strong>providente</strong></span> <span class='ocrx_word' id='word_1_266' title='bbox 1252 2245 1308 2292; x_wconf 92' lang='lat' dir='ltr'><strong>et</strong></span> <span class='ocrx_word' id='word_1_267' title='bbox 1355 2236 1568 2293; x_wconf 82' lang='lat' dir='ltr'><strong>favente</strong></span> <span class='ocrx_word' id='word_1_268' title='bbox 1614 2236 1925 2300; x_wconf 82' lang='lat' dir='ltr'><strong>clementia,</strong></span> <span class='ocrx_word' id='word_1_269' title='bbox 1974 2243 2034 2288; x_wconf 89' lang='lat' dir='ltr'><strong>ut</strong></span> <span class='ocrx_word' id='word_1_270' title='bbox 2080 2235 2172 2305; x_wconf 87' lang='lat' dir='ltr'><strong>qui</strong></span> 
     </span>
    </p>
   </div>
   <div class='ocr_carea' id='block_1_38' title="bbox 575 2328 2171 2401">
    <p class='ocr_par' dir='ltr' id='par_1_38' title="bbox 575 2328 2171 2401">
     <span class='ocr_line' id='line_1_38' title="bbox 575 2328 2171 2401; baseline -0.007 -10"><span class='ocrx_word' id='word_1_271' title='bbox 575 2328 717 2391; x_wconf 78' lang='lat' dir='ltr'><strong>bene</strong></span> <span class='ocrx_word' id='word_1_272' title='bbox 760 2346 821 2386; x_wconf 84' lang='lat' dir='ltr'><strong>se</strong></span> <span class='ocrx_word' id='word_1_273' title='bbox 865 2340 1106 2400; x_wconf 76' lang='lat' dir='ltr'><strong>reserat,</strong></span> <span class='ocrx_word' id='word_1_274' title='bbox 1143 2330 1265 2386; x_wconf 87' lang='lat' dir='ltr'><strong>aliis</strong></span> <span class='ocrx_word' id='word_1_275' title='bbox 1299 2331 1492 2401; x_wconf 80' lang='lat' dir='ltr'><strong>quibus</strong></span> <span class='ocrx_word' id='word_1_276' title='bbox 1532 2330 1771 2399; x_wconf 84' lang='lat' dir='ltr'><strong>regimen</strong></span> <span class='ocrx_word' id='word_1_277' title='bbox 1811 2328 2171 2385; x_wconf 87' lang='lat' dir='ltr'><strong>necessarium</strong></span> 
     </span>
    </p>
   </div>
   <div class='ocr_carea' id='block_1_39' title="bbox 578 2420 2173 2495">
    <p class='ocr_par' dir='ltr' id='par_1_39' title="bbox 578 2420 2173 2495">
     <span class='ocr_line' id='line_1_39' title="bbox 578 2420 2173 2495; baseline -0.003 -18"><span class='ocrx_word' id='word_1_278' title='bbox 578 2429 699 2495; x_wconf 75' lang='lat' dir='ltr'><strong>erat</strong></span> <span class='ocrx_word' id='word_1_279' title='bbox 740 2421 1125 2492; x_wconf 67' lang='lat' dir='ltr'><strong>praeficeretur.</strong></span> <span class='ocrx_word' id='word_1_280' title='bbox 1170 2421 1308 2489; x_wconf 84' lang='lat' dir='ltr'><strong>Quid</strong></span> <span class='ocrx_word' id='word_1_281' title='bbox 1350 2422 1541 2491; x_wconf 88' lang='lat' dir='ltr'><strong>plura?</strong></span> <span class='ocrx_word' id='word_1_282' title='bbox 1581 2421 1648 2476; x_wconf 91' lang='lat' dir='ltr'><strong>ad</strong></span> <span class='ocrx_word' id='word_1_283' title='bbox 1673 2420 1783 2490; x_wconf 85' lang='lat' dir='ltr'><strong>jam</strong></span> <span class='ocrx_word' id='word_1_284' title='bbox 1810 2420 2010 2475; x_wconf 85' lang='lat' dir='ltr'><strong>dictum</strong></span> <span class='ocrx_word' id='word_1_285' title='bbox 2052 2432 2173 2472; x_wconf 87' lang='lat' dir='ltr'><strong>mo-</strong></span> 
     </span>
    </p>
   </div>
   <div class='ocr_carea' id='block_1_40' title="bbox 579 2508 2177 2580">
    <p class='ocr_par' dir='ltr' id='par_1_40' title="bbox 579 2508 2177 2580">
     <span class='ocr_line' id='line_1_40' title="bbox 579 2508 2177 2580; baseline -0.001 -15"><span class='ocrx_word' id='word_1_286' title='bbox 579 2512 873 2575; x_wconf 78' lang='lat' dir='ltr'><strong>nasterium</strong></span> <span class='ocrx_word' id='word_1_287' title='bbox 916 2512 1233 2571; x_wconf 83' lang='lat' dir='ltr'><strong>adducitur:</strong></span> <span class='ocrx_word' id='word_1_288' title='bbox 1258 2519 1313 2566; x_wconf 87' lang='lat' dir='ltr'><strong>et</strong></span> <span class='ocrx_word' id='word_1_289' title='bbox 1339 2526 1371 2566; x_wconf 90' lang='lat' dir='ltr'><strong>a</strong></span> <span class='ocrx_word' id='word_1_290' title='bbox 1399 2526 1500 2566; x_wconf 85' lang='lat' dir='ltr'><strong>suo</strong></span> <span class='ocrx_word' id='word_1_291' title='bbox 1538 2508 1792 2580; x_wconf 81' lang='lat' dir='ltr'><strong>pontiﬁce</strong></span> <span class='ocrx_word' id='word_1_292' title='bbox 1831 2510 1889 2565; x_wconf 90' lang='lat' dir='ltr'><strong>in</strong></span> <span class='ocrx_word' id='word_1_293' title='bbox 1926 2508 2177 2563; x_wconf 75' lang='lat' dir='ltr'><strong>abbatem</strong></span> 
     </span>
    </p>
   </div>
   <div class='ocr_carea' id='block_1_41' title="bbox 580 2603 1803 2677">
    <p class='ocr_par' dir='ltr' id='par_1_41' title="bbox 580 2603 1803 2677">
     <span class='ocr_line' id='line_1_41' title="bbox 580 2603 1803 2677; baseline -0.002 -19"><span class='ocrx_word' id='word_1_294' title='bbox 580 2604 857 2677; x_wconf 79' lang='lat' dir='ltr'><strong>communi</strong></span> <span class='ocrx_word' id='word_1_295' title='bbox 885 2603 1113 2665; x_wconf 80' lang='lat' dir='ltr'><strong>fratrum</strong></span> <span class='ocrx_word' id='word_1_296' title='bbox 1137 2604 1418 2660; x_wconf 84' lang='lat' dir='ltr'><strong>voluntate</strong></span> <span class='ocrx_word' id='word_1_297' title='bbox 1437 2610 1803 2658; x_wconf 80' lang='lat' dir='ltr'><strong>consecratur.</strong></span> 
     </span>
    </p>
   </div>
   <div class='ocr_carea' id='block_1_42' title="bbox 647 2686 2179 2762">
    <p class='ocr_par' dir='ltr' id='par_1_42' title="bbox 647 2686 2179 2762">
     <span class='ocr_line' id='line_1_42' title="bbox 647 2686 2179 2762; baseline -0.005 -11"><span class='ocrx_word' id='word_1_298' title='bbox 647 2694 704 2751; x_wconf 79' lang='lat'><strong>5.</strong></span> <span class='ocrx_word' id='word_1_299' title='bbox 744 2693 1100 2751; x_wconf 88' lang='lat' dir='ltr'><strong>Consecratus</strong></span> <span class='ocrx_word' id='word_1_300' title='bbox 1139 2702 1321 2751; x_wconf 81' lang='lat' dir='ltr'><strong>autem</strong></span> <span class='ocrx_word' id='word_1_301' title='bbox 1362 2692 1438 2747; x_wconf 82' lang='lat' dir='ltr'><strong>ita</strong></span> <span class='ocrx_word' id='word_1_302' title='bbox 1476 2707 1587 2747; x_wconf 66' lang='lat' dir='ltr'><strong>suae</strong></span> <span class='ocrx_word' id='word_1_303' title='bbox 1628 2691 1903 2762; x_wconf 74' lang='lat' dir='ltr'><strong>dignitatis</strong></span> <span class='ocrx_word' id='word_1_304' title='bbox 1943 2686 2179 2746; x_wconf 75' lang='lat' dir='ltr'><strong>ofﬁcium</strong></span> 
     </span>
    </p>
   </div>
   <div class='ocr_carea' id='block_1_43' title="bbox 581 2780 2182 2856">
    <p class='ocr_par' dir='ltr' id='par_1_43' title="bbox 581 2780 2182 2856">
     <span class='ocr_line' id='line_1_43' title="bbox 581 2780 2182 2856; baseline -0.002 -19"><span class='ocrx_word' id='word_1_305' title='bbox 581 2783 1083 2855; x_wconf 61' lang='lat' dir='ltr'><strong>amplexatusest,</strong></span> <span class='ocrx_word' id='word_1_306' title='bbox 1122 2793 1183 2839; x_wconf 91' lang='lat' dir='ltr'><strong>ut</strong></span> <span class='ocrx_word' id='word_1_307' title='bbox 1221 2783 1464 2856; x_wconf 86' lang='lat' dir='ltr'><strong>quotidie</strong></span> <span class='ocrx_word' id='word_1_308' title='bbox 1497 2780 1639 2839; x_wconf 80' lang='lat' dir='ltr'><strong>ﬁlios</strong></span> <span class='ocrx_word' id='word_1_309' title='bbox 1683 2782 2012 2852; x_wconf 84' lang='lat' dir='ltr'><strong>spirituales,</strong></span> <span class='ocrx_word' id='word_1_310' title='bbox 2057 2781 2182 2835; x_wconf 78' lang='lat' dir='ltr'><strong>vita:</strong></span> 
     </span>
    </p>
   </div>
   <div class='ocr_carea' id='block_1_44' title="bbox 580 2875 2184 2948">
    <p class='ocr_par' dir='ltr' id='par_1_44' title="bbox 580 2875 2184 2948">
     <span class='ocr_line' id='line_1_44' title="bbox 580 2875 2184 2948; baseline -0.005 -11"><span class='ocrx_word' id='word_1_311' title='bbox 580 2877 903 2937; x_wconf 73' lang='lat' dir='ltr'><strong>venerabilis</strong></span> <span class='ocrx_word' id='word_1_312' title='bbox 932 2877 1204 2948; x_wconf 79' lang='lat' dir='ltr'><strong>exemplo,</strong></span> <span class='ocrx_word' id='word_1_313' title='bbox 1247 2887 1549 2947; x_wconf 82' lang='lat' dir='ltr'><strong>generaret,</strong></span> <span class='ocrx_word' id='word_1_314' title='bbox 1578 2887 1635 2932; x_wconf 86' lang='lat' dir='ltr'><strong>et</strong></span> <span class='ocrx_word' id='word_1_315' title='bbox 1662 2877 1879 2933; x_wconf 86' lang='lat' dir='ltr'><strong>eosdem</strong></span> <span class='ocrx_word' id='word_1_316' title='bbox 1924 2875 2184 2931; x_wconf 76' lang='lat' dir='ltr'><strong>doctrinis</strong></span> 
     </span>
    </p>
   </div>
   <div class='ocr_carea' id='block_1_45' title="bbox 584 2966 2182 3033">
    <p class='ocr_par' dir='ltr' id='par_1_45' title="bbox 584 2966 2182 3033">
     <span class='ocr_line' id='line_1_45' title="bbox 584 2966 2182 3033; baseline -0.002 -11"><span class='ocrx_word' id='word_1_317' title='bbox 584 2967 894 3033; x_wconf 77' lang='lat' dir='ltr'><strong>caelestibus</strong></span> <span class='ocrx_word' id='word_1_318' title='bbox 939 2967 1183 3029; x_wconf 79' lang='lat' dir='ltr'><strong>eruditos</strong></span> <span class='ocrx_word' id='word_1_319' title='bbox 1220 2969 1537 3024; x_wconf 84' lang='lat' dir='ltr'><strong>mirabiliter</strong></span> <span class='ocrx_word' id='word_1_320' title='bbox 1574 2968 1846 3025; x_wconf 77' lang='lat' dir='ltr'><strong>educaret.</strong></span> <span class='ocrx_word' id='word_1_321' title='bbox 1882 2967 2011 3021; x_wconf 86' lang='lat' dir='ltr'><strong>Erat</strong></span> <span class='ocrx_word' id='word_1_322' title='bbox 2036 2966 2182 3021; x_wconf 90' lang='lat' dir='ltr'><strong>enim</strong></span> 
     </span>
    </p>
   </div>
   <div class='ocr_carea' id='block_1_46' title="bbox 585 3057 2188 3129">
    <p class='ocr_par' dir='ltr' id='par_1_46' title="bbox 585 3057 2188 3129">
     <span class='ocr_line' id='line_1_46' title="bbox 585 3057 2188 3129; baseline -0.002 -14"><span class='ocrx_word' id='word_1_323' title='bbox 585 3057 861 3123; x_wconf 83' lang='lat' dir='ltr'><strong>hominem</strong></span> <span class='ocrx_word' id='word_1_324' title='bbox 889 3059 1217 3119; x_wconf 76' lang='lat' dir='ltr'><strong>exteriorem</strong></span> <span class='ocrx_word' id='word_1_325' title='bbox 1258 3059 1478 3129; x_wconf 81' lang='lat' dir='ltr'><strong>jejuniis</strong></span> <span class='ocrx_word' id='word_1_326' title='bbox 1505 3068 1560 3115; x_wconf 92' lang='lat' dir='ltr'><strong>et</strong></span> <span class='ocrx_word' id='word_1_327' title='bbox 1587 3061 1782 3129; x_wconf 76' lang='lat' dir='ltr'><strong>vigiliis</strong></span> <span class='ocrx_word' id='word_1_328' title='bbox 1810 3058 2069 3127; x_wconf 77' lang='lat' dir='ltr'><strong>afﬂigens,</strong></span> <span class='ocrx_word' id='word_1_329' title='bbox 2102 3058 2188 3112; x_wconf 84' lang='lat' dir='ltr'><strong>in-</strong></span> 
     </span>
    </p>
   </div>
   <div class='ocr_carea' id='block_1_47' title="bbox 2268 1874 3875 1950">
    <p class='ocr_par' dir='ltr' id='par_1_47' title="bbox 2268 1874 3875 1950">
     <span class='ocr_line' id='line_1_47' title="bbox 2268 1874 3875 1950; baseline -0.006 -13"><span class='ocrx_word' id='word_1_330' title='bbox 2268 1881 2452 1938; x_wconf 72' lang='lat' dir='ltr'><strong>multm</strong></span> <span class='ocrx_word' id='word_1_331' title='bbox 2473 1880 2588 1935; x_wconf 74' lang='lat' dir='ltr'><strong>alia:</strong></span> <span class='ocrx_word' id='word_1_332' title='bbox 2613 1878 2902 1950; x_wconf 74' lang='lat' dir='ltr'><strong>provincia:</strong></span> <span class='ocrx_word' id='word_1_333' title='bbox 2932 1876 3364 1933; x_wconf 80' lang='lat' dir='ltr'><strong>indeclinabilem</strong></span> <span class='ocrx_word' id='word_1_334' title='bbox 3389 1874 3667 1933; x_wconf 82' lang='lat' dir='ltr'><strong>interitum</strong></span> <span class='ocrx_word' id='word_1_335' title='bbox 3695 1886 3875 1929; x_wconf 88' lang='lat' dir='ltr'><strong>mere-</strong></span> 
     </span>
    </p>
   </div>
   <div class='ocr_carea' id='block_1_48' title="bbox 2275 1962 3877 2045">
    <p class='ocr_par' dir='ltr' id='par_1_48' title="bbox 2275 1962 3877 2045">
     <span class='ocr_line' id='line_1_48' title="bbox 2275 1962 3877 2045; baseline -0.007 -15"><span class='ocrx_word' id='word_1_336' title='bbox 2275 1982 2496 2042; x_wconf 86' lang='lat' dir='ltr'><strong>rentur,</strong></span> <span class='ocrx_word' id='word_1_337' title='bbox 2543 1972 2839 2045; x_wconf 87' lang='lat' dir='ltr'><strong>respondit.</strong></span> <span class='ocrx_word' id='word_1_338' title='bbox 2886 1971 3012 2027; x_wconf 69' lang='lat' dir='ltr'><strong>llmc</strong></span> <span class='ocrx_word' id='word_1_339' title='bbox 3054 1970 3185 2025; x_wconf 88' lang='lat' dir='ltr'><strong>mibi</strong></span> <span class='ocrx_word' id='word_1_340' title='bbox 3228 1984 3261 2033; x_wconf 86' lang='lat' dir='ltr'><strong>a</strong></span> <span class='ocrx_word' id='word_1_341' title='bbox 3308 1968 3420 2025; x_wconf 90' lang='lat' dir='ltr'><strong>Deo</strong></span> <span class='ocrx_word' id='word_1_342' title='bbox 3465 1967 3727 2035; x_wconf 77' lang='lat' dir='ltr'><strong>revelata,</strong></span> <span class='ocrx_word' id='word_1_343' title='bbox 3773 1962 3877 2029; x_wconf 77' lang='lat' dir='ltr'><strong>tibi</strong></span> 
     </span>
    </p>
   </div>
   <div class='ocr_carea' id='block_1_49' title="bbox 2269 2057 3873 2135">
    <p class='ocr_par' dir='ltr' id='par_1_49' title="bbox 2269 2057 3873 2135">
     <span class='ocr_line' id='line_1_49' title="bbox 2269 2057 3873 2135; baseline -0.006 -13"><span class='ocrx_word' id='word_1_344' title='bbox 2269 2067 2447 2135; x_wconf 81' lang='lat' dir='ltr'><strong>studui</strong></span> <span class='ocrx_word' id='word_1_345' title='bbox 2493 2065 2756 2132; x_wconf 84' lang='lat' dir='ltr'><strong>revelare,</strong></span> <span class='ocrx_word' id='word_1_346' title='bbox 2805 2072 2859 2118; x_wconf 91' lang='lat' dir='ltr'><strong>te</strong></span> <span class='ocrx_word' id='word_1_347' title='bbox 2905 2062 3157 2133; x_wconf 85' lang='lat' dir='ltr'><strong>adjurans</strong></span> <span class='ocrx_word' id='word_1_348' title='bbox 3202 2076 3273 2117; x_wconf 81' lang='lat' dir='ltr'><strong>ex</strong></span> <span class='ocrx_word' id='word_1_349' title='bbox 3311 2066 3463 2131; x_wconf 87' lang='lat' dir='ltr'><strong>parte</strong></span> <span class='ocrx_word' id='word_1_350' title='bbox 3506 2057 3607 2114; x_wconf 88' lang='lat' dir='ltr'><strong>Dei</strong></span> <span class='ocrx_word' id='word_1_351' title='bbox 3644 2066 3702 2117; x_wconf 81' lang='lat' dir='ltr'><strong>et</strong></span> <span class='ocrx_word' id='word_1_352' title='bbox 3729 2069 3873 2122; x_wconf 82' lang='lat' dir='ltr'><strong>mea,</strong></span> 
     </span>
    </p>
   </div>
   <div class='ocr_carea' id='block_1_50' title="bbox 2272 2146 3878 2231">
    <p class='ocr_par' dir='ltr' id='par_1_50' title="bbox 2272 2146 3878 2231">
     <span class='ocr_line' id='line_1_50' title="bbox 2272 2146 3878 2231; baseline -0.006 -18"><span class='ocrx_word' id='word_1_353' title='bbox 2272 2166 2535 2231; x_wconf 83' lang='lat' dir='ltr'><strong>quatenus</strong></span> <span class='ocrx_word' id='word_1_354' title='bbox 2564 2154 2665 2211; x_wconf 89' lang='lat' dir='ltr'><strong>ista</strong></span> <span class='ocrx_word' id='word_1_355' title='bbox 2689 2170 2807 2225; x_wconf 72' lang='lat' dir='ltr'><strong>qua:</strong></span> <span class='ocrx_word' id='word_1_356' title='bbox 2838 2155 3034 2213; x_wconf 86' lang='lat' dir='ltr'><strong>audisti</strong></span> <span class='ocrx_word' id='word_1_357' title='bbox 3079 2168 3164 2208; x_wconf 88' lang='lat' dir='ltr'><strong>me</strong></span> <span class='ocrx_word' id='word_1_358' title='bbox 3202 2153 3417 2208; x_wconf 89' lang='lat' dir='ltr'><strong>vivente</strong></span> <span class='ocrx_word' id='word_1_359' title='bbox 3455 2149 3588 2211; x_wconf 80' lang='lat' dir='ltr'><strong>nulli</strong></span> <span class='ocrx_word' id='word_1_360' title='bbox 3628 2146 3878 2204; x_wconf 80' lang='lat' dir='ltr'><strong>revelare</strong></span> 
     </span>
    </p>
   </div>
   <div class='ocr_carea' id='block_1_51' title="bbox 2274 2239 3880 2331">
    <p class='ocr_par' dir='ltr' id='par_1_51' title="bbox 2274 2239 3880 2331">
     <span class='ocr_line' id='line_1_51' title="bbox 2274 2239 3880 2331; baseline -0.007 -25"><span class='ocrx_word' id='word_1_361' title='bbox 2274 2264 2585 2331; x_wconf 73' lang='lat' dir='ltr'><strong>prmsumas.</strong></span> <span class='ocrx_word' id='word_1_362' title='bbox 2618 2248 2913 2319; x_wconf 86' lang='lat' dir='ltr'><strong>Postquam</strong></span> <span class='ocrx_word' id='word_1_363' title='bbox 2945 2256 3124 2302; x_wconf 89' lang='lat' dir='ltr'><strong>autem</strong></span> <span class='ocrx_word' id='word_1_364' title='bbox 3150 2243 3392 2316; x_wconf 79' lang='lat' dir='ltr'><strong>ejusdem</strong></span> <span class='ocrx_word' id='word_1_365' title='bbox 3421 2240 3523 2297; x_wconf 90' lang='lat' dir='ltr'><strong>viri</strong></span> <span class='ocrx_word' id='word_1_366' title='bbox 3552 2239 3647 2297; x_wconf 86' lang='lat' dir='ltr'><strong>Dei</strong></span> <span class='ocrx_word' id='word_1_367' title='bbox 3676 2251 3880 2309; x_wconf 66' lang='grc' dir='ltr'><strong>(ιω-μω</strong></span> 
     </span>
    </p>
   </div>
   <div class='ocr_carea' id='block_1_52' title="bbox 2275 2329 3880 2421">
    <p class='ocr_par' dir='ltr' id='par_1_52' title="bbox 2275 2329 3880 2421">
     <span class='ocr_line' id='line_1_52' title="bbox 2275 2329 3880 2421; baseline -0.006 -24"><span class='ocrx_word' id='word_1_368' title='bbox 2275 2329 2518 2421; x_wconf 75' lang='lat' dir='ltr'><strong>pontifex</strong></span> <span class='ocrx_word' id='word_1_369' title='bbox 2549 2348 2877 2397; x_wconf 85' lang='lat' dir='ltr'><strong>memoratus</strong></span> <span class='ocrx_word' id='word_1_370' title='bbox 2905 2337 3181 2410; x_wconf 87' lang='lat' dir='ltr'><strong>sepelivit;</strong></span> <span class='ocrx_word' id='word_1_371' title='bbox 3223 2344 3278 2392; x_wconf 90' lang='lat' dir='ltr'><strong>et</strong></span> <span class='ocrx_word' id='word_1_372' title='bbox 3302 2350 3406 2392; x_wconf 88' lang='lat' dir='ltr'><strong>nos</strong></span> <span class='ocrx_word' id='word_1_373' title='bbox 3434 2333 3678 2405; x_wconf 79' lang='lat' dir='ltr'><strong>ejusdem</strong></span> <span class='ocrx_word' id='word_1_374' title='bbox 3704 2329 3880 2387; x_wconf 86' lang='lat' dir='ltr'><strong>visio-</strong></span> 
     </span>
    </p>
   </div>
   <div class='ocr_carea' id='block_1_53' title="bbox 2276 2423 3880 2503">
    <p class='ocr_par' dir='ltr' id='par_1_53' title="bbox 2276 2423 3880 2503">
     <span class='ocr_line' id='line_1_53' title="bbox 2276 2423 3880 2503; baseline -0.004 -12"><span class='ocrx_word' id='word_1_375' title='bbox 2276 2437 2360 2495; x_wconf 86' lang='lat' dir='ltr'><strong>nis</strong></span> <span class='ocrx_word' id='word_1_376' title='bbox 2404 2436 2656 2493; x_wconf 72' lang='lat' dir='ltr'><strong>enectum</strong></span> <span class='ocrx_word' id='word_1_377' title='bbox 2700 2434 2993 2502; x_wconf 84' lang='lat' dir='ltr'><strong>novimus,</strong></span> <span class='ocrx_word' id='word_1_378' title='bbox 3048 2431 3143 2503; x_wconf 89' lang='lat' dir='ltr'><strong>qui</strong></span> <span class='ocrx_word' id='word_1_379' title='bbox 3193 2428 3511 2497; x_wconf 69' lang='lat' dir='ltr'><strong>Bodaucnsﬂ.</strong></span> <span class='ocrx_word' id='word_1_380' title='bbox 3564 2423 3880 2492; x_wconf 64' lang='lat' dir='ltr'><strong>emnctum</strong></span> 
     </span>
    </p>
   </div>
   <div class='ocr_carea' id='block_1_54' title="bbox 2277 2522 3378 2591">
    <p class='ocr_par' dir='ltr' id='par_1_54' title="bbox 2277 2522 3378 2591">
     <span class='ocr_line' id='line_1_54' title="bbox 2277 2522 3378 2591; baseline -0.011 -2"><span class='ocrx_word' id='word_1_381' title='bbox 2277 2526 2591 2591; x_wconf 75' lang='lat' dir='ltr'><strong>subversum</strong></span> <span class='ocrx_word' id='word_1_382' title='bbox 2612 2524 2779 2583; x_wconf 81' lang='lat' dir='ltr'><strong>fuisse</strong></span> <span class='ocrx_word' id='word_1_383' title='bbox 2804 2524 3022 2581; x_wconf 87' lang='lat' dir='ltr'><strong>minime</strong></span> <span class='ocrx_word' id='word_1_384' title='bbox 3048 2522 3378 2583; x_wconf 80' lang='lat' dir='ltr'><strong>dubitamus.</strong></span> 
     </span>
    </p>
   </div>
   <div class='ocr_carea' id='block_1_55' title="bbox 2902 2651 3238 2711">
    <p class='ocr_par' dir='ltr' id='par_1_55' title="bbox 2902 2651 3238 2711">
     <span class='ocr_line' id='line_1_55' title="bbox 2902 2651 3238 2711; baseline -0.003 0"><span class='ocrx_word' id='word_1_385' title='bbox 2902 2651 3149 2711; x_wconf 80' lang='lat' dir='ltr'><strong>CAPUT.</strong></span> <span class='ocrx_word' id='word_1_386' title='bbox 3173 2653 3238 2710; x_wconf 90' lang='lat' dir='ltr'><strong>ll.</strong></span> 
     </span>
    </p>
   </div>
   <div class='ocr_carea' id='block_1_56' title="bbox 2716 2763 3429 2824">
    <p class='ocr_par' dir='ltr' id='par_1_56' title="bbox 2716 2763 3429 2824">
     <span class='ocr_line' id='line_1_56' title="bbox 2716 2763 3429 2824; baseline -0.007 0"><span class='ocrx_word' id='word_1_387' title='bbox 2716 2768 2881 2824; x_wconf 82' lang='lat' dir='ltr'><strong>Varia</strong></span> <span class='ocrx_word' id='word_1_388' title='bbox 2923 2766 3194 2822; x_wconf 76' lang='lat' dir='ltr'><strong>miracula.</strong></span> <span class='ocrx_word' id='word_1_389' title='bbox 3227 2763 3429 2820; x_wconf 75' lang='lat' dir='ltr'><strong>Obitus.</strong></span> 
     </span>
    </p>
   </div>
   <div class='ocr_carea' id='block_1_57' title="bbox 2354 2879 3873 2957">
    <p class='ocr_par' dir='ltr' id='par_1_57' title="bbox 2354 2879 3873 2957">
     <span class='ocr_line' id='line_1_57' title="bbox 2354 2879 3873 2957; baseline -0.004 -15"><span class='ocrx_word' id='word_1_390' title='bbox 2354 2887 2409 2942; x_wconf 84' lang='lat'><strong>5.</strong></span> <span class='ocrx_word' id='word_1_391' title='bbox 2449 2886 2571 2941; x_wconf 83' lang='lat' dir='ltr'><strong>Alio</strong></span> <span class='ocrx_word' id='word_1_392' title='bbox 2600 2899 2816 2957; x_wconf 89' lang='lat' dir='ltr'><strong>quoque</strong></span> <span class='ocrx_word' id='word_1_393' title='bbox 2836 2891 3083 2954; x_wconf 88' lang='lat' dir='ltr'><strong>tempore</strong></span> <span class='ocrx_word' id='word_1_394' title='bbox 3110 2882 3225 2938; x_wconf 89' lang='lat' dir='ltr'><strong>viro</strong></span> <span class='ocrx_word' id='word_1_395' title='bbox 3252 2880 3349 2937; x_wconf 89' lang='lat' dir='ltr'><strong>Dei</strong></span> <span class='ocrx_word' id='word_1_396' title='bbox 3374 2879 3596 2952; x_wconf 86' lang='lat' dir='ltr'><strong>placuit,</strong></span> <span class='ocrx_word' id='word_1_397' title='bbox 3624 2888 3688 2937; x_wconf 84' lang='lat' dir='ltr'><strong>nt</strong></span> <span class='ocrx_word' id='word_1_398' title='bbox 3701 2894 3873 2945; x_wconf 50' lang='lat' dir='ltr'><strong>causa</strong></span> 
     </span>
    </p>
   </div>
   <div class='ocr_carea' id='block_1_58' title="bbox 2286 2972 3881 3036">
    <p class='ocr_par' dir='ltr' id='par_1_58' title="bbox 2286 2972 3881 3036">
     <span class='ocr_line' id='line_1_58' title="bbox 2286 2972 3881 3036; baseline -0.004 0"><span class='ocrx_word' id='word_1_399' title='bbox 2286 2978 2547 3036; x_wconf 90' lang='lat' dir='ltr'><strong>orationis</strong></span> <span class='ocrx_word' id='word_1_400' title='bbox 2578 2977 2752 3032; x_wconf 90' lang='lat' dir='ltr'><strong>sancti</strong></span> <span class='ocrx_word' id='word_1_401' title='bbox 2782 2974 2992 3029; x_wconf 85' lang='lat' dir='ltr'><strong>Martini</strong></span> <span class='ocrx_word' id='word_1_402' title='bbox 3032 2973 3359 3030; x_wconf 88' lang='lat' dir='ltr'><strong>Turonensis</strong></span> <span class='ocrx_word' id='word_1_403' title='bbox 3400 2972 3584 3028; x_wconf 88' lang='lat' dir='ltr'><strong>limina</strong></span> <span class='ocrx_word' id='word_1_404' title='bbox 3612 2972 3881 3029; x_wconf 80' lang='lat' dir='ltr'><strong>visitarct.</strong></span> 
     </span>
    </p>
   </div>
   <div class='ocr_carea' id='block_1_59' title="bbox 2287 3060 3884 3139">
    <p class='ocr_par' dir='ltr' id='par_1_59' title="bbox 2287 3060 3884 3139">
     <span class='ocr_line' id='line_1_59' title="bbox 2287 3060 3884 3139; baseline -0.005 -15"><span class='ocrx_word' id='word_1_405' title='bbox 2287 3065 2533 3139; x_wconf 91' lang='lat' dir='ltr'><strong>Cumque</strong></span> <span class='ocrx_word' id='word_1_406' title='bbox 2581 3067 2695 3139; x_wconf 91' lang='lat' dir='ltr'><strong>ipsa</strong></span> <span class='ocrx_word' id='word_1_407' title='bbox 2726 3074 2884 3121; x_wconf 89' lang='lat' dir='ltr'><strong>nocte</strong></span> <span class='ocrx_word' id='word_1_408' title='bbox 2930 3064 3231 3136; x_wconf 84' lang='lat' dir='ltr'><strong>vigiliarum</strong></span> <span class='ocrx_word' id='word_1_409' title='bbox 3277 3063 3566 3119; x_wconf 85' lang='lat' dir='ltr'><strong>incivitate</strong></span> <span class='ocrx_word' id='word_1_410' title='bbox 3610 3060 3884 3129; x_wconf 65' lang='lat' dir='ltr'><strong>Turonica</strong></span> 
     </span>
    </p>
   </div>
   <div class='ocr_carea' id='block_1_60' title="bbox 585 3149 3885 3242">
    <p class='ocr_par' dir='ltr' id='par_1_60' title="bbox 585 3149 3885 3242">
     <span class='ocr_line' id='line_1_60' title="bbox 585 3149 3885 3242; baseline -0.002 -26"><span class='ocrx_word' id='word_1_411' title='bbox 585 3149 842 3213; x_wconf 78' lang='lat' dir='ltr'><strong>teriorem</strong></span> <span class='ocrx_word' id='word_1_412' title='bbox 882 3150 1219 3242; x_wconf 60' lang='grc' dir='ltr'><strong>οτειιῆοηὶὺιιε</strong></span> <span class='ocrx_word' id='word_1_413' title='bbox 1258 3151 1488 3207; x_wconf 66' lang='grc' dir='ltr'><strong>αεείιίυίε</strong></span> <span class='ocrx_word' id='word_1_414' title='bbox 1523 3151 1798 3218; x_wconf 56' lang='lat' dir='ltr'><strong>“ueiens;</strong></span> <span class='ocrx_word' id='word_1_415' title='bbox 1852 3152 1906 3206; x_wconf 70' lang='lat' dir='ltr'><strong>in</strong></span> <span class='ocrx_word' id='word_1_416' title='bbox 1954 3158 2189 3219; x_wconf 67' lang='grc' dir='ltr'><strong>υιτοίίυθ</strong></span> <span class='ocrx_word' id='word_1_417' title='bbox 2212 3180 2256 3242; x_wconf 78' lang='lat' dir='ltr'><strong>C</strong></span> <span class='ocrx_word' id='word_1_418' title='bbox 2290 3160 2573 3225; x_wconf 88' lang='lat' dir='ltr'><strong>dormiret,</strong></span> <span class='ocrx_word' id='word_1_419' title='bbox 2606 3157 2893 3225; x_wconf 90' lang='lat' dir='ltr'><strong>caballum,</strong></span> <span class='ocrx_word' id='word_1_420' title='bbox 2923 3156 3012 3227; x_wconf 90' lang='lat' dir='ltr'><strong>qui</strong></span> <span class='ocrx_word' id='word_1_421' title='bbox 3048 3155 3114 3211; x_wconf 93' lang='lat' dir='ltr'><strong>de</strong></span> <span class='ocrx_word' id='word_1_422' title='bbox 3141 3155 3271 3210; x_wconf 89' lang='lat' dir='ltr'><strong>sella</strong></span> <span class='ocrx_word' id='word_1_423' title='bbox 3297 3153 3414 3226; x_wconf 86' lang='lat' dir='ltr'><strong>ejus</strong></span> <span class='ocrx_word' id='word_1_424' title='bbox 3435 3162 3574 3222; x_wconf 85' lang='lat' dir='ltr'><strong>erat,</strong></span> <span class='ocrx_word' id='word_1_425' title='bbox 3601 3152 3739 3210; x_wconf 86' lang='lat' dir='ltr'><strong>latro</strong></span> <span class='ocrx_word' id='word_1_426' title='bbox 3760 3153 3885 3227; x_wconf 80' lang='lat' dir='ltr'><strong>qui-</strong></span> 
     </span>
    </p>
   </div>
   <div class='ocr_carea' id='block_1_61' title="bbox 586 3240 2187 3317">
    <p class='ocr_par' dir='ltr' id='par_1_61' title="bbox 586 3240 2187 3317">
     <span class='ocr_line' id='line_1_61' title="bbox 586 3240 2187 3317; baseline -0.002 -16"><span class='ocrx_word' id='word_1_427' title='bbox 586 3248 901 3317; x_wconf 78' lang='lat' dir='ltr'><strong>mansuetus</strong></span> <span class='ocrx_word' id='word_1_428' title='bbox 929 3248 984 3296; x_wconf 91' lang='lat' dir='ltr'><strong>et</strong></span> <span class='ocrx_word' id='word_1_429' title='bbox 1011 3240 1246 3308; x_wconf 81' lang='lat' dir='ltr'><strong>humilis,</strong></span> <span class='ocrx_word' id='word_1_430' title='bbox 1293 3242 1351 3297; x_wconf 93' lang='lat' dir='ltr'><strong>in</strong></span> <span class='ocrx_word' id='word_1_431' title='bbox 1395 3252 1628 3312; x_wconf 88' lang='lat' dir='ltr'><strong>utroque</strong></span> <span class='ocrx_word' id='word_1_432' title='bbox 1671 3242 1951 3298; x_wconf 85' lang='lat' dir='ltr'><strong>laudabilis</strong></span> <span class='ocrx_word' id='word_1_433' title='bbox 1978 3251 2036 3297; x_wconf 91' lang='lat' dir='ltr'><strong>et</strong></span> <span class='ocrx_word' id='word_1_434' title='bbox 2062 3258 2187 3313; x_wconf 85' lang='lat' dir='ltr'><strong>per-</strong></span> 
     </span>
    </p>
   </div>
   <div class='ocr_carea' id='block_1_62' title="bbox 583 3331 2190 3407">
    <p class='ocr_par' dir='ltr' id='par_1_62' title="bbox 583 3331 2190 3407">
     <span class='ocr_line' id='line_1_62' title="bbox 583 3331 2190 3407; baseline 0.003 -21"><span class='ocrx_word' id='word_1_435' title='bbox 583 3331 777 3395; x_wconf 84' lang='lat' dir='ltr'><strong>fectus.</strong></span> <span class='ocrx_word' id='word_1_436' title='bbox 806 3332 908 3392; x_wconf 89' lang='lat' dir='ltr'><strong>llic</strong></span> <span class='ocrx_word' id='word_1_437' title='bbox 932 3335 1060 3395; x_wconf 87' lang='lat' dir='ltr'><strong>dum</strong></span> <span class='ocrx_word' id='word_1_438' title='bbox 1086 3336 1319 3407; x_wconf 83' lang='lat' dir='ltr'><strong>quodam</strong></span> <span class='ocrx_word' id='word_1_439' title='bbox 1349 3343 1591 3405; x_wconf 80' lang='lat' dir='ltr'><strong>tempore</strong></span> <span class='ocrx_word' id='word_1_440' title='bbox 1619 3350 1719 3405; x_wconf 89' lang='lat' dir='ltr'><strong>pro</strong></span> <span class='ocrx_word' id='word_1_441' title='bbox 1745 3335 1995 3403; x_wconf 79' lang='lat' dir='ltr'><strong>gerendis</strong></span> <span class='ocrx_word' id='word_1_442' title='bbox 2022 3350 2190 3405; x_wconf 86' lang='lat' dir='ltr'><strong>nego-</strong></span> 
     </span>
    </p>
   </div>
   <div class='ocr_carea' id='block_1_63' title="bbox 587 3424 2191 3498">
    <p class='ocr_par' dir='ltr' id='par_1_63' title="bbox 587 3424 2191 3498">
     <span class='ocr_line' id='line_1_63' title="bbox 587 3424 2191 3498; baseline -0.004 -13"><span class='ocrx_word' id='word_1_443' title='bbox 587 3424 678 3491; x_wconf 76' lang='lat' dir='ltr'><strong>tiis</strong></span> <span class='ocrx_word' id='word_1_444' title='bbox 705 3426 791 3485; x_wconf 86' lang='lat' dir='ltr'><strong>sui</strong></span> <span class='ocrx_word' id='word_1_445' title='bbox 818 3429 1129 3484; x_wconf 86' lang='lat' dir='ltr'><strong>monasterii</strong></span> <span class='ocrx_word' id='word_1_446' title='bbox 1154 3427 1226 3483; x_wconf 84' lang='lat' dir='ltr'><strong>ad</strong></span> <span class='ocrx_word' id='word_1_447' title='bbox 1253 3428 1385 3491; x_wconf 84' lang='lat' dir='ltr'><strong>alias</strong></span> <span class='ocrx_word' id='word_1_448' title='bbox 1414 3435 1599 3498; x_wconf 75' lang='lat' dir='ltr'><strong>partes</strong></span> <span class='ocrx_word' id='word_1_449' title='bbox 1624 3426 1923 3492; x_wconf 86' lang='lat' dir='ltr'><strong>secederet,</strong></span> <span class='ocrx_word' id='word_1_450' title='bbox 1965 3426 2191 3494; x_wconf 81' lang='lat' dir='ltr'><strong>contigit</strong></span> 
     </span>
    </p>
   </div>
   <div class='ocr_carea' id='block_1_64' title="bbox 590 3516 2191 3596">
    <p class='ocr_par' dir='ltr' id='par_1_64' title="bbox 590 3516 2191 3596">
     <span class='ocr_line' id='line_1_64' title="bbox 590 3516 2191 3596; baseline -0.004 -19"><span class='ocrx_word' id='word_1_451' title='bbox 590 3522 651 3587; x_wconf 69' lang='lat' dir='ltr'><strong>lli</strong></span> <span class='ocrx_word' id='word_1_452' title='bbox 696 3516 749 3573; x_wconf 92' lang='lat' dir='ltr'><strong>in</strong></span> <span class='ocrx_word' id='word_1_453' title='bbox 795 3530 928 3589; x_wconf 77' lang='lat' dir='ltr'><strong>agro</strong></span> <span class='ocrx_word' id='word_1_454' title='bbox 978 3529 1001 3559; x_wconf 70' lang='grc' dir='ltr'><strong>α</strong></span> <span class='ocrx_word' id='word_1_455' title='bbox 1052 3517 1423 3587; x_wconf 81' lang='lat' dir='ltr'><strong>Alegarnensi,</strong></span> <span class='ocrx_word' id='word_1_456' title='bbox 1475 3534 1506 3573; x_wconf 92' lang='lat' dir='ltr'><strong>a</strong></span> <span class='ocrx_word' id='word_1_457' title='bbox 1551 3517 1788 3596; x_wconf 80' lang='lat' dir='ltr'><strong>quodam</strong></span> <span class='ocrx_word' id='word_1_458' title='bbox 1832 3518 1951 3572; x_wconf 87' lang='lat' dir='ltr'><strong>viro</strong></span> <span class='ocrx_word' id='word_1_459' title='bbox 1997 3516 2191 3572; x_wconf 83' lang='lat' dir='ltr'><strong>illustri</strong></span> 
     </span>
    </p>
   </div>
   <div class='ocr_carea' id='block_1_65' title="bbox 593 3606 2189 3681">
    <p class='ocr_par' dir='ltr' id='par_1_65' title="bbox 593 3606 2189 3681">
     <span class='ocr_line' id='line_1_65' title="bbox 593 3606 2189 3681; baseline 0.001 -18"><span class='ocrx_word' id='word_1_460' title='bbox 593 3606 829 3681; x_wconf 73' lang='lat' dir='ltr'><strong>agricola</strong></span> <span class='ocrx_word' id='word_1_461' title='bbox 855 3609 1093 3681; x_wconf 80' lang='lat' dir='ltr'><strong>hospitio</strong></span> <span class='ocrx_word' id='word_1_462' title='bbox 1112 3611 1479 3681; x_wconf 78' lang='lat' dir='ltr'><strong>susciperetur</strong></span> <span class='ocrx_word' id='word_1_463' title='bbox 1502 3627 1516 3663; x_wconf 90' lang='lat'><strong>:</strong></span> <span class='ocrx_word' id='word_1_464' title='bbox 1539 3611 1693 3680; x_wconf 85' lang='lat' dir='ltr'><strong>cujus</strong></span> <span class='ocrx_word' id='word_1_465' title='bbox 1716 3609 1879 3665; x_wconf 80' lang='lat' dir='ltr'><strong>ﬁliam</strong></span> <span class='ocrx_word' id='word_1_466' title='bbox 1897 3608 2189 3678; x_wconf 79' lang='lat' dir='ltr'><strong>Sisagriam</strong></span> 
     </span>
    </p>
   </div>
   <div class='ocr_carea' id='block_1_66' title="bbox 592 3700 2194 3774">
    <p class='ocr_par' dir='ltr' id='par_1_66' title="bbox 592 3700 2194 3774">
     <span class='ocr_line' id='line_1_66' title="bbox 592 3700 2194 3774; baseline -0.005 -9"><span class='ocrx_word' id='word_1_467' title='bbox 592 3700 846 3770; x_wconf 73' lang='lat' dir='ltr'><strong>nomine,</strong></span> <span class='ocrx_word' id='word_1_468' title='bbox 893 3716 1013 3774; x_wconf 87' lang='lat' dir='ltr'><strong>quae</strong></span> <span class='ocrx_word' id='word_1_469' title='bbox 1054 3702 1172 3763; x_wconf 87' lang='lat' dir='ltr'><strong>fere</strong></span> <span class='ocrx_word' id='word_1_470' title='bbox 1214 3710 1432 3765; x_wconf 82' lang='lat' dir='ltr'><strong>mortua</strong></span> <span class='ocrx_word' id='word_1_471' title='bbox 1475 3710 1623 3770; x_wconf 88' lang='lat' dir='ltr'><strong>erat,</strong></span> <span class='ocrx_word' id='word_1_472' title='bbox 1672 3701 1915 3771; x_wconf 86' lang='lat' dir='ltr'><strong>ejusdem</strong></span> <span class='ocrx_word' id='word_1_473' title='bbox 1964 3701 2194 3771; x_wconf 84' lang='lat' dir='ltr'><strong>hospitis</strong></span> 
     </span>
    </p>
   </div>
   <div class='ocr_carea' id='block_1_67' title="bbox 592 3791 2190 3867">
    <p class='ocr_par' dir='ltr' id='par_1_67' title="bbox 592 3791 2190 3867">
     <span class='ocr_line' id='line_1_67' title="bbox 592 3791 2190 3867; baseline -0.002 -16"><span class='ocrx_word' id='word_1_474' title='bbox 592 3795 845 3865; x_wconf 73' lang='lat' dir='ltr'><strong>precibus</strong></span> <span class='ocrx_word' id='word_1_475' title='bbox 874 3796 1188 3867; x_wconf 65' lang='lat' dir='ltr'><strong>baptizavit,</strong></span> <span class='ocrx_word' id='word_1_476' title='bbox 1229 3802 1285 3852; x_wconf 92' lang='lat' dir='ltr'><strong>et</strong></span> <span class='ocrx_word' id='word_1_477' title='bbox 1310 3795 1639 3866; x_wconf 70' lang='lat' dir='ltr'><strong>baptizatum</strong></span> <span class='ocrx_word' id='word_1_478' title='bbox 1679 3793 1796 3850; x_wconf 84' lang='lat' dir='ltr'><strong>suis</strong></span> <span class='ocrx_word' id='word_1_479' title='bbox 1834 3791 2190 3859; x_wconf 81' lang='lat' dir='ltr'><strong>orationibus,</strong></span> 
     </span>
    </p>
   </div>
   <div class='ocr_carea' id='block_1_68' title="bbox 591 3885 2197 3958">
    <p class='ocr_par' dir='ltr' id='par_1_68' title="bbox 591 3885 2197 3958">
     <span class='ocr_line' id='line_1_68' title="bbox 591 3885 2197 3958; baseline -0.002 -15"><span class='ocrx_word' id='word_1_480' title='bbox 591 3886 715 3951; x_wconf 67' lang='lat' dir='ltr'><strong>vita:</strong></span> <span class='ocrx_word' id='word_1_481' title='bbox 742 3896 797 3951; x_wconf 86' lang='lat' dir='ltr'><strong>et</strong></span> <span class='ocrx_word' id='word_1_482' title='bbox 824 3888 1061 3958; x_wconf 73' lang='lat' dir='ltr'><strong>pristina:</strong></span> <span class='ocrx_word' id='word_1_483' title='bbox 1104 3888 1321 3953; x_wconf 68' lang='lat' dir='ltr'><strong>sanitati</strong></span> <span class='ocrx_word' id='word_1_484' title='bbox 1349 3888 1609 3947; x_wconf 77' lang='lat' dir='ltr'><strong>restituit.</strong></span> <span class='ocrx_word' id='word_1_485' title='bbox 1639 3885 1777 3943; x_wconf 82' lang='lat' dir='ltr'><strong>Cum</strong></span> <span class='ocrx_word' id='word_1_486' title='bbox 1802 3900 1935 3941; x_wconf 82' lang='lat' dir='ltr'><strong>vero</strong></span> <span class='ocrx_word' id='word_1_487' title='bbox 1962 3885 2197 3957; x_wconf 81' lang='lat' dir='ltr'><strong>peractis</strong></span> 
     </span>
    </p>
   </div>
   <div class='ocr_carea' id='block_1_69' title="bbox 593 3979 2196 4051">
    <p class='ocr_par' dir='ltr' id='par_1_69' title="bbox 593 3979 2196 4051">
     <span class='ocr_line' id='line_1_69' title="bbox 593 3979 2196 4051; baseline -0.002 -14"><span class='ocrx_word' id='word_1_488' title='bbox 593 3979 845 4051; x_wconf 51' lang='lat' dir='ltr'><strong>aegonis.</strong></span> <span class='ocrx_word' id='word_1_489' title='bbox 869 3996 968 4051; x_wconf 89' lang='lat' dir='ltr'><strong>pro</strong></span> <span class='ocrx_word' id='word_1_490' title='bbox 991 3981 1187 4050; x_wconf 85' lang='lat' dir='ltr'><strong>quibus</strong></span> <span class='ocrx_word' id='word_1_491' title='bbox 1212 3989 1547 4051; x_wconf 74' lang='lat' dir='ltr'><strong>perrexerat,</strong></span> <span class='ocrx_word' id='word_1_492' title='bbox 1577 3980 1647 4037; x_wconf 83' lang='lat' dir='ltr'><strong>ad</strong></span> <span class='ocrx_word' id='word_1_493' title='bbox 1673 3980 2063 4035; x_wconf 85' lang='lat' dir='ltr'><strong>monasterium</strong></span> <span class='ocrx_word' id='word_1_494' title='bbox 2106 3991 2196 4034; x_wconf 79' lang='lat' dir='ltr'><strong>re-</strong></span> 
     </span>
    </p>
   </div>
   <div class='ocr_carea' id='block_1_70' title="bbox 592 4068 2191 4142">
    <p class='ocr_par' dir='ltr' id='par_1_70' title="bbox 592 4068 2191 4142">
     <span class='ocr_line' id='line_1_70' title="bbox 592 4068 2191 4142; baseline 0 -17"><span class='ocrx_word' id='word_1_495' title='bbox 592 4068 753 4136; x_wconf 73' lang='lat' dir='ltr'><strong>diret,</strong></span> <span class='ocrx_word' id='word_1_496' title='bbox 781 4070 1023 4142; x_wconf 74' lang='lat' dir='ltr'><strong>qumdam</strong></span> <span class='ocrx_word' id='word_1_497' title='bbox 1054 4079 1298 4135; x_wconf 82' lang='lat' dir='ltr'><strong>matrona</strong></span> <span class='ocrx_word' id='word_1_498' title='bbox 1328 4071 1547 4138; x_wconf 81' lang='lat' dir='ltr'><strong>nobilis,</strong></span> <span class='ocrx_word' id='word_1_499' title='bbox 1574 4086 1695 4141; x_wconf 62' lang='lat' dir='ltr'><strong>quae</strong></span> <span class='ocrx_word' id='word_1_500' title='bbox 1721 4069 1926 4126; x_wconf 83' lang='lat' dir='ltr'><strong>Licinia</strong></span> <span class='ocrx_word' id='word_1_501' title='bbox 1954 4069 2191 4125; x_wconf 73' lang='lat' dir='ltr'><strong>vocaba~</strong></span> 
     </span>
    </p>
   </div>
   <div class='ocr_carea' id='block_1_71' title="bbox 595 4161 2194 4235">
    <p class='ocr_par' dir='ltr' id='par_1_71' title="bbox 595 4161 2194 4235">
     <span class='ocr_line' id='line_1_71' title="bbox 595 4161 2194 4235; baseline -0.003 -14"><span class='ocrx_word' id='word_1_502' title='bbox 595 4168 705 4225; x_wconf 77' lang='lat' dir='ltr'><strong>tltl‘.</strong></span> <span class='ocrx_word' id='word_1_503' title='bbox 737 4163 949 4235; x_wconf 71' lang='lat' dir='ltr'><strong>excepit</strong></span> <span class='ocrx_word' id='word_1_504' title='bbox 976 4162 1125 4219; x_wconf 86' lang='lat' dir='ltr'><strong>illum</strong></span> <span class='ocrx_word' id='word_1_505' title='bbox 1155 4162 1212 4223; x_wconf 79' lang='lat' dir='ltr'><strong>in</strong></span> <span class='ocrx_word' id='word_1_506' title='bbox 1239 4163 1460 4219; x_wconf 86' lang='lat' dir='ltr'><strong>domum</strong></span> <span class='ocrx_word' id='word_1_507' title='bbox 1488 4179 1644 4222; x_wconf 82' lang='lat' dir='ltr'><strong>suam</strong></span> <span class='ocrx_word' id='word_1_508' title='bbox 1671 4164 1858 4234; x_wconf 86' lang='lat' dir='ltr'><strong>:cujus</strong></span> <span class='ocrx_word' id='word_1_509' title='bbox 1888 4161 2030 4219; x_wconf 78' lang='lat' dir='ltr'><strong>filius</strong></span> <span class='ocrx_word' id='word_1_510' title='bbox 2058 4162 2194 4218; x_wconf 88' lang='lat' dir='ltr'><strong>adeo</strong></span> 
     </span>
    </p>
   </div>
   <div class='ocr_carea' id='block_1_72' title="bbox 595 4251 2197 4333">
    <p class='ocr_par' dir='ltr' id='par_1_72' title="bbox 595 4251 2197 4333">
     <span class='ocr_line' id='line_1_72' title="bbox 595 4251 2197 4333; baseline 0.003 -25"><span class='ocrx_word' id='word_1_511' title='bbox 595 4251 984 4321; x_wconf 81' lang='lat' dir='ltr'><strong>inilrmabatur,</strong></span> <span class='ocrx_word' id='word_1_512' title='bbox 1016 4262 1074 4311; x_wconf 90' lang='lat' dir='ltr'><strong>ut</strong></span> <span class='ocrx_word' id='word_1_513' title='bbox 1117 4265 1417 4333; x_wconf 80' lang='lat' dir='ltr'><strong>memorata</strong></span> <span class='ocrx_word' id='word_1_514' title='bbox 1442 4258 1634 4315; x_wconf 87' lang='lat' dir='ltr'><strong>mulier</strong></span> <span class='ocrx_word' id='word_1_515' title='bbox 1656 4267 1715 4315; x_wconf 90' lang='lat' dir='ltr'><strong>et</strong></span> <span class='ocrx_word' id='word_1_516' title='bbox 1741 4258 1898 4315; x_wconf 77' lang='lat' dir='ltr'><strong>amici</strong></span> <span class='ocrx_word' id='word_1_517' title='bbox 1926 4257 1997 4313; x_wconf 89' lang='lat' dir='ltr'><strong>de</strong></span> <span class='ocrx_word' id='word_1_518' title='bbox 2023 4258 2197 4313; x_wconf 88' lang='lat' dir='ltr'><strong>salute</strong></span> 
     </span>
    </p>
   </div>
   <div class='ocr_carea' id='block_1_73' title="bbox 596 4345 2196 4422">
    <p class='ocr_par' dir='ltr' id='par_1_73' title="bbox 596 4345 2196 4422">
     <span class='ocr_line' id='line_1_73' title="bbox 596 4345 2196 4422; baseline 0.004 -21"><span class='ocrx_word' id='word_1_519' title='bbox 596 4345 714 4417; x_wconf 84' lang='lat' dir='ltr'><strong>ejus</strong></span> <span class='ocrx_word' id='word_1_520' title='bbox 755 4347 1127 4421; x_wconf 82' lang='lat' dir='ltr'><strong>desperarent.</strong></span> <span class='ocrx_word' id='word_1_521' title='bbox 1170 4348 1413 4422; x_wconf 74' lang='lat' dir='ltr'><strong>Rogatus</strong></span> <span class='ocrx_word' id='word_1_522' title='bbox 1450 4365 1481 4408; x_wconf 71' lang='grc' dir='ltr'><strong><em>ι</em></strong></span> <span class='ocrx_word' id='word_1_523' title='bbox 1511 4360 1683 4409; x_wconf 85' lang='lat' dir='ltr'><strong>matre</strong></span> <span class='ocrx_word' id='word_1_524' title='bbox 1722 4366 1887 4407; x_wconf 81' lang='lat' dir='ltr'><strong>senex</strong></span> <span class='ocrx_word' id='word_1_525' title='bbox 1926 4352 2196 4407; x_wconf 88' lang='lat' dir='ltr'><strong>inlirmum</strong></span> 
     </span>
    </p>
   </div>
   <div class='ocr_carea' id='block_1_74' title="bbox 598 4437 2193 4515">
    <p class='ocr_par' dir='ltr' id='par_1_74' title="bbox 598 4437 2193 4515">
     <span class='ocr_line' id='line_1_74' title="bbox 598 4437 2193 4515; baseline 0.007 -26"><span class='ocrx_word' id='word_1_526' title='bbox 598 4437 800 4506; x_wconf 77' lang='lat' dir='ltr'><strong>visitat,</strong></span> <span class='ocrx_word' id='word_1_527' title='bbox 855 4457 1018 4513; x_wconf 87' lang='lat' dir='ltr'><strong>super</strong></span> <span class='ocrx_word' id='word_1_528' title='bbox 1044 4458 1169 4499; x_wconf 87' lang='lat' dir='ltr'><strong>eum</strong></span> <span class='ocrx_word' id='word_1_529' title='bbox 1196 4454 1337 4512; x_wconf 84' lang='lat' dir='ltr'><strong>orat,</strong></span> <span class='ocrx_word' id='word_1_530' title='bbox 1375 4445 1497 4503; x_wconf 89' lang='lat' dir='ltr'><strong>oleo</strong></span> <span class='ocrx_word' id='word_1_531' title='bbox 1533 4454 1722 4502; x_wconf 80' lang='lat' dir='ltr'><strong>sancto</strong></span> <span class='ocrx_word' id='word_1_532' title='bbox 1760 4461 1884 4502; x_wconf 87' lang='lat' dir='ltr'><strong>eum</strong></span> <span class='ocrx_word' id='word_1_533' title='bbox 1923 4447 2193 4515; x_wconf 76' lang='lat' dir='ltr'><strong>perungit.</strong></span> 
     </span>
    </p>
   </div>
   <div class='ocr_carea' id='block_1_75' title="bbox 603 4527 2196 4601">
    <p class='ocr_par' dir='ltr' id='par_1_75' title="bbox 603 4527 2196 4601">
     <span class='ocr_line' id='line_1_75' title="bbox 603 4527 2196 4601; baseline 0.005 -15"><span class='ocrx_word' id='word_1_534' title='bbox 603 4527 647 4591; x_wconf 83' lang='grc' dir='ltr'>Ο</span> <span class='ocrx_word' id='word_1_535' title='bbox 677 4532 811 4589; x_wconf 87' lang='lat' dir='ltr'><strong>mira</strong></span> <span class='ocrx_word' id='word_1_536' title='bbox 865 4535 1077 4595; x_wconf 88' lang='lat' dir='ltr'><strong>virtutis</strong></span> <span class='ocrx_word' id='word_1_537' title='bbox 1132 4537 1229 4593; x_wconf 89' lang='lat' dir='ltr'><strong>Dei</strong></span> <span class='ocrx_word' id='word_1_538' title='bbox 1284 4554 1407 4601; x_wconf 84' lang='lat' dir='ltr'><strong>cum</strong></span> <span class='ocrx_word' id='word_1_539' title='bbox 1451 4538 1765 4596; x_wconf 87' lang='lat' dir='ltr'><strong>confessore</strong></span> <span class='ocrx_word' id='word_1_540' title='bbox 1807 4545 1998 4594; x_wconf 89' lang='lat' dir='ltr'><strong>orante</strong></span> <span class='ocrx_word' id='word_1_541' title='bbox 2050 4540 2196 4594; x_wconf 92' lang='lat' dir='ltr'><strong>cele-</strong></span> 
     </span>
    </p>
   </div>
   <div class='ocr_carea' id='block_1_76' title="bbox 601 4624 2194 4701">
    <p class='ocr_par' dir='ltr' id='par_1_76' title="bbox 601 4624 2194 4701">
     <span class='ocr_line' id='line_1_76' title="bbox 601 4624 2194 4701; baseline 0.004 -22"><span class='ocrx_word' id='word_1_542' title='bbox 601 4624 759 4679; x_wconf 86' lang='lat' dir='ltr'><strong>ritas!</strong></span> <span class='ocrx_word' id='word_1_543' title='bbox 794 4625 926 4681; x_wconf 91' lang='lat' dir='ltr'><strong>Dum</strong></span> <span class='ocrx_word' id='word_1_544' title='bbox 980 4628 1123 4684; x_wconf 90' lang='lat' dir='ltr'><strong>enim</strong></span> <span class='ocrx_word' id='word_1_545' title='bbox 1153 4629 1393 4686; x_wconf 85' lang='lat' dir='ltr'><strong>infirmus</strong></span> <span class='ocrx_word' id='word_1_546' title='bbox 1448 4632 1785 4701; x_wconf 84' lang='lat' dir='ltr'><strong>perungitur,</strong></span> <span class='ocrx_word' id='word_1_547' title='bbox 1830 4639 2014 4701; x_wconf 82' lang='lat' dir='ltr'><strong>optata</strong></span> <span class='ocrx_word' id='word_1_548' title='bbox 2045 4632 2194 4687; x_wconf 84' lang='lat' dir='ltr'><strong>sani-</strong></span> 
     </span>
    </p>
   </div>
   <div class='ocr_carea' id='block_1_77' title="bbox 601 4719 2195 4794">
    <p class='ocr_par' dir='ltr' id='par_1_77' title="bbox 601 4719 2195 4794">
     <span class='ocr_line' id='line_1_77' title="bbox 601 4719 2195 4794; baseline 0.004 -23"><span class='ocrx_word' id='word_1_549' title='bbox 601 4723 685 4771; x_wconf 89' lang='lat' dir='ltr'><strong>tas</strong></span> <span class='ocrx_word' id='word_1_550' title='bbox 727 4731 794 4773; x_wconf 76' lang='lat' dir='ltr'><strong>ex</strong></span> <span class='ocrx_word' id='word_1_551' title='bbox 842 4719 1115 4790; x_wconf 84' lang='lat' dir='ltr'><strong>insperato</strong></span> <span class='ocrx_word' id='word_1_552' title='bbox 1145 4724 1450 4790; x_wconf 87' lang='lat' dir='ltr'><strong>revertitur,</strong></span> <span class='ocrx_word' id='word_1_553' title='bbox 1481 4737 1538 4779; x_wconf 88' lang='lat' dir='ltr'><strong>et</strong></span> <span class='ocrx_word' id='word_1_554' title='bbox 1564 4724 1846 4779; x_wconf 87' lang='lat' dir='ltr'><strong>intirmitas</strong></span> <span class='ocrx_word' id='word_1_555' title='bbox 1871 4724 2079 4794; x_wconf 87' lang='lat' dir='ltr'><strong>abjecta</strong></span> <span class='ocrx_word' id='word_1_556' title='bbox 2108 4722 2195 4778; x_wconf 90' lang='lat' dir='ltr'><strong>fu-</strong></span> 
     </span>
    </p>
   </div>
   <div class='ocr_carea' id='block_1_78' title="bbox 603 4810 2197 4889">
    <p class='ocr_par' dir='ltr' id='par_1_78' title="bbox 603 4810 2197 4889">
     <span class='ocr_line' id='line_1_78' title="bbox 603 4810 2197 4889; baseline 0.007 -27"><span class='ocrx_word' id='word_1_557' title='bbox 603 4816 778 4877; x_wconf 87' lang='lat' dir='ltr'><strong>gatur.</strong></span> <span class='ocrx_word' id='word_1_558' title='bbox 808 4810 1003 4884; x_wconf 89' lang='lat' dir='ltr'><strong>Sicque</strong></span> <span class='ocrx_word' id='word_1_559' title='bbox 1034 4814 1233 4870; x_wconf 85' lang='lat' dir='ltr'><strong>factum</strong></span> <span class='ocrx_word' id='word_1_560' title='bbox 1277 4824 1359 4870; x_wconf 89' lang='lat' dir='ltr'><strong>est</strong></span> <span class='ocrx_word' id='word_1_561' title='bbox 1387 4824 1447 4871; x_wconf 89' lang='lat' dir='ltr'><strong>ut</strong></span> <span class='ocrx_word' id='word_1_562' title='bbox 1474 4817 1767 4889; x_wconf 89' lang='lat' dir='ltr'><strong>hospitem,</strong></span> <span class='ocrx_word' id='word_1_563' title='bbox 1797 4833 1957 4886; x_wconf 88' lang='lat' dir='ltr'><strong>quam</strong></span> <span class='ocrx_word' id='word_1_564' title='bbox 1988 4818 2197 4875; x_wconf 88' lang='lat' dir='ltr'><strong>tristem</strong></span> 
     </span>
    </p>
   </div>
   <div class='ocr_carea' id='block_1_79' title="bbox 602 4897 2195 4971">
    <p class='ocr_par' dir='ltr' id='par_1_79' title="bbox 602 4897 2195 4971">
     <span class='ocr_line' id='line_1_79' title="bbox 602 4897 2195 4971; baseline 0.011 -18"><span class='ocrx_word' id='word_1_565' title='bbox 602 4897 901 4971; x_wconf 78' lang='lat' dir='ltr'><strong>invenerat,</strong></span> <span class='ocrx_word' id='word_1_566' title='bbox 947 4904 1123 4961; x_wconf 73' lang='lat' dir='ltr'><strong>lanam</strong></span> <span class='ocrx_word' id='word_1_567' title='bbox 1166 4921 1291 4964; x_wconf 90' lang='lat' dir='ltr'><strong>cum</strong></span> <span class='ocrx_word' id='word_1_568' title='bbox 1318 4906 1428 4964; x_wconf 89' lang='lat' dir='ltr'><strong>lilio</strong></span> <span class='ocrx_word' id='word_1_569' title='bbox 1454 4909 1523 4964; x_wconf 93' lang='lat' dir='ltr'><strong>ad</strong></span> <span class='ocrx_word' id='word_1_570' title='bbox 1549 4909 1936 4967; x_wconf 87' lang='lat' dir='ltr'><strong>monasterium</strong></span> <span class='ocrx_word' id='word_1_571' title='bbox 1979 4908 2195 4971; x_wconf 80' lang='lat' dir='ltr'><strong>rediens</strong></span> 
     </span>
    </p>
   </div>
   <div class='ocr_carea' id='block_1_80' title="bbox 601 4994 950 5066">
    <p class='ocr_par' dir='ltr' id='par_1_80' title="bbox 601 4994 950 5066">
     <span class='ocr_line' id='line_1_80' title="bbox 601 4994 950 5066; baseline 0.006 -14"><span class='ocrx_word' id='word_1_572' title='bbox 601 4994 950 5066; x_wconf 86' lang='lat' dir='ltr'><strong>relinqueret.</strong></span> 
     </span>
    </p>
   </div>
   <div class='ocr_carea' id='block_1_81' title="bbox 675 5085 2195 5169">
    <p class='ocr_par' dir='ltr' id='par_1_81' title="bbox 675 5085 2195 5169">
     <span class='ocr_line' id='line_1_81' title="bbox 675 5085 2195 5169; baseline 0.009 -28"><span class='ocrx_word' id='word_1_573' title='bbox 675 5085 729 5141; x_wconf 72' lang='grc'><strong>4.</strong></span> <span class='ocrx_word' id='word_1_574' title='bbox 771 5088 905 5144; x_wconf 88' lang='lat' dir='ltr'><strong>Cum</strong></span> <span class='ocrx_word' id='word_1_575' title='bbox 939 5099 1137 5161; x_wconf 90' lang='lat' dir='ltr'><strong>autem,</strong></span> <span class='ocrx_word' id='word_1_576' title='bbox 1170 5103 1230 5149; x_wconf 87' lang='lat' dir='ltr'><strong>ut</strong></span> <span class='ocrx_word' id='word_1_577' title='bbox 1253 5110 1374 5152; x_wconf 88' lang='lat' dir='ltr'><strong>mos</strong></span> <span class='ocrx_word' id='word_1_578' title='bbox 1400 5104 1484 5153; x_wconf 91' lang='lat' dir='ltr'><strong>est</strong></span> <span class='ocrx_word' id='word_1_579' title='bbox 1510 5095 1909 5169; x_wconf 86' lang='lat' dir='ltr'><strong>religiosorum,</strong></span> <span class='ocrx_word' id='word_1_580' title='bbox 1959 5097 2014 5153; x_wconf 93' lang='lat' dir='ltr'><strong>in</strong></span> <span class='ocrx_word' id='word_1_581' title='bbox 2061 5113 2195 5168; x_wconf 89' lang='lat' dir='ltr'><strong>qua-</strong></span> 
     </span>
    </p>
   </div>
   <div class='ocr_carea' id='block_1_82' title="bbox 604 5177 2195 5260">
    <p class='ocr_par' dir='ltr' id='par_1_82' title="bbox 604 5177 2195 5260">
     <span class='ocr_line' id='line_1_82' title="bbox 604 5177 2195 5260; baseline 0.008 -26"><span class='ocrx_word' id='word_1_582' title='bbox 604 5177 901 5250; x_wconf 83' lang='lat' dir='ltr'><strong>dragesima</strong></span> <span class='ocrx_word' id='word_1_583' title='bbox 936 5181 1077 5237; x_wconf 90' lang='lat' dir='ltr'><strong>idem</strong></span> <span class='ocrx_word' id='word_1_584' title='bbox 1114 5185 1196 5239; x_wconf 91' lang='lat' dir='ltr'><strong>vir</strong></span> <span class='ocrx_word' id='word_1_585' title='bbox 1235 5185 1332 5242; x_wconf 90' lang='lat' dir='ltr'><strong>Dei</strong></span> <span class='ocrx_word' id='word_1_586' title='bbox 1368 5188 1423 5245; x_wconf 82' lang='lat' dir='ltr'><strong>in</strong></span> <span class='ocrx_word' id='word_1_587' title='bbox 1464 5190 1598 5247; x_wconf 88' lang='lat' dir='ltr'><strong>cella</strong></span> <span class='ocrx_word' id='word_1_588' title='bbox 1648 5197 1926 5258; x_wconf 81' lang='lat' dir='ltr'><strong>retrusus,</strong></span> <span class='ocrx_word' id='word_1_589' title='bbox 1978 5190 2195 5260; x_wconf 87' lang='lat' dir='ltr'><strong>parcius</strong></span> 
     </span>
    </p>
   </div>
   <div class='ocr_carea' id='block_1_83' title="bbox 606 5269 2190 5352">
    <p class='ocr_par' dir='ltr' id='par_1_83' title="bbox 606 5269 2190 5352">
     <span class='ocr_line' id='line_1_83' title="bbox 606 5269 2190 5352; baseline 0.008 -27"><span class='ocrx_word' id='word_1_590' title='bbox 606 5269 766 5327; x_wconf 81' lang='lat' dir='ltr'><strong>solito</strong></span> <span class='ocrx_word' id='word_1_591' title='bbox 793 5271 1027 5344; x_wconf 86' lang='lat' dir='ltr'><strong>viveret;</strong></span> <span class='ocrx_word' id='word_1_592' title='bbox 1076 5276 1357 5339; x_wconf 83' lang='lat' dir='ltr'><strong>Lucretius</strong></span> <span class='ocrx_word' id='word_1_593' title='bbox 1390 5279 1603 5337; x_wconf 84' lang='lat' dir='ltr'><strong>Diensis</strong></span> <span class='ocrx_word' id='word_1_594' title='bbox 1625 5282 1912 5352; x_wconf 80' lang='lat' dir='ltr'><strong>episcopus</strong></span> <span class='ocrx_word' id='word_1_595' title='bbox 1955 5282 2022 5337; x_wconf 84' lang='lat' dir='ltr'><strong>ad</strong></span> <span class='ocrx_word' id='word_1_596' title='bbox 2067 5296 2190 5337; x_wconf 89' lang='lat' dir='ltr'><strong>eum</strong></span> 
     </span>
    </p>
   </div>
   <div class='ocr_carea' id='block_1_84' title="bbox 678 5426 2193 5507">
    <p class='ocr_par' dir='ltr' id='par_1_84' title="bbox 678 5426 2193 5507">
     <span class='ocr_line' id='line_1_84' title="bbox 678 5426 2193 5507; baseline 0.011 -26"><span class='ocrx_word' id='word_1_597' title='bbox 678 5433 703 5507; x_wconf 62' lang='grc' dir='ltr'><strong>ξ</strong></span> <span class='ocrx_word' id='word_1_598' title='bbox 741 5426 819 5507; x_wconf 86' lang='lat' dir='ltr'><strong>_De</strong></span> <span class='ocrx_word' id='word_1_599' title='bbox 850 5429 1192 5507; x_wconf 60' lang='lat' dir='ltr'><strong>gundobaldo</strong></span> <span class='ocrx_word' id='word_1_600' title='bbox 1239 5444 1415 5491; x_wconf 89' lang='lat' dir='ltr'><strong>actum</strong></span> <span class='ocrx_word' id='word_1_601' title='bbox 1457 5436 1519 5490; x_wconf 74' lang='lat'><strong>2|</strong></span> <span class='ocrx_word' id='word_1_602' title='bbox 1556 5438 1673 5492; x_wconf 89' lang='lat' dir='ltr'><strong>Jan.</strong></span> <span class='ocrx_word' id='word_1_603' title='bbox 1721 5438 1784 5491; x_wconf 91' lang='lat' dir='ltr'><strong>ad</strong></span> <span class='ocrx_word' id='word_1_604' title='bbox 1814 5437 1993 5493; x_wconf 84' lang='lat' dir='ltr'><strong>Vitam</strong></span> <span class='ocrx_word' id='word_1_605' title='bbox 2019 5441 2193 5497; x_wconf 85' lang='lat' dir='ltr'><strong>sancti</strong></span> 
     </span>
    </p>
   </div>
   <div class='ocr_carea' id='block_1_85' title="bbox 604 5493 2191 5632">
    <p class='ocr_par' dir='ltr' id='par_1_85' title="bbox 604 5493 2191 5632">
     <span class='ocr_line' id='line_1_85' title="bbox 604 5493 2191 5632; baseline -0.001 -65"><span class='ocrx_word' id='word_1_606' title='bbox 604 5493 1243 5632; x_wconf 51' lang='lat' dir='ltr'><strong>ngllglﬂgliiigiiageturque</strong></span> <span class='ocrx_word' id='word_1_607' title='bbox 1265 5508 1335 5562; x_wconf 91' lang='lat' dir='ltr'><strong>ad</strong></span> <span class='ocrx_word' id='word_1_608' title='bbox 1360 5507 1539 5563; x_wconf 80' lang='lat' dir='ltr'><strong>Vitam</strong></span> <span class='ocrx_word' id='word_1_609' title='bbox 1567 5517 1762 5564; x_wconf 77' lang='lat' dir='ltr'><strong>sancta:</strong></span> <span class='ocrx_word' id='word_1_610' title='bbox 1789 5507 2072 5580; x_wconf 57' lang='lat' dir='ltr'><strong>Clotifdisﬁ</strong></span> <span class='ocrx_word' id='word_1_611' title='bbox 2096 5493 2191 5567; x_wconf 10' lang='lat' dir='ltr'><strong>Jul;</strong></span> 
     </span>
    </p>
   </div>
   <div class='ocr_carea' id='block_1_86' title="bbox 664 5614 2197 5724">
    <p class='ocr_par' dir='ltr' id='par_1_86' title="bbox 664 5614 2197 5724">
     <span class='ocr_line' id='line_1_86' title="bbox 664 5614 2197 5724; baseline 0.013 -31"><span class='ocrx_word' id='word_1_612' title='bbox 664 5614 703 5693; x_wconf 67' lang='grc' dir='ltr'><strong>,ί</strong></span> <span class='ocrx_word' id='word_1_613' title='bbox 741 5614 1087 5724; x_wconf 59' lang='lat' dir='ltr'><strong>imperfectus</strong></span> <span class='ocrx_word' id='word_1_614' title='bbox 1109 5655 1202 5724; x_wconf 69' lang='lat' dir='ltr'><strong>est</strong></span> <span class='ocrx_word' id='word_1_615' title='bbox 1224 5649 1501 5724; x_wconf 74' lang='lat' dir='ltr'><strong>catalogus</strong></span> <span class='ocrx_word' id='word_1_616' title='bbox 1525 5649 1957 5724; x_wconf 77' lang='lat' dir='ltr'><strong>Sistaricensium</strong></span> <span class='ocrx_word' id='word_1_617' title='bbox 1987 5654 2197 5724; x_wconf 88' lang='lat' dir='ltr'><strong>episco-</strong></span> 
     </span>
    </p>
   </div>
   <div class='ocr_carea' id='block_1_87' title="bbox 606 5717 2198 5799">
    <p class='ocr_par' dir='ltr' id='par_1_87' title="bbox 606 5717 2198 5799">
     <span class='ocr_line' id='line_1_87' title="bbox 606 5717 2198 5799; baseline 0.013 -37"><span class='ocrx_word' id='word_1_618' title='bbox 606 5722 799 5799; x_wconf 67' lang='lat' dir='ltr'><strong>porum</strong></span> <span class='ocrx_word' id='word_1_619' title='bbox 828 5717 967 5799; x_wconf 76' lang='lat' dir='ltr'><strong>apud</strong></span> <span class='ocrx_word' id='word_1_620' title='bbox 994 5717 1077 5773; x_wconf 90' lang='lat' dir='ltr'><strong>Cl.</strong></span> <span class='ocrx_word' id='word_1_621' title='bbox 1108 5717 1539 5799; x_wconf 54' lang='lat' dir='ltr'><strong>Bobgrtuiu,_ubi</strong></span> <span class='ocrx_word' id='word_1_622' title='bbox 1567 5717 2198 5799; x_wconf 32' lang='lat' dir='ltr'><strong>primusAponitur&#39;Poloo</strong></span> 
     </span>
    </p>
   </div>
   <div class='ocr_carea' id='block_1_88' title="bbox 605 5789 2196 5874">
    <p class='ocr_par' dir='ltr' id='par_1_88' title="bbox 605 5789 2196 5874">
     <span class='ocr_line' id='line_1_88' title="bbox 605 5789 2196 5874; baseline 0.016 -42"><span class='ocrx_word' id='word_1_623' title='bbox 605 5789 842 5858; x_wconf 75' lang='lat' dir='ltr'><strong>grauius,</strong></span> <span class='ocrx_word' id='word_1_624' title='bbox 865 5789 958 5859; x_wconf 86' lang='lat' dir='ltr'><strong>qui</strong></span> <span class='ocrx_word' id='word_1_625' title='bbox 976 5790 1207 5849; x_wconf 89' lang='lat' dir='ltr'><strong>concilio</strong></span> <span class='ocrx_word' id='word_1_626' title='bbox 1232 5789 1517 5853; x_wconf 79' lang='lat' dir='ltr'><strong>Valentino</strong></span> <span class='ocrx_word' id='word_1_627' title='bbox 1544 5789 1604 5871; x_wconf 72' lang='lat' dir='ltr'><strong>ii,</strong></span> <span class='ocrx_word' id='word_1_628' title='bbox 1632 5812 1701 5854; x_wconf 89' lang='lat' dir='ltr'><strong>an</strong></span> <span class='ocrx_word' id='word_1_629' title='bbox 1726 5789 1833 5856; x_wconf 62' lang='lat'><strong>581</strong></span> <span class='ocrx_word' id='word_1_630' title='bbox 1860 5798 2196 5874; x_wconf 74' lang='lat' dir='ltr'><strong>Subscripsit,</strong></span> 
     </span>
    </p>
   </div>
   <div class='ocr_carea' id='block_1_89' title="bbox 2291 3242 3886 3319">
    <p class='ocr_par' dir='ltr' id='par_1_89' title="bbox 2291 3242 3886 3319">
     <span class='ocr_line' id='line_1_89' title="bbox 2291 3242 3886 3319; baseline -0.005 -10"><span class='ocrx_word' id='word_1_631' title='bbox 2291 3253 2413 3311; x_wconf 85' lang='lat' dir='ltr'><strong>dam</strong></span> <span class='ocrx_word' id='word_1_632' title='bbox 2439 3251 2582 3308; x_wconf 84' lang='lat' dir='ltr'><strong>furto</strong></span> <span class='ocrx_word' id='word_1_633' title='bbox 2611 3248 2894 3319; x_wconf 84' lang='lat' dir='ltr'><strong>subripuit.</strong></span> <span class='ocrx_word' id='word_1_634' title='bbox 2927 3247 3033 3302; x_wconf 89' lang='lat' dir='ltr'><strong>Sed</strong></span> <span class='ocrx_word' id='word_1_635' title='bbox 3076 3248 3247 3301; x_wconf 91' lang='lat' dir='ltr'><strong>virtus</strong></span> <span class='ocrx_word' id='word_1_636' title='bbox 3275 3246 3450 3301; x_wconf 88' lang='lat' dir='ltr'><strong>divina</strong></span> <span class='ocrx_word' id='word_1_637' title='bbox 3489 3244 3572 3301; x_wconf 85' lang='lat' dir='ltr'><strong>sic</strong></span> <span class='ocrx_word' id='word_1_638' title='bbox 3617 3242 3886 3301; x_wconf 69' lang='lat' dir='ltr'><strong>latronem</strong></span> 
     </span>
    </p>
   </div>
   <div class='ocr_carea' id='block_1_90' title="bbox 2290 3336 3887 3411">
    <p class='ocr_par' dir='ltr' id='par_1_90' title="bbox 2290 3336 3887 3411">
     <span class='ocr_line' id='line_1_90' title="bbox 2290 3336 3887 3411; baseline -0.004 -13"><span class='ocrx_word' id='word_1_639' title='bbox 2290 3343 2498 3398; x_wconf 90' lang='lat' dir='ltr'><strong>meritis</strong></span> <span class='ocrx_word' id='word_1_640' title='bbox 2523 3342 2632 3411; x_wconf 91' lang='lat' dir='ltr'><strong>jam</strong></span> <span class='ocrx_word' id='word_1_641' title='bbox 2663 3340 2787 3395; x_wconf 92' lang='lat' dir='ltr'><strong>dicti</strong></span> <span class='ocrx_word' id='word_1_642' title='bbox 2814 3340 2913 3394; x_wconf 87' lang='lat' dir='ltr'><strong>viri</strong></span> <span class='ocrx_word' id='word_1_643' title='bbox 2941 3337 3032 3393; x_wconf 85' lang='lat' dir='ltr'><strong>Dei</strong></span> <span class='ocrx_word' id='word_1_644' title='bbox 3061 3336 3273 3392; x_wconf 87' lang='lat' dir='ltr'><strong>obsedit</strong></span> <span class='ocrx_word' id='word_1_645' title='bbox 3308 3345 3369 3391; x_wconf 91' lang='lat' dir='ltr'><strong>ut</strong></span> <span class='ocrx_word' id='word_1_646' title='bbox 3407 3351 3505 3406; x_wconf 90' lang='lat' dir='ltr'><strong>per</strong></span> <span class='ocrx_word' id='word_1_647' title='bbox 3535 3342 3705 3393; x_wconf 85' lang='lat' dir='ltr'><strong>totam</strong></span> <span class='ocrx_word' id='word_1_648' title='bbox 3747 3349 3887 3392; x_wconf 87' lang='lat' dir='ltr'><strong>noc-</strong></span> 
     </span>
    </p>
   </div>
   <div class='ocr_carea' id='block_1_91' title="bbox 2290 3426 3886 3503">
    <p class='ocr_par' dir='ltr' id='par_1_91' title="bbox 2290 3426 3886 3503">
     <span class='ocr_line' id='line_1_91' title="bbox 2290 3426 3886 3503; baseline -0.004 -14"><span class='ocrx_word' id='word_1_649' title='bbox 2290 3443 2398 3491; x_wconf 91' lang='lat' dir='ltr'><strong>tem</strong></span> <span class='ocrx_word' id='word_1_650' title='bbox 2429 3434 2636 3503; x_wconf 86' lang='lat' dir='ltr'><strong>plateas</strong></span> <span class='ocrx_word' id='word_1_651' title='bbox 2680 3431 2911 3487; x_wconf 88' lang='lat' dir='ltr'><strong>civitatis</strong></span> <span class='ocrx_word' id='word_1_652' title='bbox 2957 3428 3202 3489; x_wconf 84' lang='lat' dir='ltr'><strong>rimando</strong></span> <span class='ocrx_word' id='word_1_653' title='bbox 3256 3433 3566 3499; x_wconf 73' lang='lat' dir='ltr'><strong>qnmreret,</strong></span> <span class='ocrx_word' id='word_1_654' title='bbox 3599 3426 3886 3495; x_wconf 86' lang='lat' dir='ltr'><strong>nullusque</strong></span> 
     </span>
    </p>
   </div>
   <div class='ocr_carea' id='block_1_92' title="bbox 2296 3517 3886 3599">
    <p class='ocr_par' dir='ltr' id='par_1_92' title="bbox 2296 3517 3886 3599">
     <span class='ocr_line' id='line_1_92' title="bbox 2296 3517 3886 3599; baseline -0.009 -13"><span class='ocrx_word' id='word_1_655' title='bbox 2296 3531 2347 3586; x_wconf 93' lang='lat' dir='ltr'><strong>ei</strong></span> <span class='ocrx_word' id='word_1_656' title='bbox 2385 3530 2453 3585; x_wconf 91' lang='lat' dir='ltr'><strong>de</strong></span> <span class='ocrx_word' id='word_1_657' title='bbox 2502 3528 2718 3584; x_wconf 89' lang='lat' dir='ltr'><strong>civitate</strong></span> <span class='ocrx_word' id='word_1_658' title='bbox 2745 3534 2956 3599; x_wconf 89' lang='lat' dir='ltr'><strong>pateret</strong></span> <span class='ocrx_word' id='word_1_659' title='bbox 3002 3540 3282 3595; x_wconf 88' lang='lat' dir='ltr'><strong>egressus:</strong></span> <span class='ocrx_word' id='word_1_660' title='bbox 3321 3524 3463 3583; x_wconf 87' lang='lat' dir='ltr'><strong>facto</strong></span> <span class='ocrx_word' id='word_1_661' title='bbox 3487 3536 3646 3579; x_wconf 87' lang='lat' dir='ltr'><strong>mane</strong></span> <span class='ocrx_word' id='word_1_662' title='bbox 3673 3520 3757 3575; x_wconf 84' lang='lat' dir='ltr'><strong>vir</strong></span> <span class='ocrx_word' id='word_1_663' title='bbox 3783 3517 3886 3573; x_wconf 88' lang='lat' dir='ltr'><strong>Dei</strong></span> 
     </span>
    </p>
   </div>
   <div class='ocr_carea' id='block_1_93' title="bbox 2292 3612 3885 3693">
    <p class='ocr_par' dir='ltr' id='par_1_93' title="bbox 2292 3612 3885 3693">
     <span class='ocr_line' id='line_1_93' title="bbox 2292 3612 3885 3693; baseline -0.008 -15"><span class='ocrx_word' id='word_1_664' title='bbox 2292 3623 2559 3678; x_wconf 87' lang='lat' dir='ltr'><strong>latronem</strong></span> <span class='ocrx_word' id='word_1_665' title='bbox 2584 3622 2864 3693; x_wconf 66' lang='lat' dir='ltr'><strong>praevenit,</strong></span> <span class='ocrx_word' id='word_1_666' title='bbox 2895 3628 2949 3675; x_wconf 91' lang='lat' dir='ltr'><strong>et</strong></span> <span class='ocrx_word' id='word_1_667' title='bbox 2972 3617 3240 3675; x_wconf 85' lang='lat' dir='ltr'><strong>caballum</strong></span> <span class='ocrx_word' id='word_1_668' title='bbox 3280 3614 3635 3687; x_wconf 83' lang='lat' dir='ltr'><strong>recuperavit.</strong></span> <span class='ocrx_word' id='word_1_669' title='bbox 3668 3612 3738 3670; x_wconf 85' lang='lat' dir='ltr'><strong>Et</strong></span> <span class='ocrx_word' id='word_1_670' title='bbox 3759 3613 3885 3669; x_wconf 81' lang='lat' dir='ltr'><strong>licet</strong></span> 
     </span>
    </p>
   </div>
   <div class='ocr_carea' id='block_1_94' title="bbox 2293 3705 3889 3786">
    <p class='ocr_par' dir='ltr' id='par_1_94' title="bbox 2293 3705 3889 3786">
     <span class='ocr_line' id='line_1_94' title="bbox 2293 3705 3889 3786; baseline -0.008 -17"><span class='ocrx_word' id='word_1_671' title='bbox 2293 3714 2433 3769; x_wconf 90' lang='lat' dir='ltr'><strong>latro</strong></span> <span class='ocrx_word' id='word_1_672' title='bbox 2455 3722 2756 3786; x_wconf 61' lang='lat' dir='ltr'><strong>praeventus</strong></span> <span class='ocrx_word' id='word_1_673' title='bbox 2786 3727 3001 3783; x_wconf 57' lang='lat' dir='ltr'><strong>pinnam</strong></span> <span class='ocrx_word' id='word_1_674' title='bbox 3021 3710 3356 3782; x_wconf 89' lang='lat' dir='ltr'><strong>corporalem</strong></span> <span class='ocrx_word' id='word_1_675' title='bbox 3380 3709 3681 3775; x_wconf 86' lang='lat' dir='ltr'><strong>meruisset,</strong></span> <span class='ocrx_word' id='word_1_676' title='bbox 3709 3722 3775 3762; x_wconf 78' lang='lat' dir='ltr'><strong>ex</strong></span> <span class='ocrx_word' id='word_1_677' title='bbox 3801 3705 3889 3761; x_wconf 73' lang='lat' dir='ltr'><strong>in.</strong></span> 
     </span>
    </p>
   </div>
   <div class='ocr_carea' id='block_1_95' title="bbox 2294 3796 3893 3872">
    <p class='ocr_par' dir='ltr' id='par_1_95' title="bbox 2294 3796 3893 3872">
     <span class='ocr_line' id='line_1_95' title="bbox 2294 3796 3893 3872; baseline -0.006 -11"><span class='ocrx_word' id='word_1_678' title='bbox 2294 3804 2393 3861; x_wconf 87' lang='lat' dir='ltr'><strong>sita</strong></span> <span class='ocrx_word' id='word_1_679' title='bbox 2423 3804 2834 3861; x_wconf 80' lang='lat' dir='ltr'><strong>mansuetudine</strong></span> <span class='ocrx_word' id='word_1_680' title='bbox 2856 3802 3086 3861; x_wconf 86' lang='lat' dir='ltr'><strong>liberum</strong></span> <span class='ocrx_word' id='word_1_681' title='bbox 3118 3802 3269 3857; x_wconf 90' lang='lat' dir='ltr'><strong>abire</strong></span> <span class='ocrx_word' id='word_1_682' title='bbox 3294 3800 3561 3872; x_wconf 83' lang='lat' dir='ltr'><strong>permisit.</strong></span> <span class='ocrx_word' id='word_1_683' title='bbox 3585 3798 3757 3859; x_wconf 88' lang='lat' dir='ltr'><strong>Simili</strong></span> <span class='ocrx_word' id='word_1_684' title='bbox 3781 3796 3893 3854; x_wconf 74' lang='lat' dir='ltr'><strong>mi-.</strong></span> 
     </span>
    </p>
   </div>
   <div class='ocr_carea' id='block_1_96' title="bbox 2294 3887 3888 3966">
    <p class='ocr_par' dir='ltr' id='par_1_96' title="bbox 2294 3887 3888 3966">
     <span class='ocr_line' id='line_1_96' title="bbox 2294 3887 3888 3966; baseline -0.005 -13"><span class='ocrx_word' id='word_1_685' title='bbox 2294 3896 2482 3953; x_wconf 90' lang='lat' dir='ltr'><strong>raculo</strong></span> <span class='ocrx_word' id='word_1_686' title='bbox 2509 3938 2524 3964; x_wconf 93' lang='lat'><strong>,</strong></span> <span class='ocrx_word' id='word_1_687' title='bbox 2580 3897 2634 3953; x_wconf 94' lang='lat' dir='ltr'><strong>in</strong></span> <span class='ocrx_word' id='word_1_688' title='bbox 2664 3896 2799 3954; x_wconf 89' lang='lat' dir='ltr'><strong>urbe</strong></span> <span class='ocrx_word' id='word_1_689' title='bbox 2830 3893 3177 3966; x_wconf 84' lang='lat' dir='ltr'><strong>Lugdunensi</strong></span> <span class='ocrx_word' id='word_1_690' title='bbox 3217 3908 3345 3957; x_wconf 82' lang='lat' dir='ltr'><strong>suas</strong></span> <span class='ocrx_word' id='word_1_691' title='bbox 3396 3891 3730 3964; x_wconf 83' lang='lat' dir='ltr'><strong>equitaturas</strong></span> <span class='ocrx_word' id='word_1_692' title='bbox 3767 3887 3888 3945; x_wconf 84' lang='lat' dir='ltr'><strong>vice</strong></span> 
     </span>
    </p>
   </div>
   <div class='ocr_carea' id='block_1_97' title="bbox 2296 3990 2789 4061">
    <p class='ocr_par' dir='ltr' id='par_1_97' title="bbox 2296 3990 2789 4061">
     <span class='ocr_line' id='line_1_97' title="bbox 2296 3990 2789 4061; baseline -0.002 -16"><span class='ocrx_word' id='word_1_693' title='bbox 2296 3990 2401 4045; x_wconf 90' lang='lat' dir='ltr'><strong>alia</strong></span> <span class='ocrx_word' id='word_1_694' title='bbox 2427 3990 2789 4061; x_wconf 89' lang='lat' dir='ltr'><strong>recuperavit.</strong></span> 
     </span>
    </p>
   </div>
   <div class='ocr_carea' id='block_1_98' title="bbox 2367 4070 3883 4151">
    <p class='ocr_par' dir='ltr' id='par_1_98' title="bbox 2367 4070 3883 4151">
     <span class='ocr_line' id='line_1_98' title="bbox 2367 4070 3883 4151; baseline -0.002 -15"><span class='ocrx_word' id='word_1_695' title='bbox 2367 4082 2420 4138; x_wconf 85' lang='lat'><strong>6.</strong></span> <span class='ocrx_word' id='word_1_696' title='bbox 2458 4080 2593 4137; x_wconf 88' lang='lat' dir='ltr'><strong>illud</strong></span> <span class='ocrx_word' id='word_1_697' title='bbox 2638 4082 2797 4139; x_wconf 83' lang='lat' dir='ltr'><strong>etiam</strong></span> <span class='ocrx_word' id='word_1_698' title='bbox 2844 4096 2954 4137; x_wconf 85' lang='lat' dir='ltr'><strong>non</strong></span> <span class='ocrx_word' id='word_1_699' title='bbox 2994 4088 3077 4137; x_wconf 91' lang='lat' dir='ltr'><strong>est</strong></span> <span class='ocrx_word' id='word_1_700' title='bbox 3125 4072 3685 4151; x_wconf 66' lang='lat' dir='ltr'><strong>praetermittendum,</strong></span> <span class='ocrx_word' id='word_1_701' title='bbox 3733 4070 3883 4143; x_wconf 77' lang='lat' dir='ltr'><strong>quod</strong></span> 
     </span>
    </p>
   </div>
   <div class='ocr_carea' id='block_1_99' title="bbox 2298 4171 3895 4251">
    <p class='ocr_par' dir='ltr' id='par_1_99' title="bbox 2298 4171 3895 4251">
     <span class='ocr_line' id='line_1_99' title="bbox 2298 4171 3895 4251; baseline -0.003 -20"><span class='ocrx_word' id='word_1_702' title='bbox 2298 4175 2531 4251; x_wconf 86' lang='lat' dir='ltr'><strong>quodam</strong></span> <span class='ocrx_word' id='word_1_703' title='bbox 2578 4185 2823 4246; x_wconf 86' lang='lat' dir='ltr'><strong>tempore</strong></span> <span class='ocrx_word' id='word_1_704' title='bbox 2843 4173 3060 4244; x_wconf 86' lang='lat' dir='ltr'><strong>quidam</strong></span> <span class='ocrx_word' id='word_1_705' title='bbox 3089 4171 3442 4242; x_wconf 82' lang='lat' dir='ltr'><strong>Nempbidius</strong></span> <span class='ocrx_word' id='word_1_706' title='bbox 3476 4185 3600 4235; x_wconf 84' lang='lat' dir='ltr'><strong>cum</strong></span> <span class='ocrx_word' id='word_1_707' title='bbox 3632 4174 3895 4227; x_wconf 69' lang='lat' dir='ltr'><strong>senatore</strong></span> 
     </span>
    </p>
   </div>
   <div class='ocr_carea' id='block_1_100' title="bbox 2299 4262 3891 4343">
    <p class='ocr_par' dir='ltr' id='par_1_100' title="bbox 2299 4262 3891 4343">
     <span class='ocr_line' id='line_1_100' title="bbox 2299 4262 3891 4343; baseline -0.007 -16"><span class='ocrx_word' id='word_1_708' title='bbox 2299 4271 2546 4343; x_wconf 83' lang='lat' dir='ltr'><strong>Agricola</strong></span> <span class='ocrx_word' id='word_1_709' title='bbox 2575 4280 2820 4335; x_wconf 83' lang='lat' dir='ltr'><strong>sanctum</strong></span> <span class='ocrx_word' id='word_1_710' title='bbox 2851 4268 3076 4333; x_wconf 74' lang='lat' dir='ltr'><strong>Marium</strong></span> <span class='ocrx_word' id='word_1_711' title='bbox 3104 4268 3460 4333; x_wconf 81' lang='lat' dir='ltr'><strong>comitantes,</strong></span> <span class='ocrx_word' id='word_1_712' title='bbox 3489 4278 3653 4327; x_wconf 78' lang='lat' dir='ltr'><strong>causa</strong></span> <span class='ocrx_word' id='word_1_713' title='bbox 3680 4262 3891 4323; x_wconf 64' lang='lat' dir='ltr'><strong>cretico</strong></span> 
     </span>
    </p>
   </div>
   <div class='ocr_carea' id='block_1_101' title="bbox 2299 4349 3890 4427">
    <p class='ocr_par' dir='ltr' id='par_1_101' title="bbox 2299 4349 3890 4427">
     <span class='ocr_line' id='line_1_101' title="bbox 2299 4349 3890 4427; baseline -0.008 -10"><span class='ocrx_word' id='word_1_714' title='bbox 2299 4361 2383 4417; x_wconf 89' lang='lat' dir='ltr'><strong>nis</strong></span> <span class='ocrx_word' id='word_1_715' title='bbox 2412 4358 2643 4415; x_wconf 88' lang='lat' dir='ltr'><strong>Parisios</strong></span> <span class='ocrx_word' id='word_1_716' title='bbox 2668 4360 2857 4424; x_wconf 89' lang='lat' dir='ltr'><strong>ibant,</strong></span> <span class='ocrx_word' id='word_1_717' title='bbox 2902 4366 2960 4412; x_wconf 92' lang='lat' dir='ltr'><strong>ut</strong></span> <span class='ocrx_word' id='word_1_718' title='bbox 2983 4355 3152 4412; x_wconf 91' lang='lat' dir='ltr'><strong>sancti</strong></span> <span class='ocrx_word' id='word_1_719' title='bbox 3182 4354 3423 4427; x_wconf 77' lang='lat' dir='ltr'><strong>Dionysii</strong></span> <span class='ocrx_word' id='word_1_720' title='bbox 3469 4353 3652 4415; x_wconf 83' lang='lat' dir='ltr'><strong>limina</strong></span> <span class='ocrx_word' id='word_1_721' title='bbox 3701 4349 3890 4411; x_wconf 81' lang='lat' dir='ltr'><strong>visita-</strong></span> 
     </span>
    </p>
   </div>
   <div class='ocr_carea' id='block_1_102' title="bbox 2299 4444 3887 4522">
    <p class='ocr_par' dir='ltr' id='par_1_102' title="bbox 2299 4444 3887 4522">
     <span class='ocr_line' id='line_1_102' title="bbox 2299 4444 3887 4522; baseline -0.006 -15"><span class='ocrx_word' id='word_1_722' title='bbox 2299 4460 2438 4508; x_wconf 88' lang='lat' dir='ltr'><strong>rent.</strong></span> <span class='ocrx_word' id='word_1_723' title='bbox 2466 4451 2524 4507; x_wconf 92' lang='lat' dir='ltr'><strong>ln</strong></span> <span class='ocrx_word' id='word_1_724' title='bbox 2552 4468 2656 4522; x_wconf 86' lang='lat' dir='ltr'><strong>quo</strong></span> <span class='ocrx_word' id='word_1_725' title='bbox 2686 4450 2876 4517; x_wconf 86' lang='lat' dir='ltr'><strong>itinere</strong></span> <span class='ocrx_word' id='word_1_726' title='bbox 2904 4447 3251 4520; x_wconf 83' lang='lat' dir='ltr'><strong>Nempliidius</strong></span> <span class='ocrx_word' id='word_1_727' title='bbox 3273 4446 3375 4509; x_wconf 89' lang='lat' dir='ltr'><strong>viri</strong></span> <span class='ocrx_word' id='word_1_728' title='bbox 3418 4444 3765 4503; x_wconf 79' lang='lat' dir='ltr'><strong>sanctitatem</strong></span> <span class='ocrx_word' id='word_1_729' title='bbox 3789 4456 3887 4507; x_wconf 77' lang='lat' dir='ltr'><strong>co—</strong></span> 
     </span>
    </p>
   </div>
   <div class='ocr_carea' id='block_1_103' title="bbox 2221 4534 3891 4637">
    <p class='ocr_par' dir='ltr' id='par_1_103' title="bbox 2221 4534 3891 4637">
     <span class='ocr_line' id='line_1_103' title="bbox 2221 4534 3891 4637; baseline -0.004 -37"><span class='ocrx_word' id='word_1_730' title='bbox 2221 4577 2277 4637; x_wconf 77' lang='lat' dir='ltr'><strong>D</strong></span> <span class='ocrx_word' id='word_1_731' title='bbox 2301 4559 2585 4616; x_wconf 82' lang='lat' dir='ltr'><strong>gnoscens,</strong></span> <span class='ocrx_word' id='word_1_732' title='bbox 2640 4551 2696 4599; x_wconf 92' lang='lat' dir='ltr'><strong>et</strong></span> <span class='ocrx_word' id='word_1_733' title='bbox 2742 4542 2808 4599; x_wconf 90' lang='lat' dir='ltr'><strong>de</strong></span> <span class='ocrx_word' id='word_1_734' title='bbox 2835 4558 2898 4603; x_wconf 86' lang='lat' dir='ltr'><strong>ea</strong></span> <span class='ocrx_word' id='word_1_735' title='bbox 2927 4549 3108 4597; x_wconf 92' lang='lat' dir='ltr'><strong>mente</strong></span> <span class='ocrx_word' id='word_1_736' title='bbox 3165 4539 3373 4610; x_wconf 85' lang='lat' dir='ltr'><strong>integra</strong></span> <span class='ocrx_word' id='word_1_737' title='bbox 3416 4534 3694 4595; x_wconf 81' lang='lat' dir='ltr'><strong>confidens</strong></span> <span class='ocrx_word' id='word_1_738' title='bbox 3715 4574 3733 4601; x_wconf 87' lang='lat'><strong>,</strong></span> <span class='ocrx_word' id='word_1_739' title='bbox 3765 4547 3891 4593; x_wconf 76' lang='lat' dir='ltr'><strong>eum</strong></span> 
     </span>
    </p>
   </div>
   <div class='ocr_carea' id='block_1_104' title="bbox 2300 4629 3893 4709">
    <p class='ocr_par' dir='ltr' id='par_1_104' title="bbox 2300 4629 3893 4709">
     <span class='ocr_line' id='line_1_104' title="bbox 2300 4629 3893 4709; baseline -0.008 -14"><span class='ocrx_word' id='word_1_740' title='bbox 2300 4637 2525 4709; x_wconf 83' lang='lat' dir='ltr'><strong>rogavit,</strong></span> <span class='ocrx_word' id='word_1_741' title='bbox 2548 4644 2610 4693; x_wconf 90' lang='lat' dir='ltr'><strong>ut</strong></span> <span class='ocrx_word' id='word_1_742' title='bbox 2658 4635 2775 4707; x_wconf 87' lang='lat' dir='ltr'><strong>ejus</strong></span> <span class='ocrx_word' id='word_1_743' title='bbox 2808 4636 3058 4707; x_wconf 89' lang='lat' dir='ltr'><strong>precibus</strong></span> <span class='ocrx_word' id='word_1_744' title='bbox 3109 4630 3277 4697; x_wconf 83' lang='lat' dir='ltr'><strong>lilium</strong></span> <span class='ocrx_word' id='word_1_745' title='bbox 3321 4629 3523 4687; x_wconf 81' lang='lat' dir='ltr'><strong>habere</strong></span> <span class='ocrx_word' id='word_1_746' title='bbox 3566 4635 3893 4689; x_wconf 82' lang='lat' dir='ltr'><strong>mereretur.</strong></span> 
     </span>
    </p>
   </div>
   <div class='ocr_carea' id='block_1_105' title="bbox 2298 4719 3893 4802">
    <p class='ocr_par' dir='ltr' id='par_1_105' title="bbox 2298 4719 3893 4802">
     <span class='ocr_line' id='line_1_105' title="bbox 2298 4719 3893 4802; baseline -0.008 -15"><span class='ocrx_word' id='word_1_747' title='bbox 2298 4730 2467 4802; x_wconf 82' lang='lat' dir='ltr'><strong>Negat</strong></span> <span class='ocrx_word' id='word_1_748' title='bbox 2493 4738 2732 4793; x_wconf 84' lang='lat' dir='ltr'><strong>sanctus,</strong></span> <span class='ocrx_word' id='word_1_749' title='bbox 2764 4741 3011 4783; x_wconf 89' lang='lat' dir='ltr'><strong>asserens</strong></span> <span class='ocrx_word' id='word_1_750' title='bbox 3036 4724 3312 4781; x_wconf 84' lang='lat' dir='ltr'><strong>humiliter</strong></span> <span class='ocrx_word' id='word_1_751' title='bbox 3335 4738 3395 4780; x_wconf 89' lang='lat' dir='ltr'><strong>se</strong></span> <span class='ocrx_word' id='word_1_752' title='bbox 3424 4722 3560 4779; x_wconf 89' lang='lat' dir='ltr'><strong>tanti</strong></span> <span class='ocrx_word' id='word_1_753' title='bbox 3582 4719 3761 4776; x_wconf 89' lang='lat' dir='ltr'><strong>meriti</strong></span> <span class='ocrx_word' id='word_1_754' title='bbox 3785 4734 3893 4776; x_wconf 92' lang='lat' dir='ltr'><strong>non</strong></span> 
     </span>
    </p>
   </div>
   <div class='ocr_carea' id='block_1_106' title="bbox 2295 4811 3894 4894">
    <p class='ocr_par' dir='ltr' id='par_1_106' title="bbox 2295 4811 3894 4894">
     <span class='ocr_line' id='line_1_106' title="bbox 2295 4811 3894 4894; baseline -0.009 -15"><span class='ocrx_word' id='word_1_755' title='bbox 2295 4839 2438 4891; x_wconf 84' lang='lat' dir='ltr'><strong>osse,</strong></span> <span class='ocrx_word' id='word_1_756' title='bbox 2480 4830 2540 4877; x_wconf 87' lang='lat' dir='ltr'><strong>ut</strong></span> <span class='ocrx_word' id='word_1_757' title='bbox 2566 4836 2664 4894; x_wconf 78' lang='lat' dir='ltr'><strong>per</strong></span> <span class='ocrx_word' id='word_1_758' title='bbox 2687 4834 2816 4877; x_wconf 85' lang='lat' dir='ltr'><strong>eum</strong></span> <span class='ocrx_word' id='word_1_759' title='bbox 2852 4817 2997 4891; x_wconf 83' lang='lat' dir='ltr'><strong>quod</strong></span> <span class='ocrx_word' id='word_1_760' title='bbox 3038 4816 3259 4889; x_wconf 85' lang='lat' dir='ltr'><strong>petebat</strong></span> <span class='ocrx_word' id='word_1_761' title='bbox 3302 4811 3655 4885; x_wconf 78' lang='lat' dir='ltr'><strong>Nempbidius</strong></span> <span class='ocrx_word' id='word_1_762' title='bbox 3704 4817 3894 4883; x_wconf 88' lang='lat' dir='ltr'><strong>posset</strong></span> 
     </span>
    </p>
   </div>
   <div class='ocr_carea' id='block_1_107' title="bbox 2298 4913 2561 4971">
    <p class='ocr_par' dir='ltr' id='par_1_107' title="bbox 2298 4913 2561 4971">
     <span class='ocr_line' id='line_1_107' title="bbox 2298 4913 2561 4971; baseline -0.011 0"><span class='ocrx_word' id='word_1_763' title='bbox 2298 4913 2561 4971; x_wconf 88' lang='lat' dir='ltr'><strong>obtinere.</strong></span> 
     </span>
    </p>
   </div>
   <div class='ocr_carea' id='block_1_108' title="bbox 2371 4989 3892 5072">
    <p class='ocr_par' dir='ltr' id='par_1_108' title="bbox 2371 4989 3892 5072">
     <span class='ocr_line' id='line_1_108' title="bbox 2371 4989 3892 5072; baseline -0.011 -10"><span class='ocrx_word' id='word_1_764' title='bbox 2371 5002 2522 5063; x_wconf 79' lang='lat' dir='ltr'><strong>Licet</strong></span> <span class='ocrx_word' id='word_1_765' title='bbox 2548 5008 2750 5070; x_wconf 81' lang='lat' dir='ltr'><strong>autem,</strong></span> <span class='ocrx_word' id='word_1_766' title='bbox 2780 5006 2842 5057; x_wconf 76' lang='lat' dir='ltr'><strong>ut</strong></span> <span class='ocrx_word' id='word_1_767' title='bbox 2864 4996 3135 5072; x_wconf 64' lang='lat' dir='ltr'><strong>iustorum</strong></span> <span class='ocrx_word' id='word_1_768' title='bbox 3156 5013 3275 5055; x_wconf 87' lang='lat' dir='ltr'><strong>mos</strong></span> <span class='ocrx_word' id='word_1_769' title='bbox 3317 5003 3422 5069; x_wconf 90' lang='lat' dir='ltr'><strong>est,</strong></span> <span class='ocrx_word' id='word_1_770' title='bbox 3454 5001 3618 5051; x_wconf 71' lang='lat' dir='ltr'><strong>tanta:</strong></span> <span class='ocrx_word' id='word_1_771' title='bbox 3638 4989 3892 5064; x_wconf 89' lang='lat' dir='ltr'><strong>petitioni</strong></span> 
     </span>
    </p>
   </div>
   <div class='ocr_carea' id='block_1_109' title="bbox 2296 5084 3886 5168">
    <p class='ocr_par' dir='ltr' id='par_1_109' title="bbox 2296 5084 3886 5168">
     <span class='ocr_line' id='line_1_109' title="bbox 2296 5084 3886 5168; baseline -0.012 -13"><span class='ocrx_word' id='word_1_772' title='bbox 2296 5113 2358 5155; x_wconf 90' lang='lat' dir='ltr'><strong>se</strong></span> <span class='ocrx_word' id='word_1_773' title='bbox 2394 5097 2574 5155; x_wconf 83' lang='lat' dir='ltr'><strong>favere</strong></span> <span class='ocrx_word' id='word_1_774' title='bbox 2599 5110 2941 5168; x_wconf 89' lang='lat' dir='ltr'><strong>nequaquam</strong></span> <span class='ocrx_word' id='word_1_775' title='bbox 2963 5108 3123 5167; x_wconf 87' lang='lat' dir='ltr'><strong>posse</strong></span> <span class='ocrx_word' id='word_1_776' title='bbox 3144 5089 3461 5166; x_wconf 87' lang='lat' dir='ltr'><strong>simpliciter</strong></span> <span class='ocrx_word' id='word_1_777' title='bbox 3502 5084 3886 5148; x_wconf 84' lang='lat' dir='ltr'><strong>affirmaverit,</strong></span> 
     </span>
    </p>
   </div>
   <div class='ocr_carea' id='block_1_110' title="bbox 2299 5172 3889 5265">
    <p class='ocr_par' dir='ltr' id='par_1_110' title="bbox 2299 5172 3889 5265">
     <span class='ocr_line' id='line_1_110' title="bbox 2299 5172 3889 5265; baseline -0.013 -16"><span class='ocrx_word' id='word_1_778' title='bbox 2299 5198 2421 5265; x_wconf 81' lang='lat' dir='ltr'><strong>post</strong></span> <span class='ocrx_word' id='word_1_779' title='bbox 2467 5189 2703 5253; x_wconf 82' lang='lat' dir='ltr'><strong>triduum</strong></span> <span class='ocrx_word' id='word_1_780' title='bbox 2759 5197 2941 5246; x_wconf 84' lang='lat' dir='ltr'><strong>tamen</strong></span> <span class='ocrx_word' id='word_1_781' title='bbox 2982 5172 3307 5245; x_wconf 76' lang='lat' dir='ltr'><strong>memorato</strong></span> <span class='ocrx_word' id='word_1_782' title='bbox 3356 5177 3675 5249; x_wconf 85' lang='lat' dir='ltr'><strong>Nemphidio</strong></span> <span class='ocrx_word' id='word_1_783' title='bbox 3719 5174 3889 5230; x_wconf 88' lang='lat' dir='ltr'><strong>lilium</strong></span> 
     </span>
    </p>
   </div>
   <div class='ocr_carea' id='block_1_111' title="bbox 2296 5270 3890 5355">
    <p class='ocr_par' dir='ltr' id='par_1_111' title="bbox 2296 5270 3890 5355">
     <span class='ocr_line' id='line_1_111' title="bbox 2296 5270 3890 5355; baseline -0.011 -13"><span class='ocrx_word' id='word_1_784' title='bbox 2296 5294 2449 5344; x_wconf 89' lang='lat' dir='ltr'><strong>certo</strong></span> <span class='ocrx_word' id='word_1_785' title='bbox 2490 5293 2733 5355; x_wconf 87' lang='lat' dir='ltr'><strong>tempore</strong></span> <span class='ocrx_word' id='word_1_786' title='bbox 2798 5279 3133 5339; x_wconf 88' lang='lat' dir='ltr'><strong>nasciturum</strong></span> <span class='ocrx_word' id='word_1_787' title='bbox 3187 5276 3455 5351; x_wconf 69' lang='lat' dir='ltr'><strong>praadixit.</strong></span> <span class='ocrx_word' id='word_1_788' title='bbox 3497 5270 3653 5341; x_wconf 87' lang='lat' dir='ltr'><strong>Quod</strong></span> <span class='ocrx_word' id='word_1_789' title='bbox 3705 5278 3890 5325; x_wconf 86' lang='lat' dir='ltr'><strong>autem</strong></span> 
     </span>
    </p>
   </div>
   <div class='ocr_carea' id='block_1_112' title="bbox 2294 5421 3887 5508">
    <p class='ocr_par' dir='ltr' id='par_1_112' title="bbox 2294 5421 3887 5508">
     <span class='ocr_line' id='line_1_112' title="bbox 2294 5421 3887 5508; baseline -0.014 -9"><span class='ocrx_word' id='word_1_790' title='bbox 2294 5451 2351 5501; x_wconf 88' lang='lat' dir='ltr'><strong>et</strong></span> <span class='ocrx_word' id='word_1_791' title='bbox 2396 5437 2777 5499; x_wconf 80' lang='lat' dir='ltr'><strong>Matisconensi</strong></span> <span class='ocrx_word' id='word_1_792' title='bbox 2820 5439 2898 5508; x_wconf 80' lang='lat' dir='ltr'><strong>1i,</strong></span> <span class='ocrx_word' id='word_1_793' title='bbox 2950 5454 3040 5493; x_wconf 86' lang='lat' dir='ltr'><strong>an.</strong></span> <span class='ocrx_word' id='word_1_794' title='bbox 3086 5431 3209 5490; x_wconf 89' lang='lat'><strong>585.</strong></span> <span class='ocrx_word' id='word_1_795' title='bbox 3255 5429 3424 5487; x_wconf 81' lang='lat' dir='ltr'><strong>Multo</strong></span> <span class='ocrx_word' id='word_1_796' title='bbox 3470 5424 3746 5495; x_wconf 87' lang='lat' dir='ltr'><strong>antiquior</strong></span> <span class='ocrx_word' id='word_1_797' title='bbox 3798 5421 3887 5479; x_wconf 90' lang='lat' dir='ltr'><strong>hic</strong></span> 
     </span>
    </p>
   </div>
   <div class='ocr_carea' id='block_1_113' title="bbox 2292 5509 2678 5571">
    <p class='ocr_par' dir='ltr' id='par_1_113' title="bbox 2292 5509 2678 5571">
     <span class='ocr_line' id='line_1_113' title="bbox 2292 5509 2678 5571; baseline -0.013 -1"><span class='ocrx_word' id='word_1_798' title='bbox 2292 5512 2528 5571; x_wconf 79' lang='lat' dir='ltr'><strong>Joannes</strong></span> <span class='ocrx_word' id='word_1_799' title='bbox 2560 5509 2678 5565; x_wconf 86' lang='lat' dir='ltr'><strong>fuit.</strong></span> 
     </span>
    </p>
   </div>
   <div class='ocr_carea' id='block_1_114' title="bbox 2369 5573 3453 5647">
    <p class='ocr_par' dir='ltr' id='par_1_114' title="bbox 2369 5573 3453 5647">
     <span class='ocr_line' id='line_1_114' title="bbox 2369 5573 3453 5647; baseline -0.012 -7"><span class='ocrx_word' id='word_1_800' title='bbox 2369 5597 2391 5625; x_wconf 79' lang='grc' dir='ltr'><strong>ο</strong></span> <span class='ocrx_word' id='word_1_801' title='bbox 2431 5586 2512 5639; x_wconf 86' lang='lat' dir='ltr'><strong>An</strong></span> <span class='ocrx_word' id='word_1_802' title='bbox 2543 5584 2681 5639; x_wconf 82' lang='lat' dir='ltr'><strong>forte</strong></span> <span class='ocrx_word' id='word_1_803' title='bbox 2705 5581 3011 5637; x_wconf 78' lang='lat' dir='ltr'><strong>Aruernensi</strong></span> <span class='ocrx_word' id='word_1_804' title='bbox 3040 5578 3293 5647; x_wconf 84' lang='lat' dir='ltr'><strong>scriptum</strong></span> <span class='ocrx_word' id='word_1_805' title='bbox 3319 5573 3453 5647; x_wconf 65' lang='lat' dir='ltr'><strong>fuit]</strong></span> 
     </span>
    </p>
   </div>
   <div class='ocr_carea' id='block_1_115' title="bbox 2366 5640 3885 5725">
    <p class='ocr_par' dir='ltr' id='par_1_115' title="bbox 2366 5640 3885 5725">
     <span class='ocr_line' id='line_1_115' title="bbox 2366 5640 3885 5725; baseline -0.013 -13"><span class='ocrx_word' id='word_1_806' title='bbox 2366 5654 2393 5695; x_wconf 73' lang='grc' dir='ltr'>ἆ</span> <span class='ocrx_word' id='word_1_807' title='bbox 2432 5655 2597 5711; x_wconf 86' lang='lat' dir='ltr'><strong>Multa</strong></span> <span class='ocrx_word' id='word_1_808' title='bbox 2628 5656 2741 5725; x_wconf 88' lang='lat' dir='ltr'><strong>ejus</strong></span> <span class='ocrx_word' id='word_1_809' title='bbox 2773 5663 3013 5725; x_wconf 81' lang='lat' dir='ltr'><strong>tempore</strong></span> <span class='ocrx_word' id='word_1_810' title='bbox 3040 5648 3107 5704; x_wconf 88' lang='lat' dir='ltr'><strong>ab</strong></span> <span class='ocrx_word' id='word_1_811' title='bbox 3134 5640 3367 5725; x_wconf 75' lang='lat' dir='ltr'><strong>Herulis,</strong></span> <span class='ocrx_word' id='word_1_812' title='bbox 3397 5641 3603 5725; x_wconf 54' lang='lat' dir='ltr'><strong>Gothis,</strong></span> <span class='ocrx_word' id='word_1_813' title='bbox 3636 5640 3885 5725; x_wconf 59' lang='lat' dir='ltr'><strong>Burgun-</strong></span> 
     </span>
    </p>
   </div>
   <div class='ocr_carea' id='block_1_116' title="bbox 2294 5715 3886 5795">
    <p class='ocr_par' dir='ltr' id='par_1_116' title="bbox 2294 5715 3886 5795">
     <span class='ocr_line' id='line_1_116' title="bbox 2294 5715 3886 5795; baseline -0.013 -9"><span class='ocrx_word' id='word_1_814' title='bbox 2294 5728 2542 5787; x_wconf 88' lang='lat' dir='ltr'><strong>dionibus</strong></span> <span class='ocrx_word' id='word_1_815' title='bbox 2568 5715 2724 5795; x_wconf 68' lang='lat' dir='ltr'><strong>pas&#39;sa</strong></span> <span class='ocrx_word' id='word_1_816' title='bbox 2750 5731 2835 5780; x_wconf 86' lang='lat' dir='ltr'><strong>est</strong></span> <span class='ocrx_word' id='word_1_817' title='bbox 2856 5715 3039 5791; x_wconf 75' lang='lat' dir='ltr'><strong>italia;</strong></span> <span class='ocrx_word' id='word_1_818' title='bbox 3067 5729 3191 5792; x_wconf 83' lang='lat' dir='ltr'><strong>post</strong></span> <span class='ocrx_word' id='word_1_819' title='bbox 3217 5715 3378 5775; x_wconf 77' lang='lat' dir='ltr'><strong>etiam</strong></span> <span class='ocrx_word' id='word_1_820' title='bbox 3405 5729 3439 5772; x_wconf 69' lang='grc' dir='ltr'>ι</span> <span class='ocrx_word' id='word_1_821' title='bbox 3468 5715 3707 5782; x_wconf 72' lang='lat' dir='ltr'><strong>Francis,</strong></span> <span class='ocrx_word' id='word_1_822' title='bbox 3741 5715 3886 5768; x_wconf 71' lang='lat' dir='ltr'><strong>Gm-</strong></span> 
     </span>
    </p>
   </div>
   <div class='ocr_carea' id='block_1_117' title="bbox 2294 5795 3859 5870">
    <p class='ocr_par' dir='ltr' id='par_1_117' title="bbox 2294 5795 3859 5870">
     <span class='ocr_line' id='line_1_117' title="bbox 2294 5795 3859 5870; baseline -0.008 -11"><span class='ocrx_word' id='word_1_823' title='bbox 2294 5800 2391 5870; x_wconf 84' lang='lat' dir='ltr'><strong>cis,</strong></span> <span class='ocrx_word' id='word_1_824' title='bbox 2424 5795 2809 5869; x_wconf 72' lang='lat' dir='ltr'><strong>Lougobardis.</strong></span> <span class='ocrx_word' id='word_1_825' title='bbox 3441 5849 3450 5857; x_wconf 70' lang='grc'>,</span> <span class='ocrx_word' id='word_1_826' title='bbox 3848 5795 3859 5859; x_wconf 70' lang='grc' dir='ltr'>ζ</span> 
     </span>
    </p>
   </div>
  </div>
