4118 6332
270 317 344 386 39
722 278 723 281 γ
858 282 872 288 ’
1552 312 1712 369 VITA
1748 309 1997 373 SANCTI
2032 308 2277 366 MAR“.
2440 282 2443 283 ί
3174 336 3181 341 η
3464 308 3542 373 so

270 434 504 493 Sanctus
528 436 582 491 in
602 436 709 491 hoc
738 448 902 497 verus
948 431 1214 503 prepbeta
1243 429 1421 495 fuerit,
1448 427 1685 487 Evodius
1724 443 1852 499 pro-
1878 430 1933 497 Α
1955 424 2057 492 vit,
2083 434 2139 480 et
2159 425 2435 495 cognitum
2473 424 2728 489 fratribus
2755 440 2881 485 cum
2923 424 3177 496 lacrymis
3222 425 3538 496 publicavit.

271 529 438 585 misso
460 536 703 598 tempore
730 524 1044 595 Nemphidio
1063 532 1223 577 natus
1250 521 1501 579 ostendit.

347 622 399 675 7.
438 619 577 674 Illud
639 619 803 674 etiam
854 616 1073 686 dignum
1127 612 1378 671 duximus
1441 608 1856 676 annectendum,

271 713 419 784 quod
447 721 736 780 antequam
763 711 830 765 de
858 710 1077 765 civitate
1104 708 1193 763 illa
1222 706 1589 777 egrederetur,
1608 720 1715 759 non
1742 703 1859 761 sine

268 821 501 869 suorum
530 805 785 859 mmstitia
825 802 1052 858 multum
1093 801 1320 871 emperit
1363 796 1638 854 infirmari.
1686 796 1858 855 Nocte

267 898 436 971 igitur
460 897 761 967 insequenti
792 896 1034 951 membra
1080 895 1341 964 languore
1393 893 1509 949 fere
1533 900 1856 963 praemortua

266 991 415 1050 lecto
441 990 749 1047 collocavit.
781 988 887 1044 Sed
916 989 971 1043 in
996 988 1115 1058 ipso
1136 987 1309 1045 uectis
1340 986 1515 1055 spatio
1532 1025 1548 1049 ,
1575 985 1654 1041 sic
1677 983 1857 1041 divina

268 1083 326 1143 ei
352 1083 606 1138 subvenit
643 1081 935 1138 clementia
956 1123 970 1146 ,
994 1088 1051 1135 ut
1073 1095 1283 1139 summo
1312 1093 1469 1132 mane
1492 1077 1647 1133 hctus
1677 1084 1732 1133 et
1776 1076 1857 1131 in-

262 1176 503 1235 columis
528 1183 791 1245 surgeret,
824 1181 881 1229 et
907 1174 1085 1229 socios
1115 1172 1183 1227 ad
1208 1171 1311 1227 iter
1323 1171 1586 1239 agendum
1609 1170 1857 1225 hortare-

270 1276 376 1327 tor.
411 1267 547 1322 Cum
575 1278 756 1322 autem
786 1281 975 1322 omnes
994 1266 1086 1335 qui
1126 1266 1355 1320 aderant
1400 1264 1469 1320 de
1517 1263 1635 1331 ejus
1680 1263 1858 1319 subita

268 1358 581 1415 valetudine
611 1359 963 1423 miraremur,
990 1358 1100 1411 ait:
1125 1360 1355 1413 Sanetus
1382 1356 1665 1424 Dionysius
1694 1356 1745 1409 in
1767 1354 1858 1413 illa

268 1458 430 1513 nocte
455 1449 521 1504 ad
550 1466 636 1505 me
658 1450 824 1515 venit,
866 1463 955 1507 me
1002 1449 1214 1519 tetigit,
1259 1456 1316 1503 et
1359 1447 1441 1504 sui
1460 1446 1858 1519 praesentiam

264 1540 507 1614 pristinae
526 1541 743 1596 sanitati
766 1540 1021 1596 restituit.

337 1630 394 1687 8.
427 1629 561 1685 Cum
589 1630 788 1700 itaque,
810 1638 868 1684 ut
889 1630 1143 1698 diximus,
1165 1628 1336 1685 factus
1358 1628 1639 1686 incolumis
1661 1628 1726 1684 ad
1743 1644 1859 1684 mo-

267 1721 562 1783 nasterium
592 1720 811 1785 rediret,
842 1721 1062 1792 quidam
1115 1721 1497 1791 paterfamilias
1521 1735 1647 1775 eum
1672 1735 1858 1777 susce-

267 1811 345 1893 pit
372 1812 627 1880 hospitio.
651 1811 916 1881 Tempore
945 1821 1253 1884 opportuno
1283 1812 1364 1867 vir
1398 1811 1493 1867 Dei
1520 1811 1587 1865 ad
1617 1826 1857 1869 mensam

266 1902 518 1968 accessit,
550 1902 712 1969 sedit,
741 1903 1071 1973 allatumque
1097 1919 1295 1973 panem
1323 1918 1475 1959 more
1514 1902 1674 1959 solito
1696 1902 1861 1959 bene-

268 1993 423 2053 dixit.
449 1992 583 2048 Cum
616 2001 798 2048 autem
828 1992 1048 2063 quidam
1068 1993 1419 2050 assidentium
1441 1993 1511 2049 de
1532 2008 1672 2064 pane
1696 1994 1861 2049 bene-

268 2082 432 2151 dicto,
465 2087 605 2151 cani,
638 2101 800 2155 quem
827 2086 1062 2152 amabat,
1090 2086 1377 2157 jactasset,
1419 2086 1601 2141 statim
1630 2093 1691 2139 ut
1714 2085 1862 2141 canis

265 2190 462 2251 panem
495 2196 656 2250 quem
681 2191 968 2252 acceperat
996 2183 1145 2240 visus
1168 2193 1252 2241 est
1290 2185 1344 2239 in
1364 2170 1562 2253 Corpus
1591 2182 1860 2252 trajicere,

265 2267 433 2324 vitam
465 2271 662 2325 amisit.
697 2270 977 2341 indignum
1007 2274 1207 2345 quippe
1262 2281 1401 2341 erat,
1432 2283 1491 2329 ut
1544 2276 1694 2329 canis
1723 2288 1862 2343 pane

265 2356 359 2417 illo
373 2372 684 2419 vesceretur
697 2380 858 2435 quem
880 2364 1075 2423 dextra
1091 2367 1388 2423 sacerdotis
1406 2366 1859 2424 sanctificaverat.

338 2476 392 2532 9.
433 2479 555 2535 Alio
580 2495 797 2549 quoque
824 2489 1068 2551 tempore
1120 2482 1247 2537 dum
1293 2482 1363 2535 ad
1391 2481 1653 2551 quosdam
1689 2481 1864 2536 eccle-

266 2569 363 2639 εἰπε
394 2570 531 2628 filios
579 2573 876 2629 visitandos
912 2574 1222 2643 accederet,
1250 2574 1419 2640 canis,
1477 2588 1597 2643 qua:
1653 2573 1863 2628 catulos

268 2662 544 2730 habebat,
603 2666 785 2721 subito
840 2668 1105 2736 exiliens,
1161 2667 1454 2737 capsellam
1509 2667 1627 2737 ejus
1684 2666 1859 2723 scidit.

266 2754 408 2812 Dum
443 2773 573 2812 vero
599 2756 696 2812 Dei
717 2757 949 2814 famulus
968 2776 1068 2829 pro
1095 2760 1197 2815 hac
1236 2775 1297 2814 re
1334 2761 1541 2815 vultum
1576 2774 1865 2831 parumper

266 2846 604 2917 inclinasset,
637 2850 745 2905 duo
773 2850 885 2920 lupi
916 2851 1034 2920 ejus
1062 2850 1271 2919 injuritc
1300 2850 1501 2907 ultores
1557 2868 1743 2907 canem
1783 2853 1864 2922 ip,

266 2949 387 3009 tam
414 2949 727 3009 rapuerunt,
757 2948 811 2994 et
828 2949 1036 3011 raptam
1056 2944 1168 2997 suis
1187 2944 1428 3012 pastibus
1453 2943 1782 2998 destinantes
1798 2943 1865 2998 ad

267 3028 459 3087 silvam
485 3039 623 3087 teste
653 3033 853 3103 populo
875 3034 1263 3103 perduxerunt.
1291 3035 1349 3090 Si
1374 3037 1494 3105 quis
1544 3046 1725 3091 autem
1754 3053 1863 3092 non

270 3124 446 3185 credit
463 3126 612 3193 quod
638 3126 927 3195 aliquando
946 3127 1221 3183 silvestres
1248 3128 1435 3184 bestiae
1464 3129 1743 3184 ferocitate
1772 3129 1866 3183 de-

270 3219 454 3289 posita
476 3189 745 3286 iustorum
770 3220 1091 3276 utilitatibus
1133 3230 1400 3276 noverunt
1441 3220 1706 3285 famulari,
1767 3236 1866 3275 au-
1891 3189 1936 3250 Ο

271 3309 387 3371 diat
410 3322 433 3351 ⁸
464 3313 629 3368 Paulo
655 3315 830 3384 primo
845 3316 1083 3370 eremitac
1100 3314 1284 3371 leones
1296 3312 1627 3385 sepulturam
1653 3312 1861 3380 fecisse,

272 3411 334 3462 et
367 3415 569 3463 sancta:
594 3405 621 3443 ιι
653 3407 833 3462 Mariae
863 3408 1193 3480 Aigyptiaca:
1214 3427 1229 3477 ;
1254 3410 1460 3479 audiat,
1493 3418 1550 3465 et
1594 3410 1650 3465 in
1689 3409 1865 3466 omni.

275 3496 380 3556 bus
402 3500 585 3557 laudet
611 3500 917 3569 Dominum,
944 3504 1172 3559 miretur
1202 3512 1257 3559 et
1278 3504 1481 3559 credat.

273 3612 277 3621 ·
346 3595 434 3650 f0.
469 3596 627 3653 Aliud
655 3600 816 3655 etiam
838 3601 1160 3670 supradictis
1195 3602 1549 3671 adjiciendum
1579 3618 1697 3659 esse
1734 3617 1864 3659 cen-

277 3687 521 3745 suimus:
552 3692 699 3759 quod
727 3694 977 3761 quotiens
1004 3710 1192 3750 servus
1215 3695 1307 3751 Dei
1336 3697 1383 3750 in
1406 3712 1532 3751 aura
1563 3697 1743 3762 dubia,
1775 3703 1868 3751 aut

279 3790 521 3849 segetum
540 3784 720 3853 spicas
741 3785 1069 3841 triturandas
1094 3788 1307 3856 stravit,
1332 3798 1426 3844 aut
1458 3790 1510 3843 in
1529 3789 1868 3860 quolibetiti-

278 3882 413 3931 aere
463 3873 532 3926 ad
556 3889 800 3930 mensam
842 3876 944 3931 sub
995 3886 1183 3947 aperto
1206 3894 1331 3935 aere
1378 3880 1539 3947 sedit,
1590 3895 1865 3951 nunquam

276 3957 431 4019 illum
485 3962 788 4033 pluviarum
840 3967 1125 4025 inundatio
1192 3973 1501 4028 molestavit
1531 4016 1545 4041 ,
1596 3987 1867 4042 nunquam

276 4048 576 4124 inlpedivit.
600 4056 692 4113 Sic
720 4074 953 4131 namque
975 4062 1115 4117 Deus
1138 4064 1442 4120 nimborum
1482 4066 1717 4135 impetus
1759 4065 1871 4121 ubi-

276 4155 509 4215 annique
536 4156 758 4205 ruentes
779 4152 990 4207 meritis
1010 4161 1067 4209 ct
1095 4154 1292 4210 virtute
1332 4157 1508 4211 sancti
1545 4156 1869 4212 confessoris

276 4237 606 4308 refrenavit;
629 4251 690 4297 ut
708 4259 832 4298 cum
853 4244 986 4300 alios
1015 4255 1207 4302 euntes
1228 4257 1281 4304 et
1304 4249 1597 4305 redeuntes
1615 4291 1630 4316 ,
1661 4265 1871 4306 eorum-

279 4340 387 4399 que
407 4331 621 4389 labores
641 4335 752 4390 suis
774 4336 1211 4394 inundationibus
1253 4340 1621 4397 indifferenter
1648 4341 1872 4399 humec-

280 4423 483 4487 tarent,
516 4423 688 4483 virum
719 4425 813 4481 Dei
837 4426 1062 4496 ejusque
1086 4428 1266 4485 socios
1296 4432 1507 4499 iliccsos,
1540 4441 1595 4488 et
1623 4432 1868 4502 ejusdem

283 4524 437 4567 areas
466 4515 694 4575 intactas
715 4520 1120 4586 pertransircnt.
1151 4520 1263 4577 Nec
1306 4524 1500 4578 tnirum
1550 4525 1596 4580 si
1650 4526 1870 4580 nubium

1958 514 2191 584 Quidam
2217 527 2396 572 autem
2424 532 2493 577 ex
2535 517 2621 577 his
2648 517 2740 587 qui
2773 516 3030 581 aderant,
3079 517 3314 588 probare
3358 516 3545 577 volens

1958 617 2139 669 utrum
2169 610 2269 665 viri
2297 610 2392 666 Dei
2418 611 2555 670 visio
2580 610 2806 667 veritate
2833 610 3116 677 niteretur,
3170 611 3316 665 misit
3361 609 3428 665 ad
3464 611 3545 673 lo-

1958 717 2103 769 cum,
2135 703 2186 757 in
2216 718 2322 771 quo
2349 702 2460 771 jam
2487 703 2661 758 dictus
2690 702 2930 758 Donatus
2956 702 3066 761 Deo
3106 704 3462 769 militaverat;
3493 712 3548 765 et

1956 792 2119 862 legati
2149 793 2557 861 assertionibus,
2587 803 2646 849 ut
2665 794 2745 849 vir
2773 794 2867 848 Dei
2892 794 3212 864 praedixerat
3235 834 3251 859 ,
3305 793 3379 849 ita
3429 806 3549 848 esse

1956 883 2181 941 invenit.
2215 882 2342 939 llazc
2370 898 2492 954 quas
2530 884 2774 950 audistis,
2797 883 2987 938 fratres
3017 883 3333 949 charissimi,
3362 898 3430 938 ex
3451 882 3551 938 mi-

1954 973 2156 1032 raculis
2183 988 2326 1042 saepe
2358 972 2621 1029 nominati
2650 971 2975 1031 confessoris
2995 975 3364 1043 excerpsimus
3388 1012 3402 1038 ,
3434 974 3552 1043 plu-

1958 1065 2093 1119 rima
2108 1064 2598 1135 pnntcrmittentes,
2618 1080 2684 1120 ne
2700 1080 3007 1121 sermonum
3028 1064 3309 1137 prolixitas
3330 1064 3552 1121 audien-

1957 1156 2101 1211 tibus
2130 1155 2402 1211 fastidium
2429 1164 2735 1225 generaret.
2765 1153 3055 1211 Tantarum
3083 1158 3265 1226 itaque
3291 1156 3552 1219 virtutum

1956 1246 2127 1317 gloria
2157 1245 2739 1311 redimitus,tantorum
2767 1247 3142 1305 miraculorem
3167 1249 3323 1317 longe
3336 1247 3551 1316 lateque

1958 1355 2281 1405 coruscans,
2308 1355 2359 1393 v1
2412 1337 2682 1397 Kalendas
2734 1339 3041 1405 Februarii,
3074 1341 3178 1397 hoc
3221 1349 3333 1406 est,
3360 1340 3551 1406 hodie,

1958 1430 2249 1506 pratdictus
2278 1430 2555 1487 confessor
2587 1431 2797 1487 Domini
2823 1431 3022 1487 Marius
3049 1432 3204 1489 Felix
3230 1432 3297 1488 de
3325 1445 3556 1501 corpore

1959 1524 2207 1592 migravit
2231 1522 2297 1577 ad
2325 1522 2616 1589 Christum,
2639 1525 2725 1581 cui
2754 1541 2873 1582 cum
2888 1524 3047 1581 Patre
3075 1525 3342 1597 etSpiritu
3364 1530 3554 1583 sancto

1960 1626 2186 1685 regnum
2206 1622 2263 1673 et
2289 1614 2572 1687 imperium
2596 1616 2649 1671 in
2671 1616 2864 1672 smcula
2894 1616 3232 1674 seculorum.
3262 1615 3454 1677 Amen.

2572 1725 2802 1782 CAPUT
2845 1726 2933 1781 fil.

2425 1836 2688 1893 Miracula
2711 1847 2827 1909 post
2858 1849 3092 1895 mortem.

2035 1950 2219 2007 Lectio
2246 1949 2419 2006 sancti
2446 1948 2721 2020 Evangelii
2750 1952 3045 2008 secundum
3076 1951 3411 2009 Matthaeum.

2035 2043 2121 2096 l2.
2161 2041 2221 2096 In
2244 2041 2334 2097 illo
2363 2042 2749 2111 temporedixit
2771 2041 2925 2099 Jesus
2952 2043 3230 2115 discipulis
3256 2046 3369 2099 suis
3395 2058 3578 2117 para-'

1961 2124 2143 2182 bolam
2172 2128 2338 2185 hanc:
2364 2131 2538 2187 llomo
2567 2133 2783 2202 quidam
2816 2148 3042 2203 peregre
3070 2132 3438 2205 proficiscens,
3461 2149 3558 2190 vo-

1964 2219 2107 2273 cavit
2123 2234 2308 2275 servos
2332 2238 2478 2289 suos,
2512 2231 2567 2278 et
2588 2222 2805 2278 tradidit
2833 2223 2937 2280 illis
2966 2224 3107 2281 bona
3140 2240 3273 2292 sua;
3323 2232 3379 2280 et
3425 2224 3556 2279 reli-

1963 2324 2092 2381 qua.
2141 2309 2374 2367 llomilia
2400 2315 2571 2369 sancti
2603 2315 2847 2385 Gregorii
2873 2332 3053 2387 papas:
3078 2316 3253 2371 Homo
3284 2318 3412 2386 iste,
3447 2315 3557 2372 fra-

1963 2410 2076 2459 tres
2106 2403 2431 2473 cbarissimi,
2458 2406 2551 2476 qui
2573 2422 2797 2478 peregre
2824 2408 3201 2479 proficiscitur,
3230 2405 3562 2477 Redemptor

1963 2504 2150 2552 noster
2178 2507 2278 2564 est,
2309 2500 2401 2568 qui
2433 2500 2500 2555 de
2527 2500 2731 2556 mundo
2758 2500 2823 2556 ad
2846 2499 3058 2556 Patrem
3090 2500 3357 2556 transiens
3392 2498 3564 2555 fideli-

1963 2588 2065 2645 bus
2089 2591 2263 2646 servis
2291 2592 2530 2661 quinque
2578 2592 2799 2659 talenta,
2842 2593 2894 2647 id
2922 2600 3004 2648 est
3026 2634 3042 2659 ,
3075 2592 3219 2651 bona
3261 2592 3561 2665 spiritualia

1963 2680 2205 2735 tradidit.
2238 2679 2374 2747 Quia
2397 2697 2523 2737 vero
2554 2691 2771 2737 sanctus
2796 2681 2998 2737 Marius
3030 2682 3202 2739 fidelis
3242 2698 3432 2737 servus
3461 2697 3560 2737 ex-

1964 2771 2123 2840 stitit,
2149 2788 2271 2827 cum
2304 2772 2548 2829 fidelibus
2577 2773 2643 2828 ab
2675 2774 2791 2844 ipso
2823 2772 3187 2844 Redemptorc
3205 2779 3563 2830 memoratum

1965 2866 2180 2939 pondus
2226 2866 2466 2923 creditur
2494 2868 2789 2937 accepisse.
2844 2865 2974 2922 lude
3004 2875 3113 2935 est,
3174 2866 3317 2936 quod
3344 2866 3411 2920 de
3440 2879 3567 2920 cor-

1966 2973 2103 3029 pore
2128 2958 2365 3027 migrans
2392 2959 2459 3012 ad
2486 2957 2651 3028 pedes
2676 2957 2918 3027 ejusdem
2960 2956 3343 3028 Redemptoris
3397 2954 3561 3028 spiri-

1968 3051 2141 3106 tualcs
2170 3067 2361 3107 usuras
2410 3051 2674 3120 exigentis
2704 3052 2966 3118 accessit,
3007 3052 3273 3106 rationem
3318 3050 3384 3105 de
3415 3062 3565 3104 com-

1969 3145 2144 3199 missis
2173 3153 2227 3199 et
2254 3144 2368 3215 ipse
2392 3144 2721 3209 redditurus,
2765 3153 2819 3199 et
2847 3144 3098 3215 quoniam
3138 3160 3301 3216 super
3325 3143 3565 3216 quinque

1971 3233 2170 3287 talenta
2200 3235 2437 3290 lucratus
2464 3234 2563 3289 fuit
2612 3236 2715 3289 alia
2757 3238 2994 3306 quinque
3023 3278 3036 3303 ,
3092 3236 3279 3291 audire
3333 3235 3563 3290 meruit:

1968 3320 2134 3392 Euge,
2166 3322 2308 3378 bone
2330 3340 2484 3379 serve
2509 3332 2562 3378 ct
2592 3324 2782 3393 fidelis,
2801 3326 2926 3395 quia
2950 3342 3113 3396 super
3128 3341 3300 3397 pauca
3323 3325 3471 3382 fuisti
3502 3323 3565 3376 fl-

1970 3418 2139 3483 delis,
2172 3419 2309 3473 intra
2350 3418 2403 3473 in
2434 3419 2685 3487 gaudium
2716 3419 2931 3475 Domini
2957 3420 3050 3475 tui.

2040 3510 2129 3565 f3.
2171 3509 2301 3566 Post
2329 3511 2479 3579 cujus
2510 3510 2717 3567 felicem
2750 3512 3069 3582 transitum,
3128 3527 3248 3568 cum
3298 3524 3565 3571 annorum
3616 3532 3627 3541 ί

1968 3606 2136 3662 lustra
2166 3606 2396 3676 plurima
2449 3604 2766 3677 fluxisscnt,
2813 3617 2866 3662 et
2900 3605 3254 3677 quarumdam
3304 3621 3569 3664 smvarum

1969 3701 2213 3769 gentium
2263 3697 2601 3769 crudelitate,
2650 3708 2763 3755 tota
2808 3700 2978 3755 Gallia
3028 3700 3138 3756 suis
3175 3698 3570 3757 habitatoribus

1968 3791 2079 3847 fere
2101 3791 2350 3847 destituta
2381 3793 2693 3862 haberetur,
2726 3802 2781 3848 et
2806 3791 3005 3848 Christi
3035 3793 3364 3848 monasteria
3410 3792 3558 3848 luctu

1969 3894 2235 3958 perpetuo
2264 3885 2442 3942 flenda
2470 3887 2522 3941 in
2549 3902 2792 3943 eremum
2822 3903 2977 3944 versa
3001 3887 3249 3953 fuissent,
3282 3901 3312 3941 a
3342 3886 3565 3955 quibus-

1972 3976 2098 4033 dam
2128 3976 2275 4041 viris,
2301 3992 2497 4047 corpus
2524 3978 2733 4048 pnnfati
2764 3978 2865 4033 viri
2913 3978 3007 4033 Dei
3036 3980 3104 4034 ab
3126 3979 3355 4035 ecclesia
3386 3978 3567 4037 Boda«

1970 4070 2125 4126 nensi
2170 4070 2463 4140 sublatum,
2519 4070 2718 4127 adhoc
2766 4071 3021 4143 oppidum
3054 4067 3080 4108 ά
3109 4069 3565 4139 Forcalcariense,

1971 4160 2084 4219 Deo
2112 4162 2452 4232 disponente,
2482 4161 2720 4217 delatum
2752 4171 2855 4218 est.

2042 4251 2361 4324 Requiescit
2388 4261 2569 4308 autem
2599 4253 2652 4307 in
2676 4254 2906 4309 ecclesia
2944 4252 3047 4308 sibi
3093 4250 3473 4309 famulantibus
3500 4264 3571 4309 ex

1972 4345 2163 4401 eadem
2194 4355 2507 4416 perpetuam
2538 4348 2782 4415 requiem
2808 4346 3127 4419 largiturus:
3163 4346 3213 4399 in
3260 4359 3366 4414 qua
3392 4342 3570 4398 eccle-

1972 4437 2051 4492 sia
2078 4438 2231 4492 multi
2252 4439 2418 4492 multa
2442 4439 2703 4494 miracula
2751 4454 2847 4509 per
2875 4455 2998 4493 cum
3047 4436 3329 4492 Dominum
3376 4433 3571 4493 fecisse

1974 4532 2302 4584 asseverant.
2336 4527 2411 4585 Ex
2439 4531 2631 4600 quibus
2658 4529 2724 4584 ad
2748 4530 2878 4584 tanti
2901 4526 3224 4584 confessoris
3251 4527 3568 4583 memoriam

282 4600 605 4659 infusionem
635 4607 819 4679 fugare
849 4610 1023 4679 potuit
1045 4651 1059 4676 ,
1118 4612 1210 4679 qui
1240 4612 1491 4669 vitiorum
1527 4616 1875 4671 tenebrosam
1897 4591 1953 4650 D
1977 4591 2471 4676 commendandam
2506 4636 2673 4692 pauca
2729 4621 3124 4691 excerpsimus,
3175 4634 3297 4689 qua:
3332 4617 3567 4674 veridica

282 4695 565 4763 caliginem
622 4713 652 4751 a
696 4700 869 4769 primo
924 4699 1057 4757 flore
1098 4702 1394 4771 juventutis
1434 4707 1489 4761 in
1536 4722 1597 4763 se
1667 4709 1872 4766 studuit

282 4798 563 4842 enervare.
593 4786 775 4844 Tantm
800 4792 1060 4861 siquidem
1088 4795 1298 4851 virtutis
1326 4806 1381 4853 et
1402 4798 1704 4856 sanctitatis
1733 4808 1867 4866 erat,

282 4887 343 4933 ut
393 4896 495 4950 per
521 4895 644 4936 cum
675 4883 933 4941 Dominus
962 4888 1119 4942 czccis
1148 4889 1323 4945 visum
1370 4890 1650 4960 redderet,
1695 4894 1871 4950 surdis

284 4972 523 5027 auditum
554 4983 895 5045 restanraret,
928 4978 1166 5037 infirmos
1188 4983 1426 5054 pristinae
1461 4988 1677 5043 sanitati
1700 4988 1870 5045 refor-

283 5076 478 5122 marct.
511 5066 808 5135 Quamdam
837 5073 997 5153 etiam
1026 5077 1242 5147 maligni
1279 5079 1498 5149 spiritus
1528 5080 1870 5139 infestatione

286 5161 574 5229 captivam,
605 5179 702 5234 per
725 5180 849 5221 eum
879 5175 1123 5223 orantem
1153 5168 1414 5226 Dominus
1443 5173 1709 5231 liberavit.

358 5250 445 5306 fl.
499 5253 636 5310 Illud
688 5267 869 5313 autem
940 5262 1289 5317 memorabile
1333 5266 1602 5334 przcdictis
1648 5274 1733 5323 est
1780 5268 1865 5325 in-

287 5341 599 5415 ferendum,
666 5349 810 5418 quod
882 5351 1159 5421 cujusdam
1216 5367 1238 5395 ο
1295 5355 1487 5412 Donati
1561 5361 1701 5419 servi
1769 5360 1865 5418 Dei

291 5440 597 5509 transitum,
646 5443 839 5500 absens
879 5461 1135 5518 corpore,
1168 5465 1403 5520 praesens
1427 5453 1635 5522 spiritu,
1666 5469 1865 5525 cogno-

302 5636 319 5665 τ
364 5580 389 5608 ⁸
422 5572 605 5635 Saneti
637 5573 786 5631 Pauli
817 5577 998 5634 Vitam
1029 5580 1273 5639 dedimus
1303 5584 1371 5640 i0
1393 5585 1614 5645 Januar.

358 5641 387 5682 ιι
421 5642 631 5682 ςπηωστι
689 5645 865 5682 “who
931 5646 1248 5682 Μηνηιςηηηι
1303 5656 1474 5682 vnn-..
1537 5659 1614 5682 ,ιηι

294 5642 632 5786 Ᾱξΐὶῗειηριω
684 5645 865 5704 Maria:
918 5646 1249 5725 Egyptiath
1303 5642 1479 5712 Vitam
1532 5659 1775 5719 dabimus
1834 5663 1871 5719 2

368 5785 636 5881 :‘golitur
660 5800 900 5881 sanctus
936 5795 1285 5881 Donatusni9
1312 5798 1581 5881 Aug._ub_i
1612 5804 1732 5881 Adn
1762 5807 1869 5881 hoc

296 5858 638 5938 [satianter
658 5874 872 5927 narrat:
901 5884 1132 5941 cumque
1158 5871 1275 5929 dies
1299 5858 1597 5933 vocationis
1624 5876 1741 5936 eius
1758 5858 1870 5936 ius;

1976 4710 2195 4767 testium
2214 4711 2523 4769 assertione
2552 4711 2855 4768 didicimus.

2048 4802 2134 4855 Μ.
2176 4802 2419 4868 Quodam
2449 4812 2630 4859 autem
2655 4816 2900 4875 tempore
2923 4804 3141 4874 quidam
3183 4803 3443 4877 puerulus
3464 4804 3567 4861 last

1974 4892 2143 4949 civius
2164 4893 2306 4951 ultra
2328 4895 2547 4951 modum
2594 4897 2695 4952 sub
2732 4895 3069 4967 sarcophago
3108 4897 3349 4968 praedicti
3400 4895 3567 4968 patris

1974 4985 2115 5043 ludis
2167 4986 2408 5060 profanis
2451 5006 2516 5047 ac
2568 4990 2792 5049 saltibus
2845 4990 3144 5048 insistebat.
3204 4990 3337 5047 Cum
3389 5000 3568 5047 autem

1971 5078 2151 5137 fronte
2178 5080 2543 5151 inverecunda
2589 5084 2865 5153 prtcdixtls
2911 5084 3226 5151 insisteret,
3259 5084 3438 5139 divina
3486 5081 3570 5137 ul-

1973 5172 2123 5229 tione
2150 5189 2437 5244 percussus
2465 5174 2689 5232 cecidit:
2720 5176 2901 5231 statim
2923 5177 3088 5248 carpit
3112 5176 3364 5231 membris
3386 5172 3565 5241 defici,

1973 5266 2114 5321 etin
2165 5267 2403 5338 quinque
2456 5269 2705 5326 sensibus
2751 5271 2996 5341 corporis
3038 5268 3343 5325 debilitari:
3394 5266 3567 5321 crevit

1970 5374 2152 5432 paena,
2182 5363 2353 5418 crevit
2377 5371 2432 5420 et
2457 5364 2812 5435 supplicium:
2834 5375 2890 5422 et
2916 5374 2974 5421 ut
2994 5366 3061 5421 ab
3088 5367 3204 5435 ipso
3234 5362 3355 5417 loco
3380 5361 3565 5417 mani-

1971 5452 2074 5509 bus
2102 5454 2328 5511 aliorum
2377 5466 2711 5514 sustentatus
2736 5460 2979 5527 recessit,
3006 5471 3128 5512 cum
3157 5468 3317 5525 poena
3346 5462 3402 5510 et
3426 5469 3566 5526 sup-

1976 5608 2138 5663 taret,
2164 5599 2482 5657 adveniente
2511 5610 2699 5657 sancto
2717 5602 2906 5656 abbate
2935 5598 3122 5664 Mario,
3154 5600 3240 5656 cui
3291 5600 3363 5656 ita
3390 5600 3569 5657 fuerat

1974 5674 2294 5738 revelatum,
2331 5673 2469 5727 inter
2496 5675 2659 5727 verba
2688 5669 2948 5727 orationis
2977 5671 3226 5739 migravit
3278 5673 3348 5727 ad
3387 5668 3573 5725 Chris-

1975 5744 2604 5815 lllnl,‘St'pUilu5deACSI
2635 5745 2701 5798 ab
2745 5741 2933 5815 eodem
2961 5752 3116 5815 patre
3145 5745 3196 5799 in
3224 5745 3345 5801 loco
3373 5756 3495 5815 suo.

2046 5815 2071 5850 ἀ
2103 5813 2279 5939 §itlnm
2304 5824 2386 5873 est
2403 5812 2461 5868 ’F
2465 5813 2787 5887 olcaucquier
2828 5813 2981 5874 inter
3025 5812 3343 5873 Sistaricttm
3382 5812 3575 5898 “Ara

2046 5903 2084 5939 νη
2142 5901 2173 5937 u
2197 5901 2327 5939 tam.

1979 5894 2084 5939 tam
2103 5887 2327 5941 Iuliam.
3546 5893 3553 5898 “
