4118 6332
532 264 618 327 si
1860 266 2143 335 DYNAMII
2181 264 2496 333 PATRlle.
3742 246 3818 308 ³³

544 384 714 458 νρὶὶοἰο
740 381 986 452 spiritum
1011 374 1303 438 exhalavit.
1331 378 1389 433 in
1416 392 1526 448 quo
1548 372 1709 430 datur
1744 372 1968 442 intelligi
1993 389 2137 444 quo-
2157 375 2207 436 Δ
2229 371 2507 427 debilitata
2527 413 2544 441 ,
2572 376 2575 377 '
2604 364 3039 442 puella"cecidit.
3092 370 3231 440 Quid
3260 369 3454 441 plura?
3479 369 3610 437 Qute
3655 366 3817 440 paulo

558 477 702 532 niam
735 474 877 529 Deus
901 472 1162 527 ultionum
1191 472 1331 526 Deus
1356 476 1472 524 est:
1496 475 1551 522 et
1580 465 1705 521 licet
1742 464 1987 519 videatur
2014 478 2134 520 esse

557 577 818 635 remotus,
848 580 1084 636 praesens
1114 573 1291 619 tamen
1312 568 1623 619 sanctorum
1671 556 1894 627 injurias
1922 555 2134 614 assidue

555 661 791 717 creditur
807 659 1068 726 judicare.

629 751 716 803 l5.
756 748 888 804 Illud
937 749 1339 821 praetermittere
1393 746 1555 801 etiam
1599 756 1934 813 nequaquam
1971 740 2137 795 debe-

556 860 697 911 mus,
729 844 869 914 quod
898 842 1123 910 quadam
1168 842 1283 895 vice
1308 840 1528 910 quidam
1556 838 1639 893 vir
1666 837 1949 905 religiosus
1992 833 2135 902 ejus-

558 935 681 991 dem
729 934 825 988 viri
868 934 957 987 Dei
1010 933 1246 986 basilica'
1291 940 1508 997 custos,
1549 946 1669 985 cum
1713 930 1855 983 circa
1897 926 2133 981 medium

556 1026 733 1081 noctis
758 1026 821 1078 ad
838 1024 1119 1080 ecclesiam
1144 1023 1382 1085 veniret,
1412 1033 1473 1078 ut
1501 1024 1677 1077 lumen
1709 1021 1938 1091 lampadi
1961 1021 2131 1085 daret,

557 1118 850 1173 extinctum
904 1117 1142 1172 invenit:
1174 1115 1218 1171 0
1244 1160 1259 1186 ,
1285 1117 1473 1187 inquit,
1505 1126 1658 1186 pater
1700 1118 1803 1180 mi,
1854 1114 1920 1169 da
1961 1114 2136 1169 consi-

556 1208 684 1263 lium
728 1224 884 1264 servo
926 1219 1046 1262 tuo:
1104 1224 1211 1262 nox
1251 1217 1365 1261 atra
1411 1207 1590 1261 omnia
1622 1206 1890 1277 possidet:
1947 1219 2136 1261 omnes

553 1296 827 1352 dormiunt
860 1316 872 1351 :
908 1299 996 1353 ubi
1029 1298 1164 1365 ignis
1192 1299 1523 1366 reperiatur,
1556 1299 1768 1352 nescio:
1820 1298 1919 1351 vim
1968 1295 2132 1351 semi-

552 1394 664 1442 tam
720 1405 815 1459 pes
865 1390 1092 1458 ignorat.
1134 1389 1271 1455 Quid
1321 1404 1451 1459 ergo
1501 1388 1739 1444 faciam?
1786 1388 1920 1443 Cutn
1975 1388 2137 1457 igitur

546 1482 728 1536 anima
761 1493 1068 1537 anxiaretur
1094 1484 1145 1537 in
1186 1483 1276 1537 illo
1305 1491 1359 1536 et
1388 1482 1453 1537 ad
1481 1498 1641 1553 quam
1672 1491 1878 1552 partem
1931 1496 1990 1536 se
2009 1496 2134 1536 ver-

551 1579 710 1638 teret,
744 1575 1049 1644 ignoraret;
1078 1576 1256 1631 subito
1286 1592 1395 1628 non
1420 1575 1536 1630 sine
1563 1574 1680 1643 ejus
1718 1572 1974 1628 ineffabili
2003 1588 2136 1642 gau-

553 1660 641 1716 dio
698 1665 920 1720 candela
983 1682 1144 1736 quam
1195 1667 1414 1722 tenebat
1473 1667 1529 1722 in
1594 1666 1839 1720 manibus
1904 1678 2134 1721 accensa

551 1760 827 1827 apparuit.

626 1848 711 1903 16.
756 1850 873 1903 Alio
901 1867 1116 1922 quoque
1147 1861 1389 1922 tempore
1411 1850 1627 1921 quidam
1658 1850 1889 1906 rusticus
1913 1891 1930 1916 ,
1961 1865 2134 1904 mem-

554 1940 666 1995 bris
688 1943 944 1997 ‘omnibus
974 1953 1305 2011 contractus,
1337 1946 1408 1997 ita
1456 1954 1574 1999 erat
1601 1953 1715 1997 toto
1750 1959 1979 2013 corpore
2028 1938 2138 1996 dis-

538 2026 777 2099 -SOllllllS,
820 2044 873 2089 ct
897 2035 948 2089 in
975 2052 1135 2090 unum
1167 2037 1500 2091 similitudini
1536 2037 1768 2091 hominis
1808 2035 2136 2090 contrarium

538 2116 899 2194 conglobatus
922 2139 978 2183 ut
1018 2147 1121 2183 non
1180 2133 1377 2199 homo,
1426 2130 1519 2184 sed
1572 2142 1870 2185 monstrum
1920 2130 2137 2199 aliquod

551 2228 849 2289 putaretur.
884 2220 979 2276 llic
1005 2223 1069 2274 ad
1102 2222 1267 2275 multa
1297 2231 1607 2278 sanctorum
1640 2222 1820 2276 limina
1875 2222 2137 2278 adductus

540 2300 765 2364 fuerat:
793 2312 887 2365 sed
916 2315 1170 2380 quoniam
1201 2323 1257 2368 ut
1282 2313 1554 2369 credimus
1601 2323 1789 2370 Sancto
1838 2314 2136 2369 confessori

553 2415 741 2458 nostro
772 2406 1166 2468 reservabatur,
1202 2407 1346 2460 nulla
1396 2407 1479 2460 sui
1511 2406 1757 2477 corporis
1805 2407 2047 2475 prmsidia
2077 2421 2137 2462 se

540 2480 861 2565 percepisse
892 2494 1185 2552 fatebatur.
1221 2497 1301 2551 Ad
1350 2499 1593 2553 ultimum
1653 2497 1828 2551 divina
1878 2499 1929 2551 ei
1959 2498 2137 2568 opitu-

542 2582 698 2665 lante
728 2588 1009 2642 clementia
1037 2604 1143 2643 non
1173 2590 1290 2644 sine
1319 2592 1489 2644 mn'to
1516 2589 1703 2644 labore
1740 2590 1805 2643 ad
1840 2598 2137 2659 prteoptata

552 2675 736 2732 limina
764 2681 932 2734 sancti
958 2682 1286 2736 CODfeS:Ot'iS
1313 2683 1585 2746 defertur,
1614 2691 1667 2737 et
1697 2682 1749 2736 in
1779 2680 2016 2751 ejusdem
2047 2697 2138 2737 ec-

553 2769 715 2823 clesia
745 2771 954 2828 delatus
980 2774 1286 2843 deponitur.
1321 2775 1578 2830 Precatur
1607 2777 1769 2830 miser
1808 2791 1929 2830 cum
1961 2775 2139 2847 lacry-

553 2860 657 2914 mis
689 2861 974 2918 miserandi
1005 2868 1248 2935 corporis
1270 2868 1621 2933 erectionem,
1664 2877 1719 2922 et
1772 2867 1864 2936 qui
1912 2869 2139 2923 aderant

554 2952 605 3007 ei
635 2957 1022 3023 compatienles
1054 2959 1245 3014 eadem
1302 2960 1681 3030 deprecantur.
1731 2960 1776 3013 0
1824 2960 1919 3015 Dei
1968 2960 2136 3029 pietas

553 3048 697 3101 omni
722 3048 1009 3106 devotione
1037 3053 1290 3108 colenda!
1325 3053 1369 3107 0
1393 3066 1701 3109 sanctorum
1719 3054 1907 3109 merita
1935 3061 2138 3107 morta-

2235 473 2363 519 ante
2403 464 2687 519 lasciviens
2713 472 2955 534 venerat,
2985 461 3113 520 foeta
3142 461 3358 520 flebitur
3390 473 3449 521 et
3488 462 3693 520 infelix.
3737 462 3818 521 AI

2230 556 2560 612 confessoris
2588 555 2740 611 Marii
2763 556 2945 611 limina
2963 556 3218 612 excubias
3242 556 3470 613 fideliter
3484 566 3671 612 actura
3696 572 3818 628 per-

2232 647 2465 712 ducitur,
2495 647 2655 703 offert
2683 650 2937 717 seipsam,
2977 648 3136 704 offert
3182 664 3371 720 preces
3399 658 3456 704 et
3507 651 3774 723 lacrymas
3796 664 3817 707 :

2233 740 2460 809 spondet
2488 748 2675 794 sancto
2701 740 2907 809 vigilias
2933 740 3187 811 annales,
3210 741 3255 795 si
3284 742 3422 796 facta
3448 742 3728 797 incolumis
3754 740 3824 802 ad

2233 835 2449 905 propria
2500 844 2821 890 revertatur.
2854 834 2901 889 0
2939 836 3129 890 mirum
3164 836 3359 891 divina:
3407 836 3493 905 pie
3518 836 3621 891 alis
3661 838 3820 893 auxi-

2235 924 2392 980 lium!
2428 927 2559 980 Dntn
2591 927 2770 997 plorat
2792 928 3004 989 mulier,
3027 928 3153 982 dum
3176 943 3234 983 se
3269 936 3433 981 totam
3467 930 3517 981 in
3548 944 3638 982 ara
3671 944 3822 983 utcu-

2237 1021 2331 1084 tis,
2382 1021 2593 1077 devotis
2638 1022 2913 1092 precibus,
2960 1022 3236 1088 immolat;
3290 1022 3594 1085 exauditur,
3627 1031 3680 1077 et
3711 1029 3821 1077 tota

2234 1114 2471 1184 pristina:
2520 1114 2875 1169 incolumitati
2924 1124 3275 1169 restauratnr.
3322 1114 3595 1185 Sospitate
3640 1114 3824 1183 itaque

2235 1216 2453 1273 recepta
2480 1205 2689 1260 cuidam
2720 1205 2971 1275 conjugio
3001 1206 3316 1276 copulatur;
3349 1208 3442 1262 sed
3466 1222 3587 1262 cum
3618 1215 3828 1277 tempo-

2233 1313 2295 1353 ra
2326 1299 2654 1369 temporibus
2697 1299 3037 1354 venientibus
3067 1301 3387 1365 transirent,
3437 1311 3494 1356 et
3521 1307 3821 1356 memorata

2234 1391 2431 1445 mulier
2456 1391 2825 1460 conjugalibus
2868 1391 3074 1446 deliciis
3121 1392 3280 1447 nimis
3331 1392 3608 1462 sapienter
3636 1392 3823 1448 adltmo

2235 1498 2387 1547 rens,
2416 1492 2542 1536 vota
2568 1498 2687 1551 qua:
2716 1492 2903 1539 sancto
2943 1483 3266 1553 promiserat
3310 1485 3619 1554 persolvere
3648 1486 3826 1540 distu-

2235 1577 2418 1642 lisset;
2451 1575 2568 1644 ejus
2597 1577 2797 1631 oblivio
2821 1576 3132 1632 infirmitate
3178 1577 3401 1647 pristina
3449 1579 3773 1648 praevenitur
3804 1594 3824 1635 :

2242 1682 2532 1721 nervorum
2559 1667 2771 1721 auxiliis
2801 1666 2993 1722 iterum
3018 1676 3346 1732 attenuatur,
3371 1676 3426 1723 et
3455 1668 3823 1725 membrorum

2166 1761 2215 1823 Β
2240 1758 2545 1812 valetudine
2566 1757 2786 1811 omnino
2810 1758 3071 1827 privatur.
3097 1757 3295 1812 Iterum
3318 1757 3383 1811 ad
3406 1758 3623 1828 praefata
3646 1758 3824 1817 sancti

2238 1848 2563 1903 confessoris
2604 1848 2803 1912 limina,
2847 1850 3023 1903 mariti
3053 1865 3199 1914 cura,
3233 1850 3548 1920 perducitur
3578 1866 3592 1905 :
3629 1851 3824 1909 iterum

2236 1942 2443 1996 meritis
2474 1942 2712 2011 ejusdem
2744 1952 3043 2013 peroptata:
3072 1945 3288 1998 sanitati
3331 1945 3646 2001 redonatur.
3680 1942 3825 2002 Laeta

2238 2032 2432 2086 mulier
2463 2047 2527 2085 ex
2557 2032 2826 2101 inSpetata
2854 2033 2954 2086 sibi
2981 2032 3183 2087 reddita
3214 2034 3463 2101 sanitate,
3504 2045 3825 2107 perpetuum

2232 2138 2424 2179 sancto
2453 2134 2610 2179 vovet
2639 2125 2989 2195 obsequium,
3020 2125 3086 2179 ad
3131 2128 3343 2197 propria
3378 2143 3647 2197 nunquam
3678 2128 3827 2184 redi-

2237 2226 2358 2273 tura
2382 2218 2630 2286 amplius.
2664 2216 2768 2272 Sed
2813 2233 2932 2273 cum
2975 2234 3203 2288 sponsus
3245 2219 3502 2275 adversus
3539 2225 3828 2291 conjugem

2236 2308 2304 2363 de
2332 2309 2424 2362 tali
2452 2317 2577 2362 voto
2607 2309 2765 2363 nimis
2795 2309 3176 2372 incanduisset,
3205 2312 3390 2365 territa
3416 2312 3607 2367 mulier
3626 2312 3819 2383 conju-

2236 2399 2442 2467 galibus
2472 2399 2655 2465 minis,
2680 2410 2732 2455 et
2753 2400 3028 2456 blanditiis
3055 2402 3316 2467 emollita,
3342 2418 3464 2457 cum
3496 2418 3562 2458 eo
3597 2405 3665 2458 ad
3692 2419 3822 2474 pro-

2237 2493 2353 2563 pria
2395 2494 2705 2549 revertitur.
2757 2493 2993 2549 Reversa
3040 2494 3222 2549 statim
3258 2493 3563 2550 miseranda
3605 2494 3827 2561 mulier.

2237 2598 2388 2660 peste
2424 2590 2535 2659 jam
2578 2588 2719 2644 dicta
2748 2588 2941 2644 iterum
2973 2589 3267 2659 premitur;
3315 2588 3510 2643 iterum
3542 2588 3609 2643 ad
3638 2588 3829 2646 limina

2235 2682 2411 2736 sancti
2443 2679 2787 2749 perducitur;
2815 2680 3008 2734 iterum
3030 2678 3188 2734 saluti
3218 2688 3530 2750 prmoptataa
3558 2686 3829 2735 restaura-

2238 2779 2344 2826 tur.
2368 2770 2413 2825 Ο
2435 2771 2620 2826 infelix
2644 2779 2841 2826 nostra:
2869 2770 3221 2825 humanitatis
3246 2770 3518 2826 conditio!
3548 2771 3833 2830 onefanda

2239 2862 2291 2917 in
2323 2862 2688 2932 persolvendis
2716 2861 2859 2917 votis
2881 2861 3112 2917 oblivio!
3160 2878 3348 2919 rursus
3387 2878 3581 2933 nempe
3606 2871 3835 2920 sanctus
3892 2906 3903 2915 .

2238 2956 2571 3011 obliviscitur
2597 2972 2611 3007 :
2639 2968 2823 3010 rursus
2865 2954 3138 3024 impudica
3167 2955 3359 3011 mulier
3396 2954 3707 3010 infirmitate
3734 2968 3835 3011 sed

2235 3049 2330 3104 lita
2361 3059 2648 3105 enervatur
2673 3068 2689 3117 ;
2717 3065 2903 3105 rursus
2930 3048 2999 3104 ad
3026 3066 3170 3120 stupe
3197 3050 3338 3106 dicta
3368 3048 3552 3105 limina
3576 3046 3829 3106 conﬂuit.

554 3136 695 3192 libus
719 3142 938 3195 omnino
963 3145 1289 3199 veneranda!
1315 3144 1457 3200 inter
1489 3146 1753 3218 lacrytnas
1797 3160 2027 3215 namque
2056 3144 2138 3198 in-
2164 3149 2211 3211 ε
2242 3143 2439 3199 lterato
2484 3152 2615 3199 voto
2653 3153 2872 3201 sanctus
2913 3144 3110 3200 iterum
3160 3145 3482 3213 honoratur,
3531 3152 3590 3201 et
3632 3144 3832 3201 mulier

550 3228 718 3286 felicis
755 3231 1007 3298 hominis,
1036 3244 1092 3291 et
1117 3238 1277 3291 verba
1317 3239 1607 3293 multorum
1639 3238 1939 3304 orantium,
1972 3237 2135 3293 miser

553 3322 808 3390 erigitur:
842 3325 1021 3395 fragor
1049 3328 1249 3383 ossium
1277 3340 1331 3383 et
1353 3346 1636 3385 nervorum
1668 3330 1911 3385 extensio
1944 3344 1974 3382 a
1998 3328 2135 3383 mul-

551 3411 619 3466 tis
644 3415 893 3470 auditur:
922 3420 1158 3475 occurrit
1189 3436 1315 3474 mox
1343 3423 1600 3476 comitum
1624 3423 1791 3486 curia,
1824 3421 2131 3476 mirantium

549 3506 784 3560 tumultu
810 3509 970 3563 citata
994 3527 1007 3563 :
1033 3524 1326 3565 occurrunt
1356 3529 1640 3582 proceres:
1666 3517 1902 3571 occurrit
1932 3516 2133 3571 utrius-

550 3609 657 3664 que
683 3600 822 3668 vulgi
846 3617 1031 3656 sexus:
1058 3602 1291 3658 clamant
1333 3622 1540 3672 omnes,
1572 3607 1659 3661 alii
1700 3608 1835 3662 alios
1881 3607 2133 3662 clamori-

548 3687 648 3763 bus
680 3694 1085 3762 prxvenientvs,
1116 3713 1221 3752 non
1248 3700 1420 3763 nobis,
1454 3700 1721 3769 inquiunt,
1750 3700 1991 3764 Domine,
2025 3717 2131 3757 non

489 3853 493 3855 Δ
550 3781 726 3869 nobis,
749 3784 840 3839 sed
872 3787 1077 3840 nomini
1114 3797 1204 3842 tuo
1223 3789 1287 3843 da
1314 3791 1564 3858 gloriam.
1612 3791 1702 3846 Sic
1731 3791 1893 3846 miser
1918 3794 2008 3862 qui
2037 3808 2131 3850 ve-

551 3883 704 3926 nerat
732 3915 746 3938 ,
785 3878 1116 3945 meritisjam
1149 3881 1276 3936 dicti
1322 3881 1418 3937 viri
1464 3883 1559 3938 Dei
1603 3882 1776 3939 factus
1806 3883 2131 3955 incolumis,

546 3959 688 4015 lmtis
716 3967 983 4031 gressibus
1011 3969 1074 4022 ad
1109 3973 1322 4041 propria
1354 3976 1603 4029 recessit.

550 4062 559 4065 “
626 4053 712 4108 17.
740 4054 1014 4113 Prtedictis
1041 4060 1202 4115 etiam
1232 4063 1429 4118 addere
1450 4064 1803 4133 decrevimus,
1831 4069 1970 4135 quod
1992 4084 2133 4140 qua-

552 4143 671 4199 dant
690 4148 773 4201 die
789 4151 1025 4217 quaedam
1045 4152 1263 4223 innupta
1284 4157 1480 4226 puella,
1503 4160 1695 4214 mentis
1716 4160 1932 4215 levitate
1948 4162 2126 4231 ducta,

546 4235 782 4325 lapidem
814 4243 1048 4311 dirigens
1076 4262 1225 4301 aram
1256 4252 1427 4305 sancti
1459 4251 1782 4307 coofessoris
1824 4254 2126 4321 percussit:

552 4331 779 4387 necdum
811 4334 1045 4394 directus
1092 4339 1227 4409 lapis
1258 4342 1309 4396 in
1345 4346 1652 4413 pavimento
1684 4345 1972 4410 ceciderat,
2006 4361 2129 4401 cum

553 4437 839 4482 nervorum
866 4431 1069 4488 viribus
1099 4434 1405 4503 exhaustis,
1445 4447 1501 4493 et
1541 4441 1902 4494 membrorum
1930 4441 2133 4497 virtute

2244 3236 2483 3306 qumsitte
2546 3235 2767 3290 sanitati
2832 3236 3031 3291 iterum
3082 3244 3421 3291 restauratur
3464 3252 3479 3290 :
3527 3242 3831 3293 restaurata

2244 3329 2480 3397 gaudens
2519 3337 2575 3382 et
2600 3329 2908 3397 incolumis,
2939 3329 3197 3400 repatriat
3237 3330 3446 3386 meritis
3469 3331 3647 3385 sancti
3691 3343 3833 3385 con-

2243 3418 2465 3475 fessoris
2494 3421 2669 3476 causis
2696 3421 2960 3476 similibus
2986 3437 3091 3478 non
3119 3422 3351 3493 amplius
3380 3437 3686 3478 reversura.
3712 3428 3827 3479 Au-

2242 3513 2391 3568 diant
2416 3514 2490 3568 illi
2515 3515 2603 3582 qui
2634 3514 2687 3569 in
2710 3516 2810 3571 hac
2829 3514 3057 3571 ecclesia
3079 3513 3191 3571 Deo
3219 3526 3275 3571 et
3297 3525 3486 3571 sancto
3506 3514 3675 3571 nario
3703 3530 3824 3573 mo-

2241 3623 2359 3663 rum
2388 3606 2677 3662 stabilitate
2705 3609 3097 3677 promiserunt,
3147 3606 3365 3663 audiant
3392 3616 3448 3662 et
3489 3607 3824 3663 mentis......

2230 3700 2469 3767 diligenti
2500 3715 2626 3755 cura
2654 3708 3018 3767 revereautur,
3052 3700 3096 3754 si
3128 3698 3311 3753 omnia
3343 3710 3491 3755 recta
3519 3708 3646 3754 sunt
3688 3713 3823 3768 erga

2232 3801 2454 3858 votum;
2481 3792 2525 3845 si
2548 3799 2695 3846 recta
2717 3791 2894 3847 omnia
2922 3792 3057 3846 bene
3079 3791 3178 3845 sibi
3204 3790 3515 3859 contigisse,
3541 3790 3822 3857 laetentur;

2232 3887 2276 3942 si
2301 3896 2478 3943 autem
2514 3888 2670 3941 aliter
2696 3896 2798 3952 est,
2829 3886 3004 3941 sciant
3028 3887 3281 3957 quoniam
3313 3889 3415 3944 hoc
3438 3887 3490 3943 in
3519 3888 3698 3943 anima
3728 3901 3823 3958 pa-

2232 3977 2619 4048 tiuntur,qnod
2645 3976 2863 4048 praefata
2887 3978 3081 4034 mulier
3105 3980 3158 4033 in
3186 3995 3415 4050 corpore
3444 3980 3638 4049 legitur
3658 3994 3819 4051 passa

2237 4071 2417 4125 fuisse.
2457 4071 2606 4126 Votis
2653 4072 2833 4141 itaque
2863 4072 3046 4128 fractis
3079 4089 3173 4143 per
3202 4075 3571 4144 paenitentiam
3619 4090 3821 4131 consu-

2238 4162 2371 4228 lant,
2394 4163 2461 4218 ad
2488 4165 2678 4234 pedem
2706 4165 2877 4219 sancti
2907 4164 3229 4220 confessoris
3259 4165 3536 4233 accedant,
3560 4166 3827 4238 lacrymas

2237 4263 2293 4311 et
2322 4271 2508 4326 preces
2537 4256 2787 4325 otl'rrant,
2818 4268 2875 4311 ut
2903 4258 3152 4325 salutem,
3180 4274 3339 4328 quam
3367 4259 3670 4315 exercendo
3695 4275 3825 4329 pero'

2238 4348 2501 4415 diderant,
2529 4365 2739 4402 morum
2776 4350 3067 4405 stabilitate
3096 4351 3485 4421 redintegrata,
3514 4367 3698 4408 rursus
3727 4366 3827 4422 per

2238 4439 2334 4496 Dei
2363 4440 2786 4496 misericordiam
2809 4442 3007 4499 habere
3031 4450 3364 4498 mereantur.
3395 4443 3587 4499 Amen.

572 4568 3817 4614 ...__.________________________________________________

1392 4669 2066 4787 SANCTI
2128 4673 2961 4788 DYNAMII

1079 4945 1556 5107 NITA

1712 4844 2215 4899 VIRI’ILLUSTRIS
2255 4847 2336 4898 ΕΤ
2384 4846 2663 4898 ΡΔΤΜΕΙΙ

1637 4948 1865 5095 SA
1891 4950 2009 5088 Ν
2029 4944 2356 5094 CTI
2448 4946 3275 5095 MAXIMI.‘

1777 5128 1988 5190 (Surius,
2016 5129 2123 5179 Act.
2149 5130 2334 5193 Sanct.,
2359 5137 2472 5183 tom.
2500 5131 2589 5194 ll.)

1423 5290 2021 5471 @pistola
2095 5294 2906 5439 habitatoris.

619 5504 846 5564 Domine
872 5510 1184 5593 beatissimo
1224 5510 1399 5583 Patri,
1427 5511 1622 5569 Urbice
1650 5529 1823 5587 papae,
1857 5514 2133 5573 Dinamius

549 5595 814 5659 Patricius
840 5604 1088 5662 salutem.

617 5693 750 5751 Cum
777 5700 1085 5769 apostolica:
1114 5700 1277 5756 Pater
1296 5701 1418 5756 fidei
1446 5699 1639 5755 ardore
1665 5717 1980 5769 succensus,
2005 5705 2128 5758 nni-

545 5794 705 5862 ,γει-δα
728 5789 796 5850 de
816 5792 1102 5853 virtutibus
1122 5793 1297 5857 sancti
1322 5793 1559 5864 Maximi,
1584 5808 1703 5868 qua:
1732 5793 1903 5858 fidelis
1933 5794 2128 5863 relatio
2228 5811 2421 5871 parum
2446 5796 2616 5870 ipsius
2638 5796 2823 5858 deliCti
2845 5810 2988 5858 noxa
3017 5810 3144 5861 reus
3165 5794 3395 5872 efficiar,
3418 5795 3522 5856 nisi
3549 5795 3731 5856 omnia
3760 5794 3827 5861 in

3824 5912 3858 5924 ,ε

2232 5528 2511 5589 gestorum
2537 5517 2861 5583 manifestat,
2894 5517 3125 5574 sollicita
3155 5516 3498 5588 indagatione
3526 5514 3835 5589 perquiris,"

2234 5614 2552 5684 imperitiam
2575 5629 2750 5668 mratn
2776 5611 2988 5682 pulsate
3010 5627 3118 5666 non
3140 5612 3368 5678 desinis;
3398 5611 3636 5682 paternis
3654 5611 3821 5667 etiam

2231 5705 2450 5759 monitis
2478 5703 3141 5774 praedicandiauctoritate
3159 5701 3502 5763 confirmans.
3534 5701 3678 5771 quod
3705 5716 3817 5756 non
