4118 6332
238 354 315 412 ss
1490 343 1647 404 vmt
1688 344 1932 404 SANC‘I'I
1971 343 2241 401 uarum.
3078 304 3083 309 ’
3436 340 3510 400 st

236 473 361 530 Vita
381 471 518 541 ejus,
549 484 708 546 quam
728 484 818 528 me
832 479 957 527 ante
972 469 1178 540 aliquot
1197 479 1369 522 annos
1393 465 1558 522 rurali
1582 479 1831 522 sermone
1861 464 1908 524 Α
1935 463 2283 534 propaginem
2345 458 2504 515 lectio
2551 455 2902 524 multiplicata
2958 457 3315 530 subsequitur.
3382 459 3513 528 Quae

243 566 638 635 conscripsisse
664 564 938 627 constitit,
986 561 1229 617 studeam
1260 559 1457 613 addere
1496 572 1829 628 qumcunque

236 673 340 714 vos
366 658 435 714 de
462 658 605 712 illius
632 656 961 712 mirabilibus
988 653 1229 725 protinus
1256 650 1605 706 manifestum
1637 658 1719 705 est
1748 650 1830 703 in-

238 748 484 815 venisse,
512 749 653 802 unde
681 761 781 816 ego
800 746 1016 815 gemino
1046 743 1253 814 pudore
1273 739 1590 806 confundor,
1615 740 1699 796 cui
1729 755 1831 794 nec

241 837 502 907 loquendi
549 838 777 893 facultas
827 835 1161 899 conceditur,
1194 848 1295 889 uec
1340 833 1527 889 silendi
1567 832 1833 887 securitas

240 929 568 999 indulgetur.
591 929 646 984 Si
669 930 878 999 loquar,
902 942 1114 983 sensum
1132 932 1396 981 monstrat
1427 924 1638 979 detecta
1669 924 1831 977 rusti-

239 1022 382 1079 citas
427 1021 757 1092 imperitum.
788 1021 919 1076 Nam
950 1021 993 1075 si
1030 1019 1302 1084 licuisset,
1351 1000 1435 1071 vel
1470 1016 1538 1071 de
1565 1016 1835 1073 succincta

244 1126 497 1186 poteram
527 1112 762 1168 dictione
792 1112 1024 1183 placere,
1057 1110 1141 1165 cui
1174 1125 1281 1164 non
1320 1115 1545 1180 possunt
1572 1107 1834 1175 dogmatis

245 1213 535 1275 augmenta
559 1219 893 1260 succurrere.
910 1202 1055 1257 Inter
1069 1210 1349 1270 utramque
1366 1215 1494 1269 ergo
1516 1199 1838 1254 constitutus

245 1297 549 1366 angustiam
571 1339 588 1364 ,
615 1296 897 1367 prmceptis
925 1294 1119 1350 vestris
1145 1309 1335 1364 parere
1363 1292 1627 1363 disposui,
1669 1292 1837 1362 placi-

243 1396 404 1445 turus
448 1387 784 1452 obedientia,
827 1402 934 1441 non
981 1386 1244 1441 doctrinm.
1288 1383 1483 1439 Vetera
1530 1400 1625 1439 vos
1680 1383 1841 1452 igitur

246 1480 558 1536 chartarum
581 1478 824 1534 indicasti
855 1478 1147 1534 revolvisse
1176 1476 1468 1539 volumina,
1494 1476 1545 1530 in
1570 1490 1689 1547 qua:
1711 1475 1840 1546 quid

245 1585 317 1628 cx
344 1570 464 1639 ejus
507 1571 761 1641 operibus
805 1569 1096 1625 beatissimi
1142 1568 1321 1624 Fausti
1354 1568 1608 1623 antistitis
1638 1567 1843 1636 prmde-

249 1664 484 1721 cessaris
514 1674 691 1719 vestra
712 1664 929 1719 solertia
952 1663 1148 1718 devota
1170 1663 1481 1729 collegerat,
1505 1660 1646 1715 unde
1670 1674 1841 1731 pauca

246 1766 412 1811 sensu
444 1754 643 1826 potius,
675 1769 835 1823 quam
875 1755 1084 1818 obtutu,
1120 1754 1202 1807 vix
1228 1753 1536 1809 discernere
1568 1751 1837 1820 potuistis.

1932 555 2143 625 quoties
2188 554 2523 609 audientibus
2563 551 2750 607 iecerit.
2792 553 2988 608 dudum
3040 553 3177 609 lecta
3210 556 3515 624 fastidium,

1934 648 2002 703 ad
2029 656 2266 703 vestrum
2300 648 2498 718 poterit
2540 647 2811 716 pertinere
2849 646 3208 702 delictum:si
3253 648 3516 705 mercedis

1935 739 2209 809 praemium
2258 737 2578 803 contulerit,
2615 736 2749 791 nihil
2790 738 2987 792 exinde
3033 738 3099 792 ad
3146 754 3232 794 me
3271 740 3519 796 similiter

1932 828 2247 901 pertinebit,
2275 829 2364 899 qui
2390 827 2697 896 compulsus
2723 828 2914 882 vestris
2943 829 3198 900 imperiis,
3229 831 3521 900 prolixiora

1934 924 2253 994 conscripsi,
2285 938 2445 992 quam
2472 922 2635 986 volui,
2666 930 2719 976 et
2739 922 2999 992 refugium
3028 922 3313 979 brevitatis
3342 924 3518 983 omisi.

1935 1016 2021 1073 Me
2050 1032 2209 1086 ergo,
2246 1032 2403 1087 quem
2449 1016 2641 1072 silente
2680 1016 2839 1086 peplo
2885 1017 3296 1087 prudentissime
3340 1027 3524 1090 pastor

1936 1110 2225 1179 exspolias,
2258 1118 2312 1161 et
2341 1108 2575 1176 tegmine
2606 1107 2985 1163 taciturnitatis
3015 1107 3239 1175 enudas,
3281 1111 3525 1181 supplico

1935 1206 1995 1252 ut
2023 1214 2143 1253 eum
2184 1199 2433 1252 universo
2477 1198 2672 1268 populo
2703 1198 2894 1253 diffuso
2925 1202 3137 1255 munias
3171 1201 3517 1257 intercessio-

1940 1290 2023 1343 nis
2052 1290 2321 1360 prmsi'lio.
2370 1290 2595 1357 Quoties
2642 1291 2886 1346 lectionis
2933 1293 3191 1361 redigitur
3232 1294 3526 1362 longitudo,

1942 1396 2044 1437 nec
2070 1382 2235 1436 dictio
2264 1382 2507 1451 impolita
2537 1382 2845 1450 displiceat,
2882 1399 3040 1453 quam
3072 1392 3225 1439 tenor
3251 1386 3528 1442 relationis

1943 1482 2146 1528 sancta:
2200 1473 2564 1528 commendat.
2615 1473 2748 1527 Nam
2801 1474 3022 1528 dubium
3077 1490 3182 1529 non
3224 1483 3338 1539 est,
3381 1476 3527 1545 quod

1943 1573 2199 1634 quantum
2230 1564 2433 1633 integra
2464 1564 2752 1619 devotione
2789 1564 2993 1630 cordis,
3027 1566 3193 1635 ipsius
3221 1568 3391 1623 sancti
3422 1584 3520 1622 an-

1947 1658 2129 1711 tistitis
2177 1664 2329 1724 gesta
2372 1655 2612 1724 prtcfers,
2665 1664 2868 1711 tantum
2920 1672 3084 1727 opera
3130 1659 3437 1727 mediteris,
3469 1667 3528 1715 ut

1944 1747 2060 1814 ejus
2088 1746 2290 1813 integra
2322 1746 2576 1800 aviditate
2613 1746 2809 1801 mentis
2837 1748 3047 1801 coneris
3095 1748 3245 1819 sequi
3285 1750 3527 1818 vestigia,

246 1844 385 1903 Nam
424 1847 652 1918 plurima
692 1847 897 1901 τειηυιω
942 1846 1226 1900 vetustatis
1272 1845 1509 1899 edacitas
1557 1859 1844 1913 consump—
1874 1852 1919 1912 Β
1946 1836 2100 1905 Cujus
2128 1837 2402 1890 actionum
2432 1836 2606 1903 diligis
2633 1850 2947 1891 ornamenta
2981 1854 2997 1892 :
3029 1837 3320 1893 dummodo
3350 1840 3530 1895 divino

248 1946 416 2001 serat,
448 1954 567 2008 qua:
600 1936 855 1991 latebant.
885 1937 1038 2003 Quod
1076 1938 1177 1991 nisi
1225 1938 1547 2007 scriptorum
1594 1951 1840 1991 meorum

251 2030 393 2084 serie
404 2039 621 2085 (eterna:
646 2028 921 2083 memoria:
942 2029 1282 2084 traderentur
1294 2044 1465 2098 pauca
1488 2028 1553 2083 de
1576 2029 1834 2098 pluribus,

249 2119 383 2175 satis
409 2134 528 2174 esse
555 2119 779 2189 impium
807 2119 1109 2175 censuistis.
1141 2117 1292 2173 Unde
1317 2134 1403 2173 me
1429 2134 1495 2173 ex
1520 2127 1671 2189 parte
1693 2118 1838 2173 votis

248 2212 449 2268 vestris
488 2211 816 2267 satisfecisse
855 2226 1089 2279 censeo,
1137 2213 1282 2283 quod
1322 2209 1378 2264 in
1424 2210 1640 2280 longam
1680 2210 1838 2265 ducta

1949 1930 2234 1993 beneﬁcio,
2258 1940 2314 1986 et
2338 1931 2503 2001 ipsius
2529 1930 2831 2001 patrocinio
2850 1932 2942 1986 tibi
2970 1933 3297 1988 concedatur
3323 1942 3533 2003 tempo-

1947 2025 2075 2079 ralis
2104 2024 2228 2079 vita:
2258 2023 2468 2093 prolixa
2510 2022 2886 2091 tranquillitas,
2919 2030 2974 2077 et
3009 2025 3181 2079 sancti
3209 2024 3387 2093 operis
3433 2039 3530 2079 ex-

1943 2116 2112 2186 petita
2161 2113 2408 2177 facultas,
2457 2113 2674 2169 domine
2700 2128 2830 2169 vere
2870 2122 3078 2181 sancte,
3125 2123 3180 2170 et
3224 2115 3533 2171 beatissime

1948 2221 2106 2276 papa.

1524 2353 1909 2434 INCIPIT
1963 2358 2245 2440 VITA.
2318 2434 2321 2435 ,

324 2512 381 2569 l.
416 2510 718 2568 Beatissimi
764 2509 980 2566 Maximi
1030 2507 1346 2579 Rhegiensis
1388 2508 1535 2564 urbis
1579 2509 1834 2564 antistitis

246 2604 413 2664 hodie
437 2606 551 2660 dies
584 2614 785 2661 sancta:
813 2602 1172 2659 soletnuitatis
1198 2602 1410 2666 Colitur,
1434 2602 1524 2672 qui
1550 2602 1837 2671 quotannis

249 2700 501 2760 redivivis
529 2708 831 2768 temporum
880 2698 1159 2753 curriculis
1196 2704 1517 2750 renovatur:
1548 2694 1699 2763 cujus
1740 2709 1839 2750 nos

250 2805 343 2847 res
366 2800 541 2858 gestas
588 2789 824 2860 pondere
870 2790 956 2860 pia
983 2790 1149 2844 animi
1201 2788 1417 2844 devotio
1467 2788 1755 2852 admonet,
1784 2793 1841 2841 et

249 2883 427 2957 prisca
464 2883 798 2938 consuetudo
827 2882 1119 2953 compellit.
1152 2880 1261 2936 Nisi
1298 2881 1441 2937 enim
1469 2896 1532 2936 ea
1560 2895 1679 2949 qua:
1715 2894 1839 2950 per-

252 2978 439 3047 spicua
485 2986 539 3030 et
580 2976 798 3031 minime
827 2975 986 3030 dubia
1029 2975 1254 3029 aliorum
1304 2975 1515 3028 ratione
1555 2980 1837 3041 comperta

252 3082 381 3127 sunt
399 3111 415 3134 ,
445 3069 743 3124 litterarum
771 3071 1135 3125 monumentis
1163 3071 1563 3139 consignentur,
1597 3084 1715 3140 quae
1744 3086 1842 3125 an-

218 3161 480 3230 ‘tiquitus
508 3173 654 3229 gesta
683 3174 806 3217 sunt
839 3162 1151 3231 plcrmuque
1181 3163 1377 3216 annvis
1407 3163 1714 3216 auctoribus
1741 3177 1838 3214 va-

248 3252 334 3308 rie
361 3251 680 3306 referuntur.
706 3252 835 3305 Nam
865 3260 922 3307 ut
954 3252 1193 3324 mystica:
1222 3251 1446 3306 actionis
1471 3251 1588 3317 ejus
1618 3250 1842 3319 insignia

250 3341 391 3400 nihil
447 3342 676 3398 habeant
721 3344 1075 3411 ambiguum,
1108 3344 1345 3411 nihilque
1385 3358 1451 3397 ex
1498 3342 1562 3397 iis
1612 3343 1845 3411 vulgaris

263 3436 478 3493 aﬂ'ectio
508 3438 801 3496 fabulosum
826 3441 1039 3504 efﬁciat,
1058 3446 1149 3495 aut
1173 3441 1240 3496 de
1262 3441 1494 3495 vanitate
1514 3448 1843 3509 suspectum,

256 3547 379 3604 qua:
402 3533 469 3588 ab
501 3534 592 3587 illo
618 3534 751 3589 facta
782 3544 909 3589 sunt
938 3544 992 3589 ct
1019 3536 1364 3605 comprobata
1392 3577 1407 3600 ,
1448 3532 1685 3590 veridico
1715 3548 1845 3587 ser-

254 3640 419 3682 mone
446 3625 707 3680 narranda
736 3635 879 3682 sunt.
924 3626 1001 3681 Ex
1028 3630 1219 3697 q'tilius
1248 3627 1375 3694 ipsis
1412 3637 1615 3692 tamen,
1649 3644 1715 3682 nc
1743 3643 1842 3681 au-

256 3716 416 3771 ditori
457 3717 616 3771 nimia
652 3717 926 3783 prolixitas
973 3717 1188 3773 allerret
1236 3715 1543 3786 fastidium,
1575 3721 1844 3789 permulta

255 3808 566 3864 reticuimus
594 3847 611 3871 ,
645 3810 1017 3864 annotavimus
1048 3824 1237 3879 pauca.

328 3896 384 3951 2.
425 3897 619 3953 Beatus
667 3898 928 3953 Maximus
973 3899 1024 3952 in
1073 3900 1193 3954 vico
1239 3900 1492 3971 proprio,
1524 3899 1613 3955 cui
1674 3900 1846 3956 Deco-

253 4003 413 4046 meco
438 3991 753 4045 voeabulutn
785 3999 888 4055 est.
911 3993 1033 4047 vita:
1058 3993 1286 4062 sumpsit
1311 3994 1591 4049 exordium
1624 4035 1639 4058 ,
1681 3993 1843 4049 Chri-

256 4086 449 4145 stianis
476 4088 785 4158 parentibus
813 4087 1009 4155 editus,
1037 4098 1092 4143 et
1122 4089 1289 4145 factus
1318 4090 1461 4145 illico
1487 4089 1842 4146 Christianus.

257 4177 341 4231 Ab
378 4178 508 4246 ipsis
558 4192 688 4234 vero
728 4178 961 4234 infantiae
1016 4179 1332 4234 rudimentis
1377 4180 1588 4235 sublimi
1632 4196 1845 4249 semper

254 4263 556 4322 humiltate
583 4282 831 4323 crescens
852 4310 867 4333 ,
902 4269 973 4322 ita
996 4279 1210 4324 teneros
1236 4270 1409 4325 artatis
1437 4286 1606 4324 annos
1636 4287 1843 4325 morum

252 4357 565 4412 maturitate
604 4359 926 4428 castigavit,
958 4369 1017 4413 ut
1058 4361 1438 4429 proprietatem
1485 4361 1717 4415 nominis
1758 4362 1845 4417 sui

255 4448 433 4515 gratia
475 4449 778 4505 sanctitatis
822 4450 925 4505 sibi
974 4451 1286 4506 vindicaret.
1321 4449 1609 4522 Postquam
1660 4463 1841 4510 autem

257 4539 493 4594 excessit
530 4555 598 4594 ex
642 4541 867 4611 ephebis
960 4542 1185 4596 luxurim
1230 4542 1512 4601 illecebras
1540 4552 1595 4597 et
1633 4545 1839 4601 blandi-

258 4638 438 4682 menta
486 4630 650 4685 animi
707 4631 1011 4701 magisterio
1066 4639 1122 4687 et
1169 4647 1395 4687 censura
1438 4634 1843 4703 edomabat—,ut

255 4720 512 4791 pollicita:
533 4723 879 4792 virginitatis,
911 4725 1142 4795 palmam
1172 4725 1494 4794 incorrupta:
1524 4726 1844 4795 integritatis

258 4813 569 4885 obtineret,
595 4823 650 4869 et
672 4817 724 4871 in
751 4816 928 4887 regnis
957 4816 1262 4872 coelestibus
1291 4832 1321 4871 e
1341 4832 1503 4872 carne
1532 4818 1633 4873 sub
1655 4817 1843 4888 jugum

256 4905 423 4960 missa
471 4908 844 4978 triumpharet.
880 4907 999 4962 Fuit
1026 4907 1274 4963 nimirum
1314 4907 1576 4963 bonorum
1602 4910 1841 4964 omnium

255 4998 590 5053 ornamentis
638 4999 892 5068 praeditus
917 5039 934 5065 ,
963 5007 1151 5066 estque
1196 4998 1388 5052 merito
1424 4998 1580 5053 laude
1619 5015 1684 5054 ac
1713 5015 1849 5070 pra}:

252 5086 530 5143 dicatione
550 5087 850 5143 ellerendus
876 5106 890 5141 :
916 5088 1115 5158 quippe
1139 5087 1286 5141 vultu
1315 5087 1633 5143 venerabilis
1650 5130 1663 5149 ,
1690 5088 1844 5143 blan-

254 5174 360 5233 dus
379 5186 599 5249 aspectu
630 5217 647 5242 ,
676 5193 772 5234 ore
800 5177 1041 5249 placidus
1061 5219 1076 5244 ,
1102 5178 1282 5233 animo
1308 5193 1561 5241 serenus,
1586 5180 1844 5249 patientia

256 5268 415 5329 fortis
442 5308 464 5337 ,
508 5271 950 5339 magnanimitate
994 5271 1320 5341 conspicuus
1354 5312 1371 5337 ,
1418 5270 1565 5342 pacis
1618 5286 1842 5338 amans,

255 5360 443 5432 largus
492 5375 616 5431 erga
655 5364 840 5419 hostes
866 5403 885 5431 ,
918 5362 1152 5418 labentia
1201 5361 1513 5431 fastidiens,
1543 5364 1842 5421 cmleStiutn

257 5453 457 5509 ardens
484 5454 748 5510 desiderio
771 5497 790 5523 ,
820 5455 1204 5525 temporalibus
1237 5464 1437 5512 mterna
1466 5471 1803 5527 comparans
1826 5497 1845 5526 ,

256 5545 576 5615 temporalia
624 5561 725 5617 pro
768 5548 983 5602 aeternis
1020 5546 1352 5617 vilipendens
1396 5555 1557 5617 atque
1596 5556 1843 5604 contem-

258 5650 415 5692 nens.
444 5635 513 5691 Et
540 5646 600 5691 ut
627 5638 849 5693 interius
876 5637 1069 5693 divinae
1099 5638 1229 5708 legis
1258 5646 1519 5708 praecepta
1546 5654 1842 5709 cognosce-

261 5734 386 5798 ret,
414 5728 647 5785 naturali
677 5730 873 5798 ingenii
902 5731 1147 5788 acumine
1173 5738 1378 5785 tantum
1408 5730 1461 5786 in
1492 5730 1683 5787 litteris
1712 5748 1842 5800 pro-

257 5818 415 5903 fecit,
444 5831 507 5877 ut
532 5822 742 5893 legendi
780 5824 1035 5882 aviditate
1081 5832 1293 5897 pastum
1339 5834 1601 5897 quareret
1651 5826 1840 5882 animae

1935 2527 2050 2568 suac
2076 2554 2092 2578 ,
2126 2521 2179 2567 et
2206 2512 2376 2568 instar
2404 2527 2563 2585 apum
2585 2522 2799 2570 aeternae
2824 2514 3106 2571 suavitatis
3135 2522 3321 2572 nectar
3346 2516 3536 2574 hauri-

1936 2613 2041 2659 rel.
2086 2604 2341 2672 Quamvis
2387 2618 2567 2661 autem
2606 2608 2785 2662 omnia
2832 2608 3083 2662 vitiorum
3126 2609 3419 2664 carnalium
3448 2608 3533 2667 fo-

1939 2708 2121 2753 menta
2152 2708 2493 2769 protereret,
2526 2709 2582 2755 et
2628 2703 2774 2757 omni
2820 2718 2884 2757 ex
2916 2712 3068 2773 parte
3110 2705 3367 2774 prazclara
3404 2721 3536 2760 cou-

1946 2791 2254 2846 versatione
2310 2792 2575 2861 fulgeret,
2604 2801 2659 2847 at
2712 2794 3056 2851 nihilominus
3100 2798 3246 2853 vires
3294 2797 3537 2869 corporis

1946 2882 2280 2938 abstinentiae
2310 2885 2621 2940 assiduitate
2651 2884 2960 2956 frangebat,
2992 2890 3169 2943 carnis
3215 2890 3341 2945 vitia
3385 2899 3538 2947 ante-

1949 2989 2111 3044 quam
2145 2982 2268 3029 nata
2299 2983 2505 3041 essent,
2538 2993 2865 3047 persequens
2897 2986 2951 3035 et
2976 2996 3233 3036 coercens
3257 3021 3271 3047 ,
3303 2981 3373 3035 ita
3404 2989 3463 3036 ιι
3487 2983 3536 3039 ei

1947 3065 2013 3119 ad
2044 3068 2357 3138 martyrium
2401 3084 2508 3122 non
2554 3069 2654 3122 nisi
2696 3086 2981 3141 percussor
3009 3071 3241 3128 defuisse
3267 3072 3533 3129 videatur.

1946 3155 2077 3210 Nam
2108 3158 2221 3227 ipse
2246 3158 2433 3228 procul
2462 3157 2622 3214 dubio
2653 3169 2940 3234 martyrem
2970 3177 3028 3217 se
3054 3164 3181 3217 fecit
3210 3171 3265 3219 et
3293 3164 3538 3222 cruciatu

1948 3261 2002 3307 et
2031 3254 2247 3309 merito.
3502 3264 3505 3265 ν

2017 3343 2071 3398 ’5.
2112 3341 2281 3399 Porro
2307 3344 2466 3400 etiam
2498 3360 2709 3401 omnem
2746 3345 3054 3401 facultatum
3082 3362 3297 3402 suarum
3323 3349 3535 3419 copiam

1947 3435 2199 3491 deserens
2226 3480 2241 3502 ,
2273 3435 2550 3492 Lirinense
2581 3440 2963 3493 monasterium
2995 3441 3185 3510 petiit,
3214 3442 3304 3495 ubi
3333 3443 3535 3514 sempi-

1946 3530 2129 3580 ternas
2176 3525 2387 3580 divitias
2420 3526 2596 3595 jusms
2637 3528 2940 3584 inveniret:
2973 3532 3278 3599 evangelica
3323 3542 3539 3589 secutus

1948 3624 2217 3687 pra-cepta
2251 3661 2267 3686 ,
2295 3616 2470 3671 sciens
2498 3631 2556 3672 se
2586 3616 2878 3686 perfectum
2911 3618 3023 3675 fieri
3066 3639 3172 3677 non
3206 3638 3363 3691 posse
3386 3666 3402 3691 ,
3434 3622 3538 3680 nisi

1949 3709 2207 3763 venderet
2232 3708 2411 3762 omnia
2438 3723 2532 3763 sua
2555 3749 2570 3773 ,
2603 3719 2657 3764 et
2684 3727 2712 3765 a
2759 3713 2965 3767 cunctis
2994 3713 3185 3783 Opibus
3214 3714 3447 3768 alienum
3478 3730 3538 3770 se

1946 3797 2166 3855 faceret.
2200 3798 2254 3854 In
2286 3816 2349 3855 ea
2380 3810 2557 3856 autem
2585 3806 3001 3873 congregatione
3030 3820 3150 3860 cum
3182 3821 3370 3861 omnes
3409 3822 3535 3875 per-

1948 3889 2087 3946 lecta
2135 3891 2399 3947 charitate
2450 3893 2731 3961 diligeret,
2779 3896 2892 3965 ipse
2942 3896 3124 3950 itidem
3171 3897 3238 3951 ab
3289 3898 3537 3954 omnibus

1948 3985 2244 4039 amabatur.
2281 3984 2483 4040 Tantus
2520 4002 2646 4042 vero
2671 3988 2723 4041 in
2754 4004 2818 4042 eo
2845 3988 3023 4043 fervor
3048 3991 3272 4056 exstitit,
3299 3998 3357 4044 ut
3383 3999 3535 4046 ante-

1946 4092 2106 4147 quam
2140 4078 2488 4133 inouasticam
2523 4080 2740 4135 vivendi
2782 4082 3018 4149 regulam
3051 4084 3365 4153 complexus
3394 4091 3537 4140 esset

1946 4172 2033 4227 vel
2078 4174 2300 4244 mystica
2331 4175 2737 4244 inStituta,jam
2782 4179 3193 4234 conversatione
3237 4181 3536 4249 pnecipuus

1946 4264 2236 4332 videretur,
2268 4283 2331 4320 ac
2357 4267 2550 4323 deinde
2579 4277 2766 4323 sancto
2796 4268 3073 4326 llonurato
3103 4272 3371 4328 decessori
3398 4288 3496 4328 suo
3516 4310 3534 4338 ,

1947 4358 2168 4412 summis
2214 4360 2496 4417 virtutibus
2533 4363 2905 4426 ornatissimo,
2938 4364 3029 4432 qui
3074 4364 3183 4419 illic
3222 4364 3386 4420 abbas
3418 4365 3534 4422 fue-

1949 4456 2067 4513 rat,
2096 4457 2150 4502 et
2190 4450 2396 4506 honore
2447 4452 2798 4522 succederet,
2844 4463 2899 4509 et
2954 4456 3156 4510 meritis
3207 4468 3532 4527 mquaretur.

1949 4536 2064 4604 Qua
2095 4539 2146 4592 in
2197 4540 2473 4598 iunctione
2502 4559 2619 4598 cum
2661 4558 2878 4615 gregem
2908 4547 3248 4603 commissum
3277 4548 3534 4617 pastorali

1944 4629 2165 4684 solertia
2193 4633 2487 4687 custodiret
2514 4676 2531 4700 ,
2554 4642 2609 4688 et
2634 4635 2855 4703 singulis
2882 4636 3128 4693 noctibus
3151 4678 3167 4703 ,
3196 4639 3313 4693 aliis
3340 4655 3532 4696 somno

1939 4721 2259 4789 occupatis,
2309 4727 2692 4778 monasterium
2742 4725 3038 4792 lustraret,
3086 4736 3279 4797 praeter
3324 4746 3530 4787 morem

1940 4810 2132 4865 accidit
2161 4821 2217 4865 ut
2245 4815 2538 4869 monachus
2566 4816 2780 4885 quidam
2813 4818 2987 4874 adhuc
3018 4835 3167 4890 puer,
3187 4828 3366 4875 motus
3393 4838 3531 4893 qua-

1940 4900 2061 4955 dam
2112 4902 2422 4957 curiositate
2450 4905 2534 4959 vel
2582 4906 2944 4963 sollicitudine
2968 4950 2982 4972 ,
3015 4925 3138 4963 eum
3189 4923 3526 4980 sequeretur.

1942 4990 2086 5047 Ecce
2113 5002 2295 5049 autem
2340 4994 2634 5051 beatissimi
2664 4998 2760 5051 viri
2792 5003 3102 5069 conspectui
3126 5001 3369 5058 diabolus
3400 5006 3529 5060 insi-

1945 5084 2124 5142 diator
2171 5086 2341 5141 forma
2390 5087 2590 5156 ingenti
2620 5098 2780 5158 atque
2809 5092 3030 5146 terribili
3073 5108 3191 5149 sese
3218 5092 3394 5150 oilert.
3420 5095 3527 5151 Sed

1946 5190 2068 5233 cum
2115 5178 2264 5233 illum
2303 5179 2667 5250 spiritualibus
2718 5182 2964 5238 indutmn
2997 5187 3159 5239 armis
3190 5194 3391 5241 terrere
3420 5202 3527 5242 non

1944 5279 2165 5342 posset,
2197 5290 2299 5330 nec
2344 5276 2653 5345 opinantem
2684 5279 3006 5332 monachum
3039 5288 3189 5333 tanto
3212 5277 3390 5333 affecit
3422 5287 3530 5335 ter—

1944 5377 2104 5430 rore,
2142 5373 2201 5419 ut
2227 5367 2434 5436 trepido
2461 5369 2626 5435 gradu
2653 5368 2717 5423 ad
2762 5370 2953 5424 cellam
2997 5370 3139 5425 illico
3167 5375 3526 5426 revertentem

1943 5458 2315 5513 ardentissima
2346 5460 2509 5515 febris
2530 5477 2657 5515 mox
2686 5463 3028 5532 corripuerit.

2016 5548 2068 5604 4.
2109 5548 2316 5605 Rursus
2348 5554 2594 5621 pertinax
2620 5554 2708 5608 ille
2730 5556 3008 5625 impostor,
3039 5567 3270 5623 sperans,
3289 5571 3349 5613 se
3375 5572 3531 5615 sanc-

1944 5649 2058 5696 tum
2082 5642 2255 5697 virum
2300 5644 2387 5698 vel
2435 5646 2609 5714 aliqua
2637 5646 2847 5701 ratione
2877 5646 3310 5716 perturbaturum
3335 5693 3353 5718 ,
3383 5651 3525 5719 ignei

1941 5732 2191 5789 draconis
2217 5735 2399 5804 specie
2425 5752 2485 5793 se
2518 5737 2594 5791 illi
2622 5736 2874 5793 ostendit.
2906 5735 3010 5791 Sed
3038 5737 3320 5795 confestim
3349 5740 3530 5795 crucis

1941 5826 2096 5894 signo
2138 5826 2393 5893 territus,
2432 5827 2669 5883 evanuit.
2716 5825 2833 5881 Jam
2873 5828 3016 5885 enim
3055 5828 3283 5886 invictus
3322 5827 3531 5884 athleta
