  <div class='ocr_page' id='page_1' title='image "/cluster/home/n/w/nwhite01/storage/ocr_20150623/80/hvd.32044015469422/023.png"; bbox 0 0 4118 6332; ppageno 0'>
   <div class='ocr_carea' id='block_1_1' title="bbox 610 296 3863 372">
    <p class='ocr_par' dir='ltr' id='par_1_1' title="bbox 610 296 3863 372">
     <span class='ocr_line' id='line_1_1' title="bbox 610 296 3863 372; baseline -0.02 18"><span class='ocrx_word' id='word_1_1' title='bbox 610 316 683 372; x_wconf 71' lang='lat'><strong>55</strong></span> <span class='ocrx_word' id='word_1_2' title='bbox 1888 302 2172 365; x_wconf 70' lang='lat' dir='ltr'><strong>DYNAtlll</strong></span> <span class='ocrx_word' id='word_1_3' title='bbox 2209 298 2531 359; x_wconf 68' lang='lat' dir='ltr'><strong>carmen.</strong></span> <span class='ocrx_word' id='word_1_4' title='bbox 2592 336 2611 347; x_wconf 79' lang='lat'><strong>.</strong></span> <span class='ocrx_word' id='word_1_5' title='bbox 3791 296 3863 352; x_wconf 63' lang='grc' dir='ltr'><strong>εδ</strong></span> 
     </span>
    </p>
   </div>
   <div class='ocr_carea' id='block_1_2' title="bbox 606 410 3867 505">
    <p class='ocr_par' dir='ltr' id='par_1_2' title="bbox 606 410 3867 505">
     <span class='ocr_line' id='line_1_2' title="bbox 606 410 3867 505; baseline -0.007 -12"><span class='ocrx_word' id='word_1_6' title='bbox 606 437 821 493; x_wconf 79' lang='lat' dir='ltr'><strong>hostem</strong></span> <span class='ocrx_word' id='word_1_7' title='bbox 846 431 1041 505; x_wconf 74' lang='lat' dir='ltr'><strong>saepius</strong></span> <span class='ocrx_word' id='word_1_8' title='bbox 1065 432 1372 500; x_wconf 84' lang='lat' dir='ltr'><strong>superatum</strong></span> <span class='ocrx_word' id='word_1_9' title='bbox 1399 422 1617 479; x_wconf 89' lang='lat' dir='ltr'><strong>minime</strong></span> <span class='ocrx_word' id='word_1_10' title='bbox 1650 416 1986 476; x_wconf 84' lang='lat' dir='ltr'><strong>formidabat.</strong></span> <span class='ocrx_word' id='word_1_11' title='bbox 2021 414 2178 469; x_wconf 83' lang='lat' dir='ltr'><strong>Post-</strong></span> <span class='ocrx_word' id='word_1_12' title='bbox 2207 420 2253 475; x_wconf 75' lang='grc' dir='ltr'>Α</span> <span class='ocrx_word' id='word_1_13' title='bbox 2281 425 2428 470; x_wconf 87' lang='lat' dir='ltr'><strong>stans</strong></span> <span class='ocrx_word' id='word_1_14' title='bbox 2449 456 2463 479; x_wconf 87' lang='lat'><strong>,</strong></span> <span class='ocrx_word' id='word_1_15' title='bbox 2492 412 2695 482; x_wconf 88' lang='lat' dir='ltr'><strong>justitia</strong></span> <span class='ocrx_word' id='word_1_16' title='bbox 2725 414 3005 485; x_wconf 78' lang='lat' dir='ltr'><strong>singularis</strong></span> <span class='ocrx_word' id='word_1_17' title='bbox 3029 455 3045 479; x_wconf 91' lang='lat'><strong>,</strong></span> <span class='ocrx_word' id='word_1_18' title='bbox 3072 413 3381 505; x_wconf 70' lang='lat' dir='ltr'><strong>humilitate</strong></span> <span class='ocrx_word' id='word_1_19' title='bbox 3398 410 3641 505; x_wconf 82' lang='lat' dir='ltr'><strong>sublimis</strong></span> <span class='ocrx_word' id='word_1_20' title='bbox 3659 453 3673 477; x_wconf 90' lang='lat'><strong>,</strong></span> <span class='ocrx_word' id='word_1_21' title='bbox 3697 427 3867 505; x_wconf 60' lang='lat' dir='ltr'><strong>orum</strong></span> 
     </span>
    </p>
   </div>
   <div class='ocr_carea' id='block_1_3' title="bbox 608 507 2223 607">
    <p class='ocr_par' dir='ltr' id='par_1_3' title="bbox 608 507 2223 607">
     <span class='ocr_line' id='line_1_3' title="bbox 608 507 2223 607; baseline -0.017 -23"><span class='ocrx_word' id='word_1_22' title='bbox 608 544 770 602; x_wconf 88' lang='lat' dir='ltr'><strong>quam</strong></span> <span class='ocrx_word' id='word_1_23' title='bbox 800 534 979 581; x_wconf 88' lang='lat' dir='ltr'><strong>autem</strong></span> <span class='ocrx_word' id='word_1_24' title='bbox 1011 523 1173 577; x_wconf 90' lang='lat' dir='ltr'><strong>totius</strong></span> <span class='ocrx_word' id='word_1_25' title='bbox 1201 518 1386 573; x_wconf 72' lang='lat' dir='ltr'><strong>insula:</strong></span> <span class='ocrx_word' id='word_1_26' title='bbox 1420 513 1710 570; x_wconf 85' lang='lat' dir='ltr'><strong>Lirinensis</strong></span> <span class='ocrx_word' id='word_1_27' title='bbox 1739 507 2039 607; x_wconf 76' lang='lat' dir='ltr'><strong>peragravit</strong></span> <span class='ocrx_word' id='word_1_28' title='bbox 2067 521 2183 559; x_wconf 91' lang='lat' dir='ltr'><strong>am-</strong></span> <span class='ocrx_word' id='word_1_29' title='bbox 2205 548 2223 607; x_wconf 51' lang='grc' dir='ltr'><em>Ι</em></span> 
     </span>
    </p>
   </div>
   <div class='ocr_carea' id='block_1_4' title="bbox 602 600 2184 686">
    <p class='ocr_par' dir='ltr' id='par_1_4' title="bbox 602 600 2184 686">
     <span class='ocr_line' id='line_1_4' title="bbox 602 600 2184 686; baseline -0.018 -8"><span class='ocrx_word' id='word_1_30' title='bbox 602 600 777 679; x_wconf 61' lang='grc' dir='ltr'><strong>«Βίωω</strong></span> <span class='ocrx_word' id='word_1_31' title='bbox 796 659 814 686; x_wconf 84' lang='grc'><em>,</em></span> <span class='ocrx_word' id='word_1_32' title='bbox 841 618 991 673; x_wconf 86' lang='lat' dir='ltr'><strong>ocius</strong></span> <span class='ocrx_word' id='word_1_33' title='bbox 1019 614 1247 671; x_wconf 84' lang='lat' dir='ltr'><strong>accessit</strong></span> <span class='ocrx_word' id='word_1_34' title='bbox 1276 609 1339 664; x_wconf 90' lang='lat' dir='ltr'><strong>ad</strong></span> <span class='ocrx_word' id='word_1_35' title='bbox 1370 608 1624 663; x_wconf 86' lang='lat' dir='ltr'><strong>lectulum</strong></span> <span class='ocrx_word' id='word_1_36' title='bbox 1668 600 1964 671; x_wconf 79' lang='lat' dir='ltr'><strong>agrotantis</strong></span> <span class='ocrx_word' id='word_1_37' title='bbox 1993 612 2184 651; x_wconf 84' lang='lat' dir='ltr'><strong>mona-</strong></span> 
     </span>
    </p>
   </div>
   <div class='ocr_carea' id='block_1_5' title="bbox 604 690 2186 783">
    <p class='ocr_par' dir='ltr' id='par_1_5' title="bbox 604 690 2186 783">
     <span class='ocr_line' id='line_1_5' title="bbox 604 690 2186 783; baseline -0.016 -11"><span class='ocrx_word' id='word_1_38' title='bbox 604 715 886 783; x_wconf 76' lang='lat' dir='ltr'><strong>cbi,quem</strong></span> <span class='ocrx_word' id='word_1_39' title='bbox 906 709 1138 764; x_wconf 79' lang='lat' dir='ltr'><strong>diximus</strong></span> <span class='ocrx_word' id='word_1_40' title='bbox 1161 707 1215 760; x_wconf 91' lang='lat' dir='ltr'><strong>in</strong></span> <span class='ocrx_word' id='word_1_41' title='bbox 1241 702 1446 758; x_wconf 81' lang='lat' dir='ltr'><strong>febrem</strong></span> <span class='ocrx_word' id='word_1_42' title='bbox 1468 699 1747 755; x_wconf 83' lang='lat' dir='ltr'><strong>incidisse:</strong></span> <span class='ocrx_word' id='word_1_43' title='bbox 1774 696 2019 763; x_wconf 84' lang='lat' dir='ltr'><strong>clamque</strong></span> <span class='ocrx_word' id='word_1_44' title='bbox 2045 690 2186 762; x_wconf 86' lang='lat' dir='ltr'><strong>apud</strong></span> 
     </span>
    </p>
   </div>
   <div class='ocr_carea' id='block_1_6' title="bbox 604 786 2183 866">
    <p class='ocr_par' dir='ltr' id='par_1_6' title="bbox 604 786 2183 866">
     <span class='ocr_line' id='line_1_6' title="bbox 604 786 2183 866; baseline -0.015 -4"><span class='ocrx_word' id='word_1_45' title='bbox 604 804 755 862; x_wconf 77' lang='lat' dir='ltr'><strong>illum</strong></span> <span class='ocrx_word' id='word_1_46' title='bbox 784 804 923 858; x_wconf 88' lang='lat' dir='ltr'><strong>intra</strong></span> <span class='ocrx_word' id='word_1_47' title='bbox 953 813 1150 856; x_wconf 80' lang='lat' dir='ltr'><strong>arcana</strong></span> <span class='ocrx_word' id='word_1_48' title='bbox 1180 793 1418 866; x_wconf 89' lang='lat' dir='ltr'><strong>pectoris</strong></span> <span class='ocrx_word' id='word_1_49' title='bbox 1445 791 1526 847; x_wconf 90' lang='lat' dir='ltr'><strong>sui</strong></span> <span class='ocrx_word' id='word_1_50' title='bbox 1550 805 1735 859; x_wconf 83' lang='lat' dir='ltr'><strong>preces</strong></span> <span class='ocrx_word' id='word_1_51' title='bbox 1766 788 1878 842; x_wconf 91' lang='lat' dir='ltr'><strong>Deo</strong></span> <span class='ocrx_word' id='word_1_52' title='bbox 1916 786 2145 858; x_wconf 87' lang='lat' dir='ltr'><strong>fundens</strong></span> <span class='ocrx_word' id='word_1_53' title='bbox 2166 823 2183 851; x_wconf 91' lang='lat'><strong>,</strong></span> 
     </span>
    </p>
   </div>
   <div class='ocr_carea' id='block_1_7' title="bbox 606 877 2183 958">
    <p class='ocr_par' dir='ltr' id='par_1_7' title="bbox 606 877 2183 958">
     <span class='ocr_line' id='line_1_7' title="bbox 606 877 2183 958; baseline -0.015 -6"><span class='ocrx_word' id='word_1_54' title='bbox 606 896 661 954; x_wconf 93' lang='lat' dir='ltr'><strong>id</strong></span> <span class='ocrx_word' id='word_1_55' title='bbox 690 894 890 958; x_wconf 75' lang='lat' dir='ltr'><strong>effecit,</strong></span> <span class='ocrx_word' id='word_1_56' title='bbox 918 901 976 946; x_wconf 89' lang='lat' dir='ltr'><strong>ut</strong></span> <span class='ocrx_word' id='word_1_57' title='bbox 996 904 1122 945; x_wconf 84' lang='lat' dir='ltr'><strong>mox</strong></span> <span class='ocrx_word' id='word_1_58' title='bbox 1149 889 1428 941; x_wconf 89' lang='lat' dir='ltr'><strong>restitutus</strong></span> <span class='ocrx_word' id='word_1_59' title='bbox 1452 883 1522 939; x_wconf 91' lang='lat' dir='ltr'><strong>sit</strong></span> <span class='ocrx_word' id='word_1_60' title='bbox 1544 879 1897 936; x_wconf 83' lang='lat' dir='ltr'><strong>incolumitati</strong></span> <span class='ocrx_word' id='word_1_61' title='bbox 1929 877 2183 947; x_wconf 87' lang='lat' dir='ltr'><strong>pristinae,</strong></span> 
     </span>
    </p>
   </div>
   <div class='ocr_carea' id='block_1_8' title="bbox 594 964 2185 1059">
    <p class='ocr_par' dir='ltr' id='par_1_8' title="bbox 594 964 2185 1059">
     <span class='ocr_line' id='line_1_8' title="bbox 594 964 2185 1059; baseline -0.014 -13"><span class='ocrx_word' id='word_1_62' title='bbox 594 964 665 1047; x_wconf 11' lang='lat' dir='ltr'><strong>iet</strong></span> <span class='ocrx_word' id='word_1_63' title='bbox 691 986 866 1059; x_wconf 67' lang='lat' dir='ltr'><strong>prceda</strong></span> <span class='ocrx_word' id='word_1_64' title='bbox 892 999 987 1039; x_wconf 88' lang='lat' dir='ltr'><strong>sua</strong></span> <span class='ocrx_word' id='word_1_65' title='bbox 1016 982 1298 1035; x_wconf 76' lang='lat' dir='ltr'><strong>frustratus</strong></span> <span class='ocrx_word' id='word_1_66' title='bbox 1321 978 1391 1033; x_wconf 87' lang='lat' dir='ltr'><strong>sit</strong></span> <span class='ocrx_word' id='word_1_67' title='bbox 1420 974 1588 1030; x_wconf 88' lang='lat' dir='ltr'><strong>hostis</strong></span> <span class='ocrx_word' id='word_1_68' title='bbox 1606 974 1805 1027; x_wconf 88' lang='lat' dir='ltr'><strong>elusus.</strong></span> <span class='ocrx_word' id='word_1_69' title='bbox 1835 970 2021 1040; x_wconf 80' lang='lat' dir='ltr'><strong>Itaque</strong></span> <span class='ocrx_word' id='word_1_70' title='bbox 2042 969 2185 1024; x_wconf 82' lang='lat' dir='ltr'><strong>obti-</strong></span> 
     </span>
    </p>
   </div>
   <div class='ocr_carea' id='block_1_9' title="bbox 607 1060 2188 1147">
    <p class='ocr_par' dir='ltr' id='par_1_9' title="bbox 607 1060 2188 1147">
     <span class='ocr_line' id='line_1_9' title="bbox 607 1060 2188 1147; baseline -0.013 -11"><span class='ocrx_word' id='word_1_71' title='bbox 607 1080 727 1136; x_wconf 84' lang='lat' dir='ltr'><strong>nuit</strong></span> <span class='ocrx_word' id='word_1_72' title='bbox 764 1077 973 1147; x_wconf 74' lang='lat' dir='ltr'><strong>gemina</strong></span> <span class='ocrx_word' id='word_1_73' title='bbox 1018 1076 1188 1129; x_wconf 88' lang='lat' dir='ltr'><strong>virtus</strong></span> <span class='ocrx_word' id='word_1_74' title='bbox 1219 1070 1472 1124; x_wconf 82' lang='lat' dir='ltr'><strong>invictam</strong></span> <span class='ocrx_word' id='word_1_75' title='bbox 1512 1065 1792 1120; x_wconf 83' lang='lat' dir='ltr'><strong>victoriam</strong></span> <span class='ocrx_word' id='word_1_76' title='bbox 1820 1104 1838 1129; x_wconf 94' lang='lat'><strong>,</strong></span> <span class='ocrx_word' id='word_1_77' title='bbox 1876 1060 2091 1131; x_wconf 90' lang='lat' dir='ltr'><strong>quando</strong></span> <span class='ocrx_word' id='word_1_78' title='bbox 2130 1066 2188 1117; x_wconf 89' lang='lat' dir='ltr'><strong>et</strong></span> 
     </span>
    </p>
   </div>
   <div class='ocr_carea' id='block_1_10' title="bbox 605 1152 2182 1237">
    <p class='ocr_par' dir='ltr' id='par_1_10' title="bbox 605 1152 2182 1237">
     <span class='ocr_line' id='line_1_10' title="bbox 605 1152 2182 1237; baseline -0.015 -9"><span class='ocrx_word' id='word_1_79' title='bbox 605 1173 746 1229; x_wconf 91' lang='lat' dir='ltr'><strong>vires</strong></span> <span class='ocrx_word' id='word_1_80' title='bbox 795 1175 997 1237; x_wconf 66' lang='lat' dir='ltr'><strong>testato</strong></span> <span class='ocrx_word' id='word_1_81' title='bbox 1050 1162 1397 1226; x_wconf 87' lang='lat' dir='ltr'><strong>reddidit,et</strong></span> <span class='ocrx_word' id='word_1_82' title='bbox 1442 1156 1806 1212; x_wconf 88' lang='lat' dir='ltr'><strong>adversarium</strong></span> <span class='ocrx_word' id='word_1_83' title='bbox 1859 1152 2182 1222; x_wconf 83' lang='lat' dir='ltr'><strong>imperavit:</strong></span> 
     </span>
    </p>
   </div>
   <div class='ocr_carea' id='block_1_11' title="bbox 605 1243 2186 1333">
    <p class='ocr_par' dir='ltr' id='par_1_11' title="bbox 605 1243 2186 1333">
     <span class='ocr_line' id='line_1_11' title="bbox 605 1243 2186 1333; baseline -0.014 -13"><span class='ocrx_word' id='word_1_84' title='bbox 605 1262 914 1333; x_wconf 86' lang='lat' dir='ltr'><strong>deplorante</strong></span> <span class='ocrx_word' id='word_1_85' title='bbox 944 1256 1160 1311; x_wconf 87' lang='lat' dir='ltr'><strong>inimico</strong></span> <span class='ocrx_word' id='word_1_86' title='bbox 1185 1253 1450 1322; x_wconf 90' lang='lat' dir='ltr'><strong>jacturam</strong></span> <span class='ocrx_word' id='word_1_87' title='bbox 1495 1264 1659 1320; x_wconf 88' lang='lat' dir='ltr'><strong>quam</strong></span> <span class='ocrx_word' id='word_1_88' title='bbox 1692 1246 1938 1314; x_wconf 88' lang='lat' dir='ltr'><strong>fecerat,</strong></span> <span class='ocrx_word' id='word_1_89' title='bbox 1968 1243 2186 1299; x_wconf 73' lang='lat' dir='ltr'><strong>lmtaitte</strong></span> 
     </span>
    </p>
   </div>
   <div class='ocr_carea' id='block_1_12' title="bbox 603 1342 1656 1417">
    <p class='ocr_par' dir='ltr' id='par_1_12' title="bbox 603 1342 1656 1417">
     <span class='ocr_line' id='line_1_12' title="bbox 603 1342 1656 1417; baseline -0.012 -6"><span class='ocrx_word' id='word_1_90' title='bbox 603 1352 870 1410; x_wconf 81' lang='lat' dir='ltr'><strong>monacho</strong></span> <span class='ocrx_word' id='word_1_91' title='bbox 898 1350 1073 1406; x_wconf 91' lang='lat' dir='ltr'><strong>salute</strong></span> <span class='ocrx_word' id='word_1_92' title='bbox 1098 1362 1262 1417; x_wconf 88' lang='lat' dir='ltr'><strong>quam</strong></span> <span class='ocrx_word' id='word_1_93' title='bbox 1288 1342 1656 1414; x_wconf 82' lang='lat' dir='ltr'><strong>recuperavit.</strong></span> 
     </span>
    </p>
   </div>
   <div class='ocr_carea' id='block_1_13' title="bbox 672 1446 2186 1527">
    <p class='ocr_par' dir='ltr' id='par_1_13' title="bbox 672 1446 2186 1527">
     <span class='ocr_line' id='line_1_13' title="bbox 672 1446 2186 1527; baseline -0.011 -9"><span class='ocrx_word' id='word_1_94' title='bbox 672 1463 727 1518; x_wconf 78' lang='grc' dir='ltr'><strong>ὅ.</strong></span> <span class='ocrx_word' id='word_1_95' title='bbox 768 1463 858 1519; x_wconf 88' lang='lat' dir='ltr'><strong>Sic</strong></span> <span class='ocrx_word' id='word_1_96' title='bbox 870 1471 1045 1517; x_wconf 85' lang='lat' dir='ltr'><strong>autem</strong></span> <span class='ocrx_word' id='word_1_97' title='bbox 1068 1459 1289 1527; x_wconf 73' lang='lat' dir='ltr'><strong>singulis</strong></span> <span class='ocrx_word' id='word_1_98' title='bbox 1311 1454 1558 1511; x_wconf 86' lang='lat' dir='ltr'><strong>noctibus</strong></span> <span class='ocrx_word' id='word_1_99' title='bbox 1580 1458 1763 1521; x_wconf 87' lang='lat' dir='ltr'><strong>pastor</strong></span> <span class='ocrx_word' id='word_1_100' title='bbox 1783 1449 2026 1517; x_wconf 75' lang='lat' dir='ltr'><strong>egregius</strong></span> <span class='ocrx_word' id='word_1_101' title='bbox 2045 1446 2186 1502; x_wconf 77' lang='lat' dir='ltr'><strong>ovile</strong></span> 
     </span>
    </p>
   </div>
   <div class='ocr_carea' id='block_1_14' title="bbox 600 1538 2183 1615">
    <p class='ocr_par' dir='ltr' id='par_1_14' title="bbox 600 1538 2183 1615">
     <span class='ocr_line' id='line_1_14' title="bbox 600 1538 2183 1615; baseline -0.015 0"><span class='ocrx_word' id='word_1_102' title='bbox 600 1558 931 1615; x_wconf 86' lang='lat' dir='ltr'><strong>dominicum</strong></span> <span class='ocrx_word' id='word_1_103' title='bbox 975 1552 1412 1609; x_wconf 85' lang='lat' dir='ltr'><strong>circumlustrans</strong></span> <span class='ocrx_word' id='word_1_104' title='bbox 1432 1587 1447 1610; x_wconf 89' lang='lat'><strong>,</strong></span> <span class='ocrx_word' id='word_1_105' title='bbox 1480 1560 1548 1600; x_wconf 88' lang='lat' dir='ltr'><strong>ne</strong></span> <span class='ocrx_word' id='word_1_106' title='bbox 1574 1542 1701 1613; x_wconf 87' lang='lat' dir='ltr'><strong>quid</strong></span> <span class='ocrx_word' id='word_1_107' title='bbox 1728 1541 1939 1595; x_wconf 82' lang='lat' dir='ltr'><strong>adversi</strong></span> <span class='ocrx_word' id='word_1_108' title='bbox 1969 1538 2183 1594; x_wconf 88' lang='lat' dir='ltr'><strong>accide-</strong></span> 
     </span>
    </p>
   </div>
   <div class='ocr_carea' id='block_1_15' title="bbox 602 1631 2185 1718">
    <p class='ocr_par' dir='ltr' id='par_1_15' title="bbox 602 1631 2185 1718">
     <span class='ocr_line' id='line_1_15' title="bbox 602 1631 2185 1718; baseline -0.013 -13"><span class='ocrx_word' id='word_1_109' title='bbox 602 1648 789 1718; x_wconf 60' lang='grc' dir='ltr'><strong>νει,αό</strong></span> <span class='ocrx_word' id='word_1_110' title='bbox 813 1647 962 1701; x_wconf 85' lang='lat' dir='ltr'><strong>littus</strong></span> <span class='ocrx_word' id='word_1_111' title='bbox 981 1643 1230 1713; x_wconf 67' lang='lat' dir='ltr'><strong>tenueris,</strong></span> <span class='ocrx_word' id='word_1_112' title='bbox 1244 1638 1391 1710; x_wconf 90' lang='lat' dir='ltr'><strong>quod</strong></span> <span class='ocrx_word' id='word_1_113' title='bbox 1413 1645 1634 1693; x_wconf 84' lang='lat' dir='ltr'><strong>vocatur</strong></span> <span class='ocrx_word' id='word_1_114' title='bbox 1655 1633 1844 1698; x_wconf 83' lang='lat' dir='ltr'><strong>moles,</strong></span> <span class='ocrx_word' id='word_1_115' title='bbox 1858 1631 2185 1701; x_wconf 85' lang='lat' dir='ltr'><strong>quandoque</strong></span> 
     </span>
    </p>
   </div>
   <div class='ocr_carea' id='block_1_16' title="bbox 605 1728 2183 1807">
    <p class='ocr_par' dir='ltr' id='par_1_16' title="bbox 605 1728 2183 1807">
     <span class='ocr_line' id='line_1_16' title="bbox 605 1728 2183 1807; baseline -0.011 -9"><span class='ocrx_word' id='word_1_116' title='bbox 605 1741 869 1805; x_wconf 83' lang='lat' dir='ltr'><strong>accessit,</strong></span> <span class='ocrx_word' id='word_1_117' title='bbox 899 1751 1131 1807; x_wconf 88' lang='lat' dir='ltr'><strong>moxque</strong></span> <span class='ocrx_word' id='word_1_118' title='bbox 1156 1742 1430 1790; x_wconf 78' lang='lat' dir='ltr'><strong>veterator</strong></span> <span class='ocrx_word' id='word_1_119' title='bbox 1458 1732 1548 1786; x_wconf 91' lang='lat' dir='ltr'><strong>ille</strong></span> <span class='ocrx_word' id='word_1_120' title='bbox 1577 1728 1860 1799; x_wconf 65' lang='lat' dir='ltr'><strong>praestigiis</strong></span> <span class='ocrx_word' id='word_1_121' title='bbox 1885 1728 1998 1782; x_wconf 88' lang='lat' dir='ltr'><strong>suis</strong></span> <span class='ocrx_word' id='word_1_122' title='bbox 2023 1741 2183 1780; x_wconf 87' lang='lat' dir='ltr'><strong>ausus</strong></span> 
     </span>
    </p>
   </div>
   <div class='ocr_carea' id='block_1_17' title="bbox 600 1819 2054 1900">
    <p class='ocr_par' dir='ltr' id='par_1_17' title="bbox 600 1819 2054 1900">
     <span class='ocr_line' id='line_1_17' title="bbox 600 1819 2054 1900; baseline -0.011 -13"><span class='ocrx_word' id='word_1_123' title='bbox 600 1840 690 1887; x_wconf 74' lang='lat' dir='ltr'><strong>est</strong></span> <span class='ocrx_word' id='word_1_124' title='bbox 717 1839 970 1900; x_wconf 85' lang='lat' dir='ltr'><strong>tanquam</strong></span> <span class='ocrx_word' id='word_1_125' title='bbox 998 1842 1189 1882; x_wconf 84' lang='lat' dir='ltr'><strong>navem</strong></span> <span class='ocrx_word' id='word_1_126' title='bbox 1218 1832 1465 1881; x_wconf 81' lang='lat' dir='ltr'><strong>onustam</strong></span> <span class='ocrx_word' id='word_1_127' title='bbox 1496 1821 1668 1877; x_wconf 89' lang='lat' dir='ltr'><strong>oculis</strong></span> <span class='ocrx_word' id='word_1_128' title='bbox 1705 1819 1855 1874; x_wconf 79' lang='lat' dir='ltr'><strong>ocius</strong></span> <span class='ocrx_word' id='word_1_129' title='bbox 1884 1833 2054 1888; x_wconf 77' lang='lat' dir='ltr'><strong>repra:</strong></span> 
     </span>
    </p>
   </div>
   <div class='ocr_carea' id='block_1_18' title="bbox 604 1908 2184 1989">
    <p class='ocr_par' dir='ltr' id='par_1_18' title="bbox 604 1908 2184 1989">
     <span class='ocr_line' id='line_1_18' title="bbox 604 1908 2184 1989; baseline -0.011 -10"><span class='ocrx_word' id='word_1_130' title='bbox 604 1932 744 1988; x_wconf 84' lang='lat' dir='ltr'><strong>tare,</strong></span> <span class='ocrx_word' id='word_1_131' title='bbox 761 1929 1054 1989; x_wconf 84' lang='lat' dir='ltr'><strong>nautasque</strong></span> <span class='ocrx_word' id='word_1_132' title='bbox 1066 1934 1164 1973; x_wconf 92' lang='lat' dir='ltr'><strong>suo</strong></span> <span class='ocrx_word' id='word_1_133' title='bbox 1190 1926 1339 1970; x_wconf 84' lang='lat' dir='ltr'><strong>more</strong></span> <span class='ocrx_word' id='word_1_134' title='bbox 1360 1913 1627 1969; x_wconf 87' lang='lat' dir='ltr'><strong>ferventes</strong></span> <span class='ocrx_word' id='word_1_135' title='bbox 1653 1912 1707 1966; x_wconf 91' lang='lat' dir='ltr'><strong>in</strong></span> <span class='ocrx_word' id='word_1_136' title='bbox 1728 1925 1914 1979; x_wconf 91' lang='lat' dir='ltr'><strong>opere,</strong></span> <span class='ocrx_word' id='word_1_137' title='bbox 1928 1908 2184 1976; x_wconf 81' lang='lat' dir='ltr'><strong>navisque</strong></span> 
     </span>
    </p>
   </div>
   <div class='ocr_carea' id='block_1_19' title="bbox 594 2001 2182 2082">
    <p class='ocr_par' dir='ltr' id='par_1_19' title="bbox 594 2001 2182 2082">
     <span class='ocr_line' id='line_1_19' title="bbox 594 2001 2182 2082; baseline -0.01 -9"><span class='ocrx_word' id='word_1_138' title='bbox 594 2018 955 2074; x_wconf 70' lang='lat' dir='ltr'><strong>instrumenta</strong></span> <span class='ocrx_word' id='word_1_139' title='bbox 1006 2013 1345 2082; x_wconf 79' lang='lat' dir='ltr'><strong>colligentes:</strong></span> <span class='ocrx_word' id='word_1_140' title='bbox 1379 2008 1515 2063; x_wconf 82' lang='lat' dir='ltr'><strong>duos</strong></span> <span class='ocrx_word' id='word_1_141' title='bbox 1543 2022 1673 2062; x_wconf 78' lang='lat' dir='ltr'><strong>vero</strong></span> <span class='ocrx_word' id='word_1_142' title='bbox 1700 2019 1771 2060; x_wconf 87' lang='lat' dir='ltr'><strong>ex</strong></span> <span class='ocrx_word' id='word_1_143' title='bbox 1802 2005 1906 2059; x_wconf 85' lang='lat' dir='ltr'><strong>illis</strong></span> <span class='ocrx_word' id='word_1_144' title='bbox 1933 2003 2001 2057; x_wconf 85' lang='lat' dir='ltr'><strong>ad</strong></span> <span class='ocrx_word' id='word_1_145' title='bbox 2038 2001 2182 2057; x_wconf 85' lang='lat' dir='ltr'><strong>beati</strong></span> 
     </span>
    </p>
   </div>
   <div class='ocr_carea' id='block_1_20' title="bbox 600 2096 2184 2170">
    <p class='ocr_par' dir='ltr' id='par_1_20' title="bbox 600 2096 2184 2170">
     <span class='ocr_line' id='line_1_20' title="bbox 600 2096 2184 2170; baseline -0.008 -6"><span class='ocrx_word' id='word_1_146' title='bbox 600 2109 706 2165; x_wconf 76' lang='lat' dir='ltr'><strong>viri</strong></span> <span class='ocrx_word' id='word_1_147' title='bbox 733 2109 901 2163; x_wconf 83' lang='lat' dir='ltr'><strong>latera</strong></span> <span class='ocrx_word' id='word_1_148' title='bbox 932 2106 1245 2162; x_wconf 79' lang='lat' dir='ltr'><strong>accedentes</strong></span> <span class='ocrx_word' id='word_1_149' title='bbox 1268 2143 1282 2168; x_wconf 84' lang='lat'><strong>,</strong></span> <span class='ocrx_word' id='word_1_150' title='bbox 1312 2102 1658 2170; x_wconf 84' lang='lat' dir='ltr'><strong>dicentesque</strong></span> <span class='ocrx_word' id='word_1_151' title='bbox 1695 2115 1754 2155; x_wconf 89' lang='lat' dir='ltr'><strong>se</strong></span> <span class='ocrx_word' id='word_1_152' title='bbox 1795 2113 1861 2153; x_wconf 90' lang='lat' dir='ltr'><strong>eo</strong></span> <span class='ocrx_word' id='word_1_153' title='bbox 1903 2096 2184 2151; x_wconf 86' lang='lat' dir='ltr'><strong>advenisse</strong></span> 
     </span>
    </p>
   </div>
   <div class='ocr_carea' id='block_1_21' title="bbox 606 2186 2182 2268">
    <p class='ocr_par' dir='ltr' id='par_1_21' title="bbox 606 2186 2182 2268">
     <span class='ocr_line' id='line_1_21' title="bbox 606 2186 2182 2268; baseline -0.009 -13"><span class='ocrx_word' id='word_1_154' title='bbox 606 2196 923 2268; x_wconf 73' lang='lat' dir='ltr'><strong>negoeiandi</strong></span> <span class='ocrx_word' id='word_1_155' title='bbox 946 2194 1287 2263; x_wconf 89' lang='lat' dir='ltr'><strong>causa,quod</strong></span> <span class='ocrx_word' id='word_1_156' title='bbox 1310 2208 1418 2247; x_wconf 91' lang='lat' dir='ltr'><strong>non</strong></span> <span class='ocrx_word' id='word_1_157' title='bbox 1447 2193 1561 2247; x_wconf 87' lang='lat' dir='ltr'><strong>sine</strong></span> <span class='ocrx_word' id='word_1_158' title='bbox 1581 2190 1781 2260; x_wconf 85' lang='lat' dir='ltr'><strong>ingenti</strong></span> <span class='ocrx_word' id='word_1_159' title='bbox 1817 2189 1965 2243; x_wconf 90' lang='lat' dir='ltr'><strong>lucro</strong></span> <span class='ocrx_word' id='word_1_160' title='bbox 1992 2187 2043 2245; x_wconf 85' lang='lat' dir='ltr'><strong>id</strong></span> <span class='ocrx_word' id='word_1_161' title='bbox 2069 2186 2182 2241; x_wconf 79' lang='lat' dir='ltr'><strong>fore</strong></span> 
     </span>
    </p>
   </div>
   <div class='ocr_carea' id='block_1_22' title="bbox 604 2278 2178 2348">
    <p class='ocr_par' dir='ltr' id='par_1_22' title="bbox 604 2278 2178 2348">
     <span class='ocr_line' id='line_1_22' title="bbox 604 2278 2178 2348; baseline -0.011 0"><span class='ocrx_word' id='word_1_162' title='bbox 604 2292 686 2348; x_wconf 89' lang='lat' dir='ltr'><strong>rei</strong></span> <span class='ocrx_word' id='word_1_163' title='bbox 714 2296 936 2346; x_wconf 86' lang='lat' dir='ltr'><strong>eventus</strong></span> <span class='ocrx_word' id='word_1_164' title='bbox 979 2284 1322 2341; x_wconf 79' lang='lat' dir='ltr'><strong>declarasset.</strong></span> <span class='ocrx_word' id='word_1_165' title='bbox 1355 2283 1424 2338; x_wconf 90' lang='lat' dir='ltr'><strong>Se</strong></span> <span class='ocrx_word' id='word_1_166' title='bbox 1474 2296 1633 2337; x_wconf 90' lang='lat' dir='ltr'><strong>nosse</strong></span> <span class='ocrx_word' id='word_1_167' title='bbox 1670 2281 1819 2334; x_wconf 91' lang='lat' dir='ltr'><strong>illum</strong></span> <span class='ocrx_word' id='word_1_168' title='bbox 1850 2278 2136 2333; x_wconf 82' lang='lat' dir='ltr'><strong>Maximum</strong></span> <span class='ocrx_word' id='word_1_169' title='bbox 2164 2316 2178 2341; x_wconf 90' lang='lat'><strong>,</strong></span> 
     </span>
    </p>
   </div>
   <div class='ocr_carea' id='block_1_23' title="bbox 607 2372 2182 2446">
    <p class='ocr_par' dir='ltr' id='par_1_23' title="bbox 607 2372 2182 2446">
     <span class='ocr_line' id='line_1_23' title="bbox 607 2372 2182 2446; baseline -0.01 -5"><span class='ocrx_word' id='word_1_170' title='bbox 607 2400 717 2441; x_wconf 89' lang='lat' dir='ltr'><strong>non</strong></span> <span class='ocrx_word' id='word_1_171' title='bbox 762 2383 939 2437; x_wconf 91' lang='lat' dir='ltr'><strong>minus</strong></span> <span class='ocrx_word' id='word_1_172' title='bbox 988 2379 1307 2446; x_wconf 89' lang='lat' dir='ltr'><strong>sanctitate,</strong></span> <span class='ocrx_word' id='word_1_173' title='bbox 1351 2391 1513 2446; x_wconf 89' lang='lat' dir='ltr'><strong>quam</strong></span> <span class='ocrx_word' id='word_1_174' title='bbox 1560 2375 1801 2431; x_wconf 86' lang='lat' dir='ltr'><strong>nomine:</strong></span> <span class='ocrx_word' id='word_1_175' title='bbox 1849 2386 2076 2442; x_wconf 81' lang='lat' dir='ltr'><strong>eumque</strong></span> <span class='ocrx_word' id='word_1_176' title='bbox 2126 2372 2182 2427; x_wconf 92' lang='lat' dir='ltr'><strong>in</strong></span> 
     </span>
    </p>
   </div>
   <div class='ocr_carea' id='block_1_24' title="bbox 606 2466 2180 2540">
    <p class='ocr_par' dir='ltr' id='par_1_24' title="bbox 606 2466 2180 2540">
     <span class='ocr_line' id='line_1_24' title="bbox 606 2466 2180 2540; baseline -0.008 -6"><span class='ocrx_word' id='word_1_177' title='bbox 606 2477 739 2534; x_wconf 87' lang='lat' dir='ltr'><strong>locis</strong></span> <span class='ocrx_word' id='word_1_178' title='bbox 766 2472 1133 2530; x_wconf 86' lang='lat' dir='ltr'><strong>transmarinis</strong></span> <span class='ocrx_word' id='word_1_179' title='bbox 1172 2478 1452 2540; x_wconf 88' lang='lat' dir='ltr'><strong>tantopere</strong></span> <span class='ocrx_word' id='word_1_180' title='bbox 1484 2468 1777 2524; x_wconf 81' lang='lat' dir='ltr'><strong>desiderari</strong></span> <span class='ocrx_word' id='word_1_181' title='bbox 1801 2469 1866 2521; x_wconf 90' lang='lat' dir='ltr'><strong>ab</strong></span> <span class='ocrx_word' id='word_1_182' title='bbox 1896 2466 2180 2535; x_wconf 83' lang='lat' dir='ltr'><strong>omnibus,</strong></span> 
     </span>
    </p>
   </div>
   <div class='ocr_carea' id='block_1_25' title="bbox 586 2546 2180 2633">
    <p class='ocr_par' dir='ltr' id='par_1_25' title="bbox 586 2546 2180 2633">
     <span class='ocr_line' id='line_1_25' title="bbox 586 2546 2180 2633; baseline -0.006 -8"><span class='ocrx_word' id='word_1_183' title='bbox 586 2546 591 2555; x_wconf 12' lang='grc' dir='ltr'>κ</span> <span class='ocrx_word' id='word_1_184' title='bbox 606 2576 668 2625; x_wconf 87' lang='lat' dir='ltr'><strong>ut</strong></span> <span class='ocrx_word' id='word_1_185' title='bbox 692 2568 736 2623; x_wconf 91' lang='lat' dir='ltr'><strong>si</strong></span> <span class='ocrx_word' id='word_1_186' title='bbox 766 2581 887 2622; x_wconf 88' lang='lat' dir='ltr'><strong>eum</strong></span> <span class='ocrx_word' id='word_1_187' title='bbox 918 2564 1163 2620; x_wconf 88' lang='lat' dir='ltr'><strong>obtinere</strong></span> <span class='ocrx_word' id='word_1_188' title='bbox 1188 2562 1395 2633; x_wconf 80' lang='lat' dir='ltr'><strong>possint</strong></span> <span class='ocrx_word' id='word_1_189' title='bbox 1420 2602 1435 2627; x_wconf 90' lang='lat'><strong>,</strong></span> <span class='ocrx_word' id='word_1_190' title='bbox 1466 2561 1597 2615; x_wconf 88' lang='lat' dir='ltr'><strong>nihil</strong></span> <span class='ocrx_word' id='word_1_191' title='bbox 1623 2561 1729 2616; x_wconf 89' lang='lat' dir='ltr'><strong>sint</strong></span> <span class='ocrx_word' id='word_1_192' title='bbox 1755 2560 1945 2630; x_wconf 80' lang='lat' dir='ltr'><strong>majori</strong></span> <span class='ocrx_word' id='word_1_193' title='bbox 1974 2562 2027 2615; x_wconf 89' lang='lat' dir='ltr'><strong>in</strong></span> <span class='ocrx_word' id='word_1_194' title='bbox 2054 2576 2180 2630; x_wconf 89' lang='lat' dir='ltr'><strong>pre-</strong></span> 
     </span>
    </p>
   </div>
   <div class='ocr_carea' id='block_1_26' title="bbox 588 2640 2183 2723">
    <p class='ocr_par' dir='ltr' id='par_1_26' title="bbox 588 2640 2183 2723">
     <span class='ocr_line' id='line_1_26' title="bbox 588 2640 2183 2723; baseline -0.006 -7"><span class='ocrx_word' id='word_1_195' title='bbox 588 2640 681 2716; x_wconf 66' lang='grc' dir='ltr'><strong>Διίο</strong></span> <span class='ocrx_word' id='word_1_196' title='bbox 708 2656 957 2712; x_wconf 90' lang='lat' dir='ltr'><strong>habituri.</strong></span> <span class='ocrx_word' id='word_1_197' title='bbox 1003 2653 1217 2708; x_wconf 82' lang='lat' dir='ltr'><strong>Nullum</strong></span> <span class='ocrx_word' id='word_1_198' title='bbox 1263 2667 1325 2708; x_wconf 91' lang='lat' dir='ltr'><strong>se</strong></span> <span class='ocrx_word' id='word_1_199' title='bbox 1371 2652 1530 2723; x_wconf 82' lang='lat' dir='ltr'><strong>igitur</strong></span> <span class='ocrx_word' id='word_1_200' title='bbox 1558 2652 1730 2721; x_wconf 85' lang='lat' dir='ltr'><strong>majus</strong></span> <span class='ocrx_word' id='word_1_201' title='bbox 1774 2651 2007 2707; x_wconf 87' lang='lat' dir='ltr'><strong>facturos</strong></span> <span class='ocrx_word' id='word_1_202' title='bbox 2036 2668 2183 2708; x_wconf 88' lang='lat' dir='ltr'><strong>com-</strong></span> 
     </span>
    </p>
   </div>
   <div class='ocr_carea' id='block_1_27' title="bbox 602 2734 2183 2823">
    <p class='ocr_par' dir='ltr' id='par_1_27' title="bbox 602 2734 2183 2823">
     <span class='ocr_line' id='line_1_27' title="bbox 602 2734 2183 2823; baseline -0.002 -20"><span class='ocrx_word' id='word_1_203' title='bbox 602 2748 894 2823; x_wconf 87' lang='lat' dir='ltr'><strong>pendium,</strong></span> <span class='ocrx_word' id='word_1_204' title='bbox 924 2760 1085 2816; x_wconf 90' lang='lat' dir='ltr'><strong>quam</strong></span> <span class='ocrx_word' id='word_1_205' title='bbox 1130 2744 1175 2799; x_wconf 91' lang='lat' dir='ltr'><strong>si</strong></span> <span class='ocrx_word' id='word_1_206' title='bbox 1223 2744 1397 2815; x_wconf 89' lang='lat' dir='ltr'><strong>ipsum</strong></span> <span class='ocrx_word' id='word_1_207' title='bbox 1447 2744 1570 2799; x_wconf 88' lang='lat' dir='ltr'><strong>navi</strong></span> <span class='ocrx_word' id='word_1_208' title='bbox 1622 2744 1932 2813; x_wconf 90' lang='lat' dir='ltr'><strong>impositum</strong></span> <span class='ocrx_word' id='word_1_209' title='bbox 1978 2734 2183 2814; x_wconf 75' lang='lat' dir='ltr'><strong>possint</strong></span> 
     </span>
    </p>
   </div>
   <div class='ocr_carea' id='block_1_28' title="bbox 602 2835 2184 2907">
    <p class='ocr_par' dir='ltr' id='par_1_28' title="bbox 602 2835 2184 2907">
     <span class='ocr_line' id='line_1_28' title="bbox 602 2835 2184 2907; baseline -0.003 -12"><span class='ocrx_word' id='word_1_210' title='bbox 602 2839 869 2897; x_wconf 86' lang='lat' dir='ltr'><strong>abducere</strong></span> <span class='ocrx_word' id='word_1_211' title='bbox 892 2836 1335 2907; x_wconf 79' lang='lat' dir='ltr'><strong>Hierosolymam,</strong></span> <span class='ocrx_word' id='word_1_212' title='bbox 1361 2843 1554 2904; x_wconf 72' lang='lat' dir='ltr'><strong>prmter</strong></span> <span class='ocrx_word' id='word_1_213' title='bbox 1574 2835 1884 2905; x_wconf 79' lang='lat' dir='ltr'><strong>opinionem</strong></span> <span class='ocrx_word' id='word_1_214' title='bbox 1927 2850 2184 2892; x_wconf 88' lang='lat' dir='ltr'><strong>successu</strong></span> 
     </span>
    </p>
   </div>
   <div class='ocr_carea' id='block_1_29' title="bbox 605 2928 2183 3009">
    <p class='ocr_par' dir='ltr' id='par_1_29' title="bbox 605 2928 2183 3009">
     <span class='ocr_line' id='line_1_29' title="bbox 605 2928 2183 3009; baseline -0.004 -17"><span class='ocrx_word' id='word_1_215' title='bbox 605 2949 866 3009; x_wconf 85' lang='lat' dir='ltr'><strong>prospero</strong></span> <span class='ocrx_word' id='word_1_216' title='bbox 891 2940 1185 3002; x_wconf 89' lang='lat' dir='ltr'><strong>repertum.</strong></span> <span class='ocrx_word' id='word_1_217' title='bbox 1203 2929 1262 2985; x_wconf 84' lang='lat' dir='ltr'><strong>Id</strong></span> <span class='ocrx_word' id='word_1_218' title='bbox 1291 2945 1420 2985; x_wconf 87' lang='lat' dir='ltr'><strong>vero</strong></span> <span class='ocrx_word' id='word_1_219' title='bbox 1447 2928 1636 3000; x_wconf 90' lang='lat' dir='ltr'><strong>procul</strong></span> <span class='ocrx_word' id='word_1_220' title='bbox 1666 2928 1827 2983; x_wconf 91' lang='lat' dir='ltr'><strong>dubio</strong></span> <span class='ocrx_word' id='word_1_221' title='bbox 1858 2942 2052 2998; x_wconf 75' lang='lat' dir='ltr'><strong>magno</strong></span> <span class='ocrx_word' id='word_1_222' title='bbox 2081 2929 2183 3002; x_wconf 89' lang='lat' dir='ltr'><strong>ipsi</strong></span> 
     </span>
    </p>
   </div>
   <div class='ocr_carea' id='block_1_30' title="bbox 605 3018 2185 3092">
    <p class='ocr_par' dir='ltr' id='par_1_30' title="bbox 605 3018 2185 3092">
     <span class='ocr_line' id='line_1_30' title="bbox 605 3018 2185 3092; baseline -0.004 -9"><span class='ocrx_word' id='word_1_223' title='bbox 605 3025 801 3083; x_wconf 86' lang='lat' dir='ltr'><strong>honori</strong></span> <span class='ocrx_word' id='word_1_224' title='bbox 822 3031 878 3080; x_wconf 92' lang='lat' dir='ltr'><strong>et</strong></span> <span class='ocrx_word' id='word_1_225' title='bbox 925 3021 1167 3092; x_wconf 79' lang='lat' dir='ltr'><strong>dignitati</strong></span> <span class='ocrx_word' id='word_1_226' title='bbox 1196 3018 1313 3075; x_wconf 82' lang='lat' dir='ltr'><strong>fore</strong></span> <span class='ocrx_word' id='word_1_227' title='bbox 1342 3061 1358 3086; x_wconf 87' lang='lat'><strong>,</strong></span> <span class='ocrx_word' id='word_1_228' title='bbox 1383 3021 1427 3075; x_wconf 92' lang='lat' dir='ltr'><strong>si</strong></span> <span class='ocrx_word' id='word_1_229' title='bbox 1457 3018 1597 3074; x_wconf 82' lang='lat' dir='ltr'><strong>felici</strong></span> <span class='ocrx_word' id='word_1_230' title='bbox 1625 3034 1782 3074; x_wconf 86' lang='lat' dir='ltr'><strong>cursu</strong></span> <span class='ocrx_word' id='word_1_231' title='bbox 1812 3034 1878 3074; x_wconf 91' lang='lat' dir='ltr'><strong>eo</strong></span> <span class='ocrx_word' id='word_1_232' title='bbox 1923 3019 2185 3077; x_wconf 89' lang='lat' dir='ltr'><strong>adductus</strong></span> 
     </span>
    </p>
   </div>
   <div class='ocr_carea' id='block_1_31' title="bbox 603 3111 2185 3183">
    <p class='ocr_par' dir='ltr' id='par_1_31' title="bbox 603 3111 2185 3183">
     <span class='ocr_line' id='line_1_31' title="bbox 603 3111 2185 3183; baseline -0.003 -11"><span class='ocrx_word' id='word_1_233' title='bbox 603 3115 705 3183; x_wconf 88' lang='lat' dir='ltr'><strong>sit,</strong></span> <span class='ocrx_word' id='word_1_234' title='bbox 724 3114 815 3171; x_wconf 90' lang='lat' dir='ltr'><strong>ubi</strong></span> <span class='ocrx_word' id='word_1_235' title='bbox 843 3114 897 3169; x_wconf 90' lang='lat' dir='ltr'><strong>in</strong></span> <span class='ocrx_word' id='word_1_236' title='bbox 926 3122 1129 3168; x_wconf 90' lang='lat' dir='ltr'><strong>tantum</strong></span> <span class='ocrx_word' id='word_1_237' title='bbox 1150 3111 1291 3167; x_wconf 91' lang='lat' dir='ltr'><strong>votis</strong></span> <span class='ocrx_word' id='word_1_238' title='bbox 1314 3111 1551 3167; x_wconf 91' lang='lat' dir='ltr'><strong>omnium</strong></span> <span class='ocrx_word' id='word_1_239' title='bbox 1581 3120 1939 3181; x_wconf 79' lang='lat' dir='ltr'><strong>exspectetur.</strong></span> <span class='ocrx_word' id='word_1_240' title='bbox 1969 3111 2074 3167; x_wconf 82' lang='lat' dir='ltr'><strong>Sed</strong></span> <span class='ocrx_word' id='word_1_241' title='bbox 2107 3112 2185 3167; x_wconf 80' lang='lat' dir='ltr'><strong>vir</strong></span> 
     </span>
    </p>
   </div>
   <div class='ocr_carea' id='block_1_32' title="bbox 556 3174 2254 3274">
    <p class='ocr_par' dir='ltr' id='par_1_32' title="bbox 556 3174 2254 3274">
     <span class='ocr_line' id='line_1_32' title="bbox 556 3174 2254 3274; baseline -0.004 -8"><span class='ocrx_word' id='word_1_242' title='bbox 556 3217 561 3221; x_wconf 83' lang='grc'><em>’</em></span> <span class='ocrx_word' id='word_1_243' title='bbox 602 3206 703 3267; x_wconf 86' lang='lat' dir='ltr'><strong>Dei</strong></span> <span class='ocrx_word' id='word_1_244' title='bbox 748 3207 968 3264; x_wconf 88' lang='lat' dir='ltr'><strong>insidias</strong></span> <span class='ocrx_word' id='word_1_245' title='bbox 989 3249 1003 3274; x_wconf 92' lang='lat'><strong>,</strong></span> <span class='ocrx_word' id='word_1_246' title='bbox 1034 3215 1090 3261; x_wconf 89' lang='lat' dir='ltr'><strong>et</strong></span> <span class='ocrx_word' id='word_1_247' title='bbox 1132 3204 1331 3260; x_wconf 90' lang='lat' dir='ltr'><strong>malum</strong></span> <span class='ocrx_word' id='word_1_248' title='bbox 1358 3204 1538 3259; x_wconf 87' lang='lat' dir='ltr'><strong>dolum</strong></span> <span class='ocrx_word' id='word_1_249' title='bbox 1586 3204 1785 3259; x_wconf 89' lang='lat' dir='ltr'><strong>inimici</strong></span> <span class='ocrx_word' id='word_1_250' title='bbox 1812 3217 2143 3272; x_wconf 81' lang='lat' dir='ltr'><strong>cognoscens</strong></span> <span class='ocrx_word' id='word_1_251' title='bbox 2163 3246 2179 3273; x_wconf 92' lang='lat'><strong>,</strong></span> <span class='ocrx_word' id='word_1_252' title='bbox 2208 3174 2254 3235; x_wconf 62' lang='grc' dir='ltr'>ο</span> 
     </span>
    </p>
   </div>
   <div class='ocr_carea' id='block_1_33' title="bbox 602 3295 2185 3367">
    <p class='ocr_par' dir='ltr' id='par_1_33' title="bbox 602 3295 2185 3367">
     <span class='ocr_line' id='line_1_33' title="bbox 602 3295 2185 3367; baseline -0.008 -6"><span class='ocrx_word' id='word_1_253' title='bbox 602 3310 805 3361; x_wconf 78' lang='lat' dir='ltr'><strong>sanctze</strong></span> <span class='ocrx_word' id='word_1_254' title='bbox 828 3299 1002 3354; x_wconf 91' lang='lat' dir='ltr'><strong>crucis</strong></span> <span class='ocrx_word' id='word_1_255' title='bbox 1024 3297 1176 3367; x_wconf 82' lang='lat' dir='ltr'><strong>signo</strong></span> <span class='ocrx_word' id='word_1_256' title='bbox 1206 3311 1265 3352; x_wconf 91' lang='lat' dir='ltr'><strong>se</strong></span> <span class='ocrx_word' id='word_1_257' title='bbox 1292 3295 1608 3362; x_wconf 87' lang='lat' dir='ltr'><strong>communit,</strong></span> <span class='ocrx_word' id='word_1_258' title='bbox 1630 3296 1904 3351; x_wconf 76' lang='lat' dir='ltr'><strong>ctelestem</strong></span> <span class='ocrx_word' id='word_1_259' title='bbox 1936 3295 2185 3365; x_wconf 84' lang='lat' dir='ltr'><strong>implorat</strong></span> 
     </span>
    </p>
   </div>
   <div class='ocr_carea' id='block_1_34' title="bbox 605 3385 2180 3466">
    <p class='ocr_par' dir='ltr' id='par_1_34' title="bbox 605 3385 2180 3466">
     <span class='ocr_line' id='line_1_34' title="bbox 605 3385 2180 3466; baseline -0.007 -13"><span class='ocrx_word' id='word_1_260' title='bbox 605 3407 804 3466; x_wconf 88' lang='lat' dir='ltr'><strong>opem,</strong></span> <span class='ocrx_word' id='word_1_261' title='bbox 836 3406 901 3446; x_wconf 91' lang='lat' dir='ltr'><strong>ac</strong></span> <span class='ocrx_word' id='word_1_262' title='bbox 927 3387 1121 3445; x_wconf 88' lang='lat' dir='ltr'><strong>deinde</strong></span> <span class='ocrx_word' id='word_1_263' title='bbox 1147 3385 1374 3459; x_wconf 84' lang='lat' dir='ltr'><strong>spiritali</strong></span> <span class='ocrx_word' id='word_1_264' title='bbox 1404 3385 1724 3441; x_wconf 87' lang='lat' dir='ltr'><strong>auctoritate</strong></span> <span class='ocrx_word' id='word_1_265' title='bbox 1752 3387 1832 3442; x_wconf 92' lang='lat' dir='ltr'><strong>sic</strong></span> <span class='ocrx_word' id='word_1_266' title='bbox 1859 3387 2180 3457; x_wconf 78' lang='lat' dir='ltr'><strong>respondet:</strong></span> 
     </span>
    </p>
   </div>
   <div class='ocr_carea' id='block_1_35' title="bbox 605 3480 2187 3555">
    <p class='ocr_par' dir='ltr' id='par_1_35' title="bbox 605 3480 2187 3555">
     <span class='ocr_line' id='line_1_35' title="bbox 605 3480 2187 3555; baseline -0.003 -11"><span class='ocrx_word' id='word_1_267' title='bbox 605 3486 816 3546; x_wconf 82' lang='lat' dir='ltr'><strong>Fallere</strong></span> <span class='ocrx_word' id='word_1_268' title='bbox 846 3500 953 3539; x_wconf 91' lang='lat' dir='ltr'><strong>non</strong></span> <span class='ocrx_word' id='word_1_269' title='bbox 982 3489 1158 3555; x_wconf 88' lang='lat' dir='ltr'><strong>potest</strong></span> <span class='ocrx_word' id='word_1_270' title='bbox 1199 3481 1397 3536; x_wconf 88' lang='lat' dir='ltr'><strong>milites</strong></span> <span class='ocrx_word' id='word_1_271' title='bbox 1444 3480 1642 3535; x_wconf 80' lang='lat' dir='ltr'><strong>Christi</strong></span> <span class='ocrx_word' id='word_1_272' title='bbox 1680 3482 1916 3550; x_wconf 88' lang='lat' dir='ltr'><strong>nequitia</strong></span> <span class='ocrx_word' id='word_1_273' title='bbox 1961 3483 2100 3552; x_wconf 81' lang='lat' dir='ltr'><strong>plani</strong></span> <span class='ocrx_word' id='word_1_274' title='bbox 2131 3492 2187 3539; x_wconf 88' lang='lat' dir='ltr'><strong>et</strong></span> 
     </span>
    </p>
   </div>
   <div class='ocr_carea' id='block_1_36' title="bbox 606 3571 2186 3650">
    <p class='ocr_par' dir='ltr' id='par_1_36' title="bbox 606 3571 2186 3650">
     <span class='ocr_line' id='line_1_36' title="bbox 606 3571 2186 3650; baseline -0.001 -16"><span class='ocrx_word' id='word_1_275' title='bbox 606 3577 947 3650; x_wconf 88' lang='lat' dir='ltr'><strong>impostoris,</strong></span> <span class='ocrx_word' id='word_1_276' title='bbox 974 3590 1074 3631; x_wconf 89' lang='lat' dir='ltr'><strong>nec</strong></span> <span class='ocrx_word' id='word_1_277' title='bbox 1116 3572 1224 3629; x_wconf 89' lang='lat' dir='ltr'><strong>suis</strong></span> <span class='ocrx_word' id='word_1_278' title='bbox 1268 3571 1542 3628; x_wconf 86' lang='lat' dir='ltr'><strong>fraudibus</strong></span> <span class='ocrx_word' id='word_1_279' title='bbox 1583 3572 1689 3628; x_wconf 83' lang='lat' dir='ltr'><strong>illis</strong></span> <span class='ocrx_word' id='word_1_280' title='bbox 1716 3581 1915 3644; x_wconf 75' lang='lat' dir='ltr'><strong>°potest</strong></span> <span class='ocrx_word' id='word_1_281' title='bbox 1961 3574 2186 3633; x_wconf 87' lang='lat' dir='ltr'><strong>illudere</strong></span> 
     </span>
    </p>
   </div>
   <div class='ocr_carea' id='block_1_37' title="bbox 594 3663 2182 3742">
    <p class='ocr_par' dir='ltr' id='par_1_37' title="bbox 594 3663 2182 3742">
     <span class='ocr_line' id='line_1_37' title="bbox 594 3663 2182 3742; baseline -0.007 -9"><span class='ocrx_word' id='word_1_282' title='bbox 594 3670 872 3742; x_wconf 82' lang='lat' dir='ltr'><strong>malignus</strong></span> <span class='ocrx_word' id='word_1_283' title='bbox 898 3712 912 3735; x_wconf 94' lang='lat'><strong>,</strong></span> <span class='ocrx_word' id='word_1_284' title='bbox 943 3664 1137 3739; x_wconf 88' lang='lat' dir='ltr'><strong>quibus</strong></span> <span class='ocrx_word' id='word_1_285' title='bbox 1164 3663 1306 3721; x_wconf 91' lang='lat' dir='ltr'><strong>Deus</strong></span> <span class='ocrx_word' id='word_1_286' title='bbox 1334 3664 1386 3720; x_wconf 92' lang='lat' dir='ltr'><strong>id</strong></span> <span class='ocrx_word' id='word_1_287' title='bbox 1415 3674 1631 3738; x_wconf 65' lang='lat' dir='ltr'><strong>praestat</strong></span> <span class='ocrx_word' id='word_1_288' title='bbox 1656 3708 1673 3734; x_wconf 90' lang='lat'><strong>,</strong></span> <span class='ocrx_word' id='word_1_289' title='bbox 1696 3674 1757 3722; x_wconf 90' lang='lat' dir='ltr'><strong>ut</strong></span> <span class='ocrx_word' id='word_1_290' title='bbox 1785 3667 2007 3725; x_wconf 89' lang='lat' dir='ltr'><strong>adversa</strong></span> <span class='ocrx_word' id='word_1_291' title='bbox 2041 3684 2182 3739; x_wconf 73' lang='lat' dir='ltr'><strong>pra:-</strong></span> 
     </span>
    </p>
   </div>
   <div class='ocr_carea' id='block_1_38' title="bbox 606 3755 2187 3831">
    <p class='ocr_par' dir='ltr' id='par_1_38' title="bbox 606 3755 2187 3831">
     <span class='ocr_line' id='line_1_38' title="bbox 606 3755 2187 3831; baseline -0.003 -10"><span class='ocrx_word' id='word_1_292' title='bbox 606 3763 790 3822; x_wconf 78' lang='lat' dir='ltr'><strong>videre</strong></span> <span class='ocrx_word' id='word_1_293' title='bbox 818 3767 1040 3831; x_wconf 89' lang='lat' dir='ltr'><strong>queant.</strong></span> <span class='ocrx_word' id='word_1_294' title='bbox 1070 3755 1222 3814; x_wconf 77' lang='lat' dir='ltr'><strong>Hanc</strong></span> <span class='ocrx_word' id='word_1_295' title='bbox 1249 3772 1379 3812; x_wconf 90' lang='lat' dir='ltr'><strong>vero</strong></span> <span class='ocrx_word' id='word_1_296' title='bbox 1423 3756 1653 3813; x_wconf 89' lang='lat' dir='ltr'><strong>insulam</strong></span> <span class='ocrx_word' id='word_1_297' title='bbox 1684 3774 1854 3831; x_wconf 86' lang='lat' dir='ltr'><strong>usque</strong></span> <span class='ocrx_word' id='word_1_298' title='bbox 1896 3759 2034 3815; x_wconf 88' lang='lat' dir='ltr'><strong>adeo</strong></span> <span class='ocrx_word' id='word_1_299' title='bbox 2064 3760 2187 3816; x_wconf 84' lang='lat' dir='ltr'><strong>bea-</strong></span> 
     </span>
    </p>
   </div>
   <div class='ocr_carea' id='block_1_39' title="bbox 607 3849 2187 3924">
    <p class='ocr_par' dir='ltr' id='par_1_39' title="bbox 607 3849 2187 3924">
     <span class='ocr_line' id='line_1_39' title="bbox 607 3849 2187 3924; baseline -0.001 -12"><span class='ocrx_word' id='word_1_300' title='bbox 607 3854 797 3912; x_wconf 88' lang='lat' dir='ltr'><strong>tissimi</strong></span> <span class='ocrx_word' id='word_1_301' title='bbox 826 3849 1087 3908; x_wconf 86' lang='lat' dir='ltr'><strong>Honorati</strong></span> <span class='ocrx_word' id='word_1_302' title='bbox 1116 3849 1548 3905; x_wconf 89' lang='lat' dir='ltr'><strong>communierunt</strong></span> <span class='ocrx_word' id='word_1_303' title='bbox 1587 3865 1811 3920; x_wconf 87' lang='lat' dir='ltr'><strong>preces,</strong></span> <span class='ocrx_word' id='word_1_304' title='bbox 1840 3852 2061 3922; x_wconf 83' lang='lat' dir='ltr'><strong>expulso</strong></span> <span class='ocrx_word' id='word_1_305' title='bbox 2090 3868 2187 3924; x_wconf 87' lang='lat' dir='ltr'><strong>per</strong></span> 
     </span>
    </p>
   </div>
   <div class='ocr_carea' id='block_1_40' title="bbox 606 3940 2185 4016">
    <p class='ocr_par' dir='ltr' id='par_1_40' title="bbox 606 3940 2185 4016">
     <span class='ocr_line' id='line_1_40' title="bbox 606 3940 2185 4016; baseline -0.001 -14"><span class='ocrx_word' id='word_1_306' title='bbox 606 3960 729 4002; x_wconf 91' lang='lat' dir='ltr'><strong>eum</strong></span> <span class='ocrx_word' id='word_1_307' title='bbox 778 3943 1012 4000; x_wconf 91' lang='lat' dir='ltr'><strong>dracone</strong></span> <span class='ocrx_word' id='word_1_308' title='bbox 1061 3940 1177 4010; x_wconf 89' lang='lat' dir='ltr'><strong>ejus</strong></span> <span class='ocrx_word' id='word_1_309' title='bbox 1221 3941 1570 4005; x_wconf 86' lang='lat' dir='ltr'><strong>habitatore,</strong></span> <span class='ocrx_word' id='word_1_310' title='bbox 1603 3950 1663 3996; x_wconf 92' lang='lat' dir='ltr'><strong>ut</strong></span> <span class='ocrx_word' id='word_1_311' title='bbox 1708 3942 1888 3997; x_wconf 90' lang='lat' dir='ltr'><strong>nullus</strong></span> <span class='ocrx_word' id='word_1_312' title='bbox 1933 3943 2185 4016; x_wconf 91' lang='lat' dir='ltr'><strong>deinceps</strong></span> 
     </span>
    </p>
   </div>
   <div class='ocr_carea' id='block_1_41' title="bbox 607 4033 2185 4106">
    <p class='ocr_par' dir='ltr' id='par_1_41' title="bbox 607 4033 2185 4106">
     <span class='ocr_line' id='line_1_41' title="bbox 607 4033 2185 4106; baseline -0.004 -9"><span class='ocrx_word' id='word_1_313' title='bbox 607 4036 835 4096; x_wconf 90' lang='lat' dir='ltr'><strong>nocendi</strong></span> <span class='ocrx_word' id='word_1_314' title='bbox 862 4034 1040 4091; x_wconf 84' lang='lat' dir='ltr'><strong>aditus</strong></span> <span class='ocrx_word' id='word_1_315' title='bbox 1069 4036 1124 4090; x_wconf 91' lang='lat' dir='ltr'><strong>in</strong></span> <span class='ocrx_word' id='word_1_316' title='bbox 1156 4050 1275 4090; x_wconf 86' lang='lat' dir='ltr'><strong>eam</strong></span> <span class='ocrx_word' id='word_1_317' title='bbox 1292 4044 1478 4106; x_wconf 89' lang='lat' dir='ltr'><strong>pateat</strong></span> <span class='ocrx_word' id='word_1_318' title='bbox 1503 4034 1740 4091; x_wconf 89' lang='lat' dir='ltr'><strong>diabolo.</strong></span> <span class='ocrx_word' id='word_1_319' title='bbox 1761 4033 1874 4090; x_wconf 91' lang='lat' dir='ltr'><strong>Sub</strong></span> <span class='ocrx_word' id='word_1_320' title='bbox 1903 4036 1987 4092; x_wconf 88' lang='lat' dir='ltr'><strong>his</strong></span> <span class='ocrx_word' id='word_1_321' title='bbox 2009 4037 2185 4094; x_wconf 88' lang='lat' dir='ltr'><strong>verbis</strong></span> 
     </span>
    </p>
   </div>
   <div class='ocr_carea' id='block_1_42' title="bbox 610 4125 2187 4199">
    <p class='ocr_par' dir='ltr' id='par_1_42' title="bbox 610 4125 2187 4199">
     <span class='ocr_line' id='line_1_42' title="bbox 610 4125 2187 4199; baseline -0.001 -13"><span class='ocrx_word' id='word_1_322' title='bbox 610 4131 678 4186; x_wconf 91' lang='lat' dir='ltr'><strong>ab</strong></span> <span class='ocrx_word' id='word_1_323' title='bbox 700 4128 869 4184; x_wconf 90' lang='lat' dir='ltr'><strong>oculis</strong></span> <span class='ocrx_word' id='word_1_324' title='bbox 885 4127 1091 4183; x_wconf 88' lang='lat' dir='ltr'><strong>orantis</strong></span> <span class='ocrx_word' id='word_1_325' title='bbox 1112 4127 1330 4183; x_wconf 87' lang='lat' dir='ltr'><strong>evanuit</strong></span> <span class='ocrx_word' id='word_1_326' title='bbox 1354 4125 1507 4180; x_wconf 89' lang='lat' dir='ltr'><strong>navis</strong></span> <span class='ocrx_word' id='word_1_327' title='bbox 1529 4127 1923 4193; x_wconf 88' lang='lat' dir='ltr'><strong>commentitia,</strong></span> <span class='ocrx_word' id='word_1_328' title='bbox 1954 4143 2187 4199; x_wconf 88' lang='lat' dir='ltr'><strong>moxque</strong></span> 
     </span>
    </p>
   </div>
   <div class='ocr_carea' id='block_1_43' title="bbox 612 4216 2187 4287">
    <p class='ocr_par' dir='ltr' id='par_1_43' title="bbox 612 4216 2187 4287">
     <span class='ocr_line' id='line_1_43' title="bbox 612 4216 2187 4287; baseline -0.002 -9"><span class='ocrx_word' id='word_1_329' title='bbox 612 4219 705 4278; x_wconf 88' lang='lat' dir='ltr'><strong>ille</strong></span> <span class='ocrx_word' id='word_1_330' title='bbox 732 4234 982 4276; x_wconf 85' lang='lat' dir='ltr'><strong>reversus</strong></span> <span class='ocrx_word' id='word_1_331' title='bbox 1011 4218 1077 4273; x_wconf 86' lang='lat' dir='ltr'><strong>ad</strong></span> <span class='ocrx_word' id='word_1_332' title='bbox 1126 4218 1420 4273; x_wconf 85' lang='lat' dir='ltr'><strong>oratorium</strong></span> <span class='ocrx_word' id='word_1_333' title='bbox 1452 4256 1467 4283; x_wconf 92' lang='lat'><strong>,</strong></span> <span class='ocrx_word' id='word_1_334' title='bbox 1496 4216 1740 4271; x_wconf 85' lang='lat' dir='ltr'><strong>hortatus</strong></span> <span class='ocrx_word' id='word_1_335' title='bbox 1769 4225 1853 4271; x_wconf 89' lang='lat' dir='ltr'><strong>est</strong></span> <span class='ocrx_word' id='word_1_336' title='bbox 1897 4216 2106 4287; x_wconf 84' lang='lat' dir='ltr'><strong>fratres,</strong></span> <span class='ocrx_word' id='word_1_337' title='bbox 2128 4228 2187 4275; x_wconf 87' lang='lat' dir='ltr'><strong>ut</strong></span> 
     </span>
    </p>
   </div>
   <div class='ocr_carea' id='block_1_44' title="bbox 599 4309 2187 4379">
    <p class='ocr_par' dir='ltr' id='par_1_44' title="bbox 599 4309 2187 4379">
     <span class='ocr_line' id='line_1_44' title="bbox 599 4309 2187 4379; baseline 0 -12"><span class='ocrx_word' id='word_1_338' title='bbox 599 4309 677 4367; x_wconf 82' lang='lat' dir='ltr'><strong>&quot;ad</strong></span> <span class='ocrx_word' id='word_1_339' title='bbox 713 4310 919 4379; x_wconf 83' lang='lat' dir='ltr'><strong>vigilias</strong></span> <span class='ocrx_word' id='word_1_340' title='bbox 966 4316 1286 4378; x_wconf 85' lang='lat' dir='ltr'><strong>surgerent,</strong></span> <span class='ocrx_word' id='word_1_341' title='bbox 1316 4322 1529 4377; x_wconf 86' lang='lat' dir='ltr'><strong>unaque</strong></span> <span class='ocrx_word' id='word_1_342' title='bbox 1556 4322 1677 4361; x_wconf 91' lang='lat' dir='ltr'><strong>cum</strong></span> <span class='ocrx_word' id='word_1_343' title='bbox 1718 4317 1900 4363; x_wconf 88' lang='lat' dir='ltr'><strong>sancta</strong></span> <span class='ocrx_word' id='word_1_344' title='bbox 1932 4310 2019 4364; x_wconf 89' lang='lat' dir='ltr'><strong>il!a</strong></span> <span class='ocrx_word' id='word_1_345' title='bbox 2059 4327 2187 4367; x_wconf 87' lang='lat' dir='ltr'><strong>con-</strong></span> 
     </span>
    </p>
   </div>
   <div class='ocr_carea' id='block_1_45' title="bbox 608 4399 2187 4475">
    <p class='ocr_par' dir='ltr' id='par_1_45' title="bbox 608 4399 2187 4475">
     <span class='ocr_line' id='line_1_45' title="bbox 608 4399 2187 4475; baseline 0.003 -19"><span class='ocrx_word' id='word_1_346' title='bbox 608 4402 919 4474; x_wconf 75' lang='lat' dir='ltr'><strong>gregatione</strong></span> <span class='ocrx_word' id='word_1_347' title='bbox 947 4402 1061 4472; x_wconf 90' lang='lat' dir='ltr'><strong>ipse</strong></span> <span class='ocrx_word' id='word_1_348' title='bbox 1086 4400 1466 4457; x_wconf 89' lang='lat' dir='ltr'><strong>celeberrimas</strong></span> <span class='ocrx_word' id='word_1_349' title='bbox 1496 4399 1684 4454; x_wconf 90' lang='lat' dir='ltr'><strong>laudes</strong></span> <span class='ocrx_word' id='word_1_350' title='bbox 1713 4402 1975 4470; x_wconf 86' lang='lat' dir='ltr'><strong>persolvit</strong></span> <span class='ocrx_word' id='word_1_351' title='bbox 2004 4404 2054 4458; x_wconf 91' lang='lat' dir='ltr'><strong>ei</strong></span> <span class='ocrx_word' id='word_1_352' title='bbox 2089 4420 2187 4475; x_wconf 88' lang='lat' dir='ltr'><strong>per</strong></span> 
     </span>
    </p>
   </div>
   <div class='ocr_carea' id='block_1_46' title="bbox 609 4493 1717 4567">
    <p class='ocr_par' dir='ltr' id='par_1_46' title="bbox 609 4493 1717 4567">
     <span class='ocr_line' id='line_1_46' title="bbox 609 4493 1717 4567; baseline -0.004 -17"><span class='ocrx_word' id='word_1_353' title='bbox 609 4511 768 4567; x_wconf 85' lang='lat' dir='ltr'><strong>quem</strong></span> <span class='ocrx_word' id='word_1_354' title='bbox 800 4495 866 4550; x_wconf 87' lang='lat' dir='ltr'><strong>ab</strong></span> <span class='ocrx_word' id='word_1_355' title='bbox 895 4493 1052 4549; x_wconf 86' lang='lat' dir='ltr'><strong>hoste</strong></span> <span class='ocrx_word' id='word_1_356' title='bbox 1076 4493 1355 4549; x_wconf 87' lang='lat' dir='ltr'><strong>victoriam</strong></span> <span class='ocrx_word' id='word_1_357' title='bbox 1387 4500 1717 4564; x_wconf 87' lang='lat' dir='ltr'><strong>reportarat.</strong></span> 
     </span>
    </p>
   </div>
   <div class='ocr_carea' id='block_1_47' title="bbox 685 4601 2189 4676">
    <p class='ocr_par' dir='ltr' id='par_1_47' title="bbox 685 4601 2189 4676">
     <span class='ocr_line' id='line_1_47' title="bbox 685 4601 2189 4676; baseline -0.001 -14"><span class='ocrx_word' id='word_1_358' title='bbox 685 4604 739 4661; x_wconf 90' lang='lat'><strong>6.</strong></span> <span class='ocrx_word' id='word_1_359' title='bbox 779 4604 914 4662; x_wconf 88' lang='lat' dir='ltr'><strong>Cum</strong></span> <span class='ocrx_word' id='word_1_360' title='bbox 952 4612 1132 4659; x_wconf 85' lang='lat' dir='ltr'><strong>autem</strong></span> <span class='ocrx_word' id='word_1_361' title='bbox 1180 4602 1322 4658; x_wconf 82' lang='lat' dir='ltr'><strong>fama</strong></span> <span class='ocrx_word' id='word_1_362' title='bbox 1347 4601 1636 4673; x_wconf 73' lang='lat' dir='ltr'><strong>insignium</strong></span> <span class='ocrx_word' id='word_1_363' title='bbox 1666 4602 1920 4661; x_wconf 86' lang='lat' dir='ltr'><strong>virtutum</strong></span> <span class='ocrx_word' id='word_1_364' title='bbox 1950 4605 2065 4676; x_wconf 87' lang='lat' dir='ltr'><strong>ejus</strong></span> <span class='ocrx_word' id='word_1_365' title='bbox 2090 4620 2189 4676; x_wconf 90' lang='lat' dir='ltr'><strong>per</strong></span> 
     </span>
    </p>
   </div>
   <div class='ocr_carea' id='block_1_48' title="bbox 613 4695 2189 4767">
    <p class='ocr_par' dir='ltr' id='par_1_48' title="bbox 613 4695 2189 4767">
     <span class='ocr_line' id='line_1_48' title="bbox 613 4695 2189 4767; baseline 0.001 -12"><span class='ocrx_word' id='word_1_366' title='bbox 613 4699 801 4756; x_wconf 88' lang='lat' dir='ltr'><strong>orbem</strong></span> <span class='ocrx_word' id='word_1_367' title='bbox 848 4696 1155 4752; x_wconf 84' lang='lat' dir='ltr'><strong>universum</strong></span> <span class='ocrx_word' id='word_1_368' title='bbox 1204 4695 1500 4764; x_wconf 88' lang='lat' dir='ltr'><strong>volitaret,</strong></span> <span class='ocrx_word' id='word_1_369' title='bbox 1549 4696 1620 4752; x_wconf 83' lang='lat' dir='ltr'><strong>ad</strong></span> <span class='ocrx_word' id='word_1_370' title='bbox 1677 4696 1995 4767; x_wconf 77' lang='lat' dir='ltr'><strong>Rhegiensis</strong></span> <span class='ocrx_word' id='word_1_371' title='bbox 2041 4700 2189 4757; x_wconf 77' lang='lat' dir='ltr'><strong>urbis</strong></span> 
     </span>
    </p>
   </div>
   <div class='ocr_carea' id='block_1_49' title="bbox 613 4786 2191 4860">
    <p class='ocr_par' dir='ltr' id='par_1_49' title="bbox 613 4786 2191 4860">
     <span class='ocr_line' id='line_1_49' title="bbox 613 4786 2191 4860; baseline 0.001 -15"><span class='ocrx_word' id='word_1_372' title='bbox 613 4789 977 4860; x_wconf 86' lang='lat' dir='ltr'><strong>episcopatum</strong></span> <span class='ocrx_word' id='word_1_373' title='bbox 1008 4802 1113 4841; x_wconf 89' lang='lat' dir='ltr'><strong>non</strong></span> <span class='ocrx_word' id='word_1_374' title='bbox 1151 4786 1312 4840; x_wconf 90' lang='lat' dir='ltr'><strong>modo</strong></span> <span class='ocrx_word' id='word_1_375' title='bbox 1338 4787 1533 4841; x_wconf 80' lang='lat' dir='ltr'><strong>civium</strong></span> <span class='ocrx_word' id='word_1_376' title='bbox 1560 4829 1577 4853; x_wconf 92' lang='lat'><strong>,</strong></span> <span class='ocrx_word' id='word_1_377' title='bbox 1605 4788 1703 4843; x_wconf 88' lang='lat' dir='ltr'><strong>sed</strong></span> <span class='ocrx_word' id='word_1_378' title='bbox 1734 4790 1894 4844; x_wconf 88' lang='lat' dir='ltr'><strong>etiam</strong></span> <span class='ocrx_word' id='word_1_379' title='bbox 1940 4791 2191 4846; x_wconf 86' lang='lat' dir='ltr'><strong>sacerdo-</strong></span> 
     </span>
    </p>
   </div>
   <div class='ocr_carea' id='block_1_50' title="bbox 612 4877 2190 4951">
    <p class='ocr_par' dir='ltr' id='par_1_50' title="bbox 612 4877 2190 4951">
     <span class='ocr_line' id='line_1_50' title="bbox 612 4877 2190 4951; baseline 0.002 -16"><span class='ocrx_word' id='word_1_380' title='bbox 612 4886 725 4935; x_wconf 87' lang='lat' dir='ltr'><strong>tum</strong></span> <span class='ocrx_word' id='word_1_381' title='bbox 758 4880 870 4934; x_wconf 89' lang='lat' dir='ltr'><strong>sive</strong></span> <span class='ocrx_word' id='word_1_382' title='bbox 895 4877 1178 4947; x_wconf 76' lang='lat' dir='ltr'><strong>przesulum</strong></span> <span class='ocrx_word' id='word_1_383' title='bbox 1199 4877 1437 4931; x_wconf 87' lang='lat' dir='ltr'><strong>omnium</strong></span> <span class='ocrx_word' id='word_1_384' title='bbox 1457 4879 1633 4935; x_wconf 88' lang='lat' dir='ltr'><strong>studio</strong></span> <span class='ocrx_word' id='word_1_385' title='bbox 1659 4896 1768 4935; x_wconf 91' lang='lat' dir='ltr'><strong>non</strong></span> <span class='ocrx_word' id='word_1_386' title='bbox 1797 4883 1976 4937; x_wconf 90' lang='lat' dir='ltr'><strong>minus</strong></span> <span class='ocrx_word' id='word_1_387' title='bbox 2003 4890 2190 4951; x_wconf 86' lang='lat' dir='ltr'><strong>raptus</strong></span> 
     </span>
    </p>
   </div>
   <div class='ocr_carea' id='block_1_51' title="bbox 614 4967 2189 5042">
    <p class='ocr_par' dir='ltr' id='par_1_51' title="bbox 614 4967 2189 5042">
     <span class='ocr_line' id='line_1_51' title="bbox 614 4967 2189 5042; baseline 0.004 -19"><span class='ocrx_word' id='word_1_388' title='bbox 614 4984 773 5042; x_wconf 87' lang='lat' dir='ltr'><strong>quam</strong></span> <span class='ocrx_word' id='word_1_389' title='bbox 802 4969 1002 5023; x_wconf 85' lang='lat' dir='ltr'><strong>electus</strong></span> <span class='ocrx_word' id='word_1_390' title='bbox 1021 5007 1038 5033; x_wconf 84' lang='lat'><strong>,</strong></span> <span class='ocrx_word' id='word_1_391' title='bbox 1068 4976 1121 5022; x_wconf 92' lang='lat' dir='ltr'><strong>et</strong></span> <span class='ocrx_word' id='word_1_392' title='bbox 1146 4967 1388 5037; x_wconf 86' lang='lat' dir='ltr'><strong>quamvis</strong></span> <span class='ocrx_word' id='word_1_393' title='bbox 1407 4969 1639 5038; x_wconf 84' lang='lat' dir='ltr'><strong>invitus,</strong></span> <span class='ocrx_word' id='word_1_394' title='bbox 1671 4972 1816 5028; x_wconf 89' lang='lat' dir='ltr'><strong>illico</strong></span> <span class='ocrx_word' id='word_1_395' title='bbox 1844 4980 2189 5030; x_wconf 74' lang='lat' dir='ltr'><strong>consecratus</strong></span> 
     </span>
    </p>
   </div>
   <div class='ocr_carea' id='block_1_52' title="bbox 613 5054 2186 5131">
    <p class='ocr_par' dir='ltr' id='par_1_52' title="bbox 613 5054 2186 5131">
     <span class='ocr_line' id='line_1_52' title="bbox 613 5054 2186 5131; baseline 0 -13"><span class='ocrx_word' id='word_1_396' title='bbox 613 5070 717 5119; x_wconf 89' lang='lat' dir='ltr'><strong>est.</strong></span> <span class='ocrx_word' id='word_1_397' title='bbox 762 5054 877 5115; x_wconf 82' lang='lat' dir='ltr'><strong>Etsi</strong></span> <span class='ocrx_word' id='word_1_398' title='bbox 902 5068 1079 5115; x_wconf 87' lang='lat' dir='ltr'><strong>autem</strong></span> <span class='ocrx_word' id='word_1_399' title='bbox 1104 5059 1219 5129; x_wconf 81' lang='lat' dir='ltr'><strong>jam</strong></span> <span class='ocrx_word' id='word_1_400' title='bbox 1247 5066 1304 5114; x_wconf 91' lang='lat' dir='ltr'><strong>et</strong></span> <span class='ocrx_word' id='word_1_401' title='bbox 1338 5075 1402 5115; x_wconf 80' lang='lat' dir='ltr'><strong>re</strong></span> <span class='ocrx_word' id='word_1_402' title='bbox 1429 5069 1488 5116; x_wconf 88' lang='lat' dir='ltr'><strong>et</strong></span> <span class='ocrx_word' id='word_1_403' title='bbox 1530 5062 1748 5119; x_wconf 81' lang='lat' dir='ltr'><strong>nomine</strong></span> <span class='ocrx_word' id='word_1_404' title='bbox 1772 5062 2036 5119; x_wconf 78' lang='lat' dir='ltr'><strong>Maximus</strong></span> <span class='ocrx_word' id='word_1_405' title='bbox 2056 5104 2071 5131; x_wconf 93' lang='lat'><strong>,</strong></span> <span class='ocrx_word' id='word_1_406' title='bbox 2095 5064 2186 5118; x_wconf 83' lang='lat' dir='ltr'><strong>vix</strong></span> 
     </span>
    </p>
   </div>
   <div class='ocr_carea' id='block_1_53' title="bbox 612 5150 2186 5224">
    <p class='ocr_par' dir='ltr' id='par_1_53' title="bbox 612 5150 2186 5224">
     <span class='ocr_line' id='line_1_53' title="bbox 612 5150 2186 5224; baseline 0.002 -16"><span class='ocrx_word' id='word_1_407' title='bbox 612 5152 815 5208; x_wconf 81' lang='lat' dir='ltr'><strong>habere</strong></span> <span class='ocrx_word' id='word_1_408' title='bbox 841 5150 1129 5217; x_wconf 89' lang='lat' dir='ltr'><strong>videretur,</strong></span> <span class='ocrx_word' id='word_1_409' title='bbox 1153 5151 1204 5205; x_wconf 92' lang='lat' dir='ltr'><strong>in</strong></span> <span class='ocrx_word' id='word_1_410' title='bbox 1235 5165 1342 5220; x_wconf 89' lang='lat' dir='ltr'><strong>quo</strong></span> <span class='ocrx_word' id='word_1_411' title='bbox 1369 5153 1598 5224; x_wconf 81' lang='lat' dir='ltr'><strong>amplius</strong></span> <span class='ocrx_word' id='word_1_412' title='bbox 1623 5162 1933 5221; x_wconf 88' lang='lat' dir='ltr'><strong>cresceret,</strong></span> <span class='ocrx_word' id='word_1_413' title='bbox 1962 5168 2029 5210; x_wconf 92' lang='lat' dir='ltr'><strong>ne</strong></span> <span class='ocrx_word' id='word_1_414' title='bbox 2059 5155 2186 5224; x_wconf 86' lang='lat' dir='ltr'><strong>quid</strong></span> 
     </span>
    </p>
   </div>
   <div class='ocr_carea' id='block_1_54' title="bbox 615 5242 2187 5316">
    <p class='ocr_par' dir='ltr' id='par_1_54' title="bbox 615 5242 2187 5316">
     <span class='ocr_line' id='line_1_54' title="bbox 615 5242 2187 5316; baseline 0.002 -18"><span class='ocrx_word' id='word_1_415' title='bbox 615 5250 797 5300; x_wconf 85' lang='lat' dir='ltr'><strong>tamen</strong></span> <span class='ocrx_word' id='word_1_416' title='bbox 839 5242 1041 5299; x_wconf 76' lang='lat' dir='ltr'><strong>nomini</strong></span> <span class='ocrx_word' id='word_1_417' title='bbox 1084 5242 1407 5312; x_wconf 88' lang='lat' dir='ltr'><strong>decederet,</strong></span> <span class='ocrx_word' id='word_1_418' title='bbox 1437 5245 1579 5301; x_wconf 87' lang='lat' dir='ltr'><strong>sicut</strong></span> <span class='ocrx_word' id='word_1_419' title='bbox 1603 5259 1768 5316; x_wconf 90' lang='lat' dir='ltr'><strong>opere</strong></span> <span class='ocrx_word' id='word_1_420' title='bbox 1796 5253 1852 5299; x_wconf 88' lang='lat' dir='ltr'><strong>et</strong></span> <span class='ocrx_word' id='word_1_421' title='bbox 1878 5244 2036 5301; x_wconf 87' lang='lat' dir='ltr'><strong>factis</strong></span> <span class='ocrx_word' id='word_1_422' title='bbox 2062 5263 2187 5315; x_wconf 84' lang='lat' dir='ltr'><strong>per-</strong></span> 
     </span>
    </p>
   </div>
   <div class='ocr_carea' id='block_1_55' title="bbox 614 5334 2191 5403">
    <p class='ocr_par' dir='ltr' id='par_1_55' title="bbox 614 5334 2191 5403">
     <span class='ocr_line' id='line_1_55' title="bbox 614 5334 2191 5403; baseline 0.003 -10"><span class='ocrx_word' id='word_1_423' title='bbox 614 5336 813 5393; x_wconf 85' lang='lat' dir='ltr'><strong>mansit</strong></span> <span class='ocrx_word' id='word_1_424' title='bbox 853 5334 1114 5390; x_wconf 81' lang='lat' dir='ltr'><strong>Maximus</strong></span> <span class='ocrx_word' id='word_1_425' title='bbox 1143 5377 1159 5403; x_wconf 89' lang='lat'><strong>,</strong></span> <span class='ocrx_word' id='word_1_426' title='bbox 1189 5336 1263 5390; x_wconf 88' lang='lat' dir='ltr'><strong>ita</strong></span> <span class='ocrx_word' id='word_1_427' title='bbox 1289 5344 1346 5391; x_wconf 92' lang='lat' dir='ltr'><strong>et</strong></span> <span class='ocrx_word' id='word_1_428' title='bbox 1390 5337 1445 5393; x_wconf 91' lang='lat' dir='ltr'><strong>in</strong></span> <span class='ocrx_word' id='word_1_429' title='bbox 1491 5338 1699 5394; x_wconf 80' lang='lat' dir='ltr'><strong>honore</strong></span> <span class='ocrx_word' id='word_1_430' title='bbox 1745 5336 2017 5392; x_wconf 81' lang='lat' dir='ltr'><strong>excelluit.</strong></span> <span class='ocrx_word' id='word_1_431' title='bbox 2043 5336 2191 5397; x_wconf 73' lang='lat' dir='ltr'><strong>Inter</strong></span> 
     </span>
    </p>
   </div>
   <div class='ocr_carea' id='block_1_56' title="bbox 615 5425 2188 5499">
    <p class='ocr_par' dir='ltr' id='par_1_56' title="bbox 615 5425 2188 5499">
     <span class='ocr_line' id='line_1_56' title="bbox 615 5425 2188 5499; baseline 0 -14"><span class='ocrx_word' id='word_1_432' title='bbox 615 5435 808 5485; x_wconf 59' lang='lat' dir='ltr'><strong>cetera</strong></span> <span class='ocrx_word' id='word_1_433' title='bbox 834 5426 993 5495; x_wconf 82' lang='lat' dir='ltr'><strong>igitur</strong></span> <span class='ocrx_word' id='word_1_434' title='bbox 1010 5433 1157 5482; x_wconf 87' lang='lat' dir='ltr'><strong>recte</strong></span> <span class='ocrx_word' id='word_1_435' title='bbox 1179 5425 1463 5496; x_wconf 89' lang='lat' dir='ltr'><strong>factorum,</strong></span> <span class='ocrx_word' id='word_1_436' title='bbox 1486 5442 1604 5498; x_wconf 74' lang='lat' dir='ltr'><strong>qua:</strong></span> <span class='ocrx_word' id='word_1_437' title='bbox 1631 5428 1687 5483; x_wconf 90' lang='lat' dir='ltr'><strong>in</strong></span> <span class='ocrx_word' id='word_1_438' title='bbox 1717 5427 1809 5484; x_wconf 89' lang='lat' dir='ltr'><strong>illo</strong></span> <span class='ocrx_word' id='word_1_439' title='bbox 1828 5427 2188 5499; x_wconf 75' lang='lat' dir='ltr'><strong>refulgebant,</strong></span> 
     </span>
    </p>
   </div>
   <div class='ocr_carea' id='block_1_57' title="bbox 616 5519 2185 5592">
    <p class='ocr_par' dir='ltr' id='par_1_57' title="bbox 616 5519 2185 5592">
     <span class='ocr_line' id='line_1_57' title="bbox 616 5519 2185 5592; baseline 0.001 -15"><span class='ocrx_word' id='word_1_440' title='bbox 616 5526 929 5577; x_wconf 89' lang='lat' dir='ltr'><strong>ornamenta</strong></span> <span class='ocrx_word' id='word_1_441' title='bbox 953 5560 970 5586; x_wconf 89' lang='lat'><strong>,</strong></span> <span class='ocrx_word' id='word_1_442' title='bbox 1000 5520 1258 5591; x_wconf 89' lang='lat' dir='ltr'><strong>patientia</strong></span> <span class='ocrx_word' id='word_1_443' title='bbox 1302 5519 1453 5577; x_wconf 89' lang='lat' dir='ltr'><strong>fortis</strong></span> <span class='ocrx_word' id='word_1_444' title='bbox 1473 5556 1491 5586; x_wconf 88' lang='lat'><strong>,</strong></span> <span class='ocrx_word' id='word_1_445' title='bbox 1521 5520 1895 5577; x_wconf 89' lang='lat' dir='ltr'><strong>benevolentia</strong></span> <span class='ocrx_word' id='word_1_446' title='bbox 1942 5521 2147 5592; x_wconf 72' lang='lat' dir='ltr'><strong>patiens</strong></span> <span class='ocrx_word' id='word_1_447' title='bbox 2170 5561 2185 5588; x_wconf 92' lang='lat'><strong>,</strong></span> 
     </span>
    </p>
   </div>
   <div class='ocr_carea' id='block_1_58' title="bbox 611 5610 2188 5685">
    <p class='ocr_par' dir='ltr' id='par_1_58' title="bbox 611 5610 2188 5685">
     <span class='ocr_line' id='line_1_58' title="bbox 611 5610 2188 5685; baseline -0.002 -13"><span class='ocrx_word' id='word_1_448' title='bbox 611 5612 862 5672; x_wconf 87' lang='lat' dir='ltr'><strong>libertate</strong></span> <span class='ocrx_word' id='word_1_449' title='bbox 892 5612 1087 5670; x_wconf 89' lang='lat' dir='ltr'><strong>alacris</strong></span> <span class='ocrx_word' id='word_1_450' title='bbox 1108 5654 1125 5681; x_wconf 88' lang='lat'><strong>,</strong></span> <span class='ocrx_word' id='word_1_451' title='bbox 1147 5613 1467 5669; x_wconf 82' lang='lat' dir='ltr'><strong>liberalitate</strong></span> <span class='ocrx_word' id='word_1_452' title='bbox 1493 5610 1806 5679; x_wconf 86' lang='lat' dir='ltr'><strong>abundans,</strong></span> <span class='ocrx_word' id='word_1_453' title='bbox 1829 5613 2188 5685; x_wconf 78' lang='lat' dir='ltr'><strong>magnanimi-</strong></span> 
     </span>
    </p>
   </div>
   <div class='ocr_carea' id='block_1_59' title="bbox 611 5700 2187 5777">
    <p class='ocr_par' dir='ltr' id='par_1_59' title="bbox 611 5700 2187 5777">
     <span class='ocr_line' id='line_1_59' title="bbox 611 5700 2187 5777; baseline 0.001 -15"><span class='ocrx_word' id='word_1_454' title='bbox 611 5709 722 5762; x_wconf 81' lang='lat' dir='ltr'><strong>tate</strong></span> <span class='ocrx_word' id='word_1_455' title='bbox 749 5700 1044 5775; x_wconf 80' lang='lat' dir='ltr'><strong>beneﬁcus,</strong></span> <span class='ocrx_word' id='word_1_456' title='bbox 1064 5704 1402 5762; x_wconf 76' lang='lat' dir='ltr'><strong>humanitate</strong></span> <span class='ocrx_word' id='word_1_457' title='bbox 1423 5703 1589 5773; x_wconf 84' lang='lat' dir='ltr'><strong>mitis,</strong></span> <span class='ocrx_word' id='word_1_458' title='bbox 1617 5704 1902 5761; x_wconf 85' lang='lat' dir='ltr'><strong>sedulitate</strong></span> <span class='ocrx_word' id='word_1_459' title='bbox 1925 5706 2187 5777; x_wconf 63' lang='lat' dir='ltr'><strong>diligens,</strong></span> 
     </span>
    </p>
   </div>
   <div class='ocr_carea' id='block_1_60' title="bbox 610 5796 2185 5879">
    <p class='ocr_par' dir='ltr' id='par_1_60' title="bbox 610 5796 2185 5879">
     <span class='ocr_line' id='line_1_60' title="bbox 610 5796 2185 5879; baseline 0.001 -23"><span class='ocrx_word' id='word_1_460' title='bbox 610 5797 876 5879; x_wconf 73' lang='lat' dir='ltr'><strong>charitate</strong></span> <span class='ocrx_word' id='word_1_461' title='bbox 895 5796 1112 5869; x_wconf 57' lang='lat' dir='ltr'><strong>mavis}</strong></span> <span class='ocrx_word' id='word_1_462' title='bbox 1140 5796 1388 5866; x_wconf 68' lang='lat' dir='ltr'><strong>largitate</strong></span> <span class='ocrx_word' id='word_1_463' title='bbox 1415 5797 1713 5856; x_wconf 77' lang='lat' dir='ltr'><strong>communis</strong></span> <span class='ocrx_word' id='word_1_464' title='bbox 1733 5836 1752 5868; x_wconf 85' lang='lat'><strong>,</strong></span> <span class='ocrx_word' id='word_1_465' title='bbox 1775 5797 2019 5858; x_wconf 63' lang='lat' dir='ltr'><strong>doctrinae</strong></span> <span class='ocrx_word' id='word_1_466' title='bbox 2042 5816 2185 5875; x_wconf 55' lang='lat' dir='ltr'><strong>pm.</strong></span> 
     </span>
    </p>
   </div>
   <div class='ocr_carea' id='block_1_61' title="bbox 2284 502 3867 575">
    <p class='ocr_par' dir='ltr' id='par_1_61' title="bbox 2284 502 3867 575">
     <span class='ocr_line' id='line_1_61' title="bbox 2284 502 3867 575; baseline -0.002 -15"><span class='ocrx_word' id='word_1_467' title='bbox 2284 514 2640 574; x_wconf 87' lang='lat' dir='ltr'><strong>contemptor,</strong></span> <span class='ocrx_word' id='word_1_468' title='bbox 2673 507 2927 575; x_wconf 77' lang='lat' dir='ltr'><strong>dignitate</strong></span> <span class='ocrx_word' id='word_1_469' title='bbox 2950 506 3198 575; x_wconf 90' lang='lat' dir='ltr'><strong>copiosus</strong></span> <span class='ocrx_word' id='word_1_470' title='bbox 3223 513 3277 557; x_wconf 92' lang='lat' dir='ltr'><strong>et</strong></span> <span class='ocrx_word' id='word_1_471' title='bbox 3305 502 3390 556; x_wconf 83' lang='lat' dir='ltr'><strong>alll</strong></span> <span class='ocrx_word' id='word_1_472' title='bbox 3416 519 3527 556; x_wconf 57' lang='lat' dir='ltr'><strong>iens</strong></span> <span class='ocrx_word' id='word_1_473' title='bbox 3560 502 3674 556; x_wconf 86' lang='lat' dir='ltr'><strong>fuit.</strong></span> <span class='ocrx_word' id='word_1_474' title='bbox 3706 502 3867 558; x_wconf 57' lang='grc' dir='ltr'><strong><em>Τριη-</em></strong></span> 
     </span>
    </p>
   </div>
   <div class='ocr_carea' id='block_1_62' title="bbox 2284 596 3865 669">
    <p class='ocr_par' dir='ltr' id='par_1_62' title="bbox 2284 596 3865 669">
     <span class='ocr_line' id='line_1_62' title="bbox 2284 596 3865 669; baseline -0.001 -18"><span class='ocrx_word' id='word_1_475' title='bbox 2284 600 2427 669; x_wconf 85' lang='lat' dir='ltr'><strong>plum</strong></span> <span class='ocrx_word' id='word_1_476' title='bbox 2452 600 2501 653; x_wconf 91' lang='lat' dir='ltr'><strong>in</strong></span> <span class='ocrx_word' id='word_1_477' title='bbox 2534 600 2815 668; x_wconf 66' lang='lat' dir='ltr'><strong>Rhegiensi</strong></span> <span class='ocrx_word' id='word_1_478' title='bbox 2845 600 3065 654; x_wconf 88' lang='lat' dir='ltr'><strong>castello</strong></span> <span class='ocrx_word' id='word_1_479' title='bbox 3098 601 3148 652; x_wconf 92' lang='lat' dir='ltr'><strong>in</strong></span> <span class='ocrx_word' id='word_1_480' title='bbox 3180 598 3321 654; x_wconf 85' lang='lat' dir='ltr'><strong>beati</strong></span> <span class='ocrx_word' id='word_1_481' title='bbox 3352 596 3526 650; x_wconf 83' lang='lat' dir='ltr'><strong>Albini</strong></span> <span class='ocrx_word' id='word_1_482' title='bbox 3560 597 3820 650; x_wconf 83' lang='lat' dir='ltr'><strong>honorem</strong></span> <span class='ocrx_word' id='word_1_483' title='bbox 3846 638 3865 665; x_wconf 81' lang='lat'><strong>,</strong></span> 
     </span>
    </p>
   </div>
   <div class='ocr_carea' id='block_1_63' title="bbox 2283 674 3867 763">
    <p class='ocr_par' dir='ltr' id='par_1_63' title="bbox 2283 674 3867 763">
     <span class='ocr_line' id='line_1_63' title="bbox 2283 674 3867 763; baseline -0.001 -17"><span class='ocrx_word' id='word_1_484' title='bbox 2283 702 2483 763; x_wconf 88' lang='lat' dir='ltr'><strong>quanta</strong></span> <span class='ocrx_word' id='word_1_485' title='bbox 2513 694 2676 746; x_wconf 87' lang='lat' dir='ltr'><strong>animi</strong></span> <span class='ocrx_word' id='word_1_486' title='bbox 2709 693 2880 762; x_wconf 91' lang='lat' dir='ltr'><strong>potuit</strong></span> <span class='ocrx_word' id='word_1_487' title='bbox 2920 693 3236 756; x_wconf 86' lang='lat' dir='ltr'><strong>devotione,</strong></span> <span class='ocrx_word' id='word_1_488' title='bbox 3262 674 3503 744; x_wconf 79' lang='lat' dir='ltr'><strong>condidit</strong></span> <span class='ocrx_word' id='word_1_489' title='bbox 3526 730 3541 753; x_wconf 94' lang='lat'><strong>,</strong></span> <span class='ocrx_word' id='word_1_490' title='bbox 3574 688 3725 757; x_wconf 88' lang='lat' dir='ltr'><strong>cujus</strong></span> <span class='ocrx_word' id='word_1_491' title='bbox 3770 705 3867 745; x_wconf 87' lang='lat' dir='ltr'><strong>co-</strong></span> 
     </span>
    </p>
   </div>
   <div class='ocr_carea' id='block_1_64' title="bbox 2285 780 3870 854">
    <p class='ocr_par' dir='ltr' id='par_1_64' title="bbox 2285 780 3870 854">
     <span class='ocr_line' id='line_1_64' title="bbox 2285 780 3870 854; baseline -0.003 -13"><span class='ocrx_word' id='word_1_492' title='bbox 2285 786 2513 852; x_wconf 85' lang='lat' dir='ltr'><strong>lumnas,</strong></span> <span class='ocrx_word' id='word_1_493' title='bbox 2535 801 2667 854; x_wconf 84' lang='lat' dir='ltr'><strong>quas</strong></span> <span class='ocrx_word' id='word_1_494' title='bbox 2692 785 2954 852; x_wconf 89' lang='lat' dir='ltr'><strong>hodieque</strong></span> <span class='ocrx_word' id='word_1_495' title='bbox 2984 784 3092 837; x_wconf 75' lang='lat' dir='ltr'><strong>illic</strong></span> <span class='ocrx_word' id='word_1_496' title='bbox 3115 798 3336 837; x_wconf 88' lang='lat' dir='ltr'><strong>cernere</strong></span> <span class='ocrx_word' id='word_1_497' title='bbox 3360 781 3488 835; x_wconf 73' lang='lat' dir='ltr'><strong>licet</strong></span> <span class='ocrx_word' id='word_1_498' title='bbox 3512 824 3526 845; x_wconf 92' lang='lat'><strong>,</strong></span> <span class='ocrx_word' id='word_1_499' title='bbox 3548 780 3673 850; x_wconf 83' lang='lat' dir='ltr'><strong>juga</strong></span> <span class='ocrx_word' id='word_1_500' title='bbox 3703 782 3870 836; x_wconf 88' lang='lat' dir='ltr'><strong>boum</strong></span> 
     </span>
    </p>
   </div>
   <div class='ocr_carea' id='block_1_65' title="bbox 2285 874 3871 948">
    <p class='ocr_par' dir='ltr' id='par_1_65' title="bbox 2285 874 3871 948">
     <span class='ocr_line' id='line_1_65' title="bbox 2285 874 3871 948; baseline -0.002 -14"><span class='ocrx_word' id='word_1_501' title='bbox 2285 893 2351 934; x_wconf 87' lang='lat' dir='ltr'><strong>eo</strong></span> <span class='ocrx_word' id='word_1_502' title='bbox 2382 887 2783 948; x_wconf 77' lang='lat' dir='ltr'><strong>pertraxerunt,</strong></span> <span class='ocrx_word' id='word_1_503' title='bbox 2811 878 2905 933; x_wconf 91' lang='lat' dir='ltr'><strong>sed</strong></span> <span class='ocrx_word' id='word_1_504' title='bbox 2936 881 3007 931; x_wconf 91' lang='lat' dir='ltr'><strong>ita</strong></span> <span class='ocrx_word' id='word_1_505' title='bbox 3037 886 3212 932; x_wconf 89' lang='lat' dir='ltr'><strong>tamen</strong></span> <span class='ocrx_word' id='word_1_506' title='bbox 3237 916 3253 943; x_wconf 91' lang='lat'><strong>,</strong></span> <span class='ocrx_word' id='word_1_507' title='bbox 3286 883 3346 930; x_wconf 92' lang='lat' dir='ltr'><strong>ut</strong></span> <span class='ocrx_word' id='word_1_508' title='bbox 3373 874 3572 928; x_wconf 88' lang='lat' dir='ltr'><strong>nullam</strong></span> <span class='ocrx_word' id='word_1_509' title='bbox 3603 876 3871 931; x_wconf 85' lang='lat' dir='ltr'><strong>sentirent</strong></span> 
     </span>
    </p>
   </div>
   <div class='ocr_carea' id='block_1_66' title="bbox 2286 966 3868 1041">
    <p class='ocr_par' dir='ltr' id='par_1_66' title="bbox 2286 966 3868 1041">
     <span class='ocr_line' id='line_1_66' title="bbox 2286 966 3868 1041; baseline -0.005 -14"><span class='ocrx_word' id='word_1_510' title='bbox 2286 972 2420 1027; x_wconf 85' lang='lat' dir='ltr'><strong>tanti</strong></span> <span class='ocrx_word' id='word_1_511' title='bbox 2466 972 2716 1041; x_wconf 88' lang='lat' dir='ltr'><strong>ponderis</strong></span> <span class='ocrx_word' id='word_1_512' title='bbox 2757 971 3100 1035; x_wconf 76' lang='lat' dir='ltr'><strong>molestiam,</strong></span> <span class='ocrx_word' id='word_1_513' title='bbox 3150 970 3266 1038; x_wconf 81' lang='lat' dir='ltr'><strong>ejus</strong></span> <span class='ocrx_word' id='word_1_514' title='bbox 3313 968 3599 1022; x_wconf 87' lang='lat' dir='ltr'><strong>sanctitate</strong></span> <span class='ocrx_word' id='word_1_515' title='bbox 3646 967 3696 1020; x_wconf 89' lang='lat' dir='ltr'><strong>id</strong></span> <span class='ocrx_word' id='word_1_516' title='bbox 3747 966 3868 1021; x_wconf 77' lang='lat' dir='ltr'><strong>effi-</strong></span> 
     </span>
    </p>
   </div>
   <div class='ocr_carea' id='block_1_67' title="bbox 2286 1061 3872 1133">
    <p class='ocr_par' dir='ltr' id='par_1_67' title="bbox 2286 1061 3872 1133">
     <span class='ocr_line' id='line_1_67' title="bbox 2286 1061 3872 1133; baseline -0.001 -15"><span class='ocrx_word' id='word_1_517' title='bbox 2286 1064 2460 1118; x_wconf 90' lang='lat' dir='ltr'><strong>ciente</strong></span> <span class='ocrx_word' id='word_1_518' title='bbox 2483 1101 2498 1125; x_wconf 86' lang='lat'><strong>,</strong></span> <span class='ocrx_word' id='word_1_519' title='bbox 2530 1064 2765 1133; x_wconf 84' lang='lat' dir='ltr'><strong>quandiu</strong></span> <span class='ocrx_word' id='word_1_520' title='bbox 2802 1063 2887 1116; x_wconf 89' lang='lat' dir='ltr'><strong>ille</strong></span> <span class='ocrx_word' id='word_1_521' title='bbox 2915 1063 2980 1116; x_wconf 91' lang='lat' dir='ltr'><strong>ad</strong></span> <span class='ocrx_word' id='word_1_522' title='bbox 3017 1062 3198 1131; x_wconf 77' lang='lat' dir='ltr'><strong>templi</strong></span> <span class='ocrx_word' id='word_1_523' title='bbox 3238 1068 3561 1117; x_wconf 79' lang='lat' dir='ltr'><strong>structuram</strong></span> <span class='ocrx_word' id='word_1_524' title='bbox 3592 1061 3872 1129; x_wconf 85' lang='lat' dir='ltr'><strong>operarius</strong></span> 
     </span>
    </p>
   </div>
   <div class='ocr_carea' id='block_1_68' title="bbox 2284 1151 3870 1219">
    <p class='ocr_par' dir='ltr' id='par_1_68' title="bbox 2284 1151 3870 1219">
     <span class='ocr_line' id='line_1_68' title="bbox 2284 1151 3870 1219; baseline -0.001 -10"><span class='ocrx_word' id='word_1_525' title='bbox 2284 1154 2583 1209; x_wconf 73' lang='lat' dir='ltr'><strong>indefessus</strong></span> <span class='ocrx_word' id='word_1_526' title='bbox 2614 1154 2815 1207; x_wconf 81' lang='lat' dir='ltr'><strong>aderat.</strong></span> <span class='ocrx_word' id='word_1_527' title='bbox 2869 1151 3021 1219; x_wconf 87' lang='lat' dir='ltr'><strong>Quod</strong></span> <span class='ocrx_word' id='word_1_528' title='bbox 3067 1153 3111 1207; x_wconf 89' lang='lat' dir='ltr'><strong>si</strong></span> <span class='ocrx_word' id='word_1_529' title='bbox 3141 1168 3268 1207; x_wconf 87' lang='lat' dir='ltr'><strong>vero</strong></span> <span class='ocrx_word' id='word_1_530' title='bbox 3297 1152 3481 1206; x_wconf 86' lang='lat' dir='ltr'><strong>abesse</strong></span> <span class='ocrx_word' id='word_1_531' title='bbox 3509 1166 3630 1204; x_wconf 89' lang='lat' dir='ltr'><strong>eum</strong></span> <span class='ocrx_word' id='word_1_532' title='bbox 3662 1152 3870 1207; x_wconf 82' lang='lat' dir='ltr'><strong>contin-</strong></span> 
     </span>
    </p>
   </div>
   <div class='ocr_carea' id='block_1_69' title="bbox 2285 1241 3866 1315">
    <p class='ocr_par' dir='ltr' id='par_1_69' title="bbox 2285 1241 3866 1315">
     <span class='ocr_line' id='line_1_69' title="bbox 2285 1241 3866 1315; baseline -0.001 -15"><span class='ocrx_word' id='word_1_533' title='bbox 2285 1246 2776 1315; x_wconf 78' lang='lat' dir='ltr'><strong>geret,nequissimi</strong></span> <span class='ocrx_word' id='word_1_534' title='bbox 2802 1244 3059 1297; x_wconf 80' lang='lat' dir='ltr'><strong>daemonis</strong></span> <span class='ocrx_word' id='word_1_535' title='bbox 3082 1243 3288 1298; x_wconf 70' lang='lat' dir='ltr'><strong>occulta</strong></span> <span class='ocrx_word' id='word_1_536' title='bbox 3312 1241 3706 1296; x_wconf 88' lang='lat' dir='ltr'><strong>machinatione</strong></span> <span class='ocrx_word' id='word_1_537' title='bbox 3729 1243 3866 1298; x_wconf 88' lang='lat' dir='ltr'><strong>adeo</strong></span> 
     </span>
    </p>
   </div>
   <div class='ocr_carea' id='block_1_70' title="bbox 2286 1334 3872 1405">
    <p class='ocr_par' dir='ltr' id='par_1_70' title="bbox 2286 1334 3872 1405">
     <span class='ocr_line' id='line_1_70' title="bbox 2286 1334 3872 1405; baseline 0.001 -13"><span class='ocrx_word' id='word_1_538' title='bbox 2286 1352 2472 1392; x_wconf 89' lang='lat' dir='ltr'><strong>eorum</strong></span> <span class='ocrx_word' id='word_1_539' title='bbox 2499 1337 2733 1405; x_wconf 73' lang='lat' dir='ltr'><strong>pondere</strong></span> <span class='ocrx_word' id='word_1_540' title='bbox 2756 1337 3137 1405; x_wconf 59' lang='lat' dir='ltr'><strong>premebantur</strong></span> <span class='ocrx_word' id='word_1_541' title='bbox 3165 1335 3328 1389; x_wconf 88' lang='lat' dir='ltr'><strong>boves</strong></span> <span class='ocrx_word' id='word_1_542' title='bbox 3351 1334 3607 1397; x_wconf 78' lang='lat' dir='ltr'><strong>universi,</strong></span> <span class='ocrx_word' id='word_1_543' title='bbox 3628 1343 3685 1387; x_wconf 93' lang='lat' dir='ltr'><strong>ut</strong></span> <span class='ocrx_word' id='word_1_544' title='bbox 3711 1335 3872 1393; x_wconf 80' lang='lat' dir='ltr'><strong>nullis</strong></span> 
     </span>
    </p>
   </div>
   <div class='ocr_carea' id='block_1_71' title="bbox 2282 1426 3874 1498">
    <p class='ocr_par' dir='ltr' id='par_1_71' title="bbox 2282 1426 3874 1498">
     <span class='ocr_line' id='line_1_71' title="bbox 2282 1426 3874 1498; baseline -0.001 -15"><span class='ocrx_word' id='word_1_545' title='bbox 2282 1430 2511 1486; x_wconf 84' lang='lat' dir='ltr'><strong>stimulis</strong></span> <span class='ocrx_word' id='word_1_546' title='bbox 2532 1429 2669 1495; x_wconf 81' lang='lat' dir='ltr'><strong>adigi</strong></span> <span class='ocrx_word' id='word_1_547' title='bbox 2703 1436 2919 1498; x_wconf 86' lang='lat' dir='ltr'><strong>possent</strong></span> <span class='ocrx_word' id='word_1_548' title='bbox 2948 1428 3013 1480; x_wconf 87' lang='lat' dir='ltr'><strong>ad</strong></span> <span class='ocrx_word' id='word_1_549' title='bbox 3044 1426 3513 1497; x_wconf 79' lang='lat' dir='ltr'><strong>progrediendum.</strong></span> <span class='ocrx_word' id='word_1_550' title='bbox 3548 1427 3657 1482; x_wconf 83' lang='lat' dir='ltr'><strong>Etsi</strong></span> <span class='ocrx_word' id='word_1_551' title='bbox 3690 1428 3874 1497; x_wconf 86' lang='lat' dir='ltr'><strong>plures</strong></span> 
     </span>
    </p>
   </div>
   <div class='ocr_carea' id='block_1_72' title="bbox 2286 1519 3874 1589">
    <p class='ocr_par' dir='ltr' id='par_1_72' title="bbox 2286 1519 3874 1589">
     <span class='ocr_line' id='line_1_72' title="bbox 2286 1519 3874 1589; baseline -0.002 -15"><span class='ocrx_word' id='word_1_552' title='bbox 2286 1521 2375 1575; x_wconf 92' lang='lat' dir='ltr'><strong>alii</strong></span> <span class='ocrx_word' id='word_1_553' title='bbox 2405 1521 2639 1589; x_wconf 89' lang='lat' dir='ltr'><strong>adjuncti</strong></span> <span class='ocrx_word' id='word_1_554' title='bbox 2667 1528 2878 1588; x_wconf 85' lang='lat' dir='ltr'><strong>essent,</strong></span> <span class='ocrx_word' id='word_1_555' title='bbox 2910 1519 3197 1573; x_wconf 85' lang='lat' dir='ltr'><strong>manebant</strong></span> <span class='ocrx_word' id='word_1_556' title='bbox 3224 1519 3433 1573; x_wconf 90' lang='lat' dir='ltr'><strong>immoti</strong></span> <span class='ocrx_word' id='word_1_557' title='bbox 3466 1535 3673 1585; x_wconf 64' lang='lat' dir='ltr'><strong>omnes,</strong></span> <span class='ocrx_word' id='word_1_558' title='bbox 3702 1536 3874 1587; x_wconf 85' lang='lat' dir='ltr'><strong>quan-</strong></span> 
     </span>
    </p>
   </div>
   <div class='ocr_carea' id='block_1_73' title="bbox 2288 1610 3872 1680">
    <p class='ocr_par' dir='ltr' id='par_1_73' title="bbox 2288 1610 3872 1680">
     <span class='ocr_line' id='line_1_73' title="bbox 2288 1610 3872 1680; baseline 0.003 -16"><span class='ocrx_word' id='word_1_559' title='bbox 2288 1612 2481 1665; x_wconf 83' lang='lat' dir='ltr'><strong>tumvis</strong></span> <span class='ocrx_word' id='word_1_560' title='bbox 2528 1612 2784 1665; x_wconf 86' lang='lat' dir='ltr'><strong>atrociter</strong></span> <span class='ocrx_word' id='word_1_561' title='bbox 2831 1610 3161 1666; x_wconf 70' lang='lat' dir='ltr'><strong>cacdcrcntur</strong></span> <span class='ocrx_word' id='word_1_562' title='bbox 3190 1619 3351 1680; x_wconf 88' lang='lat' dir='ltr'><strong>atque</strong></span> <span class='ocrx_word' id='word_1_563' title='bbox 3390 1611 3778 1666; x_wconf 86' lang='lat' dir='ltr'><strong>sauciarentur.</strong></span> <span class='ocrx_word' id='word_1_564' title='bbox 3812 1612 3872 1668; x_wconf 87' lang='lat' dir='ltr'><strong>Id</strong></span> 
     </span>
    </p>
   </div>
   <div class='ocr_carea' id='block_1_74' title="bbox 2286 1701 3871 1773">
    <p class='ocr_par' dir='ltr' id='par_1_74' title="bbox 2286 1701 3871 1773">
     <span class='ocr_line' id='line_1_74' title="bbox 2286 1701 3871 1773; baseline 0.001 -17"><span class='ocrx_word' id='word_1_565' title='bbox 2286 1701 2377 1756; x_wconf 88' lang='lat' dir='ltr'><strong>ubi</strong></span> <span class='ocrx_word' id='word_1_566' title='bbox 2424 1701 2567 1756; x_wconf 88' lang='lat' dir='ltr'><strong>celer</strong></span> <span class='ocrx_word' id='word_1_567' title='bbox 2604 1701 2821 1756; x_wconf 87' lang='lat' dir='ltr'><strong>nuntius</strong></span> <span class='ocrx_word' id='word_1_568' title='bbox 2870 1701 3179 1755; x_wconf 87' lang='lat' dir='ltr'><strong>beatissimo</strong></span> <span class='ocrx_word' id='word_1_569' title='bbox 3239 1701 3461 1755; x_wconf 80' lang='lat' dir='ltr'><strong>antitisti</strong></span> <span class='ocrx_word' id='word_1_570' title='bbox 3509 1702 3871 1773; x_wconf 78' lang='lat' dir='ltr'><strong>significavit,</strong></span> 
     </span>
    </p>
   </div>
   <div class='ocr_carea' id='block_1_75' title="bbox 2057 1792 3869 1872">
    <p class='ocr_par' dir='ltr' id='par_1_75' title="bbox 2057 1792 3869 1872">
     <span class='ocr_line' id='line_1_75' title="bbox 2057 1792 3869 1872; baseline 0.003 -27"><span class='ocrx_word' id='word_1_571' title='bbox 2057 1832 2182 1872; x_wconf 54' lang='lat' dir='ltr'><strong>seu.</strong></span> <span class='ocrx_word' id='word_1_572' title='bbox 2214 1792 2260 1853; x_wconf 81' lang='grc' dir='ltr'><strong>Β</strong></span> <span class='ocrx_word' id='word_1_573' title='bbox 2290 1794 2377 1847; x_wconf 88' lang='lat' dir='ltr'><strong>ille</strong></span> <span class='ocrx_word' id='word_1_574' title='bbox 2399 1794 2772 1849; x_wconf 89' lang='lat' dir='ltr'><strong>incunctanter</strong></span> <span class='ocrx_word' id='word_1_575' title='bbox 2814 1802 2973 1866; x_wconf 90' lang='lat' dir='ltr'><strong>atque</strong></span> <span class='ocrx_word' id='word_1_576' title='bbox 3011 1793 3237 1848; x_wconf 84' lang='lat' dir='ltr'><strong>fidenter</strong></span> <span class='ocrx_word' id='word_1_577' title='bbox 3279 1794 3528 1849; x_wconf 81' lang='lat' dir='ltr'><strong>veniebat</strong></span> <span class='ocrx_word' id='word_1_578' title='bbox 3553 1795 3619 1848; x_wconf 91' lang='lat' dir='ltr'><strong>ad</strong></span> <span class='ocrx_word' id='word_1_579' title='bbox 3648 1796 3828 1850; x_wconf 88' lang='lat' dir='ltr'><strong>locum</strong></span> <span class='ocrx_word' id='word_1_580' title='bbox 3853 1838 3869 1865; x_wconf 94' lang='lat'><strong>,</strong></span> 
     </span>
    </p>
   </div>
   <div class='ocr_carea' id='block_1_76' title="bbox 2288 1885 3871 1955">
    <p class='ocr_par' dir='ltr' id='par_1_76' title="bbox 2288 1885 3871 1955">
     <span class='ocr_line' id='line_1_76' title="bbox 2288 1885 3871 1955; baseline 0.001 -15"><span class='ocrx_word' id='word_1_581' title='bbox 2288 1901 2389 1941; x_wconf 89' lang='lat' dir='ltr'><strong>nec</strong></span> <span class='ocrx_word' id='word_1_582' title='bbox 2417 1893 2621 1940; x_wconf 88' lang='lat' dir='ltr'><strong>terrore</strong></span> <span class='ocrx_word' id='word_1_583' title='bbox 2652 1885 2887 1955; x_wconf 89' lang='lat' dir='ltr'><strong>trepidus</strong></span> <span class='ocrx_word' id='word_1_584' title='bbox 2914 1929 2929 1953; x_wconf 94' lang='lat'><strong>,</strong></span> <span class='ocrx_word' id='word_1_585' title='bbox 2960 1901 3059 1941; x_wconf 83' lang='lat' dir='ltr'><strong>nec</strong></span> <span class='ocrx_word' id='word_1_586' title='bbox 3088 1900 3319 1939; x_wconf 71' lang='lat' dir='ltr'><strong>mmrore</strong></span> <span class='ocrx_word' id='word_1_587' title='bbox 3347 1887 3706 1954; x_wconf 79' lang='lat' dir='ltr'><strong>perturbatus.</strong></span> <span class='ocrx_word' id='word_1_588' title='bbox 3735 1886 3871 1942; x_wconf 87' lang='lat' dir='ltr'><strong>Tum</strong></span> 
     </span>
    </p>
   </div>
   <div class='ocr_carea' id='block_1_77' title="bbox 2285 1976 3869 2045">
    <p class='ocr_par' dir='ltr' id='par_1_77' title="bbox 2285 1976 3869 2045">
     <span class='ocr_line' id='line_1_77' title="bbox 2285 1976 3869 2045; baseline 0.001 -14"><span class='ocrx_word' id='word_1_589' title='bbox 2285 1991 2415 2031; x_wconf 90' lang='lat' dir='ltr'><strong>vero</strong></span> <span class='ocrx_word' id='word_1_590' title='bbox 2464 1977 2633 2031; x_wconf 90' lang='lat' dir='ltr'><strong>hostis</strong></span> <span class='ocrx_word' id='word_1_591' title='bbox 2681 1976 3079 2045; x_wconf 83' lang='lat' dir='ltr'><strong>nequitissimus</strong></span> <span class='ocrx_word' id='word_1_592' title='bbox 3132 1976 3247 2045; x_wconf 84' lang='lat' dir='ltr'><strong>ejus</strong></span> <span class='ocrx_word' id='word_1_593' title='bbox 3286 1977 3470 2032; x_wconf 90' lang='lat' dir='ltr'><strong>oculos</strong></span> <span class='ocrx_word' id='word_1_594' title='bbox 3519 1978 3706 2033; x_wconf 77' lang='lat' dir='ltr'><strong>falzcre</strong></span> <span class='ocrx_word' id='word_1_595' title='bbox 3761 1992 3869 2033; x_wconf 90' lang='lat' dir='ltr'><strong>non</strong></span> 
     </span>
    </p>
   </div>
   <div class='ocr_carea' id='block_1_78' title="bbox 2285 2070 3868 2142">
    <p class='ocr_par' dir='ltr' id='par_1_78' title="bbox 2285 2070 3868 2142">
     <span class='ocr_line' id='line_1_78' title="bbox 2285 2070 3868 2142; baseline 0 -17"><span class='ocrx_word' id='word_1_596' title='bbox 2285 2071 2497 2142; x_wconf 89' lang='lat' dir='ltr'><strong>potuit,</strong></span> <span class='ocrx_word' id='word_1_597' title='bbox 2523 2086 2621 2126; x_wconf 89' lang='lat' dir='ltr'><strong>nec</strong></span> <span class='ocrx_word' id='word_1_598' title='bbox 2646 2086 2704 2126; x_wconf 89' lang='lat' dir='ltr'><strong>se</strong></span> <span class='ocrx_word' id='word_1_599' title='bbox 2733 2071 2797 2125; x_wconf 90' lang='lat' dir='ltr'><strong>ab</strong></span> <span class='ocrx_word' id='word_1_600' title='bbox 2827 2070 2941 2140; x_wconf 85' lang='lat' dir='ltr'><strong>ejus</strong></span> <span class='ocrx_word' id='word_1_601' title='bbox 2971 2080 3264 2140; x_wconf 87' lang='lat' dir='ltr'><strong>conspectu</strong></span> <span class='ocrx_word' id='word_1_602' title='bbox 3292 2070 3591 2124; x_wconf 84' lang='lat' dir='ltr'><strong>subducere</strong></span> <span class='ocrx_word' id='word_1_603' title='bbox 3613 2111 3628 2133; x_wconf 90' lang='lat'><strong>,</strong></span> <span class='ocrx_word' id='word_1_604' title='bbox 3661 2071 3754 2139; x_wconf 76' lang='lat' dir='ltr'><strong>qui</strong></span> <span class='ocrx_word' id='word_1_605' title='bbox 3782 2081 3868 2125; x_wconf 90' lang='lat' dir='ltr'><strong>to-</strong></span> 
     </span>
    </p>
   </div>
   <div class='ocr_carea' id='block_1_79' title="bbox 2284 2161 3870 2232">
    <p class='ocr_par' dir='ltr' id='par_1_79' title="bbox 2284 2161 3870 2232">
     <span class='ocr_line' id='line_1_79' title="bbox 2284 2161 3870 2232; baseline 0.001 -17"><span class='ocrx_word' id='word_1_606' title='bbox 2284 2161 2390 2215; x_wconf 89' lang='lat' dir='ltr'><strong>tius</strong></span> <span class='ocrx_word' id='word_1_607' title='bbox 2432 2162 2612 2232; x_wconf 88' lang='lat' dir='ltr'><strong>populi</strong></span> <span class='ocrx_word' id='word_1_608' title='bbox 2660 2163 2828 2218; x_wconf 90' lang='lat' dir='ltr'><strong>oculis</strong></span> <span class='ocrx_word' id='word_1_609' title='bbox 2859 2162 3097 2230; x_wconf 82' lang='lat' dir='ltr'><strong>conspici</strong></span> <span class='ocrx_word' id='word_1_610' title='bbox 3151 2178 3256 2215; x_wconf 87' lang='lat' dir='ltr'><strong>non</strong></span> <span class='ocrx_word' id='word_1_611' title='bbox 3306 2170 3535 2230; x_wconf 83' lang='lat' dir='ltr'><strong>poterat.</strong></span> <span class='ocrx_word' id='word_1_612' title='bbox 3570 2161 3659 2214; x_wconf 83' lang='lat' dir='ltr'><strong>Ait</strong></span> <span class='ocrx_word' id='word_1_613' title='bbox 3687 2171 3870 2217; x_wconf 85' lang='lat' dir='ltr'><strong>autem</strong></span> 
     </span>
    </p>
   </div>
   <div class='ocr_carea' id='block_1_80' title="bbox 2284 2251 3871 2320">
    <p class='ocr_par' dir='ltr' id='par_1_80' title="bbox 2284 2251 3871 2320">
     <span class='ocr_line' id='line_1_80' title="bbox 2284 2251 3871 2320; baseline 0.003 -14"><span class='ocrx_word' id='word_1_614' title='bbox 2284 2251 2366 2306; x_wconf 89' lang='lat' dir='ltr'><strong>vir</strong></span> <span class='ocrx_word' id='word_1_615' title='bbox 2392 2260 2608 2307; x_wconf 87' lang='lat' dir='ltr'><strong>sanctus</strong></span> <span class='ocrx_word' id='word_1_616' title='bbox 2638 2252 2703 2305; x_wconf 88' lang='lat' dir='ltr'><strong>ad</strong></span> <span class='ocrx_word' id='word_1_617' title='bbox 2727 2253 2871 2307; x_wconf 88' lang='lat' dir='ltr'><strong>illos:</strong></span> <span class='ocrx_word' id='word_1_618' title='bbox 2901 2252 3116 2306; x_wconf 85' lang='lat' dir='ltr'><strong>Frustra</strong></span> <span class='ocrx_word' id='word_1_619' title='bbox 3139 2254 3346 2306; x_wconf 77' lang='lat' dir='ltr'><strong>vexatis</strong></span> <span class='ocrx_word' id='word_1_620' title='bbox 3372 2252 3614 2320; x_wconf 86' lang='lat' dir='ltr'><strong>jumenta</strong></span> <span class='ocrx_word' id='word_1_621' title='bbox 3645 2254 3871 2310; x_wconf 87' lang='lat' dir='ltr'><strong>rationis</strong></span> 
     </span>
    </p>
   </div>
   <div class='ocr_carea' id='block_1_81' title="bbox 2285 2344 3871 2415">
    <p class='ocr_par' dir='ltr' id='par_1_81' title="bbox 2285 2344 3871 2415">
     <span class='ocr_line' id='line_1_81' title="bbox 2285 2344 3871 2415; baseline 0 -15"><span class='ocrx_word' id='word_1_622' title='bbox 2285 2345 2556 2415; x_wconf 84' lang='lat' dir='ltr'><strong>expertia,</strong></span> <span class='ocrx_word' id='word_1_623' title='bbox 2589 2345 2718 2399; x_wconf 89' lang='lat' dir='ltr'><strong>dum</strong></span> <span class='ocrx_word' id='word_1_624' title='bbox 2743 2344 2940 2399; x_wconf 87' lang='lat' dir='ltr'><strong>inimici</strong></span> <span class='ocrx_word' id='word_1_625' title='bbox 2970 2345 3349 2412; x_wconf 84' lang='lat' dir='ltr'><strong>impedimenta</strong></span> <span class='ocrx_word' id='word_1_626' title='bbox 3378 2360 3602 2398; x_wconf 86' lang='lat' dir='ltr'><strong>cernere</strong></span> <span class='ocrx_word' id='word_1_627' title='bbox 3632 2360 3738 2399; x_wconf 92' lang='lat' dir='ltr'><strong>non</strong></span> <span class='ocrx_word' id='word_1_628' title='bbox 3772 2362 3871 2415; x_wconf 85' lang='lat' dir='ltr'><strong>po-</strong></span> 
     </span>
    </p>
   </div>
   <div class='ocr_carea' id='block_1_82' title="bbox 2283 2438 3867 2509">
    <p class='ocr_par' dir='ltr' id='par_1_82' title="bbox 2283 2438 3867 2509">
     <span class='ocr_line' id='line_1_82' title="bbox 2283 2438 3867 2509; baseline 0.001 -15"><span class='ocrx_word' id='word_1_629' title='bbox 2283 2440 2455 2495; x_wconf 86' lang='lat' dir='ltr'><strong>testis.</strong></span> <span class='ocrx_word' id='word_1_630' title='bbox 2486 2438 2595 2507; x_wconf 82' lang='lat' dir='ltr'><strong>Ego</strong></span> <span class='ocrx_word' id='word_1_631' title='bbox 2616 2455 2745 2495; x_wconf 85' lang='lat' dir='ltr'><strong>vero</strong></span> <span class='ocrx_word' id='word_1_632' title='bbox 2770 2454 2987 2509; x_wconf 86' lang='lat' dir='ltr'><strong>parvum</strong></span> <span class='ocrx_word' id='word_1_633' title='bbox 3010 2438 3320 2509; x_wconf 61' lang='lat' dir='ltr'><strong>[EthiOpem</strong></span> <span class='ocrx_word' id='word_1_634' title='bbox 3339 2439 3520 2507; x_wconf 84' lang='lat' dir='ltr'><strong>video,</strong></span> <span class='ocrx_word' id='word_1_635' title='bbox 3542 2439 3714 2494; x_wconf 90' lang='lat' dir='ltr'><strong>bobus</strong></span> <span class='ocrx_word' id='word_1_636' title='bbox 3745 2454 3867 2497; x_wconf 89' lang='lat' dir='ltr'><strong>sese</strong></span> 
     </span>
    </p>
   </div>
   <div class='ocr_carea' id='block_1_83' title="bbox 2285 2528 3869 2603">
    <p class='ocr_par' dir='ltr' id='par_1_83' title="bbox 2285 2528 3869 2603">
     <span class='ocr_line' id='line_1_83' title="bbox 2285 2528 3869 2603; baseline -0.002 -15"><span class='ocrx_word' id='word_1_637' title='bbox 2285 2532 2643 2601; x_wconf 89' lang='lat' dir='ltr'><strong>objicientem.</strong></span> <span class='ocrx_word' id='word_1_638' title='bbox 2662 2531 2789 2586; x_wconf 90' lang='lat' dir='ltr'><strong>Inde</strong></span> <span class='ocrx_word' id='word_1_639' title='bbox 2810 2528 2959 2586; x_wconf 80' lang='lat' dir='ltr'><strong>ﬂexis</strong></span> <span class='ocrx_word' id='word_1_640' title='bbox 2982 2532 3203 2599; x_wconf 82' lang='lat' dir='ltr'><strong>genibus</strong></span> <span class='ocrx_word' id='word_1_641' title='bbox 3227 2570 3241 2595; x_wconf 87' lang='lat'><strong>,</strong></span> <span class='ocrx_word' id='word_1_642' title='bbox 3273 2539 3391 2585; x_wconf 85' lang='lat' dir='ltr'><strong>orat</strong></span> <span class='ocrx_word' id='word_1_643' title='bbox 3417 2531 3642 2600; x_wconf 70' lang='lat' dir='ltr'><strong>supplex</strong></span> <span class='ocrx_word' id='word_1_644' title='bbox 3673 2531 3869 2603; x_wconf 81' lang='lat' dir='ltr'><strong>Deum,</strong></span> 
     </span>
    </p>
   </div>
   <div class='ocr_carea' id='block_1_84' title="bbox 2283 2621 3873 2693">
    <p class='ocr_par' dir='ltr' id='par_1_84' title="bbox 2283 2621 3873 2693">
     <span class='ocr_line' id='line_1_84' title="bbox 2283 2621 3873 2693; baseline 0.001 -15"><span class='ocrx_word' id='word_1_645' title='bbox 2283 2634 2346 2678; x_wconf 92' lang='lat' dir='ltr'><strong>ut</strong></span> <span class='ocrx_word' id='word_1_646' title='bbox 2372 2624 2542 2681; x_wconf 87' lang='lat' dir='ltr'><strong>hostis</strong></span> <span class='ocrx_word' id='word_1_647' title='bbox 2588 2625 2806 2679; x_wconf 85' lang='lat' dir='ltr'><strong>insidias</strong></span> <span class='ocrx_word' id='word_1_648' title='bbox 2849 2631 3075 2678; x_wconf 85' lang='lat' dir='ltr'><strong>avertat.</strong></span> <span class='ocrx_word' id='word_1_649' title='bbox 3118 2621 3244 2691; x_wconf 84' lang='lat' dir='ltr'><strong>Ejus</strong></span> <span class='ocrx_word' id='word_1_650' title='bbox 3276 2639 3462 2693; x_wconf 88' lang='lat' dir='ltr'><strong>preces</strong></span> <span class='ocrx_word' id='word_1_651' title='bbox 3494 2625 3752 2692; x_wconf 77' lang='lat' dir='ltr'><strong>malignas</strong></span> <span class='ocrx_word' id='word_1_652' title='bbox 3778 2625 3873 2681; x_wconf 89' lang='lat' dir='ltr'><strong>ille</strong></span> 
     </span>
    </p>
   </div>
   <div class='ocr_carea' id='block_1_85' title="bbox 2282 2714 3870 2784">
    <p class='ocr_par' dir='ltr' id='par_1_85' title="bbox 2282 2714 3870 2784">
     <span class='ocr_line' id='line_1_85' title="bbox 2282 2714 3870 2784; baseline 0.003 -14"><span class='ocrx_word' id='word_1_653' title='bbox 2282 2714 2423 2773; x_wconf 84' lang='lat' dir='ltr'><strong>ferre</strong></span> <span class='ocrx_word' id='word_1_654' title='bbox 2452 2733 2557 2771; x_wconf 91' lang='lat' dir='ltr'><strong>non</strong></span> <span class='ocrx_word' id='word_1_655' title='bbox 2588 2715 2852 2772; x_wconf 90' lang='lat' dir='ltr'><strong>sustinens</strong></span> <span class='ocrx_word' id='word_1_656' title='bbox 2878 2757 2893 2784; x_wconf 94' lang='lat'><strong>,</strong></span> <span class='ocrx_word' id='word_1_657' title='bbox 2928 2716 3077 2770; x_wconf 85' lang='lat' dir='ltr'><strong>ocius</strong></span> <span class='ocrx_word' id='word_1_658' title='bbox 3105 2730 3209 2769; x_wconf 92' lang='lat' dir='ltr'><strong>non</strong></span> <span class='ocrx_word' id='word_1_659' title='bbox 3240 2716 3355 2771; x_wconf 89' lang='lat' dir='ltr'><strong>sine</strong></span> <span class='ocrx_word' id='word_1_660' title='bbox 3387 2716 3663 2771; x_wconf 81' lang='lat' dir='ltr'><strong>teterrimo</strong></span> <span class='ocrx_word' id='word_1_661' title='bbox 3690 2715 3870 2774; x_wconf 85' lang='lat' dir='ltr'><strong>fetore</strong></span> 
     </span>
    </p>
   </div>
   <div class='ocr_carea' id='block_1_86' title="bbox 2283 2806 3868 2879">
    <p class='ocr_par' dir='ltr' id='par_1_86' title="bbox 2283 2806 3868 2879">
     <span class='ocr_line' id='line_1_86' title="bbox 2283 2806 3868 2879; baseline -0.001 -13"><span class='ocrx_word' id='word_1_662' title='bbox 2283 2808 2507 2866; x_wconf 87' lang='lat' dir='ltr'><strong>recedit.</strong></span> <span class='ocrx_word' id='word_1_663' title='bbox 2535 2807 2658 2864; x_wconf 79' lang='lat' dir='ltr'><strong>Mox</strong></span> <span class='ocrx_word' id='word_1_664' title='bbox 2688 2808 2879 2863; x_wconf 89' lang='lat' dir='ltr'><strong>amotis</strong></span> <span class='ocrx_word' id='word_1_665' title='bbox 2900 2806 3069 2861; x_wconf 89' lang='lat' dir='ltr'><strong>bobus</strong></span> <span class='ocrx_word' id='word_1_666' title='bbox 3095 2849 3111 2875; x_wconf 93' lang='lat'><strong>,</strong></span> <span class='ocrx_word' id='word_1_667' title='bbox 3139 2807 3229 2876; x_wconf 85' lang='lat' dir='ltr'><strong>qui</strong></span> <span class='ocrx_word' id='word_1_668' title='bbox 3263 2808 3379 2862; x_wconf 88' lang='lat' dir='ltr'><strong>aliis</strong></span> <span class='ocrx_word' id='word_1_669' title='bbox 3408 2806 3645 2876; x_wconf 88' lang='lat' dir='ltr'><strong>adjuncti</strong></span> <span class='ocrx_word' id='word_1_670' title='bbox 3677 2819 3868 2879; x_wconf 88' lang='lat' dir='ltr'><strong>erant,</strong></span> 
     </span>
    </p>
   </div>
   <div class='ocr_carea' id='block_1_87' title="bbox 2285 2900 3871 2960">
    <p class='ocr_par' dir='ltr' id='par_1_87' title="bbox 2285 2900 3871 2960">
     <span class='ocr_line' id='line_1_87' title="bbox 2285 2900 3871 2960; baseline 0.001 -2"><span class='ocrx_word' id='word_1_671' title='bbox 2285 2902 2548 2958; x_wconf 76' lang='lat' dir='ltr'><strong>columnae</strong></span> <span class='ocrx_word' id='word_1_672' title='bbox 2592 2904 2709 2958; x_wconf 88' lang='lat' dir='ltr'><strong>sine</strong></span> <span class='ocrx_word' id='word_1_673' title='bbox 2749 2900 3062 2957; x_wconf 76' lang='lat' dir='ltr'><strong>difﬁcultate</strong></span> <span class='ocrx_word' id='word_1_674' title='bbox 3091 2901 3198 2956; x_wconf 88' lang='lat' dir='ltr'><strong>ulla</strong></span> <span class='ocrx_word' id='word_1_675' title='bbox 3228 2900 3295 2957; x_wconf 89' lang='lat' dir='ltr'><strong>ad</strong></span> <span class='ocrx_word' id='word_1_676' title='bbox 3338 2900 3515 2958; x_wconf 89' lang='lat' dir='ltr'><strong>locum</strong></span> <span class='ocrx_word' id='word_1_677' title='bbox 3543 2900 3871 2960; x_wconf 81' lang='lat' dir='ltr'><strong>destinatum</strong></span> 
     </span>
    </p>
   </div>
   <div class='ocr_carea' id='block_1_88' title="bbox 2287 2997 2688 3068">
    <p class='ocr_par' dir='ltr' id='par_1_88' title="bbox 2287 2997 2688 3068">
     <span class='ocr_line' id='line_1_88' title="bbox 2287 2997 2688 3068; baseline -0.002 -17"><span class='ocrx_word' id='word_1_678' title='bbox 2287 2997 2688 3068; x_wconf 88' lang='lat' dir='ltr'><strong>pertrahuntur.</strong></span> 
     </span>
    </p>
   </div>
   <div class='ocr_carea' id='block_1_89' title="bbox 2360 3108 3945 3182">
    <p class='ocr_par' dir='ltr' id='par_1_89' title="bbox 2360 3108 3945 3182">
     <span class='ocr_line' id='line_1_89' title="bbox 2360 3108 3945 3182; baseline 0.001 -20"><span class='ocrx_word' id='word_1_679' title='bbox 2360 3108 2411 3163; x_wconf 88' lang='grc'><strong>’1.</strong></span> <span class='ocrx_word' id='word_1_680' title='bbox 2446 3109 2626 3179; x_wconf 87' lang='lat' dir='ltr'><strong>Neque</strong></span> <span class='ocrx_word' id='word_1_681' title='bbox 2655 3109 2784 3164; x_wconf 89' lang='lat' dir='ltr'><strong>illud</strong></span> <span class='ocrx_word' id='word_1_682' title='bbox 2812 3110 2881 3166; x_wconf 90' lang='lat' dir='ltr'><strong>ob</strong></span> <span class='ocrx_word' id='word_1_683' title='bbox 2910 3110 3303 3167; x_wconf 83' lang='lat' dir='ltr'><strong>conﬁrmandos</strong></span> <span class='ocrx_word' id='word_1_684' title='bbox 3330 3110 3711 3182; x_wconf 81' lang='lat' dir='ltr'><strong>Rhegiensium</strong></span> <span class='ocrx_word' id='word_1_685' title='bbox 3742 3113 3945 3168; x_wconf 61' lang='lat' dir='ltr'><strong>ani-ut.</strong></span> 
     </span>
    </p>
   </div>
   <div class='ocr_carea' id='block_1_90' title="bbox 2287 3201 3875 3273">
    <p class='ocr_par' dir='ltr' id='par_1_90' title="bbox 2287 3201 3875 3273">
     <span class='ocr_line' id='line_1_90' title="bbox 2287 3201 3875 3273; baseline 0.004 -16"><span class='ocrx_word' id='word_1_686' title='bbox 2287 3216 2408 3258; x_wconf 91' lang='lat' dir='ltr'><strong>mos</strong></span> <span class='ocrx_word' id='word_1_687' title='bbox 2435 3201 2790 3257; x_wconf 88' lang='lat' dir='ltr'><strong>omittendum</strong></span> <span class='ocrx_word' id='word_1_688' title='bbox 2836 3204 3161 3273; x_wconf 81' lang='lat' dir='ltr'><strong>putavimus,</strong></span> <span class='ocrx_word' id='word_1_689' title='bbox 3207 3204 3349 3273; x_wconf 89' lang='lat' dir='ltr'><strong>quod</strong></span> <span class='ocrx_word' id='word_1_690' title='bbox 3379 3220 3499 3260; x_wconf 90' lang='lat' dir='ltr'><strong>cum</strong></span> <span class='ocrx_word' id='word_1_691' title='bbox 3529 3204 3875 3263; x_wconf 80' lang='lat' dir='ltr'><strong>beatissimus</strong></span> 
     </span>
    </p>
   </div>
   <div class='ocr_carea' id='block_1_91' title="bbox 2285 3293 3873 3365">
    <p class='ocr_par' dir='ltr' id='par_1_91' title="bbox 2285 3293 3873 3365">
     <span class='ocr_line' id='line_1_91' title="bbox 2285 3293 3873 3365; baseline 0.005 -18"><span class='ocrx_word' id='word_1_692' title='bbox 2285 3294 2510 3350; x_wconf 80' lang='lat' dir='ltr'><strong>antistes</strong></span> <span class='ocrx_word' id='word_1_693' title='bbox 2539 3293 2602 3346; x_wconf 88' lang='lat' dir='ltr'><strong>ad</strong></span> <span class='ocrx_word' id='word_1_694' title='bbox 2630 3294 2903 3349; x_wconf 81' lang='lat' dir='ltr'><strong>basilicam</strong></span> <span class='ocrx_word' id='word_1_695' title='bbox 2949 3294 3016 3349; x_wconf 92' lang='lat' dir='ltr'><strong>ab</strong></span> <span class='ocrx_word' id='word_1_696' title='bbox 3044 3296 3161 3365; x_wconf 82' lang='lat' dir='ltr'><strong>ipso</strong></span> <span class='ocrx_word' id='word_1_697' title='bbox 3187 3304 3549 3352; x_wconf 90' lang='lat' dir='ltr'><strong>constructam</strong></span> <span class='ocrx_word' id='word_1_698' title='bbox 3578 3312 3757 3353; x_wconf 84' lang='lat' dir='ltr'><strong>sacras</strong></span> <span class='ocrx_word' id='word_1_699' title='bbox 3781 3313 3873 3355; x_wconf 85' lang='lat' dir='ltr'><strong>re-</strong></span> 
     </span>
    </p>
   </div>
   <div class='ocr_carea' id='block_1_92' title="bbox 2285 3388 3870 3459">
    <p class='ocr_par' dir='ltr' id='par_1_92' title="bbox 2285 3388 3870 3459">
     <span class='ocr_line' id='line_1_92' title="bbox 2285 3388 3870 3459; baseline 0.006 -18"><span class='ocrx_word' id='word_1_700' title='bbox 2285 3388 2479 3457; x_wconf 87' lang='lat' dir='ltr'><strong>liquias</strong></span> <span class='ocrx_word' id='word_1_701' title='bbox 2498 3402 2707 3442; x_wconf 88' lang='lat' dir='ltr'><strong>summo</strong></span> <span class='ocrx_word' id='word_1_702' title='bbox 2737 3402 2858 3442; x_wconf 91' lang='lat' dir='ltr'><strong>cum</strong></span> <span class='ocrx_word' id='word_1_703' title='bbox 2888 3388 3094 3444; x_wconf 90' lang='lat' dir='ltr'><strong>honore</strong></span> <span class='ocrx_word' id='word_1_704' title='bbox 3131 3390 3406 3459; x_wconf 88' lang='lat' dir='ltr'><strong>psallendo</strong></span> <span class='ocrx_word' id='word_1_705' title='bbox 3436 3390 3745 3457; x_wconf 88' lang='lat' dir='ltr'><strong>adduceret,</strong></span> <span class='ocrx_word' id='word_1_706' title='bbox 3776 3393 3870 3450; x_wconf 85' lang='lat' dir='ltr'><strong>ubi</strong></span> 
     </span>
    </p>
   </div>
   <div class='ocr_carea' id='block_1_93' title="bbox 2287 3480 3872 3553">
    <p class='ocr_par' dir='ltr' id='par_1_93' title="bbox 2287 3480 3872 3553">
     <span class='ocr_line' id='line_1_93' title="bbox 2287 3480 3872 3553; baseline 0.006 -19"><span class='ocrx_word' id='word_1_707' title='bbox 2287 3480 2353 3534; x_wconf 88' lang='lat' dir='ltr'><strong>ad</strong></span> <span class='ocrx_word' id='word_1_708' title='bbox 2379 3481 2525 3535; x_wconf 86' lang='lat' dir='ltr'><strong>urbis</strong></span> <span class='ocrx_word' id='word_1_709' title='bbox 2551 3488 2759 3550; x_wconf 86' lang='lat' dir='ltr'><strong>portam</strong></span> <span class='ocrx_word' id='word_1_710' title='bbox 2781 3491 3001 3537; x_wconf 84' lang='lat' dir='ltr'><strong>ventum</strong></span> <span class='ocrx_word' id='word_1_711' title='bbox 3024 3491 3125 3549; x_wconf 89' lang='lat' dir='ltr'><strong>est,</strong></span> <span class='ocrx_word' id='word_1_712' title='bbox 3154 3483 3221 3536; x_wconf 88' lang='lat' dir='ltr'><strong>ab</strong></span> <span class='ocrx_word' id='word_1_713' title='bbox 3252 3483 3540 3553; x_wconf 87' lang='lat' dir='ltr'><strong>improviso</strong></span> <span class='ocrx_word' id='word_1_714' title='bbox 3568 3500 3758 3541; x_wconf 87' lang='lat' dir='ltr'><strong>versus</strong></span> <span class='ocrx_word' id='word_1_715' title='bbox 3781 3485 3872 3543; x_wconf 81' lang='lat' dir='ltr'><strong>ille</strong></span> 
     </span>
    </p>
   </div>
   <div class='ocr_carea' id='block_1_94' title="bbox 2287 3568 3871 3645">
    <p class='ocr_par' dir='ltr' id='par_1_94' title="bbox 2287 3568 3871 3645">
     <span class='ocr_line' id='line_1_94' title="bbox 2287 3568 3871 3645; baseline 0.005 -21"><span class='ocrx_word' id='word_1_716' title='bbox 2287 3568 2474 3624; x_wconf 86' lang='lat' dir='ltr'><strong>ordine</strong></span> <span class='ocrx_word' id='word_1_717' title='bbox 2489 3570 2725 3625; x_wconf 91' lang='lat' dir='ltr'><strong>occurrit</strong></span> <span class='ocrx_word' id='word_1_718' title='bbox 2749 3588 2763 3623; x_wconf 86' lang='lat'><strong>:</strong></span> <span class='ocrx_word' id='word_1_719' title='bbox 2790 3568 2920 3624; x_wconf 59' lang='grc' dir='ltr'><em>Παῖς</em></span> <span class='ocrx_word' id='word_1_720' title='bbox 2940 3580 3090 3641; x_wconf 79' lang='lat' dir='ltr'><strong>porta</strong></span> <span class='ocrx_word' id='word_1_721' title='bbox 3118 3570 3346 3641; x_wconf 84' lang='lat' dir='ltr'><strong>Domini,</strong></span> <span class='ocrx_word' id='word_1_722' title='bbox 3368 3574 3497 3645; x_wconf 79' lang='lat' dir='ltr'><strong>justi</strong></span> <span class='ocrx_word' id='word_1_723' title='bbox 3520 3574 3784 3629; x_wconf 81' lang='lat' dir='ltr'><strong>intrabunt</strong></span> <span class='ocrx_word' id='word_1_724' title='bbox 3811 3578 3871 3632; x_wconf 79' lang='lat' dir='ltr'><strong>in</strong></span> 
     </span>
    </p>
   </div>
   <div class='ocr_carea' id='block_1_95' title="bbox 2286 3657 3871 3735">
    <p class='ocr_par' dir='ltr' id='par_1_95' title="bbox 2286 3657 3871 3735">
     <span class='ocr_line' id='line_1_95' title="bbox 2286 3657 3871 3735; baseline 0.007 -21"><span class='ocrx_word' id='word_1_725' title='bbox 2286 3677 2419 3715; x_wconf 79' lang='lat' dir='ltr'><strong>eam.</strong></span> <span class='ocrx_word' id='word_1_726' title='bbox 2446 3657 2600 3716; x_wconf 90' lang='lat' dir='ltr'><strong>Unde</strong></span> <span class='ocrx_word' id='word_1_727' title='bbox 2624 3661 2814 3731; x_wconf 90' lang='lat' dir='ltr'><strong>procul</strong></span> <span class='ocrx_word' id='word_1_728' title='bbox 2840 3661 3003 3717; x_wconf 90' lang='lat' dir='ltr'><strong>dubio</strong></span> <span class='ocrx_word' id='word_1_729' title='bbox 3034 3663 3209 3733; x_wconf 80' lang='lat' dir='ltr'><strong>colligi</strong></span> <span class='ocrx_word' id='word_1_730' title='bbox 3237 3671 3435 3732; x_wconf 80' lang='lat' dir='ltr'><strong>potest,</strong></span> <span class='ocrx_word' id='word_1_731' title='bbox 3461 3663 3575 3733; x_wconf 85' lang='lat' dir='ltr'><strong>ejus</strong></span> <span class='ocrx_word' id='word_1_732' title='bbox 3617 3667 3871 3735; x_wconf 79' lang='lat' dir='ltr'><strong>precibus</strong></span> 
     </span>
    </p>
   </div>
   <div class='ocr_carea' id='block_1_96' title="bbox 2286 3753 3868 3827">
    <p class='ocr_par' dir='ltr' id='par_1_96' title="bbox 2286 3753 3868 3827">
     <span class='ocr_line' id='line_1_96' title="bbox 2286 3753 3868 3827; baseline 0.004 -22"><span class='ocrx_word' id='word_1_733' title='bbox 2286 3753 2472 3809; x_wconf 91' lang='lat' dir='ltr'><strong>urbem</strong></span> <span class='ocrx_word' id='word_1_734' title='bbox 2520 3753 2664 3807; x_wconf 85' lang='lat' dir='ltr'><strong>illam</strong></span> <span class='ocrx_word' id='word_1_735' title='bbox 2694 3753 2829 3809; x_wconf 91' lang='lat' dir='ltr'><strong>adeo</strong></span> <span class='ocrx_word' id='word_1_736' title='bbox 2859 3769 2978 3809; x_wconf 88' lang='lat' dir='ltr'><strong>esse</strong></span> <span class='ocrx_word' id='word_1_737' title='bbox 3008 3755 3289 3818; x_wconf 89' lang='lat' dir='ltr'><strong>munitam,</strong></span> <span class='ocrx_word' id='word_1_738' title='bbox 3332 3764 3391 3810; x_wconf 92' lang='lat' dir='ltr'><strong>ut</strong></span> <span class='ocrx_word' id='word_1_739' title='bbox 3417 3755 3555 3810; x_wconf 91' lang='lat' dir='ltr'><strong>sicut</strong></span> <span class='ocrx_word' id='word_1_740' title='bbox 3582 3756 3868 3827; x_wconf 78' lang='lat' dir='ltr'><strong>hactenus,</strong></span> 
     </span>
    </p>
   </div>
   <div class='ocr_carea' id='block_1_97' title="bbox 2286 3843 3867 3916">
    <p class='ocr_par' dir='ltr' id='par_1_97' title="bbox 2286 3843 3867 3916">
     <span class='ocr_line' id='line_1_97' title="bbox 2286 3843 3867 3916; baseline 0.001 -15"><span class='ocrx_word' id='word_1_741' title='bbox 2286 3843 2499 3901; x_wconf 89' lang='lat' dir='ltr'><strong>Christo</strong></span> <span class='ocrx_word' id='word_1_742' title='bbox 2525 3847 2757 3916; x_wconf 85' lang='lat' dir='ltr'><strong>propitio</strong></span> <span class='ocrx_word' id='word_1_743' title='bbox 2783 3845 2957 3901; x_wconf 91' lang='lat' dir='ltr'><strong>nullos</strong></span> <span class='ocrx_word' id='word_1_744' title='bbox 2984 3846 3221 3901; x_wconf 88' lang='lat' dir='ltr'><strong>hostium</strong></span> <span class='ocrx_word' id='word_1_745' title='bbox 3250 3847 3493 3901; x_wconf 83' lang='lat' dir='ltr'><strong>incursus</strong></span> <span class='ocrx_word' id='word_1_746' title='bbox 3536 3846 3695 3915; x_wconf 80' lang='lat' dir='ltr'><strong>longo</strong></span> <span class='ocrx_word' id='word_1_747' title='bbox 3724 3857 3867 3903; x_wconf 88' lang='lat' dir='ltr'><strong>tem-</strong></span> 
     </span>
    </p>
   </div>
   <div class='ocr_carea' id='block_1_98' title="bbox 2286 3936 3869 4011">
    <p class='ocr_par' dir='ltr' id='par_1_98' title="bbox 2286 3936 3869 4011">
     <span class='ocr_line' id='line_1_98' title="bbox 2286 3936 3869 4011; baseline 0.005 -21"><span class='ocrx_word' id='word_1_748' title='bbox 2286 3952 2478 4007; x_wconf 92' lang='lat' dir='ltr'><strong>porum</strong></span> <span class='ocrx_word' id='word_1_749' title='bbox 2506 3936 2786 3993; x_wconf 89' lang='lat' dir='ltr'><strong>intervallo</strong></span> <span class='ocrx_word' id='word_1_750' title='bbox 2834 3937 3072 4007; x_wconf 88' lang='lat' dir='ltr'><strong>pertulit,</strong></span> <span class='ocrx_word' id='word_1_751' title='bbox 3119 3939 3191 3994; x_wconf 90' lang='lat' dir='ltr'><strong>ita</strong></span> <span class='ocrx_word' id='word_1_752' title='bbox 3230 3939 3480 4011; x_wconf 87' lang='lat' dir='ltr'><strong>deinceps</strong></span> <span class='ocrx_word' id='word_1_753' title='bbox 3510 3955 3723 4011; x_wconf 89' lang='lat' dir='ltr'><strong>quoque</strong></span> <span class='ocrx_word' id='word_1_754' title='bbox 3753 3940 3869 3998; x_wconf 83' lang='lat' dir='ltr'><strong>Deo</strong></span> 
     </span>
    </p>
   </div>
   <div class='ocr_carea' id='block_1_99' title="bbox 2287 4027 3865 4100">
    <p class='ocr_par' dir='ltr' id='par_1_99' title="bbox 2287 4027 3865 4100">
     <span class='ocr_line' id='line_1_99' title="bbox 2287 4027 3865 4100; baseline 0.004 -18"><span class='ocrx_word' id='word_1_755' title='bbox 2287 4027 2496 4085; x_wconf 85' lang='lat' dir='ltr'><strong>favente</strong></span> <span class='ocrx_word' id='word_1_756' title='bbox 2523 4030 2743 4085; x_wconf 89' lang='lat' dir='ltr'><strong>minime</strong></span> <span class='ocrx_word' id='word_1_757' title='bbox 2772 4045 3094 4100; x_wconf 83' lang='lat' dir='ltr'><strong>perpessura</strong></span> <span class='ocrx_word' id='word_1_758' title='bbox 3124 4030 3211 4084; x_wconf 89' lang='lat' dir='ltr'><strong>sit.</strong></span> <span class='ocrx_word' id='word_1_759' title='bbox 3246 4029 3430 4085; x_wconf 86' lang='lat' dir='ltr'><strong>Facile</strong></span> <span class='ocrx_word' id='word_1_760' title='bbox 3460 4032 3601 4086; x_wconf 89' lang='lat' dir='ltr'><strong>enim</strong></span> <span class='ocrx_word' id='word_1_761' title='bbox 3634 4033 3865 4090; x_wconf 84' lang='lat' dir='ltr'><strong>eximius</strong></span> 
     </span>
    </p>
   </div>
   <div class='ocr_carea' id='block_1_100' title="bbox 2287 4120 3869 4195">
    <p class='ocr_par' dir='ltr' id='par_1_100' title="bbox 2287 4120 3869 4195">
     <span class='ocr_line' id='line_1_100' title="bbox 2287 4120 3869 4195; baseline 0.003 -19"><span class='ocrx_word' id='word_1_762' title='bbox 2287 4120 2378 4177; x_wconf 89' lang='lat' dir='ltr'><strong>ille</strong></span> <span class='ocrx_word' id='word_1_763' title='bbox 2420 4133 2638 4193; x_wconf 89' lang='lat' dir='ltr'><strong>pastor,</strong></span> <span class='ocrx_word' id='word_1_764' title='bbox 2670 4138 2831 4194; x_wconf 90' lang='lat' dir='ltr'><strong>quem</strong></span> <span class='ocrx_word' id='word_1_765' title='bbox 2860 4123 3040 4177; x_wconf 80' lang='lat' dir='ltr'><strong>vivere</strong></span> <span class='ocrx_word' id='word_1_766' title='bbox 3081 4131 3347 4177; x_wconf 85' lang='lat' dir='ltr'><strong>testantur</strong></span> <span class='ocrx_word' id='word_1_767' title='bbox 3373 4122 3512 4178; x_wconf 87' lang='lat' dir='ltr'><strong>facta</strong></span> <span class='ocrx_word' id='word_1_768' title='bbox 3556 4124 3691 4194; x_wconf 88' lang='lat' dir='ltr'><strong>ejus,</strong></span> <span class='ocrx_word' id='word_1_769' title='bbox 3744 4132 3869 4195; x_wconf 68' lang='lat' dir='ltr'><strong>post</strong></span> 
     </span>
    </p>
   </div>
   <div class='ocr_carea' id='block_1_101' title="bbox 2288 4211 3867 4283">
    <p class='ocr_par' dir='ltr' id='par_1_101' title="bbox 2288 4211 3867 4283">
     <span class='ocr_line' id='line_1_101' title="bbox 2288 4211 3867 4283; baseline 0.003 -16"><span class='ocrx_word' id='word_1_770' title='bbox 2288 4211 2566 4268; x_wconf 87' lang='lat' dir='ltr'><strong>decessum</strong></span> <span class='ocrx_word' id='word_1_771' title='bbox 2594 4228 2751 4268; x_wconf 91' lang='lat' dir='ltr'><strong>suum</strong></span> <span class='ocrx_word' id='word_1_772' title='bbox 2795 4212 2933 4281; x_wconf 87' lang='lat' dir='ltr'><strong>apud</strong></span> <span class='ocrx_word' id='word_1_773' title='bbox 2961 4212 3127 4266; x_wconf 88' lang='lat' dir='ltr'><strong>Deum</strong></span> <span class='ocrx_word' id='word_1_774' title='bbox 3157 4212 3402 4267; x_wconf 89' lang='lat' dir='ltr'><strong>obtinere</strong></span> <span class='ocrx_word' id='word_1_775' title='bbox 3432 4215 3620 4283; x_wconf 79' lang='lat' dir='ltr'><strong>potuit,</strong></span> <span class='ocrx_word' id='word_1_776' title='bbox 3652 4222 3713 4269; x_wconf 88' lang='lat' dir='ltr'><strong>ut</strong></span> <span class='ocrx_word' id='word_1_777' title='bbox 3738 4214 3867 4272; x_wconf 85' lang='lat' dir='ltr'><strong>urbs</strong></span> 
     </span>
    </p>
   </div>
   <div class='ocr_carea' id='block_1_102' title="bbox 2289 4302 3867 4374">
    <p class='ocr_par' dir='ltr' id='par_1_102' title="bbox 2289 4302 3867 4374">
     <span class='ocr_line' id='line_1_102' title="bbox 2289 4302 3867 4374; baseline 0.004 -17"><span class='ocrx_word' id='word_1_778' title='bbox 2289 4304 2375 4359; x_wconf 90' lang='lat' dir='ltr'><strong>illa</strong></span> <span class='ocrx_word' id='word_1_779' title='bbox 2406 4306 2456 4359; x_wconf 91' lang='lat' dir='ltr'><strong>in</strong></span> <span class='ocrx_word' id='word_1_780' title='bbox 2485 4320 2588 4374; x_wconf 90' lang='lat' dir='ltr'><strong>qua</strong></span> <span class='ocrx_word' id='word_1_781' title='bbox 2610 4304 2723 4373; x_wconf 91' lang='lat' dir='ltr'><strong>ipse</strong></span> <span class='ocrx_word' id='word_1_782' title='bbox 2750 4302 2935 4358; x_wconf 87' lang='lat' dir='ltr'><strong>fuisset</strong></span> <span class='ocrx_word' id='word_1_783' title='bbox 2963 4305 3203 4369; x_wconf 87' lang='lat' dir='ltr'><strong>antistes,</strong></span> <span class='ocrx_word' id='word_1_784' title='bbox 3230 4304 3499 4372; x_wconf 63' lang='lat' dir='ltr'><strong>praeclaris</strong></span> <span class='ocrx_word' id='word_1_785' title='bbox 3521 4307 3724 4360; x_wconf 87' lang='lat' dir='ltr'><strong>meritis</strong></span> <span class='ocrx_word' id='word_1_786' title='bbox 3752 4307 3867 4364; x_wconf 84' lang='lat' dir='ltr'><strong>suis</strong></span> 
     </span>
    </p>
   </div>
   <div class='ocr_carea' id='block_1_103' title="bbox 2288 4396 3867 4472">
    <p class='ocr_par' dir='ltr' id='par_1_103' title="bbox 2288 4396 3867 4472">
     <span class='ocr_line' id='line_1_103' title="bbox 2288 4396 3867 4472; baseline 0.003 -18"><span class='ocrx_word' id='word_1_787' title='bbox 2288 4400 2558 4472; x_wconf 89' lang='lat' dir='ltr'><strong>perpetuis</strong></span> <span class='ocrx_word' id='word_1_788' title='bbox 2588 4398 2914 4469; x_wconf 86' lang='lat' dir='ltr'><strong>temporibus</strong></span> <span class='ocrx_word' id='word_1_789' title='bbox 2946 4398 3147 4452; x_wconf 86' lang='lat' dir='ltr'><strong>munita</strong></span> <span class='ocrx_word' id='word_1_790' title='bbox 3176 4396 3247 4452; x_wconf 90' lang='lat' dir='ltr'><strong>sit</strong></span> <span class='ocrx_word' id='word_1_791' title='bbox 3275 4398 3471 4453; x_wconf 87' lang='lat' dir='ltr'><strong>virtute</strong></span> <span class='ocrx_word' id='word_1_792' title='bbox 3513 4400 3753 4469; x_wconf 89' lang='lat' dir='ltr'><strong>corporis</strong></span> <span class='ocrx_word' id='word_1_793' title='bbox 3780 4401 3867 4458; x_wconf 82' lang='lat' dir='ltr'><strong>sui</strong></span> 
     </span>
    </p>
   </div>
   <div class='ocr_carea' id='block_1_104' title="bbox 2290 4488 3867 4559">
    <p class='ocr_par' dir='ltr' id='par_1_104' title="bbox 2290 4488 3867 4559">
     <span class='ocr_line' id='line_1_104' title="bbox 2290 4488 3867 4559; baseline 0.001 -14"><span class='ocrx_word' id='word_1_794' title='bbox 2290 4488 2343 4545; x_wconf 89' lang='lat' dir='ltr'><strong>in</strong></span> <span class='ocrx_word' id='word_1_795' title='bbox 2372 4490 2569 4559; x_wconf 81' lang='lat' dir='ltr'><strong>templo</strong></span> <span class='ocrx_word' id='word_1_796' title='bbox 2615 4489 2997 4554; x_wconf 83' lang='lat' dir='ltr'><strong>sacratissimo,</strong></span> <span class='ocrx_word' id='word_1_797' title='bbox 3043 4488 3185 4559; x_wconf 91' lang='lat' dir='ltr'><strong>quod</strong></span> <span class='ocrx_word' id='word_1_798' title='bbox 3243 4490 3499 4556; x_wconf 87' lang='lat' dir='ltr'><strong>condidit,</strong></span> <span class='ocrx_word' id='word_1_799' title='bbox 3546 4502 3867 4552; x_wconf 66' lang='lat' dir='ltr'><strong>coruscantia</strong></span> 
     </span>
    </p>
   </div>
   <div class='ocr_carea' id='block_1_105' title="bbox 2212 4570 3696 4653">
    <p class='ocr_par' dir='ltr' id='par_1_105' title="bbox 2212 4570 3696 4653">
     <span class='ocr_line' id='line_1_105' title="bbox 2212 4570 3696 4653; baseline 0.002 -21"><span class='ocrx_word' id='word_1_800' title='bbox 2212 4570 2265 4632; x_wconf 81' lang='grc'><strong>1)</strong></span> <span class='ocrx_word' id='word_1_801' title='bbox 2288 4580 2467 4636; x_wconf 89' lang='lat' dir='ltr'><strong>multis</strong></span> <span class='ocrx_word' id='word_1_802' title='bbox 2494 4576 2782 4645; x_wconf 82' lang='lat' dir='ltr'><strong>beneﬁciis,</strong></span> <span class='ocrx_word' id='word_1_803' title='bbox 2816 4596 2933 4653; x_wconf 74' lang='lat' dir='ltr'><strong>qua:</strong></span> <span class='ocrx_word' id='word_1_804' title='bbox 2956 4580 3065 4635; x_wconf 88' lang='lat' dir='ltr'><strong>illic</strong></span> <span class='ocrx_word' id='word_1_805' title='bbox 3088 4580 3334 4635; x_wconf 89' lang='lat' dir='ltr'><strong>omnibus</strong></span> <span class='ocrx_word' id='word_1_806' title='bbox 3355 4589 3696 4652; x_wconf 82' lang='lat' dir='ltr'><strong>praestantur.</strong></span> 
     </span>
    </p>
   </div>
   <div class='ocr_carea' id='block_1_106' title="bbox 2359 4691 3865 4762">
    <p class='ocr_par' dir='ltr' id='par_1_106' title="bbox 2359 4691 3865 4762">
     <span class='ocr_line' id='line_1_106' title="bbox 2359 4691 3865 4762; baseline 0.002 -14"><span class='ocrx_word' id='word_1_807' title='bbox 2359 4693 2411 4748; x_wconf 87' lang='lat'><strong>8.</strong></span> <span class='ocrx_word' id='word_1_808' title='bbox 2444 4692 2577 4748; x_wconf 86' lang='lat' dir='ltr'><strong>Cum</strong></span> <span class='ocrx_word' id='word_1_809' title='bbox 2616 4693 2902 4762; x_wconf 83' lang='lat' dir='ltr'><strong>aliquando</strong></span> <span class='ocrx_word' id='word_1_810' title='bbox 2932 4694 2985 4749; x_wconf 81' lang='lat' dir='ltr'><strong>in</strong></span> <span class='ocrx_word' id='word_1_811' title='bbox 3030 4691 3222 4748; x_wconf 82' lang='lat' dir='ltr'><strong>eadem</strong></span> <span class='ocrx_word' id='word_1_812' title='bbox 3263 4693 3480 4750; x_wconf 83' lang='lat' dir='ltr'><strong>basilica</strong></span> <span class='ocrx_word' id='word_1_813' title='bbox 3527 4694 3609 4747; x_wconf 89' lang='lat' dir='ltr'><strong>vir</strong></span> <span class='ocrx_word' id='word_1_814' title='bbox 3647 4698 3865 4751; x_wconf 71' lang='lat' dir='ltr'><strong>sanctus</strong></span> 
     </span>
    </p>
   </div>
   <div class='ocr_carea' id='block_1_107' title="bbox 2288 4784 3864 4854">
    <p class='ocr_par' dir='ltr' id='par_1_107' title="bbox 2288 4784 3864 4854">
     <span class='ocr_line' id='line_1_107' title="bbox 2288 4784 3864 4854; baseline 0.001 -14"><span class='ocrx_word' id='word_1_815' title='bbox 2288 4784 2543 4840; x_wconf 82' lang='lat' dir='ltr'><strong>instantia</strong></span> <span class='ocrx_word' id='word_1_816' title='bbox 2571 4784 2827 4853; x_wconf 87' lang='lat' dir='ltr'><strong>pastorali</strong></span> <span class='ocrx_word' id='word_1_817' title='bbox 2858 4784 3063 4851; x_wconf 80' lang='lat' dir='ltr'><strong>vigilias</strong></span> <span class='ocrx_word' id='word_1_818' title='bbox 3099 4784 3417 4854; x_wconf 84' lang='lat' dir='ltr'><strong>celebraret,</strong></span> <span class='ocrx_word' id='word_1_819' title='bbox 3445 4784 3645 4840; x_wconf 84' lang='lat' dir='ltr'><strong>Ansani</strong></span> <span class='ocrx_word' id='word_1_820' title='bbox 3666 4784 3864 4841; x_wconf 80' lang='lat' dir='ltr'><strong>Diaco—</strong></span> 
     </span>
    </p>
   </div>
   <div class='ocr_carea' id='block_1_108' title="bbox 2288 4876 3866 4949">
    <p class='ocr_par' dir='ltr' id='par_1_108' title="bbox 2288 4876 3866 4949">
     <span class='ocr_line' id='line_1_108' title="bbox 2288 4876 3866 4949; baseline 0.001 -16"><span class='ocrx_word' id='word_1_821' title='bbox 2288 4878 2344 4933; x_wconf 90' lang='lat' dir='ltr'><strong>ni</strong></span> <span class='ocrx_word' id='word_1_822' title='bbox 2371 4876 2687 4944; x_wconf 75' lang='lat' dir='ltr'><strong>Rhegiensis</strong></span> <span class='ocrx_word' id='word_1_823' title='bbox 2714 4890 2906 4945; x_wconf 74' lang='lat' dir='ltr'><strong>nepos,</strong></span> <span class='ocrx_word' id='word_1_824' title='bbox 2946 4876 3001 4930; x_wconf 87' lang='lat' dir='ltr'><strong>id</strong></span> <span class='ocrx_word' id='word_1_825' title='bbox 3046 4884 3130 4934; x_wconf 89' lang='lat' dir='ltr'><strong>est</strong></span> <span class='ocrx_word' id='word_1_826' title='bbox 3168 4877 3344 4934; x_wconf 85' lang='lat' dir='ltr'><strong>fratris</strong></span> <span class='ocrx_word' id='word_1_827' title='bbox 3371 4878 3486 4947; x_wconf 81' lang='lat' dir='ltr'><strong>ejus</strong></span> <span class='ocrx_word' id='word_1_828' title='bbox 3512 4879 3667 4943; x_wconf 79' lang='lat' dir='ltr'><strong>filius,</strong></span> <span class='ocrx_word' id='word_1_829' title='bbox 3702 4894 3866 4949; x_wconf 84' lang='lat' dir='ltr'><strong>quem</strong></span> 
     </span>
    </p>
   </div>
   <div class='ocr_carea' id='block_1_109' title="bbox 2288 4969 3868 5041">
    <p class='ocr_par' dir='ltr' id='par_1_109' title="bbox 2288 4969 3868 5041">
     <span class='ocr_line' id='line_1_109' title="bbox 2288 4969 3868 5041; baseline 0.003 -18"><span class='ocrx_word' id='word_1_830' title='bbox 2288 4970 2570 5040; x_wconf 81' lang='lat' dir='ltr'><strong>parvulum</strong></span> <span class='ocrx_word' id='word_1_831' title='bbox 2610 4977 2861 5039; x_wconf 88' lang='lat' dir='ltr'><strong>parentes</strong></span> <span class='ocrx_word' id='word_1_832' title='bbox 2898 4984 2929 5024; x_wconf 90' lang='lat' dir='ltr'><strong>e</strong></span> <span class='ocrx_word' id='word_1_833' title='bbox 2968 4969 3076 5023; x_wconf 87' lang='lat' dir='ltr'><strong>vita</strong></span> <span class='ocrx_word' id='word_1_834' title='bbox 3124 4971 3387 5026; x_wconf 84' lang='lat' dir='ltr'><strong>abeuntes</strong></span> <span class='ocrx_word' id='word_1_835' title='bbox 3427 4971 3774 5041; x_wconf 83' lang='lat' dir='ltr'><strong>reliquerant,</strong></span> <span class='ocrx_word' id='word_1_836' title='bbox 3809 4978 3868 5027; x_wconf 79' lang='lat' dir='ltr'><strong>et</strong></span> 
     </span>
    </p>
   </div>
   <div class='ocr_carea' id='block_1_110' title="bbox 2285 5062 3867 5135">
    <p class='ocr_par' dir='ltr' id='par_1_110' title="bbox 2285 5062 3867 5135">
     <span class='ocr_line' id='line_1_110' title="bbox 2285 5062 3867 5135; baseline 0.004 -19"><span class='ocrx_word' id='word_1_837' title='bbox 2285 5062 2400 5131; x_wconf 80' lang='lat' dir='ltr'><strong>ipse</strong></span> <span class='ocrx_word' id='word_1_838' title='bbox 2426 5062 2767 5117; x_wconf 76' lang='lat' dir='ltr'><strong>nutriendum</strong></span> <span class='ocrx_word' id='word_1_839' title='bbox 2795 5069 3129 5132; x_wconf 84' lang='lat' dir='ltr'><strong>susceperat,</strong></span> <span class='ocrx_word' id='word_1_840' title='bbox 3167 5065 3441 5135; x_wconf 78' lang='lat' dir='ltr'><strong>magisque</strong></span> <span class='ocrx_word' id='word_1_841' title='bbox 3474 5078 3632 5133; x_wconf 84' lang='lat' dir='ltr'><strong>quam</strong></span> <span class='ocrx_word' id='word_1_842' title='bbox 3660 5065 3707 5118; x_wconf 89' lang='lat' dir='ltr'><strong>si</strong></span> <span class='ocrx_word' id='word_1_843' title='bbox 3733 5079 3867 5123; x_wconf 69' lang='lat' dir='ltr'><strong>suus</strong></span> 
     </span>
    </p>
   </div>
   <div class='ocr_carea' id='block_1_111' title="bbox 2286 5156 3864 5225">
    <p class='ocr_par' dir='ltr' id='par_1_111' title="bbox 2286 5156 3864 5225">
     <span class='ocr_line' id='line_1_111' title="bbox 2286 5156 3864 5225; baseline 0.001 -14"><span class='ocrx_word' id='word_1_844' title='bbox 2286 5164 2429 5211; x_wconf 85' lang='lat' dir='ltr'><strong>esset</strong></span> <span class='ocrx_word' id='word_1_845' title='bbox 2455 5156 2613 5220; x_wconf 82' lang='lat' dir='ltr'><strong>illius,</strong></span> <span class='ocrx_word' id='word_1_846' title='bbox 2663 5156 2947 5225; x_wconf 77' lang='lat' dir='ltr'><strong>diligebat,</strong></span> <span class='ocrx_word' id='word_1_847' title='bbox 2977 5172 3100 5212; x_wconf 88' lang='lat' dir='ltr'><strong>cum</strong></span> <span class='ocrx_word' id='word_1_848' title='bbox 3130 5158 3185 5211; x_wconf 87' lang='lat' dir='ltr'><strong>in</strong></span> <span class='ocrx_word' id='word_1_849' title='bbox 3224 5174 3379 5214; x_wconf 88' lang='lat' dir='ltr'><strong>muro</strong></span> <span class='ocrx_word' id='word_1_850' title='bbox 3397 5159 3543 5213; x_wconf 87' lang='lat' dir='ltr'><strong>urbis</strong></span> <span class='ocrx_word' id='word_1_851' title='bbox 3570 5157 3711 5213; x_wconf 61' lang='lat' dir='ltr'><strong>illius</strong></span> <span class='ocrx_word' id='word_1_852' title='bbox 3738 5171 3864 5213; x_wconf 71' lang='lat' dir='ltr'><strong>cum</strong></span> 
     </span>
    </p>
   </div>
   <div class='ocr_carea' id='block_1_112' title="bbox 2286 5245 3862 5318">
    <p class='ocr_par' dir='ltr' id='par_1_112' title="bbox 2286 5245 3862 5318">
     <span class='ocr_line' id='line_1_112' title="bbox 2286 5245 3862 5318; baseline 0.003 -19"><span class='ocrx_word' id='word_1_853' title='bbox 2286 5246 2469 5317; x_wconf 89' lang='lat' dir='ltr'><strong>pueris</strong></span> <span class='ocrx_word' id='word_1_854' title='bbox 2490 5245 2717 5313; x_wconf 87' lang='lat' dir='ltr'><strong>luderet,</strong></span> <span class='ocrx_word' id='word_1_855' title='bbox 2744 5261 2775 5301; x_wconf 92' lang='lat' dir='ltr'><strong>e</strong></span> <span class='ocrx_word' id='word_1_856' title='bbox 2808 5262 2963 5303; x_wconf 80' lang='lat' dir='ltr'><strong>muro</strong></span> <span class='ocrx_word' id='word_1_857' title='bbox 2990 5248 3292 5318; x_wconf 72' lang='lat' dir='ltr'><strong>prolapsus,</strong></span> <span class='ocrx_word' id='word_1_858' title='bbox 3326 5248 3623 5304; x_wconf 64' lang='lat' dir='ltr'><strong>cervicibus</strong></span> <span class='ocrx_word' id='word_1_859' title='bbox 3650 5249 3862 5318; x_wconf 84' lang='lat' dir='ltr'><strong>fractis,</strong></span> 
     </span>
    </p>
   </div>
   <div class='ocr_carea' id='block_1_113' title="bbox 2288 5338 3864 5410">
    <p class='ocr_par' dir='ltr' id='par_1_113' title="bbox 2288 5338 3864 5410">
     <span class='ocr_line' id='line_1_113' title="bbox 2288 5338 3864 5410; baseline 0 -14"><span class='ocrx_word' id='word_1_860' title='bbox 2288 5340 2597 5410; x_wconf 71' lang='lat' dir='ltr'><strong>exspiravit.</strong></span> <span class='ocrx_word' id='word_1_861' title='bbox 2625 5338 2757 5408; x_wconf 79' lang='lat' dir='ltr'><strong>Ejus</strong></span> <span class='ocrx_word' id='word_1_862' title='bbox 2777 5340 2856 5394; x_wconf 84' lang='lat' dir='ltr'><strong>rei</strong></span> <span class='ocrx_word' id='word_1_863' title='bbox 2886 5341 3071 5396; x_wconf 81' lang='lat' dir='ltr'><strong>nuntio</strong></span> <span class='ocrx_word' id='word_1_864' title='bbox 3100 5341 3258 5396; x_wconf 82' lang='lat' dir='ltr'><strong>valde</strong></span> <span class='ocrx_word' id='word_1_865' title='bbox 3285 5349 3656 5398; x_wconf 64' lang='lat' dir='ltr'><strong>mmternatus</strong></span> <span class='ocrx_word' id='word_1_866' title='bbox 3684 5340 3864 5397; x_wconf 62' lang='lat' dir='ltr'><strong>Ausa.</strong></span> 
     </span>
    </p>
   </div>
   <div class='ocr_carea' id='block_1_114' title="bbox 2291 5428 3866 5501">
    <p class='ocr_par' dir='ltr' id='par_1_114' title="bbox 2291 5428 3866 5501">
     <span class='ocr_line' id='line_1_114' title="bbox 2291 5428 3866 5501; baseline -0.001 -14"><span class='ocrx_word' id='word_1_867' title='bbox 2291 5447 2414 5499; x_wconf 86' lang='lat' dir='ltr'><strong>nus,</strong></span> <span class='ocrx_word' id='word_1_868' title='bbox 2463 5430 2697 5487; x_wconf 77' lang='lat' dir='ltr'><strong>accurrit</strong></span> <span class='ocrx_word' id='word_1_869' title='bbox 2744 5428 3011 5499; x_wconf 84' lang='lat' dir='ltr'><strong>celeriter,</strong></span> <span class='ocrx_word' id='word_1_870' title='bbox 3060 5439 3378 5501; x_wconf 81' lang='lat' dir='ltr'><strong>raptumque</strong></span> <span class='ocrx_word' id='word_1_871' title='bbox 3427 5433 3580 5501; x_wconf 85' lang='lat' dir='ltr'><strong>pueri</strong></span> <span class='ocrx_word' id='word_1_872' title='bbox 3632 5431 3866 5487; x_wconf 81' lang='lat' dir='ltr'><strong>cadaver</strong></span> 
     </span>
    </p>
   </div>
   <div class='ocr_carea' id='block_1_115' title="bbox 2289 5522 3865 5596">
    <p class='ocr_par' dir='ltr' id='par_1_115' title="bbox 2289 5522 3865 5596">
     <span class='ocr_line' id='line_1_115' title="bbox 2289 5522 3865 5596; baseline -0.001 -16"><span class='ocrx_word' id='word_1_873' title='bbox 2289 5525 2504 5596; x_wconf 88' lang='lat' dir='ltr'><strong>operuit</strong></span> <span class='ocrx_word' id='word_1_874' title='bbox 2518 5522 2872 5592; x_wconf 81' lang='lat' dir='ltr'><strong>vestimentis,</strong></span> <span class='ocrx_word' id='word_1_875' title='bbox 2893 5530 2949 5579; x_wconf 91' lang='lat' dir='ltr'><strong>et</strong></span> <span class='ocrx_word' id='word_1_876' title='bbox 2968 5522 3034 5578; x_wconf 89' lang='lat' dir='ltr'><strong>ad</strong></span> <span class='ocrx_word' id='word_1_877' title='bbox 3058 5524 3273 5579; x_wconf 85' lang='lat' dir='ltr'><strong>beatum</strong></span> <span class='ocrx_word' id='word_1_878' title='bbox 3284 5523 3587 5581; x_wconf 78' lang='lat' dir='ltr'><strong>Antistitem</strong></span> <span class='ocrx_word' id='word_1_879' title='bbox 3607 5523 3745 5577; x_wconf 83' lang='lat' dir='ltr'><strong>clam</strong></span> <span class='ocrx_word' id='word_1_880' title='bbox 3764 5522 3865 5579; x_wconf 84' lang='lat' dir='ltr'><strong>de-</strong></span> 
     </span>
    </p>
   </div>
   <div class='ocr_carea' id='block_1_116' title="bbox 2288 5614 3863 5688">
    <p class='ocr_par' dir='ltr' id='par_1_116' title="bbox 2288 5614 3863 5688">
     <span class='ocr_line' id='line_1_116' title="bbox 2288 5614 3863 5688; baseline -0.001 -16"><span class='ocrx_word' id='word_1_881' title='bbox 2288 5617 2542 5688; x_wconf 84' lang='lat' dir='ltr'><strong>portavit,</strong></span> <span class='ocrx_word' id='word_1_882' title='bbox 2599 5616 2814 5672; x_wconf 87' lang='lat' dir='ltr'><strong>interim</strong></span> <span class='ocrx_word' id='word_1_883' title='bbox 2867 5626 3050 5670; x_wconf 86' lang='lat' dir='ltr'><strong>secum</strong></span> <span class='ocrx_word' id='word_1_884' title='bbox 3103 5621 3362 5682; x_wconf 81' lang='lat' dir='ltr'><strong>tractans,</strong></span> <span class='ocrx_word' id='word_1_885' title='bbox 3407 5614 3863 5685; x_wconf 65' lang='lat' dir='ltr'><strong>quemadmodum</strong></span> 
     </span>
    </p>
   </div>
   <div class='ocr_carea' id='block_1_117' title="bbox 2289 5704 3862 5781">
    <p class='ocr_par' dir='ltr' id='par_1_117' title="bbox 2289 5704 3862 5781">
     <span class='ocr_line' id='line_1_117' title="bbox 2289 5704 3862 5781; baseline -0.003 -16"><span class='ocrx_word' id='word_1_886' title='bbox 2289 5709 2435 5765; x_wconf 86' lang='lat' dir='ltr'><strong>illum</strong></span> <span class='ocrx_word' id='word_1_887' title='bbox 2460 5708 2671 5781; x_wconf 84' lang='lat' dir='ltr'><strong>publice</strong></span> <span class='ocrx_word' id='word_1_888' title='bbox 2709 5706 2777 5762; x_wconf 89' lang='lat' dir='ltr'><strong>ad</strong></span> <span class='ocrx_word' id='word_1_889' title='bbox 2811 5705 2977 5777; x_wconf 76' lang='lat' dir='ltr'><strong>pedes</strong></span> <span class='ocrx_word' id='word_1_890' title='bbox 3003 5704 3124 5775; x_wconf 81' lang='lat' dir='ltr'><strong>ejus</strong></span> <span class='ocrx_word' id='word_1_891' title='bbox 3167 5706 3481 5779; x_wconf 82' lang='lat' dir='ltr'><strong>deponeret,</strong></span> <span class='ocrx_word' id='word_1_892' title='bbox 3509 5714 3564 5762; x_wconf 90' lang='lat' dir='ltr'><strong>et</strong></span> <span class='ocrx_word' id='word_1_893' title='bbox 3606 5713 3667 5760; x_wconf 91' lang='lat' dir='ltr'><strong>ut</strong></span> <span class='ocrx_word' id='word_1_894' title='bbox 3688 5705 3862 5760; x_wconf 84' lang='lat' dir='ltr'><strong>vitam</strong></span> 
     </span>
    </p>
   </div>
   <div class='ocr_carea' id='block_1_118' title="bbox 2290 5798 3873 5871">
    <p class='ocr_par' dir='ltr' id='par_1_118' title="bbox 2290 5798 3873 5871">
     <span class='ocr_line' id='line_1_118' title="bbox 2290 5798 3873 5871; baseline -0.002 -11"><span class='ocrx_word' id='word_1_895' title='bbox 2290 5802 2340 5860; x_wconf 82' lang='lat' dir='ltr'><strong>ei</strong></span> <span class='ocrx_word' id='word_1_896' title='bbox 2367 5801 2694 5865; x_wconf 75' lang='lat' dir='ltr'><strong>restitueret.</strong></span> <span class='ocrx_word' id='word_1_897' title='bbox 2726 5798 2953 5870; x_wconf 78' lang='lat' dir='ltr'><strong>supplex</strong></span> <span class='ocrx_word' id='word_1_898' title='bbox 2996 5798 3327 5858; x_wconf 74' lang='lat' dir='ltr'><strong>obsecraret.</strong></span> <span class='ocrx_word' id='word_1_899' title='bbox 3358 5798 3464 5856; x_wconf 80' lang='lat' dir='ltr'><strong>Sed</strong></span> <span class='ocrx_word' id='word_1_900' title='bbox 3488 5799 3615 5871; x_wconf 67' lang='lat' dir='ltr'><strong>quia</strong></span> <span class='ocrx_word' id='word_1_901' title='bbox 3636 5798 3873 5857; x_wconf 60' lang='lat' dir='ltr'><strong>norm!</strong></span> 
     </span>
    </p>
   </div>
  </div>
