4118 6332
242 340 310 395 37

1505 328 1666 385 VITA
1706 328 1949 388 SANCTI
1988 330 2258 387 MAXIM.

3464 337 3535 413 se

246 449 687 525 probatissimum
708 446 904 503 Christi
929 447 1152 502 militem
1180 443 1400 501 omnino
1422 442 1606 512 fugere
1636 443 1849 512 jactan-
1877 446 1926 508 Α
1961 450 2107 498 tante
2154 443 2358 513 popqu
2382 424 2585 501 excitat
2628 442 2958 501 defunctum.
3005 445 3217 505 Adsunt
3257 458 3532 520 parentes,
3606 434 3611 439 ⁴

246 546 397 609 tiam,
430 539 618 595 maluit
644 554 767 593 eum
812 536 1050 609 perferre
1078 537 1146 592 ad
1177 534 1483 592 cubiculum
1530 535 1665 604 ejus,
1698 542 1751 589 et
1783 534 1840 590 in

244 636 442 694 lcetulo
459 633 577 702 ejus
604 631 898 702 repositum
918 631 1270 701 operimentis
1292 629 1434 683 illius
1453 638 1651 697 tegere,
1684 644 1843 698 pror-

242 728 336 786 sus
358 726 653 792 conlidens,
683 722 827 793 quod
849 725 1085 780 excitare
1111 739 1233 779 eum
1255 731 1437 793 posset
1457 722 1704 793 precibus
1730 720 1844 777 suis

242 817 489 875 medicus
516 812 829 886 spiritualis,
854 814 1051 885 quippe
1082 812 1171 885 qui
1193 812 1348 884 :egris
1375 813 1746 868 consuevisset
1768 812 1842 865 ai-

242 916 387 969 lerre
416 908 666 964 salutem.
696 904 825 963 Inde
847 923 975 963 vero
1008 924 1116 962 non
1138 908 1254 962 sine
1276 905 1445 962 multo
1474 904 1690 977 quidem
1721 904 1845 961 aui-

238 1002 316 1059 mi
364 1016 622 1069 mmrore,
654 996 748 1055 sed
792 1009 967 1054 tamen
1017 998 1208 1056 liducia
1254 999 1488 1071 plenus;
1533 998 1845 1070 episcopum

241 1093 377 1150 adiit
408 1093 461 1148 in
512 1092 713 1163 templo
743 1090 1050 1161 vigilantem
1098 1099 1153 1147 et
1178 1100 1415 1146 stantem
1466 1090 1521 1145 in
1566 1088 1688 1145 loco
1720 1106 1842 1147 suo.

239 1183 319 1240 Eo
340 1181 479 1247 viso,
510 1181 961 1238 clementissimus
987 1180 1197 1251 prazsul,
1229 1190 1285 1236 ut
1306 1196 1370 1237 ea
1400 1196 1520 1250 qua:
1550 1191 1703 1249 gesta
1731 1179 1846 1236 fue-

241 1270 365 1331 rant
399 1274 718 1345 explicaret,
765 1272 1037 1329 silentium
1068 1272 1423 1343 psallentibus
1453 1273 1683 1328 indixit:
1716 1288 1845 1344 pre-

242 1366 689 1438 eibusque’solita
724 1364 1014 1423 devotione
1044 1362 1344 1437 completis,
1375 1366 1663 1422 diaconum
1694 1366 1844 1421 illum

242 1459 521 1515 Ansamun
548 1469 771 1530 propter
800 1473 862 1514 ea
892 1472 1013 1528 quae
1046 1450 1249 1513 fecerat
1291 1456 1488 1514 acriter
1516 1456 1839 1530 objurgavit.

241 1552 350 1610 Sed
382 1552 471 1608 ille
501 1569 611 1608 non
660 1552 835 1607 solum
868 1551 1168 1608 terroribus
1200 1550 1339 1623 abigi
1368 1569 1474 1608 non
1506 1554 1701 1624 potuit,
1752 1550 1845 1610 sed

244 1646 418 1715 magis
465 1643 629 1701 etiam
681 1644 863 1701 animo
910 1654 1282 1716 compunctus,
1336 1646 1403 1700 ad
1435 1647 1598 1717 pedes
1644 1647 1761 1716 ejus
1786 1661 1848 1702 se

243 1736 455 1805 stravit,
509 1738 941 1808 exclamavitque
970 1755 1028 1794 se
1080 1739 1199 1795 illos
1254 1736 1474 1796 minime
1514 1740 1845 1810 laxaturum,

1946 536 2135 606 pugnis
2183 552 2278 591 sua
2332 539 2619 593 verberant
2664 547 2906 608 pectora,
2957 554 3051 595 ora
3089 540 3337 616 lacrymis
3368 560 3538 614 usque

1948 626 2081 681 adeo
2112 627 2287 695 rigant
2315 644 2477 698 super
2525 628 2658 697 tilio,
2684 637 2743 683 ut
2771 644 2801 684 e
2844 637 2984 686 terra
3012 645 3231 701 surgere
3254 650 3360 689 non
3386 636 3536 693 vale-

1947 722 2050 783 ret,
2079 716 2203 772 iicet
2231 717 2393 772 etiam
2420 718 2710 775 redivivus.
2744 718 2963 776 interim
2990 728 3207 779 manum
3238 743 3397 782 unam
3437 745 3538 800 pa-

1950 807 2037 875 tri,
2086 807 2313 864 alteram
2344 810 2502 864 matri
2552 812 2853 882 porrigens,
2884 816 3125 870 nutantia
3158 819 3395 874 membra
3436 820 3542 878 illis

1949 896 2276 969 erigentibus
2303 901 2557 957 sustollit.
2588 901 2863 959 Acclamat
2887 907 3118 976 populus
3147 906 3261 963 Deo
3304 912 3539 979 gratias:

1964 988 2054 1049 ille
2077 993 2202 1049 vitae
2232 993 2495 1063 redditus,
2534 994 2603 1049 ad
2630 1009 2788 1050 suum
2811 995 2947 1051 redit
2977 999 3289 1069 hospitium,
3322 1002 3407 1057 cui
3427 1001 3543 1074 jam

1950 1084 2255 1156 sepulcrum
2295 1084 2611 1157 parabatur,
2660 1096 2915 1158 parentes
2945 1088 3245 1146 incredibili
3274 1094 3547 1152 exsultant

1949 1177 2175 1248 gaudio:
2209 1176 2389 1231 vivere
2408 1176 2703 1243 hominem,
2729 1178 2821 1248 qui
2851 1187 3099 1235 mortuus
3126 1178 3323 1251 luerat,
3347 1185 3433 1240 vix
3463 1186 3547 1257 ip-

1949 1267 2024 1325 sis
2053 1269 2223 1325 oculis
2251 1270 2363 1324 suis
2394 1269 2641 1325 credunt.
2669 1266 2811 1325 Ecce
2842 1279 3025 1327 autem
3078 1275 3227 1329 canis
3255 1272 3347 1330 ille
3376 1277 3465 1345 qui
3494 1286 3548 1333 et

1950 1365 2095 1421 hunc
2124 1364 2523 1421 adolescentem
2564 1374 2619 1419 et
2648 1364 2846 1420 multos
2885 1364 3021 1422 alios
3047 1366 3255 1423 infestis
3285 1371 3549 1427 morsrbus

1951 1458 2198 1523 laniarat,
2233 1459 2286 1512 in
2334 1458 2573 1530 episcopi
2604 1468 2952 1528 conspectum
2998 1460 3185 1527 venit;
3243 1473 3548 1520 commotus

1951 1550 2256 1622 episcopus,
2297 1548 2538 1620 projecto
2583 1550 2793 1620 baculo,
2837 1552 3031 1607 erectis
3059 1568 3269 1609 sursum
3300 1556 3549 1613 manibus

1952 1651 2072 1698 orat
2094 1641 2402 1707 Dominum,
2437 1658 2561 1698 mox
2592 1640 2739 1697 efflat
2769 1644 2821 1698 in
2853 1659 3065 1711 canem,
3105 1644 3258 1716 isque
3288 1647 3397 1702 vita
3420 1648 3548 1703 des-

1951 1736 2188 1791 tituitur.
2215 1730 2335 1789 Non
2360 1751 2489 1790 sane
2520 1734 2894 1791 admirandum
2934 1736 3144 1792 videtur
3167 1736 3384 1793 beatum
3410 1740 3553 1810 epis-

244 1828 347 1886 uisi
377 1838 650 1885 mortuum
680 1830 962 1897 excitaret,
996 1830 1181 1886 dicens
1209 1847 1332 1887 eum
1363 1831 1416 1886 id
1446 1828 1608 1904 posse
1654 1830 1847 1889 facilli-
1878 1846 1927 1907 Β
1952 1843 2166 1899 copum,
2191 1829 2316 1883 dum
2333 1828 2433 1883 sibi
2461 1831 2809 1886 commiSsum
2838 1832 2986 1903 cupit
3011 1833 3147 1888 tueri
3168 1847 3408 1904 gregem,
3436 1834 3554 1907 ejus

243 1938 356 1993 me,
387 1921 829 2001 quandoquidem
860 1924 1007 1980 nullo
1038 1924 1307 1980 indicante
1329 1924 1442 1993 jam
1474 1927 1841 1995 cognovisset,

248 2029 366 2085 qua:
396 2013 463 2069 de
509 2030 680 2085 puero
726 2010 864 2071 facta
894 2025 1095 2071 essent.
1140 2015 1254 2073 iiac
1298 2018 1389 2073 ille
1439 2019 1847 2091 importunitate

246 2106 581 2178 compulsus,
605 2115 660 2162 et
685 2107 895 2163 ratione
917 2110 1258 2175 constrictus,
1288 2127 1411 2167 cum
1434 2113 1652 2168 Ansano
1676 2112 1848 2168 voluit

249 2188 316 2253 ad
362 2196 621 2253 lectulum
653 2215 809 2253 suum
856 2208 1068 2255 secreto
1115 2215 1175 2256 se
1218 2200 1506 2257 conferre:
1540 2203 1632 2257 sed
1664 2200 1848 2273 p0puli

246 2288 603 2361 frequentiam
632 2290 805 2347 vitare
828 2308 936 2347 non
962 2293 1157 2363 potuit,
1186 2294 1415 2350 volentis
1448 2302 1610 2349 tanta:
1642 2295 1717 2349 rei
1747 2295 1847 2349 mi-

243 2380 427 2437 raculo
459 2381 742 2438 interesse.
782 2381 1076 2453 Postquam
1105 2384 1265 2453 igitur
1307 2387 1455 2442 venit
1493 2386 1561 2441 ad
1591 2387 1883 2449 exanime,

246 2474 398 2545 pueri
424 2476 821 2547 corpusculum,
872 2475 1109 2531 divinam
1138 2478 1305 2549 coepit
1345 2487 1458 2534 toto
1486 2495 1717 2551 corpore
1743 2478 1847 2533 im-

248 2566 467 2637 plorare
519 2583 699 2638 opem,
756 2568 1203 2641 apprehensaque
1257 2586 1381 2625 cum
1438 2572 1606 2626 multa
1655 2570 1851 2628 fiducia

248 2659 405 2731 pueri
432 2675 616 2726 manu,
645 2660 882 2730 pristina:
912 2676 1034 2717 eum
1058 2663 1214 2717 saluti
1245 2664 1500 2718 restituit.
1518 2662 1851 2719 Exclamavit

248 2761 432 2807 autem
483 2754 717 2824 populus
764 2755 1089 2810 universus:
1141 2754 1325 2811 Gloria
1375 2756 1469 2811 tibi
1523 2755 1707 2823 Deus;
1750 2772 1852 2813 nec

253 2843 535 2915 quisquam
567 2861 756 2900 eorum
779 2844 904 2900 inde
930 2846 1197 2902 removeri
1218 2864 1277 2903 se
1300 2864 1489 2919 passus
1512 2857 1612 2916 est,
1641 2848 1743 2903 nisi
1771 2849 1854 2903 vi-

251 2937 406 2992 deret
434 2946 739 2993 moventem
768 2954 829 2993 se
874 2955 1124 3010 puerum,
1171 2952 1226 2995 et
1256 2939 1570 3010 loquentem
1617 2940 1850 2997 audiret.

248 3027 334 3084 Ex
359 3045 466 3100 quo
488 3032 672 3102 populi
699 3032 931 3087 tumultu
955 3034 1044 3087 vix
1075 3049 1242 3104 opera
1270 3034 1595 3091 clericorum
1622 3051 1849 3092 suorum

178 3120 321 3176 uad
349 3123 557 3193 vigilias
584 3123 767 3180 reduci
811 3125 1008 3195 potuit.
1053 3122 1109 3179 In
1147 3125 1252 3181 hoc
1280 3126 1545 3181 miraculo
1574 3134 1629 3181 et
1655 3140 1848 3197 magna

246 3211 471 3269 diaconi
500 3213 649 3280 ﬁdes,
674 3223 728 3269 et
758 3214 979 3271 illustris
1003 3216 1243 3287 episcopi
1274 3217 1440 3272 virtus
1467 3216 1680 3272 enituit.

322 3303 380 3361 9.
413 3304 582 3363 Porro
604 3309 766 3362 etiam
794 3308 1075 3378 cujusdam
1099 3309 1272 3363 vidua:
1295 3310 1504 3364 unicam
1530 3309 1693 3365 tiliam
1719 3311 1851 3368 ado-

250 3393 544 3453 lescentem
576 3400 772 3454 accidit
800 3415 832 3455 e
857 3399 968 3455 vita
996 3400 1260 3456 decedere
1288 3420 1301 3468 ;
1334 3416 1494 3471 quam
1523 3419 1646 3459 cum
1679 3413 1852 3461 mater

252 3489 576 3547 miserabilis
619 3491 674 3546 in
704 3490 905 3549 feretro
952 3510 1051 3564 pro
1093 3509 1244 3550 more
1273 3488 1602 3550 eﬂ‘erendam
1630 3511 1854 3567 compo-

254 3585 474 3653 suisset,
533 3586 600 3641 ad
648 3586 866 3643 beatum
911 3586 1205 3642 antistitem
1256 3587 1464 3659 trepida
1516 3589 1849 3659 properavit,

253 3692 585 3748 causamque
614 3679 818 3735 doloris
866 3679 952 3735 sui
981 3680 1229 3751 lacrymis
1278 3680 1456 3749 potius
1485 3696 1645 3752 quam
1676 3681 1853 3737 verbis

256 3771 311 3826 ei
341 3770 613 3837 indicavit,
644 3787 806 3827 orans
836 3778 893 3827 ut
920 3771 986 3826 ad
1014 3787 1213 3842 corpus
1240 3772 1487 3826 exanime
1515 3787 1704 3842 preces
1734 3771 1855 3826 fun-

258 3861 431 3920 deret.
486 3862 542 3919 Id
572 3879 702 3920 vero
746 3873 965 3920 sanctus
1013 3864 1231 3935 prtesul,
1285 3865 1486 3934 pietate
1532 3873 1731 3930 motus,
1754 3880 1856 3922 nec

258 3972 478 4028 negare,
508 3973 610 4013 nec
629 3946 844 4013 differre
861 3956 1034 4027 potuit
1059 3976 1074 4024 ;
1102 3957 1195 4013 sed
1218 3957 1286 4012 ad
1313 3957 1541 4013 cadaver
1569 3958 1853 4026 accedens,

259 4047 486 4103 sublatis
515 4048 566 4102 in
591 4048 786 4105 coelum
817 4047 1063 4103 manibus
1090 4089 1105 4114 ,
1138 4044 1307 4102 Deum
1337 4063 1544 4118 pronus
1580 4048 1853 4117 implorat,

260 4145 317 4195 et
341 4138 464 4193 vita:
495 4138 738 4194 redditur
775 4138 1063 4194 exstincta.
1091 4137 1387 4194 Confestim
1419 4138 1561 4195 enim
1592 4138 1702 4209 illa,
1737 4148 1857 4194 tan-

258 4246 422 4303 quam
469 4233 617 4304 gravi
668 4232 844 4289 soluta
897 4248 1125 4296 somno,
1182 4232 1614 4304 exspergiscitur,
1670 4234 1858 4291 oculos

262 4322 438 4394 aperit
466 4333 846 4393 prtcgravatos,
880 4324 1148 4394 appellata
1178 4325 1369 4392 surgit,
1402 4335 1576 4380 mater
1605 4322 1722 4395 ejus
1752 4326 1857 4381 im-

262 4428 454 4469 menso
486 4398 715 4470 afficitur
753 4414 969 4485 gaudio,
1003 4415 1236 4485 populus
1262 4417 1436 4471 omnis
1481 4412 1850 4487 obstupescit:

263 4505 572 4576 episcopus,
602 4506 693 4575 qui
721 4506 976 4560 virtutum
1008 4506 1215 4561 meritis
1245 4510 1435 4561 mortis
1459 4504 1581 4577 jura
1612 4509 1854 4566 resolve-

1877 3238 1925 3303 C

1950 1922 2163 1976 hostem
2194 1921 2305 1977 ictu
2351 1924 2598 1978 iethifero
2628 1924 2966 1995 perdidisse:
3020 1942 3196 1998 neque
3249 1928 3302 1982 id
3349 1928 3550 1999 gladio.

1960 2022 2054 2069 aut
2082 2023 2289 2070 armata
2316 2031 2495 2081 manu,
2537 2016 2634 2072 sed
2663 2015 2789 2072 flatu
2818 2019 2927 2074 oris
2956 2018 3058 2074 sui.
3107 2016 3277 2075 Porro
3306 2020 3553 2093 Vulnera,

1950 2118 2070 2173 qua:
2102 2105 2252 2159 canis
2275 2104 2365 2159 ille
2396 2104 2647 2160 dentibus
2675 2106 2786 2161 suis
2808 2106 3077 2162 inflixerat
3105 2108 3285 2163 multis
3312 2124 3342 2164 e
3368 2110 3548 2179 plebe,

1950 2197 2202 2269 precibus
2231 2205 2283 2251 et
2314 2199 2488 2255 crucis
2517 2196 2671 2267 signo
2718 2198 2853 2254 adeo
2881 2197 3088 2253 curavit
3118 2199 3318 2255 beatus
3346 2200 3555 2272 episco-

1951 2303 2074 2358 pus,
2108 2296 2167 2341 ut
2196 2287 2338 2342 nulla
2365 2304 2551 2342 eorum
2582 2286 2803 2356 vestigia
2828 2299 3177 2362 apparerent.

2026 2376 2115 2437 ii.
2142 2376 2249 2436 Bos
2277 2380 2524 2452 petulans
2545 2398 2714 2438 cornu
2737 2381 3012 2437 hominem
3042 2383 3239 2440 misere
3260 2385 3554 2458 lacerarat,

1954 2471 2071 2543 ejus
2111 2470 2292 2529 effusis
2313 2470 2598 2528 intestinis.
2619 2470 2746 2529 Mox
2774 2472 2925 2528 illum
2954 2474 3225 2531 adducunt
3250 2475 3465 2547 quidam
3486 2472 3557 2533 ad

1956 2566 2288 2636 episcopum.
2333 2564 2384 2621 Is
2423 2568 2636 2621 tametsi
2666 2568 2719 2621 in
2766 2567 2973 2623 eunetis
3019 2569 3290 2626 miraculis
3332 2569 3557 2631 timebat

1954 2654 2057 2711 sibi
2087 2672 2156 2711 ne
2185 2656 2350 2711 animi
2375 2657 2611 2712 elatione
2641 2657 2965 2727 pulsaretur,
2996 2669 3233 2715 attamen
3263 2669 3374 2715 tam
3413 2662 3556 2725 male

1954 2749 2193 2804 saucium
2220 2748 2494 2803 hominem
2520 2749 2815 2805 clementer
2840 2751 2958 2807 exci
2966 2755 3060 2821 pit,
3088 2752 3271 2808 calidis
3298 2754 3553 2814 fomentis

1956 2849 2079 2895 exta
2120 2839 2234 2910 ejus
2263 2842 2511 2898 manibus
2536 2841 2645 2897 suis
2672 2850 3006 2913 pertractata
3036 2844 3309 2913 confovet,
3341 2849 3561 2918 reponit

1955 2933 2011 2988 in
2041 2931 2219 2988 locum
2270 2950 2423 2988 suum
2467 2950 2566 3005 per
2594 2932 2792 2991 vulnus
2830 2952 2861 2991 a
2890 2936 3031 2992 bove
3063 2935 3347 3006 indictum,
3379 2939 3557 3011 ipsum

1954 3024 2147 3080 vulnus
2175 3026 2413 3082 adhibita
2438 3026 2663 3096 spongia
2707 3026 2899 3082 leniter
2921 3027 3141 3099 obligat,
3187 3031 3331 3086 serio
3361 3031 3554 3089 horta-

1956 3126 2067 3183 tur,
2101 3132 2170 3174 ne
2199 3118 2317 3188 quis
2346 3126 2544 3188 przeter
2603 3117 2801 3188 ipsum,
2840 3119 2968 3174 illud
3012 3122 3225 3178 solvere
3255 3137 3416 3179 ausus
3464 3123 3556 3180 sit.

1954 3206 2086 3263 Inde
2113 3208 2344 3278 septimo
2372 3206 2481 3275 die,
2525 3207 2778 3277 ligamina
2807 3207 3078 3278 auferens,
3113 3222 3223 3266 tam
3248 3227 3436 3267 sanum
3464 3229 3555 3271 re-

1956 3298 2097 3371 perit
2126 3298 2423 3365 hominem,
2459 3305 2518 3353 ut
2549 3298 2639 3352 vix
2669 3298 2836 3353 ullum
2867 3298 3102 3355 vulneris
3150 3300 3365 3372 signum
3392 3303 3556 3361 relic-

1955 3404 2068 3451 tum
2097 3393 2387 3450 videretur.

2027 3487 2114 3542 12.
2165 3489 2408 3545 Teucros
2451 3489 2697 3559 corporis
2743 3489 2827 3546 sui
2878 3496 3027 3547 artus
3072 3490 3150 3547 vir
3178 3494 3555 3556 sanctissimus

1955 3590 2217 3653 perpetua
2239 3583 2401 3637 cilicii
2430 3584 2719 3653 asperitate
2746 3583 3019 3651 domabat,
3071 3600 3181 3656 quo
3208 3603 3306 3659 pro
3334 3589 3560 3648 interio-

1955 3672 2004 3726 ri
2034 3671 2214 3727 tunica
2247 3673 2520 3741 utebatur,
2557 3689 2657 3730 nec
2688 3674 2741 3729 id
2769 3675 2947 3731 crucis
2988 3676 3166 3732 studio
3198 3693 3432 3750 unquam
3454 3680 3554 3739 de-

1958 3765 2156 3835 posuit,
2187 3765 2284 3821 sed
2314 3767 2366 3821 in
2418 3767 2511 3823 illo
2542 3768 2707 3823 etiam
2735 3784 2794 3824 se
2828 3767 2989 3837 jussit
3018 3770 3259 3841 sepeliri.
3296 3771 3555 3839 Lavacris

1959 3858 2037 3912 uti
2066 3872 2339 3927 nunquam
2370 3858 2560 3924 voluit,
2591 3874 2660 3915 ne
2686 3860 2850 3914 animi
2872 3862 3201 3930 constantia,
3229 3876 3338 3932 qua
3366 3861 3551 3919 calceo

1960 3950 2027 4005 tis
2057 3951 2235 4004 carnis
2265 3951 2675 4007 oblectamentis
2703 3960 2759 4006 et
2800 3952 3069 4009 illecebris
3097 3955 3413 4027 martyrium
3442 3971 3558 4014 suco

1959 4041 2184 4109 tinebat,
2216 4042 2615 4100 emoliesceret.
2664 4043 2851 4101 thcus
2885 4045 3102 4116 quidam
3131 4049 3289 4104 annis
3322 4049 3554 4120 quinde-

1960 4133 2064 4189 cim
2095 4142 2353 4205 perpetua
2380 4132 2667 4191 damnatus
2691 4135 2942 4207 caligine,
2969 4137 3138 4192 virum
3160 4139 3557 4195 sanctissimum

1961 4225 2306 4283 continenter
2352 4226 2763 4296 deprecabatur,
2808 4237 2864 4283 ut
2920 4229 3033 4285 suis
3081 4230 3335 4300 precibus
3376 4232 3557 4293 lumen

1960 4315 2061 4387 ipsi
2101 4315 2442 4373 reformaret.
2473 4318 2581 4373 Sed
2625 4320 2882 4390 episcopo
2912 4320 3017 4376 hoc
3062 4321 3133 4377 ob
3160 4321 3429 4376 vitandam
3465 4337 3556 4378 os-

1961 4407 2315 4462 tentationem
2363 4396 2662 4475 dilferente,
2696 4409 2978 4466 Rusticum
3020 4411 3431 4478 subdiaconum,
3462 4415 3557 4487 qui

1961 4495 2013 4550 ei
2041 4498 2246 4552 servire
2270 4507 2651 4567 consueverat,
2679 4515 2856 4555 caecus
2882 4500 3115 4570 rogavit,
3139 4508 3200 4556 ut
3221 4510 3385 4557 noctu
3415 4504 3557 4575 cpis-

263 4607 369 4663 rat,
395 4596 604 4669 fugiens
625 4600 966 4669 jactantiam,
992 4599 1138 4654 illico
1165 4615 1223 4654 se
1252 4600 1497 4655 subducit
1527 4619 1539 4655 :
1569 4600 1660 4656 sed
1682 4602 1853 4672 pepu-

1964 4603 2103 4659 copo
2133 4588 2395 4646 ecclesias
2425 4591 2692 4655 visitante,
2725 4593 2898 4662 ipsum
2927 4592 3336 4662 perdueeretad
3368 4596 3557 4666 templi

265 4690 352 4748 lus
390 4690 599 4762 magnis
627 4692 849 4748 vocibus
871 4689 1092 4749 laudans
1118 4688 1320 4758 Deum,
1367 4692 1656 4747 maximam
1690 4694 1855 4749 vesti-

262 4787 433 4843 menti
462 4786 577 4856 ejus
603 4796 833 4857 partem,
867 4786 1215 4856 reliquiarum
1256 4787 1380 4842 loco
1406 4801 1526 4841 eam
1580 4786 1855 4857 habitura,

264 4872 408 4934 civili
462 4877 692 4948 quadam
719 4874 976 4934 violentia
1023 4877 1207 4949 diripit
1245 4884 1299 4934 et
1349 4870 1644 4949 discerpit:
1696 4880 1769 4935 ita
1799 4887 1859 4935 ut

265 4976 490 5042 propter
528 4966 647 5038 ejus
675 4968 1029 5024 declarandae
1072 4968 1318 5035 Virtutes,
1364 4968 1417 5024 id
1447 4966 1593 5039 quod
1619 4978 1761 5041 aegre
1788 4962 1858 5024 ad

268 5059 520 5118 umeros
548 5061 664 5131 ejus
708 5060 957 5119 relicum
985 5058 1104 5127 fuit,
1132 5060 1393 5118 hodierna
1419 5059 1660 5117 ﬁdelium
1688 5062 1860 5119 devo-

270 5152 416 5209 tione
442 5159 770 5209 asset-vatur.

339 5240 425 5298 10.
486 5242 933 5301 Adolescentuiits
986 5245 1229 5317 quidam?
1252 5245 1429 5302 rabidi
1481 5246 1632 5302 canis
1675 5246 1858 5303 morsu

268 5333 591 5408 praebentes
614 5337 795 5407 periit.
822 5330 971 5391 Vidit
1008 5337 1062 5392 id
1102 5338 1350 5409 populus,
1375 5337 1523 5393 vadit
1552 5337 1619 5392 ad
1648 5340 1860 5409 episco“

271 5437 420 5503 pum,
463 5440 586 5485 orat
614 5438 675 5485 ut
695 5430 760 5484 ad
785 5432 1115 5486 exstinctum
1136 5432 1411 5486 hominem
1437 5431 1644 5486 veniat.
1673 5430 1741 5486 At
1768 5430 1861 5489 ille

270 5523 491 5594 ancipiti
526 5522 838 5592 cogitationi
887 5530 1199 5593 suspensus,
1228 5523 1358 5577 dum
1387 5522 1513 5579 hinc
1542 5539 1649 5579 non
1676 5524 1861 5594 potest

271 5625 619 5668 contemnere
659 5612 924 5686 lacrymas
950 5615 1390 5684 supplicantium,
1435 5614 1557 5670 inde
1584 5615 1651 5670 ab
1679 5624 1863 5671 osten-

274 5708 475 5761 tatione
520 5706 619 5761 sibi
668 5706 877 5769 metuit,
932 5706 1144 5761 tandem
1174 5706 1377 5775 pTetate
1418 5706 1687 5772 vincitur;
1730 5707 1862 5763 facit

277 5799 420 5869 quod
447 5799 758 5868 rogabatur,
811 5798 960 5854 venit
997 5798 1065 5853 ad
1093 5807 1367 5856 mortuum
1395 5798 1690 5867 hominem,
1720 5801 1859 5858 tollit

278 5907 466 5951 manus
495 5892 551 5949 in
570 5892 785 5961 omium,
818 5894 1127 5969 pariterque
1144 5894 1409 5952 stillantes
1426 5893 1639 5965 oculos,
1668 5908 1860 5967 aspec-
1914 5927 1941 5969 -έ

1962 4676 2309 4749 vestibulum,
2348 4679 2494 4736 unde
2520 4681 2612 4736 ille
2640 4692 2784 4737 esset
2812 4695 3143 4750 egressurus.
3168 4682 3322 4739 Fecit
3342 4684 3394 4739 id
3423 4686 3556 4742 sub-

1963 4762 2242 4840 diaconus,
2275 4780 2329 4829 et
2357 4774 2439 4829 vir
2466 4773 2658 4830 beatus
2682 4772 2806 4829 dum
2836 4773 2951 4829 vult
2972 4774 3241 4832 excedere
3264 4790 3297 4832 e
3326 4778 3555 4849 templo,

1960 4860 2017 4922 in
2049 4881 2250 4921 crucum
2284 4865 2510 4937 pedibus
2539 4866 2777 4923 molliter
2799 4866 3083 4938 impingit:
3116 4884 3291 4925 aecus
3320 4869 3438 4941 ejus
3463 4886 3557 4928 ve—

1964 4960 2203 5018 neranda
2236 4960 2461 5031 vestigia
2487 4962 2717 5033 supplex
2744 4962 3111 5033 amplectitur,
3137 4972 3256 5020 orat
3281 4965 3454 5021 visum
3484 4964 3557 5021 si-

1962 5042 2016 5110 bi
2039 5062 2098 5109 ut
2115 5053 2380 5110 restituat.
2403 5050 2593 5123 Itaque
2614 5054 2900 5125 episcopus
2923 5053 3151 5110 ﬁdenter
3173 5057 3424 5113 obsecrat
3452 5057 3556 5112 Do-

1961 5150 2187 5217 minum,
2218 5149 2396 5206 crucis
2432 5148 2640 5217 signum
2689 5148 2947 5217 imprimit
2976 5148 3148 5204 oculis
3197 5150 3331 5220 ejus,
3378 5158 3433 5204 et
3460 5148 3553 5203 diu

1964 5244 2230 5299 exstincta
2259 5240 2462 5296 lumina
2510 5250 2638 5295 mox
2689 5248 3029 5313 reparantur.
3059 5234 3343 5296 Oseulatur
3381 5239 3555 5294 homi-

1962 5351 2089 5405 nem
2140 5336 2446 5407 episcopus,
2479 5330 2779 5389 obtestatur
2827 5342 2887 5389 ut
2913 5349 3027 5389 rem
3054 5333 3198 5405 apud
3244 5349 3304 5389 se
3334 5333 3550 5393 tacitam

1963 5428 2178 5497 habeat,
2211 5427 2354 5497 quod
2386 5410 2566 5482 tamen
2609 5424 2701 5482 ille
2732 5442 2842 5497 pra:
2872 5425 3131 5482 immensa
3177 5424 3339 5480 animi
3370 5427 3553 5483 exsuL

1965 5524 2173 5579 tatione
2204 5528 2457 5592 praestare
2484 5534 2591 5574 non
2623 5519 2798 5592 potuit
2825 5537 2838 5586 ;
2888 5528 3199 5589 quanquam
3229 5518 3439 5575 etiamsi
3468 5535 3554 5578 ce-

1965 5615 2080 5673 lare
2109 5612 2198 5669 ille
2226 5612 2484 5668 voluisset
2510 5610 2653 5682 quod
2682 5618 2891 5667 secreto
2920 5607 3118 5664 factum
3149 5620 3289 5680 erat,
3319 5627 3427 5667 non
3457 5628 3547 5684 po-

1966 5706 2072 5763 tuit
2111 5714 2289 5761 tamen
2334 5718 2554 5760 manere
2581 5701 2866 5769 occultum,
2916 5700 3062 5773 quod
3098 5702 3280 5776 palam
3307 5701 3549 5760 omnium

1965 5797 2134 5856 oculis
2160 5796 2499 5854 cernebatur.

2038 5894 2124 5950 15.
2154 5891 2438 5949 lnnumera
2474 5895 2599 5950 sunt
2639 5886 2935 5950 beatissimi
2965 5871 3225 5950 antistitis
3268 5886 3551 5958 miracula,

1944 5988 1973 6001 ρ
