4118 6332
606 289 666 339 ιῦ
1408 289 1719 345 SANL'I‘IJS
1757 287 2189 344 AUGLSHNUS
2231 288 2602 343 ANGLURUM
2646 287 3065 344 APOSTOLIJS.
3793 289 3857 340 ιδ

604 407 769 461 latitia
797 411 1144 532 ossuptajqra
1178 409 1336 478 ipsius
1387 409 1552 463 sancti
1580 417 1627 461 et
1653 417 1803 477 caput
1847 409 1900 462 in
1925 408 2150 478 quadam
2199 425 2355 462 saxea
2387 411 2577 468 tumba,
2613 412 2747 477 [erro
2798 416 2844 458 et
2873 407 3079 476 p'umbo
3121 409 3403 477 peroptims
3430 407 3678 478 sigillata,
3713 409 3856 479 cujus

605 490 976 532 tuaerscrmttto
1001 488 1050 532 ta
1076 496 1120 532 ts
1143 493 1255 532 erat
1287 498 1302 532 :

605 488 976 546 tuperscrtpitio
1001 488 1120 533 talis
1143 493 1255 533 erat
1287 498 1302 532 :

956 568 1183 640 inclytus
1213 570 1494 640 Anglorum
1524 573 1733 639 pra'sul.
1767 571 1881 639 pias
1908 578 1956 622 et
1994 569 2144 621 decus
2183 569 2364 633 altum,

956 639 1056 692 Hic
1075 639 1390 712 Augustinus
1418 642 1682 711 requie-rit
1713 673 1729 694 ι
1748 657 1927 710 .η·ροιέ
1947 649 2178 694 sanctus.

670 730 848 800 Pergit
897 731 1090 786 deinde
1119 745 1360 795 narrare,
1387 733 1659 801 quomodo
1690 741 1837 786 metu
1861 731 2236 801 barbarorum,
2268 729 2484 801 smpein
2510 727 2910 801 partesCantiae
2942 729 3373 801 irrumpentium,
3415 730 3554 785 idem
3589 732 3756 787 abbas
3780 748 3860 789 se-

603 805 778 872 ]uenti
809 811 967 856 nocte
991 803 1244 872 pleraque
1275 817 1392 856 ossa
1407 799 1558 856 sacri
1586 803 1848 871 corporis,
1879 800 2075 872 tumba:
2104 809 2372 868 exeiiipta,
2410 800 2460 852 in
2491 799 2666 852 vicino
2697 800 2816 872 loco
2864 799 3164 872 abdiderit:
3193 815 3313 870 qua:
3363 802 3556 872 ibidem
3592 803 3860 860 latuerunt

599 870 858 944 .isquead
881 888 1074 944 annum
1105 871 1256 944 1221.
1286 888 1394 940 quo
1420 889 1628 944 rursum
1653 870 1864 944 inventa
1895 870 2416 938 trauslataqucsunt.
2439 885 2549 944 pro
2581 881 2636 944 ut
2665 870 2872 937 plenius
2902 871 3135 944 explicat
3158 886 3278 940 cap.
3299 888 3356 937 μ,
3387 871 3414 944 ς
3441 871 3495 926 2.
3519 871 3651 944 Qua:
3681 876 3856 928 omnia

599 941 886 997 Goceliuus
917 943 1106 1012 partim
1160 942 1502 1012 imoraverit,
1534 943 1656 1012 quia
1686 943 2022 1012 habebantur
2044 956 2287 1012 arcana;
2312 940 2504 1012 partim
2529 942 2672 1012 scire
2705 956 2809 993 non
2841 943 3098 1012 potuerit,
3145 944 3268 1010 quia
3295 940 3520 997 nccilnm
3551 942 3685 996 facta
3719 962 3732 1008 ;
3767 961 3859 1010 po-

597 1027 794 1066 nenzur
821 1009 997 1066 autem
1024 1010 1156 1065 infra
1181 1028 1276 1080 per
1298 1011 1513 1065 ntndum
1539 1009 1622 1078 ap,
1646 1011 1926 1065 endicisad
1949 1011 2147 1082 calcem
2176 1011 2290 1082 libri
2303 1027 2356 1082 (pi
2389 1011 2497 1063 imi.
2527 1009 2620 1064 llic
2644 1026 2707 1063 ex
2727 1026 2844 1070 (an.
2865 1027 2936 1073 ts,
2964 1011 2990 1080 ᾗ
3018 1011 3071 1082 5,
3094 1009 3350 1082 tanquam
3379 1013 3445 1066 ad
3470 1013 3661 1067 festum
3687 1009 3858 1066 trans-

598 1083 810 1135 latioi‘ds
841 1082 1133 1150 pertinens,
1168 1079 1317 1142 noto,
1352 1083 1496 1148 quod
1524 1099 1614 1140 rex
1646 1080 2036 1152 Willtelmusll
2061 1097 2201 1132 anno
2230 1079 2366 1133 l09‘2
2405 1083 2653 1152 concessit
2675 1079 2986 1134 monasterio
3015 1079 3416 1152 Itabercvferiam
3445 1085 3498 1136 in
3524 1084 3857 1138 translatione

597 1154 756 1225 sancti
780 1152 1068 1225 Augustini,
1099 1153 1171 1204 ita
1201 1151 1335 1225 quod
1360 1154 1570 1225 duraret
1591 1170 1681 1214 per
1706 1155 1926 1221 quinque
1949 1151 2077 1209 dies,
2110 1152 2303 1204 scilicet
2331 1168 2420 1218 per
2441 1151 2568 1225 duos
2589 1151 2696 1203 dies
2725 1161 2843 1204 ante
2867 1153 3070 1225 (astant,
3112 1159 3158 1203 et
3182 1151 3310 1205 duos
3333 1153 3441 1206 dies
3467 1163 3617 1225 post:
3657 1164 3706 1206 et
3729 1155 3859 1225 quod

593 1222 826 1293 Ecclesia
850 1223 1016 1274 sancti
1045 1221 1318 1293 Augustini
1348 1223 1528 1275 habent
1562 1240 1622 1275 in.
1643 1225 1726 1275 dio
1758 1232 1981 1291 tempore
2008 1238 2181 1274 omnes
2208 1221 2617 1293 consuetudines,
2643 1238 2768 1291 quas
2795 1237 2886 1293 rea:
2917 1221 3064 1274 habet
3095 1239 3185 1290 per
3213 1221 3477 1276 civitatein
3511 1221 3854 1278 Cantuarien-

593 1307 729 1366 sem.
752 1290 915 1366 Istam
944 1290 1140 1366 feriam
1161 1294 1398 1346 monachi
1424 1290 1872 1366 tenuernntnsque
1895 1294 2220 1366 adtempora
2252 1290 2501 1366 Edwardi
2529 1293 2624 1358 ﬁlii
2655 1290 2788 1361 regis
2810 1290 3053 1366 lieni-ivi,
3100 1309 3196 1363 quo
3229 1305 3452 1366 tempore
3479 1294 3621 1366 illam
3674 1296 3856 1366 feriant

591 1364 798 1416 omnino
830 1363 1149 1425 dimiserunt,
1181 1372 1389 1432 propter
1411 1364 1658 1433 jurgiaet
1688 1362 1800 1416 lites
1835 1371 1882 1415 et
1910 1363 2073 1433 etiam
2097 1378 2316 1433 pugnas,
2344 1378 2458 1431 qua:
2486 1363 2850 1433 iacteateterio
2881 1379 3069 1433 eorum
3085 1362 3373 1433 frequenter
3401 1363 3612 1432 ﬁebant.

761 1433 1002 1502 Amplius
1030 1442 1130 1490 est.
1174 1430 1315 1500 Quod
1349 1430 1656 1486 atinil356
1686 1433 2028 1487 Innocentius
2061 1431 2202 1499 Papa
2233 1430 2295 1484 Vl
2323 1430 2462 1502 sicut
2512 1431 2648 1484 ἰίιιιιιι
2680 1431 2996 1484 Williehuu-
3029 1430 3210 1502 'l‘tinrn
3258 1430 3464 1499 scribit,
3494 1436 3632 1487 inter
3659 1442 3854 1490 castora

593 1501 875 1570 privilegia
902 1504 1229 1556 monasterio
1281 1518 1556 1567 concessa,
1589 1519 1663 1555 ar.
1688 1503 1856 1570 hicpis
1891 1517 1994 1570 opn
2034 1503 2124 1570 (ut
2153 1517 2277 1571 rear
2307 1501 2380 1555 Ca
2408 1502 2719 1568 utuarieusi)
2756 1502 3052 1565 mandavit,
3089 1511 3148 1554 ut
3179 1501 3520 1558 f-stivitatem
3545 1505 3602 1558 S.
3646 1506 3851 1571 Augus-

591 1573 686 1645 tini
729 1573 1003 1645 dupliciter
1037 1574 1282 1626 celebrari
1313 1575 1526 1645 faceret,
1574 1572 1881 1645 hujnsmodi
1937 1572 2157 1645 verbis;_
2193 1570 2389 1645 Decens
2416 1585 2462 1624 et
2494 1589 2780 1645 congruum
2827 1582 3143 1638 reputant..s,
3175 1582 3230 1624 ut
3279 1574 3534 1645 gloriosas
3590 1570 3857 1645 confessor

592 1641 767 1696 beatus
793 1641 1120 1712 Augustinus,
1154 1645 1238 1712 qui
1266 1641 1389 1696 olim
1410 1645 1594 1696 missus
1624 1660 1714 1709 per
1745 1643 1916 1696 sedem
1937 1642 2272 1709 apostolicam
2321 1643 2390 1693 ad
2414 1655 2592 1711 gentes
2633 1644 2934 1711 Anglorum,
2967 1659 3070 1695 non
3091 1652 3195 1694 tum
3220 1641 3336 1696 tunc
3366 1641 3855 1712 baptismatisunda

592 1722 824 1786 renatas,
845 1711 931 1766 eas
955 1714 1016 1766 de
1043 1711 1362 1786 inﬁdelitatis
1387 1713 1605 1768 tenebris
1633 1713 1700 1786 ad
1749 1713 1908 1786 lucent
1940 1714 2208 1786 catholica:
2234 1711 2355 1786 ﬁdei
2397 1730 2490 1780 per
2515 1713 2904 1786 praedicationis
2961 1715 3260 1786 mysterium
3289 1711 3534 1786 euocauit,
3563 1715 3857 1786 primusque

589 1784 641 1854 in
675 1785 863 1853 Anglia
917 1785 1079 1836 erein
1108 1785 1394 1846 ecclesiam,
1441 1784 1734 1844 specialiter
1759 1785 1811 1836 in
1845 1785 1947 1836 illis
1976 1783 2208 1854 panibus
2249 1783 2560 1854 Itonoretnr:
2590 1797 2654 1836 ea:
2685 1785 2780 1836 ltoc
2813 1799 3034 1852 namque
3079 1783 3265 1836 ibidem
3307 1783 3611 1854 populorum
3667 1783 3858 1839 crescet

591 1851 822 1916 devotio;
875 1869 936 1906 ac
961 1855 1050 1907 ille
1079 1855 1164 1922 qui
1193 1855 1516 1924 glorificatur
1557 1855 1610 1908 in
1659 1863 1955 1925 sanctorum
1981 1853 2222 1914 concilio,
2267 1851 2515 1925 benignus
2543 1869 2720 1920 preces
2761 1851 2998 1925 respiciet
3037 1851 3470 1908 devotorumet
3510 1855 3670 1925 igitur
3698 1857 3859 1924 ipsius

588 1925 897 1989 confessoris
927 1926 1175 1990 festivitas
1197 1923 1255 1976 iu
1298 1926 1449 1977 dictis
1477 1926 1733 1994 partibus,
1765 1923 1965 1992 quibus,
1997 1925 2129 1976 sicut
2171 1923 2480 1994 accepimus.
2514 1925 2598 1976 ria:
2623 1933 2712 1975 aut
2739 1924 2906 1975 minus
2935 1924 2987 1994 in
3012 1941 3168 1994 regno
3210 1925 3414 1992 Anglia:
3437 1923 3858 1980 celebriter’coli-

588 2002 687 2047 tur.
723 1993 997 2066 solemnius
1019 2005 1065 2046 et
1093 1995 1320 2048 devotius
1365 1992 1654 2057 rencretur;
1717 1995 2032 2066 fraternitati
2086 2003 2284 2066 vestrm,
2321 1993 2382 2066 de
2419 2011 2524 2066 qua
2553 1994 2823 2063 specialem
2854 1995 2906 2066 in
2950 1992 3167 2066 Domino
3217 1995 3462 2064 ﬁduciun
3491 1995 3738 2066 gerimus,
3770 2013 3858 2066 per

588 2013 687 2047 tur.
723 2013 997 2046 sotemmus
1019 2013 1065 2046 et
1093 2013 1320 2048 aevouus
1365 2013 1654 2057 rencretur;
1717 2013 2032 2065 p'au'rnnau
2086 2013 2283 2056 vestrm,
2321 2013 2382 2045 ae
2426 2013 2524 2064 qua
2553 2013 2823 2063 spec-tatem
2854 2013 2906 2046 in
2950 2013 3167 2047 uonnno
3217 2013 3462 2064 Italicum
3489 2013 3738 2116 gerimus,
3770 2013 3858 2066 per

586 2065 871 2135 apostolica
912 2067 1103 2132 scripta
1148 2066 1512 2118 committimus
1535 2075 1583 2117 et
1629 2065 1951 2121 mandamus.
1987 2074 2235 2135 quatenus
2262 2064 2585 2134 festivitatem
2627 2065 2944 2135 conlessoris
2984 2064 3234 2135 ejusdem,
3267 2066 3483 2135 inomni
3522 2081 3579 2117 ns
3612 2063 3858 2120 Ecclesiis

586 2133 709 2204 dicti
751 2135 894 2204 regni
923 2136 1188 2201 exemptis,
1241 2137 1402 2204 facias
1428 2137 1732 2189 auctoritate
1773 2145 1950 2188 nostra
1999 2133 2268 2202 perpetuis
2287 2135 2472 2200 futuris
2519 2133 2828 2202 temporibus
2865 2133 2956 2188 sub
2981 2133 3174 2204 duplici
3203 2134 3367 2204 oﬂicio
3394 2138 3693 2189 solemniter
3723 2140 3856 2189 cele-

587 2201 759 2276 brari;
783 2201 830 2256 et
845 2205 1190 2257 nihilominus
1215 2201 1269 2257 in
1295 2207 1432 2276 dicta
1456 2207 1732 2274 festivitate
1779 2206 1973 2258 cessari
2000 2201 2032 2257 a
2063 2201 2372 2276 inec/tunicis
2419 2215 2466 2257 et
2495 2205 2614 2258 aliis
2641 2204 2900 2272 operibus,
2931 2201 3317 2258 i-‘tcrdr'ctifin
3351 2206 3494 2274 [estis
3542 2205 3856 2276 duplicibus,

587 2274 646 2326 de
671 2290 832 2341 more,
858 2275 1222 2328 consuetudine
1250 2291 1335 2328 seu
1369 2274 1694 2329 observantia
1720 2277 2050 2328 ecclesiarum
2077 2275 2388 2328 earumdem.
2791 2305 2794 2308 -

597 2441 701 2454 δ-
736 2442 3855 2460 ---“--*---**--ψ“

1389 2625 1451 2682 ω
1538 2567 1845 2674 Vl'l‘A
1932 2570 2039 2672 s.
2127 2567 2893 2707 AUGUSTlNl,

1713 2759 2358 2850 ΔΕΕΤΟΚΕ-ΞΟΕΕΗΝΟ
2407 2760 2728 2811 MONA‘LZIIU.

1652 2887 1745 2949 (Ex
1776 2888 1998 2938 lili'lono
2025 2856 2235 2938 Parisiua
2263 2888 2460 2938 Joannis
2500 2889 2815 2943 Maliilionis.)

2167 3038 2266 3049 α--α

2191 3149 2237 3206 Α
2266 3154 2463 3199 sanctae
2492 3153 2746 3200 novitatis
2771 3162 2835 3201 ac
2864 3148 3105 3203 veritatis
3141 3149 3371 3216 inimici,
3415 3153 3616 3207 malunt
3641 3172 3856 3225 perma-

2271 3252 2398 3290 nere
2428 3236 2480 3290 in
2511 3237 2744 3293 tenebris
2767 3241 3053 3294 vetustatis
3082 3251 3136 3297 et
3161 3244 3360 3298 irroris
3399 3245 3482 3298 sui
3501 3285 3515 3307 ,
3553 3263 3714 3315 quam
3744 3250 3857 3305 luce

1187 3141 1564 3196 I’RULUGUS.

653 3241 888 3297 Dominis
934 3239 1262 3294 charissimis
1302 3248 1355 3293 et
1409 3251 1642 3307 patentia:
1690 3239 1991 3294 dilectionis
2047 3237 2168 3291 liliis

581 3337 828 3396 Ecclesiae
875 3337 1045 3392 sancti
1077 3337 1353 3405 Augustini
1375 3376 1390 3399 ,
1441 3352 1559 3392 cum
1589 3351 1689 3391 suo
1718 3335 2013 3391 reverendo
2042 3351 2159 3390 mo-

578 3427 982 3492 nasteriarcha,
1050 3426 1137 3480 ille
1192 3425 1584 3494 abiectissimus
1646 3441 1746 3480 nec
1807 3424 2160 3488 recolendas,

579 3531 756 3575 tamen
789 3518 1030 3572 omnium
1056 3517 1261 3570 amicus
1289 3518 1557 3581 sincerus,
1584 3516 1634 3568 in
1659 3517 1884 3570 Domino
1910 3516 2159 3568 salutem.

581 3613 931 3666 Derreveram
966 3611 1105 3662 hanc
1151 3608 1464 3675 historiam,
1511 3609 1657 3662 velut
1701 3609 1835 3663 diva:
1873 3623 2081 3677 sponsa:
2109 3614 2163 3661 et

581 3712 836 3756 materna:
895 3700 1147 3754 Ecclesia:
1192 3701 1350 3753 tiliam
1392 3702 1768 3769 perpulchram
1796 3743 1810 3768 ,
1859 3717 1964 3755 non
2016 3702 2163 3771 prius

579 3794 646 3848 de
697 3793 930 3847 thalamo
968 3808 1067 3847 suo
1117 3799 1412 3860 producere
1455 3792 1585 3865 [ΑΛ.
1619 3791 1972 3865 procedere],
2002 3808 2160 3863 quam

579 3885 690 3939 suis
718 3884 1068 3948 ornamentis,
1095 3883 1418 3937 redimiculis
1439 3899 1502 3937 ac
1535 3883 1820 3938 monilibus
1841 3885 2158 3954 composita,

581 3975 698 4028 sine
742 3983 865 4026 nota
901 3982 1078 4040 posset
1125 3975 1436 4042 procedere.
1471 3973 1670 4029 Verum
1702 3983 1878 4029 vestra
1926 3975 2151 4044 impera-

586 4065 715 4119 trice
741 4063 1030 4118 dilectione
1068 4079 1232 4117 mam
1284 4065 1597 4134 impatiente.
1640 4074 1694 4119 et
1743 4066 1918 4119 acrius
1967 4067 2159 4136 impel-

577 4156 720 4210 lente
742 4196 757 4221 ,
800 4155 1014 4208 tandem
1055 4162 1360 4222 exoptatam
1386 4154 1641 4209 exhibere
1675 4155 1854 4223 specie
1884 4155 2160 4224 compelli-

581 4260 699 4298 mur
723 4243 1009 4313 pudorosa,
1035 4241 1161 4294 dum
1186 4241 1318 4294 adeo
1345 4256 1672 4310 nequeanus
1693 4241 1954 4303 formosa;
1981 4243 2159 4296 multa:

580 4335 722 4388 enim
763 4347 940 4388 rerum
982 4332 1150 4386 turba:
1193 4333 1520 4401 propositam
1563 4333 1718 4388 nobis
1758 4333 2076 4400 elegantiam
2105 4342 2159 4385 ιι

576 4425 847 4477 volucrem
882 4436 1154 4476 accessum
1185 4421 1470 4474 sustulere.
1505 4418 1672 4486 Quam
1705 4437 1832 4474 vero
1859 4437 1984 4474 vera
2033 4437 2152 4491 qua:

2270 3343 2421 3382 nova:
2473 3329 2659 3396 gratia:
2703 3328 2978 3384 illustrari.
3028 3333 3138 3387 llnc
3180 3335 3340 3388 etiam
3384 3337 3482 3391 sub
3529 3338 3643 3408 ipsa
3686 3343 3853 3408 gratia

2267 3419 2515 3474 videmur
2545 3421 2774 3488 imitari,
2821 3422 2913 3490 qui
2955 3439 3181 3480 rancore
3209 3435 3402 3482 vetusti
3431 3445 3556 3484 usus
3585 3437 3855 3500 aggravati

2267 3513 2536 3579 refugiunt
2580 3513 2730 3568 novis
2778 3512 2869 3569 Dei
2919 3516 3190 3571 miraculis
3239 3518 3290 3572 in
3340 3521 3531 3575 melius
3580 3527 3852 3579 renovari.

2267 3599 2513 3670 Plerique
2543 3603 2702 3656 etiam
2731 3603 3006 3658 hominum
3030 3644 3046 3669 ,
3095 3605 3238 3674 quod
3277 3619 3576 3676 spernunt,
3629 3613 3854 3669 credere

2264 3704 2526 3759 renuunt;
2573 3693 2717 3763 quod
2766 3703 2987 3762 amant,
3042 3697 3182 3751 ultro
3227 3700 3510 3754 credentes
3557 3714 3853 3772 appetunt,

2265 3801 2422 3839 nemo
2448 3793 2625 3838 autem
2648 3785 3079 3856 qualemcunque
3106 3787 3189 3841 vel
3219 3789 3494 3843 minimum
3537 3801 3850 3848 contemnat

2265 3876 2504 3930 veritatis
2552 3891 2853 3944 prmconem
2886 3894 2898 3928 :
2931 3892 3052 3930 nam
3099 3878 3238 3932 sicut
3289 3880 3622 3935 mendacium
3658 3884 3853 3939 nullius

2264 3967 2584 4022 auctoritate
2615 3976 2791 4036 potest
2816 3983 2935 4022 esse
2964 3983 3168 4032 verum,
3210 3970 3281 4022 ita
3307 3971 3504 4025 veritas
3552 3987 3706 4026 suam
3759 3991 3853 4043 per

2263 4072 2322 4110 se
2362 4056 2524 4112 habt
2571 4059 2621 4110 in
2667 4058 2907 4126 quolibet
2951 4064 3348 4115 auctoritatem.
3385 4063 3512 4128 Quae
3543 4072 3723 4118 autem
3760 4081 3852 4134 per

2262 4152 2431 4204 visum
2472 4151 2552 4205 vel
2587 4152 2637 4205 in
2691 4154 2894 4210 somnis
2941 4156 3188 4210 mandata
3215 4198 3229 4220 ,
3276 4172 3402 4209 vera
3461 4159 3759 4226 probantur
3785 4175 3849 4214 ex

2262 4258 2440 4296 rerum
2505 4245 2888 4313 consequentia
2935 4264 2947 4298 :
2992 4255 3179 4316 utpote
3240 4247 3464 4314 legimus
3530 4263 3703 4317 aegros
3755 4267 3850 4321 per

2259 4348 2506 4386 somnum
2555 4333 2621 4386 ad
2669 4345 2976 4390 sanctorum
3028 4338 3181 4392 busm
3228 4338 3414 4393 salutis
3455 4340 3623 4407 gratia
3667 4342 3848 4408 jussos

2260 4422 2443 4477 venire
2463 4464 2477 4489 ,
2527 4433 2581 4476 et
2621 4423 2758 4478 obed
2781 4435 2936 4481 entes
2963 4427 3274 4496 sospitatem
3304 4428 3374 4482 ibi
3417 4431 3708 4498 recepisse.
3743 4432 3846 4499 Qui

575 4516 881 4583 scripsimus
907 4513 1352 4583 comprobentur,
1387 4521 1649 4584 tempora,
1682 4514 1797 4567 loca
1817 4552 1832 4576 ,
1871 4529 2114 4582 personm
2137 4555 2151 4576 ,
2192 4547 2230 4600 Β
2260 4514 2399 4567 hanc.
2429 4515 2538 4568 ve.i
2565 4515 2887 4570 evidentiam
2921 4526 3122 4571 mavult
3153 4521 3295 4572 velut
3339 4536 3434 4572 son
3460 4520 3544 4572 nia
3588 4537 3719 4574 vana
3749 4527 3843 4576 de-

575 4605 818 4675 quando,
851 4606 966 4670 ubi,
1009 4614 1064 4659 et
1090 4606 1141 4658 in
1187 4605 1380 4672 quibus
1407 4603 1546 4658 facta
1576 4615 1904 4666 noscuntur;
1936 4605 2153 4674 antiqua

574 4697 732 4750 etiam
773 4703 828 4749 et
866 4695 1122 4748 moderna
1167 4695 1366 4765 scripta
1395 4703 1600 4759 vestra,
1649 4695 1989 4764 prmsentium
2015 4710 2151 4764 quo-

574 4800 678 4851 que
707 4784 883 4851 oculi,
920 4781 1275 4838 inliciabilitcr
1323 4792 1606 4838 testantur.
1651 4784 1805 4850 Quod
1853 4793 2032 4839 autem
2085 4785 2152 4839 de

573 4875 843 4930 veteribus
895 4889 1034 4929 nova
1075 4873 1324 4938 fecimus,
1375 4875 1458 4928 vel
1508 4877 1917 4931 recenterlncta
1948 4879 2146 4931 recenti

573 4969 712 5037 stylo
739 4981 1120 5036 propagamus,
1153 4981 1310 5020 nemo
1339 4965 1616 5020 vetustatis
1636 4968 1818 5021 accola
1849 4966 2150 5034 indignetur

576 5057 828 5124 novitati,
858 5073 924 5110 ne
951 5056 1091 5110 forte
1118 5055 1230 5110 Deo
1256 5071 1468 5124 semper
1496 5072 1629 5111 nova
1659 5058 1860 5110 creanti
1908 5056 2149 5107 videatur

576 5148 834 5217 indignari
861 5166 873 5202 :
906 5152 1030 5218 quia
1058 5148 1200 5203 Deus
1224 5148 1491 5203 Abraham
1511 5189 1525 5213 ,
1572 5149 1712 5202 lteus
1732 5157 1813 5202 est
1835 5147 2146 5216 Augustini;

574 5251 628 5293 et
673 5241 1014 5309 antiquorum
1059 5241 1329 5308 signorum
1361 5249 1611 5310 operator
1655 5239 1844 5294 eadem
1889 5237 2047 5292 hodie
2095 5238 2146 5292 in

578 5330 847 5385 modernis
875 5339 930 5385 et
959 5330 1229 5386 hodiernis
1253 5331 1450 5384 sanctis
1477 5330 1587 5382 suis
1627 5340 1897 5398 operatur,
1927 5330 2012 5384 cui
2040 5329 2149 5384 cla-

575 5430 688 5476 mat
742 5423 1004 5491 propheta
1037 5439 1050 5475 :
1081 5423 1276 5477 lttnova
1319 5423 1468 5492 signa
1513 5429 1568 5475 et
1612 5421 1831 5476 immuta
1888 5422 2149 5477 mirabilia

575 5511 759 5584 (Eccl.
793 5531 952 5568 xxxvi
975 5555 989 5576 ,
1017 5516 1120 5584 6);
1161 5527 1307 5570 creat
1357 5531 1526 5582 novos
1567 5513 1764 5579 cmlos,
1795 5523 1851 5570 et
1877 5516 2068 5572 sedens
2097 5515 2148 5570 in

571 5611 766 5668 o'ltrono
793 5622 932 5667 nova
959 5605 1087 5665 facit
1112 5606 1311 5660 omnia.
1355 5605 1411 5658 Si
1449 5606 1652 5671 antiqui
1684 5604 1870 5662 Patres
1898 5621 2004 5660 non
2029 5619 2147 5664 sus-

569 5706 838 5775 sepissent
877 5718 993 5774 qua:
1041 5711 1167 5756 tunc
1196 5697 1529 5756 habebantur
1586 5712 1756 5762 nova,
1811 5700 1949 5751 nulla
1996 5696 2148 5752 nobis

570 5795 732 5852 modo
761 5806 937 5850 essent
964 5801 1191 5845 vetusta.
1235 5789 1340 5847 Sed
1365 5787 1531 5846 Judrei
1562 5798 1614 5842 et
1657 5790 1836 5844 cmtei-i
1864 5787 2144 5854 increduli,

2219 4660 2230 4672 ,
2260 4608 2465 4670 ridere,
2497 4624 2657 4676 quam
2685 4611 2994 4673 attendere,
3030 4611 3228 4680 poterit
3258 4622 3311 4664 cl
3337 4611 3536 4681 Joseph
3565 4624 3621 4666 et
3650 4613 3843 4668 Danie-

2258 4698 2362 4752 lem
2389 4697 2628 4768 aliosque
2659 4699 2949 4767 prophetas
2976 4739 2992 4765 ,
3025 4701 3305 4770 ipsumque
3333 4700 3529 4771 Juseph
3562 4703 3614 4756 in
3663 4703 3840 4758 Evan-

2255 4791 2395 4858 gelia
2443 4799 2498 4844 et
2551 4789 2906 4858 alienigenam
2959 4791 3476 4857 Nabucholonosor,
3519 4794 3611 4864 qui
3658 4795 3840 4849 divina

2255 4884 2510 4954 mysteria
2559 4897 2928 4952 conspexere,
2979 4885 3125 4938 velut
3171 4885 3531 4942 somniatores
3577 4887 3838 4942 abnuere.

2251 4972 2389 5025 Sunt
2415 4975 2576 5024 etiam
2619 4973 2712 5040 qui
2761 4971 2942 5041 inepte
2990 4972 3332 5040 indignantur
3379 4989 3499 5028 cum
3545 4972 3600 5027 in
3645 4973 3839 5027 vilibus

2253 5063 2495 5131 personis
2525 5060 2661 5116 facta
2690 5070 2999 5118 sanctorum
3032 5064 3284 5117 miracula
3327 5063 3640 5127 recitantur,
3687 5063 3838 5132 quasi

2256 5154 2510 5222 probrosa
2531 5153 2638 5208 sint
2668 5153 2851 5207 talium
2879 5155 3095 5207 nomina
3138 5155 3220 5206 vel
3267 5153 3522 5206 memoria
3552 5153 3834 5224 [memoria

2256 5245 2337 5301 vel
2380 5244 2618 5316 nomina]
2647 5264 2658 5297 :
2689 5262 2809 5300 cum
2839 5246 3044 5304 nullum
3073 5247 3288 5300 terbnm
3340 5243 3422 5299 liat
3460 5253 3680 5314 propter
3708 5259 3834 5310 eos;

2253 5338 2344 5391 sed
2380 5345 2600 5406 propter
2644 5339 2879 5408 ipsorum
2933 5339 2983 5392 in
3034 5338 3143 5392 Deo
3180 5337 3434 5406 gloriam,
3468 5339 3559 5406 qui
3601 5337 3736 5392 mira
3783 5338 3836 5392 in

2258 5429 2491 5484 minimis
2519 5428 2675 5497 facit,
2723 5430 2900 5484 omnia
2929 5436 3267 5484 enarrentur.
3299 5428 3433 5483 Nam
3461 5433 3700 5491 omnium
3733 5430 3834 5487 Ι)οο

2257 5521 2433 5575 minus
2455 5519 2714 5578 Lazarum
2747 5521 3050 5575 mendicum
3081 5535 3147 5574 ex
3178 5521 3399 5576 nomine
3445 5521 3686 5591 proferre
3729 5539 3832 5577 non

2255 5608 2605 5678 dedignatur;
2636 5611 2864 5678 denique
2895 5625 3000 5664 nec
3022 5609 3264 5664 Herodes
3283 5652 3297 5675 ,
3350 5627 3453 5666 nec
3479 5612 3724 5681 proditor
3741 5611 3819 5666 Ju-

2256 5697 2382 5762 das,
2412 5714 2509 5751 nec
2536 5696 2779 5768 Cayphas
2827 5699 2876 5749 in
2921 5697 3209 5767 Evangelio
3257 5700 3691 5765 nominarentur,
3734 5702 3829 5754 nisi

2255 5799 2475 5858 propter
2506 5790 2783 5843 Dominum
2810 5789 2888 5844 vel
2911 5806 3035 5846 suos
3062 5792 3254 5862 quibus
3279 5792 3677 5848 insidiabantur.
3707 5791 3827 5846 Haec
