4118 6332
294 293 363 349 45
1497 299 1649 356 VITA
1693 302 1929 356 SANCTI
1971 300 2353 355 AUCUSIINI.
3473 300 3536 351 45

292 428 389 466 nos
412 419 630 482 propter
659 409 989 467 diversorum
1031 416 1448 471 controversiam
1493 418 1733 488 proferre
1762 435 1860 474 no-
1893 429 1937 483 Α
1966 418 2217 487 praemia,
2280 413 2592 471 consolante
2635 428 2727 468 eos
2784 412 2941 466 etiam
2999 413 3263 495 miraculis
3309 428 3539 483 superna

289 503 465 557 verint
491 503 766 558 benevolce
796 505 1007 572 animm,
1041 520 1107 560 nc
1129 520 1247 561 cum
1277 507 1690 577 obloquentibus
1721 510 1856 566 inci-

289 596 437 664 piant
466 595 609 664 quod
636 596 863 664 diligunt
886 597 1121 652 fasddire
1140 638 1154 660 ,
1205 608 1259 652 et
1285 599 1424 668 quod
1452 601 1632 655 verius
1658 616 1858 671 cogno-

287 694 480 739 verunt
508 686 766 740 inﬁrmius
812 686 1030 741 credere
1057 705 1067 739 :
1100 698 1450 758 corrumpunt
1478 691 1619 744 enim
1670 706 1863 746 sensus

285 776 458 830 bonos
504 776 769 845 colloquia
823 777 980 831 mala.
1051 777 1295 833 Fecimus
1341 790 1518 835 autem
1569 782 1621 837 in
1678 782 1862 837 eadem

286 868 511 922 materia
559 868 692 922 duos
719 868 961 934 codices,
1010 870 1267 938 majorem
1298 880 1353 927 et
1395 873 1654 928 minorem
1682 892 1695 928 :
1727 890 1860 943 qua-

284 967 443 1015 tenus
473 960 649 1013 minor
692 960 1047 1015 arnicabiliter
1074 962 1410 1031 obtemperet
1454 963 1638 1019 amicis
1667 964 1865 1021 exteris

285 1047 538 1111 tzediosis,
562 1050 734 1116 major
760 1051 975 1104 uberius
1005 1050 1264 1106 redundet
1289 1052 1595 1108 domesticis
1628 1054 1745 1109 filiis
1773 1054 1865 1108 dc~

283 1142 575 1198 sideriosis.
609 1143 985 1198 Verumtamen
1016 1145 1257 1214 qumdam
1288 1146 1446 1201 habet
1474 1146 1675 1216 major,
1730 1163 1863 1217 qua:-

283 1234 408 1289 dam
440 1236 640 1299 minor;
678 1250 798 1303 quae
842 1251 949 1290 non
981 1237 1141 1291 habet
1170 1248 1396 1306 uterque
1427 1241 1587 1305 liber;
1639 1250 1688 1294 et
1732 1241 1868 1295 alter

282 1325 387 1377 alia
413 1364 429 1388 ,
472 1325 572 1379 alia
603 1325 737 1380 alter
774 1328 912 1394 sapit
953 1327 1313 1382 condimenta.
1346 1328 1474 1383 Item
1505 1330 1691 1384 eadem
1717 1340 1863 1399 gesta

282 1412 443 1468 aliter
469 1415 573 1479 ibi,
606 1415 762 1470 aliter
788 1416 875 1471 hic
904 1427 1027 1470 sunt
1052 1417 1217 1482 dicta,
1262 1428 1317 1472 ut
1362 1421 1498 1488 alter
1517 1421 1735 1477 alterius
1764 1438 1866 1491 0pc

284 1515 441 1573 egeat
471 1515 526 1560 et
555 1507 742 1574 gratia.
775 1508 851 1563 De
878 1507 1066 1579 Ulysse
1106 1508 1335 1565 facundo
1360 1512 1435 1564 ait
1459 1522 1646 1581 poeta:

480 1637 567 1688 Ille
597 1640 785 1690 referre
808 1640 954 1691 aliter
976 1654 1112 1704 szepe
1134 1642 1327 1692 solebat
1352 1646 1481 1693 idem

1961 508 2153 577 gratia.

2033 599 2101 653 Χ.
2135 600 2431 667 Andegavm
2483 596 2578 652 Dei
2625 595 2889 667 peregrini
2921 610 3017 665 per
3048 595 3268 649 feminas
3296 596 3537 666 expulsi,

1964 694 2267 749 evolantem
2286 689 2531 744 baculum
2557 689 2625 743 de
2646 704 2804 741 manu
2829 687 3105 756 Augustini
3132 703 3227 756 per
3248 688 3347 741 tria
3372 687 3542 742 stadia

1964 784 2166 849 secuti,
2199 789 2355 838 noctu
2378 781 2476 837 sub
2502 781 2591 835 dio
2618 780 2975 850 quiescentes,
3010 778 3331 833 irradiantur
3360 780 3541 847 splen—

1966 874 2099 929 dore
2122 873 2351 939 euzlesti,
2398 880 2455 926 et
2476 870 2739 925 satiantur
2795 869 2941 923 fonte
2982 869 3231 923 divinitus
3279 871 3541 939 producto

1967 965 2111 1019 humi
2142 983 2153 1017 :
2187 963 2504 1033 scripsitque
2548 961 2619 1015 ibi
2648 960 2755 1014 dux
2812 976 3005 1015 nomen
3047 968 3101 1014 et
3123 975 3336 1014 causam
3389 962 3541 1014 itine-

1968 1059 2041 1111 ris
2069 1057 2171 1110 sui.

2041 1147 2127 1202 XI.
2159 1146 2372 1211 Vicini,
2423 1153 2573 1199 tanto
2624 1143 2814 1212 juharc
2867 1153 3027 1197 noctu
3078 1144 3193 1198 viso
3242 1143 3544 1212 perterriti,

1968 1251 2125 1291 mane
2153 1235 2219 1288 ad
2252 1236 2424 1292 locum
2464 1242 2719 1299 currunt;
2752 1233 2801 1285 in
2832 1231 3040 1286 amissis
3062 1233 3543 1296 sanctis,'rcatum

1968 1342 2123 1382 suum
2155 1326 2445 1397 plangunt;
2470 1340 2536 1379 ex
2567 1323 2757 1379 litteris
2787 1324 2839 1378 in
2870 1333 3008 1378 terra
3037 1323 3318 1392 descriptis
3349 1323 3548 1391 Augus—

1969 1418 2140 1473 tinum
2172 1425 2504 1485 cognoscunt
2544 1434 2557 1470 :
2590 1416 2873 1471 ecclesiam
2920 1416 2991 1471 ibi
3039 1416 3091 1470 in
3148 1416 3262 1485 ejus
3302 1417 3544 1480 honore,

1969 1527 2087 1582 qua:
2110 1525 2323 1565 omnem
2353 1509 2602 1564 feminam
2628 1518 2886 1578 perpetuo
2916 1506 3168 1573 excludit,
3193 1508 3543 1564 constituunt.

2045 1603 2148 1657 XII.
2199 1602 2440 1657 Matrona
2489 1616 2611 1655 cum
2660 1616 2819 1656 cereo
2867 1601 3008 1655 hanc
3055 1609 3269 1656 tentans
3310 1600 3544 1664 intrare,

1969 1706 2092 1750 ante
2126 1695 2283 1749 limen
2314 1694 2367 1749 in
2412 1694 2523 1763 ipsa
2554 1692 2717 1747 vetita
2758 1702 2895 1745 meta
2942 1692 3111 1762 ruptis
3156 1691 3419 1745 intestinis
3469 1689 3547 1743 in-

356 1761 481 1818 Hzec
525 1764 629 1834 piis
670 1765 857 1820 amicis
884 1768 972 1835 pie
1023 1766 1310 1822 alludendo
1351 1777 1406 1821 et
1453 1769 1538 1838 pie
1585 1785 1858 1825 commen-

1972 1796 2052 1840 ter
2070 1787 2113 1847 jt
2133 1828 2149 1842 .
2180 1795 2506 1852 cunctasque
2535 1784 2613 1837 sui
2636 1798 2794 1837 sexus
2815 1783 2990 1837 acrius
3014 1782 3309 1836 exterruit.~

282 1856 492 1918 dando,
545 1872 759 1912 oramus
786 1866 841 1911 et
868 1868 1157 1927 prmsentes
1208 1869 1550 1930 etposteros
1600 1880 1866 1920 memores

283 1961 406 2001 esse
444 1946 670 2003 affectus
710 1951 878 2003 nostri
918 1961 971 2004 et
1008 1953 1208 2006 servitii
1244 1953 1455 2017 devoti,
1507 1957 1749 2025 quamvis
1780 1957 1862 2009 iu-

281 2039 442 2107 grati.

355 2128 626 2185 Hactenus
664 2132 934 2207 prologus,
983 2135 1034 2187 in
1064 2148 1173 2207 quo
1202 2151 1363 2190 voces
1392 2139 1522 2191 duas
1582 2152 1675 2207 per
1732 2154 1861 2193 con-

280 2209 547 2277 jeeturam
588 2204 952 2277 correximus;
1000 2206 1240 2277 eamdem
1291 2204 1594 2261 libertatem
1615 2208 1867 2277 deinceps

284 2272 558 2342 sumpturi
590 2273 640 2326 in
695 2274 1075 2342 sequentibus:
1111 2275 1182 2328 ita
1229 2284 1405 2331 tamen
1451 2288 1507 2331 ut
1545 2280 1684 2333 inter
1715 2272 1864 2335 unci-

286 2356 385 2393 nos
414 2341 739 2418 proferatur
777 2341 853 2418 ea
894 2344 1083 2418 lectio,
1132 2361 1289 2418 quam
1320 2349 1665 2418 correctionis
1708 2365 1867 2418 egere

286 2412 609 2485 putabimus.
664 2412 921 2467 Similiter
947 2412 1243 2469 deficientia
1275 2417 1597 2485 quandoque
1624 2420 1688 2473 ad
1731 2412 1865 2474 i'nte»

284 2482 545 2549 grandum
575 2498 790 2537 sensum
822 2486 983 2538 verba
1013 2501 1043 2539 a
1095 2488 1247 2541 nobis
1277 2482 1550 2553 addimus,
1606 2490 1699 2544 sed
1729 2493 1867 2545 inter

285 2554 304 2619 (
345 2621 348 2622 ν
381 2552 425 2618 ),
453 2556 711 2622 tantisper
742 2554 963 2607 valitura
983 2595 997 2620 ,
1046 2556 1219 2611 donec
1245 2555 1380 2611 facta
1411 2558 1702 2614 collatione
1742 2576 1862 2615 cum

285 2621 561 2696 aliis‘Mss.
614 2621 730 2687 qua:
761 2625 984 2696 necdum
1018 2627 1197 2681 videre
1229 2628 1404 2693 licuit,
1435 2629 1708 2696 integritas
1757 2637 1864 2683 ori-

284 2693 476 2760 ginalis
503 2704 819 2762 suggeratur
848 2695 913 2748 ab
944 2697 1152 2765 aliquo,
1202 2699 1290 2765 qui
1333 2693 1568 2753 voluerit
1589 2716 1652 2752 eo
1684 2702 1866 2756 labore

285 2766 568 2840 desancto
608 2772 769 2840 atque
811 2765 877 2818 de
924 2768 1238 2840 nOSIrohoc
1280 2784 1444 2840 opere
1474 2770 1665 2823 mereri
1704 2771 1861 2826 bene.

288 2831 503 2909 Ma’bilio
548 2833 892 2909 partitionem
922 2839 1157 2909 auctoris
1186 2838 1237 2892 in
1271 2831 1564 2909 "uirginem
1595 2844 1867 2895 transtulit

288 2909 342 2954 et
371 2902 567 2957 titulos
583 2904 937 2973 Capitulorum
970 2908 1119 2961 initio
1147 2902 1415 2976 collegit:
1438 2910 1583 2965 Idem
1628 2910 1715 2966 hic
1753 2929 1865 2967 ser-

288 2981 443 3026 vatur
468 2988 563 3043 per
591 2990 861 3049 numeros,
894 2976 1108 3049 inducta
1137 2979 1306 3033 solum
1338 2980 1599 3035 divisione
1627 2983 1861 3049 capitum

289 3057 459 3106 nova,
504 3056 796 3113 nostroque
840 3045 1081 3100 instituto
1129 3048 1194 3101 ad
1236 3051 1551 3103 servandam
1585 3045 1864 3107 uniformi-

288 3120 454 3193 tateut
485 3113 704 3193 idenea,
757 3117 903 3183 quod
944 3118 1189 3172 similiter
1218 3125 1307 3173 liet
1346 3120 1399 3174 in
1436 3120 1573 3175 libro
1601 3123 1773 3190 primo
1799 3123 1864 3177 de
1893 3136 1935 3193 (ς

288 3183 657 3238 translatione.

854 3294 1038 3334 DIVISIO
1064 3296 1315 3336 οΑνιτωι.

356 3388 539 3446 CAPUT
584 3392 867 3448 I.Victore
915 3396 1095 3450 mundi
1144 3395 1370 3451 Domino
1397 3410 1557 3464 regna
1610 3398 1864 3467 captivati

292 3487 504 3554 tyranni
538 3486 647 3540 suis
676 3487 979 3555 palmigeris
1006 3488 1375 3554 distribuente,
1410 3490 1754 3557 Augustinus,
1786 3492 1863 3545 di-

288 3575 445 3629 vinus
475 3576 807 3646 Legatarius,
838 3594 867 3631 a
898 3578 1143 3634 Romano
1171 3580 1324 3649 apice
1346 3582 1711 3636 haereditatem
1741 3599 1861 3637 sor-

288 3665 416 3719 titur
446 3666 769 3721 Oceanitidis
790 3666 1093 3723 Britanniae.

359 3776 422 3831 II.
442 3777 871 3833 Describiturhic
889 3780 1292 3847 Augustinensis
1308 3782 1552 3845 mundus,
1574 3792 1630 3835 ut
1650 3783 1862 3850 quidam

290 3877 533 3924 terrenus
559 3871 839 3940 paradisus
868 3887 1043 3926 rerum
1076 3873 1383 3937 fecundus,
1414 3856 1469 3927 et
1490 3876 1771 3942 gratiosus.

355 3982 443 4038 III.
480 3983 592 4039 lloe
621 3985 806 4052 ingens
836 3984 995 4052 hujus
1024 3986 1270 4040 omnibus
1299 3982 1626 4040 domicilium
1652 3987 1863 4055 paravit

285 4074 545 4131 Dominus
581 4092 679 4131 suo
708 4076 1031 4145 Augustino,
1057 4085 1114 4129 ut
1137 4077 1204 4130 ab
1233 4077 1384 4131 initio
1413 4078 1682 4132 conditum
1713 4095 1863 4131 mun-

285 4165 408 4219 dum
440 4167 643 4220 homini
674 4168 920 4226 condito;
965 4174 1020 4219 et
1059 4166 1387 4235 Augustinus
1433 4167 1738 4235 relinquens
1770 4184 1863 4236 pa-

285 4265 441 4312 triam
461 4296 475 4319 ,
510 4258 680 4315 factus
709 4268 790 4312 est
818 4260 869 4311 in
907 4265 1119 4326 gentem
1149 4274 1413 4328 magnam.

357 4370 445 4425 IV.
481 4370 634 4425 Hunc
661 4385 800 4441 papa
830 4370 1121 4440 Gregorius
1149 4372 1456 4441 assumpsit,
1488 4387 1647 4442 quem
1680 4388 1777 4442 pro
1806 4388 1865 4428 se

286 4463 523 4517 mitteret
556 4462 610 4516 in
639 4463 880 4531 Angliam
901 4505 916 4529 ,
961 4471 1020 4516 ut
1048 4462 1281 4531 Anglos,
1308 4477 1522 4530 gentem
1549 4465 1825 4521 candidam

284 4564 496 4624 gentem
535 4555 735 4610 faceret
761 4556 1075 4624 angelicam.

360 4646 420 4700 V.
448 4646 676 4701 Mittitur
698 4649 780 4701 vir
814 4649 1066 4701 virtutum
1091 4688 1106 4712 ,
1163 4662 1283 4703 cum
1322 4649 1669 4717 quadraginta
1697 4665 1860 4704 evan-

284 4737 467 4805 gelicis
513 4739 763 4806 collegis,
811 4740 878 4792 ad
927 4738 1342 4793 i'onvertendam
1396 4738 1661 4807 Angliam.
1720 4739 1861 4794 Eunt

286 4830 474 4882 armati
504 4828 568 4881 ad
596 4828 921 4884 fructiferam
962 4829 1144 4897 glorire
1170 4831 1498 4898 patientiam.

354 4918 443 4974 VI.
486 4920 667 4974 Sancti
717 4935 935 4975 rumore
983 4937 1148 4991 pravo
1195 4923 1471 4987 exterriti,
1525 4922 1853 4992 Gregorium

286 5012 509 5080 epistola
539 5013 606 5066 ad
634 5024 864 5082 emptum
891 5014 990 5067 iter
1020 5014 1293 5076 virtutum,
1323 5013 1512 5069 fortius
1539 5029 1637 5083 per
1658 5017 1863 5082 Augus-

288 5105 455 5157 tinum
485 5113 609 5159 sunt
634 5105 871 5159 animati.

358 5194 465 5249 \‘lI.
487 5195 723 5265 Epist‘ola
744 5197 888 5252 beati
910 5196 1151 5266 Gregorii
1177 5198 1243 5253 ad
1266 5200 1428 5268 ipsos,
1455 5209 1861 5270 perseveranter

285 5295 343 5339 ut
371 5286 664 5354 Augustino
693 5286 960 5342 obediant.

358 5374 487 5430 VIII.
544 5376 779 5447 Epistola
817 5376 1055 5446 ejusdem
1112 5394 1260 5449 papae
1306 5379 1603 5435 Arelatensi
1651 5382 1858 5436 archie-

285 5471 506 5541 piseopo
532 5470 798 5537 Etherio,
829 5480 887 5526 ut
935 5471 1229 5541 Augustino
1270 5473 1492 5544 ejusque
1519 5474 1859 5529 consortibus

286 5562 587 5618 necessaria
626 5562 920 5633 provideat.

356 5651 447 5709 IX.
506 5654 797 5723 Augustino
843 5656 1110 5711 referente
1155 5656 1317 5712 sociis
1366 5657 1658 5725 apostolica
1705 5673 1860 5713 tuan-

284 5742 445 5811 data,
494 5745 739 5801 festinant
795 5762 889 5815 per
940 5747 1158 5804 adversa
1208 5756 1261 5801 et
1302 5761 1559 5818 prospera
1614 5747 1680 5801 ad
1733 5763 1859 5803 vera

2040 1873 2175 1932 XIII.
2233 1849 2545 1931 Miraeulum
2600 1874 2841 1929 auditum
2890 1874 2957 1928 ab
3006 1874 3123 1943 ipso
3175 1849 3545 1940 Andegavensi

1970 1970 2251 2038 episcotio,
2299 1966 2388 2036 qui
2431 1967 2570 2021 hanc
2610 1965 2888 2020 ecclesiam
2930 1963 3301 2019 retedifieatam
3332 1962 3546 2016 dedica-

1970 2060 2045 2114 vit
2081 2077 2092 2112 :
2126 2059 2355 2129 qualiter
2380 2058 2431 2111 in
2470 2056 2810 2111 dedicatione
2839 2054 3074 2109 funditus
3104 2053 3433 2109 conculeatce
3463 2068 3541 2107 se-

1968 2157 2118 2218 getes
2147 2163 2209 2201 ac
2254 2148 2466 2218 penitus
2504 2147 2799 2215 desperatae
2829 2145 3075 2223 omnibus
3124 2144 3240 2199 aliis
3269 2143 3543 2197 uberiores

1970 2240 2270 2294 exstiterint
2299 2239 2350 2292 in
2381 2253 2571 2291 messe.

2039 2328 2175 2404 XIV.
2202 2350 2523 2418 Augustinus
2545 2363 2665 2402 cum
2692 2350 2879 2412 sociis,
2910 2356 3031 2417 post
3053 2347 3259 2402 diversa
3282 2354 3542 2401 terrarqu

1969 2442 2295 2507 discrimina,
2325 2439 2580 2509 applicuit
2608 2438 2957 2506 Britanniam,
2980 2436 3047 2491 ad
3066 2436 3396 2492 mansionem
3420 2451 3544 2505 per-

1969 2541 2180 2603 petuam
2210 2529 2503 2586 divinitatis
2532 2528 2971 2599 pricordinatam.

2042 2643 2151 2698 XV.
2186 2642 2423 2697 Tanetus
2452 2640 2621 2699 insula
2649 2640 2921 2696 Christum
2968 2641 3018 2693 in
3050 2640 3249 2695 sanctis
3290 2640 3400 2694 suis
3426 2654 3544 2694 susv

1968 2736 2108 2806 cepit
2137 2734 2341 2803 prima;
2374 2730 2496 2786 felix
2527 2731 2684 2785 tellus
2706 2773 2719 2796 ,
2750 2729 3096 2785 fmcunditate
3134 2744 3232 2784 sua
3265 2737 3342 2783 tot
3369 2726 3543 2783 Deife-

1966 2839 2148 2878 rorutn
2180 2822 2503 2875 advenarum
2534 2818 2861 2875 felicissima.

2035 2930 2174 2987 XVI.
2206 2930 2594 2994 Ethelbertus,
2644 2945 2737 2983 rex
2768 2928 3056 2998 Anglorum
3103 2943 3287 2998 regum
3315 2929 3502 2984 tertius
3523 2968 3541 2994 ,

1967 3024 2062 3080 sed
2090 3023 2395 3078 christicola
2426 3022 2648 3092 primus,
2681 3035 2850 3075 uxore
2882 3019 3173 3075 christiana
3201 3020 3540 3087 clementior,

1969 3114 2231 3182 Optimum
2256 3120 2470 3166 aeterna:
2497 3112 2683 3165 salutis
2726 3111 2972 3165 nuntium
3014 3112 3080 3165 ab
3108 3112 3402 3180 Augustino
3424 3127 3544 3167 sus-

1970 3208 2127 3277 cipit;
2180 3205 2273 3260 sed
2318 3220 2423 3259 non
2474 3203 2628 3257 facile
2676 3205 2999 3273 acquiescit,
3048 3214 3108 3259 ut
3137 3221 3203 3260 ex
3233 3204 3544 3260 difficultate

1969 3297 2170 3349 sanctis
2198 3295 2366 3363 gloria
2399 3302 2693 3348 accrescat.
2726 3293 2887 3348 Venit
2940 3294 2994 3347 in
3044 3292 3306 3348 Tanetum
3356 3293 3546 3348 audire

1967 3386 2231 3446 advenas,
2264 3383 2552 3438 Dominieaa
2579 3383 2753 3437 crucis
2777 3382 3102 3439 vexilliferos
3129 3392 3183 3439 et
3212 3399 3510 3454 przccones.

2041 3495 2193 3550 XVII.
2224 3494 2549 3563 Augustinus
2596 3497 2817 3566 exponit
2846 3498 2958 3565 regi
3006 3506 3269 3567 optimum
3298 3500 3543 3552 nuntium

1967 3588 2108 3658 quod
2139 3587 2375 3641 attulerit
2397 3627 2412 3649 ,
2444 3586 2730 3653 videlicet,
2781 3588 2963 3643 mundi
3006 3589 3339 3643 conditorem
3379 3597 3433 3643 et
3463 3605 3541 3643 rc-

1971 3679 2303 3749 demptorem
2332 3680 2567 3734 humano
2613 3680 2795 3748 generi
2849 3693 3072 3749 regnum
3122 3680 3381 3735 caelorum
3420 3695 3541 3750 ape~

1966 3773 2168 3836 ruisse,
2225 3778 2279 3826 et
2305 3771 2369 3825 de
2404 3771 2681 3841 terrigenis
2711 3771 2958 3827 cmlestes
3006 3772 3281 3840 indigenas
3320 3772 3541 3839 fecisse;

1966 3870 2022 3917 et
2047 3863 2290 3916 homines
2320 3863 2391 3915 ita
2421 3862 2710 3926 dilexisse,
2760 3871 2821 3915 ut
2867 3863 3030 3917 homo
3078 3862 3222 3928 fieri,
3267 3872 3428 3932 atque
3457 3865 3543 3917 in-

1966 3967 2147 4022 super,
2180 3960 2301 4021 post
2346 3952 2623 4006 innumera
2672 3952 2968 4007 divinitatis
3014 3968 3123 4007 suae
3177 3953 3433 4009 miracula
3488 3963 3544 4009 et

1966 4056 2177 4102 ostenta
2198 4090 2213 4114 ,
2261 4062 2359 4117 pro
2388 4047 2662 4103 hominum
2691 4047 2937 4121 (amore!)
2968 4059 3140 4105 morte
3186 4052 3359 4106 erucis
3408 4054 3540 4104 mori

1966 4141 2229 4205 voluerit,
2282 4148 2337 4195 et
2377 4156 2504 4195 suos
2532 4139 2739 4209 legatos
2769 4141 2835 4194 ad
2866 4142 3257 4197 convertendas
3299 4144 3543 4197 nationes

1965 4231 2211 4284 omnibus
2242 4229 2521 4284 tormentis
2569 4229 2907 4286 inviucibiles
2949 4230 3426 4300 inextinguibiliter
3454 4247 3544 4286 ac-

1966 4321 2239 4387 cenderit;
2268 4322 2517 4391 quodque
2542 4323 2640 4393 ipsi
2659 4364 2673 4389 ,
2703 4323 2796 4377 tali
2819 4324 3094 4379 charitatis
3118 4321 3329 4377 ﬂamma
3353 4322 3542 4376 stimu-

1966 4412 2131 4475 lante,
2162 4412 2492 4466 advenerim.

1847 4507 1862 4533 ’
1893 4506 1946 4564 Β
2022 4519 2202 4573 XVIII.
2221 4519 2335 4574 Rex
2358 4519 2921 4587 Ethelbertuslatidat
2946 4521 3159 4590 quidem
3185 4531 3398 4579 aeternae
3421 4526 3545 4580 bea-

1971 4615 2211 4669 titudinis
2239 4615 2527 4684 promissa,
2580 4624 2635 4670 et
2678 4616 2881 4683 colligit
2926 4622 3141 4671 sanctos
3182 4633 3281 4686 pro
3332 4618 3543 4674 illorum

1970 4705 2344 4761 benevolentia
2375 4724 2389 4772 ;
2417 4707 2510 4762 sed
2543 4708 2714 4762 nescit
2742 4707 2920 4763 adhuc
2944 4709 3141 4765 vetusti
3171 4711 3371 4766 erroris
3395 4719 3545 4768 tene-

1968 4797 2095 4851 bras
2122 4811 2320 4852 exuere
2348 4804 2404 4851 et
2430 4796 2579 4852 indui
2610 4797 2730 4853 luce
2758 4814 2914 4853 nova.

2038 4908 2175 4963 XIX.
2231 4909 2390 4977 Regis
2438 4910 2760 4976 clementia,
2825 4913 2931 4967 imo
3005 4914 3099 4968 Dei
3167 4915 3543 4983 providentia,

1972 5000 2145 5055 sancti
2173 4999 2392 5054 advena:
2415 5038 2431 5065 ,
2468 5015 2588 5054 cum
2631 5000 2773 5055 elato
2805 5001 3095 5058 Dominicze
3144 5005 3317 5060 crucis
3346 5006 3542 5060 vexillo

1973 5100 2027 5148 et
2054 5093 2266 5148 canoris
2287 5093 2562 5162 precibus,
2606 5095 2658 5148 in
2688 5106 3000 5164 perpetuam
3032 5096 3414 5155 habitationem
3438 5099 3544 5154 Do-

1969 5182 2233 5236 robernia:
2281 5183 2536 5250 ingressi,
2571 5184 2823 5239 vivebant
2860 5186 3118 5255 angelice,
3169 5197 3229 5243 ut
3275 5188 3544 5257 peregrini

1972 5273 2152 5328 mundi
2176 5281 2231 5327 et
2256 5274 2519 5342 indigentc
2539 5276 2689 5341 emli,
2718 5284 2771 5330 et
2800 5278 3107 5334 eohzeredes
3136 5279 3235 5333 sibi
3259 5278 3545 5345 gliscentes

1970 5362 2118 5431 regni
2146 5363 2260 5417 Dei.

2039 5475 2157 5533 XX.
2188 5477 2245 5532 In
2277 5479 2523 5533 orientali
2567 5479 2910 5535 Doroberniae
2956 5480 3180 5535 ecclesia
3229 5481 3371 5539 beati
3400 5482 3545 5540 Mar-

1969 5569 2095 5635 tini,
2127 5568 2256 5623 olim
2286 5584 2316 5623 a
2344 5568 2602 5626 Romanis
2641 5570 2944 5626 Christianis
2994 5570 3241 5638 condita;
3293 5570 3428 5628 fidus
3456 5589 3543 5629 re-

1966 5661 2105 5731 ginae
2140 5668 2324 5717 custos
2368 5663 2556 5719 beatus
2605 5664 2797 5733 praesul
2826 5662 3087 5720 Letardus
3132 5668 3326 5737 agebat
3365 5650 3541 5724 divina

1966 5753 2138 5809 officia
2159 5793 2173 5821 ,
2196 5770 2316 5824 qua:
2340 5756 2728 5811 sacratissimus
2757 5753 3081 5821 Augustinus
3104 5773 3226 5813 cum
3254 5773 3352 5814 suo
3377 5759 3542 5812 choro
