4118 6332
531 169 593 218 ἅτ
1337 168 1642 224 SANC'IUS
1686 166 2119 223 AUGUSTINUS
2161 165 2530 220 ANGLUllUlI
2572 164 2742 220 ΑΡυὸ
2761 166 2987 243 TOLUS.
3728 174 3797 228 46

524 278 808 338 irradiahat
838 278 1129 349 apostolica
1166 278 1266 332 vita
1295 288 1349 333 et
1377 279 1617 333 doctrina
1645 320 1661 345 ,
1711 286 1765 331 et
1792 278 2066 346 signorum
2086 316 2100 341 ,
2136 284 2178 336 Α

526 384 631 441 qua
660 369 839 439 plmes
868 370 1151 433 convertit,
1187 366 1482 423 aﬂluent'a.

596 459 736 515 XXI.
798 460 982 517 Victus
1025 476 1154 525 rex,
1209 476 1305 529 per
1351 459 1522 513 dulcia
1576 466 1791 512 aeternm
1840 457 2109 513 felicitatis

526 550 890 607 blandimenta
920 559 973 604 et
1001 549 1382 618 irrefragabilia
1418 549 1671 601 virtutmn
1694 548 1961 618 exempla,
1988 547 2109 602 sub-

523 642 704 710 jicitur
734 642 947 697 Christo
977 642 1078 696 lizle
1100 642 1313 696 devota.

602 731 759 787 XXII.
805 732 850 786 Β
886 750 919 787 x
966 732 1031 786 de
1076 730 1291 786 excelso
1339 729 1701 792 humillimus,
1757 728 1823 784 de
1871 729 2110 799 principe

530 837 663 891 puer
688 823 1109 888 ecclesiasticus,
1156 820 1458 890 baptizatur
1488 821 1540 873 in
1570 834 1793 875 summa:
1835 819 2112 875 Trinitatis

529 914 866 970 confcsdone
896 923 949 967 et
978 913 1193 967 nomine
1213 955 1225 978 ,
1275 912 1515 981 repletur
1541 911 1763 965 candida
1793 911 1990 965 Christi
2019 925 2112 966 co-

532 1007 732 1073 lumba,
758 1005 811 1057 fit
840 1004 907 1059 de
925 1004 1088 1058 veteri
1123 1003 1403 1056 idololatra
1434 1016 1602 1055 novus
1628 1001 1954 1056 christicola.
1980 1000 2113 1056 IIinc

532 1099 858 1167 Augustinus
888 1098 997 1151 Deo
1019 1098 1186 1161 canit,
1219 1113 1337 1151 cum
1366 1112 1613 1166 suprema
1637 1098 1848 1151 chorea.
1874 1096 2114 1165 gaudens

528 1208 623 1248 sua
652 1200 775 1246 vota
802 1190 880 1246 sic
903 1198 1240 1261 prosperata.

601 1280 781 1337 XXIII.
823 1278 1094 1335 Gloriatur
1118 1294 1215 1335 rex
1238 1279 1569 1333 fraternitate
1593 1293 1730 1332 nova
1753 1277 1820 1333 de
1841 1277 2032 1332 ducum
2060 1286 2115 1332 et

528 1374 763 1447 plebium
795 1372 1312 1441 combaptizatorum
1345 1371 1517 1435 turba,
1562 1384 1659 1425 nec
1682 1371 1794 1440 jam
1836 1385 1991 1424 suum
2024 1384 2112 1423 re-

527 1483 689 1537 gnum
727 1467 956 1521 mstimat
986 1465 1129 1533 quod
1168 1463 1611 1527 administrabat,
1656 1462 1748 1517 sed
1787 1470 1957 1516 totum
1992 1476 2114 1515 cum

535 1559 793 1628 subjectis
828 1557 927 1612 sibi
960 1557 1173 1626 regibus
1212 1566 1265 1610 et
1309 1557 1521 1627 populis
1561 1556 1611 1610 in
1659 1555 1869 1611 dulcem
1913 1555 2114 1610 Christi

2286 274 2470 328 XXXI.
2515 275 2623 330 Hos
2653 277 3002 346 epistularum
3031 276 3375 347 Gregorianae
3402 280 3698 337 dulcedinis
3719 282 3800 338 fa-

2212 383 2307 422 vos
2350 368 2539 422 beatus
2569 369 2893 437 Augustinus
2920 408 2934 432 ,
2983 370 3221 425 omnium
3265 371 3516 426 virtutum
3547 372 3803 441 gradibus

2210 446 2472 513 sideream
2500 459 2697 513 scalam
2734 459 3181 527 transcendendo,
3213 461 3502 530 colligens;
3545 463 3643 518 hos
3668 477 3802 532 quo-

2210 562 2313 616 que
2342 562 2437 602 rex
2465 556 2519 601 et
2548 548 2749 616 regina,
2783 564 2878 618 pro
2908 564 3006 603 suo
3029 548 3221 604 alfectu
3243 558 3296 603 et
3325 551 3647 619 capacitate,
3671 552 3805 606 hau-

2213 638 2443 704 rientes,
2486 638 2793 691 nitebantur
2826 638 3137 709 apostolicis
3164 639 3502 696 documentis
3537 641 3801 709 obsequi,

2213 739 2272 783 ut
2318 737 2438 798 post
2480 729 2757 798 pereuntia
2799 744 2962 798 regna
3006 742 3337 784 mererentur
3383 733 3621 786 cmiestia
3667 747 3803 786 con-

2213 834 2387 890 sequi.

2289 910 2497 967 XXXII.
2544 911 2823 980 Britones,
2883 914 3176 984 Anglorum
3227 913 3609 969 debellaulium
3672 917 3808 969 reli-

2215 1004 2386 1072 quias,
2425 1004 2493 1059 ab
2522 1004 2886 1060 ecclesiastica
2916 1005 3100 1073 regula
3126 1004 3448 1059 dissidentes
3476 1046 3490 1069 ,
3534 1022 3803 1062 convoca—

2217 1102 2299 1148 tos
2328 1095 2468 1163 regis
2498 1110 2602 1165 Ope
2648 1095 2975 1163 Augustinus
3000 1136 3015 1160 ,
3069 1103 3179 1149 tota
3211 1097 3421 1165 paterni
3450 1094 3674 1152 affectus
3718 1100 3804 1153 iti-

2217 1186 2431 1248 stantia,
2461 1186 2768 1240 decertabat
2788 1188 2856 1239 al
2878 1186 3169 1256 legitimam
3194 1187 3433 1240 omnium
3459 1189 3807 1243 concordiam

2218 1277 2547 1342 adsciscere;
2592 1276 2689 1332 sed
2733 1276 3103 1331 diilicillimum
3135 1293 3215 1331 est
3247 1277 3689 1334 irrationabiliter
3719 1296 3807 1334 ra-

2222 1366 2351 1420 tioni
2380 1375 2737 1436 repugnantes
2766 1367 3054 1436 corrigere.

2291 1456 2521 1511 XXXIII.
2562 1458 2875 1512 Causidicus
2909 1459 3134 1525 Domini,
3176 1459 3441 1515 advocato
3485 1461 3536 1514 in
3572 1460 3807 1517 medium

2219 1563 2361 1603 caeco
2391 1565 2403 1600 :
2438 1547 2497 1602 In
2534 1548 2658 1613 hoc,
2689 1548 2879 1618 inquit,
2915 1550 3164 1603 ostendat
3193 1550 3451 1605 Dominus
3479 1566 3682 1620 rerum,
3711 1568 3807 1606 cu-

529 1650 790 1705 ditionein
846 1648 1130 1703 transferre
1157 1664 1221 1703 ac
1256 1649 1482 1703 dilatare
1511 1649 1781 1714 decertat;
1824 1649 2110 1719 episcopis,

2223 1640 2305 1707 ius
2331 1641 2499 1710 partis
2538 1641 2731 1708 dogma
2762 1645 2830 1695 sit
2864 1656 3065 1694 verum.
3102 1641 3361 1712 Propoiiit
3401 1659 3600 1699 crocum
3632 1645 3809 1700 Brito-

530 1740 877 1805 monasteria,
910 1739 1162 1794 ecclesias
1186 1777 1199 1802 ,
1244 1747 1494 1809 tanquam
1547 1740 1819 1795 Dominira
1848 1740 2067 1795 castella
2092 1778 2107 1804 ,

529 1830 781 1899 regaliter
809 1828 1058 1883 mdilicat.

600 1919 783 1973 XXIV.
825 1919 1151 1988 Augustinus
1183 1920 1426 1990 prmbens
1464 1936 1523 1975 se
1573 1920 1825 1977 electioni
1856 1921 2116 1991 apostoli—

527 2031 605 2072 «Β
632 2024 684 2070 et
714 2014 1111 2081 ecclesiastica),
1144 2015 1392 2070 nimirum
1421 2018 1771 2088 assumptioni
1802 2017 2113 2085 Dominieae,

529 2109 595 2162 ab
619 2107 913 2161 Arelatensi
930 2107 1312 2177 arehipraasule
1338 2123 1437 2161 con
1456 2120 1686 2165 ~ecratur
1708 2111 1761 2165 in
1790 2111 2114 2180 primitivum

530 2197 886 2269 patriarcham
914 2196 1115 2267 Anglia:
1139 2207 1561 2270 perpetuamque
1587 2199 2016 2257 benedictionem
2037 2216 2117 2258 reo

528 2287 635 2342 fert
666 2287 899 2342 Dorobet
912 2287 1030 2341 nim.

598 2376 764 2431 XXV.
808 2377 967 2432 Mittit
1008 2380 1335 2448 Augustinus
1386 2379 1612 2436 Romam
1658 2383 1906 2437 nuntiare
1956 2383 2115 2437 beato

529 2466 831 2536 Gregorio,
888 2482 1066 2538 regem
1145 2478 1199 2523 et
1254 2471 1509 2541 populum
1563 2473 1855 2542 Anglorum
1914 2474 2115 2528 cultum

528 2557 730 2613 Christi
759 2560 1058 2629 suscepisse
1081 2603 1096 2626 ,
1141 2577 1200 2617 se
1227 2564 1484 2634 episcopu
1507 2582 1539 2617 ιι
1567 2564 1766 2620 factum
1799 2580 1945 2629 esse,
1971 2565 2115 2634 jam-

528 2665 635 2721 que
663 2650 844 2705 multa:
870 2652 1032 2706 messi
1061 2642 1338 2724 operariOs
1367 2654 1575 2709 deesse.
1604 2654 1702 2710 Citi
1726 2672 1861 2727 papa
1897 2656 2118 2710 remittit

529 2740 879 2808 apostolicum
909 2741 1129 2810 pallium
1150 2781 1164 2806 ,
1196 2750 1252 2797 et
1282 2743 1509 2812 plurima
1540 2743 1823 2798 doctorum
1869 2745 2067 2798 auxilia
2096 2783 2112 2809 ,

532 2842 587 2884 ut
616 2831 943 2885 diversarum
969 2833 1454 2902 interrogationum
1478 2848 1759 2905 reSponsa.

605 2920 786 2977 XXVI.
847 2922 1084 2994 Epistula
1146 2924 1289 2980 beati
1343 2924 1588 2995 Gregorii
1638 2940 1789 2996 papas
1833 2926 1900 2980 dc
1926 2905 2116 2981 ἰιιῑεςο

2216 1734 2372 1788 nibus
2415 1735 2745 1795 curandum;
2799 1733 2904 1785 illis
2954 1735 3366 1800 recusantibus,
3430 1736 3585 1804 signo
3633 1739 3810 1793 crucis

2215 1837 2415 1877 caseum
2456 1821 2720 1875 illuminat
2762 1822 3089 1891 Augustinus
3123 1842 3134 1873 :
3172 1825 3296 1878 victi
3342 1825 3589 1881 Britones
3618 1839 3812 1899 petunt

2217 1914 2478 1977 inducias,
2508 1914 2634 1967 dum
2664 1928 2788 1968 suos
2815 1918 3100 1968 consulant
3127 1925 3185 1970 et
3209 1918 3446 1986 synodus
3473 1918 3719 1973 iterettx.

2290 2004 2523 2060 XXXIV.
2566 2004 2808 2060 Consulti
2873 2006 3147 2061 Britonum
3202 2010 3481 2078 pontilices
3535 2014 3807 2082 (respon—

2218 2099 2384 2165 dent)
2435 2106 2495 2150 ut
2545 2098 2896 2165 Augustinum
2951 2099 3358 2155 advenientibus
3401 2112 3809 2172 assurgentem,

2219 2200 2473 2259 tanquam
2499 2190 2682 2243 mitem
2712 2197 2768 2242 et
2810 2190 3065 2243 humilem
3096 2193 3260 2244 Corde
3284 2232 3298 2255 ,
3334 2194 3674 2262 reciperent;
3728 2210 3810 2249 re-

2217 2280 2481 2336 sidentem
2512 2294 2640 2334 vero
2663 2319 2677 2344 ,
2713 2293 2767 2332 ut
2809 2282 3101 2348 superbum
3131 2289 3185 2335 et
3238 2280 3510 2348 ferocem,
3556 2285 3811 2353 repudia—

2218 2379 2358 2426 rent.
2386 2369 2590 2425 Venere
2612 2411 2627 2436 ,
2673 2378 2728 2425 et
2756 2371 3029 2425 sedentem
3058 2371 3264 2441 sibique
3305 2388 3412 2427 non
3442 2389 3811 2444 asiurgentem

2220 2461 2558 2529 indignanter
2609 2476 2884 2529 respuere.
2939 2460 3084 2527 Quos
3137 2462 3225 2517 ille
3272 2465 3449 2518 adhuc
3497 2466 3812 2520 clementius

2218 2555 2445 2623 cUpiens
2474 2550 2692 2620 lu.rari,
2716 2558 2968 2624 pI‘OpOIIil
2993 2553 3089 2606 tria
3118 2557 3398 2621 servanda,
3422 2558 3629 2611 cmteris
3651 2565 3813 2612 modo

2219 2648 2342 2701 data
2373 2646 2660 2701 tolerantia
2684 2664 2695 2698 :
2716 2654 2789 2702 .ut
2819 2644 3025 2699 Pascha
3056 2662 3154 2701 suo
3179 2657 3423 2717 tempore
3451 2649 3590 2705 sicut
3625 2666 3814 2707 omnes

2219 2737 2473 2794 Ecclesia:
2502 2738 2858 2803 celebrarent,
2890 2747 2943 2789 ut
2974 2736 3222 2807 baptismi
3267 2749 3606 2793 sacramenta
3637 2742 3814 2796 eccle-

2222 2830 2440 2884 siastico
2488 2829 2677 2882 oruine
2728 2840 3082 2897 peragerent,
3137 2851 3193 2882 et
3246 2828 3431 2898 Anglis
3477 2846 3581 2883 una
3634 2845 3814 2886 secum

2226 2919 2640 2989 evangelizando
2663 2918 2854 2973 fratres
2878 2928 2931 2973 et
2974 2934 3226 2974 coacves
3269 2920 3415 2989 regni
3444 2921 3540 2976 Dei
3566 2923 3815 2977 acquire-

532 3015 728 3085 pallio,
771 3016 839 3071 de
862 3016 984 3085 jure
1030 3015 1421 3071 Lundoniensis
1450 3016 1723 3087 episcopi,
1774 3017 1840 3071 de
1888 3015 2116 3072 Eboraci
2145 3037 2190 3098 C
2229 3019 2367 3064 rent.
2417 3010 2524 3065 Sed
2547 3010 2648 3064 illis
2679 3010 2861 3065 onmia
2903 3011 3326 3080 repudiantibus,
3370 3014 3607 3083 praedicit
3634 3015 3704 3069 ab
3735 3018 3816 3071 his

532 3106 972 3178 tnetropolitano,
1006 3108 1155 3169 etde
1182 3107 1459 3174 Augustini
1490 3107 1696 3162 ditione
1741 3122 1905 3177 super
1930 3123 2118 3165 omnes

532 3197 844 3255 sacerdotes
873 3198 1181 3254 Britanniae.

603 3286 810 3344 XXVII.
852 3288 983 3344 Item
1004 3290 1243 3359 ejusdem
1273 3306 1368 3360 per
1388 3290 1645 3347 Mellitum
1669 3292 1736 3347 ad
1765 3293 2118 3362 Augustinum

531 3379 779 3449 epistola,
810 3380 1227 3435 utdestruantur
1254 3380 1415 3445 idola,
1434 3391 1489 3436 et
1508 3380 1629 3436 fana
1656 3383 1794 3438 bene
1815 3392 2119 3440 constructa

533 3486 671 3540 aqua
701 3471 986 3526 benedicta
1018 3472 1082 3525 ad
1114 3472 1293 3526 divina
1325 3483 1623 3542 purgentur
1653 3474 1850 3540 oflicia,
1887 3491 1985 3531 nec
2010 3476 2121 3530 dia-

532 3558 658 3615 bolo
689 3560 941 3614 animalia
982 3559 1165 3616 lideles
1197 3562 1493 3627 immolent,
1535 3565 1629 3618 sed
1676 3565 1741 3617 ad
1790 3566 1998 3621 laudem
2029 3566 2121 3623 Dei

534 3650 584 3705 in
607 3666 757 3705 esum
784 3668 939 3706 suum
956 3652 1207 3706 animalia
1238 3652 1501 3720 occidant,
1522 3665 1577 3710 et
1602 3654 1853 3711 donatori
1878 3658 2117 3713 omnium

534 3745 732 3811 gratias
756 3743 1011 3799 referant.

606 3833 840 3891 XXVIII.
881 3834 1011 3890 Item
1054 3835 1165 3906 ipse
1206 3851 1363 3908 papa,
1398 3838 1592 3894 auditis
1632 3848 1711 3895 tot
1743 3846 1959 3906 tamque
1987 3842 2122 3897 assi-

535 3928 653 3985 duis
681 3928 963 4000 Augustini
1007 3930 1278 3985 miraculis
1302 3970 1318 3998 ,
1365 3932 1505 3988 sicut
1546 3933 1784 4002 gaudens
1812 3951 1864 3988 ιιι
1898 3926 2122 4004 gloriam

538 4020 631 4076 Dei
662 4021 963 4087 exclamat,
1015 4022 1095 4077 sic
1141 4025 1336 4078 timens
1382 4025 1630 4081 humanae
1659 4026 2008 4082 imbecillitati
2057 4044 2125 4083 ne

536 4111 861 4179 insolescat,
914 4112 1089 4167 virum
1142 4113 1395 4170 virtutum
1450 4116 1614 4171 missa
1666 4119 1890 4186 epistola
1933 4126 2123 4174 attem-

534 4214 705 4275 perat.

609 4297 798 4355 XXIX.
839 4299 973 4355 Item
1002 4301 1116 4371 ipse
1142 4301 1332 4357 beatus
1356 4300 1661 4372 Gregorius,
1686 4302 2013 4361 Aithelberti
2041 4322 2097 4361 re

2225 3106 2513 3177 perituros,
2539 3120 2676 3175 quos
2704 3105 2908 3159 nollent
2939 3105 3134 3160 habere
3156 3108 3353 3161 salvos.

2296 3196 2507 3253 XXXV.
2568 3196 2717 3252 llanc
2760 3198 3022 3267 prmconis
3069 3198 3275 3252 Domini
3331 3201 3667 3270 prOphetiam
3719 3218 3814 3258 rex

2225 3291 2515 3360 Anglorum
2538 3287 2891 3344 Ethelfridns
2914 3290 3216 3343 itnmaniter
3238 3292 3433 3360 exegit,
3454 3293 3545 3359 qui
3567 3292 3815 3348 Britones

2225 3382 2366 3437 bello
2396 3380 2631 3447 delevit;
2679 3388 2733 3435 et
2762 3380 2828 3435 de
2856 3395 3042 3435 eorum
3074 3383 3351 3437 monachis
3372 3423 3386 3449 ,
3421 3394 3609 3440 contra
3641 3386 3816 3455 ipsum

2226 3475 2403 3528 acrius
2456 3474 2700 3528 oratione
2758 3474 3155 3543 pugnantibus,
3209 3475 3355 3530 mille
3402 3478 3663 3531 ducentos
3716 3494 3817 3535 ex-

2227 3566 2433 3616 stinxit.

2300 3651 2533 3707 XXXVI.
2579 3652 2705 3708 Post
2733 3653 3039 3709 B.itonibus
3081 3656 3527 3727 incorngibilibus
3559 3659 3815 3729 prmdicta

2227 3747 2388 3814 mala,
2422 3747 2749 3817 Augustinus
2774 3748 3012 3803 omnium
3042 3751 3197 3805 saluti
3228 3750 3483 3818 intentus,
3519 3749 3813 3807 Eburacam

2228 3841 2572 3911 nictropolim
2600 3841 2743 3908 adit;
2776 3842 2827 3896 in
2854 3844 3045 3898 itinere
3076 3843 3345 3900 hominem
3373 3845 3606 3916 paralysi
3631 3855 3686 3901 et
3710 3862 3813 3901 ca:-

2228 3933 2391 3988 citate
2433 3932 2745 3988 destitutum
2788 3934 2982 4002 erigit,
3034 3942 3088 3989 et
3116 3932 3475 3990 Christianum
3520 3936 3645 3991 facit
3684 3935 3812 4009 [ΑΛ.

2229 4023 2356 4079 fecit
2381 4024 2419 4094 λ.

2300 4114 2557 4171 XXXVII.
2595 4114 2751 4182 Quod
2801 4116 2853 4170 in
2895 4116 2981 4172 die
3025 4118 3219 4173 natdis
3272 4118 3484 4175 Domini
3534 4120 3814 4192 plusquam

2226 4208 2412 4263 decem
2439 4206 2601 4260 milia
2632 4207 2983 4272 credentium,
3016 4208 3217 4277 absque
3248 4209 3588 4280 parvulorum
3616 4228 3681 4266 ac
3701 4227 3814 4265 mu~

2230 4300 2418 4357 lierum
2450 4299 2657 4354 inlinito
2686 4315 2937 4365 numero,
2969 4300 3021 4354 in
3050 4299 3210 4355 ﬂuvio
3242 4300 3468 4355 Sioalira
3506 4303 3814 4373 baptizavit.

537 4394 617 4463 gis
637 4410 697 4449 su
728 4403 895 4463 cepte
916 4394 1306 4452 Christianitati
1335 4398 1697 4466 congaudens,
1735 4399 1982 4454 hortatur
2002 4414 2120 4454 eum

2302 4389 2579 4445 XXXHII.
2646 4388 2744 4445 Ubi
2809 4391 3261 4448 intransvadabiie
3323 4394 3640 4459 profundum
3707 4412 3812 4449 non

538 4485 679 4540 dulci
709 4487 933 4556 epistola
964 4488 1103 4543 hanc
1128 4487 1355 4557 gratiam
1381 4488 1612 4543 sollicite
1641 4503 1877 4553 servare,
1904 4498 1959 4545 et
1984 4489 2123 4546 hanc

542 4577 595 4630 in
623 4575 864 4632 subditos
893 4578 993 4632 sibi
1025 4580 1257 4650 populos
1286 4580 1438 4635 ocius
1467 4581 1785 4650 extendere,
1815 4582 1937 4636 fana
1967 4598 2122 4639 ever-

540 4677 690 4735 tere;
742 4670 1012 4740 subjectos
1042 4673 1401 4742 exhortando,
1445 4675 1716 4737 terrendo.
1760 4678 2123 4747 corrigendo;

541 4759 805 4816 aediﬁcare
855 4761 1154 4836 [ecclesias]
1203 4766 1453 4838 exemplo
1502 4765 1846 4822 Constantini
1900 4767 2125 4838 piissimi

542 4849 903 4922 imperatoris,
933 4854 1023 4923 qui
1051 4854 1273 4924 abjectls
1305 4856 1460 4912 idolis
1489 4856 1713 4912 Romani
1745 4874 1866 4912 cum
1887 4859 2122 4928 gentium

544 4944 761 5014 populis
805 4952 914 4999 tota
945 4957 1125 5002 mente
1172 4962 1353 5002 secum
1406 4947 1475 5001 ad
1506 4947 1778 5004 Christum
1821 4950 2124 5013 οοιινυιιίις

546 5034 705 5090 simul
733 5046 941 5103 monet,
977 5045 1033 5092 ut
1063 5039 1360 5110 Augustino
1390 5040 1639 5107 obediat,
1684 5049 1952 5110 quatenus
1980 5041 2127 5095 illum

545 5121 689 5182 Deus
719 5140 817 5197 pro
847 5126 961 5197 ipso
990 5137 1233 5183 orantem
1263 5130 1419 5186 citius
1447 5132 1716 5185 exaudiat.

602 5214 778 5271 iXXX.
822 5216 1196 5275 Venerabilem
1229 5236 1445 5292 quoque
1474 5221 1959 5290 reginamBertani
1993 5223 2132 5279 idem

512 5309 1074 5379 -pra:cellentissimus
1123 5313 1420 5369 illustrator
1482 5314 1833 5369 ecclesiarum
1890 5313 2133 5383 gratifice

548 5400 732 5457 laudat
759 5403 1035 5472 epistulari
1060 5407 1228 5476 serie,
1278 5416 1385 5460 tam
1432 5422 1529 5476 pro
1571 5407 1710 5475 regis
1739 5408 2132 5475 conversione,

554 5508 714 5563 quam
775 5511 873 5565 pro
918 5498 1005 5568 pia
1052 5513 1179 5569 erga
1234 5500 1451 5554 beatum
1501 5501 1852 5569 Augustinum
1902 5518 2136 5573 suosque

550 5597 828 5645 consortes
876 5592 1293 5660 procuratione;
1355 5594 1705 5664 hortaturque
1756 5594 1866 5650 haec
1930 5595 2133 5650 famosa

549 5682 741 5740 merita
771 5683 1027 5740 attentius
1053 5696 1265 5755 angere.

2230 4485 2404 4541 solum
2436 4484 2731 4540 incolumes
2780 4486 3136 4553 transierunt,
3173 4502 3355 4540 verum
3419 4488 3579 4541 etiam
3630 4504 3817 4543 omnes

2230 4578 2422 4633 inlirmi
2472 4578 2758 4631 sanitatem
2809 4588 3169 4647 receperunt;
3222 4577 3310 4631 ubi
3354 4586 3409 4633 et
3456 4578 3507 4631 iii
3558 4581 3817 4634 memoria

2230 4671 2372 4727 beati
2421 4670 2703 4739 AuguStini
2767 4670 2979 4724 condita
3053 4670 3277 4727 ecclesia
3344 4669 3511 4724 multa
3576 4671 3816 4725 lidelihns

2231 4770 2550 4834 praestantur
2573 4760 2855 4815 benelieia.

2304 4851 2544 4907 XXXIX.
2588 4852 2662 4907 De
2687 4852 2913 4922 epistola
2943 4852 3083 4906 beati
3114 4850 3355 4922 Gregorii
3400 4868 3550 4923 papae
3591 4868 3656 4907 an
3697 4870 3816 4909 san—

2233 4955 2377 5001 ctum
2406 4944 2684 5017 Eulogium
2711 4944 3069 5015 patriarcham
3098 4945 3256 4999 missa
3278 4986 3293 5013 ,
3345 4944 3398 4999 in
3427 4959 3530 5014 qua
3560 4944 3754 5014 gloriat
3776 4961 3817 4998 ;r

2236 5040 2287 5092 in
2319 5039 2544 5093 Domino
2572 5037 2639 5092 de
2666 5036 2956 5105 Anglorum
2988 5037 3341 5092 conversione
3367 5076 3382 5102 ,
3422 5051 3519 5106 per
3562 5036 3817 5106 Augusti~

2239 5147 2362 5186 num
2395 5130 2530 5186 facta
2567 5150 2577 5183 :
2612 5139 2665 5185 et
2696 5130 2837 5201 quod
2871 5132 3003 5200 ipse,
3036 5140 3090 5184 et
3118 5132 3207 5199 qui
3236 5146 3357 5185 cum
3387 5146 3451 5185 eo
3481 5132 3627 5185 missi
3658 5141 3817 5197 sunt,

2238 5223 2605 5294 apostolorum
2630 5223 2855 5291 virtutes
2896 5223 3124 5291 etsigna
3167 5222 3364 5276 imitari
3408 5224 3726 5291 videantur;
3770 5235 3815 5279 LI

2238 5316 2306 5371 de
2328 5316 2507 5371 decem
2539 5315 2771 5369 millibus
2803 5314 2885 5369 vel
2917 5316 3141 5386 amplius
3173 5331 3278 5370 uno
3311 5315 3396 5370 die
3428 5318 3729 5385 baptizatis.

2314 5404 2417 5459 XL.
2465 5406 2793 5475 Regrediens
2852 5405 3075 5461 feliciter
3135 5410 3202 5459 ab
3251 5405 3534 5461 Eboraco.
3590 5409 3825 5465 oceurrit

2239 5512 2381 5567 aegro
2405 5537 2419 5562 ,
2471 5497 2612 5553 fmdo
2642 5496 2877 5552 candore
2909 5498 3067 5567 lepra:
3108 5497 3404 5552 tabescenti
3430 5540 3444 5565 ,
3495 5497 3826 5570 lacrymabili

2240 5588 2572 5659 querimonia
2597 5599 2877 5658 paternam
2910 5589 3072 5658 ipsius
3106 5590 3446 5645 clementiam
3477 5590 3819 5644 mussitanti-

2240 5687 2328 5758 qui
2359 5686 2591 5743 clamosa
2622 5686 2820 5755 pietate
2843 5682 2993 5738 audit
3023 5700 3141 5737 cum
3175 5683 3398 5742 Domino
3428 5684 3724 5740 clamosum
3749 5692 3800 5738 ta
