4118 6332
293 427 360 487 «ιθ
1506 430 1653 488 VITA
1697 428 1908 485 SANCT

2016 424 2341 482 .lEClFS'I'INI
3498 414 3566 472 50

280 549 385 605 “citi
418 544 705 603 murmuris
740 547 1060 603 desiderium
1081 590 1093 611 ,
1145 557 1202 601 et‘
1243 549 1293 601 in
1326 547 1519 602 virtute
1564 547 1791 602 dicentis
1824 547 1877 598 in
1911 549 1952 602 A
1983 557 2171 595 sonam
2195 542 2495 610 patriciam,
2535 545 2830 601 staturam;
2856 538 3137 605 ipsumque
3162 533 3313 587 nudis
3344 530 3571 602 pedibus

295 636 628 710 Evangelio,
676 639 947 703 Mundare,
998 649 1180 695 sancta
1233 638 1361 710 HL,
1414 638 1553 709 acta]
1598 638 1699 692 fide
1742 639 1882 692 hunc

298 732 530 788 luridum
560 731 734 787 reddit
758 731 1185 789 mundissimum.

280 822 287 861 ⁸
366 822 504 879 XLI.
534 823 874 893 Augustinus,
908 825 1157 879 omnibus
1189 826 1342 881 bonis
1367 824 1759 887 desiderabilis,
1791 839 1884 878 so-

298 910 365 967 lis
387 912 616 967 inimicis
656 911 788 965 lucis
814 911 1044 977 odibilis,
1074 912 1438 971 indomabiles
1464 921 1770 969 sanctorum
1804 911 1885 965 in-

299 1006 589 1076 juriatores
607 1015 810 1061 aeterno
834 1006 1124 1075 opprobrio
1148 1006 1200 1060 in
1231 1005 1420 1077 spiritu
1450 1006 1579 1060 Eliae
1604 1003 1885 1068 deformat,

299 1096 393 1165 qui
424 1096 694 1164 supplices
722 1097 1109 1165 aegrosjugiter
1130 1097 1303 1152 salute
1331 1096 1609 1152 reformat.

372 1187 532 1244 XLII.
566 1189 788 1243 Additur
814 1190 938 1244 huic
977 1190 1189 1245 mulctac
1218 1191 1361 1246 aliud
1392 1191 1446 1245 in
1475 1190 1576 1245 alia
1612 1189 1889 1258 incorrigi-

301 1277 491 1332 bilium
520 1290 679 1347 gente
702 1278 986 1345 judicium,
1014 1289 1070 1334 ut
1096 1281 1345 1335 videlicet
1369 1297 1510 1336 novo
1529 1290 1583 1335 et
1608 1281 1891 1350 inexperto

302 1371 453 1439 prius
484 1370 606 1424 huic
648 1371 764 1425 orbi
796 1372 1029 1441 (morbo)
1061 1388 1248 1427 omnes
1287 1394 1316 1427 a
1361 1375 1583 1429 minimo
1624 1388 1793 1443 usque
1824 1372 1890 1427 ad

304 1463 596 1518 maximum
626 1463 860 1517 sulfurea
884 1461 1173 1531 ﬂagrarent
1207 1466 1474 1531 incendio,
1504 1466 1676 1521 donec
1706 1465 1890 1520 abim-

304 1551 521 1622 pietatis
546 1552 750 1618 scoria,
781 1550 995 1607 conﬂati
1048 1554 1099 1608 in
1149 1570 1379 1609 massam
1422 1556 1541 1611 fidei
1578 1557 1892 1624 pretiosam,

306 1650 704 1714 purgarentur:
755 1652 809 1698 et
863 1645 1282 1716 inextinguibilis
1327 1662 1486 1716 paena
1524 1647 1641 1703 solo
1694 1648 1894 1716 baptis-

308 1745 450 1788 mate
478 1733 696 1801 Christi,
730 1736 1025 1804 Augustino
1052 1748 1422 1805 succurrente,
1457 1740 1890 1808 extingueretur;

310 1834 364 1878 et
386 1824 498 1879 haec
523 1824 705 1878 clades
736 1825 801 1879 ab
831 1825 932 1879 hac
954 1828 1124 1895 patria
1157 1842 1222 1895 pe
1252 1835 1417 1897 petuo
1448 1828 1775 1883 eliminatur.

1984 634 2184 706 patrias
2214 632 2487 688 lustrando
2508 671 2522 696 ,
2554 630 2719 685 callos
2749 629 2798 682 in
2832 626 3028 697 plantis
3050 623 3355 678 attraxissc.

2058 721 2115 775 L.
2144 720 2261 776 Jatn
2281 729 2497 775 :eternts
2524 719 2797 775 amoribus
2819 725 2963 771 totus
2993 717 3229 779 saucius,
3262 714 3372 782 jam
3408 730 3437 767 a
3465 722 3572 768 ter-

1985 816 2129 870 renis
2162 812 2474 869 tumultibus
2521 813 2573 866 in
2619 812 2859 880 requiem
2886 808 3096 863 Domini
3126 810 3435 878 absorptus,
3466 808 3574 862 vim

1988 907 2218 961 faciebat
2239 905 2396 969 c0330,
2430 902 2635 959 crebris
2665 917 2904 971 precum,
2933 899 3283 970 suspiriorutn
3308 907 3363 952 et
3394 897 3573 967 lacry-

1991 1018 2019 1053 n
2046 1014 2196 1053 arum
2247 998 2508 1068 pulsibus.
2567 994 2804 1049 Tandem
2860 993 3164 1061 intelligens
3219 1007 3288 1047 ex
3343 989 3578 1060 Spiritus

1990 1089 2159 1145 sancti
2186 1103 2449 1158 responso
2474 1101 2631 1141 suum
2656 1083 2967 1140 exauditam
2989 1081 3333 1145 desiderium,
3360 1081 3575 1136 beatum

1993 1180 2359 1245 Laurentium,
2394 1176 2707 1247 apostolicis
2743 1175 2887 1230 virtu
2913 1174 3030 1229 ibus
3073 1173 3409 1243 prmclarutn,
3449 1185 3577 1225 suo-

1995 1288 2221 1343 rumque
2246 1271 2506 1341 comitum
2541 1270 2885 1336 prmcipuum,
2923 1281 3050 1337 rege
3075 1282 3192 1321 cum
3226 1264 3440 1322 confluo
3487 1279 3583 1335 po-

1995 1366 2122 1437 pqu
2164 1366 2480 1419 immensum
2527 1361 2968 1430 congratulante,
3013 1361 3228 1415 ordinat
3271 1374 3392 1414 cum
3436 1358 3583 1413 omni

1995 1454 2220 1511 solemni
2265 1454 2461 1523 gaudio
2501 1452 2601 1506 sibi
2631 1466 3024 1518 successorem,
3054 1458 3112 1505 ut
3137 1450 3404 1519 quondam
3436 1450 3583 1519 Apo-

1994 1547 2255 1602 stoloru‘n
2289 1546 2541 1617 princeps
2583 1543 2772 1600 Petrus
2816 1542 3167 1608 Clementem,
3219 1542 3465 1598 videlicet
3518 1541 3588 1595 ob

2000 1638 2226 1694 novellte
2247 1636 2645 1693 informationis
2676 1637 3075 1691 necessitatem.

2072 1729 2151 1786 LI.
2197 1730 2313 1786 Jam
2362 1729 2615 1785 mellillue
2663 1730 2951 1784 exhortata
3000 1742 3127 1797 rege
3171 1736 3226 1782 et
3254 1725 3492 1783 Ecclesia
3526 1740 3591 1780 ac

2001 1820 2221 1891 populo,
2253 1830 2310 1875 ut
2336 1829 2686 1890 perseverent
2714 1819 2767 1873 in
2812 1819 2915 1871 fide
2952 1825 3008 1872 et
3038 1832 3224 1872 amore
3248 1816 3470 1879 Christi,
3503 1829 3591 1869 re-

380 1911 561 1967 XLIII.
594 1914 919 1981 Augustinus
949 1916 1171 1985 ejusque
1216 1918 1369 1983 socii,
1413 1933 1441 1969 a
1476 1920 1897 1986 praememoratis
1935 1922 1977 1979 Β
2004 1912 2250 1981 linquens
2278 1910 2526 1966 omnibus
2547 1917 2821 1978 perpetua:
2851 1907 3153 1963 dilectionis
3183 1907 3430 1977 pignora,
3457 1921 3593 1977 pra:-

310 2005 761 2073 rrpugnatortbus
801 2006 1044 2072 digressi,
1093 2008 1244 2075 gravi
1297 2016 1595 2063 exaestuant
1638 2010 1756 2074 siti;
1806 2012 1898 2063 sel

314 2097 486 2166 ipsum
511 2096 701 2152 ducem
735 2098 989 2153 Dominus
1011 2115 1107 2155 sua
1133 2102 1469 2171 apparitione
1498 2112 1553 2159 et
1575 2104 1902 2159 allocutione.

312 2185 602 2249 confortat,
636 2196 692 2241 ut
728 2203 825 2257 pro
855 2204 1181 2258 quocunque
1211 2190 1437 2246 fideliter
1484 2192 1701 2261 petierit
1731 2194 1903 2263 impe-

315 2288 579 2331 traturum
609 2294 667 2334 se
695 2294 812 2334 esse
836 2279 1062 2336 firmiter
1079 2282 1283 2336 credat.

384 2366 568 2421 XLIV.
612 2368 770 2422 Vates
802 2369 1010 2424 Domini
1053 2372 1104 2425 in
1141 2372 1278 2436 loco,
1313 2374 1399 2427 ubi
1434 2373 1553 2429 fons
1576 2374 1699 2429 vitae
1740 2391 1906 2445 appa-

315 2460 439 2523 ruit,
468 2460 715 2515 baculum
740 2460 873 2526 fixit,
914 2472 966 2517 et
987 2465 1293 2520 sitientibus
1322 2465 1624 2535 largifluum
1656 2478 1713 2523 et
1744 2470 1906 2524 variis

317 2551 575 2606 morbidis
619 2552 952 2607 salutiferum
1005 2555 1287 2624 produxit;
1335 2558 1511 2614 locum
1563 2578 1590 2613 a
1636 2562 1906 2616 cernendo

320 2639 485 2693 Deum
514 2638 698 2695 Cerne!
743 2643 1056 2711 appellavit,
1105 2645 1282 2715 ibique
1310 2650 1591 2704 ecclesiam
1624 2651 1675 2705 in
1704 2667 1911 2707 memo-

319 2730 452 2782 riam
489 2738 650 2785 tanta:
699 2732 1044 2788 revelationis
1080 2735 1308 2792 Domino
1336 2738 1605 2794 Salvatori
1647 2742 1906 2808 conlidit,

322 2821 407 2873 ubi
434 2823 595 2877 etiam
634 2827 1016 2880 monasterium
1067 2828 1117 2881 in
1161 2829 1368 2886 honore
1398 2833 1651 2903 principis
1681 2834 1909 2905 Aposto-

321 2911 492 2966 lorum
526 2913 669 2969 Petri
697 2927 1066 2973 constructum
1102 2922 1338 2977 excellit.

394 3000 550 3059 XLV.
614 3004 952 3065 Parochiano
1000 3012 1268 3067 sacerdoti
1315 3012 1579 3079 Cernelli,
1628 3018 1816 3073 morbo
1860 3018 1909 3072 in

323 3104 553 3150 mortem
582 3100 871 3166 anhelanti,
899 3102 1229 3172 Augustinus
1250 3118 1412 3162 noctu
1443 3122 1729 3179 apparens,
1758 3110 1912 3179 jubet

323 3184 391 3236 ad
430 3185 706 3254 praefatum
749 3187 947 3245 fontem
986 3207 1084 3247 suo
1114 3196 1332 3249 nomine
1377 3196 1649 3265 vulgatum
1693 3208 1909 3268 pergat,

2002 2011 2155 2057 seote
2186 2016 2311 2072 rege
2339 2008 2394 2053 ct
2421 1999 2680 2068 pontifice
2709 1997 3022 2059 Laurentio,
3069 1999 3207 2052 inter
3240 1998 3475 2051 omnium
3508 1996 3583 2051 la-

2003 2110 2247 2165 crymoaa
2302 2094 2579 2157 examina,
2628 2092 2861 2147 vallante
2916 2108 3039 2147 eum
3087 2091 3293 2147 caelein
3346 2091 3590 2157 chorea,

2006 2187 2196 2241 transit
2239 2186 2305 2241 ad
2366 2198 2568 2242 ae'erna
2613 2185 2824 2240 Domini
2858 2185 3120 2241 solemnia
3176 2202 3187 2237 :
3232 2199 3369 2256 quos
3402 2182 3595 2238 infirmi

2007 2275 2319 2331 laudatores
2349 2290 2764 2345 prosequamur,
2805 2294 2911 2330 non
2950 2277 3323 2348 exequialibus
3364 2276 3595 2347 plancti-

2008 2370 2128 2435 bus,
2169 2368 2261 2423 sed
2289 2368 2699 2438 triumphalibus
2730 2370 2998 2425 cantibus.

2082 2458 2255 2514 Lll.ln
2279 2463 2607 2516 monasterio
2631 2460 2778 2532 quod
2801 2461 3289 2516 condiditasancto
3311 2458 3600 2523 Laurentio

2009 2550 2275 2620 deiicato,
2325 2551 2638 2607 reconditur
2688 2553 3136 2622 pretiosissimum
3209 2553 3289 2606 sui
3355 2552 3601 2622 corporis

2011 2643 2360 2708 margaritum
2386 2659 2506 2697 cum
2535 2643 2731 2712 jubilo.

2085 2732 2209 2787 Llll.
2264 2733 2432 2801 Quam
2487 2736 2707 2805 pulchre
2765 2734 2933 2788 Rnna
2981 2734 3336 2790 Ecclesiarutn
3385 2752 3602 2805 parens,

2015 2833 2033 2879 t
2073 2833 2162 2878 nta
2203 2826 2425 2894 pignora
2483 2826 2668 2892 edidit,
2719 2826 2811 2895 qtti
2844 2827 3007 2879 totius
3053 2825 3349 2879 Britannici
3405 2823 3604 2879 Oceani

2014 2927 2198 2986 patres
2233 2925 2288 2969 et
2330 2917 2667 2972 institutores
2702 2918 2976 2972 emineant
3006 2936 3018 2971 :
3054 2927 3255 2986 quanto
3286 2917 3452 2972 odore
3480 2932 3605 2972 sua-

2016 3009 2195 3064 vitatis
2221 3018 2277 3064 et
2315 3009 2604 3079 splendore
2644 3009 2855 3078 gloriae,
2891 3026 3026 3065 unus
3056 3024 3207 3063 amor
3235 3017 3289 3063 et
3318 3024 3480 3063 unum
3512 3025 3619 3064 cu-,

2016 3101 2251 3157 biculum
2299 3102 2461 3157 simul
2502 3103 2778 3170 astringit;
2822 3102 2937 3170 qui,
2981 3102 3214 3157 distincti
3248 3117 3341 3171 per
3371 3101 3607 3157 diversa:

2021 3193 2200 3247 mundi
2243 3193 2508 3256 nationes,
2542 3194 2733 3261 singuli
2774 3193 2985 3264 patroni
3015 3193 3236 3262 singulis
3275 3193 3486 3265 populis
3514 3208 3601 3247 so-

322 3275 508 3346 ίδίίιυθ
548 3278 1043 3349 quinquagesimum
1100 3286 1363 3355 psalmum
1415 3289 1572 3343 tertio
1601 3305 1723 3345 cum
1773 3290 1910 3346 trina
1944 3309 1989 3371 ρ
2023 3284 2207 3338 lariter
2236 3285 2612 3354 pmluct'rvut.

324 3370 602 3425 ablatione
628 3374 872 3443 corporis
902 3379 1144 3433 concina'
1171 3396 1184 3445 ;
1211 3379 1299 3448 qui
1330 3395 1552 3449 surgens
1579 3384 1720 3439 vires
1750 3383 1910 3439 eundi

326 3461 540 3529 recipit,
556 3460 721 3530 jussis
741 3464 998 3522 obediens
1018 3484 1181 3524 sanus
1203 3470 1362 3537 redit,
1380 3487 1538 3527 mane
1558 3475 1911 3531 sacerdotalia

328 3551 508 3603 nllicia
542 3553 744 3620 popqu
774 3554 1023 3610 exsolvit.

400 3639 580 3697 XLVI.
632 3644 977 3712 Augustinus,
1012 3657 1292 3720 peragrata
1323 3667 1386 3705 ex
1428 3661 1581 3721 parte
1617 3652 1913 3725 Britannia,

329 3750 358 3787 a
383 3739 393 3781 l
426 3745 741 3803 perpetuam
770 3740 1104 3795 mansionem
1142 3756 1294 3797 suam
1317 3742 1703 3799 Doroberniam
1731 3760 1914 3816 regre-

328 3827 492 3893 ditur,
525 3836 580 3881 et
609 3838 665 3883 ut
697 3830 829 3885 solis
857 3831 941 3885 sui
993 3846 1242 3889 recursus
1271 3835 1508 3892 omnium
1537 3836 1733 3905 gaudio
1775 3841 1882 3895 reci
1902 3871 1914 3880 -

332 3918 496 3985 j‘ilur.

404 4006 609 4065 XLVII.
655 4010 915 4066 Juvenem
968 4016 1271 4085 gressibus,
1326 4018 1543 4086 auditu,
1596 4007 1651 4075 et
1702 4022 1916 4091 loquela

330 4100 640 4155 damnatum
673 4104 791 4172 pius
829 4113 1044 4159 curator
1072 4106 1429 4177 redintegrat;
1482 4126 1801 4181 rursumque
1830 4128 1917 4167 so-

332 4191 424 4245 lita
463 4191 742 4249 inolentia
774 4197 998 4251 abusum
1028 4199 1286 4266 sanitate,
1337 4212 1391 4256 et
1431 4204 1594 4271 priori
1636 4221 1920 4274 repercus-

329 4297 450 4334 sum
486 4282 792 4351 debilitate,
824 4304 1035 4343 rursum
1070 4289 1243 4346 Patris
1271 4293 1571 4363 benignitas
1602 4297 1792 4367 triplici
1830 4313 1918 4353 sa-

335 4372 444 4425 lute
473 4383 762 4431 rcstaurat.

405 4460 627 4523 XLVIIL
660 4466 878 4537 Legitur
910 4480 965 4525 ut
995 4472 1152 4526 beato
1180 4476 1400 4545 martyri
1438 4474 1625 4532 Livino
1656 4478 1707 4533 in
1737 4480 1913 4547 bapti-

334 4554 509 4610 zando
533 4556 763 4624 affuerit,
790 4570 847 4612 nt
876 4563 1110 4617 ctelestis
1137 4564 1391 4633 splendor
1409 4582 1570 4636 super
1591 4568 1919 4638 baptizatum

334 4646 614 4714 aflulserit,
651 4650 839 4705 dextra
870 4652 1049 4707 divina
1086 4654 1237 4721 signo
1261 4656 1436 4710 crucis
1469 4666 1548 4711 ter
1577 4659 1725 4712 illum
1753 4661 1919 4717 bene-

331 4737 564 4792 dixetit:
601 4749 709 4793 tum
741 4750 793 4796 ut
839 4743 991 4811 jussu
1023 4753 1078 4798 et
1107 4746 1271 4799 ductu
1304 4748 1457 4815 angel
1482 4765 1547 4801 co
1576 4764 1738 4819 super
1779 4751 1923 4822 longi

334 4830 496 4882 maris
527 4831 717 4897 undas,
756 4835 906 4901 quasi
938 4834 1126 4890 florido
1159 4847 1334 4907 prato,
1368 4839 1592 4908 pedibus
1622 4842 1687 4895 ad
1716 4844 1923 4912 Augus-

335 4919 504 4972 tinum
548 4923 779 4989 venerit,
814 4932 870 4979 et
918 4927 984 4980 ab
1039 4942 1105 4981 eo
1156 4931 1323 4983 totius
1366 4929 1712 4997 perfectionis
1752 4939 1921 4990 docu-

334 5018 514 5063 menta
542 5014 815 5081 acceperit
840 5032 852 5067 :
884 5031 1043 5084 quem
1077 5019 1218 5087 apud
1246 5035 1303 5073 se
1331 5020 1699 5089 quinquennio
1737 5026 1924 5080 deten-

334 5106 483 5158 tum.
527 5103 860 5156 sacerdotem
922 5104 1148 5162 Domino
1194 5120 1504 5175 consecrat;
1556 5113 1922 5185 donatumque

332 5187 629 5244 liberaliter
672 5194 1097 5252 sacerdotalibus
1152 5200 1410 5267 insigniis,
1459 5212 1510 5257 et
1556 5203 1622 5257 de
1659 5203 1925 5275 discipulo

334 5280 653 5347 magistrum
684 5286 860 5350 gentis
890 5302 1022 5346 sua}.
1055 5290 1280 5358 relegat.

404 5371 593 5427 XLIX.
627 5374 918 5431 Attestatio
951 5378 1264 5445 Veturnosi,
1311 5398 1470 5451 quem
1525 5386 1683 5439 tertia
1733 5401 1925 5457 proge-

333 5463 450 5519 nirs
479 5480 575 5520 sua
620 5467 938 5525 hodietenus
974 5471 1174 5528 durans
1210 5477 1404 5531 asserit
1426 5477 1643 5532 beatum
1676 5479 1924 5548 Augusti-

334 5571 463 5609 num
502 5557 716 5623 vidisse,
760 5569 816 5615 et
843 5561 911 5617 de
962 5564 1167 5620 lubrico
1205 5581 1269 5621 ac
1319 5567 1724 5623 nebulosissimo
1766 5568 1926 5625 Chri-

334 5646 570 5700 stianum
601 5647 902 5704 modestum
934 5653 1002 5707 ab
1043 5652 1159 5721 ejus
1183 5654 1497 5724 baptisteria
1530 5659 1923 5725 resurrexisse;

337 5735 510 5804 ipsum
548 5755 679 5795 vero
714 5741 827 5810 jugi
869 5745 1025 5800 turba
1059 5747 1293 5802 vallante
1334 5749 1742 5803 innumerabilia
1773 5752 1923 5820 signa

336 5837 599 5898 patrasse.
644 5831 933 5890 Referebat
981 5837 1140 5890 etiam
1188 5839 1477 5895 mo'ernns
1521 5849 1815 5911 superstes,
1858 5842 1924 5896 ab

336 5920 684 5983 antiqn'ltero
708 5925 1062 5980 relatumrn'rl
1081 5931 1248 5984 sancti
1282 5930 1452 5985 Patris
1468 5930 1690 5987 formam
1721 5944 1769 5987 et
1794 5950 1919 6002 per-

2537 3375 2765 3431 CAPUT
2806 3376 3088 3436 PRIMUM.

2023 3466 2125 3521 Rea
2172 3475 2328 3538 gestae
2384 3484 2543 3539 usque
2592 3469 2660 3521 ad
2708 3471 3013 3541 ingressum.
3049 3469 3308 3523 Miracula
3354 3470 3408 3524 in
3435 3468 3609 3524 Gallia

2698 3570 2921 3629 patrata.

2094 3649 2132 3703 Ι.
2179 3647 2590 3706 Potentissimus
2636 3652 2995 3719 triumphator
3045 3652 3332 3707 mundialis
3371 3653 3606 3725 tyranni,

2021 3739 2199 3793 omnia
2230 3739 2448 3794 trahens
2472 3741 2535 3793 ad
2562 3742 2796 3812 seipsum
2830 3743 2880 3796 in
2902 3743 3078 3798 crucis
3103 3745 3369 3807 examine,
3405 3744 3608 3800 habens

2024 3843 2119 3897 ptr
2146 3829 2272 3883 olim
2302 3831 2594 3901 prmseripti
2623 3832 2854 3887 nominis
2877 3834 3124 3901 insignia,
3142 3833 3416 3889 Velociter
3436 3835 3608 3905 spolia

2021 3923 2269 3988 detrahe,
2303 3922 2492 3978 festina
2531 3925 2756 3993 praedari
2784 3943 2796 3992 ;
2829 3927 3074 3981 universa
3110 3929 3306 3998 captivi
3336 3928 3607 3998 pimdonis

2022 4012 2193 4082 spolia
2239 4012 2351 4068 suis
2384 4013 2607 4068 ducibtts
2629 4016 2921 4070 victoribus
2956 4017 3267 4087 distribuit;
3311 4019 3500 4075 Petrus
3524 4036 3609 4077 ar-

2022 4118 2139 4157 cem
2166 4117 2340 4157 rcrun
2374 4101 2598 4158 Romam
2624 4106 3051 4175 comprehendit,
3103 4106 3298 4162 Paulus
3325 4111 3607 4179 procinctu

2025 4195 2148 4250 belli
2185 4196 2363 4249 omnia
2394 4195 2605 4264 subegit
2633 4214 2650 4261 ;
2678 4196 2904 4251 Andreze
2952 4197 3175 4262 Achaia,
3221 4197 3413 4253 Joanoi
3461 4201 3610 4267 Asia,

2026 4288 2273 4344 Matthtco
2305 4287 2611 4361 Ethiopia,
2641 4290 2861 4345 Tbontte
2901 4300 2954 4345 et
3002 4290 3399 4347 Bartholommo
3439 4296 3610 4348 conti-

2025 4380 2100 4448 git
2122 4380 2423 4434 vastissima
2465 4396 2495 4435 a
2525 4381 2652 4437 solis
2703 4390 2824 4436 ortu
2859 4380 3007 4437 India
3046 4400 3057 4436 :
3092 4393 3241 4437 etne
3273 4399 3368 4454 per
3400 4384 3607 4452 singula

2027 4474 2333 4543 prolonger,
2358 4473 2571 4529 tandem
2602 4490 2839 4528 summus
2869 4473 3265 4530 Dominicarum
3306 4479 3612 4546 nuptiarum

2027 4573 2328 4633 praicentor
2366 4563 2675 4633 Gregorius,
2715 4566 2900 4621 orbem
2958 4574 3114 4621 terrae
3158 4568 3469 4637 apostolicis
3516 4570 3613 4626 alis

2028 4655 2307 4723 amplexus
2335 4665 2409 4710 est
2432 4673 2447 4721 ;
2472 4657 2797 4723 Augustinus
2819 4672 2948 4711 vero
2979 4657 3063 4711 cui
3092 4658 3206 4713 bare
3225 4675 3427 4715 corona
3456 4676 3612 4731 gem-

2031 4745 2129 4799 tuis
2158 4746 2406 4800 :cthereis
2445 4747 2662 4810 texitur,
2698 4747 2924 4802 alterum
2969 4748 3260 4805 Britannici
3290 4748 3490 4808 Oceani
3521 4770 3615 4809 or-

2029 4835 2149 4888 bem
2196 4852 2294 4889 suo
2340 4835 2657 4905 Apostolatu
2707 4839 3002 4906 praecinxit.
3058 4839 3204 4896 Felix
3252 4841 3445 4911 Roma,
3476 4860 3614 4914 qutr,

2030 4934 2150 4997 post
2179 4926 2379 4996 primos
2412 4928 2666 4984 theoricre
2689 4929 2810 4985 ﬁdei
2838 4931 3133 5004 principes,
3162 4936 3615 5006 taanrincipalel

2028 5016 2270 5072 ecclesiae
2303 5016 2470 5071 edidit
2511 5019 2783 5075 consules.
2826 5019 2950 5077 litec
2981 5022 3108 5077 olim
3148 5025 3471 5094 praepollens
3501 5028 3615 5081 Au-

2028 5108 2222 5175 gustali
2252 5109 2585 5174 monarcbia,
2623 5109 2817 5165 deinde
2846 5111 3108 5167 bellorum
3151 5115 3453 5170 turbinibus
3478 5130 3614 5185 pene

2028 5204 2308 5256 submersa
2365 5204 2642 5268 remansit,
2701 5213 2759 5259 ut
2807 5205 3051 5274 gigneret
3105 5206 3219 5262 lucc
3267 5207 3373 5263 duo
3420 5221 3613 5278 magna

2030 5292 2212 5345 mundi
2254 5291 2559 5360 luminaria,
2588 5294 2815 5349 alterum
2841 5295 2983 5364 quod
3025 5305 3280 5367 praeesset
3318 5296 3442 5361 diei,
3474 5298 3612 5354 alte-

2028 5397 2145 5434 rum
2167 5383 2310 5450 quod
2354 5390 2607 5451 praeesset
2650 5385 2704 5438 in
2735 5385 2875 5439 diem
2907 5386 3173 5441 vertendae
3202 5387 3366 5441 nocti.
3402 5385 3612 5459 Grego-

2031 5473 2158 5535 rius,
2194 5473 2244 5525 in
2274 5473 2395 5526 libis
2419 5471 2550 5528 lucis
2575 5474 2821 5542 praeluxit
2845 5475 3151 5532 Christiano
3182 5476 3319 5542 orbi,
3350 5478 3500 5535 velut
3529 5481 3611 5535 sol

2030 5563 2133 5617 t'iei
2162 5582 2174 5615 :
2208 5563 2555 5631 Augustinus,
2600 5567 2944 5622 tenebrosum
2990 5567 3303 5635 gentilitatis
3342 5572 3529 5627 orbem
3555 5578 3612 5628 et

2032 5664 2352 5709 nocturnum
2387 5656 2549 5711 chaos
2580 5656 2780 5712 Oceani
2826 5658 3108 5712 illustravit
3140 5660 3384 5731 lampade
3413 5664 3611 5730 lunari,

2030 5760 2189 5818 atque
2209 5765 2401 5804 aurora
2425 5752 2766 5817 succedente,
2792 5752 2954 5806 vertit
2982 5753 3034 5807 in
3066 5754 3298 5812 solarem
3331 5758 3610 5814 meridiem

2030 5841 2255 5897 Christi.
2273 5841 2424 5898 Haec
2457 5844 2781 5898 obstinatam
2821 5845 3002 5902 mundi
3032 5863 3249 5919 zonam,
3293 5850 3458 5905 armis
3484 5864 3589 5921 gen

2032 5934 2160 5986 tium
2204 5948 2265 5986 ac
2292 5934 2592 5988 dmmonum
2624 5943 2855 6004 septum,
2898 5937 3223 6010 Augustinus
3260 5940 3460 5997 invadit
3498 5940 3588 6000 ett!
