4118 6332
543 335 601 388 El
1322 338 1626 394 SANCTUS
1666 339 2100 399 AUGUSTINUS
2138 345 2512 404 ANGLOHUM
2553 346 2975 404 AI-‘OSTOLUS.
3727 349 3801 404 Si

538 451 761 518 tuosius,
783 465 943 519 quam
975 450 1247 520 quondam
1277 451 1600 522 cent0polim
1632 451 1722 522 (an
1753 451 1923 522 Gigan
1953 471 2115 526 zopo-
2143 466 2191 522 Α
2224 477 2400 517 rarum
2433 464 2695 532 virginum
2727 474 2970 529 textura,
3011 479 3128 535 quae
3173 464 3319 533 regia
3365 472 3418 520 et
3471 464 3803 534 pontiﬁcalia

539 541 666 612 lim)
696 551 930 598 montem
963 543 1178 600 Hebron
1209 543 1409 614 Caleph
1450 547 1844 613 magnanimus.
1879 546 2006 602 lla-c
2035 557 2118 602 est

541 636 590 689 in
639 633 854 690 Christo
905 636 1083 705 portio
1139 644 1251 702 tua,
1299 635 1411 690 lucc
1457 634 1774 703 lrzcreditas,
1816 637 1931 693 haec
1976 639 2114 695 caelo

541 726 792 782 translata
827 728 1018 796 patria.
1041 724 1085 781 Ο
1109 727 1263 780 stella
1297 725 1483 782 Romae
1519 729 1723 796 nativa,
1766 737 1820 784 et
1850 738 2034 786 noster
2063 731 2114 784 in

539 826 636 871 hac
667 815 820 886 plaga
849 815 1157 871 Patriarcha
1187 817 1200 870 !
1233 817 1382 873 Hanc
1410 817 1638 874 Domino
1677 821 1951 888 acquisisti
1977 839 1989 887 ;
2022 837 2113 877 ac-

542 909 740 974 Juisisti
773 909 1017 973 Domino,
1050 918 1104 963 et
1135 910 1247 978 ipse
1278 911 1582 980 possedisti.
1608 911 1874 982 Quidquid
1901 914 2117 983 pietatis

536 1015 648 1054 uase
691 1010 830 1054 terra
874 1001 1154 1068 germinat,
1211 1001 1472 1072 quidquid
1533 1000 1800 1070 ﬂoriﬁcat,
1859 1006 2116 1075 qtti-lquid

537 1091 838 1158 t'ructilicat,
868 1099 922 1144 tu
965 1091 1163 1158 cultor,
1194 1100 1252 1146 tu
1296 1104 1465 1160 sator,
1516 1100 1569 1147 tu
1602 1093 1874 1162 plantator
1905 1109 1996 1160 es;
2037 1107 2117 1147 ro-

538 1191 647 1236 tum
677 1182 731 1236 in
761 1180 986 1235 Domino
1017 1191 1166 1236 tuum
1189 1193 1290 1237 est.
1317 1182 1583 1251 Quidquid
1612 1183 1773 1238 etiam
1805 1195 2112 1240 sanctorum

536 1271 776 1340 protulit,
818 1279 871 1325 tu
923 1272 1220 1338 in~titutor,
1253 1281 1307 1325 tu
1355 1273 1710 1342 primicerius,
1763 1283 1818 1328 tu
1867 1278 2119 1346 princeps

532 1378 622 1426 es;
651 1364 830 1415 omnia
857 1370 910 1416 te
933 1362 1250 1430 respiciunt,
1283 1370 1335 1417 te
1365 1363 1716 1431 comitantur,
1744 1373 1796 1420 te
1827 1376 2116 1434 coronant,

531 1469 649 1522 qua:
682 1454 910 1508 Domino
951 1453 1258 1508 allaborasti
1291 1471 1304 1506 :
1345 1453 1560 1508 labores
1611 1470 1862 1510 manuum
1904 1464 2115 1510 tuarum

533 1544 900 1610 manducabis,
932 1545 1122 1598 beatus
1163 1559 1240 1609 es,
1273 1553 1327 1598 et
1365 1544 1502 1598 bene
1543 1545 1635 1599 tibi
1667 1546 1786 1599 crit.
1821 1545 1896 1600 Te
1943 1563 2066 1615 rege
2099 1589 2114 1612 ,

534 1651 808 1705 proceres,
838 1646 1036 1707 patres,
1068 1651 1305 1706 gensque
1348 1640 1591 1707 sequitur
1621 1657 1632 1692 :
1671 1647 1719 1692 te
1758 1650 2114 1708 protectorrm

532 1729 825 1783 concinunt
849 1741 901 1784 et
925 1739 1316 1800 prot0patrem.

2224 553 2470 624 insignia,
2499 556 2724 612 intincto
2764 557 2969 611 murice
3008 571 3282 626 coccoque
3321 555 3404 614 bis
3449 557 3618 612 tincto
3645 556 3809 611 ﬁam-

2221 645 2440 712 mantia,
2473 645 2763 715 Splendidis
2790 646 3073 702 unionibus
3101 655 3155 701 et
3183 647 3486 715 margaritis
3511 662 3632 702 cum
3662 660 3806 718 prte-

2220 735 2538 790 cellentibus
2564 737 2788 805 gemmis
2817 744 3076 805 pnctexto
3104 751 3237 790 auro
3263 736 3564 802 instcllant,
3597 747 3651 792 et
3678 751 3808 806 pre-

2223 827 2357 882 tiosa
2395 835 2680 882 stemmata
2710 827 2919 882 artificii
2969 828 3200 882 mixtura
3239 827 3468 897 amplius
3518 827 3803 882 irradiant.

2222 917 2458 974 Uniones
2510 928 2714 974 tantum
2774 919 3049 990 Hesperia,
3099 918 3373 973 Britannia
3423 927 3478 974 et
3510 917 3803 973 an-India

2218 1009 2535 1066 sororisant.
2557 1008 2680 1065 Haec
2706 1009 2865 1064 etiam
2883 1019 3127 1084 gagatem
3147 1008 3368 1078 prodige
3387 1007 3554 1078 gignit
3571 1007 3805 1077 lapidem

2219 1117 2286 1156 eo
2318 1102 2689 1171 pretiosiorem
2718 1117 2826 1171 quo
2851 1102 2971 1156 aliis
3012 1101 3220 1157 sacculis
3246 1100 3538 1162 rariorem;
3566 1098 3651 1154 bic
3682 1099 3810 1167 (au-

2222 1192 2359 1258 tem)
2389 1202 2473 1247 est
2497 1207 2737 1262 gemmea
2768 1193 3046 1262 nigredine
3073 1189 3340 1261 fu'gidus;
3372 1190 3640 1245 i:.venitur
3659 1204 3806 1258 quo-

2221 1299 2323 1352 que
2355 1299 2672 1354 purpureus,
2717 1300 2928 1351 cereus,
2961 1283 3191 1349 albidus,
3219 1283 3439 1348 viridis;
3490 1282 3647 1336 ardet
3689 1281 3804 1352 igni

2221 1372 2494 1439 admotus;
2546 1375 2631 1428 ubi
2662 1374 2984 1429 confricatus
3013 1374 3264 1438 incaluit,
3317 1374 3388 1427 lex
3403 1389 3486 1427 em
3517 1371 3803 1426 materiam

2218 1465 2436 1518 attralj'.
2467 1474 2524 1518 ut
2545 1465 2760 1518 adamas
2789 1466 3022 1532 ferrum;
3053 1465 3143 1520 ubi
3168 1464 3464 1520 incenditur
3491 1463 3600 1533 [AL
3622 1462 3804 1516 inten-

2221 1554 2405 1627 ditur],
2437 1565 2716 1626 serpentes
2745 1555 3014 1623 fugantur.
3049 1553 3207 1609 Venis
3237 1553 3581 1608 nihilominus
3607 1549 3804 1604 metal-

2225 1650 2395 1702 lorum
2432 1649 2572 1712 azris,
2606 1647 2763 1713 ferri,
2814 1646 3048 1716 plumbi,
3081 1645 3288 1710 stanni,
3339 1644 3547 1712 argenti
3580 1651 3633 1696 et
3661 1640 3803 1703 auri,

2221 1741 2412 1794 divites
2443 1755 2630 1793 mass:c
2659 1739 3046 1793 eviscerantur.
3076 1736 3270 1792 Mirere
3307 1745 3364 1792 et
3406 1751 3566 1805 rupes
3595 1745 3650 1790 et
3677 1749 3805 1789 sco-

601 1818 654 1873 ‘2.
685 1820 790 1876 Sed
831 1837 934 1890 qua
983 1823 1140 1877 laude
1167 1825 1408 1880 attollam
1456 1827 1602 1883 hunc
1645 1828 2113 1896 Augustiniensem
2150 1840 2191 1900 Β
2223 1831 2375 1899 pulos
2403 1830 2610 1893 aerios,
2643 1828 2946 1898 templaque
2973 1829 3167 1898 passim
3194 1835 3250 1882 et
3277 1827 3469 1882 muenia
3500 1827 3567 1882 de
3595 1829 3806 1885 saxosis

534 1913 826 1966 muntum?
853 1912 1076 1978 Quidam
1119 1922 1360 1970 terrenus
1409 1919 1637 1971 terrenis
1680 1927 1761 1972 est
1804 1920 2114 1987 paradisus;

530 2001 792 2072 quidquid
829 2019 992 2073 opum
1022 2004 1197 2060 ubivis
1225 2005 1475 2074 habetur,
1506 2017 1600 2061 aut
1623 2007 1710 2061 hic
1738 2009 1995 2073 nascitur,
2027 2019 2121 2063 aut

531 2091 756 2147 conlluis
808 2094 1044 2163 undique
1081 2096 1391 2150 nationibus
1431 2097 1750 2152 circumfusa
1797 2099 2121 2168 Amphitrite

533 2187 817 2241 invehitur.
869 2187 1071 2242 Credas
1097 2189 1390 2244 maximum
1421 2191 1606 2245 orbem
1646 2192 1858 2260 divitias
1904 2207 2028 2246 suas
2057 2208 2119 2248 ac

532 2277 772 2340 delicias,
797 2293 915 2347 qua:
944 2278 1303 2348 particulatim
1331 2281 1383 2334 in
1415 2281 1526 2336 suis
1554 2282 1797 2352 partibus
1826 2292 2118 2354 pracrOgat,

533 2372 620 2426 hic
650 2373 850 2440 pariter
877 2380 968 2426 aut
1005 2372 1271 2428 invenisse
1316 2384 1409 2429 aut
1440 2377 1848 2432 thesaurizasse.
1877 2378 2116 2448 Regnum

533 2468 614 2516 est
638 2461 935 2532 imperiale,
961 2463 1219 2520 Romanis
1239 2467 1528 2522 cmsaribus
1549 2470 1900 2540 augustaliter
1926 2487 2119 2540 regna-

533 2564 668 2622 tum,
695 2555 788 2625 qui
816 2571 876 2612 se
907 2565 1013 2611 tam
1037 2558 1122 2613 hic
1147 2575 1307 2630 quam
1332 2560 1516 2615 Roma:
1538 2562 1907 2628 gloriabantur
1940 2579 2116 2618 rerum

531 2645 728 2698 habere
757 2645 973 2702 solium.
1001 2645 1182 2703 Tellus
1213 2651 1460 2719 copiosa,
1502 2653 1737 2706 omnium
1768 2653 2034 2707 sationum
2065 2662 2118 2708 et

531 2733 921 2803 plantationun'i
943 2736 1220 2802 fmeunda;
1249 2740 1474 2794 ubertim
1498 2757 1788 2810 procrearis
1811 2759 1916 2797 non
1944 2744 2118 2798 solum

531 2827 717 2894 patria:
738 2837 951 2882 assueta
969 2872 986 2896 ,
1013 2831 1106 2884 sed
1135 2829 1269 2885 adeo
1298 2829 1518 2888 Grarcia:
1547 2833 1630 2888 vel
1656 2836 2005 2890 remotiorum
2033 2851 2120 2892 re-

531 2915 746 2982 gionum
773 2919 879 2992 [AL
920 2920 1226 2977 remotioris
1254 2921 1466 2995 horum]
1496 2924 1776 2994 plantaria.
1819 2925 1974 2982 Patet
2005 2943 2122 2982 am-

531 3008 770 3077 plissime
796 3011 1082 3067 uberrimis
1109 3015 1270 3082 agris,
1299 3016 1647 3071 vernantibus
1695 3019 1887 3088 pratis,
1916 3019 2120 3074 dillusis

533 3101 755 3171 campis,
789 3104 1074 3172 pinguibus
1101 3107 1332 3175 pascuis,
1365 3109 1615 3176 gregibus
1657 3108 1924 3173 lactilluis,
1967 3111 2120 3180 equis

2224 1919 2492 1974 montibus
2519 1934 2775 1990 Operosa,
2807 1929 2864 1972 et
2909 1917 3147 1990 quodam
3178 1918 3360 1972 nativo
3389 1932 3659 1974 marmore
3702 1921 3806 1974 de—

2222 2019 2423 2066 rorata.

2291 2103 2343 2156 '5.
2379 2101 2490 2155 lloe
2519 2116 2647 2170 ergo
2679 2112 2784 2154 tam
2817 2100 3051 2171 speciosi
3093 2109 3148 2154 et
3177 2100 3418 2170 opulenti
3445 2101 3590 2155 orbis
3615 2101 3809 2169 ingens

2222 2192 2569 2255 domicilium,
2624 2191 2840 2260 prodiga
2880 2205 3071 2244 manus
3099 2189 3310 2256 Domini
3341 2188 3537 2244 dilecto
3567 2206 3664 2244 suo
3696 2189 3804 2243 Au-

2220 2284 2432 2351 gustino
2453 2282 2765 2352 praeparavit
2788 2299 2804 2348 ;
2835 2281 2926 2350 qui
2953 2280 3248 2350 quondam,
3271 2281 3362 2335 ubi
3389 2281 3646 2336 mundum
3671 2297 3804 2337 co-

2221 2375 2352 2428 didit
2401 2384 2454 2428 et
2501 2390 2714 2428 onmem
2763 2376 2878 2442 ejus
2927 2382 3177 2428 ornatum
3221 2373 3476 2442 perfecit,
3526 2371 3805 2428 conditum

2223 2468 2437 2521 tandem
2460 2467 2729 2520 hominem
2761 2465 3016 2529 amicum,
3039 2465 3123 2519 cui
3156 2465 3270 2519 lucc
3297 2473 3601 2532 paraverat,
3633 2464 3802 2518 intro-

2221 2563 2389 2617 duxit.
2422 2561 2616 2614 Beatus
2649 2561 2806 2628 igitur
2830 2559 3155 2627 Augustinus
3178 2557 3376 2614 dimisit
3397 2556 3605 2612 dulcem
3627 2557 3800 2610 alum-

2222 2669 2344 2707 nam
2369 2662 2424 2707 ct
2451 2659 2729 2720 augustam
2757 2658 2980 2704 matrem
3027 2647 3253 2702 Romam
3272 2688 3288 2714 ,
3346 2648 3676 2716 amplectens
3705 2661 3801 2716 pro

2221 2745 2392 2816 patria
2421 2742 2907 2813 peregrinationem
2947 2739 3290 2807 longinquam
3319 2747 3374 2792 et
3422 2736 3800 2805 periculosam,

2222 2846 2278 2890 ut
2319 2835 2388 2890 de
2425 2833 2772 2889 trementibus
2810 2832 2994 2886 nation
3020 2831 3118 2884 bus
3169 2831 3222 2883 in
3271 2829 3527 2900 patientia
3569 2829 3804 2882 fructum

2221 2926 2406 2994 ferret,
2429 2932 2485 2980 et
2511 2923 2877 2978 barreditatem
2901 2922 3284 2990 sempiternam
3307 2919 3521 2974 Christo
3552 2922 3801 2987 acquire-

2222 3027 2323 3074 ret.
2353 3016 2529 3072 Exivit
2567 3017 2635 3071 de
2671 3015 2943 3070 senatoria
2974 3015 3296 3082 cognatione
3350 3027 3446 3068 sua
3473 3027 3596 3066 cum
3629 3011 3800 3080 patri-

2223 3109 2382 3164 archa
2414 3107 2706 3173 Abraham,
2745 3112 2800 3160 et
2827 3104 3049 3158 veniens
3078 3103 3128 3156 in
3160 3113 3356 3158 terram
3387 3117 3416 3154 a
3469 3101 3578 3155 Deo
3623 3103 3806 3170 provi-

534 3202 589 3246 et
627 3194 886 3248 armentis
917 3195 1136 3251 bellicis.
1172 3196 1396 3265 lrrigant
1440 3201 1629 3254 crebre
1661 3209 1843 3254 centes
1892 3202 2115 3254 fontium
2147 3223 2187 3281 ρ
2223 3218 2335 3256 sum
2366 3201 2537 3255 factus
2567 3211 2648 3253 cst
2692 3199 2743 3253 in
2765 3207 2980 3266 gentem
3012 3210 3278 3264 magnam.
3303 3195 3686 3264 Multiplicatus
3723 3204 3806 3248 est

533 3284 906 3354 scaturigines,
941 3287 1096 3342 rivuli
1139 3287 1420 3356 salientes,
1453 3289 1671 3346 flumina
1697 3293 1925 3362 insignia
1954 3302 2008 3348 et
2045 3295 2120 3346 t'a-

533 3387 682 3430 mosa
704 3415 721 3442 ,
769 3373 919 3430 lacus
947 3384 1004 3431 et
1029 3383 1217 3446 stagna
1250 3379 1484 3446 piscibus
1513 3388 1569 3433 et
1611 3381 1800 3435 av-bus
1840 3397 1902 3436 ac
1945 3383 2120 3436 navali

533 3473 840 3520 commeatu
871 3466 1104 3532 assidua,
1155 3469 1372 3522 urbibus
1403 3478 1457 3523 et
1497 3471 1710 3540 populis
1751 3473 2118 3526 aceurmuoda.

535 3548 811 3610 Frondent
840 3556 943 3610 luci
987 3564 1042 3611 et
1087 3572 1328 3622 nemora,
1373 3561 1696 3629 campestria
1737 3571 1792 3615 et
1843 3571 2117 3627 montana,

535 3647 726 3715 glande
754 3657 808 3702 et
835 3647 1096 3704 fructibus
1123 3649 1458 3706 silvestribus
1497 3653 1675 3722 plena,
1705 3653 1807 3708 dive
1829 3655 1930 3709 rsis
1956 3670 2120 3710 vena-

535 3739 677 3794 tibus
699 3740 973 3810 opulenta.
999 3739 1135 3796 Sunt
1155 3750 1207 3797 et
1229 3741 1376 3797 silvae
1405 3745 1925 3811 castaneze,divitum
1949 3746 2121 3816 epulis

537 3841 768 3902 acceptae
793 3851 806 3888 ε
832 3833 1007 3887 vineta
1031 3831 1136 3908 [ΑΙ.
1158 3833 1370 3906 vinetis]
1400 3851 1614 3906 quoque
1638 3854 1741 3891 non
1769 3837 1938 3892 solum
1955 3836 2121 3892 Galli-

535 3923 614 3978 cis
629 3933 685 3977 et
705 3922 922 3986 Italicis,
941 3923 1035 3977 sed
1053 3923 1214 3977 etiam
1233 3924 1471 3991 Albanis,
1497 3927 1759 3996 Argolicis
1779 3937 1833 3982 et
1851 3926 2117 3993 Puniecis,

534 4017 674 4071 arvis
704 4015 1029 4086 respondent
1075 4016 1184 4090 [AL
1216 4017 1584 4090 respondebit]
1636 4019 1940 4074 uberrimis.
1984 4018 2122 4074 Sunt

535 4109 622 4165 hic
646 4107 821 4164 fontes
867 4108 1187 4172 salinarum,
1222 4119 1346 4164 sunt
1375 4120 1428 4164 et
1449 4111 1624 4166 fontes
1646 4111 1828 4176 calidi,
1857 4110 2122 4181 calidique

459 4253 462 4256 .
535 4199 712 4267 ﬂuvii,
769 4201 979 4257 balneis
1009 4201 1196 4257 calidis
1223 4205 1502 4258 exstrm-ti.
1550 4203 1686 4270 Quid
1735 4205 1909 4259 dicam
1960 4207 2124 4262 [tiaris

536 4289 768 4355 divitias,
821 4305 941 4360 qua:
973 4305 1079 4346 non
1110 4292 1283 4347 solum
1319 4294 1590 4346 navalibus
1619 4294 1905 4358 mercibus,
1937 4310 2120 4350 verum

536 4379 696 4432 etiam
729 4380 1022 4436 innumeris
1066 4382 1291 4452 piscium
1338 4383 1620 4450 generibus
1657 4383 1762 4438 hoc
1807 4397 2030 4453 regnum
2069 4397 2124 4440 et

537 4470 744 4538 replent
773 4479 827 4524 et
849 4472 1141 4527 decorant?
1165 4472 1306 4528 inter
1327 4489 1445 4542 qua:
1475 4474 1683 4530 diversa
1715 4490 1777 4530 ac
1804 4491 1996 4546 magna
2023 4493 2117 4532 na-

2227 3301 2281 3346 ut
2308 3291 2476 3346 stella:
2507 3291 2658 3355 cmli,
2707 3290 2758 3343 in
2791 3299 3099 3344 sanctorum
3130 3289 3472 3343 multitudine
3500 3289 3720 3358 sequaci
3750 3297 3806 3342 et

2223 3383 2457 3450 gentium
2504 3381 2704 3451 populo
2735 3379 2896 3434 fideli.
2933 3379 3080 3434 Bene
3120 3380 3298 3451 itaque
3327 3380 3378 3434 in
3413 3389 3492 3434 tot
3541 3379 3679 3434 ﬁlios
3723 3378 3806 3434 di-

2225 3475 2470 3530 lectionis
2500 3473 2775 3540 excrevit,
2824 3474 2914 3542 qui
2948 3489 3044 3543 pro
3084 3472 3396 3540 alienigenis
3427 3472 3662 3526 animam
3706 3487 3806 3542 po.

2225 3581 2352 3619 nere
2396 3565 2560 3620 venit.
2606 3564 2710 3618 Alii
2743 3562 2973 3630 fortiter,
3007 3563 3105 3618 iste
3143 3571 3197 3617 et
3235 3561 3446 3618 fortiter
3473 3571 3529 3617 et
3577 3561 3808 3617 feliciter

2223 3656 2370 3718 vicit,
2403 3655 2496 3724 qui
2527 3653 2756 3708 martiali
2799 3654 2978 3708 animo
3006 3654 3340 3708 incruentum
3379 3653 3693 3724 martyrium
3721 3661 3807 3707 tu-

2227 3747 2301 3799 lit.
2336 3746 2477 3800 Bene
2508 3746 2703 3810 etiam,
2735 3745 2822 3816 qui
2871 3744 3048 3799 omnia
3078 3744 3292 3814 reliquit
3320 3752 3374 3797 ct
3414 3744 3535 3799 caeli
3579 3758 3806 3812 regnum

2224 3836 2455 3891 obtinuit
2481 3843 2537 3890 et
2582 3836 2669 3890 hic
2702 3835 2880 3889 omnia
2909 3836 3007 3904 (in)
3039 3835 3346 3904 centuplum
3387 3834 3621 3904 recepit;
3651 3835 3810 3904 cujus

2224 3927 2462 3996 angelica
2495 3926 2729 3980 cbaritas
2768 3935 2822 3980 et
2859 3925 3265 3994 generosissima
3296 3925 3590 3981 liberalitas
3611 3965 3626 3990 ,
3685 3941 3806 3996 qua:

2225 4018 2470 4074 omnibus
2510 4017 2805 4085 largis~ima
2845 4026 2902 4070 et
2938 4017 3251 4086 Slblmt‘llpSl
3299 4025 3418 4070 erat
3463 4016 3801 4086 parcissima,

2227 4109 2328 4162 hoc
2380 4105 2896 4161 abundantissimum
2953 4121 3211 4175 regnum,
3259 4107 3505 4178 superbis
3552 4106 3807 4174 Augustis

2226 4215 2562 4270 pomposum,
2594 4199 2800 4252 calcato
2831 4199 3071 4268 appetitu
3096 4198 3221 4253 fecit
3246 4198 3492 4253 omnibus
3514 4197 3808 4253 beneﬁt-io-

2224 4309 2363 4346 snm.
2391 4289 2537 4345 Felix
2565 4299 2872 4359 paupertas,
2898 4303 3017 4358 qua:
3047 4296 3153 4342 tam
3179 4287 3376 4342 multos
3399 4287 3580 4341 ditavit
3604 4287 3616 4338 !
3649 4288 3807 4340 beata

2225 4381 2578 4446 abstinentia,
2636 4396 2753 4448 qure
2809 4394 3022 4450 semper
3085 4375 3481 4438 indeficientem
3549 4378 3802 4434 fainiiiam

2227 4475 2425 4545 pascit!
2475 4472 2592 4540 Quo
2637 4488 2696 4527 se
2745 4474 2993 4538 arctavit,
3046 4472 3153 4527 nos'
3187 4470 3621 4541 ampliﬁcamur:
3661 4471 3808 4540 quod

538 4562 703 4615 tatilia
750 4565 1036 4632 capiuntur
1080 4566 1296 4635 passim,
1331 4565 1570 4635 delphini
1613 4575 1665 4621 et
1711 4567 1860 4622 vituli
1905 4571 2117 4636 marini,
2154 4603 2198 4662 ί)
2223 4567 2502 4637 jcjunavit,
2535 4582 2632 4620 nos
2661 4564 2977 4634 epulamur:
3011 4564 3120 4617 imo
3175 4563 3289 4632 ipse
3334 4564 3388 4616 in
3431 4562 3540 4617 suis
3583 4561 3810 4616 haeredi-

536 4661 697 4724 atque
722 4655 938 4726 insuper
969 4666 1268 4713 montuosae.
1317 4658 1544 4713 balenae.
1578 4657 1793 4714 Rubent
1838 4661 2118 4732 conchylia

534 4761 698 4814 super
722 4745 929 4802 Indicas
946 4762 1008 4803 ac
1033 4747 1283 4803 Sidonias
1304 4751 1595 4817 tincturas;
1618 4759 1673 4804 et
1693 4752 1941 4806 decorem
1963 4768 2116 4807 suum

537 4838 662 4892 dum
691 4838 822 4893 alias
847 4839 1028 4894 omnia
1060 4851 1322 4896 vetustate
1353 4850 1564 4895 mutant
1589 4851 1681 4896 aut
1711 4844 1973 4909 minuunt,
2008 4843 2120 4898 [nec

541 4931 780 4986 tenacius
808 4931 1104 4996 illustrant,
1138 4949 1237 4988 nec
1267 4934 1384 4988 sole
1415 4949 1514 4989 nec
1539 4934 1708 4989 imbre
1728 4937 1948 4990 violant.
1977 4935 2120 4990 Inest

539 5022 760 5076 conchis
813 5033 1257 5079 ornamentorum
1304 5025 1562 5095 pretium,
1612 5027 1869 5081 unionum
1919 5028 2122 5082 scilicet

507 5123 872 5182 gemmantes
899 5116 1144 5182 orbiculi,
1171 5116 1406 5173 candore
1434 5117 1698 5188 splendidi
1729 5127 1784 5172 et
1809 5117 2124 5188 margarita-

539 5221 656 5260 rum
683 5207 1018 5264 multicolora
1043 5209 1260 5276 decora.

611 5293 825 5350 Rubent
853 5297 992 5364 alia},
1041 5297 1156 5352 aliae
1185 5299 1376 5365 virent,
1422 5300 1502 5354 hac
1540 5314 1834 5370 purpureo,
1865 5300 1946 5354 ba:
1989 5299 2120 5371 hya-

541 5389 814 5455 cintbino,
865 5391 946 5446 ba:
973 5392 1188 5462 prasino
1217 5393 1399 5448 colore
1428 5393 1769 5459 vestiuntur;
1818 5394 1912 5448 sed
1953 5392 2123 5462 major

539 5477 731 5536 barum
762 5481 1008 5538 candicat
1037 5484 1341 5540 multitudo.
1375 5483 1470 5539 His
1499 5483 1777 5539 auriticum
1807 5483 2016 5550 ingenia
2042 5484 2124 5537 in-

540 5579 626 5628 ter
653 5574 940 5643 praeclaros
987 5576 1189 5646 lapides
1219 5591 1382 5631 aurea
1429 5576 1670 5631 ecclesia:
1700 5576 1967 5630 adornant
2003 5590 2121 5629 mo-

543 5669 670 5725 nilia
697 5688 710 5724 :
742 5671 890 5742 ipsos
919 5682 1079 5728 etiam
1109 5685 1286 5743 mquat
1325 5679 1420 5726 aut
1461 5680 1682 5742 superat
1730 5686 1894 5726 aurea
1938 5668 2123 5738 Angli-

2230 4662 2327 4715 bus
2350 4661 2528 4714 omnia
2558 4659 2796 4730 possidet
2817 4667 2871 4712 et
2896 4657 3183 4711 exaltatur.
3212 4654 3318 4710 Sed
3341 4653 3466 4708 dum
3491 4654 3591 4708 ista
3621 4652 3812 4709 scribi-

2227 4767 2376 4818 mus,
2409 4749 2511 4805 l.oc
2560 4749 2886 4803 maritimum
2931 4747 3168 4817 Elysium
3208 4747 3571 4826 r‘evirescente
3609 4743 3814 4800 mundo

2228 4841 2437 4906 floruit,
2463 4851 2518 4896 et
2544 4842 2683 4895 inter
2713 4841 2982 4910 paschalia
3013 4840 3201 4895 flore-ta
3231 4838 3494 4911 splendidi
3528 4836 3817 4907 Augustini

2227 4935 2441 4989 sidereo
2473 4933 2716 4987 natalitio
2747 4933 3004 4997 instante,
3033 4932 3178 4987 omni
3202 4930 3401 4986 decore
3430 4931 3629 4984 arrisit.
3652 4927 3816 4984 Juvat

2228 5039 2355 5093 ergo
2381 5025 2444 5078 ad
2473 5024 2772 5094 prmsignari
2803 5023 2968 5093 ipsius
2996 5024 3258 5077 adventus
3287 5023 3479 5078 seriem
3509 5035 3812 5084 recurrere,

2227 5133 2289 5172 ac
2300 5117 2515 5171 demum
2532 5116 2596 5170 de
2619 5113 3326 5182 innumerisejusvirtutib‘us
3347 5113 3522 5181 aliqua
3540 5120 3815 5167 retexere.

2299 5211 2349 5265 4.
2387 5211 2604 5264 Viderat
2636 5210 2857 5279 insignis
2887 5207 3072 5277 legifer
3103 5207 3312 5261 Domini
3352 5204 3676 5274 Gregorius,
3721 5221 3816 5258 ve-

2233 5307 2382 5359 nales
2413 5304 2598 5360 Romae
2636 5319 2860 5373 pueros.
2910 5301 3060 5357 crine
3099 5299 3262 5354 rutilo
3299 5306 3354 5352 et
3400 5298 3572 5352 forma
3617 5295 3816 5351 eximia

2227 5400 2530 5464 gratiosos;
2563 5406 2730 5466 utque
2758 5403 2875 5450 erat
2903 5392 3197 5450 visceribus
3229 5389 3512 5444 charitatis
3549 5389 3600 5443 in
3628 5401 3819 5441 omnes

2227 5487 2470 5554 diffusus,
2501 5493 2881 5557 percunctatur
2920 5483 3172 5538 ardenter
3200 5481 3415 5535 nomina
3447 5477 3651 5548 gentis,
3689 5490 3818 5547 pro-

2231 5580 2437 5646 vincim,
2469 5593 2533 5634 ac
2560 5578 2700 5647 regis
2737 5577 2969 5631 illorum.
2999 5573 3160 5627 Audit
3189 5573 3334 5641 quod
3382 5569 3569 5625 incola:
3603 5567 3817 5637 Angeli,

2231 5668 2505 5738 provincia
2531 5669 2685 5722 Deira
2715 5679 2764 5733 ιι,
2809 5681 2904 5720 rex
2937 5664 3055 5720 Alle
3082 5663 3459 5728 vocitaretur;
3497 5659 3592 5716 sed
3624 5673 3820 5714 omnes

613 5833 639 5864 ⁸
669 5825 811 5883 Deiri
848 5847 970 5898 pars
1037 5826 1506 5894 Nord/lumborum,
1555 5828 1628 5880 uti
1673 5837 1720 5880 et
1779 5825 2020 5896 Bernicii,
2078 5825 2289 5880 subinde
2336 5825 2424 5880 sub
2469 5824 2689 5894 pwpriis
2735 5820 2935 5891 regibus
2992 5821 3148 5889 fuere.
3197 5816 3276 5870 Ibi
3328 5816 3442 5872 Alle
3499 5815 3688 5870 dicitur
3725 5829 3820 5868 rea:
