4118 6332
310 335 379 388 εδ
1496 330 1653 387 νιτΑ
1698 331 1878 388 δΑΝσ

1982 333 2361 390 AUGUSTINI.
2690 344 2697 347 -
2764 400 2767 405 ,
3481 352 3548 389 ος

309 449 619 519 paganismo
647 451 1082 521 obsequerentur.
1129 447 1388 517 ingemuit
1426 448 1650 516 benigna
1679 448 1874 513 anima,
1908 452 1954 506 Α
1982 447 2139 502 tionis
2166 457 2343 503 autem
2379 449 2520 503 beati
2550 447 2791 517 Gregorii
2822 464 2969 518 papae
2998 457 3218 517 quartus
3242 492 3255 514 ,
3289 465 3407 503 cum
3438 449 3551 519 ipse

310 542 494 607 ﬂores,
514 540 758 609 paradiso
776 541 868 596 Dei
887 551 990 595 tam
1004 554 1285 608 congruos,
1298 540 1448 593 tetris
1459 540 1759 594 dtemontnn
1775 538 1879 592 aris

306 631 577 697 addictos;
620 632 710 686 sed
741 648 885 695 mox,
905 634 976 686 uti
1002 632 1342 701 propheticus
1364 631 1646 699 interpres,
1677 629 1874 696 adgau—

306 720 437 775 deus
467 720 743 775 nominum
773 722 1021 790 auspiciis
1052 739 1063 772 :
1095 721 1258 785 Bene,
1287 720 1476 787 inquit,
1504 720 1657 786 Angli
1678 738 1691 772 :
1715 733 1877 788 ange-

305 813 407 867 lica
428 812 564 867 lacie
588 812 733 867 nitidi
762 831 773 865 :
798 813 935 867 bene
959 814 1113 875 Deiri,
1139 813 1205 866 de
1228 814 1301 865 ira
1327 812 1418 865 Dei
1440 811 1718 866 cernendi!
1741 812 1875 866 bene

304 924 519 980 quoque
542 926 635 964 rex
655 909 848 963 dicitur
871 910 1004 974 Alle,
1030 908 1179 977 cujus
1210 909 1481 980 terrazlAI.
1512 905 1672 977 terra]
1700 914 1880 961 cante-

307 1009 392 1054 tur
410 1000 645 1054 alleluia.
669 998 865 1053 lnvasit
888 1016 1014 1069 ergo
1032 1001 1132 1053 iter
1148 1000 1210 1053 ad
1246 1001 1270 1038 λ
1283 1001 1431 1067 nglos
1448 999 1837 1054 convertendos
1860 1016 1873 1063 ;

303 1090 396 1143 sed
423 1091 606 1160 populi
629 1092 834 1145 romani
863 1090 1139 1154 fractione,
1166 1092 1271 1143 imo
1292 1089 1495 1159 Spiritu
1520 1090 1726 1144 Domini
1748 1090 1873 1145 .Iesu

303 1182 486 1235 utnnia
519 1182 743 1249 provide
772 1182 1033 1248 dictante,
1057 1189 1319 1235 retractus
1365 1189 1475 1244 est;
1512 1179 1756 1233 videlicet
1785 1181 1874 1233 alii

304 1270 478 1324 amico
501 1271 639 1325 hanc
661 1270 880 1337 gratiam
910 1279 1157 1324 servante
1182 1270 1421 1322 Domino.
1451 1269 1516 1321 At
1541 1268 1627 1321 ubi
1659 1276 1874 1333 aposto-

302 1360 469 1412 latum
497 1358 678 1413 Romae
704 1360 958 1428 suscepit,
986 1357 1127 1412 unde
1150 1360 1362 1421 gravius
1384 1358 1449 1411 ab
1470 1357 1765 1410 intentione
1779 1371 1871 1409 sua

303 1450 621 1520 prmpeditus
643 1451 873 1514 exstitit,
901 1451 1019 1504 inde
1047 1451 1315 1522 potentius
1338 1449 1617 1503 consilium
1643 1448 1870 1503 invenit:

300 1541 441 1606 quod
465 1542 603 1595 enim
623 1557 782 1607 perse
807 1557 911 1595 non
936 1542 1125 1609 potuit,
1144 1556 1237 1609 per
1257 1539 1585 1608 splendidam
1605 1539 1872 1593 lucernam

302 1649 452 1687 suam
480 1642 535 1686 et
568 1634 883 1700 armigeram
915 1633 1189 1688 dexteram
1224 1632 1572 1698 Augustinum
1620 1631 1869 1698 explevit.

302 1725 401 1780 liu'
425 1740 455 1780 c
475 1725 674 1781 invenit
696 1725 984 1780 secundum
1008 1740 1104 1779 cor
1122 1739 1295 1786 sumn,
1330 1725 1537 1779 unicum
1570 1723 1622 1777 in
1650 1722 1874 1777 Domino

1982 535 2342 591 Romanorum
2388 537 2694 607 pontiiicum
2743 553 2951 606 gemma
3000 539 3389 599 illustrissima,
3437 539 3550 595 hmo

1977 628 2133 681 sidcr.
2154 644 2181 681 a
2209 629 2497 696 Augustino
2521 628 2861 698 pmfulgenle
2879 629 3058 697 Anglis
3086 630 3226 681 misit
3248 628 3547 685 luminaria.

1978 717 2081 771 ’l‘ot
2112 718 2388 774 dominica:
2419 720 2695 790 legationis
2724 720 3078 789 manipulares
3106 720 3172 774 ad
3200 720 3548 789 quadraginta

1978 818 2347 874 numerantur,
2399 821 2660 879 quaterno
2721 812 2925 867 scilicet
2993 813 3213 867 denario
3285 812 3435 881 Legis
3496 824 3549 867 et

1982 898 2246 966 l-lvangelii
2271 908 2500 968 quatuor
2527 901 2773 954 animalia
2808 903 3091 955 imitantes.
3140 902 3243 956 Tot
3270 904 3395 957 olim
3446 903 3546 958 Lc-

1975 987 2107 1055 gifer
2162 989 2226 1041 ad
2274 991 2711 1046 considerandam
2750 995 3397 1063 terramrepromissionis
3444 997 3542 1049 mi-

1975 1087 2118 1131 serat
2150 1080 2545 1148 exploratores;
2595 1081 2687 1135 sed
2738 1081 2840 1149 illi,
2897 1091 3086 1150 praeter
3137 1083 3272 1146 du),
3332 1084 3545 1153 perﬁdi;

1979 1171 2060 1224 isti
2106 1179 2259 1224 erant
2288 1170 2498 1236 fideles;
2550 1171 2622 1224 illi
2657 1170 2745 1225 filii
2795 1172 2953 1226 alieni
2993 1173 3209 1228 domino
3237 1183 3362 1228 sunt
3397 1188 3551 1229 men-

1977 1263 2089 1327 titi;
2123 1263 2227 1324 isti,
2260 1262 2350 1315 filii
2382 1262 2703 1331 adoptionis,
2737 1264 3073 1318 adlttrserunt
3095 1266 3323 1320 veritati.
3357 1265 3552 1323 Proce-

1976 1353 2170 1406 debant
2202 1363 2259 1406 ut
2284 1368 2409 1406 oves
2426 1354 2490 1406 ad
2514 1354 2802 1419 victimam,
2828 1356 3028 1422 grande
3048 1357 3250 1411 scilicet
3270 1368 3548 1426 spectacu-

1980 1447 2086 1498 lum
2114 1444 2311 1500 mundo
2332 1445 2435 1517 [ΑΙ.
2464 1444 2687 1517 mundi],
2718 1448 2919 1515 angelis
2946 1448 3314 1503 cthominibus
3340 1457 3551 1517 specta-

1977 1535 2137 1600 biles;
2166 1536 2322 1590 aeriis
2339 1537 2792 1608 potestatibus,pnt
2816 1540 2958 1594 acies
2978 1539 3240 1605 ordinata,
3265 1541 3548 1596 terribiles.

2047 1623 2098 1678 6.
2139 1624 2255 1679 Jant
2302 1626 2509 1680 eminus
2552 1642 2582 1680 a
2617 1641 2842 1694 cognata
2875 1629 3034 1683 domo
3064 1641 3407 1683 excesserant
3450 1630 3551 1683 ali-

1976 1723 2107 1781 quot
2152 1714 2353 1769 dierum
2387 1716 2591 1780 itinere,
2630 1717 2833 1771 alacres
2863 1718 2999 1771 viam
3031 1719 3401 1774 mamlatorum
3444 1719 3543 1775 Do-

301 1819 473 1873 saucti
513 1818 758 1872 desiderii
788 1818 867 1870 sui
899 1816 1215 1881 remedium,
1242 1817 1412 1869 virum
1442 1815 1676 1869 omnium
1710 1816 1867 1869 virtu.
1908 1811 1942 1866 li
1976 1805 2101 1857 milli
2152 1819 2462 1873 Percurrem
2491 1824 2503 1860 ε
2528 1813 2583 1859 ει
2622 1822 2748 1860 "em
2776 1808 2986 1864 ἀίοθηίθ
3026 1809 3290 1875 vernales
3328 1810 3556 1882 Spiritus

303 1919 434 1971 tum,
467 1908 532 1960 ad
559 1908 829 1962 Dominira
855 1907 990 1959 bella
1023 1914 1291 1975 paratum,
1322 1921 1416 1973 per
1445 1904 1609 1958 ardua
1640 1912 1696 1958 et
1718 1905 1870 1959 fortia

303 2014 515 2053 corona?
548 1998 792 2061 avidum;
826 2008 882 2050 ut
932 1997 1116 2051 turrim
1156 1997 1318 2050 David
1369 2001 1653 2061 munitum,
1685 1997 1737 2051 in
1768 2012 1872 2063 qua

302 2088 520 2156 rlvpeus
552 2096 603 2141 et
634 2088 782 2141 hasta
814 2088 1094 2157 omnisque
1124 2096 1395 2140 armatura
1427 2085 1674 2154 fortium,
1715 2097 1875 2157 atque

302 2178 366 2230 ad
405 2178 587 2231 omnia
616 2186 920 2246 comptum;
974 2193 1065 2232 vas
1093 2179 1327 2232 scienti-.e
1358 2178 1446 2231 Dei
1487 2178 1872 2245 evangelicum,

302 2283 395 2321 vas
426 2268 707 2322 electionis
730 2267 938 2321 Domini
966 2282 1206 2321 aureum.
1243 2267 1533 2321 Mirabatur
1555 2282 1873 2335 generosum

301 2362 540 2415 animum
573 2376 667 2414 sua
708 2361 1051 2415 a'tentiorem
1084 2361 1491 2425 exhonatione;
1527 2371 1578 2413 ut
1608 2360 1878 2414 videretur

303 2469 407 2507 non
443 2464 549 2507 tam
581 2454 730 2520 sequi
759 2453 894 2506 velle
922 2451 986 2505 ad
1028 2453 1277 2521 palmam,
1332 2467 1491 2519 quam
1525 2468 1871 2521 percurrere.

373 2545 424 2603 5.
484 2546 724 2601 Collecto
774 2551 950 2616 itaque
1003 2547 1244 2616 angelico
1299 2547 1630 2600 cru-litorum
1681 2545 1876 2600 Christi

303 2652 606 2705 precanum
644 2638 1020 2702 contubernio,
1066 2637 1154 2706 qui
1203 2638 1463 2702 comites,
1514 2636 1781 2703 adjutores
1827 2645 1883 2691 et

305 2736 681 2797 coeperatores
723 2726 1021 2794 Evangelici
1061 2728 1351 2781 existerent
1387 2726 1505 2782 duci
1553 2727 1880 2793 Augustino;

306 2828 580 2887 postquam
612 2834 801 2873 omnes
826 2820 889 2871 ad
918 2818 1244 2886 propositum
1285 2834 1420 2887 opus
1458 2817 1662 2888 accepit
1706 2831 1885 2886 prom-

307 2920 425 2978 ptos
450 2919 505 2966 et
530 2911 828 2975 unanimes,
862 2909 1203 2964 inees~abiles
1232 2910 1393 2964 totius
1422 2910 1572 2965 bona:
1601 2910 1885 2962 Voluntatis

305 3009 463 3054 aucto
496 3002 508 3051 i
551 3001 789 3053 immolat
829 3009 1027 3067 grates.
1069 3000 1175 3054 Nec
1218 3014 1393 3060 mora,
1424 2999 1734 3053 exhortatos
1765 2998 1885 3052 dili-

305 3091 616 3159 gentissitne
646 3100 698 3145 et
727 3100 959 3145 armatos
985 3090 1052 3143 ad
1084 3088 1406 3144 fructiferam
1450 3088 1631 3156 gloria:
1676 3088 1882 3156 patien-

1976 1894 2165 1964 (Marc.
2220 1912 2360 1959 xxvi,
2408 1896 2495 1963 il,
2522 1907 2570 1951 et
2597 1897 2750 1952 Joan.
2785 1916 2869 1963 xv,
2902 1899 2958 1969 5)
3010 1902 3227 1969 quidem
3275 1913 3556 1972 proruptus

1974 1997 2075 2052 est,
2106 2002 2230 2041 caro
2260 1997 2382 2043 aute
2406 2010 2434 2040 υ
2481 1988 2719 2055 infirma;
2760 2001 2833 2055 et,
2865 1991 2991 2047 Sine
3030 2010 3114 2048 me
3159 1996 3287 2049 nihil
3334 1999 3555 2063 potestis

1977 2078 2185 2146 facere;
2217 2080 2441 2136 decendi
2470 2092 2625 2135 erant
2653 2098 2719 2137 ex
2750 2085 2976 2139 humana
3017 2087 3401 2152 imbecillitate,
3445 2104 3553 2142 non

1977 2172 2043 2225 de
2090 2188 2149 2227 se
2197 2174 2565 2241 pnesumendo
2633 2175 2726 2230 sed
2770 2178 2820 2230 in
2861 2178 2970 2233 Deo
3019 2181 3303 2247 sperando,
3337 2180 3555 2235 viriliter

1979 2277 2172 2330 agere;
2205 2273 2256 2317 et
2287 2264 2339 2317 in
2369 2265 2483 2333 ipso
2500 2268 2587 2335 qui
2618 2267 2745 2322 vicit
2770 2268 3045 2335 mundum,
3074 2270 3308 2325 vincere.
3339 2270 3395 2323 lu
3421 2271 3553 2335 Deo,

1981 2355 2152 2425 inquit
2202 2355 2518 2424 Psalmista,
2570 2358 2821 2414 faciemus
2867 2361 3116 2415 virtutem
3167 2362 3392 2433 (Psalm.
3446 2380 3552 2428 va,

1985 2446 2093 2515 H).
2113 2445 2206 2500 Dei
2240 2448 2417 2515 itaque
2447 2449 2678 2511 athletas,
2712 2450 3055 2504 immemores
3086 2455 3397 2507 constantie
3423 2471 3553 2519 suae,

1982 2538 2343 2608 surripiuntur
2392 2540 2676 2611 vaniloqua
2711 2542 2980 2596 hominum
3023 2544 3181 2610 fama,
3217 2544 3420 2599 fallacia
3450 2546 3555 2599 (ἰξυ-

1982 2646 2200 2684 monqu
2231 2632 2504 2686 ventilata.
2538 2632 2824 2687 Nuntiatur
2861 2636 3001 2703 quod
3047 2651 3176 2703 gens
3225 2653 3384 2705 quam
3418 2648 3555 2707 pete~

1984 2730 2104 2776 rent
2146 2723 2426 2777 immanior
2470 2724 2657 2779 bclluis
2687 2726 2959 2792 existeret,
3005 2729 3145 2797 quod
3187 2731 3556 2786 erittlelitatem

1985 2810 2153 2879 epulis
2182 2811 2469 2880 pnnferret.
2518 2814 2657 2882 quod
2698 2817 3009 2882 sanguinein
3058 2818 3397 2873 innocentum
3445 2821 3557 2874 siti-

1986 2910 2087 2966 rt-t,
2123 2903 2263 2971 quod
2294 2904 2580 2957 tiu-istiana
2606 2926 2633 2956 τι
2667 2905 2821 2960 fidem
2853 2907 3180 2974 abhorreret,
3205 2911 3347 2978 quod
3375 2910 3557 2967 salutis

1987 2993 2295 3047 doctoribus
2340 3002 2543 3048 tantum
2584 2996 2856 3066 suppliciis
2887 3007 2941 3051 et
2982 2999 3214 3053 czcdibus
3264 3001 3555 3069 responde-

1987 3093 2098 3147 ret;
2134 3094 2347 3141 sanclos
2373 3086 2586 3154 quidrm
2616 3086 2730 3141 sine
2758 3103 2913 3143 causa
2960 3089 3115 3158 plerli
3161 3106 3350 3160 posse,
3383 3092 3558 3145 hostes

305 3184 435 3236 tiam
464 3226 477 3246 ,
506 3185 749 3236 omnibus
779 3183 912 3236 bene
938 3182 1046 3253 [ΑΙ.
1085 3177 1249 3249 pene]
1289 3180 1514 3247 provisis
1539 3194 1657 3247 qua:-
1703 3179 1882 3233 mundi
1914 3185 1956 3243 ο
1989 3184 2162 3228 autem
2206 3175 2446 3229 veritatis
2493 3192 2589 3229 nec
2638 3178 2843 3231 ratione
2875 3193 2973 3233 nec
3011 3179 3172 3245 signis
3221 3177 3378 3233 ﬂecti.
3426 3179 3557 3236 Hine

303 3273 598 3343 peregrinis
624 3281 1007 3342 competerent,
1062 3271 1171 3326 Deo
1215 3281 1268 3324 et
1311 3271 1512 3331 angelis
1558 3270 1703 3339 pacis
1731 3285 1880 3324 como

302 3362 537 3427 mendat,
579 3369 632 3414 et
671 3362 723 3415 in
765 3363 902 3415 viam
942 3368 1211 3430 perpetua:
1236 3360 1421 3414 salutis
1449 3359 1699 3413 destinat.
1745 3359 1883 3413 Lon-

304 3468 424 3520 gum
472 3466 554 3506 e~t
589 3468 880 3522 exponere,
910 3452 1004 3507 sed
1033 3452 1176 3521 pium
1206 3458 1287 3506 est
1312 3452 1567 3517 recolere,
1598 3460 1705 3504 tam
1756 3467 1882 3507 san-

303 3555 401 3598 cta:
430 3554 644 3612 tamque
686 3545 867 3598 dulces
907 3543 1096 3597 animae
1126 3542 1403 3596 beatorum
1435 3541 1675 3610 Gregorii
1723 3552 1883 3612 atque

304 3637 578 3703 Augustini
621 3643 1038 3704 sanctorumque
1076 3634 1316 3699 fratrum,
1361 3650 1391 3687 a
1433 3634 1686 3688 maternis
1714 3634 1882 3689 visce-

303 3728 449 3781 ribus
483 3727 866 3781 monasterialis
896 3725 1147 3781 Ecclesia:
1178 3725 1502 3791 avulsarum,
1532 3739 1651 3793 qua:
1678 3725 1879 3794 spicula

304 3817 590 3872 vulneratte
638 3816 913 3871 charitatis
943 3817 994 3869 iu
1023 3818 1358 3884 separatione
1386 3815 1650 3884 corporali
1700 3829 1884 3870 sense-

303 3910 445 3974 rint,
489 3924 621 3977 quas
660 3909 1069 3977 imprecttiones
1110 3909 1278 3960 beatae
1331 3907 1712 3971 restitutionis,
1763 3922 1881 3976 quae

302 3996 555 4066 suspiria,
596 4013 729 4065 quas
766 3997 1031 4068 lacrytnas
1072 3997 1296 4051 invicem
1348 3997 1672 4051 reddiderint
1709 4013 1724 4050 :
1759 4013 1880 4053 cum

302 4104 363 4140 sc
402 4088 538 4141 ultra
591 4088 837 4142 dilectam
885 4088 1159 4157 patriam,
1221 4088 1328 4140 imo
1370 4097 1582 4141 mutuos
1633 4096 1881 4156 aspectus

300 4189 411 4232 tam
440 4179 862 4234 desiderabiliqu
896 4187 1101 4247 patrum
1131 4194 1191 4231 ac
1218 4178 1509 4243 sociorum,
1534 4178 1584 4230 in
1616 4178 1718 4231 hoc
1742 4179 1881 4232 exsi-

300 4269 377 4322 lio
418 4267 625 4324 visuros
665 4285 768 4323 non
808 4276 1116 4338 sperarent;
1158 4276 1210 4320 et
1252 4266 1316 4319 ad
1363 4274 1469 4320 tam
1509 4267 1876 4334 longinquam,

301 4367 412 4410 tam
461 4368 734 4411 externam
774 4357 1094 4421 barbariem,
1145 4366 1359 4423 tamque
1390 4355 1593 4409 incerta
1623 4354 1743 4409 vita:
1772 4356 1879 4408 dis-

300 4447 526 4501 crimina
560 4448 1014 4516 transmigrarent.
1046 4445 1134 4500 Sic
1163 4445 1433 4513 quondam
1463 4460 1640 4499 arcam
1672 4445 1878 4499 Domini

1989 3277 2115 3329 ergo
2146 3262 2487 3332 deSperautes
2520 3266 2699 3318 talium
2730 3268 2885 3321 saluti
2910 3275 2960 3319 et
2983 3285 3079 3321 suo
3108 3267 3390 3337 profcctui,
3423 3287 3557 3340 prte-

1987 3354 2217 3421 positum
2261 3370 2413 3408 suum
2464 3356 2613 3407 reniti
2650 3372 2752 3410 non
2779 3357 3042 3410 valentem
3075 3359 3460 3427 Augu-tinum,
3489 3363 3555 3415 ad

1987 3445 2201 3499 beatum
2230 3445 2544 3512 Gregorium
2576 3448 2747 3502 fecere
2778 3449 3042 3517 legatum,
3074 3467 3231 3521 quem
3264 3454 3462 3521 Anglis,
3511 3456 3557 3512 si

1986 3532 2251 3587 Christum
2298 3537 2651 3605 susciperent,
2695 3538 2917 3594 dederat
2958 3541 3298 3611 episcopum;
3345 3554 3560 3602 orantes

1986 3624 2279 3679 humillime
2309 3642 2404 3695 per
2433 3628 2623 3695 ipsum,
2658 3639 2921 3697 quatenus
2943 3645 3035 3684 eos
3061 3632 3367 3687 absolveret
3390 3649 3418 3687 a
3446 3644 3555 3689 tam

1985 3717 2285 3783 periculoso
2332 3727 2385 3770 et
2432 3717 2760 3773 infructuosa
2807 3721 2945 3789 apud
2990 3722 3197 3789 ignotas
3225 3724 3428 3792 linguas
3452 3727 3559 3780 dis-

1984 3809 2178 3877 pendio
2209 3809 2467 3873 lalurum,
2497 3820 2549 3863 et
2598 3812 2860 3879 placitum
2893 3814 2957 3867 ad
2988 3831 3080 3868 sua
3113 3830 3273 3870 annui
3290 3826 3372 3870 ret
3420 3819 3560 3872 redi-

1985 3907 2115 3953 tum.
2148 3898 2303 3953 Tales
2331 3902 2472 3953 enim
2505 3902 2676 3954 adhuc
2706 3912 2857 3955 erant
2885 3904 3119 3972 invalidi,
3162 3914 3217 3960 et
3242 3907 3305 3960 ad
3334 3907 3559 3962 domini-

1983 4003 2099 4042 cam
2129 3989 2339 4056 quideui
2372 3989 2759 4058 expeditionem
2790 3992 3041 4061 prompti,
3067 3994 3158 4049 sed
3207 3996 3557 4057 inexercitati,

1983 4078 2117 4131 sicut
2146 4079 2411 4147 quondam
2457 4080 2696 4148 discipuli
2730 4081 2957 4147 Domini,
3007 4086 3264 4151 volentes,
3314 4088 3406 4142 sed
3455 4104 3557 4143 non

1987 4171 2225 4223 valentes
2266 4171 2408 4224 illum
2451 4172 2514 4224 ad
2561 4173 2860 4240 passionem
2891 4176 3061 4244 sequi,
3115 4177 3325 4231 interim
3366 4179 3559 4233 conde»

1982 4262 2175 4316 bantur
2202 4260 2299 4315 sub
2329 4264 2498 4332 asylo,
2527 4263 2698 4318 donec
2730 4266 2885 4318 induc
2910 4278 3071 4319 'c-ntur
3096 4268 3290 4321 virtute
3319 4283 3385 4322 ex
3416 4269 3557 4331 alto;

1982 4354 2092 4405 visa
2122 4368 2247 4406 vero
2277 4353 2439 4422 ipsius
2468 4355 2876 4410 resurrectionis
2922 4366 2973 4411 et
3001 4358 3327 4413 ascensionis
3368 4360 3557 4426 gloria,

1985 4443 2057 4496 ita
2103 4454 2224 4496 sunt
2246 4444 2461 4497 animati
2490 4453 2542 4497 et
2570 4444 2798 4514 Spiritus
2825 4445 3067 4501 Paracliti
3098 4463 3321 4517 capaces
3350 4450 3557 4515 effecti,

300 4539 532 4594 ferentes
561 4556 731 4593 vactm
750 4583 765 4608 ,
809 4550 863 4593 et
890 4549 1009 4608 post
1038 4537 1193 4593 fmtus
1233 4537 1527 4591 abstractos
1556 4538 1877 4604 mugiebant,
1913 4559 1962 4617 ι)
1986 4541 2043 4586 ιιι
2068 4533 2372 4601 passionum
2404 4535 2567 4604 ipsius
2597 4537 2871 4605 participio
2902 4538 3016 4605 plus
3044 4539 3357 4606 gauderent,
3403 4557 3559 4610 quam

301 4637 359 4682 et
405 4638 579 4683 tamen
618 4646 647 4681 a
691 4638 835 4683 recta
878 4629 977 4681 via:
1026 4628 1164 4681 linea
1216 4642 1474 4694 nusquam
1521 4626 1878 4681 declinabant.

300 4716 481 4773 Sancti
512 4734 741 4787 namque
770 4727 959 4773 euntes
989 4718 1135 4772 ibant
1162 4726 1215 4770 et
1242 4715 1435 4771 flebant
1468 4715 1790 4769 transeundo
1814 4716 1881 4769 ad

301 4808 422 4862 vitae
454 4811 703 4878 patriam,
754 4809 1027 4863 mittentes
1076 4809 1127 4863 in
1181 4807 1427 4878 lacrymis
1471 4806 1675 4860 semina
1713 4806 1882 4859 virtu-

305 4909 413 4952 tum
441 4917 454 4953 :
485 4901 757 4954 venientes
787 4908 965 4954 autem
996 4902 1213 4955 venient
1239 4901 1289 4953 in
1318 4898 1728 4963 resurrectione,
1761 4914 1881 4953 cum

302 4990 634 5044 exultatione
683 5000 957 5060 portantes
986 4992 1288 5060 manipulos
1320 4990 1509 5045 laetitia:
1542 4991 1611 5046 de
1652 4992 1796 5047 luctu
1827 5002 1882 5047 et

301 5090 493 5134 morte.
552 5082 736 5138 Annus
786 5091 909 5136 tunc
966 5090 1082 5136 erat
1134 5083 1201 5136 ab
1257 5083 1623 5136 incarnatione
1673 5083 1881 5137 Domini

304 5181 366 5235 ⁸,
420 5172 862 5239 sexcentesimus,
921 5172 1250 5241 principatus
1300 5180 1477 5225 autem
1529 5170 1756 5225 Mauritii
1814 5173 1881 5226 ab

302 5261 539 5328 Augusto
576 5260 997 5331 quinquagesimi
1026 5262 1198 5332 qu-irti
1244 5276 1413 5316 annus
1459 5270 1679 5330 quartus
1732 5260 1880 5315 deci-

301 5363 465 5412 mus,
522 5362 590 5403 ex
646 5364 753 5418 quo
807 5365 933 5405 vero
987 5350 1137 5418 Angli
1190 5349 1512 5404 Britanniam
1578 5350 1884 5406 invaserant

302 5455 472 5494 anuus
516 5441 731 5494 circiter
765 5442 1087 5496 centesimus
1128 5442 1626 5510 quinquagesimus,
1677 5442 1886 5497 ordina-

303 5594 471 5674 fuisse.
490 5596 553 5647 ub
586 5612 723 5676 anno
881 5614 1036 5678 usque
1077 5596 1362 5678 etiamtum
1534 5597 1763 5650 ‘Comuli
1790 5615 1879 5665 po-

305 5675 397 5716 test
429 5667 530 5717 rita
559 5667 725 5717 sancti
754 5664 836 5719 (ἐν.
855 5664 1007 5734 gorii,
1043 5666 1099 5717 ξιξ
1120 5664 1299 5719 Martii
1320 5682 1381 5719 ea:
1398 5664 1702 5731 Mss.edita,
1733 5664 1876 5731 c.7Itt,

304 5742 352 5786 ct
380 5745 555 5786 nostra
588 5734 774 5787 ibidem
803 5737 1085 5789 Armatum.

378 5817 398 5837 "
445 5802 556 5858 Imo
582 5807 744 5857 solum
786 5816 889 5858 erat
922 5823 1084 5858 annus
1118 5806 1215 5859 39ἒὶ
1237 5823 1354 5860 a'ra:
1388 5808 1687 5874 communis,
1733 5824 1880 5877 a'que

1986 4624 2235 4677 timerent
2282 4625 2426 4679 illum
2475 4627 2538 4680 ad
2591 4627 2787 4681 aethera
2837 4629 3106 4698 subsequi.
3162 4630 3377 4687 Poterat
3437 4643 3560 4691 tunc

1985 4714 2305 4782 magnanimi
2370 4713 2612 4783 Gregorii
2670 4716 2941 4781 charitas,
2992 4718 3142 4788 quasi
3192 4718 3258 4774 de
3308 4719 3561 4778 frustrato

1985 4806 2217 4872 iucmpto
2282 4813 2335 4858 et
2401 4808 2465 4859 de
2522 4806 2760 4861 ludibriis
2808 4808 3102 4862 timmonum
3174 4810 3561 4881 insultantium,

1983 4898 2311 4969 perturbari,
2342 4898 2441 4952 nisi
2470 4908 2711 4968 speraret
2757 4901 2807 4953 in
2848 4901 3062 4955 nomine
3093 4900 3323 4969 Domini,
3372 4903 3424 4957 in
3455 4919 3560 4972 quo

1982 5005 2077 5045 sua
2118 4999 2291 5060 empta
2322 4990 2573 5046 credebat
2619 4990 2840 5047 feliciter
2885 4993 3088 5062 perlici.
3134 4992 3390 5063 Repletus
3433 5010 3560 5063 ergo

1983 5083 2170 5151 spiritu
2215 5082 2442 5146 virtutis,
2492 5083 2654 5135 mittit
2684 5098 2778 5151 per
2806 5083 2993 5138 ducem
3026 5084 3376 5150 Augustinum
3406 5084 3560 5140 Chri-

1983 5174 2048 5227 sti
2082 5173 2372 5241 pvregrinis
2422 5176 2557 5227 hanc
2583 5173 2862 5242 epistolam
2891 5183 3122 5243 patorum
3152 5173 3559 5237 exhortationis,

1983 5264 2214 5317 suadens
2269 5273 2321 5317 et
2376 5263 2473 5332 ipsi
2528 5265 2954 5333 obtemperare,
3012 5265 3259 5333 viamque
3316 5271 3370 5315 et
3425 5279 3561 5332 opus

1985 5364 2239 5425 emptum,
2268 5370 2436 5423 usque
2464 5354 2531 5408 ad
2563 5357 2792 5426 palmam
2820 5365 2874 5411 et
2900 5373 3153 5412 ceronam
3182 5354 3361 5421 gloria:
3386 5354 3437 5409 in
3468 5355 3559 5411 Dei

1986 5444 2250 5511 adiutorio
2276 5444 2500 5498 fidenter
2526 5446 2799 5515 perlicere.

1984 5599 2079 5653 ille»
2114 5610 2223 5684 erat
2268 5601 2513 5684 Mauricii
2559 5601 3057 5684 {turtusnde’ci’mua
3100 5602 3336 5684 Gregorii
3388 5620 3558 5675 papa,

1985 5680 2197 5742 quartus
2244 5674 2362 5742 quin
2402 5684 2450 5726 et
2498 5670 2710 5727 indictio
2760 5672 2996 5742 “infra
3131 5670 3348 5741 epistola
3389 5670 3560 5728 sancti

1987 5738 2217 5809 Gregorii
2245 5738 2397 5796 etiam
2420 5744 2592 5795 citata.
2625 5742 2773 5810 Apud
2802 5738 2994 5794 Bedam
3020 5740 3109 5794 lib.
3142 5738 3177 5808 ι’,
3211 5759 3256 5798 c.
3289 5743 3375 5809 23,
3407 5744 3559 5797 omit-

1988 5811 2107 5861 titur
2134 5827 2295 5865 «unus
2327 5811 2531 5865 Christi.
