4118 6332
521 295 584 349 ,5
1319 291 1620 345 St'NC'lUS
1663 289 2090 345 AL‘CUS’I‘thS
2131 291 2499 350 .-\.V3l.tblt£\l
2545 296 2942 352 APUSTOLL‘S
3711 301 3781 358 δεῖ

585 405 634 458 7.
675 404 817 470 Greg
841 405 986 468 irius,
1014 419 1172 456 scrvu
1245 417 1519 458 servorum
1552 401 1666 468 Dei,
1691 401 1856 455 servis
1885 399 2093 454 Domini
2127 406 2165 457 Α
2201 404 2326 456 mali
2393 412 2447 458 ut
2491 403 2682 460 fortius
2736 421 2894 476 quam
2944 414 3218 476 coeperant
3255 415 3430 477 coepta
3468 421 3782 478 percurrere

514 499 698 552 nostri.
731 499 864 564 Quia
899 497 1085 549 melius
1118 495 1284 549 fuerat
1317 496 1456 548 bona
1487 509 1590 547 non
1622 493 1882 563 incipere,
1933 508 2094 561 quam

511 591 579 643 ab
609 589 688 642 his
713 603 833 659 qua:
864 596 1038 656 empta
1064 594 1188 640 sunt
1215 585 1538 654 cogitatione
1568 595 1858 639 ri-trorsum
1889 584 2092 650 redire;

509 695 720 734 summo
767 679 978 738 studio,
1032 679 1358 733 dilectisimi
1411 677 1540 741 lilii,
1595 687 1807 746 Oportet
1856 687 1910 730 ut
1961 692 2096 744 opus

509 775 728 837 bonum,
775 773 916 839 quod
945 773 1086 824 auxit
1110 763 1233 825 ante
1265 771 1492 825 Domino
1518 772 1775 840 coepistis,
1809 771 2091 840 impleatis.

508 862 615 915 Nec
647 877 772 931 ergo
801 862 953 916 labor
981 879 1090 922 vos.
1139 877 1240 914 nec
1279 862 1660 916 maledicorum
1690 863 1961 915 hominum
1995 863 2094 914 liii-

506 971 621 1018 gum
666 955 1008 1018 deterreant;
1059 953 1147 1006 sed
1197 956 1340 1008 omni
1393 955 1662 1020 instantia,
1711 956 1962 1025 omnique
1991 954 2094 1008 fer-

510 1062 656 1104 vore,
687 1061 803 1116 qua:
831 1046 1137 1111 inchoastis,
1167 1047 1278 1100 Deo
1305 1056 1547 1114 auctore,
1577 1049 1833 1117 peragite,
1863 1050 2094 1103 scientes

507 1143 646 1204 quod
695 1138 929 1190 laborem
981 1153 1232 1203 magnum
1267 1139 1438 1208 major
1464 1148 1678 1194 interna:
1726 1142 2092 1196 retributionis

504 1225 671 1289 gloria
721 1227 981 1294 sequitur.
1036 1227 1311 1282 lierwanti
1354 1237 1529 1280 autem
1563 1229 1854 1295 Augustino
1888 1246 2092 1300 praepo-

503 1317 606 1368 sito
635 1326 833 1374 vestro.
868 1334 1029 1386 quem
1062 1329 1114 1372 et
1144 1320 1334 1372 abbate
1359 1337 1388 1370 n
1422 1319 1570 1372 vobis
1600 1320 1988 1380 inustitnimus,
2040 1322 2090 1375 in

505 1409 751 1460 omnibus
773 1410 1046 1463 humiliter
1067 1410 1280 1464 obedite
1298 1429 1312 1476 ;
1331 1412 1560 1465 scientes
1577 1412 1680 1465 hoc
1693 1413 1880 1464 vestris
1897 1414 2092 1465 anima-

505 1499 600 1550 bus
649 1516 744 1566 per
789 1485 962 1554 omnia
1011 1502 1364 1569 profuturum.
1415 1502 1667 1572 quidquid
1697 1518 1723 1554 a
1755 1505 1905 1556 Vobis
1937 1503 2093 1557 fuerit

507 1587 557 1640 in
602 1590 717 1656 ejus
765 1591 1128 1644 admmiitioue
1182 1593 1526 1661 completum.
1557 1592 1906 1661 Omnipotens
1957 1593 2093 1647 Deus

505 1694 598 1732 sua
628 1697 724 1734 vos
749 1682 917 1748 gratia
947 1690 1212 1750 protegat,
1245 1690 1298 1735 et
1327 1684 1489 1736 vestri
1521 1683 1719 1736 laboris
1766 1683 1991 1736 fructum
2039 1683 2089 1736 in

2200 492 2461 563 intrepide
2506 495 2829 563 gauderent,
2876 506 2930 549 et
2979 510 3128 550 more
3175 497 3500 568 Optimorum
3554 497 3783 554 militum

2197 586 2371 640 acrius
2394 595 2514 656 post
2536 585 2710 656 fugam
2735 586 3016 642 victoriam
3049 594 3451 657 cxtorqucrent.
3479 587 3627 641 Ibant
3656 603 3784 658 ergo

2197 691 2314 730 cum
2345 677 2652 733 cmlestibus
2695 677 3010 732 animalibus
3047 686 3171 730 ante
3201 677 3363 731 facies
3408 692 3563 742 snas,
3594 689 3648 732 et.
3677 696 3784 734 non

2197 768 2601 822 revertebantur
2629 784 2747 823 cum
2774 767 3104 823 incederent.
3136 767 3252 822 Jam
3283 767 3361 822 eis
3381 767 3491 822 dux
3517 783 3645 824 suus
3673 785 3784 823 tua-

2196 845 2475 923 gnanimus
2499 858 2831 928 Gregoriano
2857 875 2952 914 ore
2989 858 3170 914 dicere
3215 859 3498 913 videbatur
3539 860 3788 928 Augusti-

2198 965 2296 1003 nus
2323 968 2334 1002 :
2377 951 2511 1003 Cum
2539 951 2872 1019 iucunditate
2903 950 3137 1016 exibitis,
3171 961 3224 1004 et
3251 965 3370 1004 cum
3401 951 3594 1020 gaudio
3614 952 3784 1006 dedu-

2195 1041 2388 1094 ceinini
2417 1064 2423 1089 -.
2457 1057 2576 1094 nam
2605 1050 2658 1095 et
2686 1052 2894 1095 montes
2940 1055 3124 1109 reges,
3156 1050 3209 1095 et
3239 1041 3406 1096 colles
3435 1042 3597 1097 duces
3635 1045 3789 1098 vobis

2195 1131 2466 1194 chil‘ent,
2497 1141 2871 1202 cx-pectantes
2909 1148 3006 1186 vos
3041 1133 3314 1202 suscipere
3353 1149 3473 1188 cum
3503 1135 3715 1201 gaudio.
3743 1132 3791 1188 Ο

2197 1222 2512 1276 immensum
2537 1223 2816 1290 gaudium,
2839 1238 2965 1290 quo,
2991 1222 3116 1277 licet
3151 1239 3247 1292 per
3274 1225 3467 1279 acerba
3495 1235 3547 1280 et
3573 1241 3787 1294 aspera,

2196 1311 2302 1367 itur
2330 1314 2393 1366 ad
2423 1314 2815 1368 interminabile
2857 1330 3080 1384 regnum
3111 1331 3231 1370 cum
3269 1315 3590 1370 indelicienti
3630 1318 3787 1387 cepia

2196 1405 2506 1460 meritorum
2537 1415 2592 1460 et
2617 1407 2757 1460 dulci
2790 1407 2962 1462 fructu
3006 1408 3348 1474 qumsitorum
3381 1408 3488 1463 Deo
3519 1409 3783 1464 liliorum!

2194 1497 2320 1552 Haec
2361 1494 2716 1566 intelligentes
2763 1501 2934 1553 sancti
2969 1498 3291 1554 festinabant
3330 1517 3426 1571 per
3465 1503 3686 1557 adversa
3730 1510 3791 1558 et

2196 1604 2474 1658 pro-pera,
2529 1603 2624 1658 per
2673 1589 2827 1654 plana
2876 1599 2930 1643 et
2979 1590 3221 1656 dumosa,
3274 1591 3500 1645 transire
3543 1593 3611 1645 ad
3659 1606 3786 1649 vera

2197 1680 2441 1748 praemia;
2473 1680 2538 1732 ad
2561 1680 2742 1734 omnia
2775 1680 3065 1749 patientes,
3096 1696 3264 1746 usque
3295 1679 3361 1734 ad
3394 1690 3622 1735 mortem
3663 1683 3787 1736 facti

507 1778 708 1824 :cterna
761 1787 846 1826 me
885 1773 1054 1841 patria
1097 1773 1281 1827 vi-leze
1323 1773 1583 1827 com-edat
1626 1792 1638 1823 :
1682 1783 1944 1842 quatenus
1992 1774 2091 1828 etsi
2131 1770 2169 1827 Β
2198 1771 2528 1826 obedientes.
2561 1771 2704 1825 [nter
2729 1779 2805 1826 tot
2831 1781 3011 1825 autem
3039 1772 3295 1826 virtutum
3339 1772 3529 1826 merita
3572 1788 3792 1842 semper

505 1864 776 1916 vobiscum
808 1865 1051 1919 laborare
1080 1881 1287 1932 nequeo
1311 1909 1324 1932 ,
1352 1867 1505 1919 simul
1552 1867 1603 1920 in
1650 1867 1842 1934 gaudio
1864 1881 1924 1920 re
1950 1865 2091 1919 ribu-

505 1955 664 2008 tionis
693 1957 928 2023 eveniar,
966 1959 1086 2026 quia
1120 1959 1362 2013 laborare
1401 1959 1607 2014 scilicet
1636 1959 1775 2012 volo.
1827 1959 1964 2012 Deus
2001 1973 2093 2013 vos

503 2045 794 2101 incolumes
839 2048 1136 2114 custodiat,
1177 2051 1504 2105 dilectissimi
1551 2050 1662 2104 lilii.
1712 2049 1840 2102 Data
1882 2049 1967 2103 die
1994 2051 2090 2102 de.

504 2137 638 2192 cinia
687 2138 1041 2194 Kalendarqu
1092 2144 1478 2210 Augudaruin,
1530 2143 1824 2211 imperante
1873 2142 2090 2195 domino

508 2239 690 2285 nostro
731 2231 886 2286 Maur
907 2235 982 2286 tio
1013 2235 1224 2288 Tiberio
1255 2235 1494 2303 p'issimo
1532 2233 1790 2301 Augusto,
1823 2247 1964 2286 anno
1992 2232 2089 2285 de-

504 2321 647 2376 cimo
673 2332 863 2390 quarto
882 2365 894 2384 ,
927 2334 1046 2390 post
1075 2324 1410 2378 consulatum
1432 2324 1669 2392 ejusdem
1693 2326 1891 2380 ilo-riui
1923 2326 2090 2381 nostri

504 2429 644 2467 anno
673 2415 880 2470 thlell')
913 2417 1087 2480 tertio,
1118 2417 1408 2471 indictione
1435 2416 1636 2472 decima
1665 2426 1874 2484 quarta.

573 2523 626 2577 8.
691 2524 991 2580 Arelatensi
1043 2542 1254 2596 quoque
1307 2528 1664 2598 archiprmsuli
1698 2528 1986 2598 Etherio,
2034 2541 2092 2585 ut

503 2612 799 2686 Angit-tino
845 2618 1065 2690 ejusque
1106 2622 1268 2676 sociis
1318 2620 1514 2675 Christi
1546 2622 1734 2690 legatis
1782 2623 1831 2677 in
1881 2623 1921 2677 Β
1954 2624 2091 2678 itau-

504 2707 644 2761 niain
677 2711 974 2764 necessaria
1007 2712 1196 2765 solatia
1245 2713 1571 2780 provideret,
1645 2723 1694 2768 ta
1728 2715 1958 2785 scripsit,
2007 2731 2091 2769 se-

503 2803 731 2855 cundum
783 2819 975 2857 nomen
1022 2821 1174 2858 suum
1207 2807 1453 2862 onmibus
1483 2809 1724 2877 vigilans,
1768 2809 2028 2878 Gregoriu
2072 2831 2089 2872 :

505 2889 969 2947 Reverenili~siino
999 2904 1051 2947 et
1079 2897 1413 2951 sanctissimo
1440 2897 1586 2951 fratri
1619 2898 1863 2954 JEIherio
1885 2903 2089 2970 coepis-

503 2997 643 3050 copo
672 2983 959 3051 Gregorius
988 3001 1174 3040 servus
1203 3002 1478 3042 servorum
1526 2989 1617 3043 Dei
1683 2989 1767 3058 (L.
1815 3007 1867 3056 ν,
1915 2991 2084 3062 Epi.t.

505 3069 614 3140 55).
651 3071 793 3128 Licet
825 3075 963 3143 apud
1007 3076 1334 3141 sacerdotes,
1379 3079 1636 3134 habentes
1682 3081 1792 3135 Deo
1841 3081 2087 3151 placitam

504 3163 838 3230 charitatem,
871 3166 1103 3234 religiosi
1135 3168 1229 3221 viri
1262 3157 1456 3222 nullius
1501 3172 1966 3227 cou‘nuendatione
2004 3173 2087 3226 iu-

503 3256 748 3323 digeaut;
794 3258 916 3326 quia
967 3268 1140 3312 tamen
1174 3271 1356 3328 aptum
1387 3262 1649 3316 scribendi
1681 3279 1739 3318 se
1769 3275 1974 3334 tempus
2007 3265 2086 3317 iu—

504 3349 707 3414 ges-it,
761 3349 1110 3404 fiatirnitatis
1161 3360 1348 3406 vestra:
1400 3361 1577 3406 nostra
1635 3354 1844 3408 mittere
1892 3370 1978 3408 εει·
2003 3363 2087 3422 pta

502 3439 826 3502 curavimus,
878 3441 1206 3496 insinuantes
1255 3442 1476 3496 latorem
1521 3459 1554 3512 p
1584 3445 1859 3498 aesen'ium
1909 3445 2089 3510 Augu-

501 3531 721 3597 stinum,
768 3547 979 3586 servum
1030 3534 1144 3598 Dei,
1194 3535 1260 3588 de
1303 3533 1455 3603 cujus
1485 3537 1614 3589 certi
1659 3553 1844 3591 sumus
1887 3537 2090 3605 studio,

501 3637 622 3676 cum
655 3624 770 3676 aliis
798 3624 966 3678 servis
997 3623 1089 3679 Dei
1123 3626 1244 3680 illuc
1276 3642 1371 3679 nos
1401 3643 1495 3695 pro
1531 3628 1758 3682 utilitate
1789 3629 2086 3682 animarum

501 3708 792 3762 auxiliante
838 3709 948 3763 Deo
991 3710 1249 3764 direxisse
1278 3729 1290 3762 :
1315 3727 1473 3780 quem
1526 3729 1681 3766 ncces
1712 3729 1741 3766 e
1781 3722 1862 3767 est
1903 3722 1959 3766 ut
1999 3729 2087 3768 sa-

500 3799 758 3854 cerdotali
799 3799 977 3855 studio
1024 3801 1292 3856 Sanctitas
1329 3803 1514 3858 Vestra
1563 3804 1797 3871 adjuvet,
1834 3815 1887 3858 et
1915 3819 2010 3858 sua
2039 3803 2088 3858 ei

499 3892 686 3946 solatia
710 3893 944 3960 pncbcre
965 3892 1176 3946 festinet
1195 3903 1237 3946 ".
1259 3893 1354 3948 Cui
1375 3895 1534 3948 etiam
1563 3903 1621 3948 ut
1639 3895 1992 3963 promptiores
2021 3895 2088 3950 ad

498 3981 892 4049 sulfragandum
926 4000 1036 4052 pos-
1054 3985 1139 4038 itis
1167 3985 1415 4049 existere,
1449 4001 1662 4039 causam
1713 3986 1864 4040 vobis
1912 3987 2087 4055 injun-

503 4075 676 4128 ximus
721 4075 988 4127 suiitifitrr
1025 4074 1281 4141 indicare,
1329 4078 1558 4130 scientes
1585 4077 1729 4146 quod
1759 4094 1819 4131 ea
1851 4079 2084 4148 cognita,

501 4175 610 4220 tota
662 4182 758 4220 vos
806 4176 1021 4234 propter
1066 4167 1230 4220 Dum
1278 4168 1562 4221 devotione
1592 4169 1655 4220 ad
1705 4169 2086 4239 solatianilum,

499 4259 622 4326 quTa
656 4266 708 4311 et
739 4274 823 4311 res
850 4257 1007 4325 (xigit
1040 4299 1054 4322 ,
1105 4258 1470 4312 ronnnodetie.
1507 4259 1796 4312 Candidum
1830 4271 2084 4328 praeterea

485 4350 885 4446 ’presbytcrmu,
921 4364 1260 4403 communem
1293 4347 1341 4401 iil
1367 4366 1477 4414 um,
1511 4365 1667 4418 quem
1713 4350 1776 4402 ad
1825 4353 2085 4419 guberna-

501 4442 698 4493 tionem
747 4455 780 4509 ι)
819 4441 1104 4494 trinoniali
1146 4440 1382 4494 ecclesia:
1430 4457 1498 4493 no
1532 4449 1625 4494 tne
1671 4443 2080 4509 transmisimus,

2199 1864 2410 1917 beatum
2454 1865 2804 1932 Augustinum
2851 1865 3250 1919 comitabantur
3297 1866 3676 1921 miraculorum
3707 1867 3791 1921 lit-

2197 1955 2337 2008 mina
2367 1973 2380 2004 :
2414 1971 2477 2009 ex
2517 1957 2711 2026 quibus
2755 1956 3045 2010 innumeris
3076 1955 3125 2008 in
3171 1956 3560 2024 Andegavensi,
3606 1958 3788 2026 opima

2194 2044 2377 2099 Gallia:
2408 2047 2709 2114 provincia,
2755 2046 3160 2100 celeberrimum
3207 2055 3286 2100 est
3355 2047 3496 2115 quod
3544 2047 3612 2100 ibi
3659 2056 3790 2100 tunc

2195 2135 2503 2202 peregrinus
2550 2135 2828 2189 exhibuit:
2862 2151 2958 2206 pro
3004 2152 3112 2205 quo
3156 2135 3273 2204 ejus
3325 2137 3512 2190 honori
3563 2136 3786 2191 ecclesia

2196 2222 2506 2278 consecrata
2531 2226 2728 2280 nul'am
2751 2242 2981 2294 unquam
3006 2228 3321 2282 feminarum
3345 2243 3374 2280 a
3391 2229 3595 2281 imittit.
3635 2226 3790 2282 Unde

2194 2315 2343 2368 multi
2377 2316 2772 2370 honoratissimi
2819 2316 2916 2370 viri
2968 2317 3464 2385 Andegavensium,
3505 2319 3788 2373 venientes

2193 2404 2534 2458 Cantuariam
2567 2406 2630 2460 ad
2653 2416 2892 2461 sanctum
2921 2407 3291 2475 AuguStinum,
3322 2409 3667 2462 vehementer
3694 2410 3789 2462 ad-

2196 2496 2544 2562 mirabantur,
2590 2498 2714 2563 hic,
2762 2499 2848 2552 ubi
2903 2499 3256 2568 corporaliter
3303 2500 3628 2570 requiescit:
3678 2508 3788 2554 tam

2194 2586 2335 2641 licite
2358 2597 2412 2641 et
2441 2588 2604 2642 libere
2634 2603 2820 2643 omnes
2863 2589 3084 2644 feminas
3114 2593 3333 2654 intrare,
3368 2608 3526 2660 quam
3560 2591 3629 2645 ibi
3664 2589 3788 2644 nul-

2195 2678 2296 2731 lam
2340 2677 2496 2746 hujus
2541 2678 2767 2733 licentia:
2811 2682 3036 2747 gratiam
3081 2683 3336 2751 consequi
3375 2697 3550 2750 posse.
3582 2682 3790 2749 Quibus

2194 2770 2508 2823 mirantibus
2537 2770 2960 2838 respondebatur
2988 2786 3018 2824 a
3049 2770 3336 2836 fratribus;
3374 2772 3487 2826 illas
3516 2772 3790 2840 videlicet,

2194 2876 2310 2929 quin
2337 2871 2582 2916 sanctum
2618 2861 2979 2931 expulerunt,
3023 2863 3216 2917 merito
3257 2879 3285 2916 a
3317 2879 3412 2915 sua
3444 2863 3670 2918 ecclesia
3705 2879 3789 2917 re-

2195 2951 2353 3020 pelli;
2397 2952 2526 3006 istas
2557 2969 2720 3019 vero,
2768 2969 2884 3021 qua:
2931 2955 3074 3008 hunc
3121 2961 3474 3024 susceperunt
3513 2956 3679 3019 u'tro,
3720 2957 3788 3008 ab

2195 3043 2310 3112 ipso
2340 3044 2535 3097 debere
2566 3043 2753 3114 recipi.
2801 3043 2917 3098 .lam
2969 3045 3094 3098 olim
3140 3045 3338 3115 quippe
3389 3045 3600 3114 plurimi
3650 3047 3790 3100 illius

2141 3146 2160 3204 ς
2192 3135 2363 3204 gentis
2402 3136 2607 3191 nobiles
2637 3145 2686 3190 et
2719 3139 2848 3192 c‘ari
2898 3154 3182 3207 proceres,
3227 3140 3491 3209 siinu'que
3534 3139 3788 3194 ecclesia-

2191 3227 2335 3282 stica:
2356 3227 2623 3296 dignitatis
2647 3230 2924 3282 reverenili
2951 3237 3149 3297 patres,
3175 3230 3225 3282 in
3250 3229 3460 3298 Anglia,
3480 3243 3531 3283 et
3557 3231 3791 3283 maxime

2193 3321 2330 3390 apud
2362 3322 2532 3390 ipsum
2559 3336 2712 3374 suum
2750 3320 2841 3392 [ut
2863 3321 3190 3393 gloriantur]
3220 3331 3506 3393 patronum
3539 3324 3789 3390 Augusti-

2194 3427 2358 3477 num,
2402 3413 2707 3481 frequentes
2755 3415 2941 3468 horum
2971 3454 2986 3480 ,
3031 3429 3150 3483 qua:
3201 3414 3342 3484 apud
3394 3414 3539 3483 ipsos
3587 3418 3790 3482 gessit,

2191 3504 2607 3558 constantissitui
2639 3505 2983 3558 celebrantur
3013 3513 3328 3560 assertores.
3376 3503 3436 3557 lli
3463 3519 3651 3560 omnes
3679 3504 3790 3560 suis

2190 3597 2526 3650 successibus
2569 3598 2946 3652 beatilicabaut
2976 3598 3252 3666 Angliam,
3287 3608 3339 3651 et
3385 3598 3615 3651 maxime
3656 3613 3789 3666 apo—

2190 3689 2433 3743 stolicam
2459 3687 2874 3755 Dorob-erniain,
2899 3690 2950 3742 iu
2982 3690 3174 3744 summi
3209 3689 3486 3757 Augustini
3521 3703 3786 3758 prmroga-

2192 3783 2296 3836 tiva
2339 3793 2394 3838 et
2437 3785 2485 3836 iu
2521 3784 2629 3852 ipsa
2688 3785 2954 3854 corporali
2994 3785 3106 3850 ejus
3155 3786 3435 3854 prementia
3463 3825 3477 3847 ,
3533 3791 3787 3851 tanquam

2189 3876 2456 3946 corporali
2476 3877 2578 3930 vita
2602 3918 2614 3938 ,
2645 3877 2795 3944 cujus
2825 3877 2963 3945 apud
2995 3877 3137 3945 ipsos
3167 3885 3309 3930 esset
3338 3883 3444 3929 tam
3479 3875 3782 3929 indelebilis

2191 3969 2474 4032 memoria,
2528 3977 2581 4020 et
2631 3966 2924 4036 frequentia
2975 3967 3262 4028 miracula,
3311 3966 3390 4019 vel
3441 3968 3670 4035 scripta,
3703 3965 3784 4018 vel

2189 4063 2402 4131 scriptis
2444 4061 2792 4115 C\'ltl(‘,itll=ir3.
2846 4059 2941 4113 llic
2979 4074 3104 4128 ergo
3146 4059 3438 4114 referamus
3479 4075 3541 4112 ex
3575 4058 3784 4130 publica

2191 4157 2402 4218 notitia,
2434 4172 2552 4224 qua:
2584 4154 2651 4208 ibi
2677 4169 2786 4208 sua:
2816 4154 3110 4222 praesentia:
3139 4154 3354 4221 reliquit
3381 4154 3554 4220 signa.

2266 4271 2346 4324 l0.
2387 4270 2562 4338 Agens
2585 4284 2715 4323 sane
2745 4269 3074 4323 Dominicam
3109 4268 3454 4334 legationem,
3485 4277 3541 4321 ut
3574 4282 3757 4335 proauo

2191 4374 2356 4417 tatuui
2383 4372 2480 4425 ist,
2509 4377 2536 4412 a
2564 4361 2726 4413 [inlita
2748 4361 2795 4413 in
2817 4361 3180 4426 Audegaveusi
3200 4358 3472 4428 provincia
3497 4355 3521 4392 ¹¹
3559 4357 3782 4411 Pontetn

2190 4454 2294 4527 [ΑΙ.
2359 4450 2605 4521 l‘on‘um]
2637 4451 2725 4506 Sai
2759 4458 3141 4518 nuncupatum,
3173 4449 3379 4501 milliari
3422 4456 3592 4501 tractu
3623 4463 3781 4518 super

489 4503 743 4614 lli-.haritati
775 4541 960 4584 vestrm
991 4533 1040 4585 in
1068 4531 1316 4586 omnibus
1359 4532 1814 4586 commendamus.
1857 4533 1994 4588 Deus
2032 4544 2085 4590 te
2115 4525 2161 4584 D
2191 4503 2414 4612 Ligeri...
2447 4541 2666 4596 ﬂuvium
2699 4541 2907 4611 lapideo
2939 4555 3103 4610 opere
3143 4539 3458 4609 productqu
3481 4576 3496 4601 ,
3523 4554 3646 4592 cum
3692 4540 3781 4593 illo

501 4625 820 4678 incolumem
848 4624 1132 4691 cnetodiat,
1157 4624 1596 4678 rcveremlissime
1625 4623 1804 4678 frater.
1836 4624 1962 4680 Data
1993 4627 2079 4682 die

485 4697 699 4770 'decima
731 4714 1084 4769 Kalendarum
1112 4717 1492 4784 Augustarum,
1526 4717 1818 4784 imperante
1863 4717 2080 4773 domino

499 4815 683 4860 nostro
741 4806 986 4862 Mauriio
1040 4806 1252 4861 Tiberio
1307 4807 1544 4876 piissimo
1599 4807 1883 4874 Augusto,
1939 4823 2080 4864 anno

497 4909 690 4968 quarto
755 4899 990 4962 decium,
1027 4907 1145 4967 post
1203 4899 1539 4953 consulatum
1592 4887 1828 4965 ejusdem
1882 4898 2083 4953 domini.

499 4993 663 5047 nostri
714 5008 853 5045 anno
905 4993 1060 5045 tertio
1108 4989 1349 5053 decimo,
1408 4991 1698 5046 indirtione
1750 5003 1937 5062 quarta
1987 4993 2080 5049 de-

495 5086 652 5139 cinia.

567 5177 616 5230 9.
662 5175 786 5232 Haec
831 5177 988 5244 igitur
1030 5175 1323 5245 apostolica
1363 5177 1684 5232 documenta
1732 5181 1995 5235 relerente
2025 5190 2080 5236 et

499 5269 655 5323 altius
694 5270 988 5322 intentante
1036 5269 1196 5322 sociis
1245 5269 1566 5340 Augustino,
1599 5270 1668 5324 ita
1712 5281 1834 5326 sunt
1882 5273 2077 5328 conﬁr-

569 5411 590 5438 ο
635 5402 756 5456 Fuit
785 5406 918 5456 inter
946 5406 1108 5458 socios
1137 5405 1286 5475 hujus
1317 5408 1573 5463 missionis
1603 5417 1806 5462 sanctus
1851 5407 2078 5464 Lauren-

499 5476 616 5535 tius,
667 5483 716 5526 et
761 5490 870 5527 sum
889 5475 927 5528 ti
973 5476 1244 5546 Augustini
1290 5479 1343 5529 in
1385 5479 1676 5546 epierpulu
1718 5479 2075 5533 Cnutuariensi

497 5559 772 5606 successor,
822 5546 966 5614 cujus
1011 5545 1165 5600 ritum
1210 5545 1576 5600 illn'stracimus
1615 5549 1683 5600 ad
1730 5550 1862 5602 diem
1897 5550 1930 5600 “2
1971 5549 2075 5601 Fe-

498 5615 713 5678 bruarii,
744 5616 1151 5684 oslendimusque
1191 5620 1421 5671 inrisisse
1457 5635 1568 5670 eum
1600 5619 1649 5670 in
1681 5617 1850 5672 Callia
1881 5621 1974 5672 liae
2003 5638 2079 5673 or-

497 5684 615 5754 dine
668 5686 969 5754 μνία-αρε.
1032 5699 1274 5741 sanctum
1337 5689 1596 5742 Serenum
1653 5687 2075 5754 Massiliensem,

498 5752 796 5810 Protasium
854 5756 1179 5825 Aquenscm.
1217 5757 1316 5823 Vir,
1341 5759 1484 5810 ilium
1519 5758 1902 5827 Arelatensem,
1958 5752 2077 5814 san-

2182 4647 2371 4692 samto
2418 4637 2585 4690 choro
2655 4635 2861 4688 transiit
2905 4635 3197 4689 sociorum.
3248 4633 3452 4700 Qubus
3516 4632 3781 4700 adjacenti

2183 4731 2323 4785 villae
2362 4730 2448 4783 Sii
2479 4727 2718 4796 ejusdem
2750 4727 2976 4782 nominis
3005 4727 3322 4781 conantibus
3351 4727 3668 4790 succedere,
3701 4726 3781 4780 in-

2186 4824 2318 4876 colzc
2360 4821 2705 4874 bostilitatem
2737 4834 2832 4888 pro
2863 4819 3228 4886 hospitalitate
3257 4819 3570 4879 restituere;
3618 4829 3672 4872 et
3698 4826 3778 4874 tot

2189 4912 2434 4965 homines
2484 4910 2788 4980 peregrinm
2813 4949 2832 4975 ,
2867 4907 3102 4976 ped-nstri
3134 4908 3339 4963 incessu
3370 4918 3425 4963 et
3463 4909 3644 4962 habitu
3676 4909 3777 4964 hu-

2186 5001 2536 5070 miles,qun~i
2583 5009 2659 5052 tot
2711 5001 2859 5067 lupos
2909 5005 2963 5051 et
3012 4999 3188 5065 ignota
3232 5009 3466 5055 monstra
3509 5001 3772 5068 repuiere.

2187 5095 2254 5145 At
2306 5109 2365 5146 re.
2399 5112 2430 5145 o
2486 5092 2808 5144 muliercula:
2865 5089 3022 5145 simul
3074 5092 3413 5159 glomerato,
3469 5101 3618 5145 tanta
3667 5109 3774 5148 non

2185 5186 2344 5238 m.._nlo
2391 5183 2733 5240 irreverentia
2755 5223 2771 5248 ,
2802 5183 2894 5237 sed
2942 5183 3144 5237 insania
3166 5223 3181 5245 ,
3216 5184 3457 5250 ululatu,
3494 5183 3770 5254 despectu,

2182 5275 2628 5329 subsannatione.
2668 5273 2936 5328 derisione
2982 5273 3032 5327 in
3075 5283 3290 5329 sanctos
3336 5274 3460 5340 Dei,
3508 5283 3635 5330 sunt
3674 5274 3743 5330 de
3803 5317 3810 5326 .

2181 5420 2322 5466 cluzu
2383 5407 2708 5464 Desiderium
2757 5407 3137 5475 Viennensem,
3188 5407 3489 5464 Etherium
3553 5407 3769 5476 Lugdu-

2182 5496 2420 5539 nensem,
2453 5495 2722 5548 perperam
2764 5478 2844 5531 hic
2884 5480 3171 5534 Arelatensi
3197 5480 3308 5533 sedi
3338 5480 3580 5533 tributum
3606 5497 3622 5533 :
3645 5495 3768 5534 sau-
3807 5497 3810 5500 '

2180 5560 2324 5604 ctuzn
2365 5549 2627 5620 Siagrium
2657 5551 3229 5616 Augustodunensem;
3261 5550 3325 5602 de
3363 5550 3542 5620 quibus
3571 5549 3767 5604 consuli

2182 5629 2388 5688 possunt
2418 5619 2604 5672 ibidem
2634 5632 2901 5675 annotata.
3378 5619 3383 5620 ⁷
3437 5629 3444 5636 ’

2257 5704 2277 5726 υ
2323 5688 2616 5760 [ξομε-δην,
2640 5693 2785 5760 eutgo
2817 5692 2864 5744 le
2893 5689 3029 5746 Pont
3060 5691 3124 5746 de
3155 5692 3259 5758 ϐό,
3307 5691 3449 5746 Alias
3479 5689 3620 5744 Pons
3646 5687 3766 5745 Cre~

2185 5763 2351 5824 saris;
2388 5762 2455 5812 ito
2493 5758 2736 5813 Munitio.
2879 5781 2886 5786 -
