4118 6332
274 339 330 389 $7
1471 333 1621 388 VITA
1662 332 1903 389 SANCTI
1945 331 2328 389 ACCUSTINI.
3468 336 3537 389 ξε

276 449 566 513 iacebam,
592 457 650 501 ut
678 447 772 501 viri
805 448 854 502 in
877 449 1076 502 temnes
1095 446 1180 501 vel
1210 447 1409 501 innoxii
1439 447 1671 515 quodam
1696 446 1853 501 modo
1883 454 1927 506 Α
1960 453 2138 498 nos:ra
2185 443 2537 513 perdidimus,
2572 460 2669 499 nec
2714 462 2743 500 a
2777 449 2938 501 tantis
2968 449 3170 518 angelis
3216 448 3407 504 saltczu
3436 449 3534 505 be-

216 588 219 591 ,
287 561 317 596 u
366 541 555 596 eadem
610 540 916 595 viderentur
959 538 1378 609 comparatione.
1409 539 1519 595 Nec
1569 540 1850 594 sutfecerat

270 632 510 702 sjccisse,
544 631 636 687 sed
657 631 863 698 longius
908 631 1235 686 inculcantes
1280 632 1578 694 trahebant,
1606 632 1849 701 impelle-

214 750 221 759 ο
267 732 417 791 oant,
440 723 796 789 lacessebant,
820 722 1091 789 abigentes
1114 723 1399 775 lulibriosa
1425 723 1846 791 importunitate.

215 828 219 859 ῖ
264 815 457 870 Stabat
482 814 631 883 juxta
680 814 852 867 ulmus
889 814 1063 883 ampla
1108 823 1162 867 et
1193 813 1475 878 umbrosa,
1509 814 1659 867 lassis
1684 815 1851 866 viato-

268 908 412 960 ribus
431 907 496 959 ad
521 922 736 976 pausam
762 904 1105 960 accommoda
1130 922 1143 957 :
1174 904 1272 958 sub
1302 905 1399 958 hac
1422 904 1589 957 sanrti
1613 904 1852 957 volentes

266 999 378 1066 ipsa
410 1007 569 1052 nocte
612 997 948 1063 requiescere
968 1038 982 1061 ,
1028 1011 1133 1050 non
1170 1004 1439 1065 poterant,
1468 1010 1497 1049 a
1528 995 1808 1049 mulierum
1832 1034 1849 1060 ,

265 1090 406 1144 velut
461 1099 540 1142 tot
585 1104 809 1150 canum,
858 1088 1221 1142 infestatione.
1275 1086 1440 1142 Unam
1472 1104 1600 1142 vero
1646 1088 1852 1142 creteris

265 1182 627 1249 impudentius
655 1181 832 1234 Sancti
876 1181 1107 1248 vestigii-
1132 1180 1555 1243 incumbentem,
1584 1180 1709 1233 dum
1741 1180 1853 1249 ipse

262 1276 406 1327 elato
458 1274 679 1330 baculo,
714 1272 860 1325 velut
907 1272 972 1324 ad
1023 1271 1246 1325 bestiam
1291 1278 1345 1323 et
1390 1270 1626 1337 rapidam
1671 1270 1851 1338 lupam

261 1378 504 1431 pugnans
528 1372 815 1416 conaretur
838 1362 1049 1430 abigere
1068 1402 1086 1427 ,
1120 1362 1299 1415 subito
1328 1361 1565 1425 bacu‘us,
1593 1377 1733 1415 novo
1761 1361 1853 1415 Dei

259 1454 445 1521 gratia:
491 1456 673 1520 signo,
702 1454 767 1507 de
821 1468 979 1506 manu
1010 1453 1129 1522 ejus
1158 1453 1304 1507 velut
1353 1453 1422 1506 ab
1460 1468 1586 1507 arcu
1631 1468 1851 1506 excussa

260 1545 455 1611 sagitta
496 1546 747 1607 evo‘avit,
780 1554 833 1597 et
884 1545 934 1597 in
982 1546 1156 1614 spatio
1186 1544 1296 1599 fere
1346 1546 1506 1599 trium
1554 1545 1850 1600 stadiorum

261 1634 405 1687 humi
456 1633 647 1688 affixus
698 1635 934 1688 subSIitit
974 1654 987 1687 :
1024 1650 1257 1703 moxque
1296 1650 1418 1689 cum
1457 1635 1616 1688 beato
1661 1645 1847 1688 contu-

260 1724 451 1780 bernio
498 1727 818 1780 subsecutus
871 1725 1072 1796 [sensit
1118 1727 1260 1779 enim
1310 1726 1491 1780 divino
1529 1724 1732 1793 Spiritu
1787 1726 1852 1778 ad

263 1825 454 1871 nutum
506 1817 712 1870 Domini
742 1833 801 1873 se
829 1834 894 1870 eo
924 1815 1137 1887 vocari]
1170 1818 1425 1881 accurrit,
1472 1826 1525 1871 et
1569 1818 1651 1871 bat
1672 1818 1818 1871 ulum
1840 1857 1853 1880 ,

256 1909 372 1962 imo
407 1924 530 1963 cum
566 1909 756 1963 baculo
788 1909 947 1963 fontis
967 1919 1155 1963 mstutn
1185 1912 1446 1969 extraxit,
1490 1910 1581 1978 qui
1607 1911 1851 1982 protinus

257 2001 485 2070 copiosa
516 2000 761 2054 scatebra
795 2001 971 2070 erupit
1005 2019 1017 2055 :
1050 2016 1159 2069 quo
1191 2002 1281 2057 Dei
1332 2001 1534 2068 famuli,
1568 2003 1854 2057 immensas

255 2094 460 2161 gratas
488 2092 773 2147 reddentes
802 2108 899 2147 suo
942 2094 1197 2161 largitori,
1244 2110 1271 2147 a
1302 2096 1449 2161 ενδγί
1500 2094 1588 2147 siti
1633 2094 1855 2149 relevati

256 2192 311 2237 et
338 2184 580 2237 suaviter
604 2192 729 2237 sunt
774 2183 991 2249 refecti,
1046 2185 1224 2253 ibique
1255 2195 1415 2239 nocte
1445 2186 1557 2254 ipsa
1599 2184 1854 2254 quievere

257 2275 313 2328 in
345 2275 594 2329 laudibus
624 2275 816 2330 divinis
843 2276 1192 2330 devotissimi.
1227 2275 1377 2329 Tunc
1408 2275 1568 2329 etiam
1598 2274 1853 2329 Altissimi

256 2364 544 2420 clementia
566 2408 580 2430 ,
631 2366 911 2435 impatiens
952 2365 1089 2421 tilios
1118 2367 1252 2421 lucis
1296 2382 1406 2420 sure
1456 2382 1517 2419 ac
1544 2365 1669 2431 diei,
1699 2375 1854 2419 terra:

260 2461 436 2512 noctis
466 2466 518 2511 et
551 2458 674 2511 nudi
699 2474 837 2512 aeris
866 2458 1110 2526 injuriam
1161 2458 1299 2527 pati,
1352 2459 1531 2512 subito
1580 2458 1754 2512 lucem
1787 2458 1854 2510 de

256 2563 470 2601 summo
500 2550 641 2603 coelo
670 2565 791 2614 suo,
820 2550 997 2603 solare
1023 2549 1185 2617 jubar
1208 2548 1535 2614 vincentem,
1567 2564 1729 2619 super
1760 2565 1853 2603 eos

255 2636 478 2702 ell'udit,
513 2648 766 2708 tectoque
814 2651 1059 2695 carentes
1114 2648 1223 2695 tota
1265 2641 1377 2710 ipsa
1432 2648 1590 2695 nocte
1618 2657 1854 2710 superno

253 2729 544 2801 splendore
584 2731 809 2792 obtexit,
844 2733 996 2802 quasi
1027 2734 1103 2787 sic
1132 2742 1343 2788 orasset
1371 2748 1506 2788 voce
1539 2735 1850 2802 prophetica

255 2821 372 2891 ipsa
412 2822 640 2877 ecclesia
671 2825 770 2877 sub
825 2824 914 2876 dio
941 2824 1126 2877 relicta
1159 2842 1171 2876 :
1202 2823 1309 2878 Fac
1339 2839 1572 2886 mecum,
1608 2823 1849 2883 Domine,

256 2913 467 2982 signum
492 2915 542 2966 in
569 2915 796 2980 bonum,
823 2924 883 2968 ut
906 2915 1114 2968 videant
1147 2916 1235 2984 qui
1267 2916 1497 2969 oderunt
1523 2931 1607 2969 me
1637 2924 1690 2969 et
1720 2932 1850 2968 enn-

257 3004 547 3060 fundantur
579 3009 595 3071 (
627 3006 820 3060 Psalm.
852 3023 995 3072 Lvut,
1022 3006 1150 3076 l7);
1181 3008 1436 3075 quoniam
1470 3018 1557 3072 tu,
1592 3008 1813 3061 Domine
1836 3050 1850 3071 ,

256 3099 510 3167 adjuviSti
558 3115 644 3153 me
684 3108 738 3152 et
779 3101 1087 3154 (onsnlatus
1126 3116 1184 3153 es
1224 3116 1328 3153 me.
1362 3100 1627 3152 Viderunt
1673 3102 1851 3167 itaque

258 3204 452 3243 omnes
496 3189 703 3243 ﬁnitimi
739 3199 846 3243 tam
896 3191 1216 3245 immensum
1251 3192 1489 3253 radium,
1520 3206 1548 3242 a
1579 3190 1698 3243 creti
1732 3204 1854 3243 ver-
1882 3195 1924 3248 (Σ

255 3280 366 3335 tice
395 3296 567 3350 usque
596 3281 660 3333 ad
695 3291 914 3335 sanctos
948 3282 1211 3335 directum
1238 3297 1255 3347 ;
1286 3288 1343 3333 ut
1372 3280 1436 3333 ad
1479 3278 1846 3334 confusionem

258 3389 414 3430 suam
468 3383 876 3443 pernoscerent,
908 3382 1141 3444 quantos
1172 3373 1291 3428 creti
1337 3373 1482 3427 cives
1523 3372 1635 3426 suis
1663 3371 1847 3441 hospi-

259 3464 351 3519 tiis
377 3467 749 3519 extrusissent.
780 3464 897 3534 lpse
926 3473 1105 3519 autem
1136 3464 1530 3519 sacratissinttts
1558 3464 1663 3516 dux
1693 3476 1850 3517 secus

257 3554 461 3611 fontem
501 3557 645 3609 illum
679 3559 750 3610 ita
782 3557 973 3612 baculo
999 3556 1214 3624 scripsit
1239 3556 1289 3608 in
1320 3564 1460 3609 terra
1492 3573 1502 3606 :
1534 3564 1557 3590 τι
1592 3552 1689 3608 llic
1717 3553 1846 3606 ho:-

257 3646 448 3718 pitium
469 3646 656 3700 babuit
683 3661 866 3700 servus
892 3661 1169 3699 servorum
1187 3644 1277 3699 Dei
1307 3644 1654 3714 Augustinus,
1688 3658 1845 3711 quem

258 3737 407 3792 misit
462 3736 528 3791 ad
578 3736 973 3792 convertendos
1029 3736 1228 3804 Anglus
1281 3736 1473 3789 beatus
1526 3750 1667 3803 papa
1715 3733 1847 3788 Gre-

263 3840 468 3896 genus.

336 3944 420 3997 ll.
461 3944 575 3999 Jam
619 3945 752 3999 lucis
793 3944 1113 4015 crepusculo
1153 3943 1483 4002 imminente,
1515 3946 1579 3994 ad
1612 3940 1845 3993 destina-

216 4044 374 4105 }tum
405 4036 581 4091 locum
615 4036 952 4100 anhelantes,
986 4051 1080 4104 per
1111 4034 1546 4102 Andegavensem
1575 4030 1842 4084 civitatem

220 4110 233 4162 ί
262 4123 363 4179 iter
405 4126 749 4188 accelerant;
801 4133 855 4179 et
896 4124 1177 4178 hesternos
1224 4129 1627 4190 contemptores
1678 4135 1841 4179 suos,

190 4197 400 4287 (fnunc
426 4218 754 4285 appetitores
804 4232 869 4271 ac
920 4218 986 4271 de
1031 4217 1184 4285 copia
1231 4216 1436 4283 inopes,
1472 4213 1563 4266 Dei
1597 4213 1842 4265 nimirum

188 4322 209 4365 ’ν
258 4306 375 4360 zelo
416 4308 766 4374 volente,sua
795 4306 1067 4361 salutifera
1099 4306 1381 4376 praesentia
1408 4313 1655 4359 vacuant.
1690 4302 1844 4356 Mane

258 4394 439 4464 itaque
470 4398 629 4451 vicini
660 4398 725 4450 ad
757 4398 954 4459 locum,
990 4397 1078 4451 ubi
1130 4405 1332 4450 tantum
1366 4395 1496 4449 lucis
1527 4394 1841 4448 miraculum

258 4498 688 4556 conspexerant,
733 4489 966 4559 undique
1005 4498 1324 4551 accurrunt;
1372 4486 1517 4553 gravi
1547 4486 1744 4555 gemitu
1781 4500 1843 4538 ac

1952 538 2122 593 nedfei
2146 537 2468 594 meruimus!
2499 536 2774 593 Discentes
2793 551 2922 607 ergo
2946 553 3011 593 ex
3033 538 3250 609 praelata
3269 540 3537 610 scriptura

1951 644 2146 684 nomen
2198 630 2338 684 beati
2377 630 2656 698 Augustini
2708 639 2979 699 optatum,
3010 639 3065 685 et
3110 631 3393 699 legationis
3419 628 3538 686 οω-

1950 722 2128 788 cium,
2176 723 2494 793 accensique
2543 725 2841 793 frequentia
2894 725 3315 790 miraculorum,
3363 741 3537 796 quan-

1952 816 2123 871 tocius
2150 815 2299 883 juxta
2327 816 2496 881 ipsum
2530 815 2729 870 fontem
2757 814 3037 871 ecclesiam
3069 817 3443 882 condiderunt,
3474 834 3537 872 ac

1953 906 2005 961 in
2029 908 2246 961 nomine
2269 908 2435 976 ipsius
2458 908 2597 960 beati
2626 907 2902 977 Augustini
2931 909 3235 964 consecrari
3259 908 3539 977 fecerunt;

1953 1001 2041 1055 ubi
2070 1016 2199 1055 vero
2242 1001 2433 1056 litterm
2472 1001 2635 1069 ip-ius
2678 1002 3059 1075 descriptionis
3106 1005 3338 1056 inventas
3383 1009 3538 1063 sunt,

1953 1094 2123 1147 altare
2152 1095 2583 1161 constituerunt;
2616 1094 2702 1149 ubi
2754 1095 2883 1149 illud
2922 1104 3270 1165 perpetuum,
3316 1104 3375 1150 ut
3403 1111 3541 1165 pra:-

1954 1185 2365 1239 moastravimus
2386 1227 2399 1247 ,
2430 1186 2584 1238 durat
2628 1186 2965 1249 miraculum,
2993 1186 3134 1253 quod
3173 1186 3342 1253 ipsam
3372 1185 3544 1239 cccle-

1953 1278 2086 1332 siam
2116 1278 2314 1331 intrare
2344 1286 2437 1331 aut
2466 1278 2531 1331 de
2581 1277 2726 1331 fonte
2774 1293 2964 1345 aquam
3018 1278 3231 1331 haurire
3270 1276 3410 1330 nulla
3445 1293 3543 1330 un.
3630 1326 3642 1336 ,

1954 1385 2114 1439 quam
2147 1378 2321 1438 potest
2348 1366 2664 1422 feminarum
2686 1367 2713 1405 ι)
2742 1386 2755 1420 :
2790 1377 2847 1420 ut
2878 1368 3124 1420 nimirum
3155 1368 3289 1421 sciat
3315 1366 3545 1420 mundus

1955 1471 2209 1527 quantum
2242 1460 2342 1513 hoc
2374 1474 2542 1526 genus
2571 1458 2855 1513 offenderit
2912 1454 3073 1512 Deum
3120 1458 3172 1511 in
3212 1457 3403 1525 injuria
3434 1472 3547 1511 ser-

1958 1566 2143 1603 VOl‘Ulll
2173 1565 2417 1603 suorum.

2030 1640 2114 1693 1‘2.
2157 1640 2408 1706 Quzcdam
2458 1640 2679 1694 illustris
2727 1648 2971 1695 matrona
3001 1654 3122 1694 cum
3166 1651 3359 1705 magno
3389 1650 3548 1691 cereo

1960 1734 2062 1787 huc
2093 1735 2333 1787 tentahat
2362 1734 2587 1801 ingredi,
2612 1735 2764 1802 quasi
2796 1733 2957 1787 modo
2985 1740 3206 1785 sanctus
3231 1744 3341 1784 sua:
3365 1728 3551 1783 adula~

1892 1821 1934 1878 Β
1962 1834 2107 1877 retur
2158 1825 2411 1892 putentia:
2458 1839 2521 1878 ac
2568 1824 2814 1887 muneri;
2871 1831 2927 1878 et
2980 1822 3407 1877 absterrentibus
3454 1818 3550 1889 qui

1957 1916 2181 1969 aderant
2211 1916 2507 1984 respondit,
2541 1930 2600 1969 se
2631 1916 2682 1968 in
2711 1927 2956 1969 sanctum
2998 1930 3104 1968 non
3149 1928 3424 1984 peccasse,
3455 1913 3551 1967 sed

1959 2006 2094 2059 velle
2124 2023 2182 2061 se
2212 2022 2333 2060 enin
2361 2008 2626 2061 honorare
2651 2025 2666 2060 :
2696 2015 2955 2075 tugetque
3002 2007 3337 2075 propositum
3388 2006 3551 2058 auda-

1958 2098 2073 2151 cire.
2112 2097 2206 2151 Vix
2240 2113 2366 2167 ergo
2398 2099 2616 2151 vetitam
2645 2108 2844 2151 metam
2890 2106 2944 2152 et
2992 2113 3204 2151 sacrum
3240 2097 3397 2150 limen
3429 2095 3551 2149 atti-

1956 2195 2124 2253 gerat,
2156 2204 2274 2242 cum
2308 2197 2533 2255 repente
2570 2187 2740 2257 ruptis
2778 2187 3074 2249 intestinis,
3108 2196 3164 2240 et
3192 2184 3549 2239 effervescen-

1958 2280 2098 2334 tibus
2118 2279 2169 2331 in
2191 2287 2386 2332 terram
2410 2279 2514 2332 alvi
2532 2278 2783 2343 secretis,
2817 2279 3019 2332 corruit
3039 2277 3217 2332 infelix
3243 2287 3297 2331 et
3319 2278 3550 2343 interiit;

1958 2371 2207 2437 forasque
2237 2377 2479 2424 extracta
2512 2380 2745 2434 mortua,
2773 2368 2993 2423 credere
3022 2381 3210 2422 oumes
3243 2366 3549 2420 terribiliter

1955 2463 2204 2526 docebat,
2224 2464 2365 2533 quod
2391 2463 2520 2516 nulli
2548 2462 2869 2517 crediderat.
2897 2461 3012 2515 Tali
3042 2461 3254 2531 repulsa
3274 2462 3341 2514 ita
3367 2476 3553 2515 omnes

1957 2552 2164 2606 femina:
2213 2562 2336 2606 sunt
2376 2554 2624 2617 ernditm;
2678 2563 2734 2607 ut
2783 2553 2901 2622 plus
2951 2562 3135 2621 aperta
3182 2568 3341 2620 quam
3373 2553 3551 2606 clausa

1957 2644 2092 2696 ostia
2125 2643 2452 2696 abhorreant
2487 2644 2819 2710 c0ntingere.
2861 2640 2938 2695 Ne
2966 2648 3143 2694 tamen
3176 2640 3280 2712 [AL
3323 2639 3550 2710 tantum]

1958 2731 2029 2784 ibi
2047 2731 2259 2786 fem'na:
2290 2747 2671 2803 usquequaque
2693 2732 2865 2785 sancti
2894 2729 3066 2783 Patris
3096 2730 3266 2796 gratia
3302 2729 3551 2783 videren-

1958 2834 2044 2877 tur
2067 2824 2321 2878 desolatze
2342 2868 2355 2887 ,
2384 2825 2572 2879 incola:
2603 2824 2805 2878 diutina
2832 2822 2940 2894 [ΑΙ.
2979 2821 3182 2892 divina]
3209 2821 3554 2877 miseratione

1959 2915 2136 2986 (moti)
2175 2931 2272 2985 pro
2318 2914 2523 2969 foribus
2571 2915 2812 2969 ecclesiae
2857 2913 3255 2983 receptaculum
3289 2913 3390 2966 illis
3420 2927 3547 2966 con-

1956 3019 2143 3072 gruum
2173 3006 2541 3071 :edilicavere;
2574 3006 2662 3059 ubi
2691 3005 3000 3069 convenire,
3034 3018 3214 3067 orare,
3246 3003 3554 3059 oblationes

1957 3111 2082 3149 suas
2109 3106 2163 3150 et
2194 3107 2315 3150 vota
2348 3098 2679 3166 persolvere,
2719 3097 2997 3164 sacrisque
3038 3093 3309 3165 mysteriis
3336 3101 3553 3163 possent

1959 3187 2277 3243 succedere.

2034 3298 2119 3354 15.
2174 3299 2309 3356 Ecce
2341 3310 2517 3355 autem
2550 3301 2673 3354 dum
2705 3300 2820 3355 haec
2850 3309 2903 3355 et
2934 3300 3152 3368 antiqua
3182 3299 3343 3362 fama,
3384 3305 3440 3351 et
3468 3311 3553 3350 re-

1950 3396 2093 3451 centi
2123 3394 2539 3448 clarissimorum
2580 3397 2817 3447 virorum
2864 3391 3330 3460 Andegaveusium
3376 3404 3552 3444 asser-

1953 3492 2097 3545 tione
2118 3504 2271 3540 essen
2302 3487 2650 3554 comprobata
2675 3526 2689 3550 ,
2724 3486 2917 3541 accidit
2954 3484 3459 3539 reverendissimum
3490 3498 3552 3538 ac

1952 3580 2418 3652 prudenti~simum
2451 3579 2857 3647 Audegavorum
2901 3589 2923 3617 ο
2964 3576 3271 3648 pontificem
3304 3575 3371 3630 ad
3403 3576 3551 3629 desi-

1949 3676 2339 3730 deratissimam
2366 3682 2647 3742 patronum
2682 3672 3033 3739 Augustinum
3065 3672 3247 3726 venire
3272 3710 3287 3735 ,
3320 3678 3373 3724 et
3397 3669 3551 3737 quasi

1953 3777 2057 3820 tam
2087 3766 2362 3833 antiquum
2387 3780 2494 3817 sua:
2520 3765 2704 3833 patria:
2733 3763 2998 3833 hospitem
3029 3777 3218 3831 magna
3248 3778 3365 3816 cum
3389 3762 3553 3815 devo-

1952 3856 2093 3909 tione
2124 3856 2376 3908 revisere.
2403 3854 2443 3907 lt
2460 3854 2617 3925 [forte
2635 3853 2702 3925 Is]
2725 3855 2885 3908 etiam
2902 3870 3062 3923 supra
3083 3853 3278 3921 scripta
3294 3850 3549 3905 miracula

1949 3961 2054 3999 non
2103 3945 2262 3997 modo
2306 3960 2335 3996 a
2382 3943 2633 3997 fratribus
2662 3944 2877 4007 audire,
2929 3959 3115 3997 verum
3161 3942 3302 3997 ultro
3346 3941 3552 3996 referre

1948 4043 2184 4087 attentus
2213 4043 2330 4087 erat
2357 4052 2367 4084 :
2394 4038 2691 4101 eodemque
2714 4033 2878 4088 modo
2909 4050 3016 4104 quo
3038 4033 3234 4101 scripta
3264 4042 3409 4091 sunt,
3444 4031 3549 4085 fixa

1948 4125 2358 4193 astipulatione,
2386 4126 2533 4179 velut
2574 4142 2639 4180 ex
2673 4126 2923 4189 lectione,
2957 4124 3282 4193 exponebat.
3332 4122 3549 4176 Addidit

1948 4217 2108 4269 etiam
2141 4232 2337 4269 novqu
2369 4216 2707 4280 miraculum,
2734 4217 2879 4269 velut
2907 4216 3236 4275 hesternum,
3269 4214 3319 4266 in
3352 4213 3430 4266 sui
3459 4214 3550 4266 de-

1947 4310 2207 4363 claratum
2252 4309 2564 4378 prteseutia,
2616 4325 2737 4363 cum
2774 4309 2867 4363 tali
2906 4309 3111 4362 scilicet
3150 4306 3323 4359 Patris
3364 4304 3547 4358 favore

1947 4409 2001 4453 et
2025 4401 2215 4468 gratia.
2257 4403 2298 4452 t)
2329 4417 2443 4466 vos,
2480 4401 2670 4466 inquit,
2716 4400 2915 4459 felices,
2948 4400 3141 4469 quibus
3168 4405 3368 4451 :eterna
3396 4395 3539 4449 beati

1949 4491 2225 4558 Augustini
2270 4493 2492 4558 contigit
2535 4492 2853 4561 przesentia!
2901 4491 3011 4546 Nec
3056 4506 3153 4544 nos
3192 4490 3325 4543 adeo
3364 4504 3546 4543 sumus

259 4581 407 4634 luctu
460 4581 668 4635 ablatos
715 4589 965 4650 repetunt
998 4599 1009 4633 :
1046 4589 1158 4634 tum
1203 4578 1325 4633 novi
1374 4579 1536 4632 fontis
1586 4576 1846 4632 beneficia
1880 4574 1924 4631 D
1953 4584 2222 4646 infelices,
2255 4584 2448 4651 quibus
2478 4592 2740 4653 perpetuo
2771 4585 2925 4636 beata
2955 4582 3119 4651 ipsius
3147 4582 3402 4635 remansit
3429 4594 3545 4634 me-

224 4662 231 4668 ’
262 4681 603 4737 contuentes,
632 4672 828 4727 acriori
859 4687 1091 4727 mcerore
1121 4671 1200 4725 sui
1232 4679 1412 4724 reatus
1438 4670 1844 4724 contabescunt.

272 4757 374 4816 ieu
406 4777 501 4814 nos
539 4761 781 4820 miseros.
809 4762 1044 4826 aiebant,
1077 4760 1347 4829 quomodo
1388 4767 1594 4813 tantum
1626 4758 1842 4823 bonum,

268 4852 398 4922 quod
440 4854 579 4907 ultro
609 4854 659 4907 in
706 4855 951 4909 manibus
996 4853 1296 4918 habuimus,
1342 4853 1501 4923 impia
1545 4852 1847 4921 abjectione

330 5046 352 5067 ἰ
401 5033 580 5086 Totam
611 5034 760 5103 hujus
792 5034 1026 5086 nuracnli
1068 5034 1356 5098 historiam,
1379 5036 1450 5087 uti
1478 5046 1525 5087 et
1553 5037 1845 5104 inscriptio-

258 5120 391 5160 nem.
422 5106 578 5157 etiam
608 5121 742 5156 nunc
767 5105 983 5173 singulis
1014 5106 1162 5157 annis
1193 5106 1292 5172 legi
1332 5107 1383 5157 in
1425 5107 1661 5171 ecclesia,
1689 5124 1846 5174 prope

259 5176 560 5241 Andegaros
597 5185 776 5228 sancto
813 5176 1097 5235 Augustino
1126 5186 1455 5237 consecrata,
1486 5177 1679 5229 indicat
1709 5177 1842 5229 idem

260 5242 521 5317 Mabiliop:
549 5262 719 5298 rerum
743 5245 1026 5317 arbitratur
1052 5249 1149 5298 reri
1172 5247 1335 5317 inagis
1359 5247 1525 5298 simile
1552 5264 1679 5308 esse,
1710 5248 1845 5317 quod

254 5315 528 5385 inscriptio
550 5317 611 5367 ab
633 5318 815 5368 incolis
837 5315 1030 5367 dictata
1056 5318 1143 5369 sit.
1166 5315 1227 5368 In
1248 5318 1463 5385 registro
1482 5315 1843 5384 beneﬁciorum

258 5384 412 5454 hujus
437 5386 669 5438 dimcesis
699 5389 991 5454 apuellatur
1024 5388 1292 5439 l'rioratus
1323 5386 1649 5439 Parochialis
1675 5388 1843 5441 Cano-

256 5452 524 5516 niCorum,
546 5452 740 5509 acilii-et
764 5456 1143 5509 Canonicorum
1166 5458 1330 5510 sancti
1362 5457 1654 5525 Augustini,
1677 5457 1845 5509 Abba-

258 5526 343 5578 tia.’
362 5527 588 5579 omnium
610 5536 901 5579 sanctorum
924 5527 1279 5596 Andegarensi
1315 5526 1569 5595 subjectus
1592 5545 1607 5580 :
1633 5529 1847 5581 ecclesia

256 5599 554 5667 mtteutista
582 5597 732 5667 vulgo
764 5599 1054 5665 appellatur
1089 5596 1455 5651 SaInt-Outin.

331 5664 356 5700 δ
397 5665 510 5721 Iloc
540 5664 764 5738 tempore
791 5664 1015 5738 gaudere
1045 5668 1264 5738 feminas
1292 5669 1521 5737 ingressu
1548 5670 1775 5721 ecclesia:
1805 5680 1851 5721 et

255 5750 366 5809 usu
377 5739 532 5803 fontis
554 5738 721 5791 adhuc
750 5741 1113 5809 permanenxis,
1140 5740 1370 5791 observat
1400 5738 1564 5791 dictus
1593 5739 1808 5809 .llabilio
1832 5757 1847 5791 :

262 5806 502 5877 additque
530 5825 593 5861 ex
624 5812 703 5878 cpi
734 5806 835 5862 tota
865 5812 944 5861 sui
974 5812 1252 5877 confralris
1296 5808 1578 5861 Alexandri
1614 5808 1848 5861 Fonrnc-

1954 4675 2153 4727 rnoria.
2190 4673 2380 4727 Nostra
2408 4673 2620 4741 quidem
2651 4674 2819 4741 patria
2845 4682 2967 4727 ante
2996 4688 3094 4727 vos
3123 4673 3270 4726 illum
3301 4672 3543 4739 agnovit,

1951 4774 2004 4818 et
2033 4766 2181 4835 prius
2207 4765 2510 4831 Andegavia
2541 4779 2699 4832 quam
2726 4763 2910 4833 Anglia
2935 4764 3347 4833 signipotenlem
3375 4762 3505 4816 vidit
3531 4780 3543 4815 :

1951 4866 2003 4911 at
2028 4873 2158 4921 nm,
2195 4856 2394 4920 fateor,
2435 4856 2486 4909 in
2519 4855 2810 4923 majoribus
2847 4855 3047 4909 nostris
3078 4853 3370 4923 abjecimus
3414 4868 3547 4922 pra:-

1950 5051 2100 5097 reau,
2147 5033 2283 5105 quod
2322 5032 2440 5107 fons
2462 5032 2549 5087 hic
2574 5040 2901 5107 memoratus
2942 5029 3132 5107 parieti
3184 5029 3427 5107 ecclesia;
3479 5027 3545 5107 ad

1953 5099 2203 5159 Austrum
2252 5105 2426 5172 posito
2475 5112 2555 5155 est
2602 5103 2861 5164 inclusus,
2900 5101 3052 5169 cujus
3100 5114 3251 5170 aqua:
3301 5099 3546 5153 sanitatis

1951 5192 2113 5229 «ausa
2147 5176 2213 5227 ab
2246 5175 2468 5228 inlirmis
2499 5174 2926 5241 frequentantur.

2025 5258 2046 5284 ε
2089 5244 2361 5299 Gocelinus
2407 5246 2459 5297 in
2501 5236 2675 5297 codice
2710 5245 2905 5296 minore
2935 5240 3253 5295 Guill'idum
3288 5236 3539 5305 appellat.

1952 5316 2109 5384 Cujus
2159 5317 2380 5368 nominis
2430 5316 2530 5387 duo
2554 5317 2830 5387 fuerunt:
2862 5314 3002 5381 prior
3032 5311 3241 5382 praefuit
3289 5307 3350 5357 ab
3378 5321 3541 5387 .anna

1952 5383 2081 5441 1081
2112 5402 2269 5457 usque
2290 5386 2359 5439 ad
2385 5401 2475 5437 an.
2514 5385 2666 5447 1095,
2715 5396 2762 5437 et
2789 5383 3116 5457 Turoneus's
3154 5383 3537 5457 cognominatur

1953 5474 1979 5509 a
2004 5459 2015 5507 Ι
2044 5449 2440 5510 distinctionem
2471 5456 2826 5518 successoris,
2872 5455 3049 5505 itidem
3078 5449 3323 5518 Guill'ridi
3342 5487 3355 5509 ,
3397 5456 3446 5499 et
3474 5449 3540 5500 ila

1955 5526 2209 5581 Meduana
2240 5525 2608 5598 cognominati,
2637 5528 2721 5595 qui
2749 5517 3220 5598 cathedrant‘ccssit
3255 5517 3539 5598 Ruinaldo,

1953 5606 2249 5650 consecrato
2280 5587 2344 5649 Η.
2367 5596 2628 5656 Januarii,
2650 5587 2798 5647 'anni
2834 5590 2985 5647 “0'2.
3019 5588 3146 5652 Quis
3178 5591 3355 5641 [torum
3384 5587 3538 5640 intel-

1954 5670 2177 5739 ligatur,
2220 5669 2470 5739 nescimus
2507 5667 2777 5739 conjicere.
2820 5661 3013 5725 Quidni
3052 5667 3219 5739 auteni
3255 5667 3541 5739 postnnpvtu

1952 5724 2179 5792 ec’clesiw'
2224 5724 2803 5791 dedicationem'statim
2850 5728 3121 5784 cessaverit
3161 5728 3252 5780 illa
3281 5724 3540 5781 muliebris

1954 5824 2105 5861 sexus
2135 5809 2401 5862 ατί-1η»ἰοῖ
