4118 6332
618 319 681 369 53
1427 307 1735 364 SANCTUS
1774 306 2206 362 AUGUSTINUS
2247 306 2615 364 ANCLORUM
2659 309 3072 365 APOSTOLUS.
3811 312 3882 364 ω

611 445 816 488 sciitem
843 448 856 494 ;
889 429 979 481 sed
1007 443 1102 494 sup
1123 426 1246 478 .lllis
1273 425 1435 493 signis
1461 424 1648 486 territi,
1681 421 2042 477 satisfactione
2072 437 2192 490 per-
2226 428 2267 480 Λ
2297 423 2514 477 marinis
2545 423 2880 491 frequentiis,
2916 427 3071 479 tellus
3101 423 3363 479 uberrima
3396 432 3448 477 et
3477 425 3728 494 opulenta
3749 469 3762 494 ,
3793 439 3882 482 ιι-

611 522 780 578 secuti
811 534 992 574 sumus
1018 517 1302 570 abeuntem
1331 531 1341 564 :
1375 527 1530 581 quem
1555 527 1675 566 cum
1697 510 1806 578 jam
1836 525 1942 566 non
1970 510 2194 564 meruis-

612 629 790 670 semus
817 627 915 666 nec
955 624 1112 664 manu
1137 622 1234 660 nec
1257 607 1372 659 visu
1400 604 1728 673 contingere,
1760 602 2018 671 coepimus
2046 616 2190 662 eum,

611 703 822 759 condita
851 702 902 755 in
929 700 1092 770 ipsius
1112 698 1314 752 honore
1355 693 1606 758 Ecclesia,
1646 694 1898 748 retinere.
1941 691 2077 758 Quid
2105 701 2196 745 au‘

614 795 868 849 dientiam
895 803 1128 847 vestram
1159 804 1188 842 a
1217 785 1476 840 miraculo
1506 785 1576 839 ibi
1608 784 1881 840 declarato
1909 785 2192 839 verborum

612 883 832 952 ambage
862 881 1071 935 morer?
1099 877 1387 931 Crescente
1421 875 1589 944 plebis
1616 875 1898 928 devmione
1922 888 2046 940 erga
2076 883 2192 926 tan-

611 985 721 1028 tum
750 979 1042 1042 parentem,
1071 966 1180 1021 suis
1206 964 1532 1034 supplicibus
1559 979 1772 1032 semper
1800 963 2186 1029 exaudibilem,

609 1079 819 1134 seniper
847 1058 1233 1132 priestabilem;
1267 1071 1481 1125 coepere
1508 1056 1650 1109 illam
1682 1055 1847 1124 ipsius
1875 1054 2190 1110 reconcilia-

611 1158 792 1211 tricem
813 1151 1090 1208 ecclesiam
1115 1147 1414 1219 prtecelsius
1437 1155 1753 1210 restaurare,
1776 1144 1996 1215 ejusque
2016 1152 2191 1214 patro-

607 1247 744 1302 cinia
785 1245 881 1300 sibi
909 1242 1108 1297 arctius
1147 1241 1394 1293 amicare.
1445 1237 1595 1292 Hanc
1627 1237 1804 1306 itaque
1831 1250 1964 1302 ego,
2005 1250 2188 1290 mense

609 1338 774 1398 maio,
823 1335 908 1389 die
933 1333 1146 1404 iscilicet
1180 1330 1529 1401 depositionis
1574 1329 1706 1382 tanti
1747 1327 1932 1396 patris,
1984 1326 2188 1393 magnis

607 1429 882 1494 utriusque
911 1440 1070 1480 sexus
1101 1424 1259 1488 votis,
1283 1423 1332 1474 in
1365 1421 1548 1490 ipsius,
1573 1418 1724 1486 cujus
1755 1419 1898 1486 prius
1927 1425 2072 1483 erat,
2095 1416 2188 1472 de-

605 1520 774 1574 dicavi
800 1515 1074 1578 memoria,
1098 1510 1399 1568 conﬂuente
1419 1510 1755 1564 multitudine
1782 1508 2011 1578 plebium
2040 1509 2188 1561 innu-

570 1589 574 1593 l
611 1624 772 1662 itu-ra.
823 1606 1140 1662 Eminebant
1168 1605 1218 1658 in
1249 1604 1473 1657 circuitu
1512 1601 1794 1656 condensa:
1820 1615 2067 1669 agrorum
2097 1615 2184 1654 se-

607 1713 772 1769 getes,
797 1704 906 1771 jam
931 1702 1086 1756 messi
1115 1701 1491 1769 proximantes,
1511 1699 1620 1766 jam
1644 1697 1694 1750 in
1718 1698 1892 1766 spicas
1919 1705 1974 1750 et
1993 1696 2185 1753 aristas

2294 528 2398 582 que.
2412 528 2622 567 camera
2638 513 2838 568 Canthe.
2863 514 3202 571 accommoda
3233 533 3244 567 :
3277 513 3464 571 ﬂuvius
3486 525 3509 552 ι
3541 516 3882 587 Wantsume,

2293 603 2462 659 tribus
2487 605 2668 658 stadiis
2700 606 2865 671 latus,
2907 607 3043 660 hanc
3069 621 3099 659 a
3129 606 3424 660 continenti
3449 617 3589 662 terra
3617 609 3886 666 discrimi-

2297 709 2432 748 nans
2461 694 2583 748 fecit
2613 695 2838 748 insulam
2867 713 2880 748 :
2912 696 2957 749 is
2994 704 3276 765 utrumque
3303 705 3460 766 caput
3490 697 3544 752 in
3574 713 3722 754 mare
3751 717 3886 769 pro-

2294 785 2542 848 tendens,
2593 785 2802 839 duobus
2849 793 3055 839 tantum
3100 786 3250 840 ostiis
3299 787 3694 843 transvadatur.
3753 790 3884 848 "ac

2291 890 2418 943 ergo
2442 875 2610 928 insula
2631 874 2896 929 Christum
2927 876 2976 929 in
2999 875 3197 930 sanctis
3221 875 3333 930 suis
3361 875 3531 945 prima
3561 876 3587 914 δ
3619 881 3881 948 suscepit,

2293 963 2416 1018 felix
2449 964 2606 1018 tellus
2629 978 2724 1017 sua
2756 963 3112 1030 fecunditate,
3139 965 3231 1018 sed
3263 963 3566 1020 felicissima
3599 974 3676 1021 tot
3705 967 3881 1024 Deifo-

2292 1071 2472 1110 rorum
2520 1055 2874 1118 advenarum,
2926 1054 3033 1108 imo
3104 1063 3182 1108 tut
3246 1054 3442 1110 civium
3512 1051 3892 1126 superuorum‘

2291 1147 2548 1212 hoSpitio!
2575 1147 2698 1201 hinc
2720 1146 2844 1200 inter
2859 1147 2928 1200 im
2952 1161 3122 1202 novus
3151 1158 3300 1218 pater
3323 1149 3524 1218 Anglice
3545 1163 3666 1205 cum
3686 1159 3879 1208 sancto

2291 1239 2518 1306 collegio
2541 1253 2570 1292 a
2605 1239 2808 1292 marina
2835 1238 3102 1306 salsugine
3133 1239 3406 1294 refovetur

2362 1329 2446 1383 16.
2477 1328 2752 1396 Regnabat
2782 1337 2908 1384 tunc
2935 1329 3116 1397 Anglis
3133 1345 3226 1382 rex
3259 1340 3280 1368 ε
3315 1328 3714 1396 ΔΕιΙιεΙὺετιιιε,
3763 1331 3875 1385 An-

2287 1420 2494 1488 glorum
2543 1434 2727 1488 regum
2775 1421 2994 1486 tertius,
3039 1422 3131 1474 sed
3163 1421 3368 1474 futurus
3408 1421 3517 1490 jam
3563 1422 3874 1478 christicola

2288 1511 2507 1580 primus.
2549 1508 2646 1565 Hic
2672 1525 2916 1579 supernae
2942 1510 3220 1564 electionis
3247 1511 3600 1579 providentia,
3633 1527 3741 1580 pne
3769 1527 3874 1567 c3:-

2291 1601 2416 1656 teris
2459 1601 2908 1666 antecessoribus,
2966 1600 3084 1654 aliis
3123 1601 3282 1655 etiam
3322 1602 3531 1664 regibus
3562 1602 3872 1669 pnrsidens,

2289 1693 2565 1760 imperium
2613 1707 2779 1760 usque
2809 1691 2874 1744 ad
2921 1689 3210 1744 Humbram
3255 1692 3612 1745 vasti-simum
3653 1690 3873 1745 ﬂuvium

609 1793 993 1848 adolescentes.
1027 1787 1256 1859 Populus
1281 1799 1334 1841 ut
1364 1786 1554 1840 ﬂuvius
1581 1787 1813 1854 undique
1840 1786 2046 1839 irruens
2074 1801 2180 1840 non
2217 1805 2254 1857 ις
2289 1789 2630 1850 porrexerat,
2680 1781 2768 1848 qui
2807 1780 3010 1834 scilicet
3047 1779 3364 1834 Meridianas
3393 1797 3454 1834 ac
3485 1782 3736 1836 Boreales
3765 1783 3870 1836 Au-

609 1882 914 1938 attendebat
938 1896 1222 1942 annonam,
1249 1894 1367 1944 nec,
1391 1877 1755 1944 cujuscunque
1773 1875 1929 1939 foret,
1957 1875 2181 1929 messio-

609 1991 726 2029 nem
757 2014 768 2027 .
815 1974 1229 2028 conculcabatur
1267 1980 1321 2024 et
1347 1971 1754 2032 conteri-batur,
1794 1967 1940 2020 velut
1976 1968 2024 2020 in
2057 1982 2180 2019 area

609 2065 758 2117 labor
786 2064 1059 2117 hominum
1092 2071 1144 2116 et
1174 2064 1351 2123 boum,
1377 2059 1807 2114 confundebatur
1835 2073 1957 2126 spes
1995 2057 2180 2111 statio-

609 2168 732 2206 num
759 2161 812 2206 et
837 2151 1043 2218 frugum
1070 2169 1081 2202 :
1106 2149 1214 2218 jam
1251 2165 1377 2202 vero
1406 2164 1509 2200 non
1541 2157 1646 2200 tam
1670 2146 1932 2214 ﬂagellata
1963 2154 2015 2199 et
2046 2162 2178 2200 con-

607 2245 728 2296 trita
774 2240 1052 2294 videbatur
1095 2240 1284 2309 stipula
1327 2238 1609 2306 tingifera,
1660 2253 1820 2306 quam
1862 2237 2082 2306 sc'opata
2123 2246 2177 2292 et

608 2333 800 2385 nudata
826 2346 970 2384 area.
993 2327 1126 2396 Quid
1145 2344 1274 2397 ergo
1297 2329 1661 2383 valedixerunt
1678 2343 1865 2381 omnes
1886 2327 2024 2380 illius
2055 2326 2180 2380 anni

607 2422 827 2490 opibus,
869 2419 1235 2473 valedixernnt
1263 2427 1317 2470 et
1338 2417 1654 2484 Augustino,
1681 2417 1813 2471 alias
1839 2431 1998 2484 quam
2025 2417 2182 2487 (arni-

607 2517 786 2564 serant
819 2508 1172 2574 obventuras)
1201 2506 1300 2560 sibi
1345 2514 1621 2576 sperantes
1664 2504 1716 2557 in
1747 2505 1910 2573 ipsius
1942 2505 2179 2572 largitio-

611 2605 794 2658 nibus.
852 2601 957 2657 Sed
989 2600 1200 2654 tandem
1249 2599 1543 2668 desperatis
1583 2598 1634 2650 in
1677 2597 1838 2651 rebus
1887 2598 2180 2652 mirabilior

613 2699 778 2750 \irtus
808 2691 1119 2764 (apparuit)
1145 2691 1422 2758 Augustini
1455 2690 1658 2744 meritis
1690 2704 1793 2743 non
1833 2688 2136 2745 fallentibus
2162 2709 2173 2742 :

605 2797 749 2842 tanta
773 2788 968 2856 quippe
989 2793 1228 2852 segetum
1260 2783 1416 2850 copia
1444 2783 1632 2838 eodem
1657 2797 1838 2836 mense
1861 2782 1922 2834 ad
1949 2797 2178 2835 messem

606 2880 822 2934 emicuit
844 2879 896 2932 in
919 2885 1029 2932 tota
1056 2877 1143 2930 illa
1167 2876 1487 2942 vastatione,
1513 2883 1568 2928 ut
1593 2875 1732 2929 nulla
1759 2883 2017 2928 terrarum
2041 2876 2179 2930 illius

606 2969 892 3040 provincia:
909 2970 1032 3022 huic
1051 2982 1108 3020 se
1126 2974 1302 3036 posset
1325 2980 1555 3033 aiquare,
1573 2965 1656 3020 vel
1680 2966 1922 3020 ubertate
1948 2965 2178 3036 frugum,

605 3060 688 3115 vel
717 3059 1013 3113 altitudine.
1058 3059 1149 3113 His
1178 3057 1510 3112 mirabilibus
1539 3057 1718 3125 populi
1749 3057 1982 3124 attoniti,
2016 3057 2176 3112 tantis

604 3154 814 3208 beatum
835 3151 1183 3218 Augustinum
1207 3149 1487 3218 praeconiis
1515 3149 1746 3216 gaudent
1766 3148 1977 3215 eﬂ'erre,
1997 3158 2176 3205 utcre-
2206 3167 2249 3228 ε

604 3243 733 3296 dant
759 3250 812 3295 et
837 3241 1142 3312 praedicent,
1172 3255 1290 3294 eum
1318 3238 1572 3309 quidquid
1601 3238 1730 3292 velit
1758 3255 1785 3292 a
1815 3239 2036 3294 Domino
2065 3240 2173 3294 ubi-

603 3333 680 3385 vis
697 3330 929 3398 gentium
949 3345 1104 3400 posse
1127 3329 1430 3397 impetrare,
1463 3336 1518 3382 et
1546 3328 1796 3397 quidquid
1839 3327 2062 3384 ﬁdeliter
2085 3345 2176 3398 pe-

604 3423 749 3486 titur,
781 3436 936 3491 posse
967 3429 1234 3490 prmstare.
1257 3417 1378 3473 Haec
1406 3419 2045 3487 mentoratusepiscopus,
2063 3427 2172 3473 tota

603 3514 772 3583 patria
805 3521 960 3578 teste,
991 3510 1274 3580 propalans
1296 3509 1549 3576 gratiticis
1578 3509 1940 3576 auditoribus,
1964 3510 2174 3576 dignam

609 3600 979 3656 certitudinem
1011 3599 1172 3652 dabat
1198 3598 1470 3662 omnibus,
1503 3613 1658 3666 quam
1688 3607 1871 3652 sancte
1911 3600 2173 3654 credenda

603 3699 724 3744 sunt
761 3689 973 3757 antiqua
1011 3687 1191 3756 signa,
1219 3687 1268 3740 in
1310 3695 1418 3739 tam
1457 3686 1681 3740 novellis
1709 3686 2172 3744 declarationibus.

673 3779 756 3833 Η.
806 3777 922 3832 Jam
955 3787 1074 3846 post
1107 3776 1336 3841 Latium,
1384 3786 1506 3845 post
1536 3775 1760 3842 Italiam,
1800 3787 1920 3845 post
1952 3777 2174 3844 Gallias,

601 3876 720 3934 post
749 3873 828 3919 tot
852 3872 1100 3918 tnontana
1119 3906 1133 3930 ,
1166 3863 1512 3931 campestria,
1545 3876 1825 3917 nemorosa
1851 3860 2178 3932 ﬂuviosaque

602 3968 858 4010 terrarum
887 3963 942 4009 et
969 3956 1204 4023 gentium
1231 3953 1564 4019 discrimina,
1608 3955 1820 4008 tandem
1866 3954 2053 4020 Deifer,
2085 3970 2179 4024 pa—

603 4048 752 4110 (πυτ,
785 4045 1024 4101 salutifer
1055 4047 1401 4114 Augustinus,
1448 4063 1569 4102 cum
1601 4047 1758 4103 beato
1800 4049 2172 4112 contubernio,

604 4136 738 4191 felici
769 4153 925 4192 cursu
953 4136 1565 4206 applicuitﬂritanniam,
1596 4137 1660 4190 ad
1691 4137 2016 4191 mansionem
2047 4139 2181 4192 scili-

604 4236 687 4282 cet
714 4237 768 4282 et
793 4228 1022 4296 quietem
1055 4236 1364 4298 perpetuam
1389 4269 1404 4292 ,
1435 4227 1685 4280 divinitus
1722 4227 1818 4281 sibi
1851 4229 2178 4297 praeordina-

601 4327 729 4373 tam.
769 4317 864 4371 Via
891 4317 1153 4386 justorum
1181 4326 1323 4371 recta
1353 4316 1490 4370 facta
1522 4325 1632 4379 est,
1665 4304 1719 4368 et
1749 4316 1847 4369 iter
1873 4325 2178 4372 sanctorum

603 4418 955 4476 praeparatum
973 4448 987 4472 ,
1007 4417 1060 4462 et
1086 4408 1304 4462 deduxit
1331 4423 1424 4462 eos
1451 4406 1704 4461 Dominus
1728 4405 1864 4462 Deus
1891 4417 2072 4464 noster
2098 4411 2179 4465 via

605 4498 829 4552 mirabili
852 4499 915 4552 ad
938 4507 1138 4552 certum
1169 4498 1365 4552 locum.

1215 4587 1439 4643 CAPUT
1483 4589 1545 4642 ll.

611 4683 879 4751 Ingressus
931 4686 979 4733 in
1031 4683 1290 4749 Angliam.
1351 4680 1626 4735 Cmtrersio
1675 4683 1842 4735 sancti
1897 4681 2179 4738 (Ethelredi

821 4773 970 4841 regis.
1021 4769 1222 4823 Lwtitia
1265 4772 1435 4824 sancti
1472 4768 1706 4840 Gregorii
1753 4771 1956 4843 Magni.

677 4862 763 4916 15.
804 4861 974 4916 Habet
1023 4861 1184 4929 Regia
1233 4861 1420 4915 Cantia
1462 4863 1684 4917 insulam
1734 4865 2096 4933 prmgrandcnt
2130 4877 2183 4921 ct

606 4954 1002 5010 celeberrimam
1045 4951 1336 5016 Tanetum,
1377 4968 1626 5021 capacem
1667 4955 2015 5026 amplitudine
2061 4972 2181 5010 sex-

605 5054 877 5102 centarmn
902 5041 1218 5098 familiarum
1248 5062 1259 5096 :
1289 5043 1503 5113 januam
1531 5059 1584 5100 et
1604 5061 1777 5102 sinum
1803 5037 1984 5117 pandit
2008 5057 2178 5105 trans-

680 5167 702 5193 ³
747 5156 885 5211 Beda
914 5155 1244 5222 Wantsumu,
1271 5173 1406 5209 nunc
1437 5156 1624 5212 Stoure
1650 5159 1854 5212 dicitur.

676 5228 704 5266 δ
749 5225 1265 5296 Αρυᾱνκνίῖιθιιιιυιυ
1307 5226 1519 5281 Thorne
1569 5229 1619 5280 in
1659 5231 1912 5283 cbronico
1954 5229 2174 5291 dicitur,

607 5295 837 5350 sanctum
889 5295 1222 5364 Augustinum
1273 5296 1337 5349 de
1403 5297 1518 5350 navi
1568 5298 1952 5352 descendentem
2002 5301 2180 5366 pedem

608 5376 766 5440 petra:
801 5367 945 5440 quasi
991 5366 1096 5440 luto
1140 5367 1487 5440 impressisse,
1530 5382 1740 5440 eamque
1784 5369 1835 5421 in
1873 5370 2071 5438 capella
2111 5371 2180 5422 ibi

611 5438 825 5518 fundata
851 5436 1481 5518 lionoriﬁcefottocatam.
1591 5514 1602 5518 _

683 5522 701 5545 ε
755 5505 936 5558 Sancti
979 5503 1288 5560 zEt/wlberti
1337 5507 1476 5572 regis
1524 5514 1640 5559 acta
1693 5507 2069 5561 illustravimus
2109 5508 2175 5561 ad

607 5575 675 5629 24
703 5575 973 5630 Februarii
1001 5592 1012 5626 :
1044 5577 1235 5643 quibus
1277 5591 1345 5630 ex
1393 5575 1484 5628 lib.
1518 5591 1555 5628 tt
1585 5573 1970 5630 Translationis
2007 5579 2175 5631 sancti

609 5645 883 5714 Augustini
915 5660 964 5699 c.
997 5661 1046 5698 tv
1073 5644 1316 5701 addenda
1359 5645 1535 5712 aliqua
1581 5654 1738 5699 erunt
1780 5649 1846 5698 al
1893 5649 2179 5702 confirma-

559 5751 566 5756 -
612 5717 807 5770 ti‘onetn
835 5716 1027 5770 cultus.

678 5785 702 5823 ἀ
745 5785 896 5840 Berta
944 5793 1128 5841 sancto
1172 5785 1430 5854 Gregorio
1481 5784 1567 5839 lib.
1615 5800 1663 5838 ut
1715 5785 1867 5854 epist.
1922 5786 1986 5838 59
2032 5787 2174 5841 Aldi-

2213 4549 2261 4606 Ι)

2281 1872 2490 1939 glorum
2518 1882 2704 1940 gentes
2733 1873 3017 1928 interluvio
3047 1873 3406 1928 disterm'nat.
3454 1872 3590 1928 lluic
3619 1875 3876 1941 regaliter

2287 1963 2582 2030 pnesidenti
2639 1964 2692 2016 in
2735 1962 3016 2031 metropoli
3061 1962 3360 2016 Cantuarizn
3409 1964 3611 2034 legatus
3659 1964 3873 2020 Domini

2285 2052 2632 2118 Augusdnus,
2685 2067 2780 2121 per
2824 2053 3025 2119 legatos
3061 2061 3116 2106 et
3145 2067 3278 2122 quos
3313 2054 3378 2108 ab
3409 2053 3656 2109 aﬂinibus
3694 2063 3873 2110 trans-

2284 2142 2500 2197 marinis
2521 2144 2663 2196 beati
2690 2141 2930 2211 Cregoii
2961 2143 3175 2198 hortatu
3206 2153 3568 2214 assumpserat
3595 2145 3873 2216 interpre-

2284 2245 2381 2301 tes,
2414 2235 2629 2290 mandat
2655 2251 2735 2300 se,
2761 2237 2842 2291 sui
2867 2251 3082 2306 suaeque
3111 2237 3285 2304 gentis
3311 2252 3494 2290 amore
3523 2245 3577 2290 et
3608 2237 3802 2304 gratia,
3838 2253 3870 2292 a

2284 2325 2452 2379 [torua
2482 2327 2723 2389 venisse;
2767 2334 2822 2380 et
2847 2327 3088 2380 nuntium
3117 2328 3216 2381 sibi
3243 2327 3502 2396 optimum
3533 2335 3696 2396 atque
3721 2329 3873 2381 omni

2281 2417 2650 2486 acteptatione
2676 2416 3042 2484 dignissimum
3071 2417 3292 2481 afferre,
3335 2419 3425 2486 qui
3457 2418 3874 2488 suscipientibus

2281 2509 2605 2576 sempiterna
2633 2507 2829 2576 gaudia
2859 2517 2914 2563 et
2940 2508 3178 2578 infinita,
3227 2525 3348 2564 cum
3387 2512 3716 2580 sempiterno
3755 2511 3872 2568 Deo

2281 2599 2513 2655 caelestis
2540 2601 2687 2666 regni
2718 2601 2906 2655 saecula
2925 2643 2942 2668 ,
2992 2600 3093 2655 tide
3124 2611 3450 2671 protestetur
3488 2603 3870 2658 indubitantis—

2282 2690 2435 2744 sima.
2479 2687 2625 2742 Talia
2661 2705 2753 2742 rex
2792 2689 3000 2758 placido
3030 2690 3209 2744 animo
3241 2692 3566 2761 percipiens,
3611 2694 3870 2763 praecepit

2282 2795 2374 2834 eos
2411 2781 2461 2832 in
2503 2779 2614 2848 ipsa
2653 2796 2757 2850 qua
2787 2782 2987 2850 recepti
3013 2790 3140 2836 sunt
3170 2783 3338 2838 insula
3369 2785 3632 2849 residere,
3679 2786 3870 2854 eisque

2283 2871 2521 2926 exhiberi
2545 2886 2663 2938 quae
2690 2871 2808 2924 vittc
2833 2887 2959 2925 usus
2985 2873 3310 2940 postularet,
3341 2889 3619 2942 quousque
3656 2886 3870 2944 pertra-

2281 2969 2479 3025 ctaret,
2501 2961 2770 3029 quomodo
2800 2961 2946 3030 ipsos
2969 2961 3280 3031 disponeret
3307 2981 3318 3014 :
3344 2966 3454 3032 jam
3495 2965 3633 3019 enim
3665 2965 3868 3034 ubique

2281 3065 2568 3108 coruscans
2605 3051 2966 3104 christianitas
2997 3051 3070 3104 illi
3102 3052 3438 3116 innotuerat,
3478 3053 3710 3107 maxime
3737 3053 3869 3122 quia

2283 3141 2427 3209 regia
2456 3139 2652 3206 conjux
2679 3139 2752 3192 illi
2779 3149 2895 3192 erat
2923 3154 2989 3192 ex
3019 3137 3236 3194 Francis
3265 3141 3504 3209 regibus,
3535 3140 3868 3197 christianis-

2279 3233 2431 3296 sima,
2459 3231 2483 3268 ἀ
2512 3232 2666 3286 Berta
2699 3241 3023 3303 nuncupata,
3063 3249 3220 3302 quam
3252 3249 3318 3288 eo
3341 3243 3676 3290 sacramento
3705 3251 3735 3289 a
3766 3253 3866 3306 pa-

2281 3322 2514 3376 rentibus
2539 3321 2862 3383 obtinuerat,
2895 3331 3156 3390 quatenus
3179 3324 3522 3377 Christianam
3545 3326 3867 3393 religionem

2279 3425 2489 3479 semper
2517 3411 2886 3464 intemeratam
2914 3411 3014 3465 sibi
3042 3427 3161 3466 cem
3191 3414 3304 3467 suis
3331 3414 3616 3468 comitibus
3643 3431 3868 3472 servare

2282 3503 2629 3572 permitteret.
2669 3501 3047 3558 Sanctissimus
3075 3505 3216 3559 enim
3255 3507 3446 3574 praesul
3477 3505 3738 3562 Letardus
3765 3508 3867 3563 da-

2282 3605 2363 3648 tus
2391 3604 2474 3648 est
2501 3609 2680 3650 comes
2709 3603 2763 3648 et
2791 3604 2970 3651 custos
2999 3597 3195 3664 regina:
3225 3595 3589 3663 fidelissimus,
3620 3597 3712 3666 qui
3741 3613 3864 3652 eam

2281 3685 2380 3754 piis
2409 3685 2625 3739 monitis
2653 3695 2707 3740 et
2737 3686 3024 3754 exemplis,
3066 3686 3204 3740 inter
3231 3686 3517 3742 damnosos
3546 3689 3870 3756 paganitatis

2282 3791 2428 3842 usus,
2454 3775 2655 3844 jugiter
2685 3777 2735 3830 in
2763 3775 2958 3830 Christi
2987 3776 3132 3830 cultu
3160 3777 3553 3832 corroboraret.
3582 3776 3708 3834 "(BC
3735 3791 3867 3847 ergo

2281 3880 2479 3934 regem,
2505 3867 2742 3932 quamvis
2758 3866 2909 3920 avitis
2925 3864 3101 3920 adhuc
3123 3867 3861 3935 tenebris.obtemperantem.

2281 3955 2453 4010 facere
2484 3954 2665 4027 [Forte
2710 3953 2905 4025 fecere]
2961 3955 3280 4010 christicolis
3325 3956 3757 4022 clementiorem;
3806 3967 3864 4012 et

2279 4045 2426 4115 quasi
2445 4045 2554 4113 jam
2583 4047 2693 4114 ipse
2717 4043 2884 4098 media
2900 4045 2980 4098 sui
2999 4047 3239 4115 corporis
3258 4056 3410 4114 parte
3429 4045 3702 4100 Christum
3718 4046 3864 4102 cole—

2279 4143 2378 4199 ret,
2395 4136 2532 4190 viam
2549 4134 2741 4189 Christi
2753 4133 2941 4200 bajulis
2962 4134 3240 4203 patefecit,
3270 4135 3442 4190 donec
3467 4143 3520 4189 et
3549 4135 3664 4205 ipse
3687 4135 3862 4190 intra-

2281 4232 2379 4280 ret.
2408 4224 2636 4279 Veniens
2663 4226 2841 4293 itaque
2866 4240 2956 4279 rex
2993 4224 3058 4278 ad
3090 4225 3320 4281 insulam
3349 4227 3436 4282 die
3466 4234 3789 4297 opportuno,
3809 4237 3864 4282 et

2281 4314 2515 4370 residens
2541 4331 2661 4369 cum
2685 4315 2999 4383 optimatum
3029 4325 3171 4372 cmtu
3198 4319 3297 4373 sub
3321 4317 3443 4387 dio,
3487 4318 3554 4372 ad
3581 4333 3731 4374 suam
3763 4335 3863 4372 au-

2280 4404 2534 4460 dientiam
2555 4407 2783 4461 accersit
2806 4406 3156 4475 Augustinum
3179 4425 3300 4464 cum
3324 4425 3424 4466 suo
3443 4411 3819 4466 conventiculo
3846 4429 3862 4465 :

2286 4499 2500 4554 fallebat
2527 4500 2666 4554 enim
2696 4499 2868 4555 adhuc
2896 4515 3073 4570 regem
3106 4503 3472 4570 augurationis
3500 4517 3671 4566 error,
3707 4503 3859 4558 velut

2286 4600 2600 4646 nocturnum
2636 4591 3012 4657 Nicodemum,
3062 4603 3362 4659 verentem,
3396 4609 3461 4647 ne
3489 4592 3534 4647 si
3563 4593 3615 4646 in
3645 4592 3863 4662 aliquod

2284 4692 2482 4737 tectum
2527 4682 2624 4738 sibi
2654 4684 3084 4752 supervenirent,
3134 4684 3179 4737 si
3205 4683 3328 4752 quid
3360 4684 3739 4738 incantationis
3767 4693 3865 4739 aut

2285 4773 2530 4830 ntaleﬂcii
2567 4776 2792 4840 scirent,
2839 4775 3143 4829 convictum
3190 4790 3312 4830 eum
3353 4775 3701 4830 seducerent.
3754 4775 3866 4830 Sed

2283 4875 2537 4936 quantum
2566 4865 2658 4919 lux
2684 4879 2715 4918 a
2744 4865 2996 4927 tenebris,
3028 4864 3260 4918 distabat
3289 4863 3408 4918 talis
3439 4879 3589 4918 meus
3617 4865 3684 4918 ab
3707 4864 3865 4918 inno-

2284 4957 2524 5011 centibus
2561 4970 2624 5010 ac
2651 4955 2810 5008 rectis
2840 4971 2852 5006 :
2884 4953 3202 5008 attollebant
3239 4954 3414 5022 potius
3451 4954 3644 5008 vexilla
3677 4953 3865 5007 domi-

2285 5047 2422 5113 nica,
2460 5046 2651 5114 quibus
2676 5044 3047 5098 examinarent
3071 5041 3336 5112 pucstigia
3364 5043 3708 5097 dmnioniaca.
3749 5042 3864 5096 Ve—

2286 5160 2462 5224 bcrga,
2494 5155 2596 5208 filia
2629 5170 2734 5208 non
2765 5153 3054 5224 Clilotharii
3085 5154 3258 5223 primi,
3293 5162 3352 5208 ut
3389 5153 3610 5224 Mahilio
3635 5154 3727 5224 ait,
3759 5155 3856 5207 sed

2284 5222 2582 5280 C'hariberti
2631 5224 2770 5293 regis
2815 5222 3159 5289 Parisiorum,
3187 5227 3262 5280 uti
3301 5240 3368 5280 ex
3393 5223 3653 5293 Gregorio
3683 5222 3860 5278 Turo-

2287 5297 2434 5350 nensi
2480 5305 2538 5350 et
2564 5291 3042 5348 aliis‘deduximus
3086 5295 3150 5347 ad
3191 5297 3353 5350 vitam
3405 5294 3576 5348 sancti
3621 5291 3860 5356 Letardi,

2285 5382 2444 5434 quam
2489 5364 2732 5434 dedimus
2775 5378 2897 5434 cum
2931 5362 3050 5434 Vita
3099 5364 3223 5418 dicti
3265 5364 3575 5418 JEthetberti
3619 5365 3753 5432 regis
3793 5363 3862 5416 ad

2283 5432 2413 5489 diem
2443 5433 2513 5487 24
2541 5432 2842 5496 Februarii,
2882 5433 3016 5503 quod
3057 5434 3191 5486 diem
3220 5436 3443 5488 natalem
3481 5435 3862 5503 ignoraremus.

2293 5505 2479 5558 Verum
2508 5514 2682 5571 postea
2710 5503 2980 5556 didicimus
3008 5519 3072 5557 ea:
3098 5503 3201 5557 Ms.
3235 5503 3466 5557 Romano
3493 5504 3638 5556 ducis
3667 5503 3861 5556 Attem-

2283 5576 2408 5645 psii,
2440 5585 2487 5628 et
2521 5575 2624 5628 alio
2655 5574 2872 5645 antiqua
2926 5584 3132 5645 nostra,
3164 5573 3298 5627 diem
3339 5574 3566 5628 natalem
3606 5581 3656 5626 et
3701 5572 3864 5645 guttur

2284 5641 2487 5699 sacrum
2514 5659 2625 5697 esse
2651 5644 2678 5696 7
2709 5641 2860 5708 Maii,
2890 5645 2963 5695 uti
3001 5643 3069 5694 ad
3096 5643 3227 5697 hunc
3255 5645 3387 5697 diem
3415 5645 3660 5697 diximus.
3697 5641 3740 5694 Ε
3738 5642 3860 5710 jus-

2283 5716 2398 5770 dem
2426 5715 2946 5786 miracutaqmedam
2979 5711 3224 5766 habentur
3249 5716 3390 5786 infra
3420 5713 3506 5768 (ib.
3541 5729 3557 5767 ι
3608 5711 3858 5766 Transla-

2287 5787 2437 5840 tionis
2470 5785 2635 5839 sancti
2667 5784 2933 5853 Augustini
2964 5799 3008 5835 c.
3041 5799 3091 5836 v.
