4118 6332
286 335 349 388 61
1491 337 1644 392 V'I'fA
1689 337 1930 393 εΑΝοτι
1975 339 2364 396 AUGUSTINI.
2593 345 2606 350 ’
3502 348 3570 404 (2

281 464 413 504 nere
435 462 583 517 ergo,
609 465 714 504 non
736 449 1135 518 erubescentes,
1157 449 1248 506 sed
1271 451 1572 506 eminenter
1589 448 1876 506 afferentes
1909 460 1950 511 Α
1983 455 2160 508 omnia
2219 463 2611 512 tormentorum
2661 467 2716 510 et
2761 459 3011 512 mortium
3067 476 3263 530 genera
3313 465 3570 520 mundum

281 539 688 609 triutnphatoris
711 539 893 594 mundi
920 554 1136 594 crucem
1159 549 1491 610 argenteam,
1516 547 1570 594 et
1594 540 1877 610 imaginem

279 629 494 686 Domini
535 629 854 692 Salvatoris,
901 631 1135 686 formose
1177 640 1338 700 atque
1377 645 1572 685 aurose
1600 631 1652 684 in
1695 629 1877 684 tabula

276 719 567 789 depictam.
612 717 890 773 Canebant
917 719 1076 774 simul
1105 720 1349 785 litanias,
1401 720 1598 788 quibus
1621 719 1879 774 caderent

279 812 589 867 adversaria
614 812 703 867 Dei
729 814 925 866 mmnia
945 810 1162 867 Jericho
1187 830 1202 878 ;
1231 821 1450 866 orantes
1465 811 1698 866 contrito
1716 811 1878 867 corde

277 919 381 972 pro
417 919 513 958 sua
542 902 922 973 ipsorumque,
965 917 1102 971 quos
1134 901 1242 956 Deo
1271 903 1553 970 acquirere
1595 911 1876 966 venerant,

224 1061 238 1080 _
280 1006 543 1066 perpetua
573 995 765 1050 salute.

352 1086 439 1139 l7.
484 1085 861 1140 Residentibus
887 1085 966 1140 eis
992 1085 1145 1154 jussu
1173 1086 1352 1152 regio,
1404 1084 1736 1154 Augustinus
1769 1085 1878 1147 pri-

278 1197 426 1234 mum
451 1195 546 1235 ore
569 1181 777 1236 intonat
804 1181 1146 1256 evangelico:
1182 1180 1258 1235 Ad
1292 1191 1508 1246 toam,o
1535 1197 1650 1247 rex,
1686 1181 1877 1235 totius-

277 1284 386 1336 que
431 1270 589 1338 hujus
636 1269 785 1339 regni
842 1279 1158 1340 perpetuam
1221 1286 1406 1340 pacem
1460 1271 1566 1326 huc
1616 1271 1872 1338 ingressi,

278 1362 541 1430 optimum
590 1363 830 1416 nuntium
880 1362 1221 1432 sempiterna:
1271 1363 1499 1426 laetitiae,
1559 1372 1618 1416 ut
1672 1363 1872 1432 p-idcm

275 1453 674 1515 mandavimus.
707 1453 980 1508 aiferimos
1028 1455 1120 1509 tibi
1148 1473 1160 1508 :
1193 1455 1238 1511 si
1269 1456 1593 1524 susceperis,
1624 1455 1710 1508 hic
1739 1463 1792 1509 et
1821 1456 1872 1508 in

275 1554 488 1599 :eterno
536 1560 700 1614 regno
747 1545 1075 1600 :eternaliter
1126 1546 1538 1600 beatiticaberis.
1584 1544 1700 1599 Jam
1731 1546 1871 1600 enim

277 1635 464 1689 mundi
501 1635 749 1690 conditor
778 1646 833 1690 et
863 1637 1005 1690 idem
1051 1635 1380 1705 Redemptor
1409 1635 1644 1690 humano
1687 1636 1868 1704 generi

277 1741 502 1797 regnum
551 1729 810 1784 cmiorum
863 1730 1107 1799 aperuit,
1149 1738 1204 1784 et
1245 1729 1310 1784 de
1359 1731 1585 1784 terrenis
1623 1731 1872 1786 caelestes

1981 544 2234 600 salvatori
2289 561 2388 599 suo
2441 546 2794 604 invictissime
2845 547 3219 605 subdiderunt.
3278 550 3394 606 Jam
3445 555 3572 608 olim

1985 637 2184 702 Roma,
2210 637 2322 706 jam
2372 638 2578 693 G-aeeia
2600 679 2614 702 ,
2653 639 2764 708 jam
2809 653 2963 708 reges
3009 649 3064 695 et
3093 642 3362 712 principes
3394 653 3568 711 terra),

1975 727 2084 794 jam
2131 726 2320 780 insulae
2363 729 2629 794 gentium,
2662 729 2990 797 propheticis
3035 731 3440 787 invitationibus
3486 742 3570 788 at-

1981 825 2194 886 traclm,
2217 833 2337 872 cum
2369 818 2487 884 ipso
2519 829 2777 874 terrarum
2810 821 3046 888 gaudent
3075 837 3260 891 regum
3287 824 3570 880 Dominum

1979 908 2208 962 adorare
2252 917 2308 963 et
2349 909 2422 962 illi
2465 909 2516 962 iu
2564 919 2882 978 perpetuum
2931 913 3162 975 servire,
3194 929 3293 983 per
3325 929 3486 982 quem
3519 927 3573 976 et

1978 1013 2098 1052 cum
2152 1013 2259 1067 quo
2325 999 2637 1068 perenniter
2681 1000 2897 1056 valeant
2945 1015 3192 1069 regnare.
3245 1001 3362 1056 Tali
3409 1006 3571 1058 etiam

1979 1087 2171 1143 affecto
2212 1089 2502 1144 hodiernus
2549 1099 2704 1159 pater
2735 1093 2900 1147 totius
2926 1093 3331 1148 Christianitatis
3370 1095 3574 1165 Grego-

1978 1180 2108 1244 riu=,
2141 1191 2373 1234 vestram
2416 1181 2770 1237 salvationetn
2813 1183 3188 1239 ardentissime
3235 1186 3442 1253 sitiens,
3474 1203 3574 1243 nec

1981 1287 2280 1340 pmnarom,
2325 1290 2424 1329 nec
2475 1276 2664 1332 mort-is
2703 1277 2898 1332 timore
2946 1280 3324 1347 prohiberetur
3369 1283 3434 1335 ad
3479 1299 3576 1338 vos

1981 1362 2181 1427 venire,
2213 1363 2256 1416 si
2290 1373 2473 1432 posset
2497 1365 2664 1433 (quod
2692 1382 2797 1420 non
2829 1375 3032 1438 potest)
3057 1377 3136 1423 tot
3165 1373 3574 1428 commissarum

1977 1453 2274 1507 anioarnm
2306 1470 2488 1510 emam
2532 1456 2801 1512 deserere.
2851 1458 3192 1529 Quapropter
3222 1477 3321 1517 nos
3374 1464 3426 1516 in
3476 1478 3576 1518 sua

1977 1546 2092 1600 vico
2140 1547 2314 1614 misit,
2347 1557 2402 1601 ut
2431 1548 2571 1602 viam
2619 1558 2833 1603 :eternm
2884 1550 3021 1605 locis
3068 1560 3122 1605 et
3161 1551 3381 1619 januam
3422 1555 3576 1612 vobis

1977 1637 2271 1706 pandemus
2313 1639 2462 1707 regni
2491 1640 2726 1694 caelestis
2759 1657 2773 1693 :
2816 1656 2924 1709 quo
2951 1641 2998 1694 si
3027 1643 3352 1711 contemptis
3391 1643 3573 1708 idolis,

1977 1729 2320 1784 dautmniacis
2369 1745 2464 1800 per
2501 1730 2774 1785 Christum
2817 1731 3018 1787 intrare
3047 1748 3155 1787 non
3185 1733 3430 1797 rtnnitis,
3459 1749 3576 1789 cer-

275 1818 558 1887 indigenas
605 1817 750 1875 fecit.
783 1819 876 1875 Sic
921 1822 1062 1874 enim
1114 1819 1255 1874 Deus
1282 1820 1468 1874 dilexit
1505 1821 1783 1889 nmndum,
1817 1831 1871 1874 ut
1909 1822 1949 1880 Β
1983 1818 2182 1872 :issima
2212 1818 2315 1873 ﬁde
2350 1835 2568 1889 semper
2596 1821 2849 1888 regnetis.

276 1906 469 1961 Filium
499 1922 653 1962 suum
686 1909 1039 1978 unigenitum,
1067 1911 1204 1963 sicut
1236 1909 1348 1980 ipse
1375 1911 1680 1980 onigenitus
1709 1920 1872 1966 teeta—

279 2009 396 2063 tur,
423 2014 520 2067 pro
552 1999 750 2055 mundo
795 2001 946 2057 daret
981 1999 1170 2072 (Joan.
1201 2017 1276 2066 tn,
1311 2001 1436 2070 16);
1480 2009 1534 2055 ut
1579 2003 1753 2057 omnis
1783 2004 1870 2072 qui

275 2090 444 2144 credit
479 2091 529 2143 in
577 2091 748 2160 ipsum
779 2107 884 2146 non
916 2100 1121 2162 pereat,
1155 2093 1248 2146 sed
1281 2093 1477 2147 habeat
1506 2094 1668 2146 vitam
1711 2103 1872 2148 mter-

279 2197 423 2236 uam.
450 2181 583 2236 Tam
611 2183 752 2238 enim
779 2182 986 2238 inﬁnita
1015 2184 1277 2239 charitate
1307 2184 1447 2238 idem
1465 2185 1559 2240 Dei
1578 2184 1741 2240 Filius
1771 2186 1870 2239 ho-

281 2271 452 2325 mines
482 2269 669 2326 dilexit
719 2288 854 2342 quos
897 2272 1042 2335 fecit,
1077 2284 1135 2327 ut
1176 2291 1282 2328 non
1330 2275 1504 2330 solum
1549 2275 1708 2330 homo
1737 2275 1876 2329 inter

277 2363 527 2417 homines
557 2361 697 2428 ﬁeri,
729 2379 913 2418 vermn
946 2367 1106 2418 etiam
1148 2375 1398 2430 mortem,
1430 2374 1660 2420 mortem
1692 2376 1872 2422 autem

279 2453 474 2519 crucis,
506 2469 605 2523 pro
632 2453 940 2528 hominith
970 2455 1285 2522 dignaretur
1326 2457 1458 2525 pati.
1513 2455 1602 2512 Sic
1642 2472 1875 2526 namque

277 2542 481 2612 placuit
508 2543 624 2612 ejus
669 2541 927 2598 ineffabili
953 2546 1274 2610 clementim,
1308 2555 1362 2600 ut
1403 2547 1672 2601 diabolum
1702 2547 1873 2616 capti-

275 2645 519 2690 vatorem
565 2644 828 2700 nostrum,
863 2651 969 2691 non
1001 2636 1052 2690 in
1100 2652 1210 2691 sum
1243 2637 1535 2690 divinitatis
1573 2636 1874 2706 majestate,

275 2725 371 2780 sed
396 2726 448 2780 in
475 2734 674 2782 nostrae
701 2728 877 2783 carnis
899 2725 1212 2783 inﬁrmitate
1240 2729 1497 2796 elideret;
1539 2740 1591 2784 et
1620 2746 1738 2795 nos,
1774 2730 1870 2784 de-

277 2814 444 2868 bitam
477 2814 728 2886 praedam,
765 2831 860 2885 per
903 2816 1194 2871 indebitam
1219 2819 1394 2873 crocis
1427 2836 1658 2888 pmnam,
1693 2836 1722 2873 a
1761 2819 1875 2872 fau-

276 2905 428 2959 cibus
476 2905 774 2975 impiissimi
829 2908 1042 2976 tyranni
1092 2916 1330 2962 erueret.
1382 2907 1547 2976 Cujus
1599 2909 1876 2964 incarnata

275 2996 529 3050 divinitas
573 2997 868 3053 innumeris
896 2999 1150 3052 virtutmn
1201 2998 1394 3051 claruit
1439 2999 1699 3064 ostentis,
1733 3000 1876 3054 omni

276 3089 557 3144 debilitate
602 3099 810 3152 curata,
843 3089 992 3145 omni
1021 3091 1218 3143 virtute
1263 3100 1468 3157 patrata
1496 3109 1506 3140 :
1540 3090 1708 3152 caelo,
1736 3090 1878 3146 side-

2051 1910 2134 1964 18.
2169 1909 2295 1966 Hec
2323 1920 2378 1966 et
2419 1913 2500 1968 his
2547 1913 2740 1968 similia
2773 1913 3048 1968 salutifero
3078 1915 3376 1983 Augustino
3403 1917 3574 1970 disce-

1979 2012 2152 2069 rente,
2177 2003 2292 2070 ejus
2321 2002 2663 2072 suffraganei,
2697 2014 2856 2073 prout
2899 2005 3156 2058 Dominus
3202 2005 3370 2072 dedit,
3395 2006 3575 2074 plera-

1976 2109 2081 2163 que
2111 2095 2382 2160 addidere.
2430 2104 2483 2148 λι
2532 2109 2646 2156 rex,
2680 2096 2748 2148 ab
2806 2096 2994 2150 inolitn
3043 2110 3227 2150 errore
3283 2111 3390 2148 non
3421 2094 3576 2149 facile

1976 2184 2325 2250 extricabilis,
2361 2185 2640 2254 respondit
2669 2193 2726 2238 ut
2751 2198 2912 2252 :eger,
2943 2185 3130 2239 favens
3159 2183 3374 2253 quidem
3405 2185 3576 2238 medi-

1975 2279 2068 2339 cis,
2099 2275 2192 2330 sed
2227 2275 2454 2329 necdum
2488 2275 2699 2344 patiens
2729 2276 3076 2330 curationis:
3107 2273 3332 2329 Pulchra
3360 2275 3575 2342 quidem

1977 2376 2032 2420 et
2072 2367 2136 2420 ad
2168 2367 2457 2435 quamdam
2507 2367 2731 2434 gloriam
2786 2365 3044 2420 inﬁnitam
3094 2374 3218 2420 sunt
3271 2366 3576 2419 invitati-ria

1977 2473 2096 2526 quae
2121 2457 2408 2528 suggeritis
2438 2457 2581 2511 dicta
2611 2465 2666 2510 et
2687 2458 2955 2527 promissa
2983 2475 2995 2510 :
3029 2457 3121 2512 sed
3150 2457 3406 2526 quoniam
3438 2472 3574 2511 nova

1977 2548 2240 2602 habentur
2268 2555 2323 2602 et
2353 2549 2614 2602 hactenus
2666 2547 2958 2617 incognita,
2989 2563 3096 2601 non
3145 2547 3274 2602 mihi
3322 2547 3585 2616 competit-

1979 2638 2060 2690 his
2110 2638 2347 2690 animum
2380 2637 2636 2704 subdere,
2666 2646 2722 2692 et
2777 2637 3040 2706 majorum
3090 2639 3225 2692 ritus
3273 2652 3370 2707 per
3407 2646 3576 2694 totam

1978 2730 2221 2798 Angliam
2252 2737 2480 2784 eatenus
2536 2739 2782 2783 servatos
2825 2731 3097 2784 deserere.
3132 2732 3380 2783 Attamen
3407 2728 3576 2783 bene-

1978 2822 2226 2877 volentiae
2260 2830 2471 2886 vestrae,
2504 2836 2606 2889 qua
2638 2821 2705 2875 de
2739 2821 3030 2890 longinquo
3063 2821 3146 2889 (ut
3172 2818 3353 2891 video)
3384 2820 3448 2873 ad
3479 2835 3575 2874 nos

1977 2912 2183 2980 venire,
2229 2920 2536 2980 nostrmque
2563 2911 2743 2977 saluti,
2775 2919 2935 2977 prout
2965 2915 3136 2963 nostis
3163 2909 3340 2963 verius
3367 2923 3432 2962 ac
3461 2923 3574 2962 me-
3628 2927 3633 2932 ·

1982 3002 2101 3067 lius,
2133 3001 2382 3056 certastis
2415 3001 2718 3064 consulere,
2751 3017 2848 3055 nos
2880 2991 3218 3067 nequaquam
3252 2997 3451 3063 infesti,
3480 2997 3575 3051 sed

1981 3111 2082 3150 nec
2110 3094 2302 3164 ingrati
2334 3094 2596 3148 voluimus
2635 3092 2903 3147 existere:
2957 3091 3126 3158 magis
3155 3105 3285 3144 vero
3325 3098 3573 3158 optamus

277 3179 449 3247 ritus,
482 3192 642 3247 terra,
676 3183 846 3247 mari,
881 3180 1090 3237 inferno
1135 3198 1196 3237 se
1223 3182 1462 3236 omnium
1496 3183 1662 3236 Deum
1693 3191 1748 3237 et
1776 3183 1875 3238 do-
1900 3194 1943 3255 ρ
1977 3186 2336 3253 benigna-vos
2377 3183 2743 3253 hospitalitate
2793 3183 2999 3244 fovere,
3057 3189 3110 3235 et
3156 3180 3280 3234 vitae
3338 3179 3573 3234 subsidia

274 3274 485 3327 minum
532 3273 798 3339 ostendit;
851 3279 1042 3328 ventos
1083 3283 1138 3327 et
1166 3287 1315 3327 mare
1360 3273 1585 3342 imperio
1627 3275 1870 3335 sedavit,

273 3365 472 3418 fluctus
494 3365 657 3418 maris
674 3365 826 3434 quasi
850 3365 1078 3419 solidum
1102 3380 1349 3434 campum
1368 3364 1628 3420 calcavit:
1657 3363 1872 3420 tandem

274 3457 414 3508 mori
448 3464 504 3508 ut
534 3455 696 3508 homo
728 3471 825 3525 pro
852 3455 1160 3510 hominibus
1204 3455 1486 3524 dignatus,
1539 3457 1590 3510 in
1639 3457 1815 3511 triduo
1842 3472 1872 3510 a

277 3549 456 3600 morte
484 3545 625 3599 sicut
653 3545 792 3600 Deus
824 3546 1084 3614 surrexit,
1107 3555 1162 3598 et
1184 3545 1377 3607 solem,
1399 3545 1488 3613 qui
1519 3548 1570 3598 in
1595 3545 1671 3599 sui
1696 3545 1874 3600 condi-

277 3641 414 3693 toris
452 3653 585 3693 nece
625 3637 1008 3693 obtenebratus
1049 3627 1164 3702 est,
1205 3653 1303 3692 suo
1348 3637 1633 3707 splendore
1677 3638 1875 3692 clarius

280 3729 588 3786 illustravit.
637 3726 912 3791 Surrexit,
961 3729 1207 3799 inquam,
1242 3738 1299 3783 ut
1341 3746 1438 3782 nos
1488 3739 1870 3785 resuscuaret:

278 3821 525 3875 ascendit
554 3821 619 3875 ad
659 3821 858 3884 caelos,
892 3829 950 3874 ut
993 3821 1121 3876 illuc
1157 3837 1256 3876 nos
1299 3821 1694 3890 triumphantes
1750 3836 1876 3889 age—

279 3919 385 3966 ret.
421 3911 549 3966 lnde
573 3912 738 3981 jodex
776 3911 1014 3966 omnium
1055 3913 1377 3967 saeculorum
1405 3913 1608 3978 veniet,
1660 3921 1718 3966 ut
1755 3927 1875 3966 cre-

278 4001 472 4056 dentes
510 4003 562 4055 in
609 4016 773 4069 regno
802 4017 922 4066 suo,
967 4000 1234 4057 damnatis
1275 3999 1586 4063 incredulis,
1615 4009 1874 4070 perpetua

277 4092 530 4149 collucet.
579 4093 655 4148 Ne
703 4109 861 4162 ergo,
894 4109 927 4148 ο
960 4094 1450 4163 prrecellentissime
1478 4103 1749 4160 regnator,
1781 4109 1874 4147 su-

281 4182 620 4250 perstitiosos
645 4199 740 4239 nos
774 4183 1001 4252 jodices,
1040 4183 1184 4252 quod
1215 4199 1245 4238 a
1277 4183 1449 4238 Roma
1489 4185 1540 4238 in
1574 4193 1694 4238 tuus
1740 4183 1872 4238 lines

283 4288 388 4330 tuae
419 4285 740 4348 tonrmnque
766 4278 952 4332 salutis
990 4277 1159 4347 gratia
1209 4278 1570 4333 laboravimus
1596 4278 1872 4340 devenire,

279 4367 554 4434 ct'ignotis
574 4369 821 4436 gentibus
849 4369 1001 4437 quasi
1032 4369 1240 4436 ingrata
1273 4367 1532 4422 beneficia
1557 4369 1871 4436 subrogare.

281 4455 529 4521 Noveris,
575 4457 828 4526 piissime,
882 4473 1087 4526 magna:
1115 4458 1376 4512 claritatis
1425 4459 1746 4513 neceSsitatc
1782 4475 1874 4511 ur-

1979 3274 2307 3328 sufticienter
2352 3273 2592 3341 praebere
2620 3290 2632 3323 :
2675 3271 2768 3325 sed
2799 3280 2854 3326 et
2883 3273 2986 3324 hoc
3018 3271 3372 3340 permittimus
3398 3269 3575 3337 vobis,

1978 3376 2036 3418 ut
2064 3379 2416 3435 qoosumque
2445 3363 2670 3432 potestis
2727 3363 2780 3415 iu
2833 3369 3068 3416 vestram
3099 3359 3256 3414 fidem
3285 3367 3337 3414 et
3362 3359 3574 3428 protes-

1978 3456 2189 3510 sionem
2222 3453 2566 3525 pnedicando
2597 3464 2653 3508 et
2685 3453 2954 3507 hbrtaudo
2995 3454 3300 3506 assomatis.
3346 3450 3457 3505 Rex
3488 3466 3573 3504 er-

1976 3561 2044 3615 go
2076 3557 2184 3600 tam
2214 3548 2450 3602 clemens
2479 3545 2800 3600 Christicolis
2823 3545 2874 3598 in
2906 3545 3234 3614 paganitate.
3264 3542 3385 3609 quis
3413 3540 3572 3609 digne

1979 3652 2243 3698 memoret
2263 3657 2422 3710 quam
2449 3651 2534 3696 est
2564 3641 2748 3702 dilata,
2771 3649 2826 3692 ut
2851 3654 2917 3693 ex
2939 3638 3254 3692 difﬁcultate
3276 3635 3436 3690 beato
3465 3635 3572 3688 Ao-

1977 3737 2191 3806 gustino
2216 3743 2488 3790 cresceret
2535 3750 2732 3788 corona
2751 3776 2764 3797 ,
2793 3743 2843 3784 et
2871 3749 2938 3786 ex
2961 3733 3232 3798 inSperata
3261 3729 3434 3782 salute
3460 3742 3570 3780 ma-

1979 3831 2067 3895 jor
2095 3826 2351 3881 Ecclesia:
2382 3825 2478 3880 Dei
2511 3834 2774 3880 nascerclt
2801 3841 2826 3876 r
2857 3824 3059 3876 laetitia.

2055 3917 2137 3972 19.
2178 3917 2343 3984 Igitur
2370 3918 2513 3983 regis
2562 3915 2962 3980 benevolentia,
2995 3913 3103 3965 imo
3133 3911 3227 3964 Dei
3285 3907 3570 3980 providen-

1980 4010 2072 4072 tia,
2098 4009 2148 4062 in
2175 4008 2592 4076 metropolitana
2619 4005 2838 4060 civitate
2865 4003 3210 4057 Doioberniae
3257 3999 3572 4054 conceditur

1977 4100 2180 4154 sanctis
2211 4099 2361 4153 locus
2393 4098 2742 4152 habitationis
2767 4110 3039 4164 congruae,
3095 4102 3148 4148 et
3176 4107 3439 4162 promissa
3471 4091 3571 4150 sti-

1979 4192 2169 4260 pendia
2201 4188 2502 4258 corporalis
2532 4189 2820 4255 alimoniae,
2850 4196 2906 4242 et
2935 4187 3260 4254 indulgentia
3315 4185 3575 4254 prmdica-

1979 4285 2032 4336 ti.
2059 4283 2141 4336 nis
2171 4289 2388 4352 optatm.
2422 4278 2606 4350 itaque
2645 4280 3086 4350 appropinquans
3126 4277 3460 4345 possidenda:
3491 4276 3570 4329 ci-

1982 4375 2129 4428 vitati
2183 4374 2386 4444 pacifer
2435 4372 2802 4440 Augustinus,
2848 4387 2970 4426 cum
3019 4370 3177 4422 heatu
3247 4365 3576 4420 Sanctorum

1979 4467 2168 4530 Cltttru,
2198 4466 2340 4520 elato
2371 4480 2436 4518 ex
2468 4479 2618 4517 more
2641 4463 2820 4517 crocis
2850 4459 3059 4514 Domini
3081 4468 3348 4526 argentea!
3379 4458 3568 4509 trium-

278 4555 443 4613 gcote
494 4546 548 4600 id
594 4563 692 4602 nos
735 4549 1044 4604 intendisse.
1091 4551 1468 4604 Desnleramus
1513 4549 1682 4615 enim,
1714 4566 1878 4619 super
1903 4570 1952 4625 υ
1983 4557 2126 4624 pbali
2155 4557 2370 4618 vexillo,
2417 4570 2536 4609 com
2567 4555 2797 4622 imagine
2824 4553 3032 4607 vivilica
3065 4552 3231 4621 ipsius
3259 4548 3576 4619 sempiterni

281 4655 500 4695 omnem
528 4641 707 4695 mundi
739 4641 1032 4711 appetitum
1063 4651 1118 4696 et
1147 4642 1397 4711 gloriam,
1427 4657 1584 4710 quam
1618 4643 1877 4712 plurimos

282 4731 338 4785 in
370 4747 536 4800 regno
577 4732 666 4787 Dei
699 4736 868 4788 nostri
898 4735 1149 4789 concivcs
1178 4735 1410 4800 habere;
1460 4743 1514 4789 et
1541 4736 1634 4804 qui
1666 4735 1718 4789 in
1748 4751 1876 4790 san-

281 4832 495 4877 ctorum
544 4828 852 4893 avgeiormn
894 4828 1224 4883 consortium
1278 4843 1346 4897 po
1363 4828 1447 4881 tsit
1493 4827 1779 4898 proﬁcere,
1811 4845 1878 4884 ne

281 4921 544 4981 pereant,
589 4915 719 4970 totis
779 4915 978 4970 ui~ibos
1029 4926 1298 4972 certamus
1343 4918 1672 4986 prospicue.
1732 4917 1880 4974 lianc

281 5004 485 5077 quippe
520 5005 945 5062 benevolentiam
985 5007 1180 5063 Christi
1235 5008 1398 5062 nostri
1453 5009 1770 5078 benignitas,
1813 5010 1880 5064 de

284 5096 644 5150 inmstimabili
694 5097 979 5154 dulcedine
1033 5100 1265 5170 Spiritus
1318 5102 1438 5164 sui,
1471 5102 1719 5155 onmihus
1772 5118 1881 5155 sua:

285 5187 530 5240 veritatis
572 5191 902 5257 praeconibus
945 5193 1139 5260 ubique
1173 5191 1381 5256 infudit,
1419 5201 1478 5245 ut
1523 5192 1754 5262 pmpriis
1784 5207 1878 5245 ne-

283 5278 634 5334 cessitatibus
663 5283 978 5350 postpositis
1019 5284 1069 5335 in
1118 5283 1354 5338 omnium
1385 5285 1621 5350 gentium
1651 5282 1876 5336 salutem

284 5369 647 5426 exardescant
674 5413 688 5438 ,
734 5381 788 5427 et
829 5375 1094 5446 quaslibet
1141 5375 1420 5440 nationes,
1464 5383 1520 5428 ut
1551 5382 1796 5444 parentes
1827 5381 1880 5426 et

287 5459 452 5526 ﬁfius,
486 5470 542 5514 ut
574 5463 765 5518 fratres
795 5474 847 5518 et
875 5474 1130 5533 cognatos
1161 5466 1396 5520 habeant
1423 5483 1436 5530 ;
1480 5474 1534 5520 et
1556 5481 1744 5520 omnes
1775 5483 1876 5520 una

289 5548 384 5604 Dei
417 5550 706 5608 dilectione
727 5555 1034 5626 amplexos,
1059 5554 1125 5609 ad
1161 5557 1367 5610 inﬁnita
1391 5558 1628 5610 omnium
1657 5556 1880 5624 gaudio—

284 5657 409 5695 rum
449 5658 514 5698 ac
561 5645 960 5701 solemnitatum
999 5649 1190 5702 saecula
1247 5647 1558 5716 pertrahere
1612 5656 1876 5714 satagunt.

286 5729 449 5788 Tales
479 5737 621 5802 regis
663 5738 929 5806 signiferi,
960 5754 1080 5794 cum
1121 5739 1414 5794 innumeris
1457 5737 1727 5792 miraculis
1758 5737 1837 5792 fac
1867 5739 1878 5791 i

288 5836 461 5882 testes
506 5830 620 5896 Dei,
670 5848 767 5901 per
811 5833 1034 5902 gladios,
1067 5849 1163 5903 per
1190 5833 1356 5902 ignes,
1393 5847 1490 5902 per
1529 5830 1755 5895 belluas,
1784 5845 1878 5898 pi-r

1980 4645 2120 4713 regis
2148 4643 2272 4697 Jeso
2290 4643 2510 4706 Christi,
2539 4643 2755 4696 invocat
2785 4642 3098 4710 suppliciter
3117 4655 3280 4709 super
3305 4655 3422 4694 eam
3450 4637 3572 4693 Sal-

1981 4738 2182 4792 vatoris
2228 4737 2571 4791 salvatricent
2603 4734 2943 4788 clementiam
2981 4751 2994 4785 :
3027 4744 3137 4785 tum
3181 4736 3320 4786 hanc
3364 4731 3569 4785 litania-

1983 4831 2086 4884 Iem
2130 4828 2481 4896 autiphonam
2528 4825 2834 4878 dulcimude
2882 4827 3110 4888 intonat,
3158 4833 3213 4877 et
3255 4840 3375 4876 eum
3425 4823 3576 4876 exci~

1984 4925 2162 4989 piente
2194 4917 2458 4986 primitiva
2493 4916 2783 4984 Anglorum
2815 4917 3021 4971 nutrice
3042 4915 3302 4975 Ecclesia,
3332 4928 3570 4969 consona

1985 5011 2352 5065 modulatione
2378 5026 2441 5065 ac
2468 5010 2757 5064 devotione
2780 5010 3035 5064 decantat
3059 5029 3072 5062 :
3107 5009 3466 5078 Deprecamur
3495 5017 3568 5068 te,

1989 5103 2228 5167 Domine,
2264 5102 2313 5154 in
2365 5102 2510 5154 omni
2545 5101 2911 5154 misericordia
2946 5111 3032 5154 tua
3056 5140 3071 5165 ,
3102 5107 3160 5153 ut
3190 5100 3464 5153 auferatur
3490 5098 3562 5149 fu-

1985 5210 2074 5246 ror
2105 5201 2228 5247 tuos
2258 5203 2312 5246 et
2342 5193 2416 5246 ita
2447 5201 2538 5244 tua
2569 5207 2598 5246 a
2646 5192 2862 5246 civitate
2903 5197 3022 5254 ista,
3065 5201 3167 5247 cta
3197 5191 3358 5246 domo
3384 5198 3568 5242 sani-ta

1985 5289 2093 5344 tua,
2136 5280 2390 5349 quoniam
2442 5279 2801 5348 peccavimus.
2834 5278 2977 5332 liene
3007 5289 3188 5332 autem
3228 5274 3565 5336 addiderant,

1984 5369 2238 5436 quoniam
2271 5368 2629 5437 peccavimus,
2659 5368 2771 5436 qui,
2793 5383 2865 5421 ex
2906 5368 3104 5422 Christi
3130 5366 3410 5428 charitate,
3439 5364 3563 5418 alie-

1988 5476 2054 5512 na
2101 5467 2344 5530 peccata,
2395 5460 2548 5529 quasi
2599 5460 2813 5528 propria
2842 5500 2857 5524 ,
2904 5467 3164 5512 venerant
3207 5456 3564 5522 dorumentis,

1989 5552 2236 5620 precibus
2262 5563 2318 5606 et
2355 5548 2568 5605 fletibus
2595 5552 2836 5606 abluere.
2874 5551 3004 5602 llinc
3035 5549 3272 5618 interim,
3321 5565 3427 5604 non
3458 5560 3560 5604 latr

1988 5661 2296 5705 exterorum
2326 5665 2478 5714 cura,
2510 5665 2671 5720 quam
2704 5643 3103 5716 dispensatione
3132 5645 3308 5706 divina
3349 5646 3400 5700 in
3432 5657 3557 5713 pace

1987 5740 2302 5810 compositi,
2347 5740 2698 5808 accinguntur
2746 5731 3002 5788 attentius
3033 5734 3103 5789 a‘d
3145 5732 3370 5791 fructum
3415 5731 3562 5798 regni

1991 5831 2102 5887 Dei.
2139 5831 2395 5885 Vivebant
2425 5847 2530 5885 non
2559 5828 2716 5883 modo
2747 5837 2800 5880 ut
2828 5822 2980 5877 exsul
3002 5839 3041 5876 -s
3057 5822 3274 5894 Oceani,
3297 5824 3389 5881 sed
3412 5835 3560 5891 pror-
