4118 6332
525 289 594 340 (iii
1319 292 1624 349 SANtL'l'US
1665 286 2100 346 AUGUSTINUS
2143 286 2518 345 ANGLOBUM
2562 287 2978 347 APOSTOLUS.
3712 286 3778 347 5i

525 427 614 466 sus
647 426 693 463 ll‘
728 411 989 478 peregrini
1025 411 1188 465 totius
1219 409 1394 463 mundi
1422 427 1436 473 ;
1483 408 1615 462 adeo
1647 407 1718 462 nil
1750 416 1781 460 ιο
1802 421 1994 472 rrenm,
2024 404 2096 457 nil
2128 403 2174 460 Α
2203 401 2265 460 lis
2290 421 2449 476 quam
2474 408 2941 477 pmdicationibus
2971 410 3219 462 tenebras
3242 403 3517 474 gentilium
3549 399 3782 462 illustrae

525 505 796 562 saecularis
826 505 1094 559 illecebra:
1122 503 1468 572 appetebant,
1500 510 1550 554 ut
1596 516 1701 555 non
1735 509 1839 554 tam
1870 515 1965 556 eos
1997 508 2102 552 ter-

527 598 762 666 rigenas,
792 610 950 661 quam
975 595 1262 663 cmligenas
1302 594 1732 662 obstupesceres.
1767 591 2100 658 Voluptates,

531 686 769 746 delicias.
798 686 1026 746 divitias.
1053 685 1305 744 honores,
1330 694 1384 737 et
1403 683 1658 754 quidquid
1682 684 1914 737 obstaret
1940 681 2104 736 caelos

527 777 846 831 adeuntibus
887 775 1119 830 funditus
1149 773 1490 828 absciderant
1543 792 1554 826 :
1585 773 1816 840 ieiunia,
1865 772 2104 839 vigilias,

527 867 822 931 orationes,
848 867 1216 936 eleemosynas
1245 880 1366 920 cum
1385 881 1466 919 ca-
1482 866 1700 918 timouia
1721 874 1776 919 et
1791 865 1933 918 omni
1948 879 2105 920 sanc-

526 959 748 1013 timonia
781 957 1140 1012 assiduabant.
1172 958 1330 1010 Arma
1363 957 1560 1011 Christi
1591 957 1654 1010 al
1684 957 1934 1010 virtutem
1961 956 2104 1025 paci-

527 1047 648 1109 ﬁca,
684 1050 733 1102 in
765 1047 906 1100 acies
953 1061 1084 1100 vero
1127 1046 1393 1100 scelerum
1435 1045 1687 1099 hellicosa
1737 1044 2108 1100 robustissime

528 1139 877 1200 exercebant,
928 1137 1263 1190 debellantes
1291 1152 1504 1190 omnem
1549 1134 1822 1200 perﬁdiam
1849 1155 1862 1199 ;
1896 1136 1961 1190 ad
1991 1151 2108 1190 om-

527 1245 647 1283 nem
681 1229 927 1297 iujnriam
958 1227 1353 1296 prmteudentes
1378 1243 1474 1294 pro
1497 1227 1743 1281 Theraeo
1766 1242 1977 1280 omnem
2012 1242 2099 1296 pa-

527 1323 768 1376 tientiam
796 1339 810 1384 ;
853 1323 915 1373 ad
960 1321 1222 1386 Pericula,
1255 1319 1320 1372 ad
1350 1319 1632 1388 supplicia,
1667 1321 1730 1374 ad
1763 1320 1930 1389 ipsam
1974 1336 2108 1387 quo-

527 1428 632 1482 que
661 1421 895 1466 mortem
941 1411 1212 1464 ferendam
1263 1410 1670 1464 invir'lissitnam
1711 1409 2108 1476 constantiam;

528 1502 594 1556 ad
624 1501 922 1570 indigentes
949 1501 1279 1556 vulneratam
1307 1501 1422 1569 (sic)
1443 1500 1813 1562 clementiam;
1841 1499 1905 1553 ad
1925 1514 2112 1554 omnes

531 1591 782 1647 homines
813 1599 866 1644 et
911 1591 975 1644 ad
1030 1591 1173 1660 ipsos
1203 1591 1474 1644 adversari
1503 1607 1540 1644 As
1569 1591 1887 1644 cbaritatem
1937 1591 2112 1645 visce-

531 1698 702 1738 ream.
739 1683 914 1736 Liberi
949 1692 997 1736 et
1033 1683 1267 1751 expediti
1297 1698 1323 1736 a
1359 1691 1571 1736 terrena
1614 1682 1845 1746 sarcina,
1880 1693 1938 1736 ut
1974 1697 2110 1751 pen-

2207 505 2346 551 rent.
2374 496 2676 552 Mulcebant
2715 501 2957 569 st-tpidos
2999 501 3270 555 hominum
3301 515 3496 554 sensus
3537 501 3648 554 base
3679 515 3773 568 pe-

2205 591 2386 644 rennis
2415 591 2608 650 laetitiae
2644 597 2906 666 promissa
2934 614 2948 659 ;
2999 597 3357 650 verberabant
3386 593 3585 662 rigidos
3626 601 3779 648 tanta

2206 681 2432 750 fulgura,
2486 693 2542 737 ut
2571 683 2797 739 Domino
2823 687 3034 740 canitur
3062 703 3090 741 a
3122 683 3400 742 Psalmista
3432 703 3444 737 :
3477 683 3782 740 llluxeruut

2205 775 2609 830 coruscatioues
2649 785 2750 830 tum
2807 779 2918 831 orbi
2957 787 3130 840 terrze,
3162 785 3430 832 commota
3457 785 3540 829 est
3567 783 3623 829 et
3649 789 3782 830 con-

2207 866 2425 920 tremuit
2455 875 2595 921 terra
2623 865 2846 938 (Psalm.
2878 885 3054 932 Lxxvt,
3092 865 3534 944 i9).Clamabant
3560 865 3786 933 trepida:

2209 961 2392 1026 tlebcs
2411 980 2422 1014 :
2444 960 2523 1015 Dii
2552 962 2769 1031 superni
2799 962 3016 1016 sed.bus
3046 959 3431 1016 descendentes
3457 972 3788 1013 conversan-

2208 1059 2295 1105 tur
2324 1050 2463 1105 inter
2494 1051 2758 1106 homines.
2791 1049 2880 1106 Sic
2911 1060 2965 1104 et
3002 1049 3272 1119 quondam
3326 1055 3511 1115 gentes
3555 1046 3791 1100 almira-

2210 1149 2275 1192 tae
2310 1141 2399 1193 Dei
2440 1140 2730 1210 Apostolus
2761 1147 2972 1195 terrena
3003 1139 3467 1201 transcendentes,
3497 1136 3787 1192 dicebant:

2209 1231 2296 1285 lsti
2345 1241 2466 1286 sunt
2496 1232 2664 1287 sancti
2698 1232 2775 1286 Dii
2822 1241 2994 1286 terrae.
3023 1232 3131 1286 Nec
3154 1231 3554 1284 mentiebantur
3574 1242 3674 1281 suo
3702 1242 3792 1280 er-

2210 1339 2352 1388 rore,
2402 1323 2678 1378 Psalmista
2708 1330 2973 1376 testante:
3011 1322 3086 1376 Dii
3119 1322 3284 1376 fortes
3317 1330 3471 1375 terra:
3494 1319 3792 1374 vehemen-

2212 1423 2293 1468 ter
2320 1415 2510 1469 elevati
2559 1423 2684 1469 sunt
2711 1413 2934 1483 (Psalm.
2972 1429 3116 1475 xm,
3162 1413 3270 1480 10).
3301 1411 3576 1466 Hactenus
3606 1410 3790 1476 itaque

2214 1505 2468 1560 indomita
2493 1505 2626 1559 colla
2651 1519 2816 1558 suave
2837 1504 3020 1572 jugum
3050 1504 3258 1559 Domini
3283 1502 3587 1557 amabiliter
3607 1501 3792 1555 subie-

2212 1615 2291 1664 re,
2321 1615 2605 1669 suscepere
2638 1599 2881 1654 free-unda
2908 1615 3033 1654 arva
3065 1600 3115 1654 in
3146 1607 3438 1668 perpetuos
3468 1596 3685 1652 fructus‘
3713 1596 3794 1647 vi-

2216 1701 2281 1746 tm
2308 1693 2536 1757 semina,
2562 1691 2839 1746 credidere
2867 1691 3100 1756 plurimi,
3131 1699 3188 1744 et
3219 1688 3517 1757 regenerati
3546 1688 3598 1740 in
3625 1685 3790 1739 Chri-

533 1785 655 1830 nata
681 1776 928 1830 animalia
951 1776 1279 1830 volabantad
1296 1778 1532 1839 mtbera;
1565 1777 1674 1831 imo
1721 1791 1852 1831 vero
1901 1775 2112 1830 dicente
2147 1769 2189 1830 Β
2217 1791 2300 1837 sto
2327 1783 2458 1835 ﬁunt
2484 1797 2546 1836 ex
2574 1783 2886 1849 alienigenis
2917 1783 3006 1836 lilii
3037 1781 3338 1846 adoptionis
3363 1778 3480 1833 Dei.

536 1866 815 1938 Apostolo,
842 1867 1032 1923 Nostra
1063 1869 1401 1922 conversatio
1431 1869 1482 1922 in
1529 1868 1679 1923 cmlis
1710 1875 1810 1930 est,
1841 1869 1939 1922 nisi
1971 1867 2112 1935 quod

531 1955 705 2009 adhuc
727 1971 909 2010 amore
931 1955 1168 2020 gentium
1195 1957 1570 2010 salvaudarum
1595 1965 1762 2010 terras
1787 1955 2110 2021 ineulebant,

531 2045 635 2113 iam
671 2058 848 2102 trente
874 2049 924 2102 in
959 2050 1108 2104 rml's
1138 2051 1450 2104 habitabant
1479 2051 1696 2120 (Philip.
1727 2068 1803 2110 In,
1835 2050 1945 2118 20).

600 2136 687 2190 ‘20.
725 2139 860 2190 Ante
907 2140 1190 2192 adventum
1224 2150 1400 2194 autent
1434 2141 1724 2206 Anglorum
1767 2139 2112 2208 possederant

538 2231 770 2286 Romani
795 2235 1199 2302 quadricgent‘s
1244 2236 1458 2290 circiter
1486 2236 1636 2288 annis
1669 2233 2018 2295 Britanniam,
2063 2231 2114 2286 id

537 2333 622 2376 est
649 2340 675 2376 a
702 2333 939 2395 tempore
965 2327 1075 2380 Caii
1100 2327 1170 2379 C-t
1191 2327 1324 2382 saris
1350 2343 1517 2397 usque
1548 2343 1574 2380 a
1599 2327 1609 2374 ι
1637 2325 1923 2380 Maximum
1949 2325 2115 2393 impe-

537 2423 772 2468 ratorem
799 2433 811 2480 ;
844 2417 933 2483 qui
958 2427 1106 2486 rapta
1135 2435 1364 2486 purpura
1390 2427 1571 2471 contra
1602 2416 1643 2470 G
1680 2417 1912 2469 atianum
1942 2415 2114 2468 etVa-

537 2499 663 2552 lenti
709 2501 884 2554 ianum
912 2508 1049 2570 \ugu
1086 2502 1886 2570 tot,eunlilmsbellis,ipsumO
1924 2518 2113 2554 canum

537 2587 794 2644 Roman‘s
839 2593 1094 2658 prmsidiis
1124 2593 1388 2647 exhausit.
1435 2592 1664 2647 Residua
1719 2609 1844 2646 vero
1877 2592 2114 2646 Ecclesia

536 2690 590 2733 et
631 2681 770 2734 beati
805 2681 1047 2742 Martini.
1081 2685 1208 2736 olim
1250 2685 1317 2737 ab
1358 2684 1483 2752 ipsis
1516 2683 1770 2737 Romanis
1797 2682 2116 2736 Christianis

538 2769 769 2824 condita.
792 2780 915 2825 tunc
933 2772 1503 2828 illustrubatCantiam.
1526 2789 1644 2840 quze
1665 2772 1924 2827 bactrnus
1942 2781 2119 2824 manet

539 2860 763 2918 assiduis
787 2863 1072 2916 ministris:
1098 2863 1317 2922 fﬁciusa.
1339 2880 1436 2932 per
1464 2864 1737 2918 dimidium
1765 2864 1870 2916 fere
1889 2864 2116 2918 stadium

539 2951 741 3007 distans
770 2954 1050 3007 orientalis
1092 2955 1156 3006 ab
1188 2955 1499 3009 authentica
1551 2954 1747 3008 Christi
1781 2953 2039 3008 Ecclesia.

606 3064 662 3118 In
688 3065 787 3118 hac
812 3067 997 3119 beatus
1022 3064 1211 3133 prarsul
1239 3065 1514 3128 Letardus,
1533 3065 1680 3118 velut
1702 3063 2118 3134 apos'olicorum

2283 1871 2368 1925 2|.
2417 1869 2674 1928 Omnibus
2705 1887 2834 1939 ergo
2865 1873 3096 1927 intentus
3132 1871 3322 1924 summi
3371 1869 3511 1934 regis
3555 1867 3794 1933 armiger

2217 1964 2554 2028 Augustinus,
2587 1963 2650 2017 ad
2683 1964 2852 2032 ipsum
2885 1963 3114 2016 maxime
3151 1975 3415 2015 summurn
3446 1959 3594 2024 regni
3625 1964 3793 2024 caput

2216 2055 2515 2109 machinam
2542 2055 2767 2109 intendit
2791 2055 3005 2114 salutis:
3035 2062 3093 2106 ut
3117 2054 3370 2109 subversa
3398 2066 3520 2105 arce
3547 2047 3790 2118 profani-

2217 2147 2358 2208 tatis,
2406 2160 2584 2199 arcem
2639 2144 2904 2199 sideream
2958 2143 3170 2196 attollat
3216 2140 3532 2203 sanctitatis,
3574 2147 3630 2191 et
3667 2153 3790 2190 cum

2215 2249 2342 2304 rege
2364 2253 2460 2290 suo
2483 2235 2748 2290 Salvatori
2778 2236 3091 2290 succumbat
3119 2235 3390 2299 subjectus
3419 2231 3584 2288 orbis.
3610 2230 3790 2300 Ipsum

2217 2345 2313 2399 per
2342 2330 2538 2396 regina:
2561 2328 2808 2392 ambitus,
2849 2343 2884 2397 p
2919 2344 2945 2381 r
2975 2327 3262 2393 legatarios
3289 2326 3542 2382 monitus.
3569 2339 3666 2391 per
3693 2338 3793 2390 op-

2216 2428 2476 2491 portunos
2496 2434 2767 2485 accessus,
2790 2434 2886 2487 per
2911 2419 3082 2473 dulcia
3111 2427 3324 2473 :cternte
3347 2415 3612 2472 felicitatis
3639 2415 3797 2468 blan-

2218 2511 2474 2577 dimenta,
2523 2525 2619 2578 per
2664 2509 2841 2562 omnia
2884 2509 3140 2562 virtutum
3172 2506 3416 2575 exempla
3453 2513 3508 2558 et
3557 2511 3796 2566 ostenta,

2219 2619 2316 2672 per
2344 2601 2559 2669 vigilata
2593 2600 2655 2651 all
2687 2599 2853 2652 Deum
2885 2597 3124 2652 ecclesia
3168 2596 3496 2665 precamina,
3522 2593 3797 2658 Redemp-

2222 2693 2321 2745 tori
2351 2707 2448 2744 suo
2479 2690 2758 2760 acquirere
2785 2688 3010 2742 Certavit
3035 2705 3049 2753 ;
3077 2687 3320 2748 certavit,
3365 2694 3417 2738 et
3467 2685 3518 2738 in
3567 2683 3796 2737 Domino

2222 2785 2278 2838 1)‹
2299 2800 2331 2839 o
2374 2783 2494 2837 'ieit
2517 2792 2570 2837 et.
2599 2781 2848 2835 obtinuit.
2878 2780 3065 2848 lng--ns
3095 2779 3312 2848 elephas
3341 2788 3515 2840 tersae,
3554 2784 3608 2829 et
3635 2789 3798 2829 enor-

2222 2877 2321 2931 mis
2350 2884 2499 2931 cetus
2546 2876 2716 2944 pelagi
2753 2884 2941 2942 captus
2963 2883 3045 2929 est
3075 2873 3465 2942 trittmpbaliter
3494 2867 3796 2939 apostolica

2222 2984 2438 3037 sugena.
2471 2967 2674 3035 Captus
2701 2968 2842 3020 enim
2870 2975 3067 3021 :eterna
3107 2963 3408 3026 dulcedine,
3451 2961 3690 3017 eruditus
3720 2962 3796 3015 ir-

2221 3061 2524 3130 rrfragabili
2553 3061 2799 3120 veritate,
2833 3059 3163 3113 illuminatus
3207 3047 3311 3110 tam
3342 3064 3526 3112 sancta
3557 3060 3613 3108 et
3644 3053 3799 3107 miri-

542 3157 838 3225 legatorum
868 3173 1166 3224 prmcursnr
1197 3164 1290 3210 aut
1334 3157 1552 3223 janitor,
1597 3155 1768 3224 primo
1797 3153 1991 3207 divinis
2035 3149 2117 3206 of-
2147 3148 2195 3212 ο
2228 3153 2321 3209 ﬁca
2352 3153 2543 3206 d'vinte
2571 3151 2920 3206 institutionis
2940 3149 3207 3212 claritate,
3236 3147 3478 3201 abdicata
3504 3145 3644 3199 avita
3666 3157 3799 3212 gen-

543 3245 674 3303 ﬁciis
700 3254 753 3300 et
781 3247 1130 3301 sacramentis
1161 3247 1358 3314 regium
1383 3247 1638 3300 cbristian
1659 3266 1710 3314 ν’,
1741 3255 1798 3299 ιιι
1829 3243 1996 3298 ﬁdelis
2025 3259 2118 3313 pa-

542 3339 888 3409 ranympbus,
931 3355 1049 3393 cum
1099 3338 1208 3391 suis
1256 3339 1468 3392 clericis
1515 3338 1930 3402 obsequebatur,
1958 3345 2030 3398 et,
2065 3342 2124 3388 ut

519 3445 731 3484 "cervus
773 3437 894 3498 post
922 3439 1232 3497 serpentum
1266 3429 1409 3481 virus
1441 3428 1722 3482 intendens
1764 3428 1876 3482 sitit
1905 3426 1970 3479 ad
2000 3425 2122 3480 fou-

544 3529 622 3574 tes
653 3535 908 3588 aquarum
933 3559 949 3584 ,
983 3520 1052 3573 ita
1083 3519 1309 3572 inimicis
1339 3517 1463 3571 ﬁdei
1489 3518 1768 3571 venenosis
1796 3532 2122 3586 paganorum

545 3610 734 3665 ritibus
762 3619 1082 3674 exmsluaus,
1116 3610 1180 3664 ad
1228 3610 1392 3677 ipsam
1423 3609 1726 3673 eerlesiam,
1777 3619 2026 3679 tanquam
2058 3608 2123 3663 ad

545 3699 668 3754 vitae
721 3699 942 3764 fontem,
999 3717 1120 3752 cum
1178 3701 1289 3753 ivsa
1324 3700 1533 3753 alumna
1583 3700 1762 3766 regina
1797 3701 2124 3768 rapiebatur,

546 3789 758 3860 quando
818 3789 1043 3845 Romani
1106 3791 1392 3858 magistri.
1447 3791 1592 3844 velut
1664 3808 1849 3844 :-urum
1909 3801 2127 3860 a-gento

547 3883 920 3951 prteluccutes,
955 3882 1150 3938 ibide'n
1174 3898 1292 3950 quae
1319 3881 1408 3935 Dei
1440 3889 1564 3935 sunt
1593 3881 1838 3943 agt-bant.
1871 3881 1944 3934 Na
1971 3900 1978 3907 ·
2031 3881 2130 3935 hos

548 3970 744 4025 Christi
797 3971 1128 4038 peregrinos,
1190 3971 1328 4024 inter
1358 3970 1686 4030 alienigenas
1739 3971 2030 4035 solitarius,
2074 3970 2126 4023 in

550 4062 630 4116 his
661 4062 968 4116 rmlrstihus
999 4062 1219 4116 advenis
1248 4061 1340 4115 Dei
1384 4062 1551 4128 gratia
1587 4061 1824 4114 visitavit
1855 4080 1868 4118 :
1899 4061 2130 4114 visitavit

549 4162 606 4206 et
650 4152 858 4222 plebem
889 4168 1040 4206 suam
1091 4168 1187 4221 per
1229 4153 1372 4218 ipsos
1403 4151 1750 4217 credituram,
1781 4159 1837 4204 ut
1868 4159 1920 4204 et
1951 4151 2130 4217 regina

553 4257 660 4296 non
679 4241 850 4296 solum
867 4242 1093 4294 licenter
1121 4239 1389 4294 Christum
1409 4239 1633 4299 cv-leret,
1653 4254 1834 4292 verum
1859 4240 2019 4291 etiam
2038 4254 2135 4307 per

555 4340 734 4387 tantos
759 4332 1060 4386 eruditores
1088 4332 1255 4385 ﬁdelis
1283 4331 1548 4385 inﬁdelem
1577 4331 1857 4398 coniugem
1880 4330 2130 4385 salvaret.

557 4419 926 4490 lnhocitaque
953 4422 1190 4476 oraturio
1204 4421 1527 4491 Augustinus
1557 4437 1675 4476 cum
1702 4435 1800 4475 suo
1815 4421 1981 4474 choro
2009 4437 2136 4490 quo-

2223 3245 2414 3297 tilitate
2445 3259 2564 3296 cum
2615 3243 2802 3296 mortis
2830 3248 3069 3296 auctore.
3119 3239 3257 3292 ultro
3285 3253 3343 3291 se
3372 3235 3645 3305 mancipat
3672 3249 3800 3288 auc-

2225 3336 2325 3390 tori
2358 3336 2494 3388 vitze.
2529 3333 2746 3398 Eamus,
2781 3331 2970 3402 inquit,
3019 3342 3074 3384 et
3102 3346 3197 3384 uos
3227 3328 3290 3384 ad
3321 3341 3567 3396 magnum
3599 3324 3801 3394 princi-

2225 3441 2344 3496 pem
2391 3441 2597 3490 regum,
2651 3424 2717 3478 ad
2757 3423 3140 3492 amplissimum
3194 3420 3434 3474 datorem
3488 3430 3801 3486 regnorum,

2227 3533 2332 3571 non
2375 3517 2545 3570 solum
2588 3515 2984 3583 temporalium,
3027 3529 3210 3566 verum
3245 3513 3405 3566 etiam
3441 3517 3761 3564 mternorum
3785 3524 3802 3558 :

2228 3623 2324 3662 nec
2356 3606 2554 3675 pudeat
2579 3620 2676 3659 nos
2703 3605 2889 3658 saltem
2913 3604 3122 3659 venisse
3154 3612 3474 3669 postremos,
3515 3613 3652 3668 quos
3683 3610 3802 3650 me-

2225 3701 2332 3753 rito
2361 3696 2559 3764 pudeat
2587 3697 2720 3750 sicut
2770 3695 2820 3748 in
2871 3708 3053 3760 regno,
3099 3691 3175 3746 sic
3204 3701 3257 3745 et
3287 3691 3337 3744 in
3371 3689 3473 3743 ﬁde
3501 3705 3608 3743 non
3641 3686 3804 3742 fuisse

2227 3793 2446 3862 primos.
2471 3789 2769 3859 Seqttamur
2791 3786 3026 3853 tandem,
3043 3799 3178 3852 quos
3198 3781 3421 3837 decebat
3443 3777 3800 3851 praecessisse;

2229 3883 2462 3936 maxime
2491 3897 2610 3934 cum
2643 3895 2762 3932 eum
2795 3891 2970 3945 regem
3004 3883 3267 3944 petamus,
3300 3873 3389 3942 qui
3423 3887 3530 3926 non
3559 3882 3803 3939 persona:

2230 3973 2312 4028 vel
2345 3972 2544 4026 ordinis
2563 3981 2746 4042 pensat
2772 3967 3106 4038 dignitatem,
3130 3965 3224 4019 sed
3239 3965 3428 4019 anima:
3439 3962 3806 4016 devotionem.

2301 4069 2388 4124 ‘22.
2432 4069 2579 4123 Talia
2630 4067 2964 4136 prolocutus,
3000 4061 3496 4116 volebatsubstrata
3531 4057 3808 4128 regalita'e

2235 4161 2461 4216 adorare.
2491 4158 2745 4213 famulum
2776 4155 2995 4219 Christi,
3030 4169 3126 4224 per
3155 4168 3314 4221 quem
3341 4152 3392 4205 in
3417 4147 3612 4204 Christi
3641 4147 3812 4202 fama-

2236 4251 2400 4304 latum
2454 4257 2505 4304 et
2541 4247 2883 4317 adoptionem
2931 4252 3232 4298 mereretur
3281 4255 3605 4310 regenerart.
3639 4240 3810 4306 Quem

2236 4339 2424 4394 salutis
2454 4338 2698 4392 minister
2727 4335 2964 4405 paternis
2988 4334 3283 4388 visceribus
3305 4331 3598 4402 excipiens,
3626 4330 3808 4384 horta-

2239 4441 2326 4486 tur
2381 4438 2439 4484 ut
2485 4430 2740 4502 pristinos
2795 4443 3007 4482 errores
3062 4425 3406 4490 abstinentia,
3464 4422 3814 4492 indulgentia,

452 4525 459 4529 '
526 4515 752 4596 _tidiana
797 4516 1001 4572 Domini
1033 4518 1326 4573 ministeria
1356 4517 1663 4571 celebrabat
1690 4533 1704 4582 ;
1735 4523 1787 4570 et
1810 4517 1860 4570 iu
1895 4517 2132 4586 psalmis,
2171 4518 2212 4573 ι)
2239 4521 2594 4594 eleemosynis
2623 4537 2687 4575 ac
2713 4519 2922 4575 ﬂetibus
2950 4519 3138 4582 diluat,
3184 4515 3501 4586 exterisque
3553 4514 3655 4583 piis
3684 4527 3816 4580 ope.

527 4605 790 4676 'hymuis,
819 4610 1081 4674 precibus.
1115 4619 1274 4678 atque
1297 4611 1346 4664 in
1373 4625 1507 4662 voce
1535 4610 1697 4674 tuhte,
1729 4610 1921 4679 quibus
1952 4620 2128 4664 castra

557 4696 754 4751 diaboli
799 4699 1097 4762 interirent,
1132 4711 1314 4754 noctes
1334 4700 1522 4753 etdics
1545 4701 1950 4754 laudcsDomini
1975 4703 2132 4754 attol-

556 4787 717 4842 lebat.
756 4787 957 4844 interea
985 4799 1088 4842 tam
1119 4789 1393 4857 Splendida
1410 4799 1716 4845 sanctorum
1743 4792 1930 4844 uterita
1949 4792 2134 4857 ingens

554 4880 827 4947 signorum
867 4887 921 4933 et
950 4879 1322 4935 mandatorum
1347 4881 1439 4935 Dei
1471 4881 1877 4936 commendabat
1919 4883 2088 4948 gratia
2117 4899 2130 4940 :

555 4987 656 5026 nec
695 4971 1054 5036 dissimulare,
1099 4989 1200 5026 nec
1247 4973 1474 5027 reticere
1533 4973 1875 5043 imperatoria
1932 4972 2129 5026 Christi

560 5062 826 5133 prmconia
869 5070 1116 5131 poterant
1153 5082 1165 5116 :
1201 5063 1344 5116 illum
1385 5057 1644 5122 canticis.’
1683 5062 1828 5116 illum
1879 5062 2135 5131 przcdica.

558 5155 762 5208 tionum
813 5153 1416 5220 tonitru,etsiguurum
1455 5153 1832 5218 coruscatione
1874 5154 2042 5222 magis
2072 5169 2137 5209 ac

557 5246 723 5309 magis
738 5245 1394 5311 personabant.Curabant
1413 5244 1644 5299 vicissim
1663 5257 1849 5296 omnes
1864 5244 2067 5298 debiles
2083 5252 2137 5298 et

560 5334 858 5402 languidos,
891 5334 972 5388 vel
1009 5334 1071 5388 ad
1099 5350 1157 5389 se
1186 5335 1415 5400 delatos,
1443 5333 1524 5387 vel
1553 5349 1580 5386 a
1609 5348 1667 5386 se
1697 5333 1938 5385 visitatus
1963 5351 1976 5386 :
2000 5333 2136 5389 adeo

562 5434 654 5480 aut
677 5425 869 5482 nullus.
888 5437 978 5483 aut
994 5444 1144 5481 rarus
1159 5428 1208 5481 in
1228 5442 1387 5496 grege
1407 5426 1685 5491 Augustini
1705 5423 2024 5486 habebatur,
2042 5425 2134 5492 qui

564 5530 668 5570 non
695 5517 863 5583 gratia
894 5519 1184 5572 sanitatum
1212 5517 1457 5586 polleret,
1486 5525 1536 5569 ut
1567 5530 1671 5568 non
1701 5514 1879 5568 minus
1908 5514 2135 5568 miracu-

641 5659 662 5683 τ’
698 5648 894 5703 Eadem
945 5653 1102 5706 habet
1132 5651 1296 5716 Beda,
1345 5666 1409 5705 ex
1443 5651 1634 5715 quibus
1683 5650 1795 5714 liqu
1836 5661 1852 5703 t
1884 5650 2137 5715 antiquus

571 5719 744 5776 cultus
791 5723 957 5775 sancti
990 5720 1224 5780 Martini,
1258 5722 1450 5776 mortui
1475 5720 1649 5775 animo
1677 5719 1803 5780 597.
1835 5721 2041 5774 scilicet
2069 5719 2137 5772 60

574 5790 744 5845 solum
770 5792 922 5845 anuis
948 5800 1228 5854 antequam
1262 5791 1542 5858 [leugistus
1575 5801 1858 5855 occuparet
1891 5791 2135 5844 Cantium

2237 4618 2384 4671 ribus
2414 4617 2601 4670 faciem
2627 4615 2740 4680 ejus
2769 4615 2858 4680 qui
2888 4612 3122 4681 baptizat
3149 4610 3199 4664 iu
3231 4607 3434 4678 Spiritu
3461 4615 3648 4660 sancto
3677 4620 3815 4675 prte-

2238 4706 2438 4760 veniat.
2488 4703 2592 4757 [ste
2623 4703 2862 4768 indulget
2905 4702 3175 4764 omnibus,
3222 4707 3280 4754 ut
3325 4698 3424 4754 sibi
3459 4697 3816 4765 iudulgeatur,

2239 4807 2295 4850 et
2323 4795 2571 4850 humanis
2617 4791 2890 4847 beneﬁciis
2920 4791 2984 4845 ad
3035 4790 3294 4845 beneﬁcia
3326 4801 3557 4857 superna
3604 4800 3815 4855 praepa-

2238 4895 2425 4940 ratur:
2456 4891 2640 4954 patent
2668 4897 2933 4947 carceres,
2963 4881 3215 4934 laxantur
3243 4878 3474 4944 vincula,
3519 4876 3817 4930 liberantur

2243 4976 2456 5046 captivi,
2491 4982 2544 5028 et
2593 4990 2713 5028 eum
2755 4972 2940 5026 amicis
2969 4971 3107 5038 regis
3155 4969 3440 5038 epulantur
3469 4980 3732 5036 pauperes
3756 4969 3810 5016 et

2242 5069 2340 5122 rei.
2373 5067 2486 5122 Non
2512 5074 2687 5133 potest
2716 5079 2814 5118 nec
2841 5071 2964 5131 eget
2994 5061 3188 5130 exponi
3220 5067 3420 5130 quanto
3450 5057 3642 5127 gaudio
3672 5055 3814 5110 exul-

2243 5159 2438 5214 taverit
2475 5157 2526 5210 in
2555 5156 2778 5209 salutem
2807 5155 2982 5222 gentis
3011 5153 3268 5206 hactenus
3297 5150 3486 5202 anhela
3518 5147 3661 5202 beati
3702 5145 3816 5199 Au-

2243 5251 2436 5321 gustini
2462 5249 2658 5311 anima,
2690 5261 2808 5315 qua:
2837 5245 3128 5313 gratiarum
3159 5243 3270 5296 Deo
3295 5238 3652 5294 immolaverit
3677 5237 3784 5293 liba

2246 5342 2406 5397 mina.
2461 5339 2576 5394 Jam
2633 5338 2779 5394 videt
2831 5352 2983 5391 suum
3040 5342 3415 5406 prosperatum
3470 5329 3816 5392 desiderium,

2245 5439 2442 5485 terram
2489 5444 2638 5485 suam
2667 5427 2878 5481 dedisse
2905 5426 3135 5480 fructum
3180 5437 3360 5488 suum,
3388 5435 3577 5475 omnes
3606 5418 3830 5471 labores.

2242 5534 2296 5577 et
2319 5522 2532 5577 dolores
2551 5535 2616 5576 ac
2635 5519 2975 5574 difﬁcultates
2997 5524 3243 5588 pertuum
3259 5529 3477 5570 suorum
3499 5515 3824 5582 perpetuum

2243 5671 2382 5760 apno
2423 5654 2552 5720 457,
2605 5653 2680 5707 uti
2713 5651 2948 5706 referunt
2998 5649 3302 5705 Florentius
3342 5643 3739 5718 Wigorniensis
3761 5649 3824 5698 et

2244 5743 2352 5780 R'Il.

4083 525 4085 564 Ι

4083 695 4085 738 l

4083 825 4085 870 l
