4118 6332
217 312 260 360 κς
1385 297 1535 350 \‘I'I'A
1579 289 1818 347 SAVCTI
1865 289 2254 346 AUSUSTINI.

3381 282 3449 336 68

205 424 289 478 sibi
338 421 602 492 peperisse
652 419 922 487 gaudium,
956 432 1074 471 cum
1107 416 1156 469 iu
1207 415 1322 483 ipso
1353 422 1478 478 rege
1505 417 1762 462 converso
1813 413 1835 457 \
1871 401 2004 454 Tum
2050 404 2322 471 episcOpia
2370 411 2423 456 et
2472 401 2830 463 mona-teria’,
2885 407 3136 468 tanquam
3184 398 3452 454 dominica

204 523 362 570 .otum
405 510 632 566 Domino
675 509 806 579 jugo
836 507 1064 562 ambiret
1091 504 1388 559 Oceanum.
1434 498 1613 554 Illuxit
1639 508 1768 564 ergo

203 609 323 673 dies,
368 606 550 678 Anglis
574 614 629 660 et
660 604 876 674 Angelis
925 600 1375 663 solemnis~imus,
1405 611 1514 666 quo
1540 594 1650 648 Deo
1677 591 1770 646 de-

204 715 350 755 votus
377 712 473 754 rex
501 696 902 761 Ethelbertus,
931 691 1232 763 profanatis
1259 687 1416 743 idolis
1461 701 1526 741 ac
1551 684 1653 738 diis
1679 697 1771 752 pa-

203 793 328 858 triis,
355 799 665 846 nasceretur
692 786 1045 842 Christianus.
1076 782 1337 838 Convenit
1377 796 1478 835 non
1511 779 1670 833 modo
1697 792 1776 830 re-

203 886 277 953 gia
338 883 634 954 principum
674 880 819 934 curia
862 887 915 931 et
963 884 1074 931 tota
1114 874 1325 937 Cantia,
1375 887 1560 926 verum
1613 869 1774 924 etiam

203 974 623 1044 frequentissima
658 971 866 1039 Anglia,
903 969 1084 1022 νων-ιο
1113 966 1340 1036 puncellt
1363 963 1661 1016 ntissimnm
1693 975 1779 1014 re-

205 1067 285 1138 gni
312 1065 585 1122 dominum
615 1061 1028 1117 adventitiorum
1086 1075 1162 1113 sei
1181 1072 1366 1111 verum
1395 1054 1592 1108 Christi
1621 1053 1777 1106 subs-

203 1169 396 1213 tratum
423 1157 679 1226 vestigiis,
711 1163 764 1210 et
786 1153 936 1224 quasi
962 1153 1205 1206 ultimum
1237 1149 1560 1218 mancipium
1592 1148 1776 1201 eoruin

204 1252 253 1304 in
305 1248 556 1304 omnibus
611 1245 885 1302 deservire
942 1243 1176 1312 imperiis
1218 1260 1232 1306 ;
1281 1251 1336 1294 ut
1384 1257 1543 1309 quam
1597 1246 1777 1291 extera

203 1355 366 1411 regna
413 1341 576 1396 armis
624 1338 990 1396 formidaient,
1046 1336 1276 1389 inermes
1317 1347 1576 1403 pauperies
1617 1331 1782 1385 verbo

204 1433 497 1502 alligarent.
529 1430 760 1484 Ornatur
809 1429 1056 1492 ecclesia,
1092 1427 1416 1478 decorentur
1447 1421 1778 1492 baptisteria,

203 1534 549 1582 consecratur
577 1521 849 1577 Jordaniui
881 1531 930 1574 i-t
975 1517 1298 1571 Paradisiaci
1341 1513 1576 1568 ﬂuminis
1624 1527 1777 1565 urna.

204 1615 563 1684 Interrogatus
581 1613 647 1666 ab
666 1611 964 1680 Augustino
985 1607 1016 1660 ﬁ
1039 1610 1162 1669 lem,
1194 1622 1257 1660 an
1283 1606 1465 1660 credat
1497 1605 1546 1658 in
1573 1603 1782 1657 Patrem

205 1719 257 1767 et
281 1708 499 1773 Filium,
541 1715 596 1761 et
634 1705 890 1776 Spiritum
914 1711 1177 1761 sanctum.
1213 1709 1514 1769 caeteiaque
1543 1714 1663 1768 quae
1692 1715 1780 1750 vv-

1874 494 2090 548 castella
2110 534 2124 558 ,
2150 494 2343 561 quibus
2380 493 2706 547 dominicum
2751 504 2974 558 regnum
3012 497 3292 552 teneatur,
3320 488 3453 542 libe-

1875 587 2056 641 raliter
2081 602 2142 640 ac
2173 586 2421 654 regaliter
2455 585 2651 656 passim
2692 584 3046 637 machinatur.
3083 581 3137 635 In
3171 578 3456 650 metropoli

1875 696 1969 733 sua
2006 679 2302 733 Salvatoris
2328 677 2623 739 basilicam,
2655 675 2950 743 Augustino
2993 689 3089 727 suo
3124 669 3457 726 condendam

1877 779 1930 823 et
1959 768 2359 839 possidendam,
2391 765 2838 836 opitulantissime
2863 762 3202 818 determinat.
3229 759 3288 814 In
3315 757 3462 828 ejus-

1878 863 1998 914 dem
2013 876 2142 915 vero
2163 857 2809 914 suburbiotnonasterium
2833 854 3012 924 regale
3033 862 3087 908 et
3101 849 3457 922 apostolicum

1879 954 2150 1016 sublimat,
2183 951 2323 1020 quod
2356 950 2649 1004 antistitum
2682 957 2737 1002 et.
2767 962 2950 1016 regum
2981 961 3210 1014 corpora
3243 945 3296 998 in
3321 943 3462 998 diem

1883 1045 2102 1100 vivilicm
2133 1044 2538 1098 resurrectionis
2565 1040 2849 1096 custodiat.
2869 1037 3120 1093 Condidit
3146 1045 3201 1091 et
3231 1045 3256 1072 σι
3286 1030 3470 1089 Rhom

1881 1138 2288 1204 snﬁ'raganeam,
2308 1144 2362 1188 ct
2391 1133 2678 1186 Lundonia:
2701 1130 3059 1201 pontilicalem
3076 1127 3432 1182 hierarchiam
3448 1165 3464 1189 ,

1881 1228 1950 1280 ali
1977 1243 2106 1296 sque.
2140 1226 2267 1280 locis
2295 1223 2616 1293 opportunis
2648 1219 2907 1275 ecclesias
2932 1235 2995 1274 ac
3023 1217 3289 1272 emnobia.

1957 1316 2043 1370 '24.
2089 1318 2224 1370 Ante
2252 1315 2430 1369 omnia
2454 1321 2633 1366 autem
2655 1310 2764 1379 jam
2795 1308 3181 1364 electissimum
3206 1321 3235 1358 a
3257 1318 3470 1359 summo

1887 1423 2022 1478 pipa
2049 1405 2313 1472 Gregorio
2339 1405 2490 1470 Angu
2524 1403 2691 1456 linum
2720 1441 2733 1462 ,
2775 1415 2893 1454 cum
2928 1408 3036 1452 tota
3067 1401 3237 1468 patrLa
3259 1437 3272 1457 ,
3308 1395 3473 1448 instat

1887 1498 2194 1554 consecrari
2225 1496 2323 1551 sibi
2347 1494 2668 1564 apostolum.
2697 1491 2891 1552 Atille,
2925 1488 3016 1556 qui
3051 1495 3201 1540 tanto
3232 1483 3472 1556 peregri-

1890 1589 2122 1644 nationis
2149 1585 2455 1641 disci-imine
2489 1594 2754 1637 tantorum
2777 1581 3062 1650 quaesierat
3088 1578 3317 1630 salutem
3336 1615 3352 1638 ,
3377 1590 3475 1644 pro

1889 1681 2082 1750 quibus
2099 1695 2202 1734 non
2220 1693 2390 1745 surge:
2407 1686 2454 1730 et
2481 1675 2682 1748 [Forte,
2707 1691 2812 1728 non
2836 1670 3062 1742 fugeret]
3087 1670 3339 1730 inertem,
3364 1683 3472 1723 non

207 1765 334 1856 ritas
391 1765 557 1866 exigit
627 1765 902 1849 Catholica
932 1835 947 1860 ,
1007 1790 1178 1844 ίίίΙιιΙῐε
1227 1765 1504 1844 conisa}..-
1555 1765 1782 1841 ὺυηιίηί,
1822 1782 1861 1835 ις
1893 1773 2075 1826 abnuit
2098 1773 2444 1842 principalem
2471 1771 2704 1837 perferre
2724 1769 2980 1821 laborem.
3011 1766 3089 1819 Ad
3108 1765 3480 1818 Arelatetnetn

208 1901 318 1950 toto
348 1891 512 1947 corde
539 1899 592 1944 et
620 1904 732 1952 ore,
754 1887 952 1950 Credo,
979 1885 1253 1955 respondit
1276 1885 1340 1940 ad
1367 1885 1566 1938 omnia.
1600 1882 1656 1935 lu
1690 1883 1788 1935 hac

208 1998 334 2052 ergo
363 1981 638 2035 Trinitatis
668 1977 1010 2035 confessione
1039 1984 1095 2030 et
1124 1976 1342 2030 nomine
1391 1975 1692 2044 baptizatur
1736 1981 1788 2026 et

209 2080 552 2140 rcgeneratur
573 2068 972 2136 rexAngligena
1003 2084 1016 2120 :
1044 2065 1210 2120 factus
1232 2063 1402 2119 estde
1419 2063 1585 2118 veteri
1616 2061 1788 2115 idolo—

211 2163 342 2216 latra
375 2175 547 2214 navus
563 2157 907 2224 Christicola,
936 2157 1001 2210 de
1024 2165 1160 2209 tetra
1187 2160 1341 2209 nocte
1370 2153 1451 2207 sui
1480 2152 1628 2208 orbis
1658 2151 1790 2204 lam-

215 2269 304 2321 pas
355 2253 634 2305 matutina.
693 2248 940 2318 Baptizat
989 2255 1172 2301 noster
1220 2245 1495 2316 Sylveste'r
1548 2240 1787 2298 nostrum

211 2344 626 2400 Constantinum
655 2357 777 2396 cum
821 2340 1018 2412 inclyta
1049 2339 1204 2393 turba
1254 2337 1448 2391 ducum
1481 2344 1534 2389 et
1560 2335 1790 2405 optima-

213 2448 324 2493 tntn
356 2449 516 2506 atque
543 2439 759 2504 c0piosa
791 2433 947 2503 plebe
976 2431 1328 2486 credent'um.
1367 2429 1443 2482 Ad
1476 2442 1661 2482 vocem
1699 2443 1792 2480 au-

215 2539 319 2585 tem
352 2529 578 2584 ministri
609 2527 702 2584 Dei
731 2525 902 2598 aperti
931 2532 1056 2580 sunt
1103 2525 1248 2588 caeli,
1279 2533 1333 2578 et
1363 2523 1617 2576 Dominus
1640 2518 1794 2574 Jesus

213 2623 518 2680 columbam
571 2635 744 2684 suam,
795 2633 954 2688 quam
1006 2617 1275 2688 quondam
1329 2614 1430 2668 sibi
1481 2614 1534 2666 in
1562 2610 1796 2667 Jordane

213 2709 375 2768 Pater
394 2713 461 2766 de
489 2710 638 2767 caeli:
663 2709 978 2765 testilicatus
1009 2705 1172 2761 ﬁlium
1200 2705 1362 2770 misit,
1399 2705 1522 2760 huic
1543 2703 1796 2773 adoptivo

215 2821 312 2860 suo
360 2803 568 2859 infudit.
600 2802 694 2857 Illa
723 2801 1005 2858 descendit
1029 2798 1308 2870 splendido
1348 2797 1580 2852 tandore
1623 2803 1680 2851 et
1707 2809 1793 2850 re-

216 2896 418 2965 quievit
465 2895 517 2950 in
574 2901 825 2963 suscepto
855 2891 987 2966 [Αι.,
1039 2887 1374 2960 susceptore]
1421 2886 1649 2957 simplici
1702 2901 1801 2956 pu-

218 2989 381 3043 ritate
436 2987 589 3056 quasi
652 2985 812 3041 modo
877 2985 1057 3053 genito
1114 2983 1337 3038 infante.
1397 2979 1534 3034 llinc
1592 2978 1800 3035 novella

219 3076 476 3141 Ecclesia,
505 3093 575 3148 po
610 3087 629 3131 t
657 3076 990 3131 Dominicum
1020 3073 1436 3143 primogenitum
1469 3087 1533 3125 ac
1562 3069 1802 3138 unigeni-

1894 1865 2350 1933 archipimsulem‘
2385 1856 3139 1924 Etherium,ozdittandusah
3169 1870 3257 1918 eo,
3287 1854 3476 1907 transit

1893 1972 2060 2016 mare.
2080 1956 2183 2010 obe
2205 1955 2554 2008 liensSi-iliCi-t
2571 1951 2816 2006 elcctioni
2833 1949 3138 2020 apostolicae
3161 1958 3214 1999 et
3237 1947 3480 2015 petitioni

1893 2047 2285 2112 ecclesiastitaa,
2306 2047 2411 2099 imo
2429 2061 2556 2098 vero
2579 2043 2928 2114 assumptioni
2950 2041 3252 2095 dominicae.
3276 2037 3483 2090 Pncvc-

1894 2147 2087 2193 nerant
2105 2138 2267 2192 etiam
2287 2153 2408 2192 eum
2427 2136 2773 2204 tiregoz-ianae
2794 2132 3058 2203 epistol-.12,
3077 2145 3291 2199 semper
3306 2143 3402 2198 pro
3415 2143 3483 2182 eo

1895 2239 1948 2284 et
1974 2245 2070 2299 pro
2087 2229 2281 2282 amatis
2302 2227 2484 2296 Anglis
2516 2225 2948 2294 vigilantissimm.
2969 2222 3064 2275 llic
3086 2223 3245 2290 igitur
3261 2237 3308 2289 pi
3324 2220 3485 2272 iiniti-

1895 2338 1992 2376 vus
2010 2321 2210 2390 Anglic
2228 2318 2530 2389 patriarcha
2551 2324 2916 2380 consecratur,
2943 2324 2998 2368 et
3022 2329 3143 2369 eum
3174 2311 3488 2380 apostolicis

1898 2417 2141 2486 insiguiis
2155 2417 2206 2470 in
2221 2414 2604 2485 sempiternam
2628 2410 3055 2464 benedictionem
3069 2421 3175 2460 suae
3189 2404 3487 2459 haereditati

1897 2509 2226 2575 regreditur,
2262 2522 2324 2562 ac
2346 2513 2546 2575 parata:
2560 2504 2672 2560 sedi
2701 2500 3044 2556 Dorobernizc
3073 2498 3485 2553 inthronizatur.

1969 2619 2059 2674 25.
2103 2618 2238 2673 Tum
2270 2633 2400 2673 vero
2441 2617 2581 2671 inter
2621 2629 2808 2669 euntes
2854 2612 3216 2666 docenlarum
3253 2609 3490 2679 gentium

1905 2709 2300 2765 sollicitudines
2328 2708 2504 2762 scelus
2533 2704 2823 2774 deputabat
2855 2691 3098 2773 ignavior,
3116 2703 3158 2756 si
3189 2702 3331 2756 beati
3359 2699 3491 2755 Gre-
3580 2693 3585 2698 ’

1901 2803 2034 2872 gorii
2059 2801 2282 2875 animm,
2311 2797 2782 2854 sanctodesidcrio
2810 2809 3101 2866 suspensa},
3131 2803 3275 2848 tanta
3300 2794 3492 2864 gaudia

1901 2895 2154 2950 dominici
2188 2894 2315 2948 lucri
2338 2893 2576 2946 tardaret
2595 2891 2857 2945 nuntiarr.
2881 2889 3107 2943 Mittitur
3123 2904 3250 2957 ergo
3271 2888 3493 2943 Romam

1905 2984 2298 3041 sacratissimus
2349 2983 2708 3048 Laurentius,
2761 2989 2889 3037 tunc
2940 2997 3034 3053 pie
3065 2981 3238 3053 byter,
3293 2980 3492 3035 deinde

1908 3077 2050 3132 beati
2092 3077 2371 3146 Augustini
2430 3091 2711 3130 SUCCES:OI‘
2764 3073 3036 3138 eximius;
3090 3082 3144 3127 et
3195 3085 3216 3112 ε
3271 3073 3496 3138 Petrus,

219 3179 330 3223 tum
371 3168 666 3232 Christum,
698 3165 960 3235 gaudebat
981 3165 1211 3234 psallere
1238 3165 1482 3232 amplexa
1530 3169 1798 3213 recentem

1906 3159 2098 3238 dignus
2113 3169 2470 3224 monasterial.
2495 3167 2806 3238 prtelationc
2835 3166 3152 3232 monachus,
3175 3165 3263 3235 qui
3286 3165 3497 3234 Augus-

219 3271 410 3315 natum
441 3277 454 3312 :
489 3257 625 3314 Puer
649 3267 804 3312 natus
831 3265 914 3311 est
953 3257 1124 3317 nobis,
1160 3253 1298 3308 ﬁlius
1325 3257 1484 3308 datus
1509 3261 1593 3306 est
1624 3250 1798 3304 nobis.

218 3349 308 3405 Sic
339 3347 584 3405 directus
606 3359 687 3404 est
707 3347 928 3418 spiritus
952 3347 1161 3402 Domini
1185 3347 1236 3400 in
1268 3355 1456 3400 nostro
1480 3343 1644 3398 David
1667 3341 1804 3396 a-die

220 3445 312 3498 illo
341 3452 397 3498 et
430 3445 481 3497 in
535 3449 892 3513 perpetuum;
938 3439 1294 3507 eamdemque
1335 3439 1702 3502 Salomouem,
1753 3438 1804 3490 in

225 3535 400 3591 lucem
453 3535 634 3606 populi
680 3535 794 3600 sui,
828 3533 921 3588 Dei
971 3533 1233 3603 sapientia
1265 3532 1570 3586 illustravit.
1604 3529 1660 3584 In
1689 3531 1806 3586 solo

223 3638 405 3681 autem
437 3627 615 3696 priore
646 3623 810 3680 David
835 3625 1024 3680 decem
1053 3626 1216 3680 millia
1245 3633 1646 3694 computantur,
1675 3635 1729 3679 et
1755 3627 1806 3677 in

225 3731 413 3773 nostro
441 3719 558 3774 solo
588 3719 828 3788 principe
855 3717 1030 3786 ampla
1059 3717 1331 3772 Britannia
1355 3716 1570 3772 Christo
1600 3719 1806 3772 manci-

224 3818 403 3878 patur.
439 3807 572 3863 Cum
603 3821 732 3876 ergo
762 3809 813 3862 in
845 3823 950 3863 uno
978 3817 1264 3878 peccatore
1289 3817 1536 3863 correcta
1565 3808 1812 3864 Salvator

229 3909 458 3954 testetur
471 3900 688 3970 angelos
709 3899 963 3970 gaudere,
983 3898 1123 3953 haud
1145 3900 1373 3954 absurde
1389 3901 1678 3965 credimus,
1698 3901 1810 3970 ipsa

225 4007 460 4062 superna
483 3994 692 4060 agmina
718 4031 734 4058 ,
765 3992 816 4046 in
842 3992 943 4048 hoc
970 3992 1176 4047 salvato
1197 3993 1392 4062 capite,
1426 4001 1552 4048 tunc
1573 4009 1812 4051 consono

223 4083 397 4150 iubilo
409 4085 767 4153 proclamasse
786 4102 797 4137 :
813 4083 993 4139 Gloria
1012 4083 1238 4140 Domino
1259 4087 1461 4152 mundi,
1474 4088 1597 4156 quia
1617 4087 1812 4142 factum

223 4185 311 4231 est
352 4183 410 4232 et
437 4191 659 4246 regnum
687 4176 978 4246 Anglorum
1011 4177 1220 4233 Domini
1251 4180 1419 4234 nostri
1440 4179 1567 4236 Jesu
1594 4181 1809 4238 Christi.

297 4268 391 4322 25.
433 4267 643 4324 Exinde
670 4284 799 4338 ergo
830 4269 1172 4338 evangelicus
1210 4279 1518 4325 sanctorum
1545 4273 1812 4336 alumnus,

223 4369 282 4414 et
311 4360 597 4430 Augustini
629 4361 978 4430 pneceptoris
1006 4359 1221 4430 adjutor
1249 4362 1682 4429 robustissimus,
1705 4367 1814 4432 jam

225 4471 338 4510 non
398 4470 554 4510 suum
608 4469 830 4524 regnum
861 4453 1092 4509 aestimat
1151 4454 1294 4526 quod
1364 4455 1813 4524 administrabat;

1911 3264 2104 3318 tim-nsi
2149 3263 2479 3316 monasteiio
2527 3269 2650 3330 post
2691 3259 2856 3312 abbas
2895 3259 3138 3328 pnnluxit
3176 3258 3410 3329 primus,
3443 3264 3500 3312 ut

1910 3355 2070 3409 etiam
2097 3353 2184 3406 hic
2215 3363 2412 3406 mutua:
2441 3366 2520 3405 ρο·
2545 3349 2921 3418 gratu'ationis
2947 3349 3163 3402 nuntius
3192 3350 3426 3418 graviter
3449 3352 3500 3402 in

1911 3446 2170 3516 plurimos
2227 3452 2566 3498 excresreret
2629 3443 2851 3496 fruitus.
2912 3444 3026 3512 Aug
3064 3450 3268 3505 stmus,
3307 3442 3397 3510 qui
3449 3440 3500 3495 in

1913 3537 2078 3591 multa
2113 3536 2396 3591 ltetabatur
2428 3549 2602 3588 messe
2632 3577 2646 3601 ,
2678 3534 2836 3588 anxie
2866 3534 3109 3602 queritur
3131 3534 3196 3587 de
3227 3534 3503 3602 operario-

1914 3645 2028 3682 rum
2097 3628 2406 3695 iaucitate;
2455 3627 2518 3679 ad
2576 3627 2678 3680 hoc
2725 3627 2790 3679 de
2845 3625 3069 3679 diversis
3123 3626 3504 3692 qutcstionibus

1915 3721 2146 3775 consulit
2173 3721 2407 3773 divinum
2433 3719 2767 3788 magistrum,
2794 3718 2931 3774 unde
2956 3718 3211 3773 reformet
3233 3718 3504 3772 labantem

1915 3811 2196 3865 ecclesiam
2227 3818 2281 3864 et
2304 3826 2366 3863 ru
2386 3811 2488 3863 lcm
2519 3810 2794 3879 populum.
2827 3809 2892 3862 At
2922 3811 3000 3862 vir
3021 3819 3328 3863 sanctorum
3358 3809 3502 3865 desi-

1916 3904 2186 3958 deriorum
2217 3903 2538 3973 Gregorius,
2573 3903 2661 3957 ubi
2687 3918 2863 3972 segem
2897 3903 3184 3959 Britannia:
3219 3920 3505 3961 consecra-

1919 4007 2029 4053 tum
2057 3999 2184 4054 Cbri
2220 4009 2274 4053 to
2305 4000 2484 4052 didicit
2516 4017 2636 4054 cum
2681 4016 2780 4055 suo
2827 4000 2992 4066 orbe,
3026 4001 3091 4055 ad
3130 4001 3355 4072 papulas
3394 4013 3507 4056 tur-

1919 4091 2103 4146 matim
2161 4090 2494 4146 conﬂuentes
2560 4091 2944 4161 baptizantium
3001 4108 3190 4147 manus
3245 4092 3508 4159 deﬁcere,

1917 4183 2160 4239 fecundis
2190 4185 2330 4238 arvis
2359 4184 2593 4238 cultores
2625 4193 2832 4238 tantum
2861 4200 2925 4240 ac
2955 4185 3157 4239 semina
3197 4200 3507 4249 rarescere,

1921 4275 2189 4346 publieaitu
2249 4273 2439 4328 famem
2479 4274 2728 4328 audiendi
2791 4275 3011 4328 verbum
3068 4274 3276 4329 Demini
3332 4273 3510 4330 multis

1921 4367 2234 4422 doctoribus
2263 4381 2362 4436 ege
2393 4382 2424 4422 e
2451 4383 2465 4434 ;
2496 4377 2701 4435 quanto
2741 4367 2937 4434 gaudio
2970 4365 3300 4420 Altissimum
3345 4366 3511 4420 bene—

1921 4459 2150 4526 dixerit,
2193 4468 2392 4528 qu-anta
2443 4457 2724 4527 ﬂagrantia
2771 4459 2964 4512 mentis
3000 4467 3052 4510 et
3079 4458 3257 4521 vocis,
3302 4465 3360 4511 ut
3398 4457 3511 4512 haec

227 4563 420 4602 verum
450 4547 566 4616 ejus
593 4545 676 4601 cui
715 4561 774 4601 se
809 4561 930 4600 cum
961 4546 1210 4600 omnibus
1238 4545 1347 4600 suis
1376 4547 1686 4612 dediderat;
1715 4549 1812 4618 ipsi
1845 4535 1898 4596 Ι)
1925 4552 2257 4606 incrementa
2286 4551 2482 4606 lmtitiaa
2511 4559 2779 4620 perpetuo
2809 4550 3219 4615 roborarentur,
3252 4551 3512 4620 impreca-

223 4641 337 4710 (se)
377 4641 558 4709 potius
585 4638 847 4706 subjicere
881 4653 945 4692 ac
984 4638 1209 4693 dilatare
1239 4638 1474 4702 anhelat,
1498 4646 1620 4708 quia
1642 4641 1818 4695 omnia

223 4731 420 4786 mundi
449 4744 613 4800 regna
632 4746 731 4785 suo
761 4739 888 4784 nutu
913 4730 1206 4799 justissime
1234 4731 1822 4802 dispensat;subjectos

221 4822 329 4878 sibi
364 4821 527 4876 etiam
556 4835 711 4890 reges
731 4831 780 4876 et
811 4822 1073 4892 populos,
1099 4838 1204 4877 non
1235 4823 1286 4877 vi
1308 4823 1401 4877 sed
1423 4823 1818 4888 benevolentia,

223 4925 284 4966 ut
317 4929 352 4967 a
384 4913 585 4968 sanctis
613 4911 926 4968 doctoribus
963 4913 1261 4980 didicerat,
1292 4914 1347 4968 in
1382 4914 1590 4969 dulcem
1627 4915 1821 4971 Christi

219 5006 496 5060 ditionem
526 5005 814 5059 transferre
840 5004 1276 5060 decertat.Tanta
1307 5023 1522 5077 quoque
1547 5017 1666 5064 erat
1692 5010 1816 5082 cha-

222 5103 369 5155 ritas
397 5100 450 5154 in
482 5110 670 5154 sancto
701 5115 765 5154 ac
805 5098 917 5155 Deo
944 5100 1158 5155 amabili
1189 5115 1347 5172 rege,
1378 5113 1437 5158 ut
1463 5104 1746 5162 credentes
1768 5106 1820 5160 in

221 5192 677 5262 Bedemptorem,
703 5191 812 5260 jam
842 5207 948 5246 non
978 5191 1237 5248 clientum
1266 5194 1384 5249 vice
1418 5206 1694 5264 pensaret,
1728 5196 1822 5252 sed

221 5296 495 5354 tanquam
553 5283 746 5340 fratres
789 5292 842 5338 et
893 5284 1142 5340 concives
1196 5296 1487 5357 perpetuos
1530 5290 1679 5359 regni
1731 5290 1821 5344 Dei

220 5391 430 5446 magna
489 5376 949 5445 congratulatione
997 5393 1060 5434 ac
1107 5378 1396 5434 dilectione
1447 5380 1820 5450 atlslt‘lng-TOI.

303 5542 334 5568 ιι
369 5530 495 5586 Hzec
543 5535 883 5604 contigerunt
929 5548 1073 5604 anno
1108 5532 1204 5588 60!
1254 5549 1362 5604 quo
1405 5545 1615 5590 sanctus
1644 5535 1824 5590 Justus

216 5610 457 5684 creatus
487 5612 568 5684 est
619 5601 881 5684 Rolfensis
919 5603 1224 5684 episcopus,
1272 5601 1329 5658 et
1357 5615 1563 5684 agnatis
1593 5605 1823 5684 dfatim;

239 5671 620 5746 nundinensis.
670 5673 836 5746 Hujus
888 5671 1334 5746 vitamideiiimus
1373 5675 1441 5727 24
1491 5675 1705 5746 Aprili<,
1757 5680 1823 5732 dc

228 5752 430 5800 .ancto
458 5741 610 5799 Justo
642 5743 902 5811 agendum
935 5745 1038 5799 erit
1059 5745 1128 5800 10
1155 5745 1487 5800 Novembris.

1926 4651 2010 4696 tus
2043 4643 2108 4695 sit
2133 4683 2146 4704 ,
2173 4641 2294 4711 quis
2333 4640 2493 4709 digne
2533 4641 2820 4695 retulerit?
2867 4639 2971 4706 Te,
3022 4641 3222 4711 inquit,
3256 4641 3510 4706 Domine,

1925 4740 2206 4786 auctorem
2238 4732 2421 4784 salutis
2445 4731 2684 4785 omnium
2703 4769 2718 4795 ,
2751 4739 2804 4786 te
2825 4731 3122 4785 mirabilem
3147 4743 3196 4786 et
3219 4733 3512 4800 gloriosum

1925 4824 1978 4879 in
2016 4824 2214 4879 sanctis
2245 4823 2348 4878 tuis
2383 4830 2436 4876 et
2476 4823 2530 4877 in
2559 4823 2765 4877 cunctis
2806 4823 2914 4879 tuis
2950 4824 3416 4890 mi:erationibus,
3460 4835 3516 4878 ut

1926 4919 2143 4987 fragiles
2189 4916 2493 4971 laudatores
2551 4931 2648 4986 per
2687 4917 2866 4970 omnia
2911 4916 3334 4984 magniﬁcamus.
3381 4915 3517 4971 Ecce

1923 5011 2102 5073 enim,
2155 5025 2251 5080 per
2300 5007 2554 5062 humilem
2623 5006 2855 5075 legatum
2917 5015 3066 5060 tuum
3124 5006 3507 5076 Augustinum,

1923 5102 2193 5171 quondam
2227 5099 2496 5164 tumidus,
2523 5099 2632 5169 jam
2661 5098 2992 5154 subszractus
3021 5109 3331 5156 sanctorum
3363 5099 3515 5169 pedi-

1934 5195 2034 5249 bus
2059 5195 2224 5249 servit
2253 5195 2532 5257 Oceanus;
2567 5201 2620 5245 et
2642 5192 2870 5246 barbara
2893 5193 3071 5262 lingua
3104 5189 3514 5256 Britannimjam

1929 5287 1980 5341 in
2024 5287 2136 5342 suis
2190 5286 2434 5341 laudibus
2480 5285 2724 5340 hebrteus
2771 5285 2984 5340 alleluia
3027 5285 3190 5354 carpit
3239 5297 3513 5338 resonare.

1933 5379 2158 5448 Suscipe
2178 5419 2192 5446 ,
2223 5385 2372 5432 sator
2400 5377 2834 5432 beneliciorum.‘
2860 5376 3062 5430 fructus
3095 5375 3280 5444 grat'w
3319 5373 3512 5443 sempi-

2003 5534 2029 5571 b
2063 5533 2173 5588 lmo
2235 5534 2504 5604 l'igilium,
2551 5543 2606 5587 ut
2650 5544 2775 5588 ante
2813 5535 3067 5595 diximus,
3111 5530 3211 5584 nisi
3241 5529 3517 5586 A‘Jtherius

1934 5605 2304 5675 Lugdunensis
2329 5605 2397 5659 sit
2420 5605 2838 5660 substituendus.

2008 5669 2041 5716 ἶ
2063 5677 2244 5732 Sancti
2277 5675 2422 5729 Petri
2451 5675 2658 5730 abbatis
2691 5680 2815 5728 Acta
2842 5672 3084 5728 dedimus
3113 5671 3146 5723 6
3173 5669 3392 5730 Januar.
