4118 6332
593 298 651 352 57
1399 294 1701 349 SANC'lL‘S
1740 287 2175 346 AUCUS'I‘lNL‘S

2282 285 2585 343 QGLORUM
2628 288 3039 344 APOSTOLt‘S.
3796 290 3865 346 σε

593 427 790 478 .erme,
821 426 981 481 quam
1032 409 1083 464 iit
1132 408 1296 479 ipsius
1337 408 1606 462 uberrimo
1645 407 1898 477 plantastt
1927 412 2172 474 pectore;
2209 406 2246 457 Α
2281 415 2375 469 pos
2405 402 2618 456 ordinet
2648 411 2701 456 et
2723 397 3123 470 metropolitani
3157 401 3276 471 pcrf
3303 411 3459 456 uatttr
3489 402 3869 474 honore;quia

591 506 802 576 suscipe
829 505 1093 560 advenam
1127 510 1180 557 et
1210 501 1469 572 pupillum
1498 509 1647 554 tuum
1677 516 1798 554 cum
1835 496 2176 569 loquentibus

589 596 843 652 fratribus
891 596 1036 658 suis,
1084 609 1204 650 cum
1247 593 1440 663 quibus
1485 592 1673 646 relicta
1725 592 1927 653 domo,
1960 591 2132 661 patria
2161 631 2174 655 ,

589 689 910 757 cognatione
931 728 946 753 ,
978 687 1242 753 abnegato
1269 683 1450 752 scipso
1468 724 1481 746 ,
1515 690 1782 751 assumpta
1807 696 1994 743 (rure,
2026 695 2176 734 secu-

592 784 677 832 tus
706 785 790 832 est
809 787 879 830 te.
917 775 1114 831 Potens
1141 789 1200 827 es
1228 783 1282 828 et
1311 773 1484 842 ipsum
1516 773 1870 840 multiplicare
1895 772 1944 824 in
1963 780 2174 840 gentem

591 883 873 937 magnam,
923 874 1043 937 post
1086 865 1362 933 antiquum
1413 865 1717 919 auditorem
1760 872 1906 917 tuum
1955 863 2179 932 patriar-

590 961 789 1026 cham;
835 973 1023 1012 omnes
1063 965 1241 1010 autem
1270 955 1613 1010 difﬁcultates
1642 963 1696 1008 et
1717 953 2178 1020 angustiassanc-

595 1061 771 1104 torum
801 1058 980 1114 tuum,
1013 1047 1269 1110 Domine,
1301 1061 1516 1116 semper
1553 1054 1636 1101 est
1677 1054 1980 1114 temperare
2000 1086 2014 1110 ,
2045 1053 2098 1096 et
2127 1044 2176 1094 in

590 1141 852 1196 inﬁnitum
897 1140 1102 1194 lucrum
1134 1137 1424 1192 transferre
1453 1138 1788 1205 gaudiorum.
1821 1135 1932 1192 llos
1960 1134 2180 1188 affectus

589 1240 828 1302 paterna:
863 1232 1141 1285 charitatis
1183 1231 1551 1284 sanctissimus
1604 1244 1742 1300 papa
1775 1228 1886 1283 Deo
1927 1229 2181 1280 aromati-

585 1321 731 1388 Lans,
779 1323 924 1377 addit
981 1337 1141 1376 orare
1190 1322 1472 1375 Dominum
1524 1322 1739 1384 messis,
1790 1330 1847 1374 ut
1897 1318 2178 1374 consilium

583 1429 740 1469 suum
787 1413 1012 1481 dirigat,
1063 1427 1169 1481 quo
1211 1413 1318 1484 ῘΑΙ.
1351 1455 1365 1478 ,
1421 1409 1579 1481 quos]
1623 1411 1850 1465 idoneos
1896 1409 2177 1479 operarios

583 1506 640 1560 itt
666 1519 895 1558 messem
935 1518 1084 1558 suam
1120 1503 1296 1555 mittat
1331 1501 1460 1574 [Al.,
1493 1499 1697 1569 mittit].
1719 1499 1884 1568 Igitur
1912 1499 2181 1568 aspirantc

583 1611 815 1666 superna
839 1593 1192 1664 providentia,
1237 1593 1577 1646 destinantur
1614 1607 1735 1645 eum
1780 1589 2180 1659 pramominatis

585 1689 804 1756 legatis,
843 1685 1128 1740 Laurentio
1176 1693 1231 1738 et
1275 1683 1455 1748 Petro,
1501 1683 1685 1736 eximii
1733 1684 1990 1736 virtutum
2041 1681 2178 1743 viri,

2281 492 2328 545 ei
2359 509 2596 561 quoque,
2628 495 2671 550 si
2697 495 2799 548 vita
2814 508 2995 548 comes
3023 494 3199 559 fuerit,
3226 494 3443 562 pallium
3477 494 3732 559 tribuere,
3763 495 3874 550 Do-

2281 581 2426 634 mino
2460 581 2695 642 favente,
2748 581 3112 651 disponimus:
3137 597 3295 651 quem
3329 589 3506 636 tamen
3539 589 3643 636 tua:
3671 583 3871 638 frater-

2281 672 2463 725 nitatis
2484 672 2728 726 volumus
2758 672 3093 742 dispositioni
3139 673 3439 741 subjacerc.
3495 671 3622 726 Post
3659 673 3874 729 obitum

2275 773 2584 818 -vcrotuum
2629 764 2700 818 ita
2747 764 3034 834 episcopis,
3084 779 3222 834 quos
3269 763 3614 830 ordinaverit,
3668 766 3870 834 pnesit,

2283 865 2341 909 ttt
2369 854 2760 910 Lundoniensis
2810 853 3049 924 episcopi
3097 854 3241 907 nullo
3269 853 3428 908 modo
3477 853 3759 922 subjaceat
3785 855 3874 908 di-

2283 951 2414 1006 tioni
2443 968 2454 1003 :
2486 951 2553 1005 sit
2575 966 2704 1005 vero
2755 950 2894 1004 inter
2921 947 3214 1002 Lundonia:
3243 956 3298 1001 et
3350 945 3602 1002 Eboracae
3637 947 3876 1003 civitatis

2281 1042 2564 1111 episcopos
2594 1041 2940 1109 imposterum
2972 1041 3195 1094 honoris
3220 1039 3318 1093 ista
3351 1039 3644 1104 distinctio,
3672 1048 3732 1092 ut
3757 1039 3878 1106 ipse

2282 1133 2430 1200 prior
2457 1133 2720 1185 habeatur
2747 1132 2837 1199 qui
2883 1131 3032 1201 prius
3063 1129 3222 1184 fuerit
3252 1129 3551 1184 ordinatus.
3581 1127 3874 1184 Communi

2285 1232 2459 1277 autent
2491 1223 2715 1276 consitio
2744 1232 2798 1276 et
2823 1221 3082 1276 concordi
3124 1223 3335 1276 actione
3365 1236 3590 1290 quteqne
3617 1231 3744 1276 sunt
3773 1238 3875 1288 pro

2284 1314 2480 1367 Christi
2515 1314 2632 1367 zelo
2661 1314 2864 1382 agenda
2887 1313 3176 1384 disponant
3199 1314 3539 1377 unanimiter,
3572 1321 3721 1368 recte
3747 1328 3879 1368 sen-

2288 1407 2439 1468 tiant,
2471 1415 2524 1460 et
2559 1422 2620 1459 ea
2659 1421 2776 1473 qua:
2819 1405 3086 1460 senserint
3127 1421 3232 1460 non
3263 1405 3481 1460 sibimet
3517 1404 3878 1474 discrepando

2287 1499 2596 1568 perﬁciant;
2632 1507 2720 1553 tua
2751 1513 2881 1553 vero
2903 1497 3210 1552 fraternitas
3241 1514 3347 1551 non
3384 1498 3557 1552 solum
3598 1512 3693 1552 eos
3723 1497 3876 1566 episo

2286 1607 2454 1660 copos
2481 1607 2615 1661 quos
2635 1591 2984 1653 ordinaverit,
3020 1605 3195 1660 neque
3223 1590 3322 1643 hos
3347 1587 3743 1651 tantummodo,
3777 1590 3877 1658 qui

2288 1697 2382 1751 per
2413 1681 2663 1737 Eboracae
2691 1682 3002 1751 episcopum
3048 1679 3247 1756 fuerint
3285 1679 3548 1746 ordinati;
3588 1680 3680 1732 sed
3705 1679 3896 1738 etiam,

583 1778 837 1841 Mezlitus,
869 1777 1071 1839 Justus,
1099 1785 1123 1811 ι·
1155 1775 1433 1836 Paulinus,
1467 1773 1802 1836 Ruﬁnianus,
1829 1789 1922 1826 seu
1948 1781 2178 1841 quatu0"
2214 1783 2252 1834 tt
2286 1790 2472 1829 omnes
2503 1774 2786 1829 Britannia:
2816 1772 3127 1828 sacerdotes
3153 1772 3370 1836 habeat,
3406 1771 3516 1826 Deo
3545 1779 3602 1825 et
3639 1769 3877 1824 Domino

583 1869 982 1936 evangeliorum
1033 1881 1328 1936 przecones.
1382 1863 1493 1918 llos
1531 1865 1821 1918 comitatur
1871 1879 1977 1916 non
2031 1862 2176 1915 rudis

582 1960 739 2015 turba
767 1958 1200 2026 evangelicorum
1247 1956 1611 2009 ministrorum
1646 1963 1702 2008 et
1729 1964 2140 2023 cooperatorum
2163 1997 2175 2018 ,

582 2050 673 2119 qui
705 2050 928 2104 terribili
972 2049 1088 2103 acie
1128 2047 1383 2116 diripiant
1429 2055 1604 2099 castra
1645 2045 1970 2099 dmntonum.
2016 2044 2175 2111 Qui-.l-

585 2140 715 2208 quid
741 2141 881 2193 enim
917 2138 1086 2192 visum
1110 2147 1194 2191 est
1215 2146 1579 2206 oppostunum
1605 2137 1658 2190 in
1681 2137 1827 2191 cultu
1857 2149 1911 2191 et
1941 2137 2177 2193 ministe-

581 2229 664 2282 rio
693 2228 961 2290 ecclesiae,
984 2229 1034 2281 in
1069 2228 1210 2281 vasis
1230 2228 1400 2282 sacris
1419 2268 1432 2291 ,
1462 2227 1514 2282 itt
1543 2228 1872 2296 paramentis
1897 2227 2174 2290 altarium,

584 2322 637 2376 in
669 2322 998 2374 ornamentis
1019 2320 1386 2384 ecclesiarum,
1416 2321 1465 2373 itt
1489 2320 2176 2387 sacerdotalibusinduviis,

581 2413 637 2468 in
683 2411 940 2482 pretiosis
989 2420 1298 2465 sanctorum
1348 2412 1719 2480 apostolorum
1775 2422 1828 2467 et
1887 2419 2176 2482 martyrum

592 2504 836 2573 reliquiis
859 2543 873 2567 ,
919 2503 969 2557 in
997 2504 1276 2559 codicibus
1318 2505 1560 2574 plurimis
1586 2549 1599 2570 ,
1649 2507 1700 2560 in
1729 2506 1970 2574 qualibet
1999 2521 2174 2561 rerum

582 2598 880 2654 divinarum
911 2597 1174 2666 elegantia
1197 2597 1463 2668 "prorsus
1492 2599 1720 2668 aggessit
1739 2599 2007 2668 przeclaris
2022 2611 2178 2667 geru-

579 2691 646 2746 lis
674 2691 922 2746 litteralis
943 2691 1061 2761 (sic)
1090 2688 1334 2759 Gregorii
1368 2690 1660 2756 vigilantia.
1699 2688 1779 2744 Ad
1808 2690 1910 2744 hoc
1940 2689 2177 2759 praemis-

579 2795 762 2836 sarum
793 2789 1147 2850 QUIBSllOﬂllll)
1190 2796 1253 2834 ac
1300 2781 1778 2848 interrogationum
1808 2780 1986 2836 lucide
2011 2796 2176 2850 expo-

581 2870 682 2925 sita
728 2872 873 2925 misit
907 2886 1188 2941 responsa,
1221 2887 1342 2939 qua:
1379 2872 1464 2926 hic
1505 2879 1598 2925 aut
1630 2870 1792 2925 dilata
1827 2880 1922 2926 aut
1952 2881 2175 2942 prteter-

581 2963 778 3026 ntissa,
829 2963 984 3030 plene
1037 2961 1274 3032 reperies
1323 2961 1375 3014 in
1432 2961 1598 3015 Beda.
1647 2961 1820 3032 Super
1842 2962 1956 3016 inec
1996 2961 2174 3016 omnia

584 3050 797 3107 additur
826 3051 938 3106 lure
966 3051 1280 3111 apostolica‘.
1311 3052 1679 3120 praerogativa:
1708 3050 1954 3120 epistola.

2290 1873 2474 1919 nostro
2502 1863 2627 1918 Jesu
2649 1864 2863 1920 Christo
2885 1864 3430 1932 auctorc,'subjectos
3456 1881 3468 1914 :
3501 1872 3773 1932 quatenus
3802 1876 3877 1914 ex

2284 1959 2460 2025 lingua
2494 1965 2548 2010 ct
2593 1957 2702 2010 vita
2738 1965 2842 2010 tute
2898 1957 3200 2010 sanctitatis
3239 1965 3294 2010 et
3335 1965 3482 2010 recte
3523 1953 3773 2009 credendi
3819 1963 3882 2008 et

2283 2051 2420 2105 bene
2463 2051 2678 2104 vivendi
2730 2050 2955 2104 fortnam
3007 2050 3344 2120 percipiant,
3405 2059 3567 2118 atque
3635 2048 3877 2104 oﬂiciutn

2282 2155 2436 2197 suum
2468 2140 2573 2196 ﬁde
2602 2157 2667 2196 ac
2694 2142 2934 2195 moribus
2955 2149 3339 2211 exsequentes,
3364 2141 3428 2192 ad
3459 2139 3719 2204 caelestia,
3746 2155 3876 2194 cum

2286 2234 2541 2288 Dominus
2573 2233 2819 2299 voluerit,
2852 2248 3016 2302 regna
3040 2234 3365 2303 peitingant.
3395 2232 3534 2287 Deus
3582 2240 3633 2286 te
3661 2232 3878 2286 incolu-

2283 2342 2404 2380 tuen
2434 2335 2589 2379 cu~to
2611 2327 2705 2379 liat
2729 2365 2742 2387 ,
2777 2327 3212 2380 reverentissime
3245 2325 3430 2380 frater.
3478 2325 3608 2379 Data
3651 2325 3738 2380 die
3766 2323 3875 2379 de-

2281 2418 2416 2470 cima
2441 2415 2798 2469 Kalendarum
2827 2414 3108 2476 Juliarum.
3146 2415 3446 2483 imperante
3475 2413 3694 2468 domino
3739 2429 3872 2467 nos-

2284 2507 2645 2562 troMauricio
2677 2506 2892 2561 Tiberio
2940 2506 3181 2575 piissimo
3231 2505 3493 2573 Augusto,
3526 2517 3668 2557 anno
3720 2517 3874 2557 nono

2281 2601 2515 2666 decimo,
2548 2610 2668 2669 post
2707 2600 3044 2655 consulatum
3074 2597 3315 2665 ejusdem
3359 2595 3563 2650 domini
3592 2609 3735 2649 anno
3777 2609 3876 2647 oc-

2283 2703 2404 2746 lavo
2427 2691 2659 2758 decimo,
2690 2690 2983 2745 iudieiione
3003 2697 3193 2757 quarta
3224 2685 3272 2739 ἀ.

2351 2804 2438 2856 ‘27.
2483 2801 2598 2856 Jatn
2639 2812 2890 2858 anu-tum
2939 2800 3249 2873 apostolicis
3297 2797 3490 2867 opibus
3529 2795 3874 2851 Dominicum

2281 2893 2692 2948 contubernium
2722 2892 2934 2958 longius
2961 2896 3290 2953 excesserat,
3341 2901 3441 2942 nec
3477 2886 3687 2940 animus
3732 2883 3874 2939 Gre.-

2281 2987 2415 3056 gorii
2463 2995 2654 3041 euntes
2680 2983 2933 3055 prosequi
2963 2991 3172 3046 cessat,
3227 2981 3351 3050 quia
3383 2980 3615 3033 charitas
3664 2977 3875 3032 inliuita

2286 3078 2438 3132 ﬁnire
2489 3078 2656 3132 nescit
2714 3075 2972 3144 obsequia
3005 3072 3142 3146 (Lib.
3179 3088 3254 3137 ix,
3282 3089 3364 3135 ep.
3394 3071 3507 3140 7|).
3565 3070 3762 3125 lterum
3801 3069 3876 3124 de

653 3165 739 3219 26.
763 3165 1226 3220 Reverendissimo
1251 3173 1305 3218 et
1328 3164 1671 3219 sanctissimo
1700 3161 1850 3217 fratri
1880 3163 2174 3231 Augustino
2205 3165 2251 3228 α
2285 3166 2581 3234 Augustino
2610 3181 2730 3230 sua,
2762 3165 2958 3219 iterum
3013 3163 3080 3217 de
3105 3162 3214 3217 suis
3242 3161 3426 3228 Anglis
3477 3160 3658 3214 unicas
3712 3175 3876 3214 curas

583 3259 904 3325 coepiscopo
933 3255 1244 3324 Gregorius,
1271 3272 1460 3310 servus
1482 3271 1760 3310 servorum
1789 3253 1881 3310 Dei
1909 3254 2047 3324 (Lib.
2082 3271 2176 3321 X'sl,

583 3349 752 3421 Epist.
787 3348 895 3421 i‘c).
949 3347 1084 3403 Cum
1115 3357 1321 3402 certum
1369 3350 1477 3410 sit,
1511 3364 1608 3417 pro
1638 3348 2013 3418 omnipotente
2069 3348 2178 3403 Deo

583 3440 952 3496 laborantibus
999 3438 1285 3493 ineffabilia
1335 3440 1522 3492 animi
1551 3441 1704 3508 regni
1749 3441 1968 3508 prtemia
2001 3454 2177 3494 reser-

583 3531 726 3584 vari:
759 3530 912 3584 nobis
943 3537 1122 3582 tamen
1147 3529 1227 3584 eis
1260 3544 1478 3584 necesse
1507 3537 1591 3582 est
1619 3529 1885 3584 honorum
1915 3529 2177 3584 beneﬁcia

585 3623 842 3688 tribuere,
874 3630 933 3676 ut
955 3621 1210 3689 spiritalis
1231 3621 1409 3689 operis
1436 3622 1616 3676 studio
1648 3638 1714 3676 ex
1742 3623 2179 3677 remuneratione

584 3713 751 3770 velint
796 3713 941 3785 [A1,
972 3713 1206 3784 valeant]
1255 3711 1602 3781 multiplicius
1647 3714 1917 3768 insudare.
1954 3713 2021 3767 Et
2055 3715 2178 3782 quia

585 3821 725 3862 nova
769 3805 1061 3874 Anglorum
1118 3804 1345 3860 ecclesia
1375 3804 1443 3858 ad
1488 3805 1874 3874 omnipotentis
1923 3805 2016 3859 Dei
2058 3819 2172 3874 gra-

585 3897 736 3956 tiam,
783 3897 972 3950 eodem
1014 3894 1242 3950 Domino
1267 3895 1526 3965 largiente
1561 3904 1617 3950 et
1640 3904 1690 3950 te
1722 3896 2018 3960 laborante,
2052 3913 2177 3966 per-

587 3986 744 4039 ducta
760 3993 873 4051 est;
903 4001 1055 4038 usum
1082 3985 1173 4038 tibi
1204 3986 1354 4054 pallii
1383 3986 1433 4038 in
1453 4001 1516 4039 ea
1547 3985 1612 4039 ad
1643 3986 1758 4040 sola
1781 3986 2061 4042 missarum
2089 4002 2178 4040 εω-

588 4074 782 4128 lemnia
803 4075 1006 4142 agenda
1031 4076 1377 4130 concedimus
1399 4115 1414 4140 ,
1461 4076 1534 4130 ita
1565 4084 1624 4130 ut
1671 4091 1766 4146 per
1808 4076 1925 4131 loca
1972 4077 2176 4145 singula

591 4163 873 4218 duodecim
907 4164 1192 4233 episcopos
1221 4166 1455 4231 ordinrs,
1511 4165 1600 4236 qui
1630 4174 1733 4219 tum
1757 4167 2069 4234 subiaceant
2097 4167 2179 4220 di-

587 4255 720 4310 tioni
749 4273 759 4307 :
793 4266 1059 4324 quatenus
1099 4243 1491 4309 Lundoniensis
1543 4267 1563 4293 ε
1619 4257 1849 4311 civitatis
1895 4257 2178 4327 episcopus

584 4363 800 4417 semper
827 4349 878 4402 in
906 4356 1178 4417 posterum
1208 4363 1239 4401 a
1267 4348 1472 4418 synodo
1509 4349 1722 4418 propria
1755 4349 1952 4404 debeat
1980 4365 2174 4404 conse-

587 4441 745 4502 crari,
773 4447 933 4507 atque
962 4439 1183 4493 honoris
1209 4438 1425 4508 pallium
1448 4439 1515 4492 ab
1545 4441 1643 4493 hac
1672 4449 1856 4493 sancta
1885 4448 1939 4494 et
1961 4449 2177 4510 aposto-

2286 3268 2507 3316 renovat
2531 3279 2543 3325 ;
2579 3259 2720 3314 unde
2748 3266 2804 3314 et
2832 3259 2970 3312 hanc
2999 3257 3280 3328 epistolam
3309 3263 3724 3325 praememorato
3768 3270 3870 3309 ve-

2286 3351 2507 3404 nerabili
2559 3350 2760 3404 Mellito
2790 3348 3041 3403 destinat.
3095 3347 3458 3403 Dilectissimo
3505 3345 3617 3400 ﬁlio
3667 3344 3876 3400 Mellito

2283 3441 2482 3504 abbati,
2518 3441 2825 3508 Gregorius,
2867 3455 3053 3494 servus
3075 3453 3356 3494 servorum
3379 3437 3494 3492 Dei.
3521 3436 3650 3491 Post
3671 3435 3877 3492 disces-

2283 3534 2489 3588 sionem
2521 3531 2958 3601 congregationis
2988 3539 3203 3595 nostrte,
3238 3545 3356 3600 (tua:
3384 3537 3562 3584 tecum
3589 3537 3690 3592 est,
3715 3529 3877 3582 valde

2284 3640 2472 3678 sumus
2527 3623 2774 3693 suspensi
2806 3622 3172 3691 redditi,quia
3215 3621 3344 3675 nihil
3393 3620 3461 3675 de
3508 3619 3876 3690 prOSperitato

2289 3717 2454 3772 Vt'Sll‘l
2489 3717 2693 3771 itineris
2716 3716 2930 3770 audisse
2975 3731 3075 3770 nos
3103 3715 3349 3782 contigit.
3381 3714 3516 3768 Cum
3568 3727 3698 3779 ergo
3731 3711 3876 3766 Deus

2284 3811 2626 3880 omnipotens
2655 3825 2750 3864 vos
2781 3809 2845 3862 ad
2869 3807 3379 3862 reverendissimum
3425 3807 3597 3858 virum
3644 3803 3874 3856 fiatrem

2285 3911 2527 3957 nostrum
2553 3900 2913 3968 Augustinum
2963 3898 3276 3967 episcopum
3316 3894 3651 3966 perduxerit,
3703 3892 3873 3946 dicite

2282 3994 2329 4047 ci
2379 3992 2506 4060 quid
2561 3991 2650 4046 ditt
2713 4005 2924 4045 mecum
2954 3989 3022 4043 de
3052 4003 3214 4043 causa
3270 3987 3565 4056 Angluruut
3624 3985 3875 4052 cogitans

2284 4085 2542 4149 tractavi;
2579 4083 2843 4143 videlicet.
2898 4083 3021 4153 quia
3065 4066 3185 4135 fana
3233 4081 3504 4135 idolorum
3550 4077 3758 4133 destrui
3813 4081 3869 4130 in

2282 4177 2472 4231 eadem
2502 4184 2660 4242 gente
2692 4177 2914 4229 minime
2934 4175 3185 4238 debeant,
3218 4173 3310 4228 sed
3366 4174 3480 4243 ipsa
3529 4186 3649 4242 qute
3675 4172 3731 4225 in
3788 4170 3874 4225 eis

2281 4280 2407 4323 sunt
2456 4270 2595 4325 idola
2652 4272 3020 4332 destruantur,
3070 4285 3209 4339 aqua
3249 4268 3538 4324 benedicta
3563 4268 3616 4322 in
3662 4267 3868 4322 eisdem

2282 4360 2420 4414 fanis
2449 4371 2782 4428 aspergatur,
2811 4360 2996 4414 altaria
3019 4369 3424 4427 construantur,
3449 4359 3688 4428 reliquiae
3715 4373 3872 4412 com-

2284 4461 2569 4522 ponantur.
2605 4451 2736 4518 Quia
2761 4453 2804 4505 si
2836 4451 2956 4505 fana
2987 4452 3174 4505 eadem
3210 4451 3350 4505 bene
3378 4459 3690 4504 constructa
3717 4459 3868 4512 sunt,

587 4530 712 4590 lica.
751 4531 838 4600 cui
888 4530 1000 4585 D60
1027 4539 1249 4585 auclore
1291 4531 1558 4596 (IL'SCI‘ViO,
1587 4532 1714 4586 sede
1761 4533 2048 4604 percipiat.
2098 4535 2173 4588 Ad
2216 4555 2263 4614 D
2289 4560 2508 4600 necesse
2537 4555 2618 4596 (ιξι
2650 4552 2708 4598 ιιι
2736 4559 2764 4597 τι
2805 4543 2950 4599 cultu
2979 4543 3282 4596 daemonum
3329 4543 3382 4596 in
3431 4542 3690 4612 obsequia
3752 4544 3868 4599 veri

585 4621 884 4678 Eburacam
915 4638 1040 4678 vero
1065 4625 1334 4678 civitatem
1362 4634 1413 4678 te
1440 4627 1683 4678 volumus
1705 4625 2016 4696 episcopum
2045 4628 2166 4681 mit-

587 4723 701 4768 tere
723 4728 884 4782 quem
909 4713 1020 4782 ipse
1036 4713 1359 4782 judicaveris
1390 4715 1519 4787 [ΑΙ.⁹
1537 4715 1877 4789 iudicaveris]
1895 4718 2130 4773 ordinari
2153 4736 2166 4772 :

587 4805 660 4860 ita
691 4805 968 4870 duntaxat,
1002 4806 1120 4860 utsi
1149 4805 1336 4860 eadem
1363 4806 1553 4861 civitas
1580 4823 1702 4861 cum
1754 4807 1993 4863 ﬁnitimis
2042 4810 2170 4864 locis

590 4894 819 4950 Verbum
842 4895 935 4951 Dei
957 4896 1242 4966 receperit,
1276 4896 1388 4966 ipse
1414 4913 1629 4967 quoque
1656 4898 1939 4955 duodecim
1961 4900 2170 4970 episco-

659 5083 684 5108 ἰ
713 5071 789 5126 Ex
817 5073 902 5127 his
923 5082 1130 5127 sanctus
1168 5072 1450 5139 Paulinus,
1485 5083 1672 5142 postea
1703 5074 2054 5132 Eboracensis
2080 5092 2168 5132 ar-

588 5143 966 5212 chiepiscopus
988 5153 1224 5210 creatus,
1264 5145 1460 5199 colitur
1490 5145 1555 5198 l0
1583 5145 1848 5198 Octobris.

659 5215 682 5252 ιι
714 5213 770 5266 1η
799 5215 1126 5268 monasterio
1159 5213 1576 5282 Aldinghoifensi
1621 5212 1951 5267 Paderbonte
1971 5214 2169 5284 duplex

586 5284 851 5351 portatilis
873 5299 965 5338 ara
989 5285 1154 5340 instar
1175 5287 1356 5339 arcula
1377 5294 1642 5351 servatur,
1667 5291 1721 5339 et
1746 5291 1972 5353 utroque
1993 5289 2171 5342 credi-

588 5362 672 5423 tur
717 5371 786 5408 ex
830 5369 893 5410 ea
945 5356 1315 5423 suppellectile
1359 5371 1510 5411 sacra
1537 5369 1688 5419 esse,
1737 5369 1900 5422 quam
1953 5365 2172 5414 sanctus

585 5422 874 5494 Gregorius
899 5422 1194 5490 Augustino
1227 5426 1367 5479 ntisit
1397 5443 1410 5477 :
1441 5424 1657 5492 utrique
1679 5439 1708 5476 a
1737 5426 1820 5494 pia
1854 5427 2172 5489 posteritate

582 5493 794 5566 additus
831 5505 1205 5563 argentcarnm
1250 5495 1589 5566 bractearum
1630 5504 1698 5566 ‘et
1739 5493 1988 5566 lapidum
2044 5513 2169 5566 pre-

581 5563 842 5618 tiosorum
875 5627 879 5632 4
911 5575 1169 5624 ornatus,
1215 5565 1427 5631 utrique
1480 5565 1642 5617 varia:
1685 5565 1902 5619 inclusa:
1955 5563 2170 5622 san—cto-

579 5648 703 5688 rum
741 5635 1006 5707 reliquiae,
1054 5636 1270 5707 utrique
1322 5634 1582 5707 versibus
1612 5634 1843 5707 Leonini
1881 5637 2168 5707 con-'cripti

583 5705 914 5829 inabrgines:
976 5705 1130 5760 unius
1185 5704 1379 5759 autem
1442 5704 1694 5761 notabilis
1755 5706 2035 5776 inscriptio
2095 5704 2171 5764 Sic

604 5789 650 5828 ta
694 5785 777 5829 et:

604 5785 777 5831 labet:

2277 4635 2405 4709 [Al.,
2440 4634 2562 4707 viri]
2599 4635 2693 4689 Dci
2721 4634 2950 4689 debeant
2984 4634 3328 4700 commutari,
3365 4643 3422 4688 ut
3450 4633 3576 4688 dum
3599 4648 3733 4704 gens
3753 4634 3868 4704 ipsa

2275 4726 2462 4781 eadem
2495 4725 2612 4780 fana
2643 4741 2736 4781 sua
2770 4741 2875 4779 non
2905 4725 3051 4779 videt
3075 4724 3299 4793 destrui,
3339 4724 3408 4778 de
3436 4725 3600 4779 corde
3624 4740 3870 4780 errorem

2275 4817 2536 4886 deponat;
2568 4827 2622 4870 et
2651 4816 2816 4870 Deum
2862 4831 3047 4869 verum
3071 4830 3401 4885 cognoscens
3429 4826 3485 4870 et
3504 4817 3736 4871 adorans
3755 4853 3770 4878 ,
3803 4817 3872 4872 ad

2277 4906 2392 4962 loca
2435 4921 2553 4974 quae
2609 4905 2888 4960 consuevit
2936 4906 3250 4982 familiarius
3295 4917 3601 4962 concurrat.
3637 4905 3703 4960 Et
3745 4907 3870 4976 quia

2406 5082 2511 5130 Prae
2533 5079 2718 5126 cunctis
2741 5078 2836 5124 aris
2861 5075 2966 5124 haec
2991 5073 3294 5136 Gregoriana
3317 5075 3524 5133 vocaris,

2466 5143 2508 5190 A
2531 5153 2629 5202 quo
2649 5140 2874 5202 sacraris,
2899 5150 3023 5202 gens
3048 5138 3171 5202 petit
3196 5137 3380 5202 Angla,
3397 5137 3528 5202 daris
3552 5154 3556 5158 ’

2403 5206 2520 5256 Post
2543 5199 2637 5251 huc
2658 5201 2885 5262 portaris,
2912 5199 2991 5262 hic
3013 5200 3208 5262 ossibus
3229 5200 3505 5258 associaris,

2465 5267 2580 5316 Cum
2605 5259 2780 5327 quibus
2807 5259 2917 5310 esse
2941 5260 3055 5309 faris
3076 5263 3146 5310 vis
3169 5263 3432 5324 meritique
3459 5259 3589 5322 paris

2354 5367 2374 5392 ο
2404 5351 2532 5406 Erat
2553 5347 2828 5404 notissima
2851 5347 2946 5411 uti,
2973 5347 3210 5401 etianum
3233 5354 3316 5402 est
3338 5347 3464 5400 urbs
3490 5344 3873 5412 Londinensis,

2278 5427 2366 5479 cui
2394 5423 2638 5489 designat
2659 5419 2844 5489 sedem
2873 5417 3390 5489 areltiepiscopalem
3408 5457 3422 5481 ,
3450 5431 3648 5489 verum
3664 5416 3874 5489 seduli-

2281 5504 2390 5549 tate
2445 5487 2616 5548 sancti
2645 5487 2970 5543 [Ethelberti
3030 5487 3196 5556 regis,
3251 5497 3304 5542 et
3359 5487 3552 5541 civium
3604 5487 3875 5544 charitat-g

2277 5572 2466 5635 captus
2513 5569 2732 5635 sanctus
2771 5557 3124 5635 Augustinus,
3175 5557 3512 5635 Cantuariam
3543 5557 3764 5635 __elegit,
3822 5569 3874 5612 et

2278 5627 2356 5690 ibi
2371 5635 2528 5690 sedes
2550 5629 3020 5698 archiepiscopaiis
3045 5643 3168 5682 cum
3186 5631 3326 5684 sedis
3345 5627 3655 5697 apostolica:
3671 5642 3873 5700 appro-
3897 5650 3914 5660 -

2279 5707 2496 5760 batione
2528 5701 2843 5771 permansit.

2350 5778 2373 5813 ἀ
2401 5776 2446 5829 ls
2469 5768 2552 5830 est
2580 5787 2752 5826 annus
2773 5768 2972 5824 Christi
3001 5768 3121 5822 601.
