  <div class='ocr_page' id='page_1' title='image "/cluster/home/n/w/nwhite01/storage/ocr_20150623/80/hvd.32044015469422/040.png"; bbox 0 0 4118 6332; ppageno 0'>
   <div class='ocr_carea' id='block_1_1' title="bbox 240 312 3513 377">
    <p class='ocr_par' dir='ltr' id='par_1_1' title="bbox 240 312 3513 377">
     <span class='ocr_line' id='line_1_1' title="bbox 240 312 3513 377; baseline 0.004 -16"><span class='ocrx_word' id='word_1_1' title='bbox 240 317 318 377; x_wconf 67' lang='grc' dir='ltr'><strong>ω</strong></span> <span class='ocrx_word' id='word_1_2' title='bbox 1070 338 1073 339; x_wconf 67' lang='lat'><strong><em>~</em></strong></span> <span class='ocrx_word' id='word_1_3' title='bbox 1468 314 1616 367; x_wconf 75' lang='lat' dir='ltr'><strong>\‘lTA</strong></span> <span class='ocrx_word' id='word_1_4' title='bbox 1660 312 1900 368; x_wconf 69' lang='lat' dir='ltr'><strong>SANLZ&#39;I&#39;I</strong></span> <span class='ocrx_word' id='word_1_5' title='bbox 1946 314 2334 371; x_wconf 73' lang='lat' dir='ltr'><strong>ALGL‘S&#39;IINI.</strong></span> <span class='ocrx_word' id='word_1_6' title='bbox 3448 323 3513 375; x_wconf 56' lang='grc' dir='ltr'><strong>τω</strong></span> 
     </span>
    </p>
   </div>
   <div class='ocr_carea' id='block_1_2' title="bbox 231 426 3507 521">
    <p class='ocr_par' dir='ltr' id='par_1_2' title="bbox 231 426 3507 521">
     <span class='ocr_line' id='line_1_2' title="bbox 231 426 3507 521; baseline 0.001 -13"><span class='ocrx_word' id='word_1_7' title='bbox 231 434 401 491; x_wconf 60' lang='grc' dir='ltr'><strong>ίὶυνθδ</strong></span> <span class='ocrx_word' id='word_1_8' title='bbox 430 431 603 488; x_wconf 72' lang='grc' dir='ltr'><strong>⁸⁰¹θ¹¹¹</strong></span> <span class='ocrx_word' id='word_1_9' title='bbox 630 432 678 484; x_wconf 67' lang='grc' dir='ltr'>ί¹¹</span> <span class='ocrx_word' id='word_1_10' title='bbox 708 430 967 485; x_wconf 59' lang='lat' dir='ltr'><strong>“crinem</strong></span> <span class='ocrx_word' id='word_1_11' title='bbox 986 430 1294 521; x_wconf 42' lang='lat' dir='ltr'><strong>Daemon“?</strong></span> <span class='ocrx_word' id='word_1_12' title='bbox 1326 426 1817 521; x_wconf 20' lang='grc' dir='ltr'><strong>¹¹¹¹¹ΑῘ¹⁰³ΑΟ⁰⁰ίδ⁰τῗν</strong></span> <span class='ocrx_word' id='word_1_13' title='bbox 1858 432 1899 486; x_wconf 73' lang='grc' dir='ltr'>Α</span> <span class='ocrx_word' id='word_1_14' title='bbox 1929 450 2051 505; x_wconf 90' lang='lat' dir='ltr'><strong>dum</strong></span> <span class='ocrx_word' id='word_1_15' title='bbox 2083 452 2410 518; x_wconf 86' lang='lat' dir='ltr'><strong>ostenderet,</strong></span> <span class='ocrx_word' id='word_1_16' title='bbox 2446 469 2550 507; x_wconf 90' lang='lat' dir='ltr'><strong>non</strong></span> <span class='ocrx_word' id='word_1_17' title='bbox 2581 454 2841 521; x_wconf 70' lang='lat' dir='ltr'><strong>sapientia</strong></span> <span class='ocrx_word' id='word_1_18' title='bbox 2874 454 3170 519; x_wconf 80' lang='lat' dir='ltr'><strong>hominum,</strong></span> <span class='ocrx_word' id='word_1_19' title='bbox 3202 455 3295 510; x_wconf 85' lang='lat' dir='ltr'><strong>sed</strong></span> <span class='ocrx_word' id='word_1_20' title='bbox 3325 472 3420 511; x_wconf 81' lang='lat' dir='ltr'><strong>sua</strong></span> <span class='ocrx_word' id='word_1_21' title='bbox 3449 475 3507 511; x_wconf 81' lang='lat' dir='ltr'><strong>se</strong></span> 
     </span>
    </p>
   </div>
   <div class='ocr_carea' id='block_1_3' title="bbox 222 517 1824 590">
    <p class='ocr_par' dir='ltr' id='par_1_3' title="bbox 222 517 1824 590">
     <span class='ocr_line' id='line_1_3' title="bbox 222 517 1824 590; baseline -0.007 -11"><span class='ocrx_word' id='word_1_22' title='bbox 222 526 401 581; x_wconf 84' lang='lat' dir='ltr'><strong>debet</strong></span> <span class='ocrx_word' id='word_1_23' title='bbox 429 524 590 580; x_wconf 90' lang='lat' dir='ltr'><strong>etiam</strong></span> <span class='ocrx_word' id='word_1_24' title='bbox 619 524 701 578; x_wconf 90' lang='lat' dir='ltr'><strong>his</strong></span> <span class='ocrx_word' id='word_1_25' title='bbox 722 523 788 577; x_wconf 89' lang='lat' dir='ltr'><strong>de</strong></span> <span class='ocrx_word' id='word_1_26' title='bbox 806 539 863 577; x_wconf 91' lang='lat' dir='ltr'><strong>re</strong></span> <span class='ocrx_word' id='word_1_27' title='bbox 882 523 980 575; x_wconf 89' lang='lat' dir='ltr'><strong>hac</strong></span> <span class='ocrx_word' id='word_1_28' title='bbox 997 522 1174 590; x_wconf 85' lang='lat' dir='ltr'><strong>aliqua</strong></span> <span class='ocrx_word' id='word_1_29' title='bbox 1198 517 1787 575; x_wconf 86' lang='lat' dir='ltr'><strong>solemuitasimmutari</strong></span> <span class='ocrx_word' id='word_1_30' title='bbox 1812 533 1824 579; x_wconf 89' lang='lat'><strong>;</strong></span> 
     </span>
    </p>
   </div>
   <div class='ocr_carea' id='block_1_4' title="bbox 238 611 1826 677">
    <p class='ocr_par' dir='ltr' id='par_1_4' title="bbox 238 611 1826 677">
     <span class='ocr_line' id='line_1_4' title="bbox 238 611 1826 677; baseline -0.009 -6"><span class='ocrx_word' id='word_1_31' title='bbox 238 625 300 671; x_wconf 88' lang='lat' dir='ltr'><strong>ut</strong></span> <span class='ocrx_word' id='word_1_32' title='bbox 329 616 416 671; x_wconf 89' lang='lat' dir='ltr'><strong>die</strong></span> <span class='ocrx_word' id='word_1_33' title='bbox 458 614 818 668; x_wconf 66' lang='lat' dir='ltr'><strong>dedicationis</strong></span> <span class='ocrx_word' id='word_1_34' title='bbox 851 612 931 666; x_wconf 80' lang='lat' dir='ltr'><strong>vel</strong></span> <span class='ocrx_word' id='word_1_35' title='bbox 978 611 1231 665; x_wconf 88' lang='lat' dir='ltr'><strong>natalitiis</strong></span> <span class='ocrx_word' id='word_1_36' title='bbox 1260 617 1566 663; x_wconf 89' lang='lat' dir='ltr'><strong>sanctorum</strong></span> <span class='ocrx_word' id='word_1_37' title='bbox 1621 616 1826 677; x_wconf 73' lang='lat' dir='ltr'><strong>marty-</strong></span> 
     </span>
    </p>
   </div>
   <div class='ocr_carea' id='block_1_5' title="bbox 232 699 1827 776">
    <p class='ocr_par' dir='ltr' id='par_1_5' title="bbox 232 699 1827 776">
     <span class='ocr_line' id='line_1_5' title="bbox 232 699 1827 776; baseline -0.006 -13"><span class='ocrx_word' id='word_1_38' title='bbox 232 723 373 770; x_wconf 85' lang='lat' dir='ltr'><strong>rum,</strong></span> <span class='ocrx_word' id='word_1_39' title='bbox 392 722 624 776; x_wconf 87' lang='lat' dir='ltr'><strong>quorum</strong></span> <span class='ocrx_word' id='word_1_40' title='bbox 651 705 757 760; x_wconf 89' lang='lat' dir='ltr'><strong>illic</strong></span> <span class='ocrx_word' id='word_1_41' title='bbox 784 704 1023 775; x_wconf 59' lang='lat' dir='ltr'><strong>reliquias</strong></span> <span class='ocrx_word' id='word_1_42' title='bbox 1050 713 1340 774; x_wconf 89' lang='lat' dir='ltr'><strong>ponuntur,</strong></span> <span class='ocrx_word' id='word_1_43' title='bbox 1363 700 1704 756; x_wconf 88' lang='lat' dir='ltr'><strong>tabernacula</strong></span> <span class='ocrx_word' id='word_1_44' title='bbox 1727 699 1827 753; x_wconf 85' lang='lat' dir='ltr'><strong>sibi</strong></span> 
     </span>
    </p>
   </div>
   <div class='ocr_carea' id='block_1_6' title="bbox 235 796 1822 866">
    <p class='ocr_par' dir='ltr' id='par_1_6' title="bbox 235 796 1822 866">
     <span class='ocr_line' id='line_1_6' title="bbox 235 796 1822 866; baseline -0.005 -12"><span class='ocrx_word' id='word_1_45' title='bbox 235 800 378 854; x_wconf 86' lang='lat' dir='ltr'><strong>circa</strong></span> <span class='ocrx_word' id='word_1_46' title='bbox 402 797 621 853; x_wconf 89' lang='lat' dir='ltr'><strong>easdem</strong></span> <span class='ocrx_word' id='word_1_47' title='bbox 646 798 899 853; x_wconf 80' lang='lat' dir='ltr'><strong>ecclesias</strong></span> <span class='ocrx_word' id='word_1_48' title='bbox 924 812 1044 866; x_wconf 82' lang='lat' dir='ltr'><strong>quae</strong></span> <span class='ocrx_word' id='word_1_49' title='bbox 1064 812 1132 851; x_wconf 82' lang='lat' dir='ltr'><strong>ex</strong></span> <span class='ocrx_word' id='word_1_50' title='bbox 1155 796 1289 850; x_wconf 90' lang='lat' dir='ltr'><strong>fanis</strong></span> <span class='ocrx_word' id='word_1_51' title='bbox 1316 802 1661 850; x_wconf 60' lang='lat' dir='ltr'><strong>commutat-1‘,</strong></span> <span class='ocrx_word' id='word_1_52' title='bbox 1682 801 1822 855; x_wconf 90' lang='lat' dir='ltr'><strong>sunt,</strong></span> 
     </span>
    </p>
   </div>
   <div class='ocr_carea' id='block_1_7' title="bbox 235 888 1823 957">
    <p class='ocr_par' dir='ltr' id='par_1_7' title="bbox 235 888 1823 957">
     <span class='ocr_line' id='line_1_7' title="bbox 235 888 1823 957; baseline -0.001 -13"><span class='ocrx_word' id='word_1_53' title='bbox 235 892 303 947; x_wconf 86' lang='lat' dir='ltr'><strong>de</strong></span> <span class='ocrx_word' id='word_1_54' title='bbox 331 891 494 945; x_wconf 85' lang='lat' dir='ltr'><strong>ramis</strong></span> <span class='ocrx_word' id='word_1_55' title='bbox 522 891 773 945; x_wconf 87' lang='lat' dir='ltr'><strong>arborum</strong></span> <span class='ocrx_word' id='word_1_56' title='bbox 808 890 1035 956; x_wconf 89' lang='lat' dir='ltr'><strong>faciant,</strong></span> <span class='ocrx_word' id='word_1_57' title='bbox 1060 899 1114 944; x_wconf 93' lang='lat' dir='ltr'><strong>et</strong></span> <span class='ocrx_word' id='word_1_58' title='bbox 1158 888 1420 957; x_wconf 78' lang='lat' dir='ltr'><strong>religiosis</strong></span> <span class='ocrx_word' id='word_1_59' title='bbox 1445 888 1711 943; x_wconf 83' lang='lat' dir='ltr'><strong>conviviis</strong></span> <span class='ocrx_word' id='word_1_60' title='bbox 1732 903 1823 943; x_wconf 91' lang='lat' dir='ltr'><strong>so-</strong></span> 
     </span>
    </p>
   </div>
   <div class='ocr_carea' id='block_1_8' title="bbox 237 978 1828 1047">
    <p class='ocr_par' dir='ltr' id='par_1_8' title="bbox 237 978 1828 1047">
     <span class='ocr_line' id='line_1_8' title="bbox 237 978 1828 1047; baseline -0.003 -12"><span class='ocrx_word' id='word_1_61' title='bbox 237 980 569 1035; x_wconf 88' lang='lat' dir='ltr'><strong>lemnitatem</strong></span> <span class='ocrx_word' id='word_1_62' title='bbox 594 980 905 1035; x_wconf 73' lang='lat' dir='ltr'><strong>celebrent:</strong></span> <span class='ocrx_word' id='word_1_63' title='bbox 942 995 1039 1034; x_wconf 86' lang='lat' dir='ltr'><strong>nec</strong></span> <span class='ocrx_word' id='word_1_64' title='bbox 1065 979 1280 1033; x_wconf 78' lang='lat' dir='ltr'><strong>diabolo</strong></span> <span class='ocrx_word' id='word_1_65' title='bbox 1306 978 1417 1047; x_wconf 89' lang='lat' dir='ltr'><strong>jam</strong></span> <span class='ocrx_word' id='word_1_66' title='bbox 1440 978 1689 1031; x_wconf 80' lang='lat' dir='ltr'><strong>animalia</strong></span> <span class='ocrx_word' id='word_1_67' title='bbox 1732 978 1828 1031; x_wconf 89' lang='lat' dir='ltr'><strong>im-</strong></span> 
     </span>
    </p>
   </div>
   <div class='ocr_carea' id='block_1_9' title="bbox 236 1068 1828 1135">
    <p class='ocr_par' dir='ltr' id='par_1_9' title="bbox 236 1068 1828 1135">
     <span class='ocr_line' id='line_1_9' title="bbox 236 1068 1828 1135; baseline -0.002 -10"><span class='ocrx_word' id='word_1_68' title='bbox 236 1072 460 1135; x_wconf 78' lang='lat' dir='ltr'><strong>molent,</strong></span> <span class='ocrx_word' id='word_1_69' title='bbox 485 1070 580 1125; x_wconf 85' lang='lat' dir='ltr'><strong>sed</strong></span> <span class='ocrx_word' id='word_1_70' title='bbox 609 1070 673 1124; x_wconf 87' lang='lat' dir='ltr'><strong>ad</strong></span> <span class='ocrx_word' id='word_1_71' title='bbox 707 1070 918 1124; x_wconf 84' lang='lat' dir='ltr'><strong>laudem</strong></span> <span class='ocrx_word' id='word_1_72' title='bbox 969 1069 1060 1124; x_wconf 92' lang='lat' dir='ltr'><strong>Dei</strong></span> <span class='ocrx_word' id='word_1_73' title='bbox 1094 1070 1146 1123; x_wconf 92' lang='lat' dir='ltr'><strong>in</strong></span> <span class='ocrx_word' id='word_1_74' title='bbox 1171 1085 1322 1123; x_wconf 68' lang='lat' dir='ltr'><strong>esum</strong></span> <span class='ocrx_word' id='word_1_75' title='bbox 1377 1084 1530 1123; x_wconf 90' lang='lat' dir='ltr'><strong>suum</strong></span> <span class='ocrx_word' id='word_1_76' title='bbox 1578 1068 1828 1122; x_wconf 78' lang='lat' dir='ltr'><strong>animalia</strong></span> 
     </span>
    </p>
   </div>
   <div class='ocr_carea' id='block_1_10' title="bbox 237 1162 1831 1229">
    <p class='ocr_par' dir='ltr' id='par_1_10' title="bbox 237 1162 1831 1229">
     <span class='ocr_line' id='line_1_10' title="bbox 237 1162 1831 1229; baseline -0.003 -12"><span class='ocrx_word' id='word_1_77' title='bbox 237 1165 507 1229; x_wconf 81' lang='lat' dir='ltr'><strong>occidant,</strong></span> <span class='ocrx_word' id='word_1_78' title='bbox 538 1174 590 1217; x_wconf 88' lang='lat' dir='ltr'><strong>et</strong></span> <span class='ocrx_word' id='word_1_79' title='bbox 621 1164 869 1217; x_wconf 76' lang='lat' dir='ltr'><strong>donatori</strong></span> <span class='ocrx_word' id='word_1_80' title='bbox 902 1163 1138 1217; x_wconf 87' lang='lat' dir='ltr'><strong>omnium</strong></span> <span class='ocrx_word' id='word_1_81' title='bbox 1183 1163 1249 1216; x_wconf 90' lang='lat' dir='ltr'><strong>de</strong></span> <span class='ocrx_word' id='word_1_82' title='bbox 1277 1162 1526 1216; x_wconf 84' lang='lat' dir='ltr'><strong>satietate</strong></span> <span class='ocrx_word' id='word_1_83' title='bbox 1568 1176 1662 1215; x_wconf 91' lang='lat' dir='ltr'><strong>sua</strong></span> <span class='ocrx_word' id='word_1_84' title='bbox 1708 1174 1831 1229; x_wconf 78' lang='lat' dir='ltr'><strong>gra-~</strong></span> 
     </span>
    </p>
   </div>
   <div class='ocr_carea' id='block_1_11' title="bbox 242 1252 1829 1324">
    <p class='ocr_par' dir='ltr' id='par_1_11' title="bbox 242 1252 1829 1324">
     <span class='ocr_line' id='line_1_11' title="bbox 242 1252 1829 1324; baseline -0.004 -14"><span class='ocrx_word' id='word_1_85' title='bbox 242 1258 345 1312; x_wconf 87' lang='lat' dir='ltr'><strong>tias</strong></span> <span class='ocrx_word' id='word_1_86' title='bbox 376 1256 642 1320; x_wconf 88' lang='lat' dir='ltr'><strong>referant;</strong></span> <span class='ocrx_word' id='word_1_87' title='bbox 675 1264 729 1308; x_wconf 90' lang='lat' dir='ltr'><strong>ut</strong></span> <span class='ocrx_word' id='word_1_88' title='bbox 751 1255 878 1309; x_wconf 89' lang='lat' dir='ltr'><strong>dum</strong></span> <span class='ocrx_word' id='word_1_89' title='bbox 906 1255 983 1309; x_wconf 91' lang='lat' dir='ltr'><strong>eis</strong></span> <span class='ocrx_word' id='word_1_90' title='bbox 1015 1254 1192 1324; x_wconf 89' lang='lat' dir='ltr'><strong>aliqua</strong></span> <span class='ocrx_word' id='word_1_91' title='bbox 1222 1254 1462 1309; x_wconf 85' lang='lat' dir='ltr'><strong>exterius</strong></span> <span class='ocrx_word' id='word_1_92' title='bbox 1514 1252 1708 1320; x_wconf 89' lang='lat' dir='ltr'><strong>gaudia</strong></span> <span class='ocrx_word' id='word_1_93' title='bbox 1742 1266 1829 1311; x_wconf 90' lang='lat' dir='ltr'><strong>re-</strong></span> 
     </span>
    </p>
   </div>
   <div class='ocr_carea' id='block_1_12' title="bbox 240 1342 1831 1412">
    <p class='ocr_par' dir='ltr' id='par_1_12' title="bbox 240 1342 1831 1412">
     <span class='ocr_line' id='line_1_12' title="bbox 240 1342 1831 1412; baseline -0.002 -12"><span class='ocrx_word' id='word_1_94' title='bbox 240 1355 549 1410; x_wconf 77' lang='lat' dir='ltr'><strong>servantur,</strong></span> <span class='ocrx_word' id='word_1_95' title='bbox 582 1346 647 1399; x_wconf 91' lang='lat' dir='ltr'><strong>ad</strong></span> <span class='ocrx_word' id='word_1_96' title='bbox 704 1345 961 1399; x_wconf 88' lang='lat' dir='ltr'><strong>interiora</strong></span> <span class='ocrx_word' id='word_1_97' title='bbox 1014 1344 1207 1412; x_wconf 87' lang='lat' dir='ltr'><strong>gaudia</strong></span> <span class='ocrx_word' id='word_1_98' title='bbox 1267 1343 1575 1398; x_wconf 89' lang='lat' dir='ltr'><strong>consentire</strong></span> <span class='ocrx_word' id='word_1_99' title='bbox 1622 1342 1831 1397; x_wconf 79' lang='lat' dir='ltr'><strong>facilius</strong></span> 
     </span>
    </p>
   </div>
   <div class='ocr_carea' id='block_1_13' title="bbox 239 1429 1831 1495">
    <p class='ocr_par' dir='ltr' id='par_1_13' title="bbox 239 1429 1831 1495">
     <span class='ocr_line' id='line_1_13' title="bbox 239 1429 1831 1495; baseline -0.005 -7"><span class='ocrx_word' id='word_1_100' title='bbox 239 1434 470 1488; x_wconf 81' lang='lat' dir='ltr'><strong>valeant.</strong></span> <span class='ocrx_word' id='word_1_101' title='bbox 497 1432 652 1495; x_wconf 83' lang='lat' dir='ltr'><strong>Nam,</strong></span> <span class='ocrx_word' id='word_1_102' title='bbox 686 1432 837 1485; x_wconf 81' lang='lat' dir='ltr'><strong>duris</strong></span> <span class='ocrx_word' id='word_1_103' title='bbox 892 1431 1159 1485; x_wconf 81' lang='lat' dir='ltr'><strong>mentibus</strong></span> <span class='ocrx_word' id='word_1_104' title='bbox 1188 1431 1345 1482; x_wconf 87' lang='lat' dir='ltr'><strong>simul</strong></span> <span class='ocrx_word' id='word_1_105' title='bbox 1399 1430 1576 1481; x_wconf 86' lang='lat' dir='ltr'><strong>munia</strong></span> <span class='ocrx_word' id='word_1_106' title='bbox 1620 1429 1831 1482; x_wconf 86' lang='lat' dir='ltr'><strong>abscin-</strong></span> 
     </span>
    </p>
   </div>
   <div class='ocr_carea' id='block_1_14' title="bbox 239 1519 1832 1593">
    <p class='ocr_par' dir='ltr' id='par_1_14' title="bbox 239 1519 1832 1593">
     <span class='ocr_line' id='line_1_14' title="bbox 239 1519 1832 1593; baseline -0.006 -14"><span class='ocrx_word' id='word_1_107' title='bbox 239 1526 368 1579; x_wconf 84' lang='lat' dir='ltr'><strong>dere</strong></span> <span class='ocrx_word' id='word_1_108' title='bbox 398 1523 727 1593; x_wconf 82' lang='lat' dir='ltr'><strong>impossibile</strong></span> <span class='ocrx_word' id='word_1_109' title='bbox 749 1538 869 1577; x_wconf 85' lang='lat' dir='ltr'><strong>ese</strong></span> <span class='ocrx_word' id='word_1_110' title='bbox 901 1538 1007 1575; x_wconf 89' lang='lat' dir='ltr'><strong>non</strong></span> <span class='ocrx_word' id='word_1_111' title='bbox 1038 1521 1259 1576; x_wconf 90' lang='lat' dir='ltr'><strong>dubium</strong></span> <span class='ocrx_word' id='word_1_112' title='bbox 1297 1528 1409 1574; x_wconf 89' lang='lat' dir='ltr'><strong>est:</strong></span> <span class='ocrx_word' id='word_1_113' title='bbox 1439 1520 1561 1589; x_wconf 86' lang='lat' dir='ltr'><strong>quia</strong></span> <span class='ocrx_word' id='word_1_114' title='bbox 1593 1527 1647 1572; x_wconf 90' lang='lat' dir='ltr'><strong>et</strong></span> <span class='ocrx_word' id='word_1_115' title='bbox 1672 1519 1715 1572; x_wconf 91' lang='lat' dir='ltr'><strong>is</strong></span> <span class='ocrx_word' id='word_1_116' title='bbox 1742 1533 1832 1590; x_wconf 62' lang='lat' dir='ltr'><strong>qui</strong></span> 
     </span>
    </p>
   </div>
   <div class='ocr_carea' id='block_1_15' title="bbox 240 1610 1826 1680">
    <p class='ocr_par' dir='ltr' id='par_1_15' title="bbox 240 1610 1826 1680">
     <span class='ocr_line' id='line_1_15' title="bbox 240 1610 1826 1680; baseline -0.003 -11"><span class='ocrx_word' id='word_1_117' title='bbox 240 1630 503 1669; x_wconf 82' lang='lat' dir='ltr'><strong>summum</strong></span> <span class='ocrx_word' id='word_1_118' title='bbox 536 1613 711 1668; x_wconf 88' lang='lat' dir='ltr'><strong>locum</strong></span> <span class='ocrx_word' id='word_1_119' title='bbox 744 1611 1037 1666; x_wconf 83' lang='lat' dir='ltr'><strong>ascendere</strong></span> <span class='ocrx_word' id='word_1_120' title='bbox 1068 1612 1274 1677; x_wconf 85' lang='lat' dir='ltr'><strong>nititur,</strong></span> <span class='ocrx_word' id='word_1_121' title='bbox 1307 1610 1561 1680; x_wconf 82' lang='lat' dir='ltr'><strong>gradibus</strong></span> <span class='ocrx_word' id='word_1_122' title='bbox 1594 1610 1679 1664; x_wconf 90' lang='lat' dir='ltr'><strong>vel</strong></span> <span class='ocrx_word' id='word_1_123' title='bbox 1703 1626 1826 1678; x_wconf 89' lang='lat' dir='ltr'><strong>pas-</strong></span> 
     </span>
    </p>
   </div>
   <div class='ocr_carea' id='block_1_16' title="bbox 239 1701 1832 1768">
    <p class='ocr_par' dir='ltr' id='par_1_16' title="bbox 239 1701 1832 1768">
     <span class='ocr_line' id='line_1_16' title="bbox 239 1701 1832 1768; baseline -0.002 -9"><span class='ocrx_word' id='word_1_124' title='bbox 239 1706 406 1765; x_wconf 81' lang='lat' dir='ltr'><strong>sibus,</strong></span> <span class='ocrx_word' id='word_1_125' title='bbox 443 1720 551 1759; x_wconf 91' lang='lat' dir='ltr'><strong>non</strong></span> <span class='ocrx_word' id='word_1_126' title='bbox 579 1713 759 1758; x_wconf 88' lang='lat' dir='ltr'><strong>autem</strong></span> <span class='ocrx_word' id='word_1_127' title='bbox 795 1703 1040 1768; x_wconf 63' lang='lat' dir='ltr'><strong>saltibus,</strong></span> <span class='ocrx_word' id='word_1_128' title='bbox 1095 1703 1355 1758; x_wconf 85' lang='lat' dir='ltr'><strong>elevatur.</strong></span> <span class='ocrx_word' id='word_1_129' title='bbox 1406 1701 1495 1756; x_wconf 88' lang='lat' dir='ltr'><strong>Sic</strong></span> <span class='ocrx_word' id='word_1_130' title='bbox 1532 1701 1832 1757; x_wconf 86' lang='lat' dir='ltr'><strong>Israelitico</strong></span> 
     </span>
    </p>
   </div>
   <div class='ocr_carea' id='block_1_17' title="bbox 241 1789 1833 1866">
    <p class='ocr_par' dir='ltr' id='par_1_17' title="bbox 241 1789 1833 1866">
     <span class='ocr_line' id='line_1_17' title="bbox 241 1789 1833 1866; baseline -0.004 -17"><span class='ocrx_word' id='word_1_131' title='bbox 241 1794 516 1866; x_wconf 84' lang='lat' dir='ltr'><strong>populoin</strong></span> <span class='ocrx_word' id='word_1_132' title='bbox 548 1793 783 1864; x_wconf 62' lang='lat' dir='ltr'><strong>Egypto</strong></span> <span class='ocrx_word' id='word_1_133' title='bbox 816 1793 1071 1846; x_wconf 87' lang='lat' dir='ltr'><strong>Dominus</strong></span> <span class='ocrx_word' id='word_1_134' title='bbox 1100 1808 1156 1845; x_wconf 89' lang='lat' dir='ltr'><strong>se</strong></span> <span class='ocrx_word' id='word_1_135' title='bbox 1182 1791 1397 1860; x_wconf 82' lang='lat' dir='ltr'><strong>quidem</strong></span> <span class='ocrx_word' id='word_1_136' title='bbox 1442 1791 1708 1845; x_wconf 82' lang='lat' dir='ltr'><strong>innotuit:</strong></span> <span class='ocrx_word' id='word_1_137' title='bbox 1741 1789 1833 1843; x_wconf 78' lang='lat' dir='ltr'><strong>sed</strong></span> 
     </span>
    </p>
   </div>
   <div class='ocr_carea' id='block_1_18' title="bbox 244 1880 1830 1950">
    <p class='ocr_par' dir='ltr' id='par_1_18' title="bbox 244 1880 1830 1950">
     <span class='ocr_line' id='line_1_18' title="bbox 244 1880 1830 1950; baseline -0.002 -11"><span class='ocrx_word' id='word_1_138' title='bbox 244 1892 423 1939; x_wconf 84' lang='lat' dir='ltr'><strong>tamen</strong></span> <span class='ocrx_word' id='word_1_139' title='bbox 456 1885 535 1938; x_wconf 89' lang='lat' dir='ltr'><strong>eis</strong></span> <span class='ocrx_word' id='word_1_140' title='bbox 562 1883 945 1938; x_wconf 77' lang='lat' dir='ltr'><strong>sacrificiorum</strong></span> <span class='ocrx_word' id='word_1_141' title='bbox 997 1898 1182 1946; x_wconf 85' lang='lat' dir='ltr'><strong>usum,</strong></span> <span class='ocrx_word' id='word_1_142' title='bbox 1209 1897 1368 1950; x_wconf 86' lang='lat' dir='ltr'><strong>quem</strong></span> <span class='ocrx_word' id='word_1_143' title='bbox 1422 1880 1638 1935; x_wconf 89' lang='lat' dir='ltr'><strong>diabolo</strong></span> <span class='ocrx_word' id='word_1_144' title='bbox 1689 1880 1830 1936; x_wconf 88' lang='lat' dir='ltr'><strong>sole-</strong></span> 
     </span>
    </p>
   </div>
   <div class='ocr_carea' id='block_1_19' title="bbox 242 1973 1829 2043">
    <p class='ocr_par' dir='ltr' id='par_1_19' title="bbox 242 1973 1829 2043">
     <span class='ocr_line' id='line_1_19' title="bbox 242 1973 1829 2043; baseline -0.003 -13"><span class='ocrx_word' id='word_1_145' title='bbox 242 1976 373 2030; x_wconf 86' lang='lat' dir='ltr'><strong>bant</strong></span> <span class='ocrx_word' id='word_1_146' title='bbox 404 1975 683 2040; x_wconf 81' lang='lat' dir='ltr'><strong>exhibere,</strong></span> <span class='ocrx_word' id='word_1_147' title='bbox 718 1976 768 2028; x_wconf 91' lang='lat' dir='ltr'><strong>in</strong></span> <span class='ocrx_word' id='word_1_148' title='bbox 796 1975 943 2029; x_wconf 90' lang='lat' dir='ltr'><strong>cultu</strong></span> <span class='ocrx_word' id='word_1_149' title='bbox 973 1974 1192 2043; x_wconf 86' lang='lat' dir='ltr'><strong>proprio</strong></span> <span class='ocrx_word' id='word_1_150' title='bbox 1221 1974 1554 2041; x_wconf 87' lang='lat' dir='ltr'><strong>reservavit,</strong></span> <span class='ocrx_word' id='word_1_151' title='bbox 1588 1982 1645 2027; x_wconf 91' lang='lat' dir='ltr'><strong>ut</strong></span> <span class='ocrx_word' id='word_1_152' title='bbox 1673 1973 1750 2027; x_wconf 90' lang='lat' dir='ltr'><strong>eis</strong></span> <span class='ocrx_word' id='word_1_153' title='bbox 1780 1973 1829 2026; x_wconf 89' lang='lat' dir='ltr'><strong>in</strong></span> 
     </span>
    </p>
   </div>
   <div class='ocr_carea' id='block_1_20' title="bbox 241 2063 1831 2134">
    <p class='ocr_par' dir='ltr' id='par_1_20' title="bbox 241 2063 1831 2134">
     <span class='ocr_line' id='line_1_20' title="bbox 241 2063 1831 2134; baseline 0.001 -16"><span class='ocrx_word' id='word_1_154' title='bbox 241 2081 343 2119; x_wconf 75' lang='lat' dir='ltr'><strong>suo</strong></span> <span class='ocrx_word' id='word_1_155' title='bbox 374 2064 642 2119; x_wconf 84' lang='lat' dir='ltr'><strong>sacriﬁcio</strong></span> <span class='ocrx_word' id='word_1_156' title='bbox 665 2064 914 2118; x_wconf 88' lang='lat' dir='ltr'><strong>animalia</strong></span> <span class='ocrx_word' id='word_1_157' title='bbox 944 2064 1223 2119; x_wconf 86' lang='lat' dir='ltr'><strong>immolare</strong></span> <span class='ocrx_word' id='word_1_158' title='bbox 1252 2063 1569 2134; x_wconf 63' lang='lat' dir='ltr'><strong>praeciperet</strong></span> <span class='ocrx_word' id='word_1_159' title='bbox 1595 2081 1611 2118; x_wconf 87' lang='lat'><strong><em>:</em></strong></span> <span class='ocrx_word' id='word_1_160' title='bbox 1641 2072 1831 2132; x_wconf 85' lang='lat' dir='ltr'><strong>quate-</strong></span> 
     </span>
    </p>
   </div>
   <div class='ocr_carea' id='block_1_21' title="bbox 245 2155 1830 2220">
    <p class='ocr_par' dir='ltr' id='par_1_21' title="bbox 245 2155 1830 2220">
     <span class='ocr_line' id='line_1_21' title="bbox 245 2155 1830 2220; baseline 0.001 -11"><span class='ocrx_word' id='word_1_161' title='bbox 245 2171 346 2211; x_wconf 88' lang='lat' dir='ltr'><strong>nus</strong></span> <span class='ocrx_word' id='word_1_162' title='bbox 398 2165 818 2211; x_wconf 63' lang='lat' dir='ltr'><strong>roemutantes</strong></span> <span class='ocrx_word' id='word_1_163' title='bbox 874 2155 1016 2210; x_wconf 91' lang='lat' dir='ltr'><strong>aliud</strong></span> <span class='ocrx_word' id='word_1_164' title='bbox 1070 2156 1138 2210; x_wconf 73' lang='lat' dir='ltr'><strong>de</strong></span> <span class='ocrx_word' id='word_1_165' title='bbox 1189 2156 1455 2212; x_wconf 81' lang='lat' dir='ltr'><strong>sacriﬁcio</strong></span> <span class='ocrx_word' id='word_1_166' title='bbox 1500 2156 1830 2220; x_wconf 88' lang='lat' dir='ltr'><strong>amitterent,</strong></span> 
     </span>
    </p>
   </div>
   <div class='ocr_carea' id='block_1_22' title="bbox 244 2244 1835 2316">
    <p class='ocr_par' dir='ltr' id='par_1_22' title="bbox 244 2244 1835 2316">
     <span class='ocr_line' id='line_1_22' title="bbox 244 2244 1835 2316; baseline 0.001 -19"><span class='ocrx_word' id='word_1_167' title='bbox 244 2244 384 2299; x_wconf 86' lang='lat' dir='ltr'><strong>aliud</strong></span> <span class='ocrx_word' id='word_1_168' title='bbox 409 2246 732 2311; x_wconf 71' lang='lat' dir='ltr'><strong>retinerent,</strong></span> <span class='ocrx_word' id='word_1_169' title='bbox 766 2253 824 2299; x_wconf 92' lang='lat' dir='ltr'><strong>ut</strong></span> <span class='ocrx_word' id='word_1_170' title='bbox 849 2245 952 2301; x_wconf 84' lang='lat' dir='ltr'><strong>etsi</strong></span> <span class='ocrx_word' id='word_1_171' title='bbox 976 2246 1089 2315; x_wconf 88' lang='lat' dir='ltr'><strong>ipsa</strong></span> <span class='ocrx_word' id='word_1_172' title='bbox 1119 2254 1301 2300; x_wconf 89' lang='lat' dir='ltr'><strong>essent</strong></span> <span class='ocrx_word' id='word_1_173' title='bbox 1329 2245 1579 2300; x_wconf 88' lang='lat' dir='ltr'><strong>animalia</strong></span> <span class='ocrx_word' id='word_1_174' title='bbox 1609 2261 1727 2316; x_wconf 81' lang='lat' dir='ltr'><strong>quae</strong></span> <span class='ocrx_word' id='word_1_175' title='bbox 1755 2246 1835 2301; x_wconf 91' lang='lat' dir='ltr'><strong>of-</strong></span> 
     </span>
    </p>
   </div>
   <div class='ocr_carea' id='block_1_23' title="bbox 245 2337 1832 2403">
    <p class='ocr_par' dir='ltr' id='par_1_23' title="bbox 245 2337 1832 2403">
     <span class='ocr_line' id='line_1_23' title="bbox 245 2337 1832 2403; baseline 0.003 -14"><span class='ocrx_word' id='word_1_176' title='bbox 245 2337 385 2391; x_wconf 83' lang='lat' dir='ltr'><strong>ferre</strong></span> <span class='ocrx_word' id='word_1_177' title='bbox 408 2346 820 2403; x_wconf 87' lang='lat' dir='ltr'><strong>consueverant,</strong></span> <span class='ocrx_word' id='word_1_178' title='bbox 856 2353 983 2392; x_wconf 89' lang='lat' dir='ltr'><strong>vero</strong></span> <span class='ocrx_word' id='word_1_179' title='bbox 1018 2348 1194 2391; x_wconf 89' lang='lat' dir='ltr'><strong>tamen</strong></span> <span class='ocrx_word' id='word_1_180' title='bbox 1219 2339 1329 2393; x_wconf 91' lang='lat' dir='ltr'><strong>Deo</strong></span> <span class='ocrx_word' id='word_1_181' title='bbox 1354 2338 1471 2394; x_wconf 65' lang='lat' dir='ltr'><strong>hare</strong></span> <span class='ocrx_word' id='word_1_182' title='bbox 1497 2347 1551 2393; x_wconf 91' lang='lat' dir='ltr'><strong>et</strong></span> <span class='ocrx_word' id='word_1_183' title='bbox 1583 2355 1689 2393; x_wconf 89' lang='lat' dir='ltr'><strong>non</strong></span> <span class='ocrx_word' id='word_1_184' title='bbox 1714 2339 1832 2393; x_wconf 53' lang='lat' dir='ltr'><strong>illo.</strong></span> 
     </span>
    </p>
   </div>
   <div class='ocr_carea' id='block_1_24' title="bbox 246 2427 1836 2499">
    <p class='ocr_par' dir='ltr' id='par_1_24' title="bbox 246 2427 1836 2499">
     <span class='ocr_line' id='line_1_24' title="bbox 246 2427 1836 2499; baseline 0.003 -19"><span class='ocrx_word' id='word_1_185' title='bbox 246 2427 311 2481; x_wconf 85' lang='lat' dir='ltr'><strong>lis</strong></span> <span class='ocrx_word' id='word_1_186' title='bbox 338 2427 696 2494; x_wconf 83' lang='lat' dir='ltr'><strong>immolantes,</strong></span> <span class='ocrx_word' id='word_1_187' title='bbox 731 2428 841 2497; x_wconf 90' lang='lat' dir='ltr'><strong>jam</strong></span> <span class='ocrx_word' id='word_1_188' title='bbox 868 2430 1129 2487; x_wconf 79' lang='lat' dir='ltr'><strong>sacrificia</strong></span> <span class='ocrx_word' id='word_1_189' title='bbox 1161 2430 1274 2499; x_wconf 86' lang='lat' dir='ltr'><strong>ipsa</strong></span> <span class='ocrx_word' id='word_1_190' title='bbox 1300 2446 1403 2485; x_wconf 90' lang='lat' dir='ltr'><strong>non</strong></span> <span class='ocrx_word' id='word_1_191' title='bbox 1456 2440 1660 2485; x_wconf 63' lang='lat'><strong>8358!&quot;.</strong></span> <span class='ocrx_word' id='word_1_192' title='bbox 1710 2430 1836 2485; x_wconf 55' lang='lat' dir='ltr'><strong>Haec</strong></span> 
     </span>
    </p>
   </div>
   <div class='ocr_carea' id='block_1_25' title="bbox 248 2520 1831 2591">
    <p class='ocr_par' dir='ltr' id='par_1_25' title="bbox 248 2520 1831 2591">
     <span class='ocr_line' id='line_1_25' title="bbox 248 2520 1831 2591; baseline 0.001 -16"><span class='ocrx_word' id='word_1_193' title='bbox 248 2521 410 2588; x_wconf 78' lang='lat' dir='ltr'><strong>igitur</strong></span> <span class='ocrx_word' id='word_1_194' title='bbox 439 2521 784 2575; x_wconf 86' lang='lat' dir='ltr'><strong>di&#39;ectiouetn</strong></span> <span class='ocrx_word' id='word_1_195' title='bbox 832 2531 975 2575; x_wconf 91' lang='lat' dir='ltr'><strong>tuam</strong></span> <span class='ocrx_word' id='word_1_196' title='bbox 1002 2523 1257 2591; x_wconf 75' lang='lat' dir='ltr'><strong>praedicto</strong></span> <span class='ocrx_word' id='word_1_197' title='bbox 1288 2520 1434 2576; x_wconf 85' lang='lat' dir='ltr'><strong>fratri</strong></span> <span class='ocrx_word' id='word_1_198' title='bbox 1467 2537 1690 2577; x_wconf 85' lang='lat' dir='ltr'><strong>necesse</strong></span> <span class='ocrx_word' id='word_1_199' title='bbox 1744 2532 1831 2577; x_wconf 84' lang='lat' dir='ltr'><strong>est</strong></span> 
     </span>
    </p>
   </div>
   <div class='ocr_carea' id='block_1_26' title="bbox 247 2612 1837 2683">
    <p class='ocr_par' dir='ltr' id='par_1_26' title="bbox 247 2612 1837 2683">
     <span class='ocr_line' id='line_1_26' title="bbox 247 2612 1837 2683; baseline 0.001 -18"><span class='ocrx_word' id='word_1_200' title='bbox 247 2613 428 2666; x_wconf 82' lang='lat' dir='ltr'><strong>dicere</strong></span> <span class='ocrx_word' id='word_1_201' title='bbox 454 2655 470 2679; x_wconf 94' lang='lat'><strong>,</strong></span> <span class='ocrx_word' id='word_1_202' title='bbox 516 2620 575 2665; x_wconf 91' lang='lat' dir='ltr'><strong>ut</strong></span> <span class='ocrx_word' id='word_1_203' title='bbox 605 2612 721 2681; x_wconf 82' lang='lat' dir='ltr'><strong>ipse</strong></span> <span class='ocrx_word' id='word_1_204' title='bbox 777 2613 829 2665; x_wconf 90' lang='lat' dir='ltr'><strong>in</strong></span> <span class='ocrx_word' id='word_1_205' title='bbox 861 2614 1109 2682; x_wconf 65' lang='lat' dir='ltr'><strong>pra-senti</strong></span> <span class='ocrx_word' id='word_1_206' title='bbox 1141 2613 1247 2667; x_wconf 89' lang='lat' dir='ltr'><strong>illic</strong></span> <span class='ocrx_word' id='word_1_207' title='bbox 1275 2613 1485 2682; x_wconf 83' lang='lat' dir='ltr'><strong>positus</strong></span> <span class='ocrx_word' id='word_1_208' title='bbox 1539 2614 1837 2683; x_wconf 70' lang='lat' dir='ltr'><strong>perpendat</strong></span> 
     </span>
    </p>
   </div>
   <div class='ocr_carea' id='block_1_27' title="bbox 245 2702 1833 2771">
    <p class='ocr_par' dir='ltr' id='par_1_27' title="bbox 245 2702 1833 2771">
     <span class='ocr_line' id='line_1_27' title="bbox 245 2702 1833 2771; baseline 0.002 -18"><span class='ocrx_word' id='word_1_209' title='bbox 245 2702 477 2769; x_wconf 81' lang='lat' dir='ltr'><strong>qualiter</strong></span> <span class='ocrx_word' id='word_1_210' title='bbox 496 2702 675 2755; x_wconf 91' lang='lat' dir='ltr'><strong>omnia</strong></span> <span class='ocrx_word' id='word_1_211' title='bbox 715 2702 911 2756; x_wconf 87' lang='lat' dir='ltr'><strong>debeat</strong></span> <span class='ocrx_word' id='word_1_212' title='bbox 940 2703 1274 2771; x_wconf 86' lang='lat' dir='ltr'><strong>dispensare.</strong></span> <span class='ocrx_word' id='word_1_213' title='bbox 1312 2703 1454 2757; x_wconf 91' lang='lat' dir='ltr'><strong>Deus</strong></span> <span class='ocrx_word' id='word_1_214' title='bbox 1515 2712 1567 2757; x_wconf 86' lang='lat' dir='ltr'><strong>te</strong></span> <span class='ocrx_word' id='word_1_215' title='bbox 1622 2703 1833 2757; x_wconf 88' lang='lat' dir='ltr'><strong>incolu-</strong></span> 
     </span>
    </p>
   </div>
   <div class='ocr_carea' id='block_1_28' title="bbox 246 2792 1830 2863">
    <p class='ocr_par' dir='ltr' id='par_1_28' title="bbox 246 2792 1830 2863">
     <span class='ocr_line' id='line_1_28' title="bbox 246 2792 1830 2863; baseline -0.001 -16"><span class='ocrx_word' id='word_1_216' title='bbox 246 2807 390 2847; x_wconf 89' lang='lat' dir='ltr'><strong>mem</strong></span> <span class='ocrx_word' id='word_1_217' title='bbox 426 2793 711 2857; x_wconf 89' lang='lat' dir='ltr'><strong>custodiat,</strong></span> <span class='ocrx_word' id='word_1_218' title='bbox 759 2792 1104 2848; x_wconf 85' lang='lat' dir='ltr'><strong>dilectissime</strong></span> <span class='ocrx_word' id='word_1_219' title='bbox 1134 2792 1226 2847; x_wconf 85' lang='lat' dir='ltr'><strong>lili.</strong></span> <span class='ocrx_word' id='word_1_220' title='bbox 1256 2792 1388 2847; x_wconf 88' lang='lat' dir='ltr'><strong>Data</strong></span> <span class='ocrx_word' id='word_1_221' title='bbox 1413 2794 1498 2847; x_wconf 90' lang='lat' dir='ltr'><strong>die</strong></span> <span class='ocrx_word' id='word_1_222' title='bbox 1528 2795 1716 2863; x_wconf 90' lang='lat' dir='ltr'><strong>quinto</strong></span> <span class='ocrx_word' id='word_1_223' title='bbox 1740 2792 1830 2846; x_wconf 81' lang='lat' dir='ltr'><strong>de-</strong></span> 
     </span>
    </p>
   </div>
   <div class='ocr_carea' id='block_1_29' title="bbox 245 2879 1838 2955">
    <p class='ocr_par' dir='ltr' id='par_1_29' title="bbox 245 2879 1838 2955">
     <span class='ocr_line' id='line_1_29' title="bbox 245 2879 1838 2955; baseline 0.003 -21"><span class='ocrx_word' id='word_1_224' title='bbox 245 2880 389 2934; x_wconf 92' lang='lat' dir='ltr'><strong>cimo</strong></span> <span class='ocrx_word' id='word_1_225' title='bbox 407 2879 763 2936; x_wconf 82' lang='lat' dir='ltr'><strong>Kalendarum</strong></span> <span class='ocrx_word' id='word_1_226' title='bbox 796 2882 1153 2950; x_wconf 85' lang='lat' dir='ltr'><strong>Augustarum</strong></span> <span class='ocrx_word' id='word_1_227' title='bbox 1178 2882 1307 2955; x_wconf 83' lang='lat' dir='ltr'><strong>[Al.,</strong></span> <span class='ocrx_word' id='word_1_228' title='bbox 1340 2881 1644 2951; x_wconf 67' lang='lat' dir='ltr'><strong>Iuliarum],</strong></span> <span class='ocrx_word' id='word_1_229' title='bbox 1677 2885 1838 2951; x_wconf 88' lang='lat' dir='ltr'><strong>impe-</strong></span> 
     </span>
    </p>
   </div>
   <div class='ocr_carea' id='block_1_30' title="bbox 249 2970 1836 3042">
    <p class='ocr_par' dir='ltr' id='par_1_30' title="bbox 249 2970 1836 3042">
     <span class='ocr_line' id='line_1_30' title="bbox 249 2970 1836 3042; baseline 0.003 -19"><span class='ocrx_word' id='word_1_230' title='bbox 249 2978 403 3024; x_wconf 83' lang='lat' dir='ltr'><strong>rante</strong></span> <span class='ocrx_word' id='word_1_231' title='bbox 423 2970 643 3025; x_wconf 87' lang='lat' dir='ltr'><strong>domino</strong></span> <span class='ocrx_word' id='word_1_232' title='bbox 685 2980 871 3026; x_wconf 89' lang='lat' dir='ltr'><strong>nostro</strong></span> <span class='ocrx_word' id='word_1_233' title='bbox 899 2971 1155 3027; x_wconf 85' lang='lat' dir='ltr'><strong>Mauricio</strong></span> <span class='ocrx_word' id='word_1_234' title='bbox 1187 2972 1402 3028; x_wconf 89' lang='lat' dir='ltr'><strong>Tiberio</strong></span> <span class='ocrx_word' id='word_1_235' title='bbox 1457 2973 1696 3042; x_wconf 87' lang='lat' dir='ltr'><strong>piissimo</strong></span> <span class='ocrx_word' id='word_1_236' title='bbox 1742 2990 1836 3027; x_wconf 87' lang='lat' dir='ltr'><strong>au-</strong></span> 
     </span>
    </p>
   </div>
   <div class='ocr_carea' id='block_1_31' title="bbox 246 3049 1835 3134">
    <p class='ocr_par' dir='ltr' id='par_1_31' title="bbox 246 3049 1835 3134">
     <span class='ocr_line' id='line_1_31' title="bbox 246 3049 1835 3134; baseline 0.001 -18"><span class='ocrx_word' id='word_1_237' title='bbox 246 3069 429 3130; x_wconf 84' lang='lat' dir='ltr'><strong>gusto,</strong></span> <span class='ocrx_word' id='word_1_238' title='bbox 461 3078 605 3117; x_wconf 90' lang='lat' dir='ltr'><strong>anno</strong></span> <span class='ocrx_word' id='word_1_239' title='bbox 628 3078 774 3118; x_wconf 90' lang='lat' dir='ltr'><strong>nono</strong></span> <span class='ocrx_word' id='word_1_240' title='bbox 799 3049 1034 3126; x_wconf 70' lang='lat' dir='ltr'><strong>decimo,</strong></span> <span class='ocrx_word' id='word_1_241' title='bbox 1064 3074 1189 3134; x_wconf 87' lang='lat' dir='ltr'><strong>post</strong></span> <span class='ocrx_word' id='word_1_242' title='bbox 1217 3065 1556 3120; x_wconf 82' lang='lat' dir='ltr'><strong>consulatum</strong></span> <span class='ocrx_word' id='word_1_243' title='bbox 1597 3065 1835 3134; x_wconf 85' lang='lat' dir='ltr'><strong>ejusdem</strong></span> 
     </span>
    </p>
   </div>
   <div class='ocr_carea' id='block_1_32' title="bbox 246 3153 1655 3224">
    <p class='ocr_par' dir='ltr' id='par_1_32' title="bbox 246 3153 1655 3224">
     <span class='ocr_line' id='line_1_32' title="bbox 246 3153 1655 3224; baseline 0.002 -18"><span class='ocrx_word' id='word_1_244' title='bbox 246 3153 459 3207; x_wconf 83' lang='lat' dir='ltr'><strong>domini</strong></span> <span class='ocrx_word' id='word_1_245' title='bbox 487 3169 629 3209; x_wconf 89' lang='lat' dir='ltr'><strong>anno</strong></span> <span class='ocrx_word' id='word_1_246' title='bbox 658 3163 856 3210; x_wconf 90' lang='lat' dir='ltr'><strong>octavo</strong></span> <span class='ocrx_word' id='word_1_247' title='bbox 885 3156 1115 3221; x_wconf 84' lang='lat' dir='ltr'><strong>decimo,</strong></span> <span class='ocrx_word' id='word_1_248' title='bbox 1136 3156 1429 3211; x_wconf 81' lang='lat' dir='ltr'><strong>indictione</strong></span> <span class='ocrx_word' id='word_1_249' title='bbox 1446 3166 1655 3224; x_wconf 83' lang='lat' dir='ltr'><strong>quarta.</strong></span> 
     </span>
    </p>
   </div>
   <div class='ocr_carea' id='block_1_33' title="bbox 879 3277 1221 3333">
    <p class='ocr_par' dir='ltr' id='par_1_33' title="bbox 879 3277 1221 3333">
     <span class='ocr_line' id='line_1_33' title="bbox 879 3277 1221 3333; baseline 0 0"><span class='ocrx_word' id='word_1_250' title='bbox 879 3277 1106 3333; x_wconf 84' lang='lat' dir='ltr'><strong>CAPUT</strong></span> <span class='ocrx_word' id='word_1_251' title='bbox 1133 3277 1221 3333; x_wconf 90' lang='lat' dir='ltr'><strong>lll.</strong></span> 
     </span>
    </p>
   </div>
   <div class='ocr_carea' id='block_1_34' title="bbox 255 3388 1838 3460">
    <p class='ocr_par' dir='ltr' id='par_1_34' title="bbox 255 3388 1838 3460">
     <span class='ocr_line' id='line_1_34' title="bbox 255 3388 1838 3460; baseline -0.001 -16"><span class='ocrx_word' id='word_1_252' title='bbox 255 3388 517 3444; x_wconf 72' lang='lat' dir='ltr'><strong>Hiracula</strong></span> <span class='ocrx_word' id='word_1_253' title='bbox 546 3398 773 3460; x_wconf 85' lang='lat' dir='ltr'><strong>patrata.</strong></span> <span class='ocrx_word' id='word_1_254' title='bbox 801 3388 1050 3459; x_wconf 78' lang='lat' dir='ltr'><strong>Epistolre</strong></span> <span class='ocrx_word' id='word_1_255' title='bbox 1070 3391 1235 3443; x_wconf 80' lang='lat' dir='ltr'><strong>sancti</strong></span> <span class='ocrx_word' id='word_1_256' title='bbox 1265 3388 1685 3459; x_wconf 68' lang='lat' dir='ltr'><strong>Gregoriipasa&#39;.</strong></span> <span class='ocrx_word' id='word_1_257' title='bbox 1711 3389 1838 3443; x_wconf 80' lang='lat' dir='ltr'><strong>Acta</strong></span> 
     </span>
    </p>
   </div>
   <div class='ocr_carea' id='block_1_35' title="bbox 640 3460 1440 3514">
    <p class='ocr_par' dir='ltr' id='par_1_35' title="bbox 640 3460 1440 3514">
     <span class='ocr_line' id='line_1_35' title="bbox 640 3460 1440 3514; baseline 0 -1"><span class='ocrx_word' id='word_1_258' title='bbox 640 3477 750 3514; x_wconf 74' lang='lat' dir='ltr'><strong>sum</strong></span> <span class='ocrx_word' id='word_1_259' title='bbox 784 3460 1080 3514; x_wconf 80' lang='lat' dir='ltr'><strong>Britonibus</strong></span> <span class='ocrx_word' id='word_1_260' title='bbox 1111 3460 1440 3514; x_wconf 79' lang='lat' dir='ltr'><strong>Christianis.</strong></span> 
     </span>
    </p>
   </div>
   <div class='ocr_carea' id='block_1_36' title="bbox 326 3576 1835 3643">
    <p class='ocr_par' dir='ltr' id='par_1_36' title="bbox 326 3576 1835 3643">
     <span class='ocr_line' id='line_1_36' title="bbox 326 3576 1835 3643; baseline -0.001 -13"><span class='ocrx_word' id='word_1_261' title='bbox 326 3576 418 3631; x_wconf 76' lang='lat'><strong>28.</strong></span> <span class='ocrx_word' id='word_1_262' title='bbox 460 3576 612 3633; x_wconf 87' lang='lat' dir='ltr'><strong>Tunc</strong></span> <span class='ocrx_word' id='word_1_263' title='bbox 642 3585 802 3630; x_wconf 80' lang='lat' dir='ltr'><strong>etiam</strong></span> <span class='ocrx_word' id='word_1_264' title='bbox 834 3576 1029 3630; x_wconf 90' lang='lat' dir='ltr'><strong>auditis</strong></span> <span class='ocrx_word' id='word_1_265' title='bbox 1080 3584 1159 3631; x_wconf 90' lang='lat' dir='ltr'><strong>tot</strong></span> <span class='ocrx_word' id='word_1_266' title='bbox 1186 3585 1401 3643; x_wconf 84' lang='lat' dir='ltr'><strong>tamque</strong></span> <span class='ocrx_word' id='word_1_267' title='bbox 1440 3576 1665 3629; x_wconf 76' lang='lat' dir='ltr'><strong>assrdurs</strong></span> <span class='ocrx_word' id='word_1_268' title='bbox 1692 3576 1835 3629; x_wconf 69' lang='lat' dir='ltr'><strong>beati</strong></span> 
     </span>
    </p>
   </div>
   <div class='ocr_carea' id='block_1_37' title="bbox 248 3665 1841 3736">
    <p class='ocr_par' dir='ltr' id='par_1_37' title="bbox 248 3665 1841 3736">
     <span class='ocr_line' id='line_1_37' title="bbox 248 3665 1841 3736; baseline -0.001 -15"><span class='ocrx_word' id='word_1_269' title='bbox 248 3668 532 3736; x_wconf 77' lang='lat' dir='ltr'><strong>Augustini</strong></span> <span class='ocrx_word' id='word_1_270' title='bbox 561 3667 849 3729; x_wconf 86' lang='lat' dir='ltr'><strong>miraculis,</strong></span> <span class='ocrx_word' id='word_1_271' title='bbox 881 3666 1018 3721; x_wconf 86' lang='lat' dir='ltr'><strong>sicut</strong></span> <span class='ocrx_word' id='word_1_272' title='bbox 1052 3666 1290 3735; x_wconf 89' lang='lat' dir='ltr'><strong>gaudens</strong></span> <span class='ocrx_word' id='word_1_273' title='bbox 1318 3666 1369 3719; x_wconf 88' lang='lat' dir='ltr'><strong>in</strong></span> <span class='ocrx_word' id='word_1_274' title='bbox 1398 3665 1608 3718; x_wconf 87' lang='lat' dir='ltr'><strong>laudem</strong></span> <span class='ocrx_word' id='word_1_275' title='bbox 1634 3666 1726 3719; x_wconf 90' lang='lat' dir='ltr'><strong>Dei</strong></span> <span class='ocrx_word' id='word_1_276' title='bbox 1754 3683 1841 3719; x_wconf 71' lang='lat' dir='ltr'><strong>en-</strong></span> 
     </span>
    </p>
   </div>
   <div class='ocr_carea' id='block_1_38' title="bbox 248 3757 1840 3823">
    <p class='ocr_par' dir='ltr' id='par_1_38' title="bbox 248 3757 1840 3823">
     <span class='ocr_line' id='line_1_38' title="bbox 248 3757 1840 3823; baseline -0.003 -8"><span class='ocrx_word' id='word_1_277' title='bbox 248 3759 505 3823; x_wconf 85' lang='lat' dir='ltr'><strong>clamitat,</strong></span> <span class='ocrx_word' id='word_1_278' title='bbox 538 3760 610 3813; x_wconf 89' lang='lat' dir='ltr'><strong>ita</strong></span> <span class='ocrx_word' id='word_1_279' title='bbox 632 3759 825 3813; x_wconf 88' lang='lat' dir='ltr'><strong>timens</strong></span> <span class='ocrx_word' id='word_1_280' title='bbox 848 3758 1093 3812; x_wconf 73' lang='lat' dir='ltr'><strong>humana:</strong></span> <span class='ocrx_word' id='word_1_281' title='bbox 1123 3757 1474 3811; x_wconf 89' lang='lat' dir='ltr'><strong>imbecillitati</strong></span> <span class='ocrx_word' id='word_1_282' title='bbox 1517 3773 1584 3811; x_wconf 91' lang='lat' dir='ltr'><strong>ne</strong></span> <span class='ocrx_word' id='word_1_283' title='bbox 1615 3758 1840 3811; x_wconf 89' lang='lat' dir='ltr'><strong>insoles-</strong></span> 
     </span>
    </p>
   </div>
   <div class='ocr_carea' id='block_1_39' title="bbox 256 3848 1832 3919">
    <p class='ocr_par' dir='ltr' id='par_1_39' title="bbox 256 3848 1832 3919">
     <span class='ocr_line' id='line_1_39' title="bbox 256 3848 1832 3919; baseline -0.002 -14"><span class='ocrx_word' id='word_1_284' title='bbox 256 3858 367 3916; x_wconf 87' lang='lat' dir='ltr'><strong>cat,</strong></span> <span class='ocrx_word' id='word_1_285' title='bbox 398 3850 499 3903; x_wconf 89' lang='lat' dir='ltr'><strong>hac</strong></span> <span class='ocrx_word' id='word_1_286' title='bbox 546 3850 693 3904; x_wconf 90' lang='lat' dir='ltr'><strong>illum</strong></span> <span class='ocrx_word' id='word_1_287' title='bbox 746 3849 975 3919; x_wconf 86' lang='lat' dir='ltr'><strong>epistola</strong></span> <span class='ocrx_word' id='word_1_288' title='bbox 1016 3857 1343 3919; x_wconf 89' lang='lat' dir='ltr'><strong>attemperat</strong></span> <span class='ocrx_word' id='word_1_289' title='bbox 1372 3849 1511 3919; x_wconf 82' lang='lat' dir='ltr'><strong>(Lib.</strong></span> <span class='ocrx_word' id='word_1_290' title='bbox 1546 3865 1619 3911; x_wconf 78' lang='lat' dir='ltr'><strong>rx,</strong></span> <span class='ocrx_word' id='word_1_291' title='bbox 1666 3848 1832 3918; x_wconf 79' lang='lat' dir='ltr'><strong>Epist.</strong></span> 
     </span>
    </p>
   </div>
   <div class='ocr_carea' id='block_1_40' title="bbox 246 3939 1835 4009">
    <p class='ocr_par' dir='ltr' id='par_1_40' title="bbox 246 3939 1835 4009">
     <span class='ocr_line' id='line_1_40' title="bbox 246 3939 1835 4009; baseline -0.003 -14"><span class='ocrx_word' id='word_1_292' title='bbox 246 3939 367 4009; x_wconf 74' lang='lat'><strong>58):</strong></span> <span class='ocrx_word' id='word_1_293' title='bbox 422 3940 605 3995; x_wconf 88' lang='lat' dir='ltr'><strong>Gloria</strong></span> <span class='ocrx_word' id='word_1_294' title='bbox 635 3941 688 3994; x_wconf 90' lang='lat' dir='ltr'><strong>in</strong></span> <span class='ocrx_word' id='word_1_295' title='bbox 712 3940 938 3995; x_wconf 83' lang='lat' dir='ltr'><strong>excelsis</strong></span> <span class='ocrx_word' id='word_1_296' title='bbox 967 3939 1099 4005; x_wconf 90' lang='lat' dir='ltr'><strong>Deo,</strong></span> <span class='ocrx_word' id='word_1_297' title='bbox 1131 3948 1179 3993; x_wconf 90' lang='lat' dir='ltr'><strong>et</strong></span> <span class='ocrx_word' id='word_1_298' title='bbox 1211 3940 1261 3993; x_wconf 91' lang='lat' dir='ltr'><strong>in</strong></span> <span class='ocrx_word' id='word_1_299' title='bbox 1293 3949 1436 3993; x_wconf 88' lang='lat' dir='ltr'><strong>terra</strong></span> <span class='ocrx_word' id='word_1_300' title='bbox 1471 3955 1573 4008; x_wconf 70' lang='lat' dir='ltr'><strong>pax</strong></span> <span class='ocrx_word' id='word_1_301' title='bbox 1605 3940 1835 3993; x_wconf 91' lang='lat' dir='ltr'><strong>homini-</strong></span> 
     </span>
    </p>
   </div>
   <div class='ocr_carea' id='block_1_41' title="bbox 247 4028 1836 4099">
    <p class='ocr_par' dir='ltr' id='par_1_41' title="bbox 247 4028 1836 4099">
     <span class='ocr_line' id='line_1_41' title="bbox 247 4028 1836 4099; baseline -0.002 -14"><span class='ocrx_word' id='word_1_302' title='bbox 247 4030 349 4086; x_wconf 89' lang='lat' dir='ltr'><strong>bus</strong></span> <span class='ocrx_word' id='word_1_303' title='bbox 380 4031 534 4085; x_wconf 74' lang='lat' dir='ltr'><strong>bouae</strong></span> <span class='ocrx_word' id='word_1_304' title='bbox 566 4031 880 4096; x_wconf 75' lang='lat' dir='ltr'><strong>voluntatis,</strong></span> <span class='ocrx_word' id='word_1_305' title='bbox 906 4030 1029 4099; x_wconf 86' lang='lat' dir='ltr'><strong>quia</strong></span> <span class='ocrx_word' id='word_1_306' title='bbox 1060 4044 1285 4097; x_wconf 84' lang='lat' dir='ltr'><strong>granum</strong></span> <span class='ocrx_word' id='word_1_307' title='bbox 1333 4029 1585 4083; x_wconf 85' lang='lat' dir='ltr'><strong>frumenti</strong></span> <span class='ocrx_word' id='word_1_308' title='bbox 1635 4028 1836 4083; x_wconf 89' lang='lat' dir='ltr'><strong>cadens</strong></span> 
     </span>
    </p>
   </div>
   <div class='ocr_carea' id='block_1_42' title="bbox 249 4120 1835 4191">
    <p class='ocr_par' dir='ltr' id='par_1_42' title="bbox 249 4120 1835 4191">
     <span class='ocr_line' id='line_1_42' title="bbox 249 4120 1835 4191; baseline -0.001 -16"><span class='ocrx_word' id='word_1_309' title='bbox 249 4121 300 4176; x_wconf 90' lang='lat' dir='ltr'><strong>in</strong></span> <span class='ocrx_word' id='word_1_310' title='bbox 335 4131 475 4176; x_wconf 88' lang='lat' dir='ltr'><strong>terra</strong></span> <span class='ocrx_word' id='word_1_311' title='bbox 509 4130 778 4176; x_wconf 86' lang='lat' dir='ltr'><strong>mortuum</strong></span> <span class='ocrx_word' id='word_1_312' title='bbox 810 4133 911 4191; x_wconf 88' lang='lat' dir='ltr'><strong>est,</strong></span> <span class='ocrx_word' id='word_1_313' title='bbox 962 4138 1029 4177; x_wconf 90' lang='lat' dir='ltr'><strong>ne</strong></span> <span class='ocrx_word' id='word_1_314' title='bbox 1058 4122 1229 4176; x_wconf 90' lang='lat' dir='ltr'><strong>solum</strong></span> <span class='ocrx_word' id='word_1_315' title='bbox 1278 4128 1528 4191; x_wconf 82' lang='lat' dir='ltr'><strong>regnaret</strong></span> <span class='ocrx_word' id='word_1_316' title='bbox 1576 4123 1627 4175; x_wconf 88' lang='lat' dir='ltr'><strong>in</strong></span> <span class='ocrx_word' id='word_1_317' title='bbox 1674 4120 1835 4188; x_wconf 75' lang='lat' dir='ltr'><strong>etelo,</strong></span> 
     </span>
    </p>
   </div>
   <div class='ocr_carea' id='block_1_43' title="bbox 248 4210 1833 4280">
    <p class='ocr_par' dir='ltr' id='par_1_43' title="bbox 248 4210 1833 4280">
     <span class='ocr_line' id='line_1_43' title="bbox 248 4210 1833 4280; baseline -0.003 -14"><span class='ocrx_word' id='word_1_318' title='bbox 248 4213 405 4279; x_wconf 87' lang='lat' dir='ltr'><strong>cujus</strong></span> <span class='ocrx_word' id='word_1_319' title='bbox 457 4221 636 4267; x_wconf 90' lang='lat' dir='ltr'><strong>morte</strong></span> <span class='ocrx_word' id='word_1_320' title='bbox 663 4212 925 4276; x_wconf 83' lang='lat' dir='ltr'><strong>vivimus,</strong></span> <span class='ocrx_word' id='word_1_321' title='bbox 957 4212 1109 4280; x_wconf 88' lang='lat' dir='ltr'><strong>cujus</strong></span> <span class='ocrx_word' id='word_1_322' title='bbox 1158 4210 1465 4266; x_wconf 85' lang='lat' dir='ltr'><strong>infirmitate</strong></span> <span class='ocrx_word' id='word_1_323' title='bbox 1495 4211 1833 4276; x_wconf 85' lang='lat' dir='ltr'><strong>roborantur,</strong></span> 
     </span>
    </p>
   </div>
   <div class='ocr_carea' id='block_1_44' title="bbox 245 4301 1836 4372">
    <p class='ocr_par' dir='ltr' id='par_1_44' title="bbox 245 4301 1836 4372">
     <span class='ocr_line' id='line_1_44' title="bbox 245 4301 1836 4372; baseline -0.003 -13"><span class='ocrx_word' id='word_1_324' title='bbox 245 4303 401 4371; x_wconf 89' lang='lat' dir='ltr'><strong>cujus</strong></span> <span class='ocrx_word' id='word_1_325' title='bbox 428 4303 678 4372; x_wconf 79' lang='lat' dir='ltr'><strong>passione</strong></span> <span class='ocrx_word' id='word_1_326' title='bbox 726 4318 755 4356; x_wconf 86' lang='lat' dir='ltr'><strong>a</strong></span> <span class='ocrx_word' id='word_1_327' title='bbox 787 4303 1041 4372; x_wconf 89' lang='lat' dir='ltr'><strong>passione</strong></span> <span class='ocrx_word' id='word_1_328' title='bbox 1086 4303 1407 4368; x_wconf 79' lang='lat' dir='ltr'><strong>cximimur,</strong></span> <span class='ocrx_word' id='word_1_329' title='bbox 1447 4301 1599 4370; x_wconf 91' lang='lat' dir='ltr'><strong>cujus</strong></span> <span class='ocrx_word' id='word_1_330' title='bbox 1653 4318 1836 4356; x_wconf 90' lang='lat' dir='ltr'><strong>amore</strong></span> 
     </span>
    </p>
   </div>
   <div class='ocr_carea' id='block_1_45' title="bbox 249 4392 1831 4462">
    <p class='ocr_par' dir='ltr' id='par_1_45' title="bbox 249 4392 1831 4462">
     <span class='ocr_line' id='line_1_45' title="bbox 249 4392 1831 4462; baseline 0.001 -16"><span class='ocrx_word' id='word_1_331' title='bbox 249 4393 302 4446; x_wconf 91' lang='lat' dir='ltr'><strong>in</strong></span> <span class='ocrx_word' id='word_1_332' title='bbox 336 4392 612 4447; x_wconf 86' lang='lat' dir='ltr'><strong>Britannia</strong></span> <span class='ocrx_word' id='word_1_333' title='bbox 664 4393 859 4447; x_wconf 86' lang='lat' dir='ltr'><strong>fratres</strong></span> <span class='ocrx_word' id='word_1_334' title='bbox 911 4394 1204 4462; x_wconf 65' lang='lat' dir='ltr'><strong>qurerimus</strong></span> <span class='ocrx_word' id='word_1_335' title='bbox 1242 4408 1379 4461; x_wconf 85' lang='lat' dir='ltr'><strong>quos</strong></span> <span class='ocrx_word' id='word_1_336' title='bbox 1430 4393 1831 4461; x_wconf 80' lang='lat' dir='ltr'><strong>ignorabamus,</strong></span> 
     </span>
    </p>
   </div>
   <div class='ocr_carea' id='block_1_46' title="bbox 246 4484 1833 4555">
    <p class='ocr_par' dir='ltr' id='par_1_46' title="bbox 246 4484 1833 4555">
     <span class='ocr_line' id='line_1_46' title="bbox 246 4484 1833 4555; baseline -0.001 -17"><span class='ocrx_word' id='word_1_337' title='bbox 246 4484 402 4553; x_wconf 87' lang='lat' dir='ltr'><strong>cujus</strong></span> <span class='ocrx_word' id='word_1_338' title='bbox 426 4499 652 4541; x_wconf 85' lang='lat' dir='ltr'><strong>munere</strong></span> <span class='ocrx_word' id='word_1_339' title='bbox 701 4500 834 4555; x_wconf 88' lang='lat' dir='ltr'><strong>quos</strong></span> <span class='ocrx_word' id='word_1_340' title='bbox 863 4486 1165 4539; x_wconf 85' lang='lat' dir='ltr'><strong>nescientes</strong></span> <span class='ocrx_word' id='word_1_341' title='bbox 1192 4485 1565 4553; x_wconf 66' lang='lat' dir='ltr'><strong>quarrebamus</strong></span> <span class='ocrx_word' id='word_1_342' title='bbox 1589 4525 1603 4551; x_wconf 90' lang='lat'><strong>,</strong></span> <span class='ocrx_word' id='word_1_343' title='bbox 1630 4485 1833 4538; x_wconf 88' lang='lat' dir='ltr'><strong>inveni-</strong></span> 
     </span>
    </p>
   </div>
   <div class='ocr_carea' id='block_1_47' title="bbox 248 4574 1828 4650">
    <p class='ocr_par' dir='ltr' id='par_1_47' title="bbox 248 4574 1828 4650">
     <span class='ocr_line' id='line_1_47' title="bbox 248 4574 1828 4650; baseline -0.001 -21"><span class='ocrx_word' id='word_1_344' title='bbox 248 4593 385 4631; x_wconf 90' lang='lat' dir='ltr'><strong>mus.</strong></span> <span class='ocrx_word' id='word_1_345' title='bbox 420 4576 551 4642; x_wconf 86' lang='lat' dir='ltr'><strong>Quis</strong></span> <span class='ocrx_word' id='word_1_346' title='bbox 572 4586 751 4631; x_wconf 88' lang='lat' dir='ltr'><strong>autem</strong></span> <span class='ocrx_word' id='word_1_347' title='bbox 780 4592 1001 4650; x_wconf 83' lang='lat' dir='ltr'><strong>narrare</strong></span> <span class='ocrx_word' id='word_1_348' title='bbox 1024 4574 1255 4632; x_wconf 82' lang='lat' dir='ltr'><strong>sufﬁciat</strong></span> <span class='ocrx_word' id='word_1_349' title='bbox 1290 4586 1490 4644; x_wconf 81' lang='lat' dir='ltr'><strong>quanta</strong></span> <span class='ocrx_word' id='word_1_350' title='bbox 1522 4576 1608 4629; x_wconf 88' lang='lat' dir='ltr'><strong>hic</strong></span> <span class='ocrx_word' id='word_1_351' title='bbox 1651 4576 1828 4629; x_wconf 70' lang='lat' dir='ltr'><strong>laetitia</strong></span> 
     </span>
    </p>
   </div>
   <div class='ocr_carea' id='block_1_48' title="bbox 1930 542 3503 616">
    <p class='ocr_par' dir='ltr' id='par_1_48' title="bbox 1930 542 3503 616">
     <span class='ocr_line' id='line_1_48' title="bbox 1930 542 3503 616; baseline 0.003 -21"><span class='ocrx_word' id='word_1_352' title='bbox 1930 543 2130 596; x_wconf 84' lang='lat' dir='ltr'><strong>virtute</strong></span> <span class='ocrx_word' id='word_1_353' title='bbox 2198 552 2544 607; x_wconf 82' lang='lat' dir='ltr'><strong>convertere,</strong></span> <span class='ocrx_word' id='word_1_354' title='bbox 2604 542 2986 612; x_wconf 65' lang='lat' dir='ltr'><strong>prmdicatores</strong></span> <span class='ocrx_word' id='word_1_355' title='bbox 3061 545 3217 616; x_wconf 66' lang='lat' dir='ltr'><strong>suos},</strong></span> <span class='ocrx_word' id='word_1_356' title='bbox 3247 561 3384 615; x_wconf 87' lang='lat' dir='ltr'><strong>quos</strong></span> <span class='ocrx_word' id='word_1_357' title='bbox 3454 546 3503 599; x_wconf 84' lang='lat' dir='ltr'><strong>in</strong></span> 
     </span>
    </p>
   </div>
   <div class='ocr_carea' id='block_1_49' title="bbox 1933 631 3507 699">
    <p class='ocr_par' dir='ltr' id='par_1_49' title="bbox 1933 631 3507 699">
     <span class='ocr_line' id='line_1_49' title="bbox 1933 631 3507 699; baseline -0.001 -15"><span class='ocrx_word' id='word_1_358' title='bbox 1933 631 2189 685; x_wconf 89' lang='lat' dir='ltr'><strong>mundum</strong></span> <span class='ocrx_word' id='word_1_359' title='bbox 2220 631 2383 693; x_wconf 84' lang='lat' dir='ltr'><strong>misit,</strong></span> <span class='ocrx_word' id='word_1_360' title='bbox 2415 632 2531 685; x_wconf 84' lang='lat' dir='ltr'><strong>sine</strong></span> <span class='ocrx_word' id='word_1_361' title='bbox 2582 633 2773 686; x_wconf 78' lang='lat' dir='ltr'><strong>litteris</strong></span> <span class='ocrx_word' id='word_1_362' title='bbox 2798 633 2987 699; x_wconf 78' lang='lat' dir='ltr'><strong>elegit;</strong></span> <span class='ocrx_word' id='word_1_363' title='bbox 3018 634 3128 687; x_wconf 71' lang='lat' dir='ltr'><strong>lucc</strong></span> <span class='ocrx_word' id='word_1_364' title='bbox 3158 635 3319 686; x_wconf 89' lang='lat' dir='ltr'><strong>etiam</strong></span> <span class='ocrx_word' id='word_1_365' title='bbox 3350 635 3507 690; x_wconf 82' lang='lat' dir='ltr'><strong>modo</strong></span> 
     </span>
    </p>
   </div>
   <div class='ocr_carea' id='block_1_50' title="bbox 1934 719 3515 792">
    <p class='ocr_par' dir='ltr' id='par_1_50' title="bbox 1934 719 3515 792">
     <span class='ocr_line' id='line_1_50' title="bbox 1934 719 3515 792; baseline 0.004 -20"><span class='ocrx_word' id='word_1_366' title='bbox 1934 719 2152 785; x_wconf 84' lang='lat' dir='ltr'><strong>iaciens,</strong></span> <span class='ocrx_word' id='word_1_367' title='bbox 2184 719 2307 788; x_wconf 88' lang='lat' dir='ltr'><strong>quia</strong></span> <span class='ocrx_word' id='word_1_368' title='bbox 2339 720 2390 773; x_wconf 92' lang='lat' dir='ltr'><strong>iu</strong></span> <span class='ocrx_word' id='word_1_369' title='bbox 2424 720 2713 788; x_wconf 78' lang='lat' dir='ltr'><strong>Anglorum</strong></span> <span class='ocrx_word' id='word_1_370' title='bbox 2747 730 2905 789; x_wconf 81' lang='lat' dir='ltr'><strong>gente</strong></span> <span class='ocrx_word' id='word_1_371' title='bbox 2951 724 3103 777; x_wconf 87' lang='lat' dir='ltr'><strong>fortia</strong></span> <span class='ocrx_word' id='word_1_372' title='bbox 3154 724 3400 792; x_wconf 83' lang='lat' dir='ltr'><strong>dignatus</strong></span> <span class='ocrx_word' id='word_1_373' title='bbox 3429 734 3515 779; x_wconf 77' lang='lat' dir='ltr'><strong>est</strong></span> 
     </span>
    </p>
   </div>
   <div class='ocr_carea' id='block_1_51' title="bbox 1934 809 3514 879">
    <p class='ocr_par' dir='ltr' id='par_1_51' title="bbox 1934 809 3514 879">
     <span class='ocr_line' id='line_1_51' title="bbox 1934 809 3514 879; baseline 0.005 -18"><span class='ocrx_word' id='word_1_374' title='bbox 1934 826 2031 878; x_wconf 78' lang='lat' dir='ltr'><strong>prr</strong></span> <span class='ocrx_word' id='word_1_375' title='bbox 2060 809 2299 864; x_wconf 81' lang='lat' dir='ltr'><strong>infirmos</strong></span> <span class='ocrx_word' id='word_1_376' title='bbox 2338 811 2570 879; x_wconf 87' lang='lat' dir='ltr'><strong>operari.</strong></span> <span class='ocrx_word' id='word_1_377' title='bbox 2600 811 2703 865; x_wconf 82' lang='lat' dir='ltr'><strong>Sed</strong></span> <span class='ocrx_word' id='word_1_378' title='bbox 2731 813 2783 865; x_wconf 89' lang='lat' dir='ltr'><strong>in</strong></span> <span class='ocrx_word' id='word_1_379' title='bbox 2806 812 2907 867; x_wconf 84' lang='lat' dir='ltr'><strong>isto</strong></span> <span class='ocrx_word' id='word_1_380' title='bbox 2937 813 3079 867; x_wconf 90' lang='lat' dir='ltr'><strong>dono</strong></span> <span class='ocrx_word' id='word_1_381' title='bbox 3125 815 3328 868; x_wconf 77' lang='lat' dir='ltr'><strong>ccelesti</strong></span> <span class='ocrx_word' id='word_1_382' title='bbox 3357 855 3371 879; x_wconf 94' lang='lat'><strong>,</strong></span> <span class='ocrx_word' id='word_1_383' title='bbox 3407 815 3514 869; x_wconf 78' lang='lat' dir='ltr'><strong>fra-</strong></span> 
     </span>
    </p>
   </div>
   <div class='ocr_carea' id='block_1_52' title="bbox 1938 901 3517 972">
    <p class='ocr_par' dir='ltr' id='par_1_52' title="bbox 1938 901 3517 972">
     <span class='ocr_line' id='line_1_52' title="bbox 1938 901 3517 972; baseline 0.004 -18"><span class='ocrx_word' id='word_1_384' title='bbox 1938 911 2019 955; x_wconf 89' lang='lat' dir='ltr'><strong>ter</strong></span> <span class='ocrx_word' id='word_1_385' title='bbox 2042 901 2375 965; x_wconf 88' lang='lat' dir='ltr'><strong>charissime,</strong></span> <span class='ocrx_word' id='word_1_386' title='bbox 2412 901 2551 970; x_wconf 88' lang='lat' dir='ltr'><strong>quod</strong></span> <span class='ocrx_word' id='word_1_387' title='bbox 2583 918 2701 956; x_wconf 93' lang='lat' dir='ltr'><strong>cum</strong></span> <span class='ocrx_word' id='word_1_388' title='bbox 2752 916 2945 969; x_wconf 83' lang='lat' dir='ltr'><strong>magno</strong></span> <span class='ocrx_word' id='word_1_389' title='bbox 2993 904 3187 972; x_wconf 89' lang='lat' dir='ltr'><strong>gaudio</strong></span> <span class='ocrx_word' id='word_1_390' title='bbox 3226 906 3517 961; x_wconf 85' lang='lat' dir='ltr'><strong>vehemen-</strong></span> 
     </span>
    </p>
   </div>
   <div class='ocr_carea' id='block_1_53' title="bbox 1937 992 3512 1067">
    <p class='ocr_par' dir='ltr' id='par_1_53' title="bbox 1937 992 3512 1067">
     <span class='ocr_line' id='line_1_53' title="bbox 1937 992 3512 1067; baseline 0.003 -20"><span class='ocrx_word' id='word_1_391' title='bbox 1937 994 2141 1048; x_wconf 77' lang='lat' dir='ltr'><strong>tissime</strong></span> <span class='ocrx_word' id='word_1_392' title='bbox 2169 993 2361 1047; x_wconf 78' lang='lat' dir='ltr'><strong>debeat</strong></span> <span class='ocrx_word' id='word_1_393' title='bbox 2391 992 2659 1047; x_wconf 80' lang='lat' dir='ltr'><strong>formidari</strong></span> <span class='ocrx_word' id='word_1_394' title='bbox 2685 995 2735 1046; x_wconf 59' lang='lat'><strong>‘.</strong></span> <span class='ocrx_word' id='word_1_395' title='bbox 2769 992 2891 1048; x_wconf 90' lang='lat' dir='ltr'><strong>Scio</strong></span> <span class='ocrx_word' id='word_1_396' title='bbox 2911 997 3051 1049; x_wconf 90' lang='lat' dir='ltr'><strong>enim</strong></span> <span class='ocrx_word' id='word_1_397' title='bbox 3081 997 3224 1064; x_wconf 72' lang='grc' dir='ltr'><strong>(μιυά</strong></span> <span class='ocrx_word' id='word_1_398' title='bbox 3264 998 3512 1067; x_wconf 85' lang='lat' dir='ltr'><strong>omnipo-</strong></span> 
     </span>
    </p>
   </div>
   <div class='ocr_carea' id='block_1_54' title="bbox 1940 1086 3513 1159">
    <p class='ocr_par' dir='ltr' id='par_1_54' title="bbox 1940 1086 3513 1159">
     <span class='ocr_line' id='line_1_54' title="bbox 1940 1086 3513 1159; baseline 0.001 -18"><span class='ocrx_word' id='word_1_399' title='bbox 1940 1096 2056 1141; x_wconf 89' lang='lat' dir='ltr'><strong>tens</strong></span> <span class='ocrx_word' id='word_1_400' title='bbox 2113 1086 2257 1141; x_wconf 89' lang='lat' dir='ltr'><strong>Deus</strong></span> <span class='ocrx_word' id='word_1_401' title='bbox 2306 1103 2400 1155; x_wconf 86' lang='lat' dir='ltr'><strong>per</strong></span> <span class='ocrx_word' id='word_1_402' title='bbox 2451 1086 2796 1140; x_wconf 88' lang='lat' dir='ltr'><strong>dilectionem</strong></span> <span class='ocrx_word' id='word_1_403' title='bbox 2828 1095 2972 1141; x_wconf 90' lang='lat' dir='ltr'><strong>tuam</strong></span> <span class='ocrx_word' id='word_1_404' title='bbox 3028 1089 3077 1141; x_wconf 93' lang='lat' dir='ltr'><strong>in</strong></span> <span class='ocrx_word' id='word_1_405' title='bbox 3127 1099 3309 1157; x_wconf 61' lang='lat' dir='ltr'><strong>gente,</strong></span> <span class='ocrx_word' id='word_1_406' title='bbox 3356 1105 3513 1159; x_wconf 85' lang='lat' dir='ltr'><strong>quam</strong></span> 
     </span>
    </p>
   </div>
   <div class='ocr_carea' id='block_1_55' title="bbox 1938 1178 3513 1248">
    <p class='ocr_par' dir='ltr' id='par_1_55' title="bbox 1938 1178 3513 1248">
     <span class='ocr_line' id='line_1_55' title="bbox 1938 1178 3513 1248; baseline 0.002 -15"><span class='ocrx_word' id='word_1_407' title='bbox 1938 1179 2058 1247; x_wconf 83' lang='lat' dir='ltr'><strong>eligi</strong></span> <span class='ocrx_word' id='word_1_408' title='bbox 2086 1179 2272 1243; x_wconf 80' lang='lat' dir='ltr'><strong>voluit,</strong></span> <span class='ocrx_word' id='word_1_409' title='bbox 2308 1194 2497 1248; x_wconf 81' lang='lat' dir='ltr'><strong>magna</strong></span> <span class='ocrx_word' id='word_1_410' title='bbox 2535 1179 2792 1233; x_wconf 89' lang='lat' dir='ltr'><strong>miracula</strong></span> <span class='ocrx_word' id='word_1_411' title='bbox 2821 1178 3082 1234; x_wconf 88' lang='lat' dir='ltr'><strong>ostendit:</strong></span> <span class='ocrx_word' id='word_1_412' title='bbox 3109 1181 3249 1234; x_wconf 89' lang='lat' dir='ltr'><strong>unde</strong></span> <span class='ocrx_word' id='word_1_413' title='bbox 3290 1196 3513 1236; x_wconf 80' lang='lat' dir='ltr'><strong>necesse</strong></span> 
     </span>
    </p>
   </div>
   <div class='ocr_carea' id='block_1_56' title="bbox 1939 1272 3513 1340">
    <p class='ocr_par' dir='ltr' id='par_1_56' title="bbox 1939 1272 3513 1340">
     <span class='ocr_line' id='line_1_56' title="bbox 1939 1272 3513 1340; baseline 0.001 -14"><span class='ocrx_word' id='word_1_414' title='bbox 1939 1282 2040 1338; x_wconf 90' lang='lat' dir='ltr'><strong>est,</strong></span> <span class='ocrx_word' id='word_1_415' title='bbox 2065 1284 2121 1325; x_wconf 90' lang='lat' dir='ltr'><strong>ut</strong></span> <span class='ocrx_word' id='word_1_416' title='bbox 2143 1272 2209 1327; x_wconf 91' lang='lat' dir='ltr'><strong>de</strong></span> <span class='ocrx_word' id='word_1_417' title='bbox 2239 1272 2430 1327; x_wconf 87' lang='lat' dir='ltr'><strong>eodem</strong></span> <span class='ocrx_word' id='word_1_418' title='bbox 2458 1272 2599 1325; x_wconf 91' lang='lat' dir='ltr'><strong>dono</strong></span> <span class='ocrx_word' id='word_1_419' title='bbox 2649 1272 2851 1326; x_wconf 62' lang='lat' dir='ltr'><strong>caelesti</strong></span> <span class='ocrx_word' id='word_1_420' title='bbox 2881 1281 2934 1325; x_wconf 84' lang='lat' dir='ltr'><strong>et</strong></span> <span class='ocrx_word' id='word_1_421' title='bbox 2976 1272 3212 1326; x_wconf 86' lang='lat' dir='ltr'><strong>timendo</strong></span> <span class='ocrx_word' id='word_1_422' title='bbox 3258 1272 3513 1340; x_wconf 85' lang='lat' dir='ltr'><strong>gaudeas.</strong></span> 
     </span>
    </p>
   </div>
   <div class='ocr_carea' id='block_1_57' title="bbox 1939 1362 3514 1433">
    <p class='ocr_par' dir='ltr' id='par_1_57' title="bbox 1939 1362 3514 1433">
     <span class='ocr_line' id='line_1_57' title="bbox 1939 1362 3514 1433; baseline -0.002 -16"><span class='ocrx_word' id='word_1_423' title='bbox 1939 1371 1991 1417; x_wconf 91' lang='lat' dir='ltr'><strong>et</strong></span> <span class='ocrx_word' id='word_1_424' title='bbox 2019 1362 2303 1432; x_wconf 85' lang='lat' dir='ltr'><strong>gaudendo</strong></span> <span class='ocrx_word' id='word_1_425' title='bbox 2357 1363 2746 1433; x_wconf 87' lang='lat' dir='ltr'><strong>pertimescas:</strong></span> <span class='ocrx_word' id='word_1_426' title='bbox 2798 1362 3029 1429; x_wconf 70' lang='lat' dir='ltr'><strong>gaudeas</strong></span> <span class='ocrx_word' id='word_1_427' title='bbox 3073 1362 3340 1427; x_wconf 86' lang='lat' dir='ltr'><strong>videlicet,</strong></span> <span class='ocrx_word' id='word_1_428' title='bbox 3394 1362 3514 1432; x_wconf 84' lang='lat' dir='ltr'><strong>quia</strong></span> 
     </span>
    </p>
   </div>
   <div class='ocr_carea' id='block_1_58' title="bbox 1941 1453 3518 1525">
    <p class='ocr_par' dir='ltr' id='par_1_58' title="bbox 1941 1453 3518 1525">
     <span class='ocr_line' id='line_1_58' title="bbox 1941 1453 3518 1525; baseline -0.002 -17"><span class='ocrx_word' id='word_1_429' title='bbox 1941 1453 2234 1523; x_wconf 83' lang='lat' dir='ltr'><strong>Anglorum</strong></span> <span class='ocrx_word' id='word_1_430' title='bbox 2265 1455 2455 1509; x_wconf 66' lang='lat' dir='ltr'><strong>anima:</strong></span> <span class='ocrx_word' id='word_1_431' title='bbox 2484 1470 2578 1525; x_wconf 92' lang='lat' dir='ltr'><strong>per</strong></span> <span class='ocrx_word' id='word_1_432' title='bbox 2608 1455 2876 1508; x_wconf 74' lang='lat' dir='ltr'><strong>exter&#39;ora</strong></span> <span class='ocrx_word' id='word_1_433' title='bbox 2911 1453 3166 1507; x_wconf 89' lang='lat' dir='ltr'><strong>miracula</strong></span> <span class='ocrx_word' id='word_1_434' title='bbox 3194 1453 3260 1505; x_wconf 86' lang='lat' dir='ltr'><strong>ad</strong></span> <span class='ocrx_word' id='word_1_435' title='bbox 3287 1453 3518 1507; x_wconf 89' lang='lat' dir='ltr'><strong>interio-</strong></span> 
     </span>
    </p>
   </div>
   <div class='ocr_carea' id='block_1_59' title="bbox 1945 1545 3522 1613">
    <p class='ocr_par' dir='ltr' id='par_1_59' title="bbox 1945 1545 3522 1613">
     <span class='ocr_line' id='line_1_59' title="bbox 1945 1545 3522 1613; baseline -0.003 -13"><span class='ocrx_word' id='word_1_436' title='bbox 1945 1561 2057 1601; x_wconf 90' lang='lat' dir='ltr'><strong>rem</strong></span> <span class='ocrx_word' id='word_1_437' title='bbox 2088 1546 2314 1613; x_wconf 87' lang='lat' dir='ltr'><strong>gratiam</strong></span> <span class='ocrx_word' id='word_1_438' title='bbox 2346 1546 2767 1613; x_wconf 83' lang='lat' dir='ltr'><strong>pertrahuntur;</strong></span> <span class='ocrx_word' id='word_1_439' title='bbox 2798 1547 3145 1613; x_wconf 88' lang='lat' dir='ltr'><strong>pertimescas</strong></span> <span class='ocrx_word' id='word_1_440' title='bbox 3178 1559 3323 1608; x_wconf 88' lang='lat' dir='ltr'><strong>vero,</strong></span> <span class='ocrx_word' id='word_1_441' title='bbox 3345 1560 3413 1598; x_wconf 89' lang='lat' dir='ltr'><strong>ne</strong></span> <span class='ocrx_word' id='word_1_442' title='bbox 3442 1545 3522 1598; x_wconf 80' lang='lat' dir='ltr'><strong>iu-</strong></span> 
     </span>
    </p>
   </div>
   <div class='ocr_carea' id='block_1_60' title="bbox 1946 1636 3522 1708">
    <p class='ocr_par' dir='ltr' id='par_1_60' title="bbox 1946 1636 3522 1708">
     <span class='ocr_line' id='line_1_60' title="bbox 1946 1636 3522 1708; baseline -0.002 -15"><span class='ocrx_word' id='word_1_443' title='bbox 1946 1647 2027 1693; x_wconf 91' lang='lat' dir='ltr'><strong>ter</strong></span> <span class='ocrx_word' id='word_1_444' title='bbox 2055 1638 2203 1707; x_wconf 90' lang='lat' dir='ltr'><strong>signa</strong></span> <span class='ocrx_word' id='word_1_445' title='bbox 2232 1653 2350 1708; x_wconf 65' lang='lat' dir='ltr'><strong>quae</strong></span> <span class='ocrx_word' id='word_1_446' title='bbox 2372 1639 2524 1704; x_wconf 81' lang='lat' dir='ltr'><strong>fiunt,</strong></span> <span class='ocrx_word' id='word_1_447' title='bbox 2550 1636 2790 1692; x_wconf 84' lang='lat' dir='ltr'><strong>inﬁrmus</strong></span> <span class='ocrx_word' id='word_1_448' title='bbox 2811 1639 3017 1692; x_wconf 89' lang='lat' dir='ltr'><strong>animus</strong></span> <span class='ocrx_word' id='word_1_449' title='bbox 3037 1638 3088 1691; x_wconf 89' lang='lat' dir='ltr'><strong>in</strong></span> <span class='ocrx_word' id='word_1_450' title='bbox 3115 1638 3195 1691; x_wconf 90' lang='lat' dir='ltr'><strong>sui</strong></span> <span class='ocrx_word' id='word_1_451' title='bbox 3228 1652 3522 1706; x_wconf 77' lang='lat' dir='ltr'><strong>praesump-</strong></span> 
     </span>
    </p>
   </div>
   <div class='ocr_carea' id='block_1_61' title="bbox 1945 1728 3519 1793">
    <p class='ocr_par' dir='ltr' id='par_1_61' title="bbox 1945 1728 3519 1793">
     <span class='ocr_line' id='line_1_61' title="bbox 1945 1728 3519 1793; baseline -0.001 -10"><span class='ocrx_word' id='word_1_452' title='bbox 1945 1730 2144 1783; x_wconf 91' lang='lat' dir='ltr'><strong>tionem</strong></span> <span class='ocrx_word' id='word_1_453' title='bbox 2176 1744 2234 1783; x_wconf 92' lang='lat' dir='ltr'><strong>se</strong></span> <span class='ocrx_word' id='word_1_454' title='bbox 2266 1730 2437 1793; x_wconf 80' lang='lat' dir='ltr'><strong>levet,</strong></span> <span class='ocrx_word' id='word_1_455' title='bbox 2468 1739 2521 1782; x_wconf 77' lang='lat' dir='ltr'><strong>rt</strong></span> <span class='ocrx_word' id='word_1_456' title='bbox 2553 1731 2691 1783; x_wconf 89' lang='lat' dir='ltr'><strong>unde</strong></span> <span class='ocrx_word' id='word_1_457' title='bbox 2722 1729 2850 1783; x_wconf 91' lang='lat' dir='ltr'><strong>foris</strong></span> <span class='ocrx_word' id='word_1_458' title='bbox 2886 1731 2937 1783; x_wconf 91' lang='lat' dir='ltr'><strong>iu</strong></span> <span class='ocrx_word' id='word_1_459' title='bbox 2990 1729 3195 1782; x_wconf 85' lang='lat' dir='ltr'><strong>honore</strong></span> <span class='ocrx_word' id='word_1_460' title='bbox 3226 1728 3519 1789; x_wconf 83' lang='lat' dir='ltr'><strong>extollitur.</strong></span> 
     </span>
    </p>
   </div>
   <div class='ocr_carea' id='block_1_62' title="bbox 1946 1818 3520 1889">
    <p class='ocr_par' dir='ltr' id='par_1_62' title="bbox 1946 1818 3520 1889">
     <span class='ocr_line' id='line_1_62' title="bbox 1946 1818 3520 1889; baseline 0.001 -16"><span class='ocrx_word' id='word_1_461' title='bbox 1946 1820 2070 1874; x_wconf 89' lang='lat' dir='ltr'><strong>inde</strong></span> <span class='ocrx_word' id='word_1_462' title='bbox 2101 1835 2196 1889; x_wconf 84' lang='lat' dir='ltr'><strong>per</strong></span> <span class='ocrx_word' id='word_1_463' title='bbox 2226 1820 2435 1873; x_wconf 90' lang='lat' dir='ltr'><strong>inanem</strong></span> <span class='ocrx_word' id='word_1_464' title='bbox 2466 1820 2690 1888; x_wconf 80' lang='lat' dir='ltr'><strong>gloriam</strong></span> <span class='ocrx_word' id='word_1_465' title='bbox 2717 1820 2857 1873; x_wconf 91' lang='lat' dir='ltr'><strong>intus</strong></span> <span class='ocrx_word' id='word_1_466' title='bbox 2883 1819 3056 1873; x_wconf 86' lang='lat' dir='ltr'><strong>cadat.</strong></span> <span class='ocrx_word' id='word_1_467' title='bbox 3095 1818 3397 1873; x_wconf 76' lang='lat' dir='ltr'><strong>Meminisse</strong></span> <span class='ocrx_word' id='word_1_468' title='bbox 3441 1828 3520 1875; x_wconf 83' lang='lat' dir='ltr'><strong>et-</strong></span> 
     </span>
    </p>
   </div>
   <div class='ocr_carea' id='block_1_63' title="bbox 1941 1908 3523 1981">
    <p class='ocr_par' dir='ltr' id='par_1_63' title="bbox 1941 1908 3523 1981">
     <span class='ocr_line' id='line_1_63' title="bbox 1941 1908 3523 1981; baseline -0.001 -18"><span class='ocrx_word' id='word_1_469' title='bbox 1941 1911 2084 1964; x_wconf 80' lang='lat' dir='ltr'><strong>enim</strong></span> <span class='ocrx_word' id='word_1_470' title='bbox 2118 1909 2376 1963; x_wconf 85' lang='lat' dir='ltr'><strong>debemus</strong></span> <span class='ocrx_word' id='word_1_471' title='bbox 2398 1910 2539 1979; x_wconf 88' lang='lat' dir='ltr'><strong>quod</strong></span> <span class='ocrx_word' id='word_1_472' title='bbox 2562 1910 2804 1978; x_wconf 87' lang='lat' dir='ltr'><strong>discipuli</strong></span> <span class='ocrx_word' id='word_1_473' title='bbox 2836 1925 2953 1964; x_wconf 89' lang='lat' dir='ltr'><strong>cum</strong></span> <span class='ocrx_word' id='word_1_474' title='bbox 2986 1910 3178 1976; x_wconf 85' lang='lat' dir='ltr'><strong>gaudio</strong></span> <span class='ocrx_word' id='word_1_475' title='bbox 3210 1926 3239 1962; x_wconf 88' lang='lat' dir='ltr'><strong>a</strong></span> <span class='ocrx_word' id='word_1_476' title='bbox 3271 1908 3523 1981; x_wconf 70' lang='lat' dir='ltr'><strong>prmdica-</strong></span> 
     </span>
    </p>
   </div>
   <div class='ocr_carea' id='block_1_64' title="bbox 1939 2002 3521 2069">
    <p class='ocr_par' dir='ltr' id='par_1_64' title="bbox 1939 2002 3521 2069">
     <span class='ocr_line' id='line_1_64' title="bbox 1939 2002 3521 2069; baseline -0.001 -13"><span class='ocrx_word' id='word_1_477' title='bbox 1939 2002 2084 2057; x_wconf 85' lang='lat' dir='ltr'><strong>tione</strong></span> <span class='ocrx_word' id='word_1_478' title='bbox 2111 2002 2419 2065; x_wconf 84' lang='lat' dir='ltr'><strong>redeuntes,</strong></span> <span class='ocrx_word' id='word_1_479' title='bbox 2450 2019 2569 2056; x_wconf 88' lang='lat' dir='ltr'><strong>cum</strong></span> <span class='ocrx_word' id='word_1_480' title='bbox 2594 2003 2796 2057; x_wconf 59' lang='lat' dir='ltr'><strong>caelesti</strong></span> <span class='ocrx_word' id='word_1_481' title='bbox 2827 2002 3077 2069; x_wconf 71' lang='lat' dir='ltr'><strong>Magistro</strong></span> <span class='ocrx_word' id='word_1_482' title='bbox 3106 2002 3344 2057; x_wconf 76' lang='lat' dir='ltr'><strong>dicerent</strong></span> <span class='ocrx_word' id='word_1_483' title='bbox 3370 2020 3381 2053; x_wconf 93' lang='lat'>:</span> <span class='ocrx_word' id='word_1_484' title='bbox 3415 2002 3521 2055; x_wconf 88' lang='lat' dir='ltr'><strong>Do-</strong></span> 
     </span>
    </p>
   </div>
   <div class='ocr_carea' id='block_1_65' title="bbox 1937 2091 3517 2160">
    <p class='ocr_par' dir='ltr' id='par_1_65' title="bbox 1937 2091 3517 2160">
     <span class='ocr_line' id='line_1_65' title="bbox 1937 2091 3517 2160; baseline -0.004 -10"><span class='ocrx_word' id='word_1_485' title='bbox 1937 2096 2103 2160; x_wconf 87' lang='lat' dir='ltr'><strong>mine,</strong></span> <span class='ocrx_word' id='word_1_486' title='bbox 2154 2096 2316 2149; x_wconf 88' lang='lat' dir='ltr'><strong>etiam</strong></span> <span class='ocrx_word' id='word_1_487' title='bbox 2346 2096 2395 2150; x_wconf 87' lang='lat' dir='ltr'><strong>in</strong></span> <span class='ocrx_word' id='word_1_488' title='bbox 2425 2103 2517 2149; x_wconf 89' lang='lat' dir='ltr'><strong>tuo</strong></span> <span class='ocrx_word' id='word_1_489' title='bbox 2546 2097 2760 2148; x_wconf 79' lang='lat' dir='ltr'><strong>nomine</strong></span> <span class='ocrx_word' id='word_1_490' title='bbox 2791 2094 3055 2148; x_wconf 74' lang='lat' dir='ltr'><strong>dtDtltOtzltt</strong></span> <span class='ocrx_word' id='word_1_491' title='bbox 3086 2094 3249 2147; x_wconf 86' lang='lat' dir='ltr'><strong>Nobis</strong></span> <span class='ocrx_word' id='word_1_492' title='bbox 3278 2091 3517 2160; x_wconf 86' lang='lat' dir='ltr'><strong>subjecta</strong></span> 
     </span>
    </p>
   </div>
   <div class='ocr_carea' id='block_1_66' title="bbox 1938 2183 3513 2255">
    <p class='ocr_par' dir='ltr' id='par_1_66' title="bbox 1938 2183 3513 2255">
     <span class='ocr_line' id='line_1_66' title="bbox 1938 2183 3513 2255; baseline -0.005 -14"><span class='ocrx_word' id='word_1_493' title='bbox 1938 2197 2095 2251; x_wconf 84' lang='lat' dir='ltr'><strong>sunt;</strong></span> <span class='ocrx_word' id='word_1_494' title='bbox 2131 2187 2374 2255; x_wconf 86' lang='lat' dir='ltr'><strong>protinus</strong></span> <span class='ocrx_word' id='word_1_495' title='bbox 2404 2186 2712 2239; x_wconf 86' lang='lat' dir='ltr'><strong>audierunt:</strong></span> <span class='ocrx_word' id='word_1_496' title='bbox 2744 2184 2918 2238; x_wconf 81' lang='lat' dir='ltr'><strong>Nolite</strong></span> <span class='ocrx_word' id='word_1_497' title='bbox 2948 2183 3179 2253; x_wconf 73' lang='lat' dir='ltr'><strong>gzudere</strong></span> <span class='ocrx_word' id='word_1_498' title='bbox 3200 2198 3361 2251; x_wconf 90' lang='lat' dir='ltr'><strong>super</strong></span> <span class='ocrx_word' id='word_1_499' title='bbox 3389 2183 3513 2244; x_wconf 89' lang='lat' dir='ltr'><strong>hoc,</strong></span> 
     </span>
    </p>
   </div>
   <div class='ocr_carea' id='block_1_67' title="bbox 1938 2274 3523 2346">
    <p class='ocr_par' dir='ltr' id='par_1_67' title="bbox 1938 2274 3523 2346">
     <span class='ocr_line' id='line_1_67' title="bbox 1938 2274 3523 2346; baseline -0.003 -15"><span class='ocrx_word' id='word_1_500' title='bbox 1938 2277 2032 2331; x_wconf 87' lang='lat' dir='ltr'><strong>sed</strong></span> <span class='ocrx_word' id='word_1_501' title='bbox 2064 2277 2243 2346; x_wconf 88' lang='lat' dir='ltr'><strong>potius</strong></span> <span class='ocrx_word' id='word_1_502' title='bbox 2271 2276 2499 2344; x_wconf 85' lang='lat' dir='ltr'><strong>gaudete</strong></span> <span class='ocrx_word' id='word_1_503' title='bbox 2530 2275 2653 2344; x_wconf 76' lang='lat' dir='ltr'><strong>quia</strong></span> <span class='ocrx_word' id='word_1_504' title='bbox 2690 2276 2902 2328; x_wconf 91' lang='lat' dir='ltr'><strong>nomina</strong></span> <span class='ocrx_word' id='word_1_505' title='bbox 2936 2283 3110 2329; x_wconf 89' lang='lat' dir='ltr'><strong>vestra</strong></span> <span class='ocrx_word' id='word_1_506' title='bbox 3142 2274 3339 2343; x_wconf 58' lang='lat' dir='ltr'><strong>scripta</strong></span> <span class='ocrx_word' id='word_1_507' title='bbox 3392 2282 3523 2327; x_wconf 87' lang='lat' dir='ltr'><strong>sunt</strong></span> 
     </span>
    </p>
   </div>
   <div class='ocr_carea' id='block_1_68' title="bbox 1939 2366 3521 2438">
    <p class='ocr_par' dir='ltr' id='par_1_68' title="bbox 1939 2366 3521 2438">
     <span class='ocr_line' id='line_1_68' title="bbox 1939 2366 3521 2438; baseline -0.003 -15"><span class='ocrx_word' id='word_1_508' title='bbox 1939 2370 1990 2423; x_wconf 91' lang='lat' dir='ltr'><strong>in</strong></span> <span class='ocrx_word' id='word_1_509' title='bbox 2023 2369 2161 2424; x_wconf 75' lang='lat' dir='ltr'><strong>cmlo</strong></span> <span class='ocrx_word' id='word_1_510' title='bbox 2193 2367 2341 2437; x_wconf 87' lang='lat' dir='ltr'><strong>(Luc.</strong></span> <span class='ocrx_word' id='word_1_511' title='bbox 2378 2385 2428 2429; x_wconf 71' lang='grc' dir='ltr'><strong>χ,</strong></span> <span class='ocrx_word' id='word_1_512' title='bbox 2464 2368 2576 2438; x_wconf 72' lang='grc'><strong>17).</strong></span> <span class='ocrx_word' id='word_1_513' title='bbox 2611 2367 2664 2421; x_wconf 91' lang='lat' dir='ltr'><strong>ln</strong></span> <span class='ocrx_word' id='word_1_514' title='bbox 2690 2368 2895 2437; x_wconf 82' lang='lat' dir='ltr'><strong>privata</strong></span> <span class='ocrx_word' id='word_1_515' title='bbox 2936 2368 3134 2422; x_wconf 88' lang='lat' dir='ltr'><strong>etenim</strong></span> <span class='ocrx_word' id='word_1_516' title='bbox 3166 2376 3215 2421; x_wconf 93' lang='lat' dir='ltr'><strong>et</strong></span> <span class='ocrx_word' id='word_1_517' title='bbox 3239 2366 3521 2436; x_wconf 89' lang='lat' dir='ltr'><strong>temporali</strong></span> 
     </span>
    </p>
   </div>
   <div class='ocr_carea' id='block_1_69' title="bbox 1940 2458 3524 2530">
    <p class='ocr_par' dir='ltr' id='par_1_69' title="bbox 1940 2458 3524 2530">
     <span class='ocr_line' id='line_1_69' title="bbox 1940 2458 3524 2530; baseline -0.001 -15"><span class='ocrx_word' id='word_1_518' title='bbox 1940 2462 2124 2515; x_wconf 74' lang='lat' dir='ltr'><strong>lmtitia</strong></span> <span class='ocrx_word' id='word_1_519' title='bbox 2154 2468 2387 2515; x_wconf 88' lang='lat' dir='ltr'><strong>mentem</strong></span> <span class='ocrx_word' id='word_1_520' title='bbox 2423 2468 2734 2530; x_wconf 87' lang='lat' dir='ltr'><strong>posuerant,</strong></span> <span class='ocrx_word' id='word_1_521' title='bbox 2775 2460 2864 2527; x_wconf 88' lang='lat' dir='ltr'><strong>qui</strong></span> <span class='ocrx_word' id='word_1_522' title='bbox 2893 2460 2961 2513; x_wconf 91' lang='lat' dir='ltr'><strong>de</strong></span> <span class='ocrx_word' id='word_1_523' title='bbox 3008 2459 3281 2513; x_wconf 87' lang='lat' dir='ltr'><strong>miraculis</strong></span> <span class='ocrx_word' id='word_1_524' title='bbox 3320 2458 3524 2528; x_wconf 86' lang='lat' dir='ltr'><strong>gaude-</strong></span> 
     </span>
    </p>
   </div>
   <div class='ocr_carea' id='block_1_70' title="bbox 1938 2550 3520 2621">
    <p class='ocr_par' dir='ltr' id='par_1_70' title="bbox 1938 2550 3520 2621">
     <span class='ocr_line' id='line_1_70' title="bbox 1938 2550 3520 2621; baseline -0.002 -15"><span class='ocrx_word' id='word_1_525' title='bbox 1938 2552 2097 2606; x_wconf 87' lang='lat' dir='ltr'><strong>bant:</strong></span> <span class='ocrx_word' id='word_1_526' title='bbox 2123 2552 2217 2607; x_wconf 88' lang='lat' dir='ltr'><strong>sel</strong></span> <span class='ocrx_word' id='word_1_527' title='bbox 2246 2553 2311 2605; x_wconf 91' lang='lat' dir='ltr'><strong>de</strong></span> <span class='ocrx_word' id='word_1_528' title='bbox 2337 2552 2543 2621; x_wconf 87' lang='lat' dir='ltr'><strong>privata</strong></span> <span class='ocrx_word' id='word_1_529' title='bbox 2570 2550 2634 2603; x_wconf 89' lang='lat' dir='ltr'><strong>ad</strong></span> <span class='ocrx_word' id='word_1_530' title='bbox 2658 2566 3019 2616; x_wconf 90' lang='lat' dir='ltr'><strong>communem,</strong></span> <span class='ocrx_word' id='word_1_531' title='bbox 3052 2551 3118 2604; x_wconf 91' lang='lat' dir='ltr'><strong>de</strong></span> <span class='ocrx_word' id='word_1_532' title='bbox 3148 2550 3431 2620; x_wconf 87' lang='lat' dir='ltr'><strong>temporali</strong></span> <span class='ocrx_word' id='word_1_533' title='bbox 3457 2551 3520 2603; x_wconf 88' lang='lat' dir='ltr'><strong>ad</strong></span> 
     </span>
    </p>
   </div>
   <div class='ocr_carea' id='block_1_71' title="bbox 1937 2641 3524 2712">
    <p class='ocr_par' dir='ltr' id='par_1_71' title="bbox 1937 2641 3524 2712">
     <span class='ocr_line' id='line_1_71' title="bbox 1937 2641 3524 2712; baseline -0.001 -13"><span class='ocrx_word' id='word_1_534' title='bbox 1937 2654 2192 2699; x_wconf 77' lang='lat' dir='ltr'><strong>:eternam</strong></span> <span class='ocrx_word' id='word_1_535' title='bbox 2224 2644 2462 2697; x_wconf 67' lang='lat' dir='ltr'><strong>lmtitiam</strong></span> <span class='ocrx_word' id='word_1_536' title='bbox 2504 2653 2848 2707; x_wconf 84' lang='lat' dir='ltr'><strong>revocantur,</strong></span> <span class='ocrx_word' id='word_1_537' title='bbox 2881 2642 3073 2712; x_wconf 89' lang='lat' dir='ltr'><strong>quibus</strong></span> <span class='ocrx_word' id='word_1_538' title='bbox 3090 2642 3310 2697; x_wconf 88' lang='lat' dir='ltr'><strong>dicitur:</strong></span> <span class='ocrx_word' id='word_1_539' title='bbox 3336 2641 3391 2696; x_wconf 85' lang='lat' dir='ltr'><strong>In</strong></span> <span class='ocrx_word' id='word_1_540' title='bbox 3424 2643 3524 2697; x_wconf 90' lang='lat' dir='ltr'><strong>hoc</strong></span> 
     </span>
    </p>
   </div>
   <div class='ocr_carea' id='block_1_72' title="bbox 1938 2733 3524 2807">
    <p class='ocr_par' dir='ltr' id='par_1_72' title="bbox 1938 2733 3524 2807">
     <span class='ocr_line' id='line_1_72' title="bbox 1938 2733 3524 2807; baseline -0.001 -17"><span class='ocrx_word' id='word_1_541' title='bbox 1938 2736 2183 2807; x_wconf 82' lang='lat' dir='ltr'><strong>gaudete,</strong></span> <span class='ocrx_word' id='word_1_542' title='bbox 2215 2735 2337 2804; x_wconf 88' lang='lat' dir='ltr'><strong>quia</strong></span> <span class='ocrx_word' id='word_1_543' title='bbox 2360 2735 2574 2788; x_wconf 88' lang='lat' dir='ltr'><strong>nomina</strong></span> <span class='ocrx_word' id='word_1_544' title='bbox 2590 2743 2763 2788; x_wconf 88' lang='lat' dir='ltr'><strong>vestra</strong></span> <span class='ocrx_word' id='word_1_545' title='bbox 2787 2734 2983 2803; x_wconf 89' lang='lat' dir='ltr'><strong>scripta</strong></span> <span class='ocrx_word' id='word_1_546' title='bbox 3002 2742 3124 2787; x_wconf 92' lang='lat' dir='ltr'><strong>sunt</strong></span> <span class='ocrx_word' id='word_1_547' title='bbox 3152 2733 3203 2786; x_wconf 91' lang='lat' dir='ltr'><strong>in</strong></span> <span class='ocrx_word' id='word_1_548' title='bbox 3226 2733 3385 2788; x_wconf 62' lang='lat' dir='ltr'><strong>coelo.</strong></span> <span class='ocrx_word' id='word_1_549' title='bbox 3410 2733 3524 2788; x_wconf 87' lang='lat' dir='ltr'><strong>Non</strong></span> 
     </span>
    </p>
   </div>
   <div class='ocr_carea' id='block_1_73' title="bbox 1939 2825 3522 2890">
    <p class='ocr_par' dir='ltr' id='par_1_73' title="bbox 1939 2825 3522 2890">
     <span class='ocr_line' id='line_1_73' title="bbox 1939 2825 3522 2890; baseline -0.001 -8"><span class='ocrx_word' id='word_1_550' title='bbox 1939 2828 2078 2882; x_wconf 84' lang='lat' dir='ltr'><strong>enim</strong></span> <span class='ocrx_word' id='word_1_551' title='bbox 2108 2826 2265 2881; x_wconf 82' lang='lat' dir='ltr'><strong>electi</strong></span> <span class='ocrx_word' id='word_1_552' title='bbox 2291 2840 2478 2880; x_wconf 87' lang='lat' dir='ltr'><strong>omnes</strong></span> <span class='ocrx_word' id='word_1_553' title='bbox 2503 2825 2755 2879; x_wconf 86' lang='lat' dir='ltr'><strong>miracula</strong></span> <span class='ocrx_word' id='word_1_554' title='bbox 2783 2825 2998 2890; x_wconf 90' lang='lat' dir='ltr'><strong>faciunt,</strong></span> <span class='ocrx_word' id='word_1_555' title='bbox 3022 2825 3113 2879; x_wconf 92' lang='lat' dir='ltr'><strong>sed</strong></span> <span class='ocrx_word' id='word_1_556' title='bbox 3137 2833 3313 2880; x_wconf 89' lang='lat' dir='ltr'><strong>tamen</strong></span> <span class='ocrx_word' id='word_1_557' title='bbox 3339 2842 3522 2881; x_wconf 89' lang='lat' dir='ltr'><strong>eorum</strong></span> 
     </span>
    </p>
   </div>
   <div class='ocr_carea' id='block_1_74' title="bbox 1939 2915 3521 2985">
    <p class='ocr_par' dir='ltr' id='par_1_74' title="bbox 1939 2915 3521 2985">
     <span class='ocr_line' id='line_1_74' title="bbox 1939 2915 3521 2985; baseline -0.001 -13"><span class='ocrx_word' id='word_1_558' title='bbox 1939 2920 2155 2973; x_wconf 87' lang='lat' dir='ltr'><strong>nomina</strong></span> <span class='ocrx_word' id='word_1_559' title='bbox 2186 2918 2236 2971; x_wconf 90' lang='lat' dir='ltr'><strong>in</strong></span> <span class='ocrx_word' id='word_1_560' title='bbox 2267 2916 2404 2972; x_wconf 63' lang='lat' dir='ltr'><strong>male</strong></span> <span class='ocrx_word' id='word_1_561' title='bbox 2454 2924 2704 2969; x_wconf 84' lang='lat' dir='ltr'><strong>tenentur</strong></span> <span class='ocrx_word' id='word_1_562' title='bbox 2736 2915 3022 2985; x_wconf 85' lang='lat' dir='ltr'><strong>adscripta.</strong></span> <span class='ocrx_word' id='word_1_563' title='bbox 3075 2915 3328 2970; x_wconf 83' lang='lat' dir='ltr'><strong>Veritatis</strong></span> <span class='ocrx_word' id='word_1_564' title='bbox 3380 2918 3521 2970; x_wconf 88' lang='lat' dir='ltr'><strong>enim</strong></span> 
     </span>
    </p>
   </div>
   <div class='ocr_carea' id='block_1_75' title="bbox 1938 3008 3523 3080">
    <p class='ocr_par' dir='ltr' id='par_1_75' title="bbox 1938 3008 3523 3080">
     <span class='ocr_line' id='line_1_75' title="bbox 1938 3008 3523 3080; baseline -0.002 -16"><span class='ocrx_word' id='word_1_565' title='bbox 1938 3010 2212 3080; x_wconf 79' lang='lat' dir='ltr'><strong>diseipulis</strong></span> <span class='ocrx_word' id='word_1_566' title='bbox 2240 3026 2357 3065; x_wconf 89' lang='lat' dir='ltr'><strong>esse</strong></span> <span class='ocrx_word' id='word_1_567' title='bbox 2380 3008 2632 3079; x_wconf 88' lang='lat' dir='ltr'><strong>gaudium</strong></span> <span class='ocrx_word' id='word_1_568' title='bbox 2667 3025 2771 3063; x_wconf 90' lang='lat' dir='ltr'><strong>non</strong></span> <span class='ocrx_word' id='word_1_569' title='bbox 2802 3009 2980 3074; x_wconf 89' lang='lat' dir='ltr'><strong>debet,</strong></span> <span class='ocrx_word' id='word_1_570' title='bbox 3015 3008 3112 3062; x_wconf 89' lang='lat' dir='ltr'><strong>ni-i</strong></span> <span class='ocrx_word' id='word_1_571' title='bbox 3163 3009 3231 3063; x_wconf 89' lang='lat' dir='ltr'><strong>de</strong></span> <span class='ocrx_word' id='word_1_572' title='bbox 3276 3025 3341 3063; x_wconf 88' lang='lat' dir='ltr'><strong>eo</strong></span> <span class='ocrx_word' id='word_1_573' title='bbox 3381 3012 3523 3064; x_wconf 90' lang='lat' dir='ltr'><strong>bono</strong></span> 
     </span>
    </p>
   </div>
   <div class='ocr_carea' id='block_1_76' title="bbox 1939 3100 3524 3173">
    <p class='ocr_par' dir='ltr' id='par_1_76' title="bbox 1939 3100 3524 3173">
     <span class='ocr_line' id='line_1_76' title="bbox 1939 3100 3524 3173; baseline -0.004 -15"><span class='ocrx_word' id='word_1_574' title='bbox 1939 3106 2081 3173; x_wconf 89' lang='lat' dir='ltr'><strong>quod</strong></span> <span class='ocrx_word' id='word_1_575' title='bbox 2104 3118 2387 3159; x_wconf 90' lang='lat' dir='ltr'><strong>commune</strong></span> <span class='ocrx_word' id='word_1_576' title='bbox 2416 3116 2535 3156; x_wconf 90' lang='lat' dir='ltr'><strong>cum</strong></span> <span class='ocrx_word' id='word_1_577' title='bbox 2566 3103 2813 3154; x_wconf 88' lang='lat' dir='ltr'><strong>omnibus</strong></span> <span class='ocrx_word' id='word_1_578' title='bbox 2843 3100 3059 3164; x_wconf 87' lang='lat' dir='ltr'><strong>habent,</strong></span> <span class='ocrx_word' id='word_1_579' title='bbox 3084 3111 3137 3153; x_wconf 90' lang='lat' dir='ltr'><strong>et</strong></span> <span class='ocrx_word' id='word_1_580' title='bbox 3162 3101 3210 3153; x_wconf 94' lang='lat' dir='ltr'><strong>iu</strong></span> <span class='ocrx_word' id='word_1_581' title='bbox 3233 3115 3339 3168; x_wconf 90' lang='lat' dir='ltr'><strong>quo</strong></span> <span class='ocrx_word' id='word_1_582' title='bbox 3370 3100 3524 3153; x_wconf 87' lang='lat' dir='ltr'><strong>linem</strong></span> 
     </span>
    </p>
   </div>
   <div class='ocr_carea' id='block_1_77' title="bbox 1945 3188 3522 3259">
    <p class='ocr_par' dir='ltr' id='par_1_77' title="bbox 1945 3188 3522 3259">
     <span class='ocr_line' id='line_1_77' title="bbox 1945 3188 3522 3259; baseline -0.004 -12"><span class='ocrx_word' id='word_1_583' title='bbox 1945 3194 2140 3249; x_wconf 71' lang='lat' dir='ltr'><strong>laetitia:</strong></span> <span class='ocrx_word' id='word_1_584' title='bbox 2175 3209 2281 3248; x_wconf 88' lang='lat' dir='ltr'><strong>non</strong></span> <span class='ocrx_word' id='word_1_585' title='bbox 2312 3192 2532 3246; x_wconf 88' lang='lat' dir='ltr'><strong>habent.</strong></span> <span class='ocrx_word' id='word_1_586' title='bbox 2560 3190 2747 3245; x_wconf 81' lang='lat' dir='ltr'><strong>Restat</strong></span> <span class='ocrx_word' id='word_1_587' title='bbox 2775 3191 2985 3259; x_wconf 84' lang='lat' dir='ltr'><strong>itaque,</strong></span> <span class='ocrx_word' id='word_1_588' title='bbox 3013 3189 3173 3241; x_wconf 84' lang='lat' dir='ltr'><strong>frater</strong></span> <span class='ocrx_word' id='word_1_589' title='bbox 3193 3188 3522 3252; x_wconf 88' lang='lat' dir='ltr'><strong>charissime,</strong></span> 
     </span>
    </p>
   </div>
   <div class='ocr_carea' id='block_1_78' title="bbox 1942 3280 3526 3353">
    <p class='ocr_par' dir='ltr' id='par_1_78' title="bbox 1942 3280 3526 3353">
     <span class='ocr_line' id='line_1_78' title="bbox 1942 3280 3526 3353; baseline -0.001 -14"><span class='ocrx_word' id='word_1_590' title='bbox 1942 3295 2003 3340; x_wconf 88' lang='lat' dir='ltr'><strong>ut</strong></span> <span class='ocrx_word' id='word_1_591' title='bbox 2024 3286 2161 3340; x_wconf 87' lang='lat' dir='ltr'><strong>inter</strong></span> <span class='ocrx_word' id='word_1_592' title='bbox 2191 3300 2276 3353; x_wconf 87' lang='lat' dir='ltr'><strong>ea,</strong></span> <span class='ocrx_word' id='word_1_593' title='bbox 2301 3299 2420 3353; x_wconf 85' lang='lat' dir='ltr'><strong>quae</strong></span> <span class='ocrx_word' id='word_1_594' title='bbox 2446 3291 2703 3353; x_wconf 89' lang='lat' dir='ltr'><strong>operante</strong></span> <span class='ocrx_word' id='word_1_595' title='bbox 2728 3282 2837 3335; x_wconf 86' lang='lat' dir='ltr'><strong>Deo</strong></span> <span class='ocrx_word' id='word_1_596' title='bbox 2858 3282 3092 3335; x_wconf 78' lang='lat' dir='ltr'><strong>exterius</strong></span> <span class='ocrx_word' id='word_1_597' title='bbox 3122 3280 3273 3348; x_wconf 79' lang='lat' dir='ltr'><strong>facis,</strong></span> <span class='ocrx_word' id='word_1_598' title='bbox 3313 3296 3526 3352; x_wconf 74' lang='lat' dir='ltr'><strong>semper</strong></span> 
     </span>
    </p>
   </div>
   <div class='ocr_carea' id='block_1_79' title="bbox 1945 3371 3522 3441">
    <p class='ocr_par' dir='ltr' id='par_1_79' title="bbox 1945 3371 3522 3441">
     <span class='ocr_line' id='line_1_79' title="bbox 1945 3371 3522 3441; baseline -0.003 -10"><span class='ocrx_word' id='word_1_599' title='bbox 1945 3386 1997 3432; x_wconf 93' lang='lat' dir='ltr'><strong>te</strong></span> <span class='ocrx_word' id='word_1_600' title='bbox 2026 3377 2248 3432; x_wconf 90' lang='lat' dir='ltr'><strong>interius</strong></span> <span class='ocrx_word' id='word_1_601' title='bbox 2279 3374 2547 3430; x_wconf 83' lang='lat' dir='ltr'><strong>subtiliter</strong></span> <span class='ocrx_word' id='word_1_602' title='bbox 2589 3372 2801 3441; x_wconf 89' lang='lat' dir='ltr'><strong>judices</strong></span> <span class='ocrx_word' id='word_1_603' title='bbox 2851 3386 2914 3427; x_wconf 91' lang='lat' dir='ltr'><strong>ac</strong></span> <span class='ocrx_word' id='word_1_604' title='bbox 2941 3371 3205 3424; x_wconf 90' lang='lat' dir='ltr'><strong>subtiliter</strong></span> <span class='ocrx_word' id='word_1_605' title='bbox 3236 3372 3522 3441; x_wconf 73' lang='lat' dir='ltr'><strong>inteliigas,</strong></span> 
     </span>
    </p>
   </div>
   <div class='ocr_carea' id='block_1_80' title="bbox 1943 3460 3525 3537">
    <p class='ocr_par' dir='ltr' id='par_1_80' title="bbox 1943 3460 3525 3537">
     <span class='ocr_line' id='line_1_80' title="bbox 1943 3460 3525 3537; baseline -0.006 -12"><span class='ocrx_word' id='word_1_606' title='bbox 1943 3481 1995 3525; x_wconf 90' lang='lat' dir='ltr'><strong>et</strong></span> <span class='ocrx_word' id='word_1_607' title='bbox 2021 3468 2364 3537; x_wconf 87' lang='lat' dir='ltr'><strong>temetipsum</strong></span> <span class='ocrx_word' id='word_1_608' title='bbox 2392 3466 2480 3535; x_wconf 91' lang='lat' dir='ltr'><strong>qui</strong></span> <span class='ocrx_word' id='word_1_609' title='bbox 2503 3464 2605 3531; x_wconf 88' lang='lat' dir='ltr'><strong>sis,</strong></span> <span class='ocrx_word' id='word_1_610' title='bbox 2637 3471 2691 3517; x_wconf 90' lang='lat' dir='ltr'><strong>et</strong></span> <span class='ocrx_word' id='word_1_611' title='bbox 2718 3470 2915 3531; x_wconf 89' lang='lat' dir='ltr'><strong>quanta</strong></span> <span class='ocrx_word' id='word_1_612' title='bbox 2960 3462 3013 3515; x_wconf 90' lang='lat' dir='ltr'><strong>in</strong></span> <span class='ocrx_word' id='word_1_613' title='bbox 3037 3460 3222 3516; x_wconf 63' lang='lat' dir='ltr'><strong>eadem</strong></span> <span class='ocrx_word' id='word_1_614' title='bbox 3251 3470 3411 3530; x_wconf 85' lang='lat' dir='ltr'><strong>gente</strong></span> <span class='ocrx_word' id='word_1_615' title='bbox 3456 3462 3525 3518; x_wconf 87' lang='lat' dir='ltr'><strong>sit</strong></span> 
     </span>
    </p>
   </div>
   <div class='ocr_carea' id='block_1_81' title="bbox 1942 3552 3526 3632">
    <p class='ocr_par' dir='ltr' id='par_1_81' title="bbox 1942 3552 3526 3632">
     <span class='ocr_line' id='line_1_81' title="bbox 1942 3552 3526 3632; baseline -0.006 -18"><span class='ocrx_word' id='word_1_616' title='bbox 1942 3561 2135 3632; x_wconf 87' lang='lat' dir='ltr'><strong>gratia,</strong></span> <span class='ocrx_word' id='word_1_617' title='bbox 2168 3576 2262 3630; x_wconf 91' lang='lat' dir='ltr'><strong>pro</strong></span> <span class='ocrx_word' id='word_1_618' title='bbox 2283 3558 2434 3627; x_wconf 86' lang='lat' dir='ltr'><strong>cujus</strong></span> <span class='ocrx_word' id='word_1_619' title='bbox 2462 3555 2814 3611; x_wconf 88' lang='lat' dir='ltr'><strong>conversione</strong></span> <span class='ocrx_word' id='word_1_620' title='bbox 2855 3553 3015 3607; x_wconf 89' lang='lat' dir='ltr'><strong>etiam</strong></span> <span class='ocrx_word' id='word_1_621' title='bbox 3067 3552 3427 3608; x_wconf 85' lang='lat' dir='ltr'><strong>faciendorum</strong></span> <span class='ocrx_word' id='word_1_622' title='bbox 3455 3552 3526 3605; x_wconf 61' lang='lat' dir='ltr'><strong>sic</strong></span> 
     </span>
    </p>
   </div>
   <div class='ocr_carea' id='block_1_82' title="bbox 1943 3644 3525 3723">
    <p class='ocr_par' dir='ltr' id='par_1_82' title="bbox 1943 3644 3525 3723">
     <span class='ocr_line' id='line_1_82' title="bbox 1943 3644 3525 3723; baseline -0.004 -16"><span class='ocrx_word' id='word_1_623' title='bbox 1943 3668 2168 3723; x_wconf 89' lang='lat' dir='ltr'><strong>gnorum</strong></span> <span class='ocrx_word' id='word_1_624' title='bbox 2212 3650 2351 3705; x_wconf 86' lang='lat' dir='ltr'><strong>dona</strong></span> <span class='ocrx_word' id='word_1_625' title='bbox 2403 3646 2712 3718; x_wconf 88' lang='lat' dir='ltr'><strong>percepisti.</strong></span> <span class='ocrx_word' id='word_1_626' title='bbox 2759 3644 2827 3699; x_wconf 87' lang='lat' dir='ltr'><strong>Et</strong></span> <span class='ocrx_word' id='word_1_627' title='bbox 2868 3646 2911 3701; x_wconf 91' lang='lat' dir='ltr'><strong>si</strong></span> <span class='ocrx_word' id='word_1_628' title='bbox 2939 3646 3152 3715; x_wconf 87' lang='lat' dir='ltr'><strong>quando</strong></span> <span class='ocrx_word' id='word_1_629' title='bbox 3187 3654 3239 3699; x_wconf 90' lang='lat' dir='ltr'><strong>te</strong></span> <span class='ocrx_word' id='word_1_630' title='bbox 3284 3644 3525 3700; x_wconf 84' lang='lat' dir='ltr'><strong>Creatori</strong></span> 
     </span>
    </p>
   </div>
   <div class='ocr_carea' id='block_1_83' title="bbox 1944 3737 3526 3811">
    <p class='ocr_par' dir='ltr' id='par_1_83' title="bbox 1944 3737 3526 3811">
     <span class='ocr_line' id='line_1_83' title="bbox 1944 3737 3526 3811; baseline -0.006 -10"><span class='ocrx_word' id='word_1_631' title='bbox 1944 3755 2130 3801; x_wconf 87' lang='lat' dir='ltr'><strong>nostro</strong></span> <span class='ocrx_word' id='word_1_632' title='bbox 2162 3759 2257 3798; x_wconf 90' lang='lat' dir='ltr'><strong>seu</strong></span> <span class='ocrx_word' id='word_1_633' title='bbox 2289 3756 2386 3811; x_wconf 86' lang='lat' dir='ltr'><strong>per</strong></span> <span class='ocrx_word' id='word_1_634' title='bbox 2424 3742 2659 3807; x_wconf 89' lang='lat' dir='ltr'><strong>linguam</strong></span> <span class='ocrx_word' id='word_1_635' title='bbox 2709 3753 2802 3793; x_wconf 89' lang='lat' dir='ltr'><strong>seu</strong></span> <span class='ocrx_word' id='word_1_636' title='bbox 2835 3754 2930 3807; x_wconf 87' lang='lat' dir='ltr'><strong>per</strong></span> <span class='ocrx_word' id='word_1_637' title='bbox 2975 3752 3139 3806; x_wconf 82' lang='lat' dir='ltr'><strong>Opera</strong></span> <span class='ocrx_word' id='word_1_638' title='bbox 3169 3737 3526 3792; x_wconf 85' lang='lat' dir='ltr'><strong>reminisceris</strong></span> 
     </span>
    </p>
   </div>
   <div class='ocr_carea' id='block_1_84' title="bbox 1942 3829 3525 3905">
    <p class='ocr_par' dir='ltr' id='par_1_84' title="bbox 1942 3829 3525 3905">
     <span class='ocr_line' id='line_1_84' title="bbox 1942 3829 3525 3905; baseline -0.006 -14"><span class='ocrx_word' id='word_1_639' title='bbox 1942 3836 2249 3905; x_wconf 87' lang='lat' dir='ltr'><strong>deliquisse,</strong></span> <span class='ocrx_word' id='word_1_640' title='bbox 2304 3847 2516 3902; x_wconf 91' lang='lat' dir='ltr'><strong>semper</strong></span> <span class='ocrx_word' id='word_1_641' title='bbox 2546 3833 2659 3886; x_wconf 68' lang='lat' dir='ltr'><strong>haec</strong></span> <span class='ocrx_word' id='word_1_642' title='bbox 2712 3832 2778 3884; x_wconf 92' lang='lat' dir='ltr'><strong>ad</strong></span> <span class='ocrx_word' id='word_1_643' title='bbox 2826 3829 3137 3884; x_wconf 88' lang='lat' dir='ltr'><strong>memoriam</strong></span> <span class='ocrx_word' id='word_1_644' title='bbox 3183 3844 3423 3893; x_wconf 87' lang='lat' dir='ltr'><strong>revoces,</strong></span> <span class='ocrx_word' id='word_1_645' title='bbox 3466 3837 3525 3882; x_wconf 89' lang='lat' dir='ltr'><strong>ut</strong></span> 
     </span>
    </p>
   </div>
   <div class='ocr_carea' id='block_1_85' title="bbox 1941 3919 3520 3995">
    <p class='ocr_par' dir='ltr' id='par_1_85' title="bbox 1941 3919 3520 3995">
     <span class='ocr_line' id='line_1_85' title="bbox 1941 3919 3520 3995; baseline -0.006 -14"><span class='ocrx_word' id='word_1_646' title='bbox 1941 3934 2246 3995; x_wconf 87' lang='lat' dir='ltr'><strong>surgentem</strong></span> <span class='ocrx_word' id='word_1_647' title='bbox 2278 3923 2456 3977; x_wconf 89' lang='lat' dir='ltr'><strong>cordis</strong></span> <span class='ocrx_word' id='word_1_648' title='bbox 2511 3921 2733 3990; x_wconf 86' lang='lat' dir='ltr'><strong>gloriam</strong></span> <span class='ocrx_word' id='word_1_649' title='bbox 2770 3919 3026 3973; x_wconf 85' lang='lat' dir='ltr'><strong>memoria</strong></span> <span class='ocrx_word' id='word_1_650' title='bbox 3059 3926 3240 3974; x_wconf 91' lang='lat' dir='ltr'><strong>reatus</strong></span> <span class='ocrx_word' id='word_1_651' title='bbox 3291 3929 3520 3988; x_wconf 81' lang='lat' dir='ltr'><strong>premat,</strong></span> 
     </span>
    </p>
   </div>
   <div class='ocr_carea' id='block_1_86' title="bbox 1941 4009 3523 4085">
    <p class='ocr_par' dir='ltr' id='par_1_86' title="bbox 1941 4009 3523 4085">
     <span class='ocr_line' id='line_1_86' title="bbox 1941 4009 3523 4085; baseline -0.005 -13"><span class='ocrx_word' id='word_1_652' title='bbox 1941 4028 1989 4072; x_wconf 81' lang='lat' dir='ltr'><strong>et</strong></span> <span class='ocrx_word' id='word_1_653' title='bbox 2006 4013 2262 4085; x_wconf 84' lang='lat' dir='ltr'><strong>quidquid</strong></span> <span class='ocrx_word' id='word_1_654' title='bbox 2284 4014 2351 4068; x_wconf 91' lang='lat' dir='ltr'><strong>de</strong></span> <span class='ocrx_word' id='word_1_655' title='bbox 2371 4010 2628 4067; x_wconf 84' lang='lat' dir='ltr'><strong>faciendis</strong></span> <span class='ocrx_word' id='word_1_656' title='bbox 2657 4011 2820 4079; x_wconf 72' lang='lat' dir='ltr'><strong>s‘gnis</strong></span> <span class='ocrx_word' id='word_1_657' title='bbox 2847 4012 3116 4081; x_wconf 85' lang='lat' dir='ltr'><strong>acceperis</strong></span> <span class='ocrx_word' id='word_1_658' title='bbox 3142 4010 3224 4064; x_wconf 89' lang='lat' dir='ltr'><strong>vel</strong></span> <span class='ocrx_word' id='word_1_659' title='bbox 3247 4009 3523 4078; x_wconf 86' lang='lat' dir='ltr'><strong>accepisti,</strong></span> 
     </span>
    </p>
   </div>
   <div class='ocr_carea' id='block_1_87' title="bbox 1941 4102 3521 4172">
    <p class='ocr_par' dir='ltr' id='par_1_87' title="bbox 1941 4102 3521 4172">
     <span class='ocr_line' id='line_1_87' title="bbox 1941 4102 3521 4172; baseline -0.006 -8"><span class='ocrx_word' id='word_1_660' title='bbox 1941 4109 2057 4164; x_wconf 65' lang='lat' dir='ltr'><strong>haec</strong></span> <span class='ocrx_word' id='word_1_661' title='bbox 2081 4123 2187 4162; x_wconf 90' lang='lat' dir='ltr'><strong>non</strong></span> <span class='ocrx_word' id='word_1_662' title='bbox 2213 4106 2304 4161; x_wconf 89' lang='lat' dir='ltr'><strong>tibi</strong></span> <span class='ocrx_word' id='word_1_663' title='bbox 2337 4144 2351 4168; x_wconf 90' lang='lat'><strong>,</strong></span> <span class='ocrx_word' id='word_1_664' title='bbox 2383 4104 2473 4159; x_wconf 89' lang='lat' dir='ltr'><strong>sed</strong></span> <span class='ocrx_word' id='word_1_665' title='bbox 2522 4104 2626 4159; x_wconf 86' lang='lat' dir='ltr'><strong>illis</strong></span> <span class='ocrx_word' id='word_1_666' title='bbox 2653 4103 2877 4172; x_wconf 74' lang='lat' dir='ltr'><strong>deputes</strong></span> <span class='ocrx_word' id='word_1_667' title='bbox 2918 4102 3137 4166; x_wconf 88' lang='lat' dir='ltr'><strong>donata,</strong></span> <span class='ocrx_word' id='word_1_668' title='bbox 3162 4120 3261 4172; x_wconf 87' lang='lat' dir='ltr'><strong>pro</strong></span> <span class='ocrx_word' id='word_1_669' title='bbox 3294 4118 3521 4171; x_wconf 86' lang='lat' dir='ltr'><strong>quorum</strong></span> 
     </span>
    </p>
   </div>
   <div class='ocr_carea' id='block_1_88' title="bbox 1941 4194 3523 4254">
    <p class='ocr_par' dir='ltr' id='par_1_88' title="bbox 1941 4194 3523 4254">
     <span class='ocr_line' id='line_1_88' title="bbox 1941 4194 3523 4254; baseline -0.004 0"><span class='ocrx_word' id='word_1_670' title='bbox 1941 4200 2037 4254; x_wconf 89' lang='lat' dir='ltr'><strong>tibi</strong></span> <span class='ocrx_word' id='word_1_671' title='bbox 2067 4199 2239 4254; x_wconf 85' lang='lat' dir='ltr'><strong>salute</strong></span> <span class='ocrx_word' id='word_1_672' title='bbox 2265 4197 2458 4252; x_wconf 84' lang='lat' dir='ltr'><strong>collata</strong></span> <span class='ocrx_word' id='word_1_673' title='bbox 2482 4204 2623 4250; x_wconf 91' lang='lat' dir='ltr'><strong>sunt.</strong></span> <span class='ocrx_word' id='word_1_674' title='bbox 2655 4194 2895 4250; x_wconf 56' lang='lat' dir='ltr'><strong>Occurrit</strong></span> <span class='ocrx_word' id='word_1_675' title='bbox 2920 4194 3274 4247; x_wconf 87' lang='lat' dir='ltr'><strong>autemmenti</strong></span> <span class='ocrx_word' id='word_1_676' title='bbox 3300 4194 3395 4247; x_wconf 87' lang='lat' dir='ltr'><strong>ista</strong></span> <span class='ocrx_word' id='word_1_677' title='bbox 3426 4208 3523 4248; x_wconf 93' lang='lat' dir='ltr'><strong>co-</strong></span> 
     </span>
    </p>
   </div>
   <div class='ocr_carea' id='block_1_89' title="bbox 1941 4284 3523 4361">
    <p class='ocr_par' dir='ltr' id='par_1_89' title="bbox 1941 4284 3523 4361">
     <span class='ocr_line' id='line_1_89' title="bbox 1941 4284 3523 4361; baseline -0.004 -16"><span class='ocrx_word' id='word_1_678' title='bbox 1941 4292 2150 4361; x_wconf 88' lang='lat' dir='ltr'><strong>gitanti,</strong></span> <span class='ocrx_word' id='word_1_679' title='bbox 2182 4288 2327 4358; x_wconf 89' lang='lat' dir='ltr'><strong>quod</strong></span> <span class='ocrx_word' id='word_1_680' title='bbox 2371 4288 2437 4343; x_wconf 86' lang='lat' dir='ltr'><strong>de.</strong></span> <span class='ocrx_word' id='word_1_681' title='bbox 2485 4303 2593 4343; x_wconf 89' lang='lat' dir='ltr'><strong>uno</strong></span> <span class='ocrx_word' id='word_1_682' title='bbox 2622 4287 2717 4341; x_wconf 89' lang='lat' dir='ltr'><strong>Dei</strong></span> <span class='ocrx_word' id='word_1_683' title='bbox 2767 4284 2965 4341; x_wconf 89' lang='lat' dir='ltr'><strong>famulo</strong></span> <span class='ocrx_word' id='word_1_684' title='bbox 3009 4295 3184 4340; x_wconf 91' lang='lat' dir='ltr'><strong>actum</strong></span> <span class='ocrx_word' id='word_1_685' title='bbox 3242 4285 3310 4338; x_wconf 83' lang='lat' dir='ltr'><strong>sit</strong></span> <span class='ocrx_word' id='word_1_686' title='bbox 3360 4286 3523 4340; x_wconf 87' lang='lat' dir='ltr'><strong>etiam</strong></span> 
     </span>
    </p>
   </div>
   <div class='ocr_carea' id='block_1_90' title="bbox 1941 4376 3523 4452">
    <p class='ocr_par' dir='ltr' id='par_1_90' title="bbox 1941 4376 3523 4452">
     <span class='ocr_line' id='line_1_90' title="bbox 1941 4376 3523 4452; baseline -0.006 -13"><span class='ocrx_word' id='word_1_687' title='bbox 1941 4384 2153 4452; x_wconf 84' lang='lat' dir='ltr'><strong>egregie</strong></span> <span class='ocrx_word' id='word_1_688' title='bbox 2191 4382 2388 4437; x_wconf 89' lang='lat' dir='ltr'><strong>electo.</strong></span> <span class='ocrx_word' id='word_1_689' title='bbox 2419 4378 2579 4435; x_wconf 85' lang='lat' dir='ltr'><strong>Certe</strong></span> <span class='ocrx_word' id='word_1_690' title='bbox 2629 4379 2757 4431; x_wconf 90' lang='lat' dir='ltr'><strong>dum</strong></span> <span class='ocrx_word' id='word_1_691' title='bbox 2809 4376 3019 4447; x_wconf 76' lang='lat' dir='ltr'><strong>Moyses</strong></span> <span class='ocrx_word' id='word_1_692' title='bbox 3048 4376 3139 4430; x_wconf 90' lang='lat' dir='ltr'><strong>Dei</strong></span> <span class='ocrx_word' id='word_1_693' title='bbox 3170 4376 3424 4444; x_wconf 84' lang='lat' dir='ltr'><strong>pepulum</strong></span> <span class='ocrx_word' id='word_1_694' title='bbox 3455 4391 3523 4431; x_wconf 79' lang='lat' dir='ltr'><strong>ex</strong></span> 
     </span>
    </p>
   </div>
   <div class='ocr_carea' id='block_1_91' title="bbox 1941 4468 3523 4547">
    <p class='ocr_par' dir='ltr' id='par_1_91' title="bbox 1941 4468 3523 4547">
     <span class='ocr_line' id='line_1_91' title="bbox 1941 4468 3523 4547; baseline -0.004 -17"><span class='ocrx_word' id='word_1_695' title='bbox 1941 4475 2177 4547; x_wconf 64' lang='lat' dir='ltr'><strong>Aigypto</strong></span> <span class='ocrx_word' id='word_1_696' title='bbox 2207 4475 2480 4539; x_wconf 88' lang='lat' dir='ltr'><strong>educeret,</strong></span> <span class='ocrx_word' id='word_1_697' title='bbox 2513 4473 2646 4526; x_wconf 86' lang='lat' dir='ltr'><strong>mira</strong></span> <span class='ocrx_word' id='word_1_698' title='bbox 2680 4471 2843 4542; x_wconf 82' lang='lat' dir='ltr'><strong>[sicut</strong></span> <span class='ocrx_word' id='word_1_699' title='bbox 2888 4478 2974 4523; x_wconf 90' lang='lat' dir='ltr'><strong>tua</strong></span> <span class='ocrx_word' id='word_1_700' title='bbox 3016 4468 3324 4522; x_wconf 65' lang='lat' dir='ltr'><strong>fraternitas</strong></span> <span class='ocrx_word' id='word_1_701' title='bbox 3356 4470 3523 4540; x_wconf 81' lang='lat' dir='ltr'><strong>novit]</strong></span> 
     </span>
    </p>
   </div>
   <div class='ocr_carea' id='block_1_92' title="bbox 1944 4560 3523 4639">
    <p class='ocr_par' dir='ltr' id='par_1_92' title="bbox 1944 4560 3523 4639">
     <span class='ocr_line' id='line_1_92' title="bbox 1944 4560 3523 4639; baseline -0.006 -15"><span class='ocrx_word' id='word_1_702' title='bbox 1944 4571 2092 4639; x_wconf 90' lang='lat' dir='ltr'><strong>signa</strong></span> <span class='ocrx_word' id='word_1_703' title='bbox 2124 4569 2175 4621; x_wconf 90' lang='lat' dir='ltr'><strong>in</strong></span> <span class='ocrx_word' id='word_1_704' title='bbox 2197 4567 2435 4636; x_wconf 63' lang='lat' dir='ltr'><strong>Egypto</strong></span> <span class='ocrx_word' id='word_1_705' title='bbox 2457 4574 2708 4634; x_wconf 89' lang='lat' dir='ltr'><strong>operatus</strong></span> <span class='ocrx_word' id='word_1_706' title='bbox 2732 4572 2830 4616; x_wconf 91' lang='lat' dir='ltr'><strong>est.</strong></span> <span class='ocrx_word' id='word_1_707' title='bbox 2861 4562 2916 4613; x_wconf 91' lang='lat' dir='ltr'><strong>In</strong></span> <span class='ocrx_word' id='word_1_708' title='bbox 2940 4560 3065 4614; x_wconf 88' lang='lat' dir='ltr'><strong>Sina</strong></span> <span class='ocrx_word' id='word_1_709' title='bbox 3090 4569 3273 4615; x_wconf 89' lang='lat' dir='ltr'><strong>monte</strong></span> <span class='ocrx_word' id='word_1_710' title='bbox 3294 4563 3523 4629; x_wconf 82' lang='lat' dir='ltr'><strong>quadra-</strong></span> 
     </span>
    </p>
   </div>
   <div class='ocr_carea' id='block_1_93' title="bbox 247 4636 3525 4736">
    <p class='ocr_par' dir='ltr' id='par_1_93' title="bbox 247 4636 3525 4736">
     <span class='ocr_line' id='line_1_93' title="bbox 247 4636 3525 4736; baseline -0.004 -15"><span class='ocrx_word' id='word_1_711' title='bbox 247 4668 301 4722; x_wconf 89' lang='lat' dir='ltr'><strong>in</strong></span> <span class='ocrx_word' id='word_1_712' title='bbox 332 4670 572 4723; x_wconf 86' lang='lat' dir='ltr'><strong>omnium</strong></span> <span class='ocrx_word' id='word_1_713' title='bbox 620 4670 784 4725; x_wconf 90' lang='lat' dir='ltr'><strong>corde</strong></span> <span class='ocrx_word' id='word_1_714' title='bbox 823 4646 945 4725; x_wconf 88' lang='lat' dir='ltr'><strong>lidel</strong></span> <span class='ocrx_word' id='word_1_715' title='bbox 969 4686 1055 4723; x_wconf 92' lang='lat' dir='ltr'><strong>um</strong></span> <span class='ocrx_word' id='word_1_716' title='bbox 1087 4670 1245 4723; x_wconf 90' lang='lat' dir='ltr'><strong>fuerit</strong></span> <span class='ocrx_word' id='word_1_717' title='bbox 1284 4676 1470 4723; x_wconf 85' lang='lat' dir='ltr'><strong>exorta</strong></span> <span class='ocrx_word' id='word_1_718' title='bbox 1510 4668 1654 4736; x_wconf 91' lang='lat' dir='ltr'><strong>quod</strong></span> <span class='ocrx_word' id='word_1_719' title='bbox 1702 4682 1832 4736; x_wconf 88' lang='lat' dir='ltr'><strong>gens</strong></span> <span class='ocrx_word' id='word_1_720' title='bbox 1869 4636 1912 4693; x_wconf 76' lang='grc' dir='ltr'>υ</span> <span class='ocrx_word' id='word_1_721' title='bbox 1937 4665 2078 4733; x_wconf 85' lang='lat' dir='ltr'><strong>ginta</strong></span> <span class='ocrx_word' id='word_1_722' title='bbox 2099 4661 2284 4715; x_wconf 89' lang='lat' dir='ltr'><strong>diebus</strong></span> <span class='ocrx_word' id='word_1_723' title='bbox 2306 4676 2367 4714; x_wconf 92' lang='lat' dir='ltr'><strong>ac</strong></span> <span class='ocrx_word' id='word_1_724' title='bbox 2398 4658 2641 4713; x_wconf 89' lang='lat' dir='ltr'><strong>noctibus</strong></span> <span class='ocrx_word' id='word_1_725' title='bbox 2652 4652 3044 4724; x_wconf 80' lang='lat' dir='ltr'><strong>jejunanslegis</strong></span> <span class='ocrx_word' id='word_1_726' title='bbox 3060 4652 3263 4707; x_wconf 77' lang='lat' dir='ltr'><strong>tabulas</strong></span> <span class='ocrx_word' id='word_1_727' title='bbox 3284 4653 3525 4721; x_wconf 88' lang='lat' dir='ltr'><strong>accepit;</strong></span> 
     </span>
    </p>
   </div>
   <div class='ocr_carea' id='block_1_94' title="bbox 249 4759 1836 4831">
    <p class='ocr_par' dir='ltr' id='par_1_94' title="bbox 249 4759 1836 4831">
     <span class='ocr_line' id='line_1_94' title="bbox 249 4759 1836 4831; baseline -0.001 -15"><span class='ocrx_word' id='word_1_728' title='bbox 249 4759 577 4829; x_wconf 84' lang='lat' dir='ltr'><strong>Anglorum,</strong></span> <span class='ocrx_word' id='word_1_729' title='bbox 611 4771 869 4829; x_wconf 88' lang='lat' dir='ltr'><strong>operante</strong></span> <span class='ocrx_word' id='word_1_730' title='bbox 913 4761 1305 4831; x_wconf 90' lang='lat' dir='ltr'><strong>Omnipotentis</strong></span> <span class='ocrx_word' id='word_1_731' title='bbox 1332 4761 1503 4830; x_wconf 88' lang='lat' dir='ltr'><strong>gratia</strong></span> <span class='ocrx_word' id='word_1_732' title='bbox 1534 4772 1585 4815; x_wconf 89' lang='lat' dir='ltr'><strong>et</strong></span> <span class='ocrx_word' id='word_1_733' title='bbox 1617 4771 1705 4814; x_wconf 90' lang='lat' dir='ltr'><strong>tua</strong></span> <span class='ocrx_word' id='word_1_734' title='bbox 1732 4760 1836 4815; x_wconf 82' lang='lat' dir='ltr'><strong>fra-</strong></span> 
     </span>
    </p>
   </div>
   <div class='ocr_carea' id='block_1_95' title="bbox 248 4850 1835 4922">
    <p class='ocr_par' dir='ltr' id='par_1_95' title="bbox 248 4850 1835 4922">
     <span class='ocr_line' id='line_1_95' title="bbox 248 4850 1835 4922; baseline 0.003 -20"><span class='ocrx_word' id='word_1_735' title='bbox 248 4850 507 4905; x_wconf 86' lang='lat' dir='ltr'><strong>ternitate</strong></span> <span class='ocrx_word' id='word_1_736' title='bbox 534 4850 841 4920; x_wconf 88' lang='lat' dir='ltr'><strong>laborante,</strong></span> <span class='ocrx_word' id='word_1_737' title='bbox 871 4852 1107 4922; x_wconf 84' lang='lat' dir='ltr'><strong>expulsis</strong></span> <span class='ocrx_word' id='word_1_738' title='bbox 1138 4868 1382 4908; x_wconf 90' lang='lat' dir='ltr'><strong>errorum</strong></span> <span class='ocrx_word' id='word_1_739' title='bbox 1417 4852 1649 4907; x_wconf 86' lang='lat' dir='ltr'><strong>tenebris</strong></span> <span class='ocrx_word' id='word_1_740' title='bbox 1676 4860 1835 4907; x_wconf 74' lang='lat' dir='ltr'><strong>tantm</strong></span> 
     </span>
    </p>
   </div>
   <div class='ocr_carea' id='block_1_96' title="bbox 247 4937 1833 5017">
    <p class='ocr_par' dir='ltr' id='par_1_96' title="bbox 247 4937 1833 5017">
     <span class='ocr_line' id='line_1_96' title="bbox 247 4937 1833 5017; baseline 0.006 -26"><span class='ocrx_word' id='word_1_741' title='bbox 247 4937 370 4995; x_wconf 83' lang='lat' dir='ltr'><strong>fidei</strong></span> <span class='ocrx_word' id='word_1_742' title='bbox 412 4941 531 4997; x_wconf 86' lang='lat' dir='ltr'><strong>luce</strong></span> <span class='ocrx_word' id='word_1_743' title='bbox 562 4942 775 5011; x_wconf 88' lang='lat' dir='ltr'><strong>perfusa</strong></span> <span class='ocrx_word' id='word_1_744' title='bbox 803 4953 919 5010; x_wconf 90' lang='lat' dir='ltr'><strong>est,</strong></span> <span class='ocrx_word' id='word_1_745' title='bbox 947 4944 1090 5014; x_wconf 72' lang='lat' dir='ltr'><strong>quod</strong></span> <span class='ocrx_word' id='word_1_746' title='bbox 1119 4954 1300 5000; x_wconf 91' lang='lat' dir='ltr'><strong>mente</strong></span> <span class='ocrx_word' id='word_1_747' title='bbox 1346 4947 1688 5017; x_wconf 86' lang='lat' dir='ltr'><strong>integerrima</strong></span> <span class='ocrx_word' id='word_1_748' title='bbox 1725 4946 1833 5016; x_wconf 91' lang='lat' dir='ltr'><strong>jam</strong></span> 
     </span>
    </p>
   </div>
   <div class='ocr_carea' id='block_1_97' title="bbox 249 5030 1834 5106">
    <p class='ocr_par' dir='ltr' id='par_1_97' title="bbox 249 5030 1834 5106">
     <span class='ocr_line' id='line_1_97' title="bbox 249 5030 1834 5106; baseline 0.004 -21"><span class='ocrx_word' id='word_1_749' title='bbox 249 5030 428 5085; x_wconf 86' lang='lat' dir='ltr'><strong>calcat</strong></span> <span class='ocrx_word' id='word_1_750' title='bbox 457 5032 619 5100; x_wconf 87' lang='lat' dir='ltr'><strong>idola,</strong></span> <span class='ocrx_word' id='word_1_751' title='bbox 643 5035 837 5105; x_wconf 90' lang='lat' dir='ltr'><strong>quibus</strong></span> <span class='ocrx_word' id='word_1_752' title='bbox 868 5036 1015 5104; x_wconf 78' lang='lat' dir='ltr'><strong>prius</strong></span> <span class='ocrx_word' id='word_1_753' title='bbox 1045 5052 1241 5092; x_wconf 88' lang='lat' dir='ltr'><strong>vesano</strong></span> <span class='ocrx_word' id='word_1_754' title='bbox 1270 5038 1463 5092; x_wconf 90' lang='lat' dir='ltr'><strong>timore</strong></span> <span class='ocrx_word' id='word_1_755' title='bbox 1487 5037 1834 5106; x_wconf 83' lang='lat' dir='ltr'><strong>subjacebat;</strong></span> 
     </span>
    </p>
   </div>
   <div class='ocr_carea' id='block_1_98' title="bbox 245 5121 1835 5197">
    <p class='ocr_par' dir='ltr' id='par_1_98' title="bbox 245 5121 1835 5197">
     <span class='ocr_line' id='line_1_98' title="bbox 245 5121 1835 5197; baseline 0.006 -24"><span class='ocrx_word' id='word_1_756' title='bbox 245 5121 393 5189; x_wconf 89' lang='lat' dir='ltr'><strong>quod</strong></span> <span class='ocrx_word' id='word_1_757' title='bbox 422 5123 776 5193; x_wconf 89' lang='lat' dir='ltr'><strong>omnipotenti</strong></span> <span class='ocrx_word' id='word_1_758' title='bbox 794 5124 905 5180; x_wconf 92' lang='lat' dir='ltr'><strong>Deo</strong></span> <span class='ocrx_word' id='word_1_759' title='bbox 933 5142 1068 5196; x_wconf 91' lang='lat' dir='ltr'><strong>puro</strong></span> <span class='ocrx_word' id='word_1_760' title='bbox 1097 5127 1258 5182; x_wconf 90' lang='lat' dir='ltr'><strong>corde</strong></span> <span class='ocrx_word' id='word_1_761' title='bbox 1279 5127 1663 5193; x_wconf 87' lang='lat' dir='ltr'><strong>substernitur;</strong></span> <span class='ocrx_word' id='word_1_762' title='bbox 1694 5130 1835 5197; x_wconf 89' lang='lat' dir='ltr'><strong>quod</strong></span> 
     </span>
    </p>
   </div>
   <div class='ocr_carea' id='block_1_99' title="bbox 246 5213 1836 5289">
    <p class='ocr_par' dir='ltr' id='par_1_99' title="bbox 246 5213 1836 5289">
     <span class='ocr_line' id='line_1_99' title="bbox 246 5213 1836 5289; baseline 0.005 -24"><span class='ocrx_word' id='word_1_763' title='bbox 246 5213 449 5282; x_wconf 86' lang='lat' dir='ltr'><strong>apravi</strong></span> <span class='ocrx_word' id='word_1_764' title='bbox 485 5217 661 5284; x_wconf 90' lang='lat' dir='ltr'><strong>operis</strong></span> <span class='ocrx_word' id='word_1_765' title='bbox 692 5216 924 5287; x_wconf 49' lang='lat' dir='ltr'><strong>lapsibus</strong></span> <span class='ocrx_word' id='word_1_766' title='bbox 977 5226 1177 5273; x_wconf 68' lang='lat' dir='ltr'><strong>sanctm</strong></span> <span class='ocrx_word' id='word_1_767' title='bbox 1218 5220 1610 5289; x_wconf 81' lang='lat' dir='ltr'><strong>praedicationis</strong></span> <span class='ocrx_word' id='word_1_768' title='bbox 1658 5220 1836 5289; x_wconf 86' lang='lat' dir='ltr'><strong>regula</strong></span> 
     </span>
    </p>
   </div>
   <div class='ocr_carea' id='block_1_100' title="bbox 247 5307 1836 5381">
    <p class='ocr_par' dir='ltr' id='par_1_100' title="bbox 247 5307 1836 5381">
     <span class='ocr_line' id='line_1_100' title="bbox 247 5307 1836 5381; baseline 0.001 -18"><span class='ocrx_word' id='word_1_769' title='bbox 247 5307 481 5376; x_wconf 81' lang='lat' dir='ltr'><strong>ligatur;</strong></span> <span class='ocrx_word' id='word_1_770' title='bbox 512 5309 652 5376; x_wconf 86' lang='lat' dir='ltr'><strong>quod</strong></span> <span class='ocrx_word' id='word_1_771' title='bbox 678 5311 959 5380; x_wconf 61' lang='lat' dir='ltr'><strong>prarceptis</strong></span> <span class='ocrx_word' id='word_1_772' title='bbox 989 5310 1183 5366; x_wconf 88' lang='lat' dir='ltr'><strong>divinis</strong></span> <span class='ocrx_word' id='word_1_773' title='bbox 1211 5312 1391 5367; x_wconf 88' lang='lat' dir='ltr'><strong>animo</strong></span> <span class='ocrx_word' id='word_1_774' title='bbox 1412 5311 1653 5381; x_wconf 89' lang='lat' dir='ltr'><strong>subjacet</strong></span> <span class='ocrx_word' id='word_1_775' title='bbox 1674 5319 1728 5365; x_wconf 89' lang='lat' dir='ltr'><strong>et</strong></span> <span class='ocrx_word' id='word_1_776' title='bbox 1755 5312 1836 5365; x_wconf 80' lang='lat' dir='ltr'><strong>in~</strong></span> 
     </span>
    </p>
   </div>
   <div class='ocr_carea' id='block_1_101' title="bbox 251 5399 1838 5472">
    <p class='ocr_par' dir='ltr' id='par_1_101' title="bbox 251 5399 1838 5472">
     <span class='ocr_line' id='line_1_101' title="bbox 251 5399 1838 5472; baseline 0.001 -17"><span class='ocrx_word' id='word_1_777' title='bbox 251 5399 470 5455; x_wconf 83' lang='lat' dir='ltr'><strong>tellectu</strong></span> <span class='ocrx_word' id='word_1_778' title='bbox 500 5402 842 5469; x_wconf 63' lang='lat' dir='ltr'><strong>subievatur;</strong></span> <span class='ocrx_word' id='word_1_779' title='bbox 872 5404 1017 5472; x_wconf 85' lang='lat' dir='ltr'><strong>quod</strong></span> <span class='ocrx_word' id='word_1_780' title='bbox 1041 5417 1210 5472; x_wconf 90' lang='lat' dir='ltr'><strong>usque</strong></span> <span class='ocrx_word' id='word_1_781' title='bbox 1235 5405 1300 5458; x_wconf 91' lang='lat' dir='ltr'><strong>ad</strong></span> <span class='ocrx_word' id='word_1_782' title='bbox 1328 5412 1525 5459; x_wconf 88' lang='lat' dir='ltr'><strong>terram</strong></span> <span class='ocrx_word' id='word_1_783' title='bbox 1556 5419 1615 5459; x_wconf 90' lang='lat' dir='ltr'><strong>se</strong></span> <span class='ocrx_word' id='word_1_784' title='bbox 1642 5404 1692 5458; x_wconf 91' lang='lat' dir='ltr'><strong>in</strong></span> <span class='ocrx_word' id='word_1_785' title='bbox 1718 5418 1838 5458; x_wconf 91' lang='lat' dir='ltr'><strong>ora-</strong></span> 
     </span>
    </p>
   </div>
   <div class='ocr_carea' id='block_1_102' title="bbox 253 5490 1842 5562">
    <p class='ocr_par' dir='ltr' id='par_1_102' title="bbox 253 5490 1842 5562">
     <span class='ocr_line' id='line_1_102' title="bbox 253 5490 1842 5562; baseline 0.003 -21"><span class='ocrx_word' id='word_1_786' title='bbox 253 5490 403 5544; x_wconf 88' lang='lat' dir='ltr'><strong>tione</strong></span> <span class='ocrx_word' id='word_1_787' title='bbox 432 5490 696 5557; x_wconf 78' lang='lat' dir='ltr'><strong>ltumiliat,</strong></span> <span class='ocrx_word' id='word_1_788' title='bbox 728 5507 795 5547; x_wconf 91' lang='lat' dir='ltr'><strong>ne</strong></span> <span class='ocrx_word' id='word_1_789' title='bbox 824 5500 1004 5547; x_wconf 88' lang='lat' dir='ltr'><strong>mente</strong></span> <span class='ocrx_word' id='word_1_790' title='bbox 1028 5492 1208 5561; x_wconf 89' lang='lat' dir='ltr'><strong>jaceat</strong></span> <span class='ocrx_word' id='word_1_791' title='bbox 1238 5493 1291 5547; x_wconf 88' lang='lat' dir='ltr'><strong>in</strong></span> <span class='ocrx_word' id='word_1_792' title='bbox 1336 5503 1504 5560; x_wconf 87' lang='lat' dir='ltr'><strong>terra;</strong></span> <span class='ocrx_word' id='word_1_793' title='bbox 1538 5492 1691 5562; x_wconf 89' lang='lat' dir='ltr'><strong>cujus</strong></span> <span class='ocrx_word' id='word_1_794' title='bbox 1738 5491 1842 5546; x_wconf 89' lang='lat' dir='ltr'><strong>hoc</strong></span> 
     </span>
    </p>
   </div>
   <div class='ocr_carea' id='block_1_103' title="bbox 252 5582 1837 5654">
    <p class='ocr_par' dir='ltr' id='par_1_103' title="bbox 252 5582 1837 5654">
     <span class='ocr_line' id='line_1_103' title="bbox 252 5582 1837 5654; baseline 0.003 -21"><span class='ocrx_word' id='word_1_795' title='bbox 252 5598 386 5652; x_wconf 88' lang='lat' dir='ltr'><strong>opus</strong></span> <span class='ocrx_word' id='word_1_796' title='bbox 431 5591 513 5637; x_wconf 89' lang='lat' dir='ltr'><strong>est</strong></span> <span class='ocrx_word' id='word_1_797' title='bbox 535 5583 635 5636; x_wconf 86' lang='lat' dir='ltr'><strong>nisi</strong></span> <span class='ocrx_word' id='word_1_798' title='bbox 666 5599 780 5652; x_wconf 80' lang='lat' dir='ltr'><strong>ejus</strong></span> <span class='ocrx_word' id='word_1_799' title='bbox 809 5584 898 5653; x_wconf 85' lang='lat' dir='ltr'><strong>qui</strong></span> <span class='ocrx_word' id='word_1_800' title='bbox 926 5586 1032 5639; x_wconf 84' lang='lat' dir='ltr'><strong>ait:</strong></span> <span class='ocrx_word' id='word_1_801' title='bbox 1066 5584 1226 5639; x_wconf 86' lang='lat' dir='ltr'><strong>Pater</strong></span> <span class='ocrx_word' id='word_1_802' title='bbox 1252 5601 1406 5640; x_wconf 92' lang='lat' dir='ltr'><strong>meus</strong></span> <span class='ocrx_word' id='word_1_803' title='bbox 1459 5600 1628 5654; x_wconf 87' lang='lat' dir='ltr'><strong>usque</strong></span> <span class='ocrx_word' id='word_1_804' title='bbox 1674 5582 1837 5638; x_wconf 86' lang='lat' dir='ltr'><strong>modo</strong></span> 
     </span>
    </p>
   </div>
   <div class='ocr_carea' id='block_1_104' title="bbox 255 5676 1829 5747">
    <p class='ocr_par' dir='ltr' id='par_1_104' title="bbox 255 5676 1829 5747">
     <span class='ocr_line' id='line_1_104' title="bbox 255 5676 1829 5747; baseline 0.004 -24"><span class='ocrx_word' id='word_1_805' title='bbox 255 5682 507 5736; x_wconf 80' lang='lat' dir='ltr'><strong>operatur</strong></span> <span class='ocrx_word' id='word_1_806' title='bbox 533 5684 588 5729; x_wconf 89' lang='lat' dir='ltr'><strong>et</strong></span> <span class='ocrx_word' id='word_1_807' title='bbox 610 5690 710 5743; x_wconf 89' lang='lat' dir='ltr'><strong>ego</strong></span> <span class='ocrx_word' id='word_1_808' title='bbox 758 5693 954 5745; x_wconf 87' lang='lat' dir='ltr'><strong>operor</strong></span> <span class='ocrx_word' id='word_1_809' title='bbox 970 5677 1146 5736; x_wconf 80' lang='lat' dir='ltr'><strong>(Joan.</strong></span> <span class='ocrx_word' id='word_1_810' title='bbox 1181 5694 1254 5743; x_wconf 86' lang='lat' dir='ltr'><strong>tu,</strong></span> <span class='ocrx_word' id='word_1_811' title='bbox 1282 5678 1410 5747; x_wconf 76' lang='lat' dir='ltr'><strong>i7)?</strong></span> <span class='ocrx_word' id='word_1_812' title='bbox 1461 5676 1559 5744; x_wconf 85' lang='lat' dir='ltr'><strong>Qui</strong></span> <span class='ocrx_word' id='word_1_813' title='bbox 1589 5686 1643 5732; x_wconf 89' lang='lat' dir='ltr'><strong>ut</strong></span> <span class='ocrx_word' id='word_1_814' title='bbox 1673 5692 1829 5731; x_wconf 85' lang='lat' dir='ltr'><strong>mun-</strong></span> 
     </span>
    </p>
   </div>
   <div class='ocr_carea' id='block_1_105' title="bbox 327 5788 1250 5859">
    <p class='ocr_par' dir='ltr' id='par_1_105' title="bbox 327 5788 1250 5859">
     <span class='ocr_line' id='line_1_105' title="bbox 327 5788 1250 5859; baseline 0.004 -18"><span class='ocrx_word' id='word_1_815' title='bbox 327 5791 342 5809; x_wconf 83' lang='grc'>⁶</span> <span class='ocrx_word' id='word_1_816' title='bbox 382 5788 593 5859; x_wconf 78' lang='lat' dir='ltr'><strong>Aliquid</strong></span> <span class='ocrx_word' id='word_1_817' title='bbox 619 5791 804 5848; x_wconf 79' lang='lat' dir='ltr'><strong>deesse</strong></span> <span class='ocrx_word' id='word_1_818' title='bbox 833 5793 1011 5848; x_wconf 72' lang='lat' dir='ltr'><strong>videto</strong></span> <span class='ocrx_word' id='word_1_819' title='bbox 1033 5810 1061 5845; x_wconf 90' lang='grc'><strong>·.</strong></span> <span class='ocrx_word' id='word_1_820' title='bbox 1096 5791 1250 5845; x_wconf 79' lang='lat' dir='ltr'><strong>Eutr.</strong></span> 
     </span>
    </p>
   </div>
   <div class='ocr_carea' id='block_1_106' title="bbox 1941 4741 3525 4815">
    <p class='ocr_par' dir='ltr' id='par_1_106' title="bbox 1941 4741 3525 4815">
     <span class='ocr_line' id='line_1_106' title="bbox 1941 4741 3525 4815; baseline -0.008 -7"><span class='ocrx_word' id='word_1_821' title='bbox 1941 4755 2077 4809; x_wconf 92' lang='lat' dir='ltr'><strong>inter</strong></span> <span class='ocrx_word' id='word_1_822' title='bbox 2099 4766 2354 4806; x_wconf 89' lang='lat' dir='ltr'><strong>coruscos</strong></span> <span class='ocrx_word' id='word_1_823' title='bbox 2380 4749 2648 4804; x_wconf 90' lang='lat' dir='ltr'><strong>touitruos</strong></span> <span class='ocrx_word' id='word_1_824' title='bbox 2691 4745 2819 4815; x_wconf 69' lang='lat' dir='ltr'><strong>ML,</strong></span> <span class='ocrx_word' id='word_1_825' title='bbox 2852 4752 2906 4798; x_wconf 93' lang='lat' dir='ltr'><strong>et</strong></span> <span class='ocrx_word' id='word_1_826' title='bbox 2936 4741 3211 4813; x_wconf 85' lang='lat' dir='ltr'><strong>tonitrua],</strong></span> <span class='ocrx_word' id='word_1_827' title='bbox 3243 4743 3525 4812; x_wconf 80' lang='lat' dir='ltr'><strong>pertimes-</strong></span> 
     </span>
    </p>
   </div>
   <div class='ocr_carea' id='block_1_107' title="bbox 1939 4834 3520 4911">
    <p class='ocr_par' dir='ltr' id='par_1_107' title="bbox 1939 4834 3520 4911">
     <span class='ocr_line' id='line_1_107' title="bbox 1939 4834 3520 4911; baseline -0.008 -11"><span class='ocrx_word' id='word_1_828' title='bbox 1939 4853 2095 4900; x_wconf 90' lang='lat' dir='ltr'><strong>cente</strong></span> <span class='ocrx_word' id='word_1_829' title='bbox 2123 4843 2266 4897; x_wconf 90' lang='lat' dir='ltr'><strong>omni</strong></span> <span class='ocrx_word' id='word_1_830' title='bbox 2306 4840 2535 4911; x_wconf 90' lang='lat' dir='ltr'><strong>populo,</strong></span> <span class='ocrx_word' id='word_1_831' title='bbox 2568 4837 2950 4907; x_wconf 82' lang='lat' dir='ltr'><strong>omnipotentis</strong></span> <span class='ocrx_word' id='word_1_832' title='bbox 2973 4835 3064 4889; x_wconf 90' lang='lat' dir='ltr'><strong>Dei</strong></span> <span class='ocrx_word' id='word_1_833' title='bbox 3092 4834 3309 4889; x_wconf 86' lang='lat' dir='ltr'><strong>servitio</strong></span> <span class='ocrx_word' id='word_1_834' title='bbox 3339 4835 3484 4889; x_wconf 88' lang='lat' dir='ltr'><strong>solus</strong></span> <span class='ocrx_word' id='word_1_835' title='bbox 3505 4876 3520 4898; x_wconf 90' lang='lat'><strong>,</strong></span> 
     </span>
    </p>
   </div>
   <div class='ocr_carea' id='block_1_108' title="bbox 1941 4926 3519 4998">
    <p class='ocr_par' dir='ltr' id='par_1_108' title="bbox 1941 4926 3519 4998">
     <span class='ocr_line' id='line_1_108' title="bbox 1941 4926 3519 4998; baseline -0.009 -5"><span class='ocrx_word' id='word_1_836' title='bbox 1941 4936 2188 4993; x_wconf 65' lang='lat' dir='ltr'><strong>familiari</strong></span> <span class='ocrx_word' id='word_1_837' title='bbox 2220 4936 2379 4989; x_wconf 84' lang='lat' dir='ltr'><strong>etiam</strong></span> <span class='ocrx_word' id='word_1_838' title='bbox 2411 4933 2772 4988; x_wconf 83' lang='lat' dir='ltr'><strong>collocatione</strong></span> <span class='ocrx_word' id='word_1_839' title='bbox 2799 4929 3117 4998; x_wconf 82' lang='lat' dir='ltr'><strong>conjunctus</strong></span> <span class='ocrx_word' id='word_1_840' title='bbox 3141 4936 3253 4992; x_wconf 91' lang='lat' dir='ltr'><strong>est;</strong></span> <span class='ocrx_word' id='word_1_841' title='bbox 3283 4926 3519 4981; x_wconf 81' lang='lat' dir='ltr'><strong>Rubrum</strong></span> 
     </span>
    </p>
   </div>
   <div class='ocr_carea' id='block_1_109' title="bbox 1944 5020 3522 5098">
    <p class='ocr_par' dir='ltr' id='par_1_109' title="bbox 1944 5020 3522 5098">
     <span class='ocr_line' id='line_1_109' title="bbox 1944 5020 3522 5098; baseline -0.009 -14"><span class='ocrx_word' id='word_1_842' title='bbox 1944 5045 2094 5085; x_wconf 90' lang='lat' dir='ltr'><strong>mare</strong></span> <span class='ocrx_word' id='word_1_843' title='bbox 2121 5027 2351 5098; x_wconf 89' lang='lat' dir='ltr'><strong>aperuit,</strong></span> <span class='ocrx_word' id='word_1_844' title='bbox 2384 5026 2433 5080; x_wconf 92' lang='lat' dir='ltr'><strong>in</strong></span> <span class='ocrx_word' id='word_1_845' title='bbox 2462 5026 2655 5079; x_wconf 88' lang='lat' dir='ltr'><strong>itinere</strong></span> <span class='ocrx_word' id='word_1_846' title='bbox 2683 5023 2874 5077; x_wconf 90' lang='lat' dir='ltr'><strong>ducem</strong></span> <span class='ocrx_word' id='word_1_847' title='bbox 2905 5021 3091 5075; x_wconf 73' lang='lat' dir='ltr'><strong>habuit</strong></span> <span class='ocrx_word' id='word_1_848' title='bbox 3130 5020 3286 5074; x_wconf 87' lang='lat' dir='ltr'><strong>nubis</strong></span> <span class='ocrx_word' id='word_1_849' title='bbox 3318 5020 3522 5074; x_wconf 88' lang='lat' dir='ltr'><strong>eolum-</strong></span> 
     </span>
    </p>
   </div>
   <div class='ocr_carea' id='block_1_110' title="bbox 1942 5112 3524 5188">
    <p class='ocr_par' dir='ltr' id='par_1_110' title="bbox 1942 5112 3524 5188">
     <span class='ocr_line' id='line_1_110' title="bbox 1942 5112 3524 5188; baseline -0.009 -13"><span class='ocrx_word' id='word_1_850' title='bbox 1942 5136 2085 5183; x_wconf 90' lang='lat' dir='ltr'><strong>natu,</strong></span> <span class='ocrx_word' id='word_1_851' title='bbox 2119 5118 2373 5175; x_wconf 90' lang='lat' dir='ltr'><strong>esurienti</strong></span> <span class='ocrx_word' id='word_1_852' title='bbox 2400 5116 2597 5188; x_wconf 90' lang='lat' dir='ltr'><strong>populo</strong></span> <span class='ocrx_word' id='word_1_853' title='bbox 2619 5130 2813 5169; x_wconf 90' lang='lat' dir='ltr'><strong>manna</strong></span> <span class='ocrx_word' id='word_1_854' title='bbox 2843 5114 2908 5169; x_wconf 90' lang='lat' dir='ltr'><strong>de</strong></span> <span class='ocrx_word' id='word_1_855' title='bbox 2939 5114 3075 5169; x_wconf 77' lang='lat' dir='ltr'><strong>cmlo</strong></span> <span class='ocrx_word' id='word_1_856' title='bbox 3102 5112 3378 5183; x_wconf 87' lang='lat' dir='ltr'><strong>deposuit,</strong></span> <span class='ocrx_word' id='word_1_857' title='bbox 3404 5125 3524 5165; x_wconf 88' lang='lat' dir='ltr'><strong>car-</strong></span> 
     </span>
    </p>
   </div>
   <div class='ocr_carea' id='block_1_111' title="bbox 1944 5199 3523 5275">
    <p class='ocr_par' dir='ltr' id='par_1_111' title="bbox 1944 5199 3523 5275">
     <span class='ocr_line' id='line_1_111' title="bbox 1944 5199 3523 5275; baseline -0.01 -9"><span class='ocrx_word' id='word_1_858' title='bbox 1944 5226 2037 5266; x_wconf 90' lang='lat' dir='ltr'><strong>nes</strong></span> <span class='ocrx_word' id='word_1_859' title='bbox 2066 5210 2490 5266; x_wconf 86' lang='lat' dir='ltr'><strong>desiderantibus</strong></span> <span class='ocrx_word' id='word_1_860' title='bbox 2521 5221 2691 5275; x_wconf 87' lang='lat' dir='ltr'><strong>usque</strong></span> <span class='ocrx_word' id='word_1_861' title='bbox 2737 5204 2803 5259; x_wconf 90' lang='lat' dir='ltr'><strong>ad</strong></span> <span class='ocrx_word' id='word_1_862' title='bbox 2846 5204 3150 5259; x_wconf 87' lang='lat' dir='ltr'><strong>satietatem</strong></span> <span class='ocrx_word' id='word_1_863' title='bbox 3208 5202 3422 5254; x_wconf 86' lang='lat' dir='ltr'><strong>nimiam</strong></span> <span class='ocrx_word' id='word_1_864' title='bbox 3474 5199 3523 5251; x_wconf 92' lang='lat' dir='ltr'><strong>in</strong></span> 
     </span>
    </p>
   </div>
   <div class='ocr_carea' id='block_1_112' title="bbox 1944 5289 3525 5372">
    <p class='ocr_par' dir='ltr' id='par_1_112' title="bbox 1944 5289 3525 5372">
     <span class='ocr_line' id='line_1_112' title="bbox 1944 5289 3525 5372; baseline -0.012 -14"><span class='ocrx_word' id='word_1_865' title='bbox 1944 5319 2125 5358; x_wconf 91' lang='lat' dir='ltr'><strong>eremo</strong></span> <span class='ocrx_word' id='word_1_866' title='bbox 2157 5317 2251 5372; x_wconf 91' lang='lat' dir='ltr'><strong>per</strong></span> <span class='ocrx_word' id='word_1_867' title='bbox 2280 5299 2588 5355; x_wconf 89' lang='lat' dir='ltr'><strong>miraculum</strong></span> <span class='ocrx_word' id='word_1_868' title='bbox 2623 5296 2944 5351; x_wconf 87' lang='lat' dir='ltr'><strong>ministravit</strong></span> <span class='ocrx_word' id='word_1_869' title='bbox 2987 5313 2998 5348; x_wconf 91' lang='lat'><strong>:</strong></span> <span class='ocrx_word' id='word_1_870' title='bbox 3042 5294 3132 5349; x_wconf 84' lang='lat' dir='ltr'><strong>sed</strong></span> <span class='ocrx_word' id='word_1_871' title='bbox 3161 5307 3279 5347; x_wconf 90' lang='lat' dir='ltr'><strong>cum</strong></span> <span class='ocrx_word' id='word_1_872' title='bbox 3308 5290 3419 5358; x_wconf 88' lang='lat' dir='ltr'><strong>jam</strong></span> <span class='ocrx_word' id='word_1_873' title='bbox 3450 5289 3525 5342; x_wconf 86' lang='lat' dir='ltr'><strong>si-</strong></span> 
     </span>
    </p>
   </div>
   <div class='ocr_carea' id='block_1_113' title="bbox 1945 5376 3523 5465">
    <p class='ocr_par' dir='ltr' id='par_1_113' title="bbox 1945 5376 3523 5465">
     <span class='ocr_line' id='line_1_113' title="bbox 1945 5376 3523 5465; baseline -0.008 -17"><span class='ocrx_word' id='word_1_874' title='bbox 1945 5396 2011 5450; x_wconf 89' lang='lat' dir='ltr'><strong>tis</strong></span> <span class='ocrx_word' id='word_1_875' title='bbox 2039 5402 2279 5465; x_wconf 89' lang='lat' dir='ltr'><strong>tempore</strong></span> <span class='ocrx_word' id='word_1_876' title='bbox 2306 5376 2369 5446; x_wconf 88' lang='lat' dir='ltr'><strong>ad</strong></span> <span class='ocrx_word' id='word_1_877' title='bbox 2403 5402 2608 5462; x_wconf 87' lang='lat' dir='ltr'><strong>petram</strong></span> <span class='ocrx_word' id='word_1_878' title='bbox 2649 5398 2865 5445; x_wconf 90' lang='lat' dir='ltr'><strong>ventum</strong></span> <span class='ocrx_word' id='word_1_879' title='bbox 2926 5390 3129 5451; x_wconf 83' lang='lat' dir='ltr'><strong>luisset,</strong></span> <span class='ocrx_word' id='word_1_880' title='bbox 3179 5384 3385 5438; x_wconf 84' lang='lat' dir='ltr'><strong>diﬂisus</strong></span> <span class='ocrx_word' id='word_1_881' title='bbox 3410 5391 3523 5445; x_wconf 87' lang='lat' dir='ltr'><strong>est;</strong></span> 
     </span>
    </p>
   </div>
   <div class='ocr_carea' id='block_1_114' title="bbox 1946 5472 3523 5556">
    <p class='ocr_par' dir='ltr' id='par_1_114' title="bbox 1946 5472 3523 5556">
     <span class='ocr_line' id='line_1_114' title="bbox 1946 5472 3523 5556; baseline -0.009 -16"><span class='ocrx_word' id='word_1_882' title='bbox 1946 5500 2111 5556; x_wconf 88' lang='lat' dir='ltr'><strong>seque</strong></span> <span class='ocrx_word' id='word_1_883' title='bbox 2141 5484 2207 5538; x_wconf 91' lang='lat' dir='ltr'><strong>de</strong></span> <span class='ocrx_word' id='word_1_884' title='bbox 2262 5482 2446 5537; x_wconf 87' lang='lat' dir='ltr'><strong>eadem</strong></span> <span class='ocrx_word' id='word_1_885' title='bbox 2502 5496 2693 5551; x_wconf 90' lang='lat' dir='ltr'><strong>aquam</strong></span> <span class='ocrx_word' id='word_1_886' title='bbox 2725 5480 2956 5535; x_wconf 89' lang='lat' dir='ltr'><strong>educere</strong></span> <span class='ocrx_word' id='word_1_887' title='bbox 3013 5490 3170 5547; x_wconf 90' lang='lat' dir='ltr'><strong>posse</strong></span> <span class='ocrx_word' id='word_1_888' title='bbox 3224 5472 3523 5537; x_wconf 86' lang='lat' dir='ltr'><strong>dubitavit,</strong></span> 
     </span>
    </p>
   </div>
   <div class='ocr_carea' id='block_1_115' title="bbox 1944 5565 3524 5645">
    <p class='ocr_par' dir='ltr' id='par_1_115' title="bbox 1944 5565 3524 5645">
     <span class='ocr_line' id='line_1_115' title="bbox 1944 5565 3524 5645; baseline -0.008 -15"><span class='ocrx_word' id='word_1_889' title='bbox 1944 5591 2105 5643; x_wconf 87' lang='lat' dir='ltr'><strong>quam</strong></span> <span class='ocrx_word' id='word_1_890' title='bbox 2132 5574 2355 5645; x_wconf 88' lang='lat' dir='ltr'><strong>jubeule</strong></span> <span class='ocrx_word' id='word_1_891' title='bbox 2383 5574 2608 5628; x_wconf 90' lang='lat' dir='ltr'><strong>Domino</strong></span> <span class='ocrx_word' id='word_1_892' title='bbox 2638 5572 2800 5639; x_wconf 89' lang='lat' dir='ltr'><strong>largis</strong></span> <span class='ocrx_word' id='word_1_893' title='bbox 2842 5569 3026 5636; x_wconf 90' lang='lat' dir='ltr'><strong>utique</strong></span> <span class='ocrx_word' id='word_1_894' title='bbox 3056 5566 3266 5644; x_wconf 81' lang='lat' dir='ltr'><strong>fluentis</strong></span> <span class='ocrx_word' id='word_1_895' title='bbox 3291 5565 3524 5636; x_wconf 87' lang='lat' dir='ltr'><strong>aperuit.</strong></span> 
     </span>
    </p>
   </div>
   <div class='ocr_carea' id='block_1_116' title="bbox 1942 5656 3523 5740">
    <p class='ocr_par' dir='ltr' id='par_1_116' title="bbox 1942 5656 3523 5740">
     <span class='ocr_line' id='line_1_116' title="bbox 1942 5656 3523 5740; baseline -0.011 -14"><span class='ocrx_word' id='word_1_896' title='bbox 1942 5672 2148 5739; x_wconf 86' lang='lat' dir='ltr'><strong>Quanta</strong></span> <span class='ocrx_word' id='word_1_897' title='bbox 2179 5678 2355 5725; x_wconf 87' lang='lat' dir='ltr'><strong>autem</strong></span> <span class='ocrx_word' id='word_1_898' title='bbox 2376 5677 2495 5740; x_wconf 88' lang='lat' dir='ltr'><strong>post</strong></span> <span class='ocrx_word' id='word_1_899' title='bbox 2520 5667 2631 5723; x_wconf 65' lang='lat' dir='ltr'><strong>hate</strong></span> <span class='ocrx_word' id='word_1_900' title='bbox 2659 5682 2753 5738; x_wconf 87' lang='lat' dir='ltr'><strong>per</strong></span> <span class='ocrx_word' id='word_1_901' title='bbox 2777 5663 2987 5731; x_wconf 80' lang='lat' dir='ltr'><strong>triginta</strong></span> <span class='ocrx_word' id='word_1_902' title='bbox 3027 5670 3081 5714; x_wconf 90' lang='lat' dir='ltr'><strong>et</strong></span> <span class='ocrx_word' id='word_1_903' title='bbox 3123 5670 3246 5716; x_wconf 83' lang='lat' dir='ltr'><strong>octo</strong></span> <span class='ocrx_word' id='word_1_904' title='bbox 3276 5673 3445 5715; x_wconf 83' lang='lat' dir='ltr'><strong>annos</strong></span> <span class='ocrx_word' id='word_1_905' title='bbox 3471 5656 3523 5709; x_wconf 92' lang='lat' dir='ltr'><strong>iu</strong></span> 
     </span>
    </p>
   </div>
  </div>
