  <div class='ocr_page' id='page_1' title='image "/cluster/home/n/w/nwhite01/storage/ocr_20150623/80/hvd.32044015469422/041.png"; bbox 0 0 4118 6332; ppageno 0'>
   <div class='ocr_carea' id='block_1_1' title="bbox 569 315 623 369">
    <p class='ocr_par' dir='ltr' id='par_1_1' title="bbox 569 315 623 369">
     <span class='ocr_line' id='line_1_1' title="bbox 569 315 623 369; baseline 0 0"><span class='ocrx_word' id='word_1_1' title='bbox 569 315 623 369; x_wconf 68' lang='lat' dir='ltr'><strong>Ti</strong></span> 
     </span>
    </p>
   </div>
   <div class='ocr_carea' id='block_1_2' title="bbox 1349 310 3007 369">
    <p class='ocr_par' dir='ltr' id='par_1_2' title="bbox 1349 310 3007 369">
     <span class='ocr_line' id='line_1_2' title="bbox 1349 310 3007 369; baseline -0.001 -2"><span class='ocrx_word' id='word_1_2' title='bbox 1349 311 1655 369; x_wconf 66' lang='lat' dir='ltr'><strong>SANCTUS</strong></span> <span class='ocrx_word' id='word_1_3' title='bbox 1696 311 2129 368; x_wconf 75' lang='lat' dir='ltr'><strong>AUGUSTINUS</strong></span> <span class='ocrx_word' id='word_1_4' title='bbox 2170 310 2547 367; x_wconf 64' lang='lat' dir='ltr'><strong>ANGLOBUM</strong></span> <span class='ocrx_word' id='word_1_5' title='bbox 2593 311 3007 368; x_wconf 69' lang='lat' dir='ltr'><strong>APOSTOLUS.</strong></span> 
     </span>
    </p>
   </div>
   <div class='ocr_carea' id='block_1_3' title="bbox 3765 320 3835 373">
    <p class='ocr_par' dir='ltr' id='par_1_3' title="bbox 3765 320 3835 373">
     <span class='ocr_line' id='line_1_3' title="bbox 3765 320 3835 373; baseline 0.014 -1"><span class='ocrx_word' id='word_1_6' title='bbox 3765 320 3835 373; x_wconf 66' lang='grc' dir='ltr'>Η</span> 
     </span>
    </p>
   </div>
   <div class='ocr_carea' id='block_1_4' title="bbox 561 423 3834 498">
    <p class='ocr_par' dir='ltr' id='par_1_4' title="bbox 561 423 3834 498">
     <span class='ocr_line' id='line_1_4' title="bbox 561 423 3834 498; baseline 0.005 -26"><span class='ocrx_word' id='word_1_7' title='bbox 561 434 774 492; x_wconf 58' lang='lat' dir='ltr'><strong>deserto</strong></span> <span class='ocrx_word' id='word_1_8' title='bbox 802 428 1010 493; x_wconf 73' lang='lat' dir='ltr'><strong>fecerit,</strong></span> <span class='ocrx_word' id='word_1_9' title='bbox 1038 428 1156 498; x_wconf 79' lang='lat' dir='ltr'><strong>quis</strong></span> <span class='ocrx_word' id='word_1_10' title='bbox 1179 443 1514 494; x_wconf 83' lang='lat' dir='ltr'><strong>enumerare,</strong></span> <span class='ocrx_word' id='word_1_11' title='bbox 1545 426 1663 496; x_wconf 76' lang='lat' dir='ltr'><strong>quis</strong></span> <span class='ocrx_word' id='word_1_12' title='bbox 1693 427 2011 494; x_wconf 82' lang='lat' dir='ltr'><strong>investigare</strong></span> <span class='ocrx_word' id='word_1_13' title='bbox 2038 423 2144 482; x_wconf 89' lang='lat' dir='ltr'><strong>suf-</strong></span> <span class='ocrx_word' id='word_1_14' title='bbox 2177 431 2216 483; x_wconf 73' lang='grc' dir='ltr'><strong>Α</strong></span> <span class='ocrx_word' id='word_1_15' title='bbox 2253 425 2428 493; x_wconf 89' lang='lat' dir='ltr'><strong>igitrrr,</strong></span> <span class='ocrx_word' id='word_1_16' title='bbox 2461 423 2704 479; x_wconf 84' lang='lat' dir='ltr'><strong>dicamus</strong></span> <span class='ocrx_word' id='word_1_17' title='bbox 2736 441 2920 479; x_wconf 73' lang='lat' dir='ltr'><strong>ornncs</strong></span> <span class='ocrx_word' id='word_1_18' title='bbox 2949 443 2960 478; x_wconf 90' lang='lat'><strong>:</strong></span> <span class='ocrx_word' id='word_1_19' title='bbox 2986 423 3169 479; x_wconf 86' lang='lat' dir='ltr'><strong>Gloria</strong></span> <span class='ocrx_word' id='word_1_20' title='bbox 3212 427 3262 480; x_wconf 90' lang='lat' dir='ltr'><strong>in</strong></span> <span class='ocrx_word' id='word_1_21' title='bbox 3291 429 3520 482; x_wconf 71' lang='lat' dir='ltr'><strong>excelsis</strong></span> <span class='ocrx_word' id='word_1_22' title='bbox 3555 428 3667 485; x_wconf 85' lang='lat' dir='ltr'><strong>Deo</strong></span> <span class='ocrx_word' id='word_1_23' title='bbox 3694 439 3748 486; x_wconf 86' lang='lat' dir='ltr'><strong>et</strong></span> <span class='ocrx_word' id='word_1_24' title='bbox 3777 433 3834 490; x_wconf 84' lang='lat' dir='ltr'><strong>in</strong></span> 
     </span>
    </p>
   </div>
   <div class='ocr_carea' id='block_1_5' title="bbox 561 519 2141 592">
    <p class='ocr_par' dir='ltr' id='par_1_5' title="bbox 561 519 2141 592">
     <span class='ocr_line' id='line_1_5' title="bbox 561 519 2141 592; baseline -0.004 -11"><span class='ocrx_word' id='word_1_25' title='bbox 561 525 739 581; x_wconf 80' lang='lat' dir='ltr'><strong>ﬂciat?</strong></span> <span class='ocrx_word' id='word_1_26' title='bbox 777 523 1000 592; x_wconf 86' lang='lat' dir='ltr'><strong>Quoties</strong></span> <span class='ocrx_word' id='word_1_27' title='bbox 1037 538 1126 578; x_wconf 89' lang='lat' dir='ltr'><strong>res</strong></span> <span class='ocrx_word' id='word_1_28' title='bbox 1155 521 1314 576; x_wconf 91' lang='lat' dir='ltr'><strong>dubia</strong></span> <span class='ocrx_word' id='word_1_29' title='bbox 1347 521 1580 574; x_wconf 91' lang='lat' dir='ltr'><strong>animum</strong></span> <span class='ocrx_word' id='word_1_30' title='bbox 1614 519 1880 588; x_wconf 87' lang='lat' dir='ltr'><strong>pulsasset</strong></span> <span class='ocrx_word' id='word_1_31' title='bbox 1907 563 1921 585; x_wconf 96' lang='lat'><strong>,</strong></span> <span class='ocrx_word' id='word_1_32' title='bbox 1954 536 2141 574; x_wconf 87' lang='lat' dir='ltr'><strong>recur-</strong></span> 
     </span>
    </p>
   </div>
   <div class='ocr_carea' id='block_1_6' title="bbox 561 611 2140 684">
    <p class='ocr_par' dir='ltr' id='par_1_6' title="bbox 561 611 2140 684">
     <span class='ocr_line' id='line_1_6' title="bbox 561 611 2140 684; baseline -0.004 -10"><span class='ocrx_word' id='word_1_33' title='bbox 561 633 687 674; x_wconf 85' lang='lat' dir='ltr'><strong>rens</strong></span> <span class='ocrx_word' id='word_1_34' title='bbox 723 617 788 670; x_wconf 91' lang='lat' dir='ltr'><strong>ad</strong></span> <span class='ocrx_word' id='word_1_35' title='bbox 816 614 1219 670; x_wconf 70' lang='lat' dir='ltr'><strong>tabernaculum</strong></span> <span class='ocrx_word' id='word_1_36' title='bbox 1251 622 1461 666; x_wconf 90' lang='lat' dir='ltr'><strong>secreto</strong></span> <span class='ocrx_word' id='word_1_37' title='bbox 1490 611 1772 666; x_wconf 88' lang='lat' dir='ltr'><strong>Dorniurrrn</strong></span> <span class='ocrx_word' id='word_1_38' title='bbox 1797 613 2102 684; x_wconf 92' lang='lat' dir='ltr'><strong>requirebat</strong></span> <span class='ocrx_word' id='word_1_39' title='bbox 2127 656 2140 677; x_wconf 92' lang='lat'><strong>,</strong></span> 
     </span>
    </p>
   </div>
   <div class='ocr_carea' id='block_1_7' title="bbox 562 704 2144 779">
    <p class='ocr_par' dir='ltr' id='par_1_7' title="bbox 562 704 2144 779">
     <span class='ocr_line' id='line_1_7' title="bbox 562 704 2144 779; baseline -0.004 -15"><span class='ocrx_word' id='word_1_40' title='bbox 562 719 722 779; x_wconf 83' lang='lat' dir='ltr'><strong>atque</strong></span> <span class='ocrx_word' id='word_1_41' title='bbox 753 708 821 762; x_wconf 90' lang='lat' dir='ltr'><strong>de</strong></span> <span class='ocrx_word' id='word_1_42' title='bbox 849 723 910 763; x_wconf 91' lang='lat' dir='ltr'><strong>ea</strong></span> <span class='ocrx_word' id='word_1_43' title='bbox 942 708 1181 777; x_wconf 79' lang='lat' dir='ltr'><strong>protinus</strong></span> <span class='ocrx_word' id='word_1_44' title='bbox 1205 706 1312 759; x_wconf 90' lang='lat' dir='ltr'><strong>Deo</strong></span> <span class='ocrx_word' id='word_1_45' title='bbox 1337 704 1588 774; x_wconf 90' lang='lat' dir='ltr'><strong>loquente</strong></span> <span class='ocrx_word' id='word_1_46' title='bbox 1604 705 1916 759; x_wconf 82' lang='lat' dir='ltr'><strong>docebatur.</strong></span> <span class='ocrx_word' id='word_1_47' title='bbox 1949 705 2144 759; x_wconf 88' lang='lat' dir='ltr'><strong>lraturn</strong></span> 
     </span>
    </p>
   </div>
   <div class='ocr_carea' id='block_1_8' title="bbox 567 799 2143 872">
    <p class='ocr_par' dir='ltr' id='par_1_8' title="bbox 567 799 2143 872">
     <span class='ocr_line' id='line_1_8' title="bbox 567 799 2143 872; baseline -0.002 -16"><span class='ocrx_word' id='word_1_48' title='bbox 567 803 847 856; x_wconf 89' lang='lat' dir='ltr'><strong>Dominum</strong></span> <span class='ocrx_word' id='word_1_49' title='bbox 880 801 1077 870; x_wconf 90' lang='lat' dir='ltr'><strong>populo</strong></span> <span class='ocrx_word' id='word_1_50' title='bbox 1101 799 1346 872; x_wconf 80' lang='lat' dir='ltr'><strong>placabat</strong></span> <span class='ocrx_word' id='word_1_51' title='bbox 1374 814 1484 853; x_wconf 84' lang='lat' dir='ltr'><strong>suae</strong></span> <span class='ocrx_word' id='word_1_52' title='bbox 1505 799 1676 868; x_wconf 89' lang='lat' dir='ltr'><strong>preeis</strong></span> <span class='ocrx_word' id='word_1_53' title='bbox 1714 799 2106 853; x_wconf 86' lang='lat' dir='ltr'><strong>interventione</strong></span> <span class='ocrx_word' id='word_1_54' title='bbox 2129 816 2143 863; x_wconf 89' lang='lat'><strong>;</strong></span> 
     </span>
    </p>
   </div>
   <div class='ocr_carea' id='block_1_9' title="bbox 563 889 2148 960">
    <p class='ocr_par' dir='ltr' id='par_1_9' title="bbox 563 889 2148 960">
     <span class='ocr_line' id='line_1_9' title="bbox 563 889 2148 960; baseline -0.001 -12"><span class='ocrx_word' id='word_1_55' title='bbox 563 905 840 960; x_wconf 88' lang='lat' dir='ltr'><strong>srrrgentes</strong></span> <span class='ocrx_word' id='word_1_56' title='bbox 864 893 914 946; x_wconf 91' lang='lat' dir='ltr'><strong>in</strong></span> <span class='ocrx_word' id='word_1_57' title='bbox 937 891 1183 960; x_wconf 86' lang='lat' dir='ltr'><strong>superbia</strong></span> <span class='ocrx_word' id='word_1_58' title='bbox 1222 891 1466 956; x_wconf 82' lang='lat' dir='ltr'><strong>atquein</strong></span> <span class='ocrx_word' id='word_1_59' title='bbox 1513 890 1780 945; x_wconf 82' lang='lat' dir='ltr'><strong>discordia</strong></span> <span class='ocrx_word' id='word_1_60' title='bbox 1831 889 2148 946; x_wconf 78' lang='lat' dir='ltr'><strong>dissidentes</strong></span> 
     </span>
    </p>
   </div>
   <div class='ocr_carea' id='block_1_10' title="bbox 563 983 2148 1054">
    <p class='ocr_par' dir='ltr' id='par_1_10' title="bbox 563 983 2148 1054">
     <span class='ocr_line' id='line_1_10' title="bbox 563 983 2148 1054; baseline -0.001 -16"><span class='ocrx_word' id='word_1_61' title='bbox 563 984 886 1040; x_wconf 89' lang='lat' dir='ltr'><strong>dehiscentis</strong></span> <span class='ocrx_word' id='word_1_62' title='bbox 915 991 1067 1038; x_wconf 73' lang='lat' dir='ltr'><strong>terra:</strong></span> <span class='ocrx_word' id='word_1_63' title='bbox 1116 983 1337 1052; x_wconf 86' lang='lat' dir='ltr'><strong>(hiatus)</strong></span> <span class='ocrx_word' id='word_1_64' title='bbox 1370 983 1724 1047; x_wconf 85' lang='lat' dir='ltr'><strong>absorbebat,</strong></span> <span class='ocrx_word' id='word_1_65' title='bbox 1757 983 1997 1037; x_wconf 85' lang='lat' dir='ltr'><strong>victoriis</strong></span> <span class='ocrx_word' id='word_1_66' title='bbox 2025 1001 2148 1054; x_wconf 86' lang='lat' dir='ltr'><strong>pre-</strong></span> 
     </span>
    </p>
   </div>
   <div class='ocr_carea' id='block_1_11' title="bbox 564 1074 2144 1144">
    <p class='ocr_par' dir='ltr' id='par_1_11' title="bbox 564 1074 2144 1144">
     <span class='ocr_line' id='line_1_11' title="bbox 564 1074 2144 1144; baseline -0.001 -14"><span class='ocrx_word' id='word_1_67' title='bbox 564 1080 743 1133; x_wconf 70' lang='lat' dir='ltr'><strong>ruebat</strong></span> <span class='ocrx_word' id='word_1_68' title='bbox 772 1078 972 1142; x_wconf 86' lang='lat' dir='ltr'><strong>hostes,</strong></span> <span class='ocrx_word' id='word_1_69' title='bbox 995 1075 1144 1142; x_wconf 90' lang='lat' dir='ltr'><strong>signa</strong></span> <span class='ocrx_word' id='word_1_70' title='bbox 1169 1076 1498 1130; x_wconf 84' lang='lat' dir='ltr'><strong>monstrabat</strong></span> <span class='ocrx_word' id='word_1_71' title='bbox 1523 1075 1759 1129; x_wconf 91' lang='lat' dir='ltr'><strong>civibus:</strong></span> <span class='ocrx_word' id='word_1_72' title='bbox 1781 1074 1873 1130; x_wconf 89' lang='lat' dir='ltr'><strong>sed</strong></span> <span class='ocrx_word' id='word_1_73' title='bbox 1895 1091 2016 1129; x_wconf 92' lang='lat' dir='ltr'><strong>cum</strong></span> <span class='ocrx_word' id='word_1_74' title='bbox 2034 1075 2144 1144; x_wconf 86' lang='lat' dir='ltr'><strong>jam</strong></span> 
     </span>
    </p>
   </div>
   <div class='ocr_carea' id='block_1_12' title="bbox 562 1168 2146 1241">
    <p class='ocr_par' dir='ltr' id='par_1_12' title="bbox 562 1168 2146 1241">
     <span class='ocr_line' id='line_1_12' title="bbox 562 1168 2146 1241; baseline -0.001 -16"><span class='ocrx_word' id='word_1_75' title='bbox 562 1174 626 1225; x_wconf 82' lang='lat' dir='ltr'><strong>ad</strong></span> <span class='ocrx_word' id='word_1_76' title='bbox 651 1170 1082 1241; x_wconf 74' lang='lat' dir='ltr'><strong>repromissionis</strong></span> <span class='ocrx_word' id='word_1_77' title='bbox 1123 1179 1318 1223; x_wconf 91' lang='lat' dir='ltr'><strong>terram</strong></span> <span class='ocrx_word' id='word_1_78' title='bbox 1352 1168 1538 1222; x_wconf 73' lang='lat' dir='ltr'><strong>ftri~set</strong></span> <span class='ocrx_word' id='word_1_79' title='bbox 1570 1179 1816 1233; x_wconf 88' lang='lat' dir='ltr'><strong>ventum,</strong></span> <span class='ocrx_word' id='word_1_80' title='bbox 1839 1181 2066 1224; x_wconf 89' lang='lat' dir='ltr'><strong>vocatus</strong></span> <span class='ocrx_word' id='word_1_81' title='bbox 2094 1172 2146 1224; x_wconf 91' lang='lat' dir='ltr'><strong>in</strong></span> 
     </span>
    </p>
   </div>
   <div class='ocr_carea' id='block_1_13' title="bbox 563 1260 2147 1330">
    <p class='ocr_par' dir='ltr' id='par_1_13' title="bbox 563 1260 2147 1330">
     <span class='ocr_line' id='line_1_13' title="bbox 563 1260 2147 1330; baseline -0.002 -13"><span class='ocrx_word' id='word_1_82' title='bbox 563 1271 800 1318; x_wconf 85' lang='lat' dir='ltr'><strong>montem</strong></span> <span class='ocrx_word' id='word_1_83' title='bbox 823 1269 924 1323; x_wconf 89' lang='lat' dir='ltr'><strong>est,</strong></span> <span class='ocrx_word' id='word_1_84' title='bbox 957 1269 1008 1314; x_wconf 92' lang='lat' dir='ltr'><strong>et</strong></span> <span class='ocrx_word' id='word_1_85' title='bbox 1039 1275 1198 1330; x_wconf 92' lang='lat' dir='ltr'><strong>quam</strong></span> <span class='ocrx_word' id='word_1_86' title='bbox 1247 1260 1459 1328; x_wconf 87' lang='lat' dir='ltr'><strong>culpam</strong></span> <span class='ocrx_word' id='word_1_87' title='bbox 1492 1269 1617 1314; x_wconf 88' lang='lat' dir='ltr'><strong>ante</strong></span> <span class='ocrx_word' id='word_1_88' title='bbox 1673 1261 1888 1329; x_wconf 81' lang='lat' dir='ltr'><strong>triginta</strong></span> <span class='ocrx_word' id='word_1_89' title='bbox 1921 1270 1975 1315; x_wconf 90' lang='lat' dir='ltr'><strong>et</strong></span> <span class='ocrx_word' id='word_1_90' title='bbox 2021 1269 2147 1316; x_wconf 87' lang='lat' dir='ltr'><strong>octo</strong></span> 
     </span>
    </p>
   </div>
   <div class='ocr_carea' id='block_1_14' title="bbox 561 1348 2145 1422">
    <p class='ocr_par' dir='ltr' id='par_1_14' title="bbox 561 1348 2145 1422">
     <span class='ocr_line' id='line_1_14' title="bbox 561 1348 2145 1422; baseline -0.001 -16"><span class='ocrx_word' id='word_1_91' title='bbox 561 1368 731 1407; x_wconf 88' lang='lat' dir='ltr'><strong>annos</strong></span> <span class='ocrx_word' id='word_1_92' title='bbox 759 1357 838 1421; x_wconf 85' lang='lat' dir='ltr'><strong>(ut</strong></span> <span class='ocrx_word' id='word_1_93' title='bbox 866 1349 998 1422; x_wconf 82' lang='lat' dir='ltr'><strong>dixi)</strong></span> <span class='ocrx_word' id='word_1_94' title='bbox 1054 1348 1279 1416; x_wconf 83' lang='lat' dir='ltr'><strong>fecerat,</strong></span> <span class='ocrx_word' id='word_1_95' title='bbox 1327 1350 1550 1415; x_wconf 87' lang='lat' dir='ltr'><strong>audivit,</strong></span> <span class='ocrx_word' id='word_1_96' title='bbox 1583 1351 1708 1418; x_wconf 90' lang='lat' dir='ltr'><strong>quia</strong></span> <span class='ocrx_word' id='word_1_97' title='bbox 1755 1353 1822 1405; x_wconf 88' lang='lat' dir='ltr'><strong>de</strong></span> <span class='ocrx_word' id='word_1_98' title='bbox 1869 1351 2145 1406; x_wconf 87' lang='lat' dir='ltr'><strong>educenda</strong></span> 
     </span>
    </p>
   </div>
   <div class='ocr_carea' id='block_1_15' title="bbox 562 1442 2152 1516">
    <p class='ocr_par' dir='ltr' id='par_1_15' title="bbox 562 1442 2152 1516">
     <span class='ocr_line' id='line_1_15' title="bbox 562 1442 2152 1516; baseline -0.001 -18"><span class='ocrx_word' id='word_1_99' title='bbox 562 1459 699 1512; x_wconf 88' lang='lat' dir='ltr'><strong>aqua</strong></span> <span class='ocrx_word' id='word_1_100' title='bbox 728 1443 1026 1505; x_wconf 74' lang='lat' dir='ltr'><strong>dubitavit;</strong></span> <span class='ocrx_word' id='word_1_101' title='bbox 1064 1453 1116 1496; x_wconf 92' lang='lat' dir='ltr'><strong>ct</strong></span> <span class='ocrx_word' id='word_1_102' title='bbox 1146 1449 1366 1511; x_wconf 82' lang='lat' dir='ltr'><strong>prepter</strong></span> <span class='ocrx_word' id='word_1_103' title='bbox 1395 1442 1517 1504; x_wconf 91' lang='lat' dir='ltr'><strong>hoc,</strong></span> <span class='ocrx_word' id='word_1_104' title='bbox 1564 1443 1686 1512; x_wconf 92' lang='lat' dir='ltr'><strong>qrria</strong></span> <span class='ocrx_word' id='word_1_105' title='bbox 1726 1453 1922 1497; x_wconf 90' lang='lat' dir='ltr'><strong>terram</strong></span> <span class='ocrx_word' id='word_1_106' title='bbox 1963 1461 2152 1516; x_wconf 80' lang='lat' dir='ltr'><strong>repro-</strong></span> 
     </span>
    </p>
   </div>
   <div class='ocr_carea' id='block_1_16' title="bbox 561 1535 2147 1604">
    <p class='ocr_par' dir='ltr' id='par_1_16' title="bbox 561 1535 2147 1604">
     <span class='ocr_line' id='line_1_16' title="bbox 561 1535 2147 1604; baseline 0.002 -15"><span class='ocrx_word' id='word_1_107' title='bbox 561 1536 833 1591; x_wconf 76' lang='lat' dir='ltr'><strong>missionis</strong></span> <span class='ocrx_word' id='word_1_108' title='bbox 857 1535 1055 1588; x_wconf 85' lang='lat' dir='ltr'><strong>intrare</strong></span> <span class='ocrx_word' id='word_1_109' title='bbox 1089 1551 1192 1588; x_wconf 91' lang='lat' dir='ltr'><strong>non</strong></span> <span class='ocrx_word' id='word_1_110' title='bbox 1224 1544 1423 1604; x_wconf 77' lang='lat' dir='ltr'><strong>posset,</strong></span> <span class='ocrx_word' id='word_1_111' title='bbox 1454 1536 1690 1601; x_wconf 75' lang='lat' dir='ltr'><strong>agnovit.</strong></span> <span class='ocrx_word' id='word_1_112' title='bbox 1722 1535 1834 1602; x_wconf 85' lang='lat' dir='ltr'><strong>Qua</strong></span> <span class='ocrx_word' id='word_1_113' title='bbox 1869 1539 1918 1590; x_wconf 91' lang='lat' dir='ltr'><strong>in</strong></span> <span class='ocrx_word' id='word_1_114' title='bbox 1943 1553 2001 1592; x_wconf 91' lang='lat' dir='ltr'><strong>re</strong></span> <span class='ocrx_word' id='word_1_115' title='bbox 2018 1554 2147 1592; x_wconf 86' lang='lat' dir='ltr'><strong>corr-</strong></span> 
     </span>
    </p>
   </div>
   <div class='ocr_carea' id='block_1_17' title="bbox 562 1625 2149 1700">
    <p class='ocr_par' dir='ltr' id='par_1_17' title="bbox 562 1625 2149 1700">
     <span class='ocr_line' id='line_1_17' title="bbox 562 1625 2149 1700; baseline 0.003 -19"><span class='ocrx_word' id='word_1_116' title='bbox 562 1625 1086 1681; x_wconf 76' lang='lat' dir='ltr'><strong>siderandtrmnobis</strong></span> <span class='ocrx_word' id='word_1_117' title='bbox 1104 1634 1216 1692; x_wconf 87' lang='lat' dir='ltr'><strong>est,</strong></span> <span class='ocrx_word' id='word_1_118' title='bbox 1245 1643 1406 1695; x_wconf 90' lang='lat' dir='ltr'><strong>quam</strong></span> <span class='ocrx_word' id='word_1_119' title='bbox 1459 1627 1750 1681; x_wconf 88' lang='lat' dir='ltr'><strong>tirrrerrdum</strong></span> <span class='ocrx_word' id='word_1_120' title='bbox 1792 1630 1861 1682; x_wconf 88' lang='lat' dir='ltr'><strong>sit</strong></span> <span class='ocrx_word' id='word_1_121' title='bbox 1903 1633 2149 1700; x_wconf 89' lang='lat' dir='ltr'><strong>omnipo-</strong></span> 
     </span>
    </p>
   </div>
   <div class='ocr_carea' id='block_1_18' title="bbox 564 1716 2146 1790">
    <p class='ocr_par' dir='ltr' id='par_1_18' title="bbox 564 1716 2146 1790">
     <span class='ocr_line' id='line_1_18' title="bbox 564 1716 2146 1790; baseline 0.003 -20"><span class='ocrx_word' id='word_1_122' title='bbox 564 1718 726 1772; x_wconf 89' lang='lat' dir='ltr'><strong>tentis</strong></span> <span class='ocrx_word' id='word_1_123' title='bbox 755 1717 845 1770; x_wconf 90' lang='lat' dir='ltr'><strong>Dei</strong></span> <span class='ocrx_word' id='word_1_124' title='bbox 872 1716 1152 1785; x_wconf 87' lang='lat' dir='ltr'><strong>judiciurn.</strong></span> <span class='ocrx_word' id='word_1_125' title='bbox 1177 1718 1268 1784; x_wconf 88' lang='lat' dir='ltr'><strong>qui</strong></span> <span class='ocrx_word' id='word_1_126' title='bbox 1303 1733 1398 1786; x_wconf 91' lang='lat' dir='ltr'><strong>per</strong></span> <span class='ocrx_word' id='word_1_127' title='bbox 1429 1719 1572 1771; x_wconf 91' lang='lat' dir='ltr'><strong>illum</strong></span> <span class='ocrx_word' id='word_1_128' title='bbox 1604 1719 1862 1774; x_wconf 84' lang='lat' dir='ltr'><strong>fatttultlm</strong></span> <span class='ocrx_word' id='word_1_129' title='bbox 1892 1730 1971 1776; x_wconf 93' lang='lat' dir='ltr'><strong>tot</strong></span> <span class='ocrx_word' id='word_1_130' title='bbox 1996 1724 2146 1790; x_wconf 87' lang='lat' dir='ltr'><strong>signa</strong></span> 
     </span>
    </p>
   </div>
   <div class='ocr_carea' id='block_1_19' title="bbox 564 1805 2148 1881">
    <p class='ocr_par' dir='ltr' id='par_1_19' title="bbox 564 1805 2148 1881">
     <span class='ocr_line' id='line_1_19' title="bbox 564 1805 2148 1881; baseline 0.004 -20"><span class='ocrx_word' id='word_1_131' title='bbox 564 1805 814 1870; x_wconf 77' lang='lat' dir='ltr'><strong>faciebat,</strong></span> <span class='ocrx_word' id='word_1_132' title='bbox 848 1809 998 1874; x_wconf 92' lang='lat' dir='ltr'><strong>cujus</strong></span> <span class='ocrx_word' id='word_1_133' title='bbox 1046 1807 1256 1875; x_wconf 83' lang='lat' dir='ltr'><strong>culpam</strong></span> <span class='ocrx_word' id='word_1_134' title='bbox 1320 1819 1423 1860; x_wconf 87' lang='lat' dir='ltr'><strong>tam</strong></span> <span class='ocrx_word' id='word_1_135' title='bbox 1471 1809 1631 1876; x_wconf 88' lang='lat' dir='ltr'><strong>longo</strong></span> <span class='ocrx_word' id='word_1_136' title='bbox 1688 1818 1930 1881; x_wconf 82' lang='lat' dir='ltr'><strong>tempore</strong></span> <span class='ocrx_word' id='word_1_137' title='bbox 1971 1815 2148 1868; x_wconf 84' lang='lat' dir='ltr'><strong>adhuc</strong></span> 
     </span>
    </p>
   </div>
   <div class='ocr_carea' id='block_1_20' title="bbox 565 1897 2143 1968">
    <p class='ocr_par' dir='ltr' id='par_1_20' title="bbox 565 1897 2143 1968">
     <span class='ocr_line' id='line_1_20' title="bbox 565 1897 2143 1968; baseline 0.006 -18"><span class='ocrx_word' id='word_1_138' title='bbox 565 1897 890 1951; x_wconf 78' lang='lat' dir='ltr'><strong>servabatin</strong></span> <span class='ocrx_word' id='word_1_139' title='bbox 922 1898 1269 1964; x_wconf 62' lang='lat' dir='ltr'><strong>crrgitatiorre.</strong></span> <span class='ocrx_word' id='word_1_140' title='bbox 1305 1897 1358 1950; x_wconf 89' lang='lat' dir='ltr'><strong>Si</strong></span> <span class='ocrx_word' id='word_1_141' title='bbox 1393 1899 1570 1965; x_wconf 82' lang='lat' dir='ltr'><strong>igitur,</strong></span> <span class='ocrx_word' id='word_1_142' title='bbox 1604 1899 1769 1955; x_wconf 84' lang='lat' dir='ltr'><strong>frater</strong></span> <span class='ocrx_word' id='word_1_143' title='bbox 1809 1904 2143 1968; x_wconf 81' lang='lat' dir='ltr'><strong>elrarissiruc,</strong></span> 
     </span>
    </p>
   </div>
   <div class='ocr_carea' id='block_1_21' title="bbox 563 1987 2144 2063">
    <p class='ocr_par' dir='ltr' id='par_1_21' title="bbox 563 1987 2144 2063">
     <span class='ocr_line' id='line_1_21' title="bbox 563 1987 2144 2063; baseline 0.006 -23"><span class='ocrx_word' id='word_1_144' title='bbox 563 1996 616 2040; x_wconf 79' lang='lat' dir='ltr'><strong>et</strong></span> <span class='ocrx_word' id='word_1_145' title='bbox 645 1987 792 2041; x_wconf 84' lang='lat' dir='ltr'><strong>illum</strong></span> <span class='ocrx_word' id='word_1_146' title='bbox 843 1989 1182 2054; x_wconf 81' lang='lat' dir='ltr'><strong>agnoscimus</strong></span> <span class='ocrx_word' id='word_1_147' title='bbox 1221 2004 1290 2056; x_wconf 93' lang='lat' dir='ltr'><strong>po</strong></span> <span class='ocrx_word' id='word_1_148' title='bbox 1322 1989 1512 2056; x_wconf 80' lang='lat' dir='ltr'><strong>tsigna</strong></span> <span class='ocrx_word' id='word_1_149' title='bbox 1544 2007 1639 2059; x_wconf 92' lang='lat' dir='ltr'><strong>pro</strong></span> <span class='ocrx_word' id='word_1_150' title='bbox 1669 1993 1826 2063; x_wconf 88' lang='lat' dir='ltr'><strong>crrlpa</strong></span> <span class='ocrx_word' id='word_1_151' title='bbox 1852 2004 2144 2062; x_wconf 90' lang='lat' dir='ltr'><strong>mortuum,</strong></span> 
     </span>
    </p>
   </div>
   <div class='ocr_carea' id='block_1_22' title="bbox 563 2076 2144 2152">
    <p class='ocr_par' dir='ltr' id='par_1_22' title="bbox 563 2076 2144 2152">
     <span class='ocr_line' id='line_1_22' title="bbox 563 2076 2144 2152; baseline 0.006 -20"><span class='ocrx_word' id='word_1_152' title='bbox 563 2093 722 2148; x_wconf 86' lang='lat' dir='ltr'><strong>quem</strong></span> <span class='ocrx_word' id='word_1_153' title='bbox 755 2079 822 2132; x_wconf 89' lang='lat' dir='ltr'><strong>ab</strong></span> <span class='ocrx_word' id='word_1_154' title='bbox 858 2076 1241 2148; x_wconf 64' lang='lat' dir='ltr'><strong>Omnipotente</strong></span> <span class='ocrx_word' id='word_1_155' title='bbox 1305 2081 1550 2134; x_wconf 89' lang='lat' dir='ltr'><strong>novimus</strong></span> <span class='ocrx_word' id='word_1_156' title='bbox 1589 2084 1853 2152; x_wconf 71' lang='lat' dir='ltr'><strong>prtecipue</strong></span> <span class='ocrx_word' id='word_1_157' title='bbox 1883 2087 2144 2151; x_wconf 54' lang='lat' dir='ltr'><strong>electum;</strong></span> 
     </span>
    </p>
   </div>
   <div class='ocr_carea' id='block_1_23' title="bbox 564 2169 2150 2245">
    <p class='ocr_par' dir='ltr' id='par_1_23' title="bbox 564 2169 2150 2245">
     <span class='ocr_line' id='line_1_23' title="bbox 564 2169 2150 2245; baseline 0.009 -24"><span class='ocrx_word' id='word_1_158' title='bbox 564 2185 766 2238; x_wconf 89' lang='lat' dir='ltr'><strong>quanto</strong></span> <span class='ocrx_word' id='word_1_159' title='bbox 797 2185 896 2223; x_wconf 90' lang='lat' dir='ltr'><strong>nos</strong></span> <span class='ocrx_word' id='word_1_160' title='bbox 924 2169 1181 2226; x_wconf 75' lang='lat' dir='ltr'><strong>debemus</strong></span> <span class='ocrx_word' id='word_1_161' title='bbox 1229 2183 1371 2225; x_wconf 88' lang='lat' dir='ltr'><strong>metrr</strong></span> <span class='ocrx_word' id='word_1_162' title='bbox 1400 2175 1849 2242; x_wconf 54' lang='lat' dir='ltr'><strong>centri-miscere,</strong></span> <span class='ocrx_word' id='word_1_163' title='bbox 1902 2180 1990 2245; x_wconf 89' lang='lat' dir='ltr'><strong>qui</strong></span> <span class='ocrx_word' id='word_1_164' title='bbox 2024 2197 2150 2235; x_wconf 87' lang='lat' dir='ltr'><strong>rrec-</strong></span> 
     </span>
    </p>
   </div>
   <div class='ocr_carea' id='block_1_24' title="bbox 564 2261 2149 2338">
    <p class='ocr_par' dir='ltr' id='par_1_24' title="bbox 564 2261 2149 2338">
     <span class='ocr_line' id='line_1_24' title="bbox 564 2261 2149 2338; baseline 0.008 -24"><span class='ocrx_word' id='word_1_165' title='bbox 564 2262 690 2314; x_wconf 90' lang='lat' dir='ltr'><strong>dum</strong></span> <span class='ocrx_word' id='word_1_166' title='bbox 720 2261 894 2316; x_wconf 90' lang='lat' dir='ltr'><strong>adhuc</strong></span> <span class='ocrx_word' id='word_1_167' title='bbox 943 2263 1186 2316; x_wconf 88' lang='lat' dir='ltr'><strong>novimus</strong></span> <span class='ocrx_word' id='word_1_168' title='bbox 1211 2264 1255 2316; x_wconf 89' lang='lat' dir='ltr'><strong>si</strong></span> <span class='ocrx_word' id='word_1_169' title='bbox 1295 2264 1452 2318; x_wconf 61' lang='lat' dir='ltr'><strong>electi</strong></span> <span class='ocrx_word' id='word_1_170' title='bbox 1499 2268 1720 2321; x_wconf 69' lang='lat' dir='ltr'><strong>sumus?</strong></span> <span class='ocrx_word' id='word_1_171' title='bbox 1774 2268 1844 2321; x_wconf 91' lang='lat' dir='ltr'><strong>De</strong></span> <span class='ocrx_word' id='word_1_172' title='bbox 1892 2272 2149 2338; x_wconf 56' lang='lat' dir='ltr'><strong>reprrbo-</strong></span> 
     </span>
    </p>
   </div>
   <div class='ocr_carea' id='block_1_25' title="bbox 566 2353 2147 2425">
    <p class='ocr_par' dir='ltr' id='par_1_25' title="bbox 566 2353 2147 2425">
     <span class='ocr_line' id='line_1_25' title="bbox 566 2353 2147 2425; baseline 0.01 -21"><span class='ocrx_word' id='word_1_173' title='bbox 566 2367 684 2404; x_wconf 84' lang='lat' dir='ltr'><strong>rum</strong></span> <span class='ocrx_word' id='word_1_174' title='bbox 707 2367 838 2406; x_wconf 90' lang='lat' dir='ltr'><strong>vero</strong></span> <span class='ocrx_word' id='word_1_175' title='bbox 869 2353 1137 2407; x_wconf 81' lang='lat' dir='ltr'><strong>miraculis</strong></span> <span class='ocrx_word' id='word_1_176' title='bbox 1160 2355 1286 2422; x_wconf 89' lang='lat' dir='ltr'><strong>quid</strong></span> <span class='ocrx_word' id='word_1_177' title='bbox 1312 2355 1488 2410; x_wconf 84' lang='lat' dir='ltr'><strong>dicere</strong></span> <span class='ocrx_word' id='word_1_178' title='bbox 1515 2357 1706 2425; x_wconf 89' lang='lat' dir='ltr'><strong>debeo,</strong></span> <span class='ocrx_word' id='word_1_179' title='bbox 1742 2375 1862 2414; x_wconf 91' lang='lat' dir='ltr'><strong>cum</strong></span> <span class='ocrx_word' id='word_1_180' title='bbox 1897 2370 1984 2415; x_wconf 92' lang='lat' dir='ltr'><strong>tua</strong></span> <span class='ocrx_word' id='word_1_181' title='bbox 2011 2364 2147 2420; x_wconf 82' lang='lat' dir='ltr'><strong>bene</strong></span> 
     </span>
    </p>
   </div>
   <div class='ocr_carea' id='block_1_26' title="bbox 566 2441 2144 2516">
    <p class='ocr_par' dir='ltr' id='par_1_26' title="bbox 566 2441 2144 2516">
     <span class='ocr_line' id='line_1_26' title="bbox 566 2441 2144 2516; baseline 0.008 -22"><span class='ocrx_word' id='word_1_182' title='bbox 566 2441 872 2498; x_wconf 80' lang='lat' dir='ltr'><strong>fraternitas</strong></span> <span class='ocrx_word' id='word_1_183' title='bbox 901 2445 1110 2497; x_wconf 91' lang='lat' dir='ltr'><strong>noverit</strong></span> <span class='ocrx_word' id='word_1_184' title='bbox 1164 2446 1307 2513; x_wconf 91' lang='lat' dir='ltr'><strong>quod</strong></span> <span class='ocrx_word' id='word_1_185' title='bbox 1341 2447 1390 2499; x_wconf 91' lang='lat' dir='ltr'><strong>in</strong></span> <span class='ocrx_word' id='word_1_186' title='bbox 1422 2445 1709 2516; x_wconf 83' lang='lat' dir='ltr'><strong>Evang-lio</strong></span> <span class='ocrx_word' id='word_1_187' title='bbox 1753 2450 1962 2506; x_wconf 84' lang='lat' dir='ltr'><strong>Veritas</strong></span> <span class='ocrx_word' id='word_1_188' title='bbox 1990 2454 2144 2510; x_wconf 84' lang='lat' dir='ltr'><strong>dicit:</strong></span> 
     </span>
    </p>
   </div>
   <div class='ocr_carea' id='block_1_27' title="bbox 566 2534 2147 2616">
    <p class='ocr_par' dir='ltr' id='par_1_27' title="bbox 566 2534 2147 2616">
     <span class='ocr_line' id='line_1_27' title="bbox 566 2534 2147 2616; baseline 0.01 -30"><span class='ocrx_word' id='word_1_189' title='bbox 566 2534 716 2590; x_wconf 82' lang='lat' dir='ltr'><strong>Multi</strong></span> <span class='ocrx_word' id='word_1_190' title='bbox 748 2537 964 2592; x_wconf 89' lang='lat' dir='ltr'><strong>venient</strong></span> <span class='ocrx_word' id='word_1_191' title='bbox 994 2537 1044 2590; x_wconf 94' lang='lat' dir='ltr'><strong>in</strong></span> <span class='ocrx_word' id='word_1_192' title='bbox 1075 2537 1161 2591; x_wconf 89' lang='lat' dir='ltr'><strong>die</strong></span> <span class='ocrx_word' id='word_1_193' title='bbox 1191 2538 1278 2591; x_wconf 93' lang='lat' dir='ltr'><strong>illa</strong></span> <span class='ocrx_word' id='word_1_194' title='bbox 1309 2537 1551 2594; x_wconf 84' lang='lat' dir='ltr'><strong>dicentes</strong></span> <span class='ocrx_word' id='word_1_195' title='bbox 1601 2543 1758 2611; x_wconf 79' lang='lat' dir='ltr'><strong>mihi,</strong></span> <span class='ocrx_word' id='word_1_196' title='bbox 1799 2543 1840 2596; x_wconf 95' lang='lat' dir='ltr'><strong>D</strong></span> <span class='ocrx_word' id='word_1_197' title='bbox 1878 2546 2040 2616; x_wconf 89' lang='lat' dir='ltr'><strong>mine,</strong></span> <span class='ocrx_word' id='word_1_198' title='bbox 2095 2548 2147 2602; x_wconf 89' lang='lat' dir='ltr'><strong>in</strong></span> 
     </span>
    </p>
   </div>
   <div class='ocr_carea' id='block_1_28' title="bbox 567 2628 2150 2697">
    <p class='ocr_par' dir='ltr' id='par_1_28' title="bbox 567 2628 2150 2697">
     <span class='ocr_line' id='line_1_28' title="bbox 567 2628 2150 2697; baseline 0.008 -17"><span class='ocrx_word' id='word_1_199' title='bbox 567 2635 662 2680; x_wconf 87' lang='lat' dir='ltr'><strong>tuo</strong></span> <span class='ocrx_word' id='word_1_200' title='bbox 685 2628 902 2681; x_wconf 86' lang='lat' dir='ltr'><strong>nomine</strong></span> <span class='ocrx_word' id='word_1_201' title='bbox 927 2629 1382 2697; x_wconf 70' lang='lat' dir='ltr'><strong>prophetavimus,</strong></span> <span class='ocrx_word' id='word_1_202' title='bbox 1435 2640 1490 2686; x_wconf 90' lang='lat' dir='ltr'><strong>et</strong></span> <span class='ocrx_word' id='word_1_203' title='bbox 1521 2633 1570 2687; x_wconf 89' lang='lat' dir='ltr'><strong>in</strong></span> <span class='ocrx_word' id='word_1_204' title='bbox 1598 2643 1688 2688; x_wconf 91' lang='lat' dir='ltr'><strong>tuo</strong></span> <span class='ocrx_word' id='word_1_205' title='bbox 1711 2638 1927 2692; x_wconf 89' lang='lat' dir='ltr'><strong>nomine</strong></span> <span class='ocrx_word' id='word_1_206' title='bbox 1955 2639 2150 2692; x_wconf 66' lang='lat' dir='ltr'><strong>daturo-</strong></span> 
     </span>
    </p>
   </div>
   <div class='ocr_carea' id='block_1_29' title="bbox 570 2717 2147 2786">
    <p class='ocr_par' dir='ltr' id='par_1_29' title="bbox 570 2717 2147 2786">
     <span class='ocr_line' id='line_1_29' title="bbox 570 2717 2147 2786; baseline 0.011 -17"><span class='ocrx_word' id='word_1_207' title='bbox 570 2717 656 2770; x_wconf 84' lang='lat' dir='ltr'><strong>tria</strong></span> <span class='ocrx_word' id='word_1_208' title='bbox 687 2717 960 2785; x_wconf 57' lang='lat' dir='ltr'><strong>ejecimrs,</strong></span> <span class='ocrx_word' id='word_1_209' title='bbox 996 2727 1049 2771; x_wconf 91' lang='lat' dir='ltr'><strong>et</strong></span> <span class='ocrx_word' id='word_1_210' title='bbox 1078 2719 1128 2772; x_wconf 93' lang='lat' dir='ltr'><strong>irr</strong></span> <span class='ocrx_word' id='word_1_211' title='bbox 1160 2728 1250 2772; x_wconf 92' lang='lat' dir='ltr'><strong>tuo</strong></span> <span class='ocrx_word' id='word_1_212' title='bbox 1301 2723 1518 2776; x_wconf 83' lang='lat' dir='ltr'><strong>nomine</strong></span> <span class='ocrx_word' id='word_1_213' title='bbox 1545 2725 1768 2780; x_wconf 89' lang='lat' dir='ltr'><strong>virtutes</strong></span> <span class='ocrx_word' id='word_1_214' title='bbox 1799 2729 1996 2784; x_wconf 91' lang='lat' dir='ltr'><strong>multas</strong></span> <span class='ocrx_word' id='word_1_215' title='bbox 2015 2728 2147 2786; x_wconf 88' lang='lat' dir='ltr'><strong>feci-</strong></span> 
     </span>
    </p>
   </div>
   <div class='ocr_carea' id='block_1_30' title="bbox 571 2809 2150 2880">
    <p class='ocr_par' dir='ltr' id='par_1_30' title="bbox 571 2809 2150 2880">
     <span class='ocr_line' id='line_1_30' title="bbox 571 2809 2150 2880; baseline 0.01 -20"><span class='ocrx_word' id='word_1_216' title='bbox 571 2823 688 2861; x_wconf 90' lang='lat' dir='ltr'><strong>mus</strong></span> <span class='ocrx_word' id='word_1_217' title='bbox 714 2825 728 2874; x_wconf 92' lang='lat'><strong>;</strong></span> <span class='ocrx_word' id='word_1_218' title='bbox 759 2809 850 2862; x_wconf 87' lang='lat' dir='ltr'><strong>sed</strong></span> <span class='ocrx_word' id='word_1_219' title='bbox 878 2809 1000 2862; x_wconf 87' lang='lat' dir='ltr'><strong>dico</strong></span> <span class='ocrx_word' id='word_1_220' title='bbox 1056 2810 1192 2873; x_wconf 84' lang='lat' dir='ltr'><strong>illis,</strong></span> <span class='ocrx_word' id='word_1_221' title='bbox 1228 2810 1418 2866; x_wconf 59' lang='lat' dir='ltr'><strong>ancio</strong></span> <span class='ocrx_word' id='word_1_222' title='bbox 1445 2816 1535 2880; x_wconf 90' lang='lat' dir='ltr'><strong>qui</strong></span> <span class='ocrx_word' id='word_1_223' title='bbox 1567 2818 1714 2880; x_wconf 73' lang='lat' dir='ltr'><strong>estis,</strong></span> <span class='ocrx_word' id='word_1_224' title='bbox 1747 2820 1980 2874; x_wconf 90' lang='lat' dir='ltr'><strong>recedite</strong></span> <span class='ocrx_word' id='word_1_225' title='bbox 2009 2837 2038 2874; x_wconf 92' lang='lat' dir='ltr'><strong>a</strong></span> <span class='ocrx_word' id='word_1_226' title='bbox 2064 2838 2150 2877; x_wconf 88' lang='lat' dir='ltr'><strong>tne</strong></span> 
     </span>
    </p>
   </div>
   <div class='ocr_carea' id='block_1_31' title="bbox 571 2908 2148 2988">
    <p class='ocr_par' dir='ltr' id='par_1_31' title="bbox 571 2908 2148 2988">
     <span class='ocr_line' id='line_1_31' title="bbox 571 2908 2148 2988; baseline 0.013 -34"><span class='ocrx_word' id='word_1_227' title='bbox 571 2921 782 2972; x_wconf 74' lang='lat' dir='ltr'><strong>nones,</strong></span> <span class='ocrx_word' id='word_1_228' title='bbox 815 2908 1047 2976; x_wconf 76' lang='lat' dir='ltr'><strong>operarii</strong></span> <span class='ocrx_word' id='word_1_229' title='bbox 1076 2909 1370 2978; x_wconf 85' lang='lat' dir='ltr'><strong>iniquitatis</strong></span> <span class='ocrx_word' id='word_1_230' title='bbox 1415 2912 1628 2978; x_wconf 80' lang='lat' dir='ltr'><strong>(Matth.</strong></span> <span class='ocrx_word' id='word_1_231' title='bbox 1659 2915 1777 2982; x_wconf 91' lang='lat' dir='ltr'><strong>vrt).</strong></span> <span class='ocrx_word' id='word_1_232' title='bbox 1809 2916 1976 2973; x_wconf 87' lang='lat' dir='ltr'><strong>Valde</strong></span> <span class='ocrx_word' id='word_1_233' title='bbox 2021 2934 2148 2988; x_wconf 87' lang='lat' dir='ltr'><strong>ergo</strong></span> 
     </span>
    </p>
   </div>
   <div class='ocr_carea' id='block_1_32' title="bbox 572 2999 2150 3074">
    <p class='ocr_par' dir='ltr' id='par_1_32' title="bbox 572 2999 2150 3074">
     <span class='ocr_line' id='line_1_32' title="bbox 572 2999 2150 3074; baseline 0.011 -25"><span class='ocrx_word' id='word_1_234' title='bbox 572 2999 895 3066; x_wconf 87' lang='lat' dir='ltr'><strong>premendus</strong></span> <span class='ocrx_word' id='word_1_235' title='bbox 941 3009 1022 3054; x_wconf 91' lang='lat' dir='ltr'><strong>est</strong></span> <span class='ocrx_word' id='word_1_236' title='bbox 1085 3003 1294 3057; x_wconf 88' lang='lat' dir='ltr'><strong>animus</strong></span> <span class='ocrx_word' id='word_1_237' title='bbox 1324 3005 1460 3059; x_wconf 90' lang='lat' dir='ltr'><strong>inter</strong></span> <span class='ocrx_word' id='word_1_238' title='bbox 1505 3007 1654 3074; x_wconf 85' lang='lat' dir='ltr'><strong>signa</strong></span> <span class='ocrx_word' id='word_1_239' title='bbox 1682 3018 1737 3064; x_wconf 90' lang='lat' dir='ltr'><strong>et</strong></span> <span class='ocrx_word' id='word_1_240' title='bbox 1776 3011 2050 3072; x_wconf 85' lang='lat' dir='ltr'><strong>miracula,</strong></span> <span class='ocrx_word' id='word_1_241' title='bbox 2085 3029 2150 3067; x_wconf 90' lang='lat' dir='ltr'><strong>ne</strong></span> 
     </span>
    </p>
   </div>
   <div class='ocr_carea' id='block_1_33' title="bbox 573 3088 2148 3176">
    <p class='ocr_par' dir='ltr' id='par_1_33' title="bbox 573 3088 2148 3176">
     <span class='ocr_line' id='line_1_33' title="bbox 573 3088 2148 3176; baseline 0.011 -33"><span class='ocrx_word' id='word_1_242' title='bbox 573 3088 796 3146; x_wconf 14' lang='lat' dir='ltr'><strong>fortasse</strong></span> <span class='ocrx_word' id='word_1_243' title='bbox 835 3093 886 3145; x_wconf 91' lang='lat' dir='ltr'><strong>in</strong></span> <span class='ocrx_word' id='word_1_244' title='bbox 921 3093 983 3146; x_wconf 92' lang='lat' dir='ltr'><strong>iis</strong></span> <span class='ocrx_word' id='word_1_245' title='bbox 1012 3094 1238 3160; x_wconf 82' lang='lat' dir='ltr'><strong>gloriam</strong></span> <span class='ocrx_word' id='word_1_246' title='bbox 1271 3101 1540 3168; x_wconf 82' lang='lat' dir='ltr'><strong>propriam</strong></span> <span class='ocrx_word' id='word_1_247' title='bbox 1571 3113 1796 3168; x_wconf 75' lang='lat' dir='ltr'><strong>quaerat,</strong></span> <span class='ocrx_word' id='word_1_248' title='bbox 1838 3114 1893 3159; x_wconf 90' lang='lat' dir='ltr'><strong>et</strong></span> <span class='ocrx_word' id='word_1_249' title='bbox 1938 3107 2148 3176; x_wconf 88' lang='lat' dir='ltr'><strong>privato</strong></span> 
     </span>
    </p>
   </div>
   <div class='ocr_carea' id='block_1_34' title="bbox 2251 518 3392 588">
    <p class='ocr_par' dir='ltr' id='par_1_34' title="bbox 2251 518 3392 588">
     <span class='ocr_line' id='line_1_34' title="bbox 2251 518 3392 588; baseline 0.001 -17"><span class='ocrx_word' id='word_1_250' title='bbox 2251 527 2394 571; x_wconf 86' lang='lat' dir='ltr'><strong>terra</strong></span> <span class='ocrx_word' id='word_1_251' title='bbox 2428 533 2530 588; x_wconf 76' lang='lat' dir='ltr'><strong>part</strong></span> <span class='ocrx_word' id='word_1_252' title='bbox 2563 518 2869 572; x_wconf 88' lang='lat' dir='ltr'><strong>hominibus</strong></span> <span class='ocrx_word' id='word_1_253' title='bbox 2901 518 3054 571; x_wconf 75' lang='lat' dir='ltr'><strong>bona:</strong></span> <span class='ocrx_word' id='word_1_254' title='bbox 3083 519 3392 574; x_wconf 77' lang='lat' dir='ltr'><strong>voluntatis.</strong></span> 
     </span>
    </p>
   </div>
   <div class='ocr_carea' id='block_1_35' title="bbox 2318 608 3837 679">
    <p class='ocr_par' dir='ltr' id='par_1_35' title="bbox 2318 608 3837 679">
     <span class='ocr_line' id='line_1_35' title="bbox 2318 608 3837 679; baseline 0.006 -17"><span class='ocrx_word' id='word_1_255' title='bbox 2318 608 2406 663; x_wconf 69' lang='lat'><strong>29.</strong></span> <span class='ocrx_word' id='word_1_256' title='bbox 2451 609 2609 677; x_wconf 71' lang='lat' dir='ltr'><strong>[legis</strong></span> <span class='ocrx_word' id='word_1_257' title='bbox 2661 625 2877 679; x_wconf 71' lang='lat' dir='ltr'><strong>quoque</strong></span> <span class='ocrx_word' id='word_1_258' title='bbox 2931 608 3251 665; x_wconf 55' lang='lat' dir='ltr'><strong>[Ezltelbcrli</strong></span> <span class='ocrx_word' id='word_1_259' title='bbox 3310 614 3462 666; x_wconf 75' lang='lat' dir='ltr'><strong>alma:</strong></span> <span class='ocrx_word' id='word_1_260' title='bbox 3513 614 3634 668; x_wconf 81' lang='lat' dir='ltr'><strong>fidei</strong></span> <span class='ocrx_word' id='word_1_261' title='bbox 3690 616 3837 671; x_wconf 83' lang='lat' dir='ltr'><strong>idern</strong></span> 
     </span>
    </p>
   </div>
   <div class='ocr_carea' id='block_1_36' title="bbox 2249 700 3849 778">
    <p class='ocr_par' dir='ltr' id='par_1_36' title="bbox 2249 700 3849 778">
     <span class='ocr_line' id='line_1_36' title="bbox 2249 700 3849 778; baseline 0.006 -25"><span class='ocrx_word' id='word_1_262' title='bbox 2249 717 2382 769; x_wconf 88' lang='lat' dir='ltr'><strong>papa</strong></span> <span class='ocrx_word' id='word_1_263' title='bbox 2407 701 2770 768; x_wconf 80' lang='lat' dir='ltr'><strong>congaudens,</strong></span> <span class='ocrx_word' id='word_1_264' title='bbox 2796 700 2899 755; x_wconf 91' lang='lat' dir='ltr'><strong>hoc</strong></span> <span class='ocrx_word' id='word_1_265' title='bbox 2921 701 3109 756; x_wconf 89' lang='lat' dir='ltr'><strong>ordine</strong></span> <span class='ocrx_word' id='word_1_266' title='bbox 3137 719 3256 756; x_wconf 91' lang='lat' dir='ltr'><strong>cum</strong></span> <span class='ocrx_word' id='word_1_267' title='bbox 3283 704 3380 772; x_wconf 85' lang='lat' dir='ltr'><strong>piis</strong></span> <span class='ocrx_word' id='word_1_268' title='bbox 3407 707 3578 760; x_wconf 69' lang='lat' dir='ltr'><strong>xeniis</strong></span> <span class='ocrx_word' id='word_1_269' title='bbox 3599 707 3849 778; x_wconf 77' lang='lat' dir='ltr'><strong>scripsit.</strong></span> 
     </span>
    </p>
   </div>
   <div class='ocr_carea' id='block_1_37' title="bbox 2253 792 3851 869">
    <p class='ocr_par' dir='ltr' id='par_1_37' title="bbox 2253 792 3851 869">
     <span class='ocr_line' id='line_1_37' title="bbox 2253 792 3851 869; baseline 0.008 -26"><span class='ocrx_word' id='word_1_270' title='bbox 2253 792 2475 861; x_wconf 80' lang='lat' dir='ltr'><strong>l’ruptcr</strong></span> <span class='ocrx_word' id='word_1_271' title='bbox 2502 793 2602 846; x_wconf 90' lang='lat' dir='ltr'><strong>hoc</strong></span> <span class='ocrx_word' id='word_1_272' title='bbox 2629 793 2968 862; x_wconf 87' lang='lat' dir='ltr'><strong>omnipotens</strong></span> <span class='ocrx_word' id='word_1_273' title='bbox 2999 793 3138 849; x_wconf 90' lang='lat' dir='ltr'><strong>Deus</strong></span> <span class='ocrx_word' id='word_1_274' title='bbox 3169 796 3340 850; x_wconf 69' lang='lat' dir='ltr'><strong>binos</strong></span> <span class='ocrx_word' id='word_1_275' title='bbox 3367 813 3617 869; x_wconf 84' lang='lat' dir='ltr'><strong>quosque</strong></span> <span class='ocrx_word' id='word_1_276' title='bbox 3645 800 3711 854; x_wconf 88' lang='lat' dir='ltr'><strong>ad</strong></span> <span class='ocrx_word' id='word_1_277' title='bbox 3745 799 3851 869; x_wconf 67' lang='grc' dir='ltr'><strong>μοι’</strong></span> 
     </span>
    </p>
   </div>
   <div class='ocr_carea' id='block_1_38' title="bbox 2251 883 3842 956">
    <p class='ocr_par' dir='ltr' id='par_1_38' title="bbox 2251 883 3842 956">
     <span class='ocr_line' id='line_1_38' title="bbox 2251 883 3842 956; baseline 0.006 -20"><span class='ocrx_word' id='word_1_278' title='bbox 2251 885 2496 953; x_wconf 79' lang='lat' dir='ltr'><strong>pulorum</strong></span> <span class='ocrx_word' id='word_1_279' title='bbox 2553 883 2808 950; x_wconf 80' lang='lat' dir='ltr'><strong>regimina</strong></span> <span class='ocrx_word' id='word_1_280' title='bbox 2855 884 3096 954; x_wconf 89' lang='lat' dir='ltr'><strong>perducit</strong></span> <span class='ocrx_word' id='word_1_281' title='bbox 3128 925 3142 947; x_wconf 84' lang='lat'><strong>,</strong></span> <span class='ocrx_word' id='word_1_282' title='bbox 3178 896 3235 939; x_wconf 92' lang='lat' dir='ltr'><strong>ut</strong></span> <span class='ocrx_word' id='word_1_283' title='bbox 3277 902 3361 956; x_wconf 88' lang='lat' dir='ltr'><strong>per</strong></span> <span class='ocrx_word' id='word_1_284' title='bbox 3419 903 3513 942; x_wconf 79' lang='lat' dir='ltr'><strong>cos</strong></span> <span class='ocrx_word' id='word_1_285' title='bbox 3550 889 3842 955; x_wconf 81' lang='lat' dir='ltr'><strong>erunibus,</strong></span> 
     </span>
    </p>
   </div>
   <div class='ocr_carea' id='block_1_39' title="bbox 2249 975 3841 1049">
    <p class='ocr_par' dir='ltr' id='par_1_39' title="bbox 2249 975 3841 1049">
     <span class='ocr_line' id='line_1_39' title="bbox 2249 975 3841 1049; baseline 0.005 -20"><span class='ocrx_word' id='word_1_286' title='bbox 2249 977 2439 1043; x_wconf 79' lang='lat' dir='ltr'><strong>quibus</strong></span> <span class='ocrx_word' id='word_1_287' title='bbox 2489 975 2690 1044; x_wconf 68' lang='lat' dir='ltr'><strong>prmlati</strong></span> <span class='ocrx_word' id='word_1_288' title='bbox 2719 975 2955 1041; x_wconf 84' lang='lat' dir='ltr'><strong>fuerint,</strong></span> <span class='ocrx_word' id='word_1_289' title='bbox 2990 977 3132 1031; x_wconf 89' lang='lat' dir='ltr'><strong>dona</strong></span> <span class='ocrx_word' id='word_1_290' title='bbox 3162 994 3270 1032; x_wconf 78' lang='lat' dir='ltr'><strong>sua:</strong></span> <span class='ocrx_word' id='word_1_291' title='bbox 3301 979 3513 1047; x_wconf 88' lang='lat' dir='ltr'><strong>pictatis</strong></span> <span class='ocrx_word' id='word_1_292' title='bbox 3543 981 3841 1049; x_wconf 81' lang='lat' dir='ltr'><strong>impendat.</strong></span> 
     </span>
    </p>
   </div>
   <div class='ocr_carea' id='block_1_40' title="bbox 2250 1066 3845 1144">
    <p class='ocr_par' dir='ltr' id='par_1_40' title="bbox 2250 1066 3845 1144">
     <span class='ocr_line' id='line_1_40' title="bbox 2250 1066 3845 1144; baseline 0.009 -27"><span class='ocrx_word' id='word_1_293' title='bbox 2250 1066 2403 1132; x_wconf 82' lang='lat' dir='ltr'><strong>Quod</strong></span> <span class='ocrx_word' id='word_1_294' title='bbox 2453 1067 2505 1120; x_wconf 92' lang='lat' dir='ltr'><strong>in</strong></span> <span class='ocrx_word' id='word_1_295' title='bbox 2549 1068 2838 1135; x_wconf 76' lang='lat' dir='ltr'><strong>Anglorum</strong></span> <span class='ocrx_word' id='word_1_296' title='bbox 2885 1078 3042 1138; x_wconf 73' lang='lat' dir='ltr'><strong>gente</strong></span> <span class='ocrx_word' id='word_1_297' title='bbox 3095 1073 3445 1140; x_wconf 69' lang='lat' dir='ltr'><strong>cognovimus</strong></span> <span class='ocrx_word' id='word_1_298' title='bbox 3478 1074 3721 1144; x_wconf 79' lang='lat' dir='ltr'><strong>fartum,</strong></span> <span class='ocrx_word' id='word_1_299' title='bbox 3756 1077 3845 1132; x_wconf 91' lang='lat' dir='ltr'><strong>cui</strong></span> 
     </span>
    </p>
   </div>
   <div class='ocr_carea' id='block_1_41' title="bbox 2251 1161 3846 1239">
    <p class='ocr_par' dir='ltr' id='par_1_41' title="bbox 2251 1161 3846 1239">
     <span class='ocr_line' id='line_1_41' title="bbox 2251 1161 3846 1239; baseline 0.008 -27"><span class='ocrx_word' id='word_1_300' title='bbox 2251 1170 2424 1216; x_wconf 68' lang='lat' dir='ltr'><strong>vt-stra</strong></span> <span class='ocrx_word' id='word_1_301' title='bbox 2455 1161 2624 1229; x_wconf 85' lang='lat' dir='ltr'><strong>gloria</strong></span> <span class='ocrx_word' id='word_1_302' title='bbox 2657 1162 2858 1217; x_wconf 89' lang='lat' dir='ltr'><strong>ideirco</strong></span> <span class='ocrx_word' id='word_1_303' title='bbox 2879 1173 2960 1217; x_wconf 81' lang='lat' dir='ltr'><strong>est</strong></span> <span class='ocrx_word' id='word_1_304' title='bbox 2991 1181 3173 1234; x_wconf 83' lang='lat' dir='ltr'><strong>pra-po</strong></span> <span class='ocrx_word' id='word_1_305' title='bbox 3205 1166 3276 1219; x_wconf 90' lang='lat' dir='ltr'><strong>ita</strong></span> <span class='ocrx_word' id='word_1_306' title='bbox 3297 1207 3312 1228; x_wconf 93' lang='lat'><strong>,</strong></span> <span class='ocrx_word' id='word_1_307' title='bbox 3347 1177 3404 1220; x_wconf 91' lang='lat' dir='ltr'><strong>ut</strong></span> <span class='ocrx_word' id='word_1_308' title='bbox 3434 1184 3529 1236; x_wconf 90' lang='lat' dir='ltr'><strong>per</strong></span> <span class='ocrx_word' id='word_1_309' title='bbox 3556 1169 3695 1223; x_wconf 86' lang='lat' dir='ltr'><strong>bona</strong></span> <span class='ocrx_word' id='word_1_310' title='bbox 3723 1185 3846 1239; x_wconf 63' lang='lat' dir='ltr'><strong>qua</strong></span> 
     </span>
    </p>
   </div>
   <div class='ocr_carea' id='block_1_42' title="bbox 2251 1253 3847 1328">
    <p class='ocr_par' dir='ltr' id='par_1_42' title="bbox 2251 1253 3847 1328">
     <span class='ocr_line' id='line_1_42' title="bbox 2251 1253 3847 1328; baseline 0.007 -23"><span class='ocrx_word' id='word_1_311' title='bbox 2251 1253 2401 1307; x_wconf 87' lang='lat' dir='ltr'><strong>vobis</strong></span> <span class='ocrx_word' id='word_1_312' title='bbox 2425 1269 2682 1308; x_wconf 86' lang='lat' dir='ltr'><strong>concessa</strong></span> <span class='ocrx_word' id='word_1_313' title='bbox 2728 1265 2882 1319; x_wconf 78' lang='lat' dir='ltr'><strong>sunt,</strong></span> <span class='ocrx_word' id='word_1_314' title='bbox 2917 1257 3080 1309; x_wconf 78' lang='lat' dir='ltr'><strong>etiam</strong></span> <span class='ocrx_word' id='word_1_315' title='bbox 3113 1258 3364 1326; x_wconf 62' lang='grc' dir='ltr'>ιιιΙιῙτιριῑῐξ</span> <span class='ocrx_word' id='word_1_316' title='bbox 3393 1260 3544 1313; x_wconf 72' lang='lat' dir='ltr'><strong>vobis</strong></span> <span class='ocrx_word' id='word_1_317' title='bbox 3574 1262 3719 1328; x_wconf 60' lang='lat' dir='ltr'><strong>genti</strong></span> <span class='ocrx_word' id='word_1_318' title='bbox 3750 1279 3847 1316; x_wconf 87' lang='lat' dir='ltr'><strong>srr-</strong></span> 
     </span>
    </p>
   </div>
   <div class='ocr_carea' id='block_1_43' title="bbox 2252 1347 3848 1420">
    <p class='ocr_par' dir='ltr' id='par_1_43' title="bbox 2252 1347 3848 1420">
     <span class='ocr_line' id='line_1_43' title="bbox 2252 1347 3848 1420; baseline 0.006 -22"><span class='ocrx_word' id='word_1_319' title='bbox 2252 1360 2415 1415; x_wconf 82' lang='lat' dir='ltr'><strong>perrra</strong></span> <span class='ocrx_word' id='word_1_320' title='bbox 2447 1347 2704 1399; x_wconf 83' lang='lat' dir='ltr'><strong>benclicia</strong></span> <span class='ocrx_word' id='word_1_321' title='bbox 2733 1356 3137 1416; x_wconf 59' lang='lat' dir='ltr'><strong>praestarentur.</strong></span> <span class='ocrx_word' id='word_1_322' title='bbox 3172 1348 3239 1401; x_wconf 79' lang='lat' dir='ltr'><strong>Et</strong></span> <span class='ocrx_word' id='word_1_323' title='bbox 3271 1350 3390 1406; x_wconf 90' lang='lat' dir='ltr'><strong>ideo</strong></span> <span class='ocrx_word' id='word_1_324' title='bbox 3415 1393 3428 1415; x_wconf 91' lang='lat'><strong>,</strong></span> <span class='ocrx_word' id='word_1_325' title='bbox 3470 1352 3706 1420; x_wconf 88' lang='lat' dir='ltr'><strong>gloriose</strong></span> <span class='ocrx_word' id='word_1_326' title='bbox 3737 1355 3848 1420; x_wconf 87' lang='lat' dir='ltr'><strong>lili,</strong></span> 
     </span>
    </p>
   </div>
   <div class='ocr_carea' id='block_1_44' title="bbox 2250 1438 3851 1505">
    <p class='ocr_par' dir='ltr' id='par_1_44' title="bbox 2250 1438 3851 1505">
     <span class='ocr_line' id='line_1_44' title="bbox 2250 1438 3851 1505; baseline 0.006 -15"><span class='ocrx_word' id='word_1_327' title='bbox 2250 1451 2368 1490; x_wconf 89' lang='lat' dir='ltr'><strong>eam</strong></span> <span class='ocrx_word' id='word_1_328' title='bbox 2399 1452 2560 1505; x_wconf 85' lang='lat' dir='ltr'><strong>quam</strong></span> <span class='ocrx_word' id='word_1_329' title='bbox 2591 1438 2845 1504; x_wconf 74' lang='lat' dir='ltr'><strong>aet-episti</strong></span> <span class='ocrx_word' id='word_1_330' title='bbox 2877 1439 3129 1493; x_wconf 87' lang='lat' dir='ltr'><strong>divinitus</strong></span> <span class='ocrx_word' id='word_1_331' title='bbox 3161 1443 3384 1504; x_wconf 75' lang='lat' dir='ltr'><strong>gratiam</strong></span> <span class='ocrx_word' id='word_1_332' title='bbox 3410 1444 3640 1497; x_wconf 68' lang='lat' dir='ltr'><strong>sollicita</strong></span> <span class='ocrx_word' id='word_1_333' title='bbox 3667 1453 3851 1500; x_wconf 89' lang='lat' dir='ltr'><strong>mente</strong></span> 
     </span>
    </p>
   </div>
   <div class='ocr_carea' id='block_1_45' title="bbox 2251 1531 3850 1602">
    <p class='ocr_par' dir='ltr' id='par_1_45' title="bbox 2251 1531 3850 1602">
     <span class='ocr_line' id='line_1_45' title="bbox 2251 1531 3850 1602; baseline 0.004 -18"><span class='ocrx_word' id='word_1_334' title='bbox 2251 1532 2462 1584; x_wconf 71' lang='lat' dir='ltr'><strong>Custodi</strong></span> <span class='ocrx_word' id='word_1_335' title='bbox 2493 1572 2505 1593; x_wconf 86' lang='lat'><strong>,</strong></span> <span class='ocrx_word' id='word_1_336' title='bbox 2545 1531 2902 1594; x_wconf 78' lang='lat' dir='ltr'><strong>Christianam</strong></span> <span class='ocrx_word' id='word_1_337' title='bbox 2959 1533 3114 1586; x_wconf 87' lang='lat' dir='ltr'><strong>lidenr</strong></span> <span class='ocrx_word' id='word_1_338' title='bbox 3164 1535 3215 1587; x_wconf 88' lang='lat' dir='ltr'><strong>itr</strong></span> <span class='ocrx_word' id='word_1_339' title='bbox 3246 1534 3460 1602; x_wconf 82' lang='lat' dir='ltr'><strong>populis</strong></span> <span class='ocrx_word' id='word_1_340' title='bbox 3492 1535 3586 1588; x_wconf 91' lang='lat' dir='ltr'><strong>tibi</strong></span> <span class='ocrx_word' id='word_1_341' title='bbox 3618 1534 3850 1590; x_wconf 87' lang='lat' dir='ltr'><strong>subditis</strong></span> 
     </span>
    </p>
   </div>
   <div class='ocr_carea' id='block_1_46' title="bbox 2253 1621 3848 1686">
    <p class='ocr_par' dir='ltr' id='par_1_46' title="bbox 2253 1621 3848 1686">
     <span class='ocr_line' id='line_1_46' title="bbox 2253 1621 3848 1686; baseline 0.006 -12"><span class='ocrx_word' id='word_1_342' title='bbox 2253 1621 2542 1675; x_wconf 75' lang='lat' dir='ltr'><strong>erttendere</strong></span> <span class='ocrx_word' id='word_1_343' title='bbox 2587 1621 2776 1675; x_wconf 86' lang='lat' dir='ltr'><strong>festina</strong></span> <span class='ocrx_word' id='word_1_344' title='bbox 2797 1662 2811 1686; x_wconf 93' lang='lat'><strong>,</strong></span> <span class='ocrx_word' id='word_1_345' title='bbox 2847 1623 3020 1676; x_wconf 89' lang='lat' dir='ltr'><strong>zelum</strong></span> <span class='ocrx_word' id='word_1_346' title='bbox 3071 1625 3409 1679; x_wconf 88' lang='lat' dir='ltr'><strong>rectitudinis</strong></span> <span class='ocrx_word' id='word_1_347' title='bbox 3441 1635 3543 1680; x_wconf 77' lang='lat' dir='ltr'><strong>tua:</strong></span> <span class='ocrx_word' id='word_1_348' title='bbox 3574 1628 3624 1680; x_wconf 90' lang='lat' dir='ltr'><strong>in</strong></span> <span class='ocrx_word' id='word_1_349' title='bbox 3657 1644 3848 1684; x_wconf 87' lang='lat' dir='ltr'><strong>eorum</strong></span> 
     </span>
    </p>
   </div>
   <div class='ocr_carea' id='block_1_47' title="bbox 2253 1714 3849 1791">
    <p class='ocr_par' dir='ltr' id='par_1_47' title="bbox 2253 1714 3849 1791">
     <span class='ocr_line' id='line_1_47' title="bbox 2253 1714 3849 1791; baseline 0.006 -25"><span class='ocrx_word' id='word_1_350' title='bbox 2253 1714 2610 1767; x_wconf 86' lang='lat' dir='ltr'><strong>conversione</strong></span> <span class='ocrx_word' id='word_1_351' title='bbox 2652 1715 2943 1784; x_wconf 90' lang='lat' dir='ltr'><strong>multiplica</strong></span> <span class='ocrx_word' id='word_1_352' title='bbox 2973 1757 2987 1782; x_wconf 92' lang='lat'><strong>,</strong></span> <span class='ocrx_word' id='word_1_353' title='bbox 3026 1715 3286 1770; x_wconf 88' lang='lat' dir='ltr'><strong>idolorum</strong></span> <span class='ocrx_word' id='word_1_354' title='bbox 3320 1718 3491 1772; x_wconf 90' lang='lat' dir='ltr'><strong>cultus</strong></span> <span class='ocrx_word' id='word_1_355' title='bbox 3523 1719 3808 1789; x_wconf 85' lang='lat' dir='ltr'><strong>insequere</strong></span> <span class='ocrx_word' id='word_1_356' title='bbox 3833 1763 3849 1791; x_wconf 93' lang='lat'><strong>,</strong></span> 
     </span>
    </p>
   </div>
   <div class='ocr_carea' id='block_1_48' title="bbox 2255 1801 3849 1880">
    <p class='ocr_par' dir='ltr' id='par_1_48' title="bbox 2255 1801 3849 1880">
     <span class='ocr_line' id='line_1_48' title="bbox 2255 1801 3849 1880; baseline 0.008 -26"><span class='ocrx_word' id='word_1_357' title='bbox 2255 1801 2498 1858; x_wconf 86' lang='lat' dir='ltr'><strong>fanorum</strong></span> <span class='ocrx_word' id='word_1_358' title='bbox 2515 1802 2738 1858; x_wconf 69' lang='lat' dir='ltr'><strong>aedilicia</strong></span> <span class='ocrx_word' id='word_1_359' title='bbox 2765 1816 2948 1859; x_wconf 89' lang='lat' dir='ltr'><strong>everte</strong></span> <span class='ocrx_word' id='word_1_360' title='bbox 2977 1823 2990 1871; x_wconf 89' lang='lat'><strong>;</strong></span> <span class='ocrx_word' id='word_1_361' title='bbox 3014 1807 3346 1860; x_wconf 87' lang='lat' dir='ltr'><strong>subditorum</strong></span> <span class='ocrx_word' id='word_1_362' title='bbox 3375 1824 3553 1862; x_wconf 87' lang='lat' dir='ltr'><strong>mores</strong></span> <span class='ocrx_word' id='word_1_363' title='bbox 3576 1810 3627 1863; x_wconf 92' lang='lat' dir='ltr'><strong>in</strong></span> <span class='ocrx_word' id='word_1_364' title='bbox 3652 1825 3849 1880; x_wconf 86' lang='lat' dir='ltr'><strong>magna</strong></span> 
     </span>
    </p>
   </div>
   <div class='ocr_carea' id='block_1_49' title="bbox 2254 1893 3847 1968">
    <p class='ocr_par' dir='ltr' id='par_1_49' title="bbox 2254 1893 3847 1968">
     <span class='ocr_line' id='line_1_49' title="bbox 2254 1893 3847 1968; baseline 0.008 -23"><span class='ocrx_word' id='word_1_365' title='bbox 2254 1893 2374 1947; x_wconf 72' lang='lat' dir='ltr'><strong>vitro</strong></span> <span class='ocrx_word' id='word_1_366' title='bbox 2431 1895 2690 1948; x_wconf 88' lang='lat' dir='ltr'><strong>munditia</strong></span> <span class='ocrx_word' id='word_1_367' title='bbox 2741 1897 3082 1951; x_wconf 79' lang='lat' dir='ltr'><strong>exhortando</strong></span> <span class='ocrx_word' id='word_1_368' title='bbox 3106 1935 3122 1962; x_wconf 87' lang='lat'><strong>,</strong></span> <span class='ocrx_word' id='word_1_369' title='bbox 3172 1899 3423 1953; x_wconf 82' lang='lat' dir='ltr'><strong>terrendo</strong></span> <span class='ocrx_word' id='word_1_370' title='bbox 3449 1943 3462 1966; x_wconf 92' lang='lat'><strong>,</strong></span> <span class='ocrx_word' id='word_1_371' title='bbox 3492 1900 3847 1968; x_wconf 89' lang='lat' dir='ltr'><strong>blandiendo,</strong></span> 
     </span>
    </p>
   </div>
   <div class='ocr_carea' id='block_1_50' title="bbox 2253 1986 3848 2059">
    <p class='ocr_par' dir='ltr' id='par_1_50' title="bbox 2253 1986 3848 2059">
     <span class='ocr_line' id='line_1_50' title="bbox 2253 1986 3848 2059; baseline 0.006 -21"><span class='ocrx_word' id='word_1_372' title='bbox 2253 1986 2429 2052; x_wconf 80' lang='lat' dir='ltr'><strong>corr&#39;g</strong></span> <span class='ocrx_word' id='word_1_373' title='bbox 2467 1986 2570 2039; x_wconf 89' lang='lat' dir='ltr'><strong>ndo</strong></span> <span class='ocrx_word' id='word_1_374' title='bbox 2594 2035 2598 2040; x_wconf 86' lang='lat'><strong>.</strong></span> <span class='ocrx_word' id='word_1_375' title='bbox 2626 2008 2636 2032; x_wconf 78' lang='grc' dir='ltr'><strong><em>ο</em></strong></span> <span class='ocrx_word' id='word_1_376' title='bbox 2661 1996 2681 2040; x_wconf 83' lang='grc' dir='ltr'><strong>ι</strong></span> <span class='ocrx_word' id='word_1_377' title='bbox 2703 1988 2826 2042; x_wconf 91' lang='lat' dir='ltr'><strong>boni</strong></span> <span class='ocrx_word' id='word_1_378' title='bbox 2859 1991 3036 2058; x_wconf 81' lang='lat' dir='ltr'><strong>Operis</strong></span> <span class='ocrx_word' id='word_1_379' title='bbox 3059 1990 3303 2059; x_wconf 76' lang='lat' dir='ltr'><strong>exempla</strong></span> <span class='ocrx_word' id='word_1_380' title='bbox 3338 1995 3690 2048; x_wconf 78' lang='lat' dir='ltr'><strong>monstranlo</strong></span> <span class='ocrx_word' id='word_1_381' title='bbox 3712 1995 3848 2048; x_wconf 70' lang='lat' dir='ltr'><strong>redi-</strong></span> 
     </span>
    </p>
   </div>
   <div class='ocr_carea' id='block_1_51' title="bbox 2256 2074 3851 2147">
    <p class='ocr_par' dir='ltr' id='par_1_51' title="bbox 2256 2074 3851 2147">
     <span class='ocr_line' id='line_1_51' title="bbox 2256 2074 3851 2147; baseline 0.008 -23"><span class='ocrx_word' id='word_1_382' title='bbox 2256 2074 2349 2126; x_wconf 88' lang='lat' dir='ltr'><strong>lica</strong></span> <span class='ocrx_word' id='word_1_383' title='bbox 2375 2115 2390 2138; x_wconf 95' lang='lat'><strong>,</strong></span> <span class='ocrx_word' id='word_1_384' title='bbox 2425 2087 2476 2128; x_wconf 88' lang='lat' dir='ltr'><strong>ut</strong></span> <span class='ocrx_word' id='word_1_385' title='bbox 2514 2075 2660 2128; x_wconf 88' lang='lat' dir='ltr'><strong>illum</strong></span> <span class='ocrx_word' id='word_1_386' title='bbox 2701 2086 2783 2129; x_wconf 91' lang='lat' dir='ltr'><strong>ret</strong></span> <span class='ocrx_word' id='word_1_387' title='bbox 2817 2078 3078 2132; x_wconf 79' lang='lat' dir='ltr'><strong>ibutnrern</strong></span> <span class='ocrx_word' id='word_1_388' title='bbox 3121 2079 3362 2134; x_wconf 78' lang='lat' dir='ltr'><strong>invenias</strong></span> <span class='ocrx_word' id='word_1_389' title='bbox 3393 2080 3442 2133; x_wconf 90' lang='lat' dir='ltr'><strong>in</strong></span> <span class='ocrx_word' id='word_1_390' title='bbox 3476 2081 3615 2136; x_wconf 70' lang='lat' dir='ltr'><strong>coelo</strong></span> <span class='ocrx_word' id='word_1_391' title='bbox 3641 2120 3656 2143; x_wconf 87' lang='lat'><strong>,</strong></span> <span class='ocrx_word' id='word_1_392' title='bbox 3691 2082 3851 2147; x_wconf 84' lang='lat' dir='ltr'><strong>cujus</strong></span> 
     </span>
    </p>
   </div>
   <div class='ocr_carea' id='block_1_52' title="bbox 2254 2168 3852 2242">
    <p class='ocr_par' dir='ltr' id='par_1_52' title="bbox 2254 2168 3852 2242">
     <span class='ocr_line' id='line_1_52' title="bbox 2254 2168 3852 2242; baseline 0.006 -24"><span class='ocrx_word' id='word_1_393' title='bbox 2254 2180 2447 2218; x_wconf 73' lang='lat' dir='ltr'><strong>t&#39;rorrrn</strong></span> <span class='ocrx_word' id='word_1_394' title='bbox 2490 2177 2652 2235; x_wconf 86' lang='lat' dir='ltr'><strong>atque</strong></span> <span class='ocrx_word' id='word_1_395' title='bbox 2700 2168 3060 2234; x_wconf 84' lang='lat' dir='ltr'><strong>cognitionem</strong></span> <span class='ocrx_word' id='word_1_396' title='bbox 3092 2169 3402 2225; x_wconf 89' lang='lat' dir='ltr'><strong>dilataveris</strong></span> <span class='ocrx_word' id='word_1_397' title='bbox 3444 2172 3494 2224; x_wconf 85' lang='lat' dir='ltr'><strong>in</strong></span> <span class='ocrx_word' id='word_1_398' title='bbox 3534 2182 3697 2227; x_wconf 72' lang='lat' dir='ltr'><strong>terra.</strong></span> <span class='ocrx_word' id='word_1_399' title='bbox 3733 2176 3852 2242; x_wconf 91' lang='lat' dir='ltr'><strong>Ipse</strong></span> 
     </span>
    </p>
   </div>
   <div class='ocr_carea' id='block_1_53' title="bbox 2253 2257 3847 2334">
    <p class='ocr_par' dir='ltr' id='par_1_53' title="bbox 2253 2257 3847 2334">
     <span class='ocr_line' id='line_1_53' title="bbox 2253 2257 3847 2334; baseline 0.009 -27"><span class='ocrx_word' id='word_1_400' title='bbox 2253 2257 2394 2308; x_wconf 89' lang='lat' dir='ltr'><strong>enim</strong></span> <span class='ocrx_word' id='word_1_401' title='bbox 2427 2268 2616 2311; x_wconf 74' lang='lat' dir='ltr'><strong>vestra:</strong></span> <span class='ocrx_word' id='word_1_402' title='bbox 2657 2259 2840 2326; x_wconf 78' lang='lat' dir='ltr'><strong>glorire</strong></span> <span class='ocrx_word' id='word_1_403' title='bbox 2872 2275 3064 2314; x_wconf 91' lang='lat' dir='ltr'><strong>nomen</strong></span> <span class='ocrx_word' id='word_1_404' title='bbox 3096 2264 3259 2316; x_wconf 90' lang='lat' dir='ltr'><strong>etiam</strong></span> <span class='ocrx_word' id='word_1_405' title='bbox 3303 2267 3530 2332; x_wconf 85' lang='lat' dir='ltr'><strong>posteris</strong></span> <span class='ocrx_word' id='word_1_406' title='bbox 3551 2267 3847 2334; x_wconf 87' lang='lat' dir='ltr'><strong>gloriosius</strong></span> 
     </span>
    </p>
   </div>
   <div class='ocr_carea' id='block_1_54' title="bbox 2255 2347 3848 2422">
    <p class='ocr_par' dir='ltr' id='par_1_54' title="bbox 2255 2347 3848 2422">
     <span class='ocr_line' id='line_1_54' title="bbox 2255 2347 3848 2422; baseline 0.008 -23"><span class='ocrx_word' id='word_1_407' title='bbox 2255 2363 2312 2400; x_wconf 88' lang='lat' dir='ltr'><strong>re</strong></span> <span class='ocrx_word' id='word_1_408' title='bbox 2335 2347 2476 2411; x_wconf 89' lang='lat' dir='ltr'><strong>Idet,</strong></span> <span class='ocrx_word' id='word_1_409' title='bbox 2522 2348 2671 2415; x_wconf 90' lang='lat' dir='ltr'><strong>cujus</strong></span> <span class='ocrx_word' id='word_1_410' title='bbox 2699 2364 2791 2401; x_wconf 88' lang='lat' dir='ltr'><strong>vos</strong></span> <span class='ocrx_word' id='word_1_411' title='bbox 2843 2350 3098 2404; x_wconf 91' lang='lat' dir='ltr'><strong>honorem</strong></span> <span class='ocrx_word' id='word_1_412' title='bbox 3135 2354 3378 2422; x_wconf 66' lang='lat' dir='ltr'><strong>&#39;quarritis</strong></span> <span class='ocrx_word' id='word_1_413' title='bbox 3424 2366 3478 2409; x_wconf 92' lang='lat' dir='ltr'><strong>et</strong></span> <span class='ocrx_word' id='word_1_414' title='bbox 3528 2358 3760 2411; x_wconf 82' lang='lat' dir='ltr'><strong>scr-vatis</strong></span> <span class='ocrx_word' id='word_1_415' title='bbox 3792 2358 3848 2412; x_wconf 94' lang='lat' dir='ltr'><strong>in</strong></span> 
     </span>
    </p>
   </div>
   <div class='ocr_carea' id='block_1_55' title="bbox 2253 2436 3853 2515">
    <p class='ocr_par' dir='ltr' id='par_1_55' title="bbox 2253 2436 3853 2515">
     <span class='ocr_line' id='line_1_55' title="bbox 2253 2436 3853 2515; baseline 0.006 -23"><span class='ocrx_word' id='word_1_416' title='bbox 2253 2439 2519 2506; x_wconf 87' lang='lat' dir='ltr'><strong>gentibus.</strong></span> <span class='ocrx_word' id='word_1_417' title='bbox 2554 2436 2643 2491; x_wconf 88' lang='lat' dir='ltr'><strong>Sic</strong></span> <span class='ocrx_word' id='word_1_418' title='bbox 2693 2440 2891 2492; x_wconf 87' lang='lat' dir='ltr'><strong>ctenim</strong></span> <span class='ocrx_word' id='word_1_419' title='bbox 2923 2439 3336 2506; x_wconf 82' lang='lat' dir='ltr'><strong>Constantinus,</strong></span> <span class='ocrx_word' id='word_1_420' title='bbox 3368 2445 3636 2511; x_wconf 88' lang='lat' dir='ltr'><strong>quondam</strong></span> <span class='ocrx_word' id='word_1_421' title='bbox 3667 2447 3853 2515; x_wconf 83' lang='lat' dir='ltr'><strong>piissi-</strong></span> 
     </span>
    </p>
   </div>
   <div class='ocr_carea' id='block_1_56' title="bbox 2254 2533 3851 2608">
    <p class='ocr_par' dir='ltr' id='par_1_56' title="bbox 2254 2533 3851 2608">
     <span class='ocr_line' id='line_1_56' title="bbox 2254 2533 3851 2608; baseline 0.005 -22"><span class='ocrx_word' id='word_1_422' title='bbox 2254 2548 2372 2586; x_wconf 89' lang='lat' dir='ltr'><strong>mus</strong></span> <span class='ocrx_word' id='word_1_423' title='bbox 2401 2533 2710 2602; x_wconf 81' lang='lat' dir='ltr'><strong>imperator,</strong></span> <span class='ocrx_word' id='word_1_424' title='bbox 2749 2533 3043 2589; x_wconf 80' lang='lat' dir='ltr'><strong>Rornanam</strong></span> <span class='ocrx_word' id='word_1_425' title='bbox 3096 2538 3476 2606; x_wconf 82' lang='lat' dir='ltr'><strong>rempublicam</strong></span> <span class='ocrx_word' id='word_1_426' title='bbox 3522 2555 3548 2590; x_wconf 90' lang='lat' dir='ltr'><strong>a</strong></span> <span class='ocrx_word' id='word_1_427' title='bbox 3581 2543 3851 2608; x_wconf 67' lang='lat' dir='ltr'><strong>prrversis</strong></span> 
     </span>
    </p>
   </div>
   <div class='ocr_carea' id='block_1_57' title="bbox 2255 2622 3852 2698">
    <p class='ocr_par' dir='ltr' id='par_1_57' title="bbox 2255 2622 3852 2698">
     <span class='ocr_line' id='line_1_57' title="bbox 2255 2622 3852 2698; baseline 0.006 -21"><span class='ocrx_word' id='word_1_428' title='bbox 2255 2622 2520 2678; x_wconf 91' lang='lat' dir='ltr'><strong>idolorum</strong></span> <span class='ocrx_word' id='word_1_429' title='bbox 2551 2624 2778 2678; x_wconf 75' lang='lat' dir='ltr'><strong>cultibus</strong></span> <span class='ocrx_word' id='word_1_430' title='bbox 2799 2641 3077 2688; x_wconf 87' lang='lat' dir='ltr'><strong>revocans,</strong></span> <span class='ocrx_word' id='word_1_431' title='bbox 3101 2630 3453 2698; x_wconf 89' lang='lat' dir='ltr'><strong>omnipotenti</strong></span> <span class='ocrx_word' id='word_1_432' title='bbox 3481 2629 3590 2684; x_wconf 91' lang='lat' dir='ltr'><strong>Deo</strong></span> <span class='ocrx_word' id='word_1_433' title='bbox 3621 2630 3852 2686; x_wconf 86' lang='lat' dir='ltr'><strong>Domino</strong></span> 
     </span>
    </p>
   </div>
   <div class='ocr_carea' id='block_1_58' title="bbox 2255 2712 3851 2787">
    <p class='ocr_par' dir='ltr' id='par_1_58' title="bbox 2255 2712 3851 2787">
     <span class='ocr_line' id='line_1_58' title="bbox 2255 2712 3851 2787; baseline 0.006 -20"><span class='ocrx_word' id='word_1_434' title='bbox 2255 2725 2444 2768; x_wconf 78' lang='lat' dir='ltr'><strong>nosrro</strong></span> <span class='ocrx_word' id='word_1_435' title='bbox 2471 2712 2595 2766; x_wconf 60' lang='lat' dir='ltr'><strong>Jr-su</strong></span> <span class='ocrx_word' id='word_1_436' title='bbox 2625 2713 2839 2768; x_wconf 88' lang='lat' dir='ltr'><strong>Christo</strong></span> <span class='ocrx_word' id='word_1_437' title='bbox 2869 2731 3051 2770; x_wconf 90' lang='lat' dir='ltr'><strong>secum</strong></span> <span class='ocrx_word' id='word_1_438' title='bbox 3085 2719 3352 2780; x_wconf 84' lang='lat' dir='ltr'><strong>subdidit,</strong></span> <span class='ocrx_word' id='word_1_439' title='bbox 3383 2735 3548 2787; x_wconf 80' lang='lat' dir='ltr'><strong>seque</strong></span> <span class='ocrx_word' id='word_1_440' title='bbox 3569 2735 3688 2774; x_wconf 92' lang='lat' dir='ltr'><strong>corn</strong></span> <span class='ocrx_word' id='word_1_441' title='bbox 3717 2723 3851 2776; x_wconf 82' lang='lat' dir='ltr'><strong>sub-</strong></span> 
     </span>
    </p>
   </div>
   <div class='ocr_carea' id='block_1_59' title="bbox 2249 2803 3853 2873">
    <p class='ocr_par' dir='ltr' id='par_1_59' title="bbox 2249 2803 3853 2873">
     <span class='ocr_line' id='line_1_59' title="bbox 2249 2803 3853 2873; baseline 0.006 -17"><span class='ocrx_word' id='word_1_442' title='bbox 2249 2803 2407 2872; x_wconf 82' lang='lat' dir='ltr'><strong>jer-tis</strong></span> <span class='ocrx_word' id='word_1_443' title='bbox 2453 2803 2662 2873; x_wconf 88' lang='lat' dir='ltr'><strong>populis</strong></span> <span class='ocrx_word' id='word_1_444' title='bbox 2705 2813 2814 2857; x_wconf 89' lang='lat' dir='ltr'><strong>tota</strong></span> <span class='ocrx_word' id='word_1_445' title='bbox 2861 2806 2926 2858; x_wconf 86' lang='lat' dir='ltr'><strong>ad</strong></span> <span class='ocrx_word' id='word_1_446' title='bbox 2971 2822 3092 2860; x_wconf 91' lang='lat' dir='ltr'><strong>eum</strong></span> <span class='ocrx_word' id='word_1_447' title='bbox 3145 2818 3322 2862; x_wconf 69' lang='lat' dir='ltr'><strong>tri-nte</strong></span> <span class='ocrx_word' id='word_1_448' title='bbox 3370 2813 3654 2865; x_wconf 83' lang='lat' dir='ltr'><strong>cenvertit.</strong></span> <span class='ocrx_word' id='word_1_449' title='bbox 3694 2811 3853 2866; x_wconf 65' lang='lat' dir='ltr'><strong>Unde</strong></span> 
     </span>
    </p>
   </div>
   <div class='ocr_carea' id='block_1_60' title="bbox 2255 2893 3853 2970">
    <p class='ocr_par' dir='ltr' id='par_1_60' title="bbox 2255 2893 3853 2970">
     <span class='ocr_line' id='line_1_60' title="bbox 2255 2893 3853 2970; baseline 0.008 -24"><span class='ocrx_word' id='word_1_450' title='bbox 2255 2893 2453 2948; x_wconf 88' lang='lat' dir='ltr'><strong>lactrrrrr</strong></span> <span class='ocrx_word' id='word_1_451' title='bbox 2476 2903 2559 2948; x_wconf 89' lang='lat' dir='ltr'><strong>est</strong></span> <span class='ocrx_word' id='word_1_452' title='bbox 2607 2905 2662 2946; x_wconf 93' lang='lat' dir='ltr'><strong>ut</strong></span> <span class='ocrx_word' id='word_1_453' title='bbox 2702 2896 3044 2963; x_wconf 90' lang='lat' dir='ltr'><strong>antiquorum</strong></span> <span class='ocrx_word' id='word_1_454' title='bbox 3069 2899 3366 2970; x_wconf 84' lang='lat' dir='ltr'><strong>princ&#39;prrm</strong></span> <span class='ocrx_word' id='word_1_455' title='bbox 3400 2918 3592 2956; x_wconf 87' lang='lat' dir='ltr'><strong>norm-tr</strong></span> <span class='ocrx_word' id='word_1_456' title='bbox 3624 2905 3734 2956; x_wconf 90' lang='lat' dir='ltr'><strong>suis</strong></span> <span class='ocrx_word' id='word_1_457' title='bbox 3765 2906 3853 2958; x_wconf 82' lang='lat' dir='ltr'><strong>vir</strong></span> 
     </span>
    </p>
   </div>
   <div class='ocr_carea' id='block_1_61' title="bbox 2257 2984 3852 3061">
    <p class='ocr_par' dir='ltr' id='par_1_61' title="bbox 2257 2984 3852 3061">
     <span class='ocr_line' id='line_1_61' title="bbox 2257 2984 3852 3061; baseline 0.008 -25"><span class='ocrx_word' id='word_1_458' title='bbox 2257 2985 2343 3037; x_wconf 79' lang='lat' dir='ltr'><strong>ille</strong></span> <span class='ocrx_word' id='word_1_459' title='bbox 2375 2984 2620 3038; x_wconf 86' lang='lat' dir='ltr'><strong>laudibus</strong></span> <span class='ocrx_word' id='word_1_460' title='bbox 2659 2985 2798 3039; x_wconf 64' lang='lat' dir='ltr'><strong>vince</strong></span> <span class='ocrx_word' id='word_1_461' title='bbox 2817 2996 2899 3040; x_wconf 91' lang='lat' dir='ltr'><strong>ret</strong></span> <span class='ocrx_word' id='word_1_462' title='bbox 2921 3028 2935 3049; x_wconf 91' lang='lat'><strong>,</strong></span> <span class='ocrx_word' id='word_1_463' title='bbox 2961 2995 3016 3040; x_wconf 83' lang='lat' dir='ltr'><strong>et</strong></span> <span class='ocrx_word' id='word_1_464' title='bbox 3043 2997 3194 3040; x_wconf 84' lang='lat' dir='ltr'><strong>tanto</strong></span> <span class='ocrx_word' id='word_1_465' title='bbox 3242 2991 3294 3043; x_wconf 90' lang='lat' dir='ltr'><strong>in</strong></span> <span class='ocrx_word' id='word_1_466' title='bbox 3325 2991 3577 3060; x_wconf 87' lang='lat' dir='ltr'><strong>opinione</strong></span> <span class='ocrx_word' id='word_1_467' title='bbox 3617 3009 3852 3061; x_wconf 84' lang='lat' dir='ltr'><strong>pr:x:ces-</strong></span> 
     </span>
    </p>
   </div>
   <div class='ocr_carea' id='block_1_62' title="bbox 2254 3077 3854 3150">
    <p class='ocr_par' dir='ltr' id='par_1_62' title="bbox 2254 3077 3854 3150">
     <span class='ocr_line' id='line_1_62' title="bbox 2254 3077 3854 3150; baseline 0.006 -22"><span class='ocrx_word' id='word_1_468' title='bbox 2254 3089 2404 3128; x_wconf 88' lang='lat' dir='ltr'><strong>sores</strong></span> <span class='ocrx_word' id='word_1_469' title='bbox 2446 3090 2570 3127; x_wconf 71' lang='lat' dir='ltr'><strong>:uos</strong></span> <span class='ocrx_word' id='word_1_470' title='bbox 2596 3117 2610 3139; x_wconf 96' lang='lat'><strong>,</strong></span> <span class='ocrx_word' id='word_1_471' title='bbox 2644 3084 2847 3142; x_wconf 84' lang='lat' dir='ltr'><strong>quanto</strong></span> <span class='ocrx_word' id='word_1_472' title='bbox 2881 3084 2937 3130; x_wconf 89' lang='lat' dir='ltr'><strong>ct</strong></span> <span class='ocrx_word' id='word_1_473' title='bbox 2980 3077 3030 3131; x_wconf 89' lang='lat' dir='ltr'><strong>in</strong></span> <span class='ocrx_word' id='word_1_474' title='bbox 3064 3077 3206 3130; x_wconf 88' lang='lat' dir='ltr'><strong>bono</strong></span> <span class='ocrx_word' id='word_1_475' title='bbox 3237 3095 3400 3146; x_wconf 81' lang='lat' dir='ltr'><strong>opere</strong></span> <span class='ocrx_word' id='word_1_476' title='bbox 3452 3092 3746 3150; x_wconf 62' lang='lat' dir='ltr'><strong>superaret.</strong></span> <span class='ocrx_word' id='word_1_477' title='bbox 3782 3083 3854 3138; x_wconf 82' lang='lat' dir='ltr'><strong>Et</strong></span> 
     </span>
    </p>
   </div>
   <div class='ocr_carea' id='block_1_63' title="bbox 598 3167 3848 3264">
    <p class='ocr_par' dir='ltr' id='par_1_63' title="bbox 598 3167 3848 3264">
     <span class='ocr_line' id='line_1_63' title="bbox 598 3167 3848 3264; baseline 0.011 -29"><span class='ocrx_word' id='word_1_478' title='bbox 598 3197 680 3236; x_wconf 79' lang='lat' dir='ltr'><strong>ua:</strong></span> <span class='ocrx_word' id='word_1_479' title='bbox 732 3184 1074 3240; x_wconf 78' lang='lat' dir='ltr'><strong>exaltationis</strong></span> <span class='ocrx_word' id='word_1_480' title='bbox 1121 3188 1316 3255; x_wconf 89' lang='lat' dir='ltr'><strong>gaudio</strong></span> <span class='ocrx_word' id='word_1_481' title='bbox 1376 3167 1628 3247; x_wconf 81' lang='lat' dir='ltr'><strong>exsultet.</strong></span> <span class='ocrx_word' id='word_1_482' title='bbox 1661 3167 1960 3264; x_wconf 76' lang='lat' dir='ltr'><strong>Persigna</strong></span> <span class='ocrx_word' id='word_1_483' title='bbox 2005 3199 2146 3254; x_wconf 89' lang='lat' dir='ltr'><strong>enim</strong></span> <span class='ocrx_word' id='word_1_484' title='bbox 2181 3193 2220 3253; x_wconf 83' lang='lat' dir='ltr'><strong>C</strong></span> <span class='ocrx_word' id='word_1_485' title='bbox 2260 3180 2400 3264; x_wconf 57' lang='lat' dir='ltr'><strong>L&#39;unc</strong></span> <span class='ocrx_word' id='word_1_486' title='bbox 2437 3172 2615 3264; x_wconf 36' lang='lat' dir='ltr'><strong>nam?</strong></span> <span class='ocrx_word' id='word_1_487' title='bbox 2664 3167 3061 3264; x_wconf 49' lang='lat' dir='ltr'><strong>ve5i[a_gloria</strong></span> <span class='ocrx_word' id='word_1_488' title='bbox 3107 3170 3466 3264; x_wconf 48' lang='lat' dir='ltr'><strong>&quot;°5&#39;_’i““&quot;‘i“&#39;</strong></span> <span class='ocrx_word' id='word_1_489' title='bbox 3515 3173 3671 3227; x_wconf 52' lang='lat' dir='ltr'><strong>&quot;nius</strong></span> <span class='ocrx_word' id='word_1_490' title='bbox 3709 3173 3802 3229; x_wconf 67' lang='lat' dir='ltr'><strong>Dei</strong></span> <span class='ocrx_word' id='word_1_491' title='bbox 3830 3215 3848 3240; x_wconf 86' lang='lat'><strong>’</strong></span> 
     </span>
    </p>
   </div>
   <div class='ocr_carea' id='block_1_64' title="bbox 571 3273 2154 3360">
    <p class='ocr_par' dir='ltr' id='par_1_64' title="bbox 571 3273 2154 3360">
     <span class='ocr_line' id='line_1_64' title="bbox 571 3273 2154 3360; baseline 0.013 -35"><span class='ocrx_word' id='word_1_492' title='bbox 571 3273 865 3327; x_wconf 85' lang='lat' dir='ltr'><strong>animarum</strong></span> <span class='ocrx_word' id='word_1_493' title='bbox 897 3275 1043 3330; x_wconf 91' lang='lat' dir='ltr'><strong>lucra</strong></span> <span class='ocrx_word' id='word_1_494' title='bbox 1066 3280 1348 3347; x_wconf 72' lang='lat' dir='ltr'><strong>qna-renda</strong></span> <span class='ocrx_word' id='word_1_495' title='bbox 1371 3292 1512 3346; x_wconf 86' lang='lat' dir='ltr'><strong>sunt,</strong></span> <span class='ocrx_word' id='word_1_496' title='bbox 1541 3293 1594 3338; x_wconf 91' lang='lat' dir='ltr'><strong>et</strong></span> <span class='ocrx_word' id='word_1_497' title='bbox 1615 3285 1754 3340; x_wconf 91' lang='lat' dir='ltr'><strong>illius</strong></span> <span class='ocrx_word' id='word_1_498' title='bbox 1780 3287 1969 3355; x_wconf 84' lang='lat' dir='ltr'><strong>gloria,</strong></span> <span class='ocrx_word' id='word_1_499' title='bbox 2002 3291 2154 3360; x_wconf 86' lang='lat' dir='ltr'><strong>cujus</strong></span> 
     </span>
    </p>
   </div>
   <div class='ocr_carea' id='block_1_65' title="bbox 570 3374 2153 3458">
    <p class='ocr_par' dir='ltr' id='par_1_65' title="bbox 570 3374 2153 3458">
     <span class='ocr_line' id='line_1_65' title="bbox 570 3374 2153 3458; baseline 0.014 -33"><span class='ocrx_word' id='word_1_500' title='bbox 570 3374 766 3430; x_wconf 88' lang='lat' dir='ltr'><strong>virtute</strong></span> <span class='ocrx_word' id='word_1_501' title='bbox 796 3375 908 3445; x_wconf 89' lang='lat' dir='ltr'><strong>ipsa</strong></span> <span class='ocrx_word' id='word_1_502' title='bbox 931 3378 1118 3432; x_wconf 78' lang='lat' dir='ltr'><strong>tadem</strong></span> <span class='ocrx_word' id='word_1_503' title='bbox 1144 3380 1291 3449; x_wconf 85' lang='lat' dir='ltr'><strong>signa</strong></span> <span class='ocrx_word' id='word_1_504' title='bbox 1306 3393 1581 3449; x_wconf 88' lang='lat' dir='ltr'><strong>geruntur.</strong></span> <span class='ocrx_word' id='word_1_505' title='bbox 1602 3385 1771 3441; x_wconf 90' lang='lat' dir='ltr'><strong>Unum</strong></span> <span class='ocrx_word' id='word_1_506' title='bbox 1788 3405 1916 3445; x_wconf 91' lang='lat' dir='ltr'><strong>vero</strong></span> <span class='ocrx_word' id='word_1_507' title='bbox 1945 3392 2153 3458; x_wconf 87' lang='lat' dir='ltr'><strong>signum</strong></span> 
     </span>
    </p>
   </div>
   <div class='ocr_carea' id='block_1_66' title="bbox 573 3477 2153 3561">
    <p class='ocr_par' dir='ltr' id='par_1_66' title="bbox 573 3477 2153 3561">
     <span class='ocr_line' id='line_1_66' title="bbox 573 3477 2153 3561; baseline 0.011 -31"><span class='ocrx_word' id='word_1_508' title='bbox 573 3477 828 3532; x_wconf 90' lang='lat' dir='ltr'><strong>Dominus</strong></span> <span class='ocrx_word' id='word_1_509' title='bbox 852 3480 1004 3533; x_wconf 90' lang='lat' dir='ltr'><strong>nobis</strong></span> <span class='ocrx_word' id='word_1_510' title='bbox 1032 3482 1268 3536; x_wconf 87' lang='lat' dir='ltr'><strong>ostendit</strong></span> <span class='ocrx_word' id='word_1_511' title='bbox 1299 3527 1314 3549; x_wconf 92' lang='lat'><strong>,</strong></span> <span class='ocrx_word' id='word_1_512' title='bbox 1341 3485 1406 3536; x_wconf 84' lang='lat' dir='ltr'><strong>de</strong></span> <span class='ocrx_word' id='word_1_513' title='bbox 1429 3500 1534 3553; x_wconf 94' lang='lat' dir='ltr'><strong>quo</strong></span> <span class='ocrx_word' id='word_1_514' title='bbox 1563 3496 1619 3540; x_wconf 89' lang='lat' dir='ltr'><strong>et</strong></span> <span class='ocrx_word' id='word_1_515' title='bbox 1649 3490 1995 3545; x_wconf 85' lang='lat' dir='ltr'><strong>vehementer</strong></span> <span class='ocrx_word' id='word_1_516' title='bbox 2018 3507 2153 3561; x_wconf 85' lang='lat' dir='ltr'><strong>gau—</strong></span> 
     </span>
    </p>
   </div>
   <div class='ocr_carea' id='block_1_67' title="bbox 572 3569 2158 3652">
    <p class='ocr_par' dir='ltr' id='par_1_67' title="bbox 572 3569 2158 3652">
     <span class='ocr_line' id='line_1_67' title="bbox 572 3569 2158 3652; baseline 0.012 -30"><span class='ocrx_word' id='word_1_517' title='bbox 572 3569 700 3624; x_wconf 85' lang='lat' dir='ltr'><strong>dere</strong></span> <span class='ocrx_word' id='word_1_518' title='bbox 727 3579 781 3624; x_wconf 85' lang='lat' dir='ltr'><strong>et</strong></span> <span class='ocrx_word' id='word_1_519' title='bbox 808 3571 1087 3628; x_wconf 85' lang='lat' dir='ltr'><strong>electionis</strong></span> <span class='ocrx_word' id='word_1_520' title='bbox 1118 3575 1168 3628; x_wconf 92' lang='lat' dir='ltr'><strong>in</strong></span> <span class='ocrx_word' id='word_1_521' title='bbox 1195 3576 1347 3629; x_wconf 90' lang='lat' dir='ltr'><strong>nobis</strong></span> <span class='ocrx_word' id='word_1_522' title='bbox 1373 3577 1598 3644; x_wconf 81' lang='lat' dir='ltr'><strong>gloriam</strong></span> <span class='ocrx_word' id='word_1_523' title='bbox 1633 3597 1916 3650; x_wconf 88' lang='lat' dir='ltr'><strong>possumus</strong></span> <span class='ocrx_word' id='word_1_524' title='bbox 1958 3599 2158 3652; x_wconf 86' lang='lat' dir='ltr'><strong>agnos-</strong></span> 
     </span>
    </p>
   </div>
   <div class='ocr_carea' id='block_1_68' title="bbox 573 3661 2152 3745">
    <p class='ocr_par' dir='ltr' id='par_1_68' title="bbox 573 3661 2152 3745">
     <span class='ocr_line' id='line_1_68' title="bbox 573 3661 2152 3745; baseline 0.009 -29"><span class='ocrx_word' id='word_1_525' title='bbox 573 3677 717 3726; x_wconf 90' lang='lat' dir='ltr'><strong>cere,</strong></span> <span class='ocrx_word' id='word_1_526' title='bbox 751 3662 963 3716; x_wconf 88' lang='lat' dir='ltr'><strong>diccns:</strong></span> <span class='ocrx_word' id='word_1_527' title='bbox 989 3661 1044 3716; x_wconf 85' lang='lat' dir='ltr'><strong>In</strong></span> <span class='ocrx_word' id='word_1_528' title='bbox 1081 3664 1183 3718; x_wconf 92' lang='lat' dir='ltr'><strong>hoc</strong></span> <span class='ocrx_word' id='word_1_529' title='bbox 1214 3667 1412 3720; x_wconf 80' lang='lat' dir='ltr'><strong>scietur</strong></span> <span class='ocrx_word' id='word_1_530' title='bbox 1433 3669 1554 3736; x_wconf 88' lang='lat' dir='ltr'><strong>quia</strong></span> <span class='ocrx_word' id='word_1_531' title='bbox 1575 3671 1816 3740; x_wconf 88' lang='lat' dir='ltr'><strong>discipuli</strong></span> <span class='ocrx_word' id='word_1_532' title='bbox 1866 3676 1968 3729; x_wconf 87' lang='lat' dir='ltr'><strong>mei</strong></span> <span class='ocrx_word' id='word_1_533' title='bbox 2003 3679 2152 3745; x_wconf 82' lang='lat' dir='ltr'><strong>estis,</strong></span> 
     </span>
    </p>
   </div>
   <div class='ocr_carea' id='block_1_69' title="bbox 573 3753 2150 3838">
    <p class='ocr_par' dir='ltr' id='par_1_69' title="bbox 573 3753 2150 3838">
     <span class='ocr_line' id='line_1_69' title="bbox 573 3753 2150 3838; baseline 0.01 -31"><span class='ocrx_word' id='word_1_534' title='bbox 573 3753 617 3807; x_wconf 87' lang='lat' dir='ltr'><strong>si</strong></span> <span class='ocrx_word' id='word_1_535' title='bbox 649 3753 988 3808; x_wconf 82' lang='lat' dir='ltr'><strong>dilectionem</strong></span> <span class='ocrx_word' id='word_1_536' title='bbox 1021 3755 1318 3810; x_wconf 51' lang='lat' dir='ltr'><strong>habueritis</strong></span> <span class='ocrx_word' id='word_1_537' title='bbox 1367 3760 1432 3812; x_wconf 88' lang='lat' dir='ltr'><strong>ad</strong></span> <span class='ocrx_word' id='word_1_538' title='bbox 1461 3761 1684 3816; x_wconf 74' lang='lat' dir='ltr'><strong>invicem</strong></span> <span class='ocrx_word' id='word_1_539' title='bbox 1720 3763 1897 3836; x_wconf 66' lang='grc' dir='ltr'><strong>(ςΙοίιη.</strong></span> <span class='ocrx_word' id='word_1_540' title='bbox 1933 3784 2040 3833; x_wconf 82' lang='lat' dir='ltr'><strong>xm,</strong></span> <span class='ocrx_word' id='word_1_541' title='bbox 2075 3768 2150 3838; x_wconf 83' lang='lat'><strong>5).</strong></span> 
     </span>
    </p>
   </div>
   <div class='ocr_carea' id='block_1_70' title="bbox 575 3845 2155 3922">
    <p class='ocr_par' dir='ltr' id='par_1_70' title="bbox 575 3845 2155 3922">
     <span class='ocr_line' id='line_1_70' title="bbox 575 3845 2155 3922; baseline 0.012 -22"><span class='ocrx_word' id='word_1_542' title='bbox 575 3845 727 3914; x_wconf 85' lang='lat' dir='ltr'><strong>Quod</strong></span> <span class='ocrx_word' id='word_1_543' title='bbox 753 3848 958 3914; x_wconf 85' lang='lat' dir='ltr'><strong>signum</strong></span> <span class='ocrx_word' id='word_1_544' title='bbox 991 3851 1251 3920; x_wconf 88' lang='lat' dir='ltr'><strong>propheta</strong></span> <span class='ocrx_word' id='word_1_545' title='bbox 1285 3857 1591 3922; x_wconf 81' lang='lat' dir='ltr'><strong>requirebat</strong></span> <span class='ocrx_word' id='word_1_546' title='bbox 1617 3874 1734 3912; x_wconf 84' lang='lat' dir='ltr'><strong>cum</strong></span> <span class='ocrx_word' id='word_1_547' title='bbox 1781 3861 2017 3917; x_wconf 77' lang='lat' dir='ltr'><strong>diceret:</strong></span> <span class='ocrx_word' id='word_1_548' title='bbox 2051 3863 2155 3920; x_wconf 85' lang='lat' dir='ltr'><strong>Fac</strong></span> 
     </span>
    </p>
   </div>
   <div class='ocr_carea' id='block_1_71' title="bbox 575 3937 2155 4021">
    <p class='ocr_par' dir='ltr' id='par_1_71' title="bbox 575 3937 2155 4021">
     <span class='ocr_line' id='line_1_71' title="bbox 575 3937 2155 4021; baseline 0.011 -31"><span class='ocrx_word' id='word_1_549' title='bbox 575 3951 802 3998; x_wconf 88' lang='lat' dir='ltr'><strong>mecum,</strong></span> <span class='ocrx_word' id='word_1_550' title='bbox 839 3937 1079 4005; x_wconf 83' lang='lat' dir='ltr'><strong>Domine,</strong></span> <span class='ocrx_word' id='word_1_551' title='bbox 1105 3941 1310 4010; x_wconf 89' lang='lat' dir='ltr'><strong>signum</strong></span> <span class='ocrx_word' id='word_1_552' title='bbox 1339 3945 1388 3998; x_wconf 89' lang='lat' dir='ltr'><strong>in</strong></span> <span class='ocrx_word' id='word_1_553' title='bbox 1416 3947 1577 4010; x_wconf 92' lang='lat' dir='ltr'><strong>bono,</strong></span> <span class='ocrx_word' id='word_1_554' title='bbox 1607 3961 1661 4002; x_wconf 92' lang='lat' dir='ltr'><strong>ut</strong></span> <span class='ocrx_word' id='word_1_555' title='bbox 1684 3951 1892 4005; x_wconf 76' lang='lat' dir='ltr'><strong>videant</strong></span> <span class='ocrx_word' id='word_1_556' title='bbox 1916 3955 2004 4021; x_wconf 89' lang='lat' dir='ltr'><strong>qui</strong></span> <span class='ocrx_word' id='word_1_557' title='bbox 2029 3956 2155 4010; x_wconf 87' lang='lat' dir='ltr'><strong>ode-</strong></span> 
     </span>
    </p>
   </div>
   <div class='ocr_carea' id='block_1_72' title="bbox 577 4031 2158 4110">
    <p class='ocr_par' dir='ltr' id='par_1_72' title="bbox 577 4031 2158 4110">
     <span class='ocr_line' id='line_1_72' title="bbox 577 4031 2158 4110; baseline 0.016 -31"><span class='ocrx_word' id='word_1_558' title='bbox 577 4036 701 4080; x_wconf 88' lang='lat' dir='ltr'><strong>runt</strong></span> <span class='ocrx_word' id='word_1_559' title='bbox 731 4043 818 4080; x_wconf 89' lang='lat' dir='ltr'><strong>me</strong></span> <span class='ocrx_word' id='word_1_560' title='bbox 843 4042 897 4082; x_wconf 92' lang='lat' dir='ltr'><strong>ct</strong></span> <span class='ocrx_word' id='word_1_561' title='bbox 923 4031 1316 4088; x_wconf 81' lang='lat' dir='ltr'><strong>confundantur</strong></span> <span class='ocrx_word' id='word_1_562' title='bbox 1372 4037 1596 4104; x_wconf 79' lang='lat' dir='ltr'><strong>(Psalm.</strong></span> <span class='ocrx_word' id='word_1_563' title='bbox 1633 4058 1827 4106; x_wconf 77' lang='lat' dir='ltr'><strong>Lxxxv,</strong></span> <span class='ocrx_word' id='word_1_564' title='bbox 1877 4045 1986 4110; x_wconf 86' lang='lat' dir='ltr'><strong>l7).</strong></span> <span class='ocrx_word' id='word_1_565' title='bbox 2031 4046 2158 4104; x_wconf 69' lang='lat' dir='ltr'><strong>ch</strong></span> 
     </span>
    </p>
   </div>
   <div class='ocr_carea' id='block_1_73' title="bbox 578 4119 2159 4192">
    <p class='ocr_par' dir='ltr' id='par_1_73' title="bbox 578 4119 2159 4192">
     <span class='ocr_line' id='line_1_73' title="bbox 578 4119 2159 4192; baseline 0.014 -22"><span class='ocrx_word' id='word_1_566' title='bbox 578 4127 758 4172; x_wconf 85' lang='lat' dir='ltr'><strong>autem</strong></span> <span class='ocrx_word' id='word_1_567' title='bbox 783 4119 922 4185; x_wconf 62' lang='lat' dir='ltr'><strong>dico,</strong></span> <span class='ocrx_word' id='word_1_568' title='bbox 946 4122 1068 4190; x_wconf 88' lang='lat' dir='ltr'><strong>quia</strong></span> <span class='ocrx_word' id='word_1_569' title='bbox 1097 4124 1354 4180; x_wconf 88' lang='lat' dir='ltr'><strong>auditoris</strong></span> <span class='ocrx_word' id='word_1_570' title='bbox 1382 4129 1486 4181; x_wconf 78' lang='lat' dir='ltr'><strong>mei</strong></span> <span class='ocrx_word' id='word_1_571' title='bbox 1520 4133 1752 4186; x_wconf 87' lang='lat' dir='ltr'><strong>anirrrutn</strong></span> <span class='ocrx_word' id='word_1_572' title='bbox 1779 4134 1829 4187; x_wconf 90' lang='lat' dir='ltr'><strong>in</strong></span> <span class='ocrx_word' id='word_1_573' title='bbox 1859 4134 2159 4192; x_wconf 88' lang='lat' dir='ltr'><strong>humilitate</strong></span> 
     </span>
    </p>
   </div>
   <div class='ocr_carea' id='block_1_74' title="bbox 578 4211 2156 4284">
    <p class='ocr_par' dir='ltr' id='par_1_74' title="bbox 578 4211 2156 4284">
     <span class='ocr_line' id='line_1_74' title="bbox 578 4211 2156 4284; baseline 0.015 -23"><span class='ocrx_word' id='word_1_574' title='bbox 578 4216 823 4264; x_wconf 86' lang='lat' dir='ltr'><strong>sternere</strong></span> <span class='ocrx_word' id='word_1_575' title='bbox 852 4211 1030 4279; x_wconf 90' lang='lat' dir='ltr'><strong>cupio.</strong></span> <span class='ocrx_word' id='word_1_576' title='bbox 1055 4212 1160 4267; x_wconf 89' lang='lat' dir='ltr'><strong>Sed</strong></span> <span class='ocrx_word' id='word_1_577' title='bbox 1195 4215 1306 4284; x_wconf 90' lang='lat' dir='ltr'><strong>ipsa</strong></span> <span class='ocrx_word' id='word_1_578' title='bbox 1337 4217 1608 4276; x_wconf 90' lang='lat' dir='ltr'><strong>humilitas</strong></span> <span class='ocrx_word' id='word_1_579' title='bbox 1667 4232 1755 4276; x_wconf 91' lang='lat' dir='ltr'><strong>tua</strong></span> <span class='ocrx_word' id='word_1_580' title='bbox 1786 4224 1981 4280; x_wconf 88' lang='lat' dir='ltr'><strong>habeat</strong></span> <span class='ocrx_word' id='word_1_581' title='bbox 2021 4228 2156 4284; x_wconf 56' lang='lat' dir='ltr'><strong>liriu-</strong></span> 
     </span>
    </p>
   </div>
   <div class='ocr_carea' id='block_1_75' title="bbox 552 4304 2158 4387">
    <p class='ocr_par' dir='ltr' id='par_1_75' title="bbox 552 4304 2158 4387">
     <span class='ocr_line' id='line_1_75' title="bbox 552 4304 2158 4387; baseline 0.012 -29"><span class='ocrx_word' id='word_1_582' title='bbox 552 4304 716 4358; x_wconf 82' lang='lat' dir='ltr'><strong>-cianr</strong></span> <span class='ocrx_word' id='word_1_583' title='bbox 747 4319 930 4367; x_wconf 89' lang='lat' dir='ltr'><strong>suam;</strong></span> <span class='ocrx_word' id='word_1_584' title='bbox 959 4321 1078 4358; x_wconf 91' lang='lat' dir='ltr'><strong>nam</strong></span> <span class='ocrx_word' id='word_1_585' title='bbox 1109 4320 1359 4375; x_wconf 86' lang='lat' dir='ltr'><strong>peccator</strong></span> <span class='ocrx_word' id='word_1_586' title='bbox 1396 4326 1497 4378; x_wconf 90' lang='lat' dir='ltr'><strong>ego</strong></span> <span class='ocrx_word' id='word_1_587' title='bbox 1526 4314 1821 4368; x_wconf 88' lang='lat' dir='ltr'><strong>certissinra</strong></span> <span class='ocrx_word' id='word_1_588' title='bbox 1852 4332 1948 4386; x_wconf 87' lang='lat' dir='ltr'><strong>spe</strong></span> <span class='ocrx_word' id='word_1_589' title='bbox 1978 4327 2158 4387; x_wconf 90' lang='lat' dir='ltr'><strong>teneo,</strong></span> 
     </span>
    </p>
   </div>
   <div class='ocr_carea' id='block_1_76' title="bbox 543 4376 2161 4480">
    <p class='ocr_par' dir='ltr' id='par_1_76' title="bbox 543 4376 2161 4480">
     <span class='ocr_line' id='line_1_76' title="bbox 543 4376 2161 4480; baseline 0.015 -34"><span class='ocrx_word' id='word_1_590' title='bbox 543 4376 552 4386; x_wconf 69' lang='grc'><strong>’</strong></span> <span class='ocrx_word' id='word_1_591' title='bbox 578 4394 700 4464; x_wconf 86' lang='lat' dir='ltr'><strong>quia</strong></span> <span class='ocrx_word' id='word_1_592' title='bbox 730 4411 828 4464; x_wconf 90' lang='lat' dir='ltr'><strong>per</strong></span> <span class='ocrx_word' id='word_1_593' title='bbox 853 4398 1240 4468; x_wconf 77' lang='lat' dir='ltr'><strong>omnipotentis</strong></span> <span class='ocrx_word' id='word_1_594' title='bbox 1270 4376 1541 4457; x_wconf 80' lang='lat' dir='ltr'><strong>Creatoris</strong></span> <span class='ocrx_word' id='word_1_595' title='bbox 1565 4420 1628 4459; x_wconf 89' lang='lat' dir='ltr'><strong>ac</strong></span> <span class='ocrx_word' id='word_1_596' title='bbox 1655 4376 2028 4480; x_wconf 75' lang='lat' dir='ltr'><strong>Redemptoris</strong></span> <span class='ocrx_word' id='word_1_597' title='bbox 2066 4431 2161 4470; x_wconf 90' lang='lat' dir='ltr'><strong>no-</strong></span> 
     </span>
    </p>
   </div>
   <div class='ocr_carea' id='block_1_77' title="bbox 579 4495 2156 4580">
    <p class='ocr_par' dir='ltr' id='par_1_77' title="bbox 579 4495 2156 4580">
     <span class='ocr_line' id='line_1_77' title="bbox 579 4495 2156 4580; baseline 0.015 -32"><span class='ocrx_word' id='word_1_598' title='bbox 579 4495 674 4549; x_wconf 90' lang='lat' dir='ltr'><strong>stri</strong></span> <span class='ocrx_word' id='word_1_599' title='bbox 705 4495 798 4550; x_wconf 82' lang='lat' dir='ltr'><strong>Dei</strong></span> <span class='ocrx_word' id='word_1_600' title='bbox 819 4495 1024 4552; x_wconf 92' lang='lat' dir='ltr'><strong>Domini</strong></span> <span class='ocrx_word' id='word_1_601' title='bbox 1045 4498 1170 4554; x_wconf 83' lang='lat' dir='ltr'><strong>Jesu</strong></span> <span class='ocrx_word' id='word_1_602' title='bbox 1195 4499 1391 4556; x_wconf 90' lang='lat' dir='ltr'><strong>Christi</strong></span> <span class='ocrx_word' id='word_1_603' title='bbox 1415 4505 1789 4576; x_wconf 83' lang='lat' dir='ltr'><strong>gratiam,jam</strong></span> <span class='ocrx_word' id='word_1_604' title='bbox 1820 4523 2040 4580; x_wconf 88' lang='lat' dir='ltr'><strong>peccata</strong></span> <span class='ocrx_word' id='word_1_605' title='bbox 2069 4524 2156 4570; x_wconf 90' lang='lat' dir='ltr'><strong>tua</strong></span> 
     </span>
    </p>
   </div>
   <div class='ocr_carea' id='block_1_78' title="bbox 579 4593 2159 4678">
    <p class='ocr_par' dir='ltr' id='par_1_78' title="bbox 579 4593 2159 4678">
     <span class='ocr_line' id='line_1_78' title="bbox 579 4593 2159 4678; baseline 0.015 -31"><span class='ocrx_word' id='word_1_606' title='bbox 579 4593 796 4650; x_wconf 90' lang='lat' dir='ltr'><strong>dimissa</strong></span> <span class='ocrx_word' id='word_1_607' title='bbox 819 4607 961 4651; x_wconf 91' lang='lat' dir='ltr'><strong>sunt.</strong></span> <span class='ocrx_word' id='word_1_608' title='bbox 985 4599 1044 4653; x_wconf 86' lang='lat' dir='ltr'><strong>Et</strong></span> <span class='ocrx_word' id='word_1_609' title='bbox 1076 4599 1274 4657; x_wconf 91' lang='lat' dir='ltr'><strong>idcirco</strong></span> <span class='ocrx_word' id='word_1_610' title='bbox 1292 4601 1494 4658; x_wconf 89' lang='lat' dir='ltr'><strong>electus</strong></span> <span class='ocrx_word' id='word_1_611' title='bbox 1516 4619 1590 4668; x_wconf 89' lang='lat' dir='ltr'><strong>es,</strong></span> <span class='ocrx_word' id='word_1_612' title='bbox 1621 4615 1672 4659; x_wconf 91' lang='lat' dir='ltr'><strong>ut</strong></span> <span class='ocrx_word' id='word_1_613' title='bbox 1702 4624 1796 4678; x_wconf 90' lang='lat' dir='ltr'><strong>per</strong></span> <span class='ocrx_word' id='word_1_614' title='bbox 1814 4621 1864 4664; x_wconf 90' lang='lat' dir='ltr'><strong>te</strong></span> <span class='ocrx_word' id='word_1_615' title='bbox 1884 4612 2159 4670; x_wconf 88' lang='lat' dir='ltr'><strong>dimittan-</strong></span> 
     </span>
    </p>
   </div>
   <div class='ocr_carea' id='block_1_79' title="bbox 583 4687 2160 4769">
    <p class='ocr_par' dir='ltr' id='par_1_79' title="bbox 583 4687 2160 4769">
     <span class='ocr_line' id='line_1_79' title="bbox 583 4687 2160 4769; baseline 0.015 -30"><span class='ocrx_word' id='word_1_616' title='bbox 583 4696 668 4741; x_wconf 89' lang='lat' dir='ltr'><strong>tur</strong></span> <span class='ocrx_word' id='word_1_617' title='bbox 696 4687 902 4741; x_wconf 79' lang='lat' dir='ltr'><strong>aliena:</strong></span> <span class='ocrx_word' id='word_1_618' title='bbox 962 4704 1060 4742; x_wconf 86' lang='lat' dir='ltr'><strong>nec</strong></span> <span class='ocrx_word' id='word_1_619' title='bbox 1101 4691 1323 4746; x_wconf 86' lang='lat' dir='ltr'><strong>habebis</strong></span> <span class='ocrx_word' id='word_1_620' title='bbox 1376 4693 1572 4748; x_wconf 91' lang='lat' dir='ltr'><strong>luctum</strong></span> <span class='ocrx_word' id='word_1_621' title='bbox 1621 4697 1687 4752; x_wconf 90' lang='lat' dir='ltr'><strong>de</strong></span> <span class='ocrx_word' id='word_1_622' title='bbox 1713 4701 1954 4769; x_wconf 88' lang='lat' dir='ltr'><strong>qrrolihet</strong></span> <span class='ocrx_word' id='word_1_623' title='bbox 2007 4717 2160 4763; x_wconf 87' lang='lat' dir='ltr'><strong>reatu</strong></span> 
     </span>
    </p>
   </div>
   <div class='ocr_carea' id='block_1_80' title="bbox 581 4777 2153 4862">
    <p class='ocr_par' dir='ltr' id='par_1_80' title="bbox 581 4777 2153 4862">
     <span class='ocr_line' id='line_1_80' title="bbox 581 4777 2153 4862; baseline 0.015 -32"><span class='ocrx_word' id='word_1_624' title='bbox 581 4777 954 4847; x_wconf 87' lang='lat' dir='ltr'><strong>itnposterum,</strong></span> <span class='ocrx_word' id='word_1_625' title='bbox 987 4781 1073 4848; x_wconf 87' lang='lat' dir='ltr'><strong>qui</strong></span> <span class='ocrx_word' id='word_1_626' title='bbox 1099 4784 1164 4833; x_wconf 91' lang='lat' dir='ltr'><strong>de</strong></span> <span class='ocrx_word' id='word_1_627' title='bbox 1192 4783 1481 4839; x_wconf 88' lang='lat' dir='ltr'><strong>rnrrltorrtnr</strong></span> <span class='ocrx_word' id='word_1_628' title='bbox 1513 4793 1867 4848; x_wconf 88' lang='lat' dir='ltr'><strong>conversione</strong></span> <span class='ocrx_word' id='word_1_629' title='bbox 1905 4799 2153 4862; x_wconf 90' lang='lat' dir='ltr'><strong>gaudium</strong></span> 
     </span>
    </p>
   </div>
   <div class='ocr_carea' id='block_1_81' title="bbox 580 4870 2162 4946">
    <p class='ocr_par' dir='ltr' id='par_1_81' title="bbox 580 4870 2162 4946">
     <span class='ocr_line' id='line_1_81' title="bbox 580 4870 2162 4946; baseline 0.014 -22"><span class='ocrx_word' id='word_1_630' title='bbox 580 4870 794 4924; x_wconf 87' lang='lat' dir='ltr'><strong>conaris</strong></span> <span class='ocrx_word' id='word_1_631' title='bbox 832 4871 1007 4926; x_wconf 81' lang='lat' dir='ltr'><strong>lacere</strong></span> <span class='ocrx_word' id='word_1_632' title='bbox 1031 4873 1081 4926; x_wconf 92' lang='lat' dir='ltr'><strong>in</strong></span> <span class='ocrx_word' id='word_1_633' title='bbox 1113 4874 1269 4928; x_wconf 67' lang='lat' dir='ltr'><strong>caelo.</strong></span> <span class='ocrx_word' id='word_1_634' title='bbox 1305 4875 1444 4931; x_wconf 91' lang='lat' dir='ltr'><strong>ldem</strong></span> <span class='ocrx_word' id='word_1_635' title='bbox 1494 4896 1622 4935; x_wconf 91' lang='lat' dir='ltr'><strong>vero</strong></span> <span class='ocrx_word' id='word_1_636' title='bbox 1651 4884 1913 4941; x_wconf 88' lang='lat' dir='ltr'><strong>Conditor</strong></span> <span class='ocrx_word' id='word_1_637' title='bbox 1956 4901 2013 4944; x_wconf 91' lang='lat' dir='ltr'><strong>et</strong></span> <span class='ocrx_word' id='word_1_638' title='bbox 2058 4891 2162 4946; x_wconf 69' lang='lat' dir='ltr'><strong>lle-</strong></span> 
     </span>
    </p>
   </div>
   <div class='ocr_carea' id='block_1_82' title="bbox 581 4963 2159 5051">
    <p class='ocr_par' dir='ltr' id='par_1_82' title="bbox 581 4963 2159 5051">
     <span class='ocr_line' id='line_1_82' title="bbox 581 4963 2159 5051; baseline 0.014 -35"><span class='ocrx_word' id='word_1_639' title='bbox 581 4963 830 5032; x_wconf 88' lang='lat' dir='ltr'><strong>dernptor</strong></span> <span class='ocrx_word' id='word_1_640' title='bbox 866 4973 1068 5031; x_wconf 88' lang='lat' dir='ltr'><strong>noster,</strong></span> <span class='ocrx_word' id='word_1_641' title='bbox 1112 4982 1230 5020; x_wconf 90' lang='lat' dir='ltr'><strong>cum</strong></span> <span class='ocrx_word' id='word_1_642' title='bbox 1258 4968 1324 5022; x_wconf 89' lang='lat' dir='ltr'><strong>de</strong></span> <span class='ocrx_word' id='word_1_643' title='bbox 1353 4973 1666 5039; x_wconf 67' lang='lat' dir='ltr'><strong>paenitentia</strong></span> <span class='ocrx_word' id='word_1_644' title='bbox 1709 4977 1941 5034; x_wconf 90' lang='lat' dir='ltr'><strong>hominis</strong></span> <span class='ocrx_word' id='word_1_645' title='bbox 1971 4981 2159 5051; x_wconf 89' lang='lat' dir='ltr'><strong>loque-</strong></span> 
     </span>
    </p>
   </div>
   <div class='ocr_carea' id='block_1_83' title="bbox 582 5054 2162 5134">
    <p class='ocr_par' dir='ltr' id='par_1_83' title="bbox 582 5054 2162 5134">
     <span class='ocr_line' id='line_1_83' title="bbox 582 5054 2162 5134; baseline 0.013 -27"><span class='ocrx_word' id='word_1_646' title='bbox 582 5062 750 5120; x_wconf 87' lang='lat' dir='ltr'><strong>retur,</strong></span> <span class='ocrx_word' id='word_1_647' title='bbox 784 5055 884 5109; x_wconf 87' lang='lat' dir='ltr'><strong>ait:</strong></span> <span class='ocrx_word' id='word_1_648' title='bbox 905 5054 1138 5119; x_wconf 83' lang='lat' dir='ltr'><strong>lta,tlico</strong></span> <span class='ocrx_word' id='word_1_649' title='bbox 1155 5059 1330 5127; x_wconf 91' lang='lat' dir='ltr'><strong>vobis,</strong></span> <span class='ocrx_word' id='word_1_650' title='bbox 1349 5063 1523 5132; x_wconf 86' lang='lat' dir='ltr'><strong>majus</strong></span> <span class='ocrx_word' id='word_1_651' title='bbox 1543 5067 1792 5134; x_wconf 83' lang='lat' dir='ltr'><strong>gaudium</strong></span> <span class='ocrx_word' id='word_1_652' title='bbox 1819 5069 1918 5124; x_wconf 91' lang='lat' dir='ltr'><strong>erit</strong></span> <span class='ocrx_word' id='word_1_653' title='bbox 1941 5071 1991 5124; x_wconf 93' lang='lat' dir='ltr'><strong>in</strong></span> <span class='ocrx_word' id='word_1_654' title='bbox 2023 5075 2162 5128; x_wconf 69' lang='lat' dir='ltr'><strong>coelo</strong></span> 
     </span>
    </p>
   </div>
   <div class='ocr_carea' id='block_1_84' title="bbox 582 5153 2165 5230">
    <p class='ocr_par' dir='ltr' id='par_1_84' title="bbox 582 5153 2165 5230">
     <span class='ocr_line' id='line_1_84' title="bbox 582 5153 2165 5230; baseline 0.011 -30"><span class='ocrx_word' id='word_1_655' title='bbox 582 5161 746 5216; x_wconf 87' lang='lat' dir='ltr'><strong>super</strong></span> <span class='ocrx_word' id='word_1_656' title='bbox 770 5161 878 5201; x_wconf 88' lang='lat' dir='ltr'><strong>uno</strong></span> <span class='ocrx_word' id='word_1_657' title='bbox 901 5159 1182 5217; x_wconf 86' lang='lat' dir='ltr'><strong>peccatore</strong></span> <span class='ocrx_word' id='word_1_658' title='bbox 1212 5153 1578 5220; x_wconf 60' lang='lat' dir='ltr'><strong>paenitentiam</strong></span> <span class='ocrx_word' id='word_1_659' title='bbox 1611 5167 1831 5226; x_wconf 86' lang='lat' dir='ltr'><strong>agente,</strong></span> <span class='ocrx_word' id='word_1_660' title='bbox 1880 5176 2041 5230; x_wconf 91' lang='lat' dir='ltr'><strong>quam</strong></span> <span class='ocrx_word' id='word_1_661' title='bbox 2071 5179 2165 5218; x_wconf 85' lang='lat' dir='ltr'><strong>su-</strong></span> 
     </span>
    </p>
   </div>
   <div class='ocr_carea' id='block_1_85' title="bbox 583 5251 2160 5335">
    <p class='ocr_par' dir='ltr' id='par_1_85' title="bbox 583 5251 2160 5335">
     <span class='ocr_line' id='line_1_85' title="bbox 583 5251 2160 5335; baseline 0.011 -31"><span class='ocrx_word' id='word_1_662' title='bbox 583 5266 680 5319; x_wconf 89' lang='lat' dir='ltr'><strong>per</strong></span> <span class='ocrx_word' id='word_1_663' title='bbox 699 5251 987 5319; x_wconf 81' lang='lat' dir='ltr'><strong>nonaginta</strong></span> <span class='ocrx_word' id='word_1_664' title='bbox 1015 5267 1201 5308; x_wconf 89' lang='lat' dir='ltr'><strong>novem</strong></span> <span class='ocrx_word' id='word_1_665' title='bbox 1225 5254 1407 5324; x_wconf 91' lang='lat' dir='ltr'><strong>justis,</strong></span> <span class='ocrx_word' id='word_1_666' title='bbox 1427 5271 1620 5326; x_wconf 82' lang='lat' dir='ltr'><strong>quibus</strong></span> <span class='ocrx_word' id='word_1_667' title='bbox 1645 5276 1750 5314; x_wconf 92' lang='lat' dir='ltr'><strong>non</strong></span> <span class='ocrx_word' id='word_1_668' title='bbox 1773 5278 1908 5331; x_wconf 78' lang='lat' dir='ltr'><strong>opus</strong></span> <span class='ocrx_word' id='word_1_669' title='bbox 1928 5265 2029 5318; x_wconf 91' lang='lat' dir='ltr'><strong>erit</strong></span> <span class='ocrx_word' id='word_1_670' title='bbox 2054 5283 2160 5335; x_wconf 76' lang='lat' dir='ltr'><strong>pm-</strong></span> 
     </span>
    </p>
   </div>
   <div class='ocr_carea' id='block_1_86' title="bbox 587 5344 2166 5428">
    <p class='ocr_par' dir='ltr' id='par_1_86' title="bbox 587 5344 2166 5428">
     <span class='ocr_line' id='line_1_86' title="bbox 587 5344 2166 5428; baseline 0.014 -32"><span class='ocrx_word' id='word_1_671' title='bbox 587 5345 808 5401; x_wconf 89' lang='lat' dir='ltr'><strong>rrirentia</strong></span> <span class='ocrx_word' id='word_1_672' title='bbox 837 5344 988 5416; x_wconf 83' lang='lat' dir='ltr'><strong>(Luc.</strong></span> <span class='ocrx_word' id='word_1_673' title='bbox 1026 5363 1108 5412; x_wconf 81' lang='lat' dir='ltr'><strong>xv,</strong></span> <span class='ocrx_word' id='word_1_674' title='bbox 1136 5349 1208 5418; x_wconf 85' lang='lat'><strong>7).</strong></span> <span class='ocrx_word' id='word_1_675' title='bbox 1242 5348 1308 5402; x_wconf 85' lang='lat' dir='ltr'><strong>Et</strong></span> <span class='ocrx_word' id='word_1_676' title='bbox 1333 5351 1375 5405; x_wconf 89' lang='lat' dir='ltr'><strong>si</strong></span> <span class='ocrx_word' id='word_1_677' title='bbox 1407 5352 1473 5406; x_wconf 89' lang='lat' dir='ltr'><strong>de</strong></span> <span class='ocrx_word' id='word_1_678' title='bbox 1500 5369 1606 5407; x_wconf 93' lang='lat' dir='ltr'><strong>uno</strong></span> <span class='ocrx_word' id='word_1_679' title='bbox 1636 5356 1931 5424; x_wconf 74' lang='lat' dir='ltr'><strong>pmrritentc</strong></span> <span class='ocrx_word' id='word_1_680' title='bbox 1961 5363 2166 5428; x_wconf 86' lang='lat' dir='ltr'><strong>grande</strong></span> 
     </span>
    </p>
   </div>
   <div class='ocr_carea' id='block_1_87' title="bbox 590 5433 2164 5510">
    <p class='ocr_par' dir='ltr' id='par_1_87' title="bbox 590 5433 2164 5510">
     <span class='ocr_line' id='line_1_87' title="bbox 590 5433 2164 5510; baseline 0.017 -27"><span class='ocrx_word' id='word_1_681' title='bbox 590 5433 646 5487; x_wconf 90' lang='lat' dir='ltr'><strong>lit</strong></span> <span class='ocrx_word' id='word_1_682' title='bbox 673 5436 926 5503; x_wconf 87' lang='lat' dir='ltr'><strong>gaudium</strong></span> <span class='ocrx_word' id='word_1_683' title='bbox 961 5438 1012 5491; x_wconf 90' lang='lat' dir='ltr'><strong>in</strong></span> <span class='ocrx_word' id='word_1_684' title='bbox 1053 5439 1213 5503; x_wconf 80' lang='lat' dir='ltr'><strong>ccelo,</strong></span> <span class='ocrx_word' id='word_1_685' title='bbox 1244 5441 1408 5510; x_wconf 89' lang='lat' dir='ltr'><strong>quale</strong></span> <span class='ocrx_word' id='word_1_686' title='bbox 1435 5437 1690 5510; x_wconf 85' lang='lat' dir='ltr'><strong>gaudium</strong></span> <span class='ocrx_word' id='word_1_687' title='bbox 1741 5448 2018 5506; x_wconf 85' lang='lat' dir='ltr'><strong>credimus</strong></span> <span class='ocrx_word' id='word_1_688' title='bbox 2049 5453 2164 5509; x_wconf 86' lang='lat' dir='ltr'><strong>lac—</strong></span> 
     </span>
    </p>
   </div>
   <div class='ocr_carea' id='block_1_88' title="bbox 587 5525 2159 5611">
    <p class='ocr_par' dir='ltr' id='par_1_88' title="bbox 587 5525 2159 5611">
     <span class='ocr_line' id='line_1_88' title="bbox 587 5525 2159 5611; baseline 0.011 -32"><span class='ocrx_word' id='word_1_689' title='bbox 587 5538 699 5582; x_wconf 90' lang='lat' dir='ltr'><strong>tum</strong></span> <span class='ocrx_word' id='word_1_690' title='bbox 724 5525 788 5581; x_wconf 87' lang='lat' dir='ltr'><strong>de</strong></span> <span class='ocrx_word' id='word_1_691' title='bbox 819 5536 968 5582; x_wconf 86' lang='lat' dir='ltr'><strong>tanto</strong></span> <span class='ocrx_word' id='word_1_692' title='bbox 993 5530 1216 5598; x_wconf 83' lang='lat' dir='ltr'><strong>papulo,</strong></span> <span class='ocrx_word' id='word_1_693' title='bbox 1262 5547 1290 5583; x_wconf 91' lang='lat' dir='ltr'><strong>a</strong></span> <span class='ocrx_word' id='word_1_694' title='bbox 1323 5548 1423 5586; x_wconf 86' lang='lat' dir='ltr'><strong>suo</strong></span> <span class='ocrx_word' id='word_1_695' title='bbox 1447 5548 1634 5589; x_wconf 90' lang='lat' dir='ltr'><strong>errore</strong></span> <span class='ocrx_word' id='word_1_696' title='bbox 1661 5552 1944 5607; x_wconf 90' lang='lat' dir='ltr'><strong>converso,</strong></span> <span class='ocrx_word' id='word_1_697' title='bbox 1978 5543 2068 5611; x_wconf 91' lang='lat' dir='ltr'><strong>qui</strong></span> <span class='ocrx_word' id='word_1_698' title='bbox 2093 5543 2159 5597; x_wconf 91' lang='lat' dir='ltr'><strong>ad</strong></span> 
     </span>
    </p>
   </div>
   <div class='ocr_carea' id='block_1_89' title="bbox 588 5621 2162 5695">
    <p class='ocr_par' dir='ltr' id='par_1_89' title="bbox 588 5621 2162 5695">
     <span class='ocr_line' id='line_1_89' title="bbox 588 5621 2162 5695; baseline 0.012 -24"><span class='ocrx_word' id='word_1_699' title='bbox 588 5621 743 5674; x_wconf 85' lang='lat' dir='ltr'><strong>Iidem</strong></span> <span class='ocrx_word' id='word_1_700' title='bbox 785 5621 1024 5687; x_wconf 72' lang='lat' dir='ltr'><strong>veniens,</strong></span> <span class='ocrx_word' id='word_1_701' title='bbox 1058 5621 1195 5675; x_wconf 88' lang='lat' dir='ltr'><strong>mala</strong></span> <span class='ocrx_word' id='word_1_702' title='bbox 1218 5638 1335 5692; x_wconf 69' lang='lat' dir='ltr'><strong>qum.</strong></span> <span class='ocrx_word' id='word_1_703' title='bbox 1357 5625 1464 5691; x_wconf 86' lang='lat' dir='ltr'><strong>egit</strong></span> <span class='ocrx_word' id='word_1_704' title='bbox 1491 5628 1802 5695; x_wconf 60' lang='lat' dir='ltr'><strong>paenitendo</strong></span> <span class='ocrx_word' id='word_1_705' title='bbox 1851 5635 2162 5690; x_wconf 88' lang='lat' dir='ltr'><strong>damnavit?</strong></span> 
     </span>
    </p>
   </div>
   <div class='ocr_carea' id='block_1_90' title="bbox 587 5711 2163 5798">
    <p class='ocr_par' dir='ltr' id='par_1_90' title="bbox 587 5711 2163 5798">
     <span class='ocr_line' id='line_1_90' title="bbox 587 5711 2163 5798; baseline 0.012 -32"><span class='ocrx_word' id='word_1_706' title='bbox 587 5711 642 5767; x_wconf 90' lang='lat' dir='ltr'><strong>ln</strong></span> <span class='ocrx_word' id='word_1_707' title='bbox 676 5713 776 5768; x_wconf 77' lang='lat' dir='ltr'><strong>hoc</strong></span> <span class='ocrx_word' id='word_1_708' title='bbox 803 5712 980 5783; x_wconf 88' lang='lat' dir='ltr'><strong>itaque</strong></span> <span class='ocrx_word' id='word_1_709' title='bbox 1031 5714 1154 5770; x_wconf 67' lang='lat' dir='ltr'><strong>coeli</strong></span> <span class='ocrx_word' id='word_1_710' title='bbox 1193 5724 1246 5769; x_wconf 91' lang='lat' dir='ltr'><strong>et</strong></span> <span class='ocrx_word' id='word_1_711' title='bbox 1275 5717 1586 5786; x_wconf 85' lang='lat' dir='ltr'><strong>angelorum</strong></span> <span class='ocrx_word' id='word_1_712' title='bbox 1632 5724 1827 5791; x_wconf 86' lang='lat' dir='ltr'><strong>gaudio</strong></span> <span class='ocrx_word' id='word_1_713' title='bbox 1857 5737 2163 5798; x_wconf 83' lang='lat' dir='ltr'><strong>repetamus</strong></span> 
     </span>
    </p>
   </div>
   <div class='ocr_carea' id='block_1_91' title="bbox 591 5804 2164 5884">
    <p class='ocr_par' dir='ltr' id='par_1_91' title="bbox 591 5804 2164 5884">
     <span class='ocr_line' id='line_1_91' title="bbox 591 5804 2164 5884; baseline 0.015 -30"><span class='ocrx_word' id='word_1_714' title='bbox 591 5804 728 5872; x_wconf 77' lang='lat' dir='ltr'><strong>ipsas</strong></span> <span class='ocrx_word' id='word_1_715' title='bbox 755 5819 887 5873; x_wconf 88' lang='lat' dir='ltr'><strong>quas</strong></span> <span class='ocrx_word' id='word_1_716' title='bbox 917 5805 1272 5874; x_wconf 76' lang='lat' dir='ltr'><strong>przezrrisinms</strong></span> <span class='ocrx_word' id='word_1_717' title='bbox 1320 5825 1480 5868; x_wconf 88' lang='lat' dir='ltr'><strong>voces</strong></span> <span class='ocrx_word' id='word_1_718' title='bbox 1534 5815 1875 5884; x_wconf 86' lang='lat' dir='ltr'><strong>angelorum;</strong></span> <span class='ocrx_word' id='word_1_719' title='bbox 1926 5819 2164 5878; x_wconf 74' lang='lat' dir='ltr'><strong>d&#39;cam&#39;rs</strong></span> 
     </span>
    </p>
   </div>
   <div class='ocr_carea' id='block_1_92' title="bbox 2258 3254 3854 3334">
    <p class='ocr_par' dir='ltr' id='par_1_92' title="bbox 2258 3254 3854 3334">
     <span class='ocr_line' id='line_1_92' title="bbox 2258 3254 3854 3334; baseline 0.009 -26"><span class='ocrx_word' id='word_1_720' title='bbox 2258 3254 2431 3310; x_wconf 82' lang='lat' dir='ltr'><strong>Patris</strong></span> <span class='ocrx_word' id='word_1_721' title='bbox 2461 3268 2514 3311; x_wconf 93' lang='lat' dir='ltr'><strong>et</strong></span> <span class='ocrx_word' id='word_1_722' title='bbox 2557 3256 2671 3311; x_wconf 73' lang='lat' dir='ltr'><strong>Fiiii</strong></span> <span class='ocrx_word' id='word_1_723' title='bbox 2703 3267 2759 3312; x_wconf 89' lang='lat' dir='ltr'><strong>et</strong></span> <span class='ocrx_word' id='word_1_724' title='bbox 2788 3257 3020 3330; x_wconf 90' lang='lat' dir='ltr'><strong>Spiritus</strong></span> <span class='ocrx_word' id='word_1_725' title='bbox 3059 3261 3226 3313; x_wconf 89' lang='lat' dir='ltr'><strong>sancti</strong></span> <span class='ocrx_word' id='word_1_726' title='bbox 3257 3303 3270 3328; x_wconf 90' lang='lat'><strong>,</strong></span> <span class='ocrx_word' id='word_1_727' title='bbox 3303 3263 3516 3329; x_wconf 77' lang='lat' dir='ltr'><strong>regibus</strong></span> <span class='ocrx_word' id='word_1_728' title='bbox 3544 3279 3606 3318; x_wconf 86' lang='lat' dir='ltr'><strong>ac</strong></span> <span class='ocrx_word' id='word_1_729' title='bbox 3635 3269 3854 3334; x_wconf 78' lang='lat' dir='ltr'><strong>popu&#39;is</strong></span> 
     </span>
    </p>
   </div>
   <div class='ocr_carea' id='block_1_93' title="bbox 2259 3349 3855 3428">
    <p class='ocr_par' dir='ltr' id='par_1_93' title="bbox 2259 3349 3855 3428">
     <span class='ocr_line' id='line_1_93' title="bbox 2259 3349 3855 3428; baseline 0.009 -26"><span class='ocrx_word' id='word_1_730' title='bbox 2259 3349 2414 3403; x_wconf 90' lang='lat' dir='ltr'><strong>sibinr</strong></span> <span class='ocrx_word' id='word_1_731' title='bbox 2455 3360 2475 3403; x_wconf 92' lang='lat' dir='ltr'><strong>t</strong></span> <span class='ocrx_word' id='word_1_732' title='bbox 2519 3351 2775 3420; x_wconf 86' lang='lat' dir='ltr'><strong>subjectis</strong></span> <span class='ocrx_word' id='word_1_733' title='bbox 2824 3351 3040 3407; x_wconf 74' lang='lat' dir='ltr'><strong>festinet</strong></span> <span class='ocrx_word' id='word_1_734' title='bbox 3071 3354 3387 3420; x_wconf 80' lang='lat' dir='ltr'><strong>infundere;</strong></span> <span class='ocrx_word' id='word_1_735' title='bbox 3423 3366 3562 3412; x_wconf 79' lang='lat' dir='ltr'><strong>utet</strong></span> <span class='ocrx_word' id='word_1_736' title='bbox 3600 3360 3855 3428; x_wconf 86' lang='lat' dir='ltr'><strong>antiquos</strong></span> 
     </span>
    </p>
   </div>
   <div class='ocr_carea' id='block_1_94' title="bbox 2257 3441 3853 3514">
    <p class='ocr_par' dir='ltr' id='par_1_94' title="bbox 2257 3441 3853 3514">
     <span class='ocr_line' id='line_1_94' title="bbox 2257 3441 3853 3514; baseline 0.008 -22"><span class='ocrx_word' id='word_1_737' title='bbox 2257 3441 2431 3506; x_wconf 85' lang='lat' dir='ltr'><strong>gentis</strong></span> <span class='ocrx_word' id='word_1_738' title='bbox 2477 3457 2587 3494; x_wconf 77' lang='lat' dir='ltr'><strong>sua:</strong></span> <span class='ocrx_word' id='word_1_739' title='bbox 2637 3457 2790 3510; x_wconf 69' lang='lat' dir='ltr'><strong>rrch</strong></span> <span class='ocrx_word' id='word_1_740' title='bbox 2838 3443 3083 3498; x_wconf 88' lang='lat' dir='ltr'><strong>laudibus</strong></span> <span class='ocrx_word' id='word_1_741' title='bbox 3127 3461 3191 3499; x_wconf 89' lang='lat' dir='ltr'><strong>ac</strong></span> <span class='ocrx_word' id='word_1_742' title='bbox 3233 3448 3438 3501; x_wconf 79' lang='lat' dir='ltr'><strong>meritis</strong></span> <span class='ocrx_word' id='word_1_743' title='bbox 3484 3458 3760 3514; x_wconf 86' lang='lat' dir='ltr'><strong>transeat;</strong></span> <span class='ocrx_word' id='word_1_744' title='bbox 3793 3461 3853 3505; x_wconf 80' lang='lat' dir='ltr'><strong>tt</strong></span> 
     </span>
    </p>
   </div>
   <div class='ocr_carea' id='block_1_95' title="bbox 2258 3533 3854 3610">
    <p class='ocr_par' dir='ltr' id='par_1_95' title="bbox 2258 3533 3854 3610">
     <span class='ocr_line' id='line_1_95' title="bbox 2258 3533 3854 3610; baseline 0.008 -26"><span class='ocrx_word' id='word_1_745' title='bbox 2258 3543 2459 3600; x_wconf 80' lang='lat' dir='ltr'><strong>quanto</strong></span> <span class='ocrx_word' id='word_1_746' title='bbox 2491 3533 2541 3585; x_wconf 90' lang='lat' dir='ltr'><strong>in</strong></span> <span class='ocrx_word' id='word_1_747' title='bbox 2573 3533 2825 3600; x_wconf 89' lang='lat' dir='ltr'><strong>srrbjectis</strong></span> <span class='ocrx_word' id='word_1_748' title='bbox 2848 3534 2956 3587; x_wconf 63' lang='lat' dir='ltr'><strong>suis</strong></span> <span class='ocrx_word' id='word_1_749' title='bbox 2979 3537 3139 3588; x_wconf 90' lang='lat' dir='ltr'><strong>etiam</strong></span> <span class='ocrx_word' id='word_1_750' title='bbox 3163 3537 3334 3590; x_wconf 86' lang='lat' dir='ltr'><strong>aliena</strong></span> <span class='ocrx_word' id='word_1_751' title='bbox 3358 3548 3580 3610; x_wconf 77' lang='lat' dir='ltr'><strong>peceata</strong></span> <span class='ocrx_word' id='word_1_752' title='bbox 3607 3541 3854 3596; x_wconf 70' lang='lat' dir='ltr'><strong>deterse-</strong></span> 
     </span>
    </p>
   </div>
   <div class='ocr_carea' id='block_1_96' title="bbox 2261 3623 3849 3703">
    <p class='ocr_par' dir='ltr' id='par_1_96' title="bbox 2261 3623 3849 3703">
     <span class='ocr_line' id='line_1_96' title="bbox 2261 3623 3849 3703; baseline 0.007 -27"><span class='ocrx_word' id='word_1_753' title='bbox 2261 3623 2356 3687; x_wconf 91' lang='lat' dir='ltr'><strong>rit,</strong></span> <span class='ocrx_word' id='word_1_754' title='bbox 2386 3632 2720 3677; x_wconf 75' lang='lat' dir='ltr'><strong>tarrtoetmn</strong></span> <span class='ocrx_word' id='word_1_755' title='bbox 2751 3629 2819 3679; x_wconf 88' lang='lat' dir='ltr'><strong>de</strong></span> <span class='ocrx_word' id='word_1_756' title='bbox 2863 3626 3097 3694; x_wconf 88' lang='lat' dir='ltr'><strong>peccatis</strong></span> <span class='ocrx_word' id='word_1_757' title='bbox 3147 3630 3379 3697; x_wconf 87' lang='lat' dir='ltr'><strong>propriis</strong></span> <span class='ocrx_word' id='word_1_758' title='bbox 3428 3638 3554 3683; x_wconf 90' lang='lat' dir='ltr'><strong>ante</strong></span> <span class='ocrx_word' id='word_1_759' title='bbox 3598 3634 3849 3703; x_wconf 89' lang='lat' dir='ltr'><strong>omnipo-</strong></span> 
     </span>
    </p>
   </div>
   <div class='ocr_carea' id='block_1_97' title="bbox 2261 3714 3854 3779">
    <p class='ocr_par' dir='ltr' id='par_1_97' title="bbox 2261 3714 3854 3779">
     <span class='ocr_line' id='line_1_97' title="bbox 2261 3714 3854 3779; baseline 0.009 -14"><span class='ocrx_word' id='word_1_760' title='bbox 2261 3714 2420 3766; x_wconf 67' lang='lat' dir='ltr'><strong>tr-ntis</strong></span> <span class='ocrx_word' id='word_1_761' title='bbox 2454 3714 2546 3768; x_wconf 67' lang='lat' dir='ltr'><strong>hri</strong></span> <span class='ocrx_word' id='word_1_762' title='bbox 2579 3715 2816 3769; x_wconf 86' lang='lat' dir='ltr'><strong>terribile</strong></span> <span class='ocrx_word' id='word_1_763' title='bbox 2845 3731 3075 3772; x_wconf 83' lang='lat' dir='ltr'><strong>examen</strong></span> <span class='ocrx_word' id='word_1_764' title='bbox 3099 3720 3343 3774; x_wconf 74' lang='lat' dir='ltr'><strong>securior</strong></span> <span class='ocrx_word' id='word_1_765' title='bbox 3366 3723 3476 3775; x_wconf 87' lang='lat' dir='ltr'><strong>tiat.</strong></span> <span class='ocrx_word' id='word_1_766' title='bbox 3509 3721 3854 3779; x_wconf 82' lang='lat' dir='ltr'><strong>Reverentis-</strong></span> 
     </span>
    </p>
   </div>
   <div class='ocr_carea' id='block_1_98' title="bbox 2260 3804 3849 3876">
    <p class='ocr_par' dir='ltr' id='par_1_98' title="bbox 2260 3804 3849 3876">
     <span class='ocr_line' id='line_1_98' title="bbox 2260 3804 3849 3876; baseline 0.009 -22"><span class='ocrx_word' id='word_1_767' title='bbox 2260 3804 2426 3856; x_wconf 86' lang='lat' dir='ltr'><strong>simus</strong></span> <span class='ocrx_word' id='word_1_768' title='bbox 2448 3817 2624 3858; x_wconf 90' lang='lat' dir='ltr'><strong>autem</strong></span> <span class='ocrx_word' id='word_1_769' title='bbox 2653 3805 2815 3860; x_wconf 84' lang='lat' dir='ltr'><strong>frater</strong></span> <span class='ocrx_word' id='word_1_770' title='bbox 2842 3815 3026 3860; x_wconf 89' lang='lat' dir='ltr'><strong>noster</strong></span> <span class='ocrx_word' id='word_1_771' title='bbox 3057 3808 3278 3876; x_wconf 81' lang='lat' dir='ltr'><strong>Augusti</strong></span> <span class='ocrx_word' id='word_1_772' title='bbox 3324 3825 3382 3863; x_wconf 92' lang='lat' dir='ltr'><strong>us</strong></span> <span class='ocrx_word' id='word_1_773' title='bbox 3405 3850 3419 3875; x_wconf 94' lang='lat'><strong>,</strong></span> <span class='ocrx_word' id='word_1_774' title='bbox 3445 3811 3495 3864; x_wconf 92' lang='lat' dir='ltr'><strong>in</strong></span> <span class='ocrx_word' id='word_1_775' title='bbox 3529 3817 3849 3868; x_wconf 87' lang='lat' dir='ltr'><strong>monasterii</strong></span> 
     </span>
    </p>
   </div>
   <div class='ocr_carea' id='block_1_99' title="bbox 2261 3896 3851 3973">
    <p class='ocr_par' dir='ltr' id='par_1_99' title="bbox 2261 3896 3851 3973">
     <span class='ocr_line' id='line_1_99' title="bbox 2261 3896 3851 3973; baseline 0.006 -24"><span class='ocrx_word' id='word_1_776' title='bbox 2261 3896 2443 3965; x_wconf 88' lang='lat' dir='ltr'><strong>regula</strong></span> <span class='ocrx_word' id='word_1_777' title='bbox 2473 3897 2698 3952; x_wconf 90' lang='lat' dir='ltr'><strong>edoctus</strong></span> <span class='ocrx_word' id='word_1_778' title='bbox 2725 3939 2739 3963; x_wconf 92' lang='lat'><strong>,</strong></span> <span class='ocrx_word' id='word_1_779' title='bbox 2773 3914 2938 3953; x_wconf 73' lang='lat' dir='ltr'><strong>sacra:</strong></span> <span class='ocrx_word' id='word_1_780' title='bbox 2984 3897 3275 3968; x_wconf 59' lang='lat' dir='ltr'><strong>Scriptura:</strong></span> <span class='ocrx_word' id='word_1_781' title='bbox 3319 3902 3543 3956; x_wconf 82' lang='lat' dir='ltr'><strong>scientia</strong></span> <span class='ocrx_word' id='word_1_782' title='bbox 3573 3904 3808 3973; x_wconf 82' lang='lat' dir='ltr'><strong>repletus</strong></span> <span class='ocrx_word' id='word_1_783' title='bbox 3836 3947 3851 3968; x_wconf 90' lang='lat'><strong>,</strong></span> 
     </span>
    </p>
   </div>
   <div class='ocr_carea' id='block_1_100' title="bbox 2262 3986 3858 4064">
    <p class='ocr_par' dir='ltr' id='par_1_100' title="bbox 2262 3986 3858 4064">
     <span class='ocr_line' id='line_1_100' title="bbox 2262 3986 3858 4064; baseline 0.005 -24"><span class='ocrx_word' id='word_1_784' title='bbox 2262 3986 2415 4041; x_wconf 89' lang='lat' dir='ltr'><strong>bouis</strong></span> <span class='ocrx_word' id='word_1_785' title='bbox 2445 3997 2668 4044; x_wconf 90' lang='lat' dir='ltr'><strong>auctore</strong></span> <span class='ocrx_word' id='word_1_786' title='bbox 2713 3989 2826 4044; x_wconf 91' lang='lat' dir='ltr'><strong>Deo</strong></span> <span class='ocrx_word' id='word_1_787' title='bbox 2855 3989 3108 4059; x_wconf 89' lang='lat' dir='ltr'><strong>operibus</strong></span> <span class='ocrx_word' id='word_1_788' title='bbox 3153 3991 3407 4060; x_wconf 72' lang='lat' dir='ltr'><strong>prreditus</strong></span> <span class='ocrx_word' id='word_1_789' title='bbox 3436 4031 3449 4054; x_wconf 88' lang='lat'><strong>,</strong></span> <span class='ocrx_word' id='word_1_790' title='bbox 3481 4008 3708 4064; x_wconf 70' lang='lat' dir='ltr'><strong>qumque</strong></span> <span class='ocrx_word' id='word_1_791' title='bbox 3757 4011 3858 4048; x_wconf 63' lang='lat' dir='ltr'><strong>vos</strong></span> 
     </span>
    </p>
   </div>
   <div class='ocr_carea' id='block_1_101' title="bbox 2263 4078 3856 4154">
    <p class='ocr_par' dir='ltr' id='par_1_101' title="bbox 2263 4078 3856 4154">
     <span class='ocr_line' id='line_1_101' title="bbox 2263 4078 3856 4154; baseline 0.007 -22"><span class='ocrx_word' id='word_1_792' title='bbox 2263 4078 2518 4135; x_wconf 90' lang='lat' dir='ltr'><strong>admonet</strong></span> <span class='ocrx_word' id='word_1_793' title='bbox 2549 4081 2775 4136; x_wconf 88' lang='lat' dir='ltr'><strong>libenter</strong></span> <span class='ocrx_word' id='word_1_794' title='bbox 2815 4083 3001 4138; x_wconf 90' lang='lat' dir='ltr'><strong>audite</strong></span> <span class='ocrx_word' id='word_1_795' title='bbox 3024 4124 3040 4150; x_wconf 90' lang='lat'><strong>,</strong></span> <span class='ocrx_word' id='word_1_796' title='bbox 3069 4082 3262 4138; x_wconf 90' lang='lat' dir='ltr'><strong>devote</strong></span> <span class='ocrx_word' id='word_1_797' title='bbox 3309 4087 3550 4154; x_wconf 84' lang='lat' dir='ltr'><strong>peragite</strong></span> <span class='ocrx_word' id='word_1_798' title='bbox 3569 4127 3584 4152; x_wconf 90' lang='lat'><strong>,</strong></span> <span class='ocrx_word' id='word_1_799' title='bbox 3613 4089 3856 4142; x_wconf 78' lang='lat' dir='ltr'><strong>studiose</strong></span> 
     </span>
    </p>
   </div>
   <div class='ocr_carea' id='block_1_102' title="bbox 2264 4172 3854 4251">
    <p class='ocr_par' dir='ltr' id='par_1_102' title="bbox 2264 4172 3854 4251">
     <span class='ocr_line' id='line_1_102' title="bbox 2264 4172 3854 4251; baseline 0.006 -25"><span class='ocrx_word' id='word_1_800' title='bbox 2264 4172 2316 4226; x_wconf 92' lang='lat' dir='ltr'><strong>in</strong></span> <span class='ocrx_word' id='word_1_801' title='bbox 2345 4175 2602 4228; x_wconf 90' lang='lat' dir='ltr'><strong>memoria</strong></span> <span class='ocrx_word' id='word_1_802' title='bbox 2631 4189 2905 4229; x_wconf 85' lang='lat' dir='ltr'><strong>reservate</strong></span> <span class='ocrx_word' id='word_1_803' title='bbox 2932 4195 2943 4228; x_wconf 88' lang='lat'>:</span> <span class='ocrx_word' id='word_1_804' title='bbox 2979 4177 3102 4245; x_wconf 91' lang='lat' dir='ltr'><strong>quia</strong></span> <span class='ocrx_word' id='word_1_805' title='bbox 3133 4178 3175 4230; x_wconf 91' lang='lat' dir='ltr'><strong>si</strong></span> <span class='ocrx_word' id='word_1_806' title='bbox 3211 4194 3307 4233; x_wconf 88' lang='lat' dir='ltr'><strong>vos</strong></span> <span class='ocrx_word' id='word_1_807' title='bbox 3336 4193 3458 4232; x_wconf 87' lang='lat' dir='ltr'><strong>eum</strong></span> <span class='ocrx_word' id='word_1_808' title='bbox 3485 4223 3499 4247; x_wconf 97' lang='lat'><strong>,</strong></span> <span class='ocrx_word' id='word_1_809' title='bbox 3527 4181 3578 4234; x_wconf 92' lang='lat' dir='ltr'><strong>io</strong></span> <span class='ocrx_word' id='word_1_810' title='bbox 3611 4197 3678 4236; x_wconf 90' lang='lat' dir='ltr'><strong>eo</strong></span> <span class='ocrx_word' id='word_1_811' title='bbox 3704 4183 3854 4251; x_wconf 86' lang='lat' dir='ltr'><strong>quod</strong></span> 
     </span>
    </p>
   </div>
   <div class='ocr_carea' id='block_1_103' title="bbox 2264 4265 3854 4336">
    <p class='ocr_par' dir='ltr' id='par_1_103' title="bbox 2264 4265 3854 4336">
     <span class='ocr_line' id='line_1_103' title="bbox 2264 4265 3854 4336; baseline 0.007 -20"><span class='ocrx_word' id='word_1_812' title='bbox 2264 4279 2364 4333; x_wconf 89' lang='lat' dir='ltr'><strong>pro</strong></span> <span class='ocrx_word' id='word_1_813' title='bbox 2394 4265 2757 4335; x_wconf 90' lang='lat' dir='ltr'><strong>omnipotenti</strong></span> <span class='ocrx_word' id='word_1_814' title='bbox 2791 4266 2900 4320; x_wconf 89' lang='lat' dir='ltr'><strong>Deo</strong></span> <span class='ocrx_word' id='word_1_815' title='bbox 2949 4268 3205 4336; x_wconf 89' lang='lat' dir='ltr'><strong>loquitur,</strong></span> <span class='ocrx_word' id='word_1_816' title='bbox 3241 4269 3475 4334; x_wconf 88' lang='lat' dir='ltr'><strong>auditis;</strong></span> <span class='ocrx_word' id='word_1_817' title='bbox 3509 4271 3647 4324; x_wconf 69' lang='lat' dir='ltr'><strong>idom</strong></span> <span class='ocrx_word' id='word_1_818' title='bbox 3675 4273 3854 4326; x_wconf 90' lang='lat' dir='ltr'><strong>omni—</strong></span> 
     </span>
    </p>
   </div>
   <div class='ocr_carea' id='block_1_104' title="bbox 2267 4355 3853 4426">
    <p class='ocr_par' dir='ltr' id='par_1_104' title="bbox 2267 4355 3853 4426">
     <span class='ocr_line' id='line_1_104' title="bbox 2267 4355 3853 4426; baseline 0.006 -19"><span class='ocrx_word' id='word_1_819' title='bbox 2267 4364 2457 4425; x_wconf 86' lang='lat' dir='ltr'><strong>potens</strong></span> <span class='ocrx_word' id='word_1_820' title='bbox 2506 4355 2644 4409; x_wconf 89' lang='lat' dir='ltr'><strong>Deus</strong></span> <span class='ocrx_word' id='word_1_821' title='bbox 2674 4357 2815 4412; x_wconf 92' lang='lat' dir='ltr'><strong>hunc</strong></span> <span class='ocrx_word' id='word_1_822' title='bbox 2847 4374 2942 4426; x_wconf 90' lang='lat' dir='ltr'><strong>pro</strong></span> <span class='ocrx_word' id='word_1_823' title='bbox 2971 4359 3121 4412; x_wconf 88' lang='lat' dir='ltr'><strong>vobis</strong></span> <span class='ocrx_word' id='word_1_824' title='bbox 3158 4373 3401 4414; x_wconf 85' lang='lat' dir='ltr'><strong>orantem</strong></span> <span class='ocrx_word' id='word_1_825' title='bbox 3427 4362 3656 4416; x_wconf 85' lang='lat' dir='ltr'><strong>celerius</strong></span> <span class='ocrx_word' id='word_1_826' title='bbox 3685 4378 3853 4416; x_wconf 81' lang='lat' dir='ltr'><strong>exau-</strong></span> 
     </span>
    </p>
   </div>
   <div class='ocr_carea' id='block_1_105' title="bbox 2267 4448 3853 4520">
    <p class='ocr_par' dir='ltr' id='par_1_105' title="bbox 2267 4448 3853 4520">
     <span class='ocr_line' id='line_1_105' title="bbox 2267 4448 3853 4520; baseline 0.004 -20"><span class='ocrx_word' id='word_1_827' title='bbox 2267 4448 2413 4510; x_wconf 85' lang='lat' dir='ltr'><strong>diet;</strong></span> <span class='ocrx_word' id='word_1_828' title='bbox 2444 4448 2484 4500; x_wconf 94' lang='lat' dir='ltr'><strong>si</strong></span> <span class='ocrx_word' id='word_1_829' title='bbox 2533 4456 2710 4500; x_wconf 89' lang='lat' dir='ltr'><strong>autem</strong></span> <span class='ocrx_word' id='word_1_830' title='bbox 2737 4449 2909 4518; x_wconf 87' lang='lat' dir='ltr'><strong>(quod</strong></span> <span class='ocrx_word' id='word_1_831' title='bbox 2941 4449 3115 4520; x_wconf 51' lang='lat' dir='ltr'><strong>absit)</strong></span> <span class='ocrx_word' id='word_1_832' title='bbox 3149 4453 3310 4504; x_wconf 86' lang='lat' dir='ltr'><strong>verba</strong></span> <span class='ocrx_word' id='word_1_833' title='bbox 3341 4454 3457 4520; x_wconf 74' lang='lat' dir='ltr'><strong>ejus</strong></span> <span class='ocrx_word' id='word_1_834' title='bbox 3489 4455 3813 4520; x_wconf 87' lang='lat' dir='ltr'><strong>postponitis</strong></span> <span class='ocrx_word' id='word_1_835' title='bbox 3836 4495 3853 4517; x_wconf 91' lang='lat'><strong>,</strong></span> 
     </span>
    </p>
   </div>
   <div class='ocr_carea' id='block_1_106' title="bbox 2269 4539 3857 4612">
    <p class='ocr_par' dir='ltr' id='par_1_106' title="bbox 2269 4539 3857 4612">
     <span class='ocr_line' id='line_1_106' title="bbox 2269 4539 3857 4612; baseline 0.005 -21"><span class='ocrx_word' id='word_1_836' title='bbox 2269 4539 2540 4608; x_wconf 87' lang='lat' dir='ltr'><strong>quomodo</strong></span> <span class='ocrx_word' id='word_1_837' title='bbox 2586 4555 2709 4594; x_wconf 90' lang='lat' dir='ltr'><strong>eum</strong></span> <span class='ocrx_word' id='word_1_838' title='bbox 2739 4543 3082 4612; x_wconf 90' lang='lat' dir='ltr'><strong>omnipotens</strong></span> <span class='ocrx_word' id='word_1_839' title='bbox 3125 4542 3264 4596; x_wconf 84' lang='lat' dir='ltr'><strong>Deus</strong></span> <span class='ocrx_word' id='word_1_840' title='bbox 3296 4545 3495 4611; x_wconf 89' lang='lat' dir='ltr'><strong>po&#39;erit</strong></span> <span class='ocrx_word' id='word_1_841' title='bbox 3539 4544 3728 4599; x_wconf 88' lang='lat' dir='ltr'><strong>audire</strong></span> <span class='ocrx_word' id='word_1_842' title='bbox 3758 4563 3857 4612; x_wconf 68' lang='lat' dir='ltr'><strong>pro</strong></span> 
     </span>
    </p>
   </div>
   <div class='ocr_carea' id='block_1_107' title="bbox 2273 4633 3855 4706">
    <p class='ocr_par' dir='ltr' id='par_1_107' title="bbox 2273 4633 3855 4706">
     <span class='ocr_line' id='line_1_107' title="bbox 2273 4633 3855 4706; baseline 0.005 -21"><span class='ocrx_word' id='word_1_843' title='bbox 2273 4633 2422 4687; x_wconf 84' lang='lat' dir='ltr'><strong>vobis</strong></span> <span class='ocrx_word' id='word_1_844' title='bbox 2451 4674 2466 4697; x_wconf 97' lang='lat'><strong>,</strong></span> <span class='ocrx_word' id='word_1_845' title='bbox 2511 4649 2670 4703; x_wconf 85' lang='lat' dir='ltr'><strong>quem</strong></span> <span class='ocrx_word' id='word_1_846' title='bbox 2719 4651 2815 4689; x_wconf 89' lang='lat' dir='ltr'><strong>vos</strong></span> <span class='ocrx_word' id='word_1_847' title='bbox 2853 4637 3119 4705; x_wconf 87' lang='lat' dir='ltr'><strong>negligitis</strong></span> <span class='ocrx_word' id='word_1_848' title='bbox 3157 4637 3343 4690; x_wconf 90' lang='lat' dir='ltr'><strong>audire</strong></span> <span class='ocrx_word' id='word_1_849' title='bbox 3391 4654 3487 4706; x_wconf 88' lang='lat' dir='ltr'><strong>pro</strong></span> <span class='ocrx_word' id='word_1_850' title='bbox 3535 4637 3686 4693; x_wconf 84' lang='lat' dir='ltr'><strong>Deo?</strong></span> <span class='ocrx_word' id='word_1_851' title='bbox 3716 4637 3855 4693; x_wconf 85' lang='lat' dir='ltr'><strong>Tota</strong></span> 
     </span>
    </p>
   </div>
   <div class='ocr_carea' id='block_1_108' title="bbox 2270 4723 3855 4798">
    <p class='ocr_par' dir='ltr' id='par_1_108' title="bbox 2270 4723 3855 4798">
     <span class='ocr_line' id='line_1_108' title="bbox 2270 4723 3855 4798; baseline 0.004 -21"><span class='ocrx_word' id='word_1_852' title='bbox 2270 4723 2428 4789; x_wconf 69' lang='lat' dir='ltr'><strong>igitur</strong></span> <span class='ocrx_word' id='word_1_853' title='bbox 2473 4735 2651 4777; x_wconf 88' lang='lat' dir='ltr'><strong>mente</strong></span> <span class='ocrx_word' id='word_1_854' title='bbox 2699 4739 2817 4778; x_wconf 92' lang='lat' dir='ltr'><strong>cum</strong></span> <span class='ocrx_word' id='word_1_855' title='bbox 2849 4740 2915 4777; x_wconf 65' lang='grc' dir='ltr'><strong>ρο</strong></span> <span class='ocrx_word' id='word_1_856' title='bbox 2952 4741 3046 4778; x_wconf 87' lang='lat' dir='ltr'><strong>vos</strong></span> <span class='ocrx_word' id='word_1_857' title='bbox 3095 4726 3145 4779; x_wconf 93' lang='lat' dir='ltr'><strong>in</strong></span> <span class='ocrx_word' id='word_1_858' title='bbox 3181 4725 3388 4780; x_wconf 89' lang='lat' dir='ltr'><strong>fervore</strong></span> <span class='ocrx_word' id='word_1_859' title='bbox 3419 4727 3540 4780; x_wconf 80' lang='lat' dir='ltr'><strong>lidei</strong></span> <span class='ocrx_word' id='word_1_860' title='bbox 3569 4729 3813 4798; x_wconf 62' lang='lat' dir='ltr'><strong>stringite</strong></span> <span class='ocrx_word' id='word_1_861' title='bbox 3837 4771 3855 4796; x_wconf 86' lang='lat'><strong>,</strong></span> 
     </span>
    </p>
   </div>
   <div class='ocr_carea' id='block_1_109' title="bbox 2270 4816 3858 4891">
    <p class='ocr_par' dir='ltr' id='par_1_109' title="bbox 2270 4816 3858 4891">
     <span class='ocr_line' id='line_1_109' title="bbox 2270 4816 3858 4891; baseline 0.006 -21"><span class='ocrx_word' id='word_1_862' title='bbox 2270 4826 2432 4884; x_wconf 83' lang='lat' dir='ltr'><strong>atque</strong></span> <span class='ocrx_word' id='word_1_863' title='bbox 2479 4816 2722 4869; x_wconf 89' lang='lat' dir='ltr'><strong>adnisrrm</strong></span> <span class='ocrx_word' id='word_1_864' title='bbox 2767 4816 2904 4871; x_wconf 93' lang='lat' dir='ltr'><strong>illius</strong></span> <span class='ocrx_word' id='word_1_865' title='bbox 2950 4819 3147 4873; x_wconf 91' lang='lat' dir='ltr'><strong>virtrrte</strong></span> <span class='ocrx_word' id='word_1_866' title='bbox 3189 4837 3348 4891; x_wconf 91' lang='lat' dir='ltr'><strong>quam</strong></span> <span class='ocrx_word' id='word_1_867' title='bbox 3401 4821 3550 4875; x_wconf 90' lang='lat' dir='ltr'><strong>vobis</strong></span> <span class='ocrx_word' id='word_1_868' title='bbox 3596 4821 3858 4880; x_wconf 88' lang='lat' dir='ltr'><strong>Divirritas</strong></span> 
     </span>
    </p>
   </div>
   <div class='ocr_carea' id='block_1_110' title="bbox 2271 4909 3858 4982">
    <p class='ocr_par' dir='ltr' id='par_1_110' title="bbox 2271 4909 3858 4982">
     <span class='ocr_line' id='line_1_110' title="bbox 2271 4909 3858 4982; baseline 0.005 -20"><span class='ocrx_word' id='word_1_869' title='bbox 2271 4909 2456 4962; x_wconf 89' lang='lat' dir='ltr'><strong>tribuit</strong></span> <span class='ocrx_word' id='word_1_870' title='bbox 2501 4909 2768 4976; x_wconf 85' lang='lat' dir='ltr'><strong>adjuvate,</strong></span> <span class='ocrx_word' id='word_1_871' title='bbox 2802 4917 2859 4962; x_wconf 94' lang='lat' dir='ltr'><strong>ut</strong></span> <span class='ocrx_word' id='word_1_872' title='bbox 2898 4912 3047 4979; x_wconf 90' lang='lat' dir='ltr'><strong>regni</strong></span> <span class='ocrx_word' id='word_1_873' title='bbox 3093 4929 3172 4966; x_wconf 89' lang='lat' dir='ltr'><strong>sur</strong></span> <span class='ocrx_word' id='word_1_874' title='bbox 3232 4929 3327 4967; x_wconf 90' lang='lat' dir='ltr'><strong>vos</strong></span> <span class='ocrx_word' id='word_1_875' title='bbox 3377 4917 3488 4982; x_wconf 79' lang='lat' dir='ltr'><strong>ipse</strong></span> <span class='ocrx_word' id='word_1_876' title='bbox 3535 4914 3696 4968; x_wconf 86' lang='lat' dir='ltr'><strong>laciat</strong></span> <span class='ocrx_word' id='word_1_877' title='bbox 3735 4931 3858 4972; x_wconf 86' lang='lat' dir='ltr'><strong>esse</strong></span> 
     </span>
    </p>
   </div>
   <div class='ocr_carea' id='block_1_111' title="bbox 2273 4998 3856 5078">
    <p class='ocr_par' dir='ltr' id='par_1_111' title="bbox 2273 4998 3856 5078">
     <span class='ocr_line' id='line_1_111' title="bbox 2273 4998 3856 5078; baseline 0.008 -28"><span class='ocrx_word' id='word_1_878' title='bbox 2273 4998 2561 5068; x_wconf 90' lang='lat' dir='ltr'><strong>participes</strong></span> <span class='ocrx_word' id='word_1_879' title='bbox 2587 5043 2599 5064; x_wconf 92' lang='lat'><strong>,</strong></span> <span class='ocrx_word' id='word_1_880' title='bbox 2631 4999 2786 5068; x_wconf 86' lang='lat' dir='ltr'><strong>cujus</strong></span> <span class='ocrx_word' id='word_1_881' title='bbox 2823 5017 2919 5055; x_wconf 91' lang='lat' dir='ltr'><strong>vos</strong></span> <span class='ocrx_word' id='word_1_882' title='bbox 2953 5003 3107 5057; x_wconf 89' lang='lat' dir='ltr'><strong>lidern</strong></span> <span class='ocrx_word' id='word_1_883' title='bbox 3141 5004 3190 5058; x_wconf 89' lang='lat' dir='ltr'><strong>in</strong></span> <span class='ocrx_word' id='word_1_884' title='bbox 3239 5020 3405 5074; x_wconf 82' lang='lat' dir='ltr'><strong>regno</strong></span> <span class='ocrx_word' id='word_1_885' title='bbox 3455 5016 3636 5061; x_wconf 88' lang='lat' dir='ltr'><strong>vestro</strong></span> <span class='ocrx_word' id='word_1_886' title='bbox 3687 5009 3856 5078; x_wconf 90' lang='lat' dir='ltr'><strong>recipi</strong></span> 
     </span>
    </p>
   </div>
   <div class='ocr_carea' id='block_1_112' title="bbox 2273 5091 3856 5167">
    <p class='ocr_par' dir='ltr' id='par_1_112' title="bbox 2273 5091 3856 5167">
     <span class='ocr_line' id='line_1_112' title="bbox 2273 5091 3856 5167; baseline 0.006 -24"><span class='ocrx_word' id='word_1_887' title='bbox 2273 5091 2445 5145; x_wconf 80' lang='lat' dir='ltr'><strong>tacitis</strong></span> <span class='ocrx_word' id='word_1_888' title='bbox 2473 5101 2526 5145; x_wconf 90' lang='lat' dir='ltr'><strong>et</strong></span> <span class='ocrx_word' id='word_1_889' title='bbox 2575 5093 2851 5148; x_wconf 86' lang='lat' dir='ltr'><strong>custodiri.</strong></span> <span class='ocrx_word' id='word_1_890' title='bbox 2885 5092 3148 5148; x_wconf 73' lang='lat' dir='ltr'><strong>Praeterea</strong></span> <span class='ocrx_word' id='word_1_891' title='bbox 3189 5097 3327 5150; x_wconf 70' lang='lat' dir='ltr'><strong>seire</strong></span> <span class='ocrx_word' id='word_1_892' title='bbox 3365 5107 3594 5151; x_wconf 88' lang='lat' dir='ltr'><strong>vestram</strong></span> <span class='ocrx_word' id='word_1_893' title='bbox 3626 5098 3856 5167; x_wconf 86' lang='lat' dir='ltr'><strong>gloriam</strong></span> 
     </span>
    </p>
   </div>
   <div class='ocr_carea' id='block_1_113' title="bbox 2273 5187 3859 5258">
    <p class='ocr_par' dir='ltr' id='par_1_113' title="bbox 2273 5187 3859 5258">
     <span class='ocr_line' id='line_1_113' title="bbox 2273 5187 3859 5258; baseline 0.009 -23"><span class='ocrx_word' id='word_1_894' title='bbox 2273 5188 2544 5251; x_wconf 87' lang='lat' dir='ltr'><strong>volumus,</strong></span> <span class='ocrx_word' id='word_1_895' title='bbox 2577 5187 2700 5254; x_wconf 90' lang='lat' dir='ltr'><strong>quia</strong></span> <span class='ocrx_word' id='word_1_896' title='bbox 2748 5189 2885 5242; x_wconf 85' lang='lat' dir='ltr'><strong>sicut</strong></span> <span class='ocrx_word' id='word_1_897' title='bbox 2941 5189 2993 5243; x_wconf 89' lang='lat' dir='ltr'><strong>in</strong></span> <span class='ocrx_word' id='word_1_898' title='bbox 3041 5189 3313 5258; x_wconf 86' lang='lat' dir='ltr'><strong>Scriptura</strong></span> <span class='ocrx_word' id='word_1_899' title='bbox 3365 5209 3515 5246; x_wconf 79' lang='lat' dir='ltr'><strong>sacra</strong></span> <span class='ocrx_word' id='word_1_900' title='bbox 3557 5209 3622 5248; x_wconf 79' lang='lat' dir='ltr'><strong>ex</strong></span> <span class='ocrx_word' id='word_1_901' title='bbox 3680 5197 3859 5250; x_wconf 82' lang='lat' dir='ltr'><strong>verbis</strong></span> 
     </span>
    </p>
   </div>
   <div class='ocr_carea' id='block_1_114' title="bbox 2273 5274 3858 5351">
    <p class='ocr_par' dir='ltr' id='par_1_114' title="bbox 2273 5274 3858 5351">
     <span class='ocr_line' id='line_1_114' title="bbox 2273 5274 3858 5351; baseline 0.008 -25"><span class='ocrx_word' id='word_1_902' title='bbox 2273 5274 2480 5329; x_wconf 90' lang='lat' dir='ltr'><strong>Donriui</strong></span> <span class='ocrx_word' id='word_1_903' title='bbox 2533 5277 2915 5346; x_wconf 88' lang='lat' dir='ltr'><strong>omnipotentis</strong></span> <span class='ocrx_word' id='word_1_904' title='bbox 2962 5281 3332 5347; x_wconf 86' lang='lat' dir='ltr'><strong>agnoscimus,</strong></span> <span class='ocrx_word' id='word_1_905' title='bbox 3367 5283 3642 5351; x_wconf 68' lang='lat' dir='ltr'><strong>ptmsentis</strong></span> <span class='ocrx_word' id='word_1_906' title='bbox 3673 5286 3858 5339; x_wconf 89' lang='lat' dir='ltr'><strong>mtmdi</strong></span> 
     </span>
    </p>
   </div>
   <div class='ocr_carea' id='block_1_115' title="bbox 2267 5365 3859 5441">
    <p class='ocr_par' dir='ltr' id='par_1_115' title="bbox 2267 5365 3859 5441">
     <span class='ocr_line' id='line_1_115' title="bbox 2267 5365 3859 5441; baseline 0.008 -23"><span class='ocrx_word' id='word_1_907' title='bbox 2267 5365 2377 5435; x_wconf 90' lang='lat' dir='ltr'><strong>jam</strong></span> <span class='ocrx_word' id='word_1_908' title='bbox 2409 5368 2664 5422; x_wconf 85' lang='lat' dir='ltr'><strong>terminus</strong></span> <span class='ocrx_word' id='word_1_909' title='bbox 2693 5379 2774 5422; x_wconf 90' lang='lat' dir='ltr'><strong>est</strong></span> <span class='ocrx_word' id='word_1_910' title='bbox 2794 5367 2944 5436; x_wconf 81' lang='lat' dir='ltr'><strong>juxta</strong></span> <span class='ocrx_word' id='word_1_911' title='bbox 2971 5409 2986 5434; x_wconf 87' lang='lat'><strong>,</strong></span> <span class='ocrx_word' id='word_1_912' title='bbox 3020 5379 3076 5426; x_wconf 92' lang='lat' dir='ltr'><strong>et</strong></span> <span class='ocrx_word' id='word_1_913' title='bbox 3119 5382 3424 5427; x_wconf 86' lang='lat' dir='ltr'><strong>sanctorum</strong></span> <span class='ocrx_word' id='word_1_914' title='bbox 3470 5387 3691 5441; x_wconf 88' lang='lat' dir='ltr'><strong>regnum</strong></span> <span class='ocrx_word' id='word_1_915' title='bbox 3723 5391 3859 5431; x_wconf 86' lang='lat' dir='ltr'><strong>ven-</strong></span> 
     </span>
    </p>
   </div>
   <div class='ocr_carea' id='block_1_116' title="bbox 2275 5449 3857 5532">
    <p class='ocr_par' dir='ltr' id='par_1_116' title="bbox 2275 5449 3857 5532">
     <span class='ocr_line' id='line_1_116' title="bbox 2275 5449 3857 5532; baseline 0.008 -23"><span class='ocrx_word' id='word_1_916' title='bbox 2275 5467 2448 5511; x_wconf 90' lang='lat' dir='ltr'><strong>turum</strong></span> <span class='ocrx_word' id='word_1_917' title='bbox 2464 5449 2580 5521; x_wconf 81' lang='lat' dir='ltr'><strong>est,</strong></span> <span class='ocrx_word' id='word_1_918' title='bbox 2601 5459 2743 5527; x_wconf 88' lang='lat' dir='ltr'><strong>quod</strong></span> <span class='ocrx_word' id='word_1_919' title='bbox 2771 5461 2916 5514; x_wconf 89' lang='lat' dir='ltr'><strong>ntrllo</strong></span> <span class='ocrx_word' id='word_1_920' title='bbox 2941 5478 3173 5530; x_wconf 88' lang='lat' dir='ltr'><strong>unquam</strong></span> <span class='ocrx_word' id='word_1_921' title='bbox 3199 5464 3397 5532; x_wconf 90' lang='lat' dir='ltr'><strong>poterit</strong></span> <span class='ocrx_word' id='word_1_922' title='bbox 3425 5463 3529 5518; x_wconf 91' lang='lat' dir='ltr'><strong>llne</strong></span> <span class='ocrx_word' id='word_1_923' title='bbox 3551 5465 3857 5522; x_wconf 83' lang='lat' dir='ltr'><strong>terminari.</strong></span> 
     </span>
    </p>
   </div>
   <div class='ocr_carea' id='block_1_117' title="bbox 2271 5548 3858 5620">
    <p class='ocr_par' dir='ltr' id='par_1_117' title="bbox 2271 5548 3858 5620">
     <span class='ocr_line' id='line_1_117' title="bbox 2271 5548 3858 5620; baseline 0.006 -18"><span class='ocrx_word' id='word_1_924' title='bbox 2271 5548 2748 5619; x_wconf 82' lang='lat' dir='ltr'><strong>Appropinquante</strong></span> <span class='ocrx_word' id='word_1_925' title='bbox 2775 5560 2956 5608; x_wconf 88' lang='lat' dir='ltr'><strong>autem</strong></span> <span class='ocrx_word' id='word_1_926' title='bbox 2986 5553 3173 5608; x_wconf 86' lang='lat' dir='ltr'><strong>eodem</strong></span> <span class='ocrx_word' id='word_1_927' title='bbox 3206 5554 3386 5608; x_wconf 88' lang='lat' dir='ltr'><strong>tnturdi</strong></span> <span class='ocrx_word' id='word_1_928' title='bbox 3414 5555 3664 5620; x_wconf 89' lang='lat' dir='ltr'><strong>termino,</strong></span> <span class='ocrx_word' id='word_1_929' title='bbox 3688 5558 3858 5612; x_wconf 75' lang='lat' dir='ltr'><strong>multa</strong></span> 
     </span>
    </p>
   </div>
   <div class='ocr_carea' id='block_1_118' title="bbox 2271 5641 3850 5711">
    <p class='ocr_par' dir='ltr' id='par_1_118' title="bbox 2271 5641 3850 5711">
     <span class='ocr_line' id='line_1_118' title="bbox 2271 5641 3850 5711; baseline 0.007 -19"><span class='ocrx_word' id='word_1_930' title='bbox 2271 5641 2570 5706; x_wconf 88' lang='lat' dir='ltr'><strong>irrrrninent,</strong></span> <span class='ocrx_word' id='word_1_931' title='bbox 2595 5657 2714 5710; x_wconf 75' lang='lat' dir='ltr'><strong>qua:</strong></span> <span class='ocrx_word' id='word_1_932' title='bbox 2741 5652 2894 5696; x_wconf 72' lang='lat' dir='ltr'><strong>antea</strong></span> <span class='ocrx_word' id='word_1_933' title='bbox 2927 5661 3034 5697; x_wconf 90' lang='lat' dir='ltr'><strong>non</strong></span> <span class='ocrx_word' id='word_1_934' title='bbox 3068 5646 3318 5711; x_wconf 86' lang='lat' dir='ltr'><strong>fuerunt;</strong></span> <span class='ocrx_word' id='word_1_935' title='bbox 3355 5655 3432 5701; x_wconf 91' lang='lat' dir='ltr'><strong>tot</strong></span> <span class='ocrx_word' id='word_1_936' title='bbox 3467 5647 3718 5705; x_wconf 82' lang='lat' dir='ltr'><strong>videlicet</strong></span> <span class='ocrx_word' id='word_1_937' title='bbox 3749 5650 3850 5704; x_wconf 90' lang='lat' dir='ltr'><strong>im-</strong></span> 
     </span>
    </p>
   </div>
   <div class='ocr_carea' id='block_1_119' title="bbox 2273 5734 3836 5812">
    <p class='ocr_par' dir='ltr' id='par_1_119' title="bbox 2273 5734 3836 5812">
     <span class='ocr_line' id='line_1_119' title="bbox 2273 5734 3836 5812; baseline 0.008 -26"><span class='ocrx_word' id='word_1_938' title='bbox 2273 5734 2596 5789; x_wconf 87' lang='lat' dir='ltr'><strong>mutationes</strong></span> <span class='ocrx_word' id='word_1_939' title='bbox 2629 5735 2789 5800; x_wconf 83' lang='lat' dir='ltr'><strong>aeris,</strong></span> <span class='ocrx_word' id='word_1_940' title='bbox 2808 5744 3151 5806; x_wconf 86' lang='lat' dir='ltr'><strong>terroresque</strong></span> <span class='ocrx_word' id='word_1_941' title='bbox 3178 5737 3244 5792; x_wconf 89' lang='lat' dir='ltr'><strong>de</strong></span> <span class='ocrx_word' id='word_1_942' title='bbox 3273 5749 3442 5806; x_wconf 71' lang='lat' dir='ltr'><strong>cano,</strong></span> <span class='ocrx_word' id='word_1_943' title='bbox 3469 5748 3522 5796; x_wconf 88' lang='lat' dir='ltr'><strong>ct</strong></span> <span class='ocrx_word' id='word_1_944' title='bbox 3549 5753 3736 5812; x_wconf 82' lang='lat' dir='ltr'><strong>contra</strong></span> <span class='ocrx_word' id='word_1_945' title='bbox 3769 5762 3836 5798; x_wconf 87' lang='lat' dir='ltr'><strong>or</strong></span> 
     </span>
    </p>
   </div>
   <div class='ocr_carea' id='block_1_120' title="bbox 2271 5825 3856 5906">
    <p class='ocr_par' dir='ltr' id='par_1_120' title="bbox 2271 5825 3856 5906">
     <span class='ocr_line' id='line_1_120' title="bbox 2271 5825 3856 5906; baseline 0.008 -27"><span class='ocrx_word' id='word_1_946' title='bbox 2271 5825 2448 5882; x_wconf 82' lang='lat' dir='ltr'><strong>(linem</strong></span> <span class='ocrx_word' id='word_1_947' title='bbox 2495 5837 2793 5898; x_wconf 87' lang='lat' dir='ltr'><strong>temporum</strong></span> <span class='ocrx_word' id='word_1_948' title='bbox 2844 5838 3215 5900; x_wconf 70' lang='lat' dir='ltr'><strong>tempestates,</strong></span> <span class='ocrx_word' id='word_1_949' title='bbox 3246 5834 3424 5900; x_wconf 85' lang='lat' dir='ltr'><strong>hcl&#39;a,</strong></span> <span class='ocrx_word' id='word_1_950' title='bbox 3460 5834 3656 5899; x_wconf 76' lang='lat' dir='ltr'><strong>fartres,</strong></span> <span class='ocrx_word' id='word_1_951' title='bbox 3692 5849 3787 5906; x_wconf 90' lang='lat' dir='ltr'><strong>pes</strong></span> <span class='ocrx_word' id='word_1_952' title='bbox 3815 5834 3856 5891; x_wconf 67' lang='lat' dir='ltr'><strong>io</strong></span> 
     </span>
    </p>
   </div>
  </div>
