4118 6332
240 319 312 377 73
1450 312 1609 369 VlTA
1668 310 1909 368 SANCTI
1952 308 2337 367 AUGUSTiNI.
3448 315 3516 369 7t

238 431 616 497 lentiaterrte
643 436 824 486 motus
852 440 951 500 per
977 425 1124 483 loca:
1150 440 1269 497 quae
1289 434 1472 482 tamen
1502 441 1610 485 non
1648 426 1826 481 omnia
1858 426 1905 485 Α
1934 423 2276 479 dilectionem
2332 423 2648 489 Christiana:
2704 423 2824 480 ﬁdei
2877 426 3253 485 adhortatione
3304 430 3517 488 assidua

239 523 441 579 nostris
478 522 670 578 diebus
712 527 941 576 ventura
967 527 1094 575 sunt
1119 560 1134 588 ,
1172 519 1268 574 sed
1312 526 1437 589 post
1473 527 1689 573 nostros
1717 516 1834 571 dies

237 615 657 685 subsequentur.
693 611 802 668 Vos
846 611 1027 680 itaque
1052 650 1068 676 ,
1099 609 1146 665 si
1192 625 1297 680 qua
1326 624 1392 666 ex
1420 609 1503 665 his
1532 607 1750 665 evenire
1779 608 1833 661 in

236 714 383 761 terra
412 713 590 761 vestra
610 703 953 773 cognoscitis,
975 702 1124 759 nullo
1147 702 1307 759 modo
1334 712 1569 759 vestrum
1598 702 1834 757 animum

238 795 748 867 perturbetiszquia
778 794 978 850 idcirco
1024 795 1141 850 haec
1191 795 1338 864 signa
1386 793 1455 849 de
1503 794 1609 848 ﬁne
1653 790 1833 848 steculi

239 887 662 958 prtemittuntur,
688 893 745 940 ut
774 884 842 940 de
869 885 1147 941 animabus
1173 886 1371 940 nostris
1399 885 1687 940 debeamus
1715 898 1836 938 esse

238 976 459 1032 solliciti
484 1016 501 1042 ,
529 974 597 1031 de
624 975 815 1030 mortis
846 974 980 1029 liora
1008 975 1244 1045 suspecti
1277 1017 1293 1042 ,
1316 987 1371 1030 et
1398 983 1628 1029 venturo
1669 972 1834 1041 judici

239 1068 297 1123 in
340 1067 500 1123 bonis
535 1067 745 1122 actibus
792 1067 1131 1122 inveniamur
1175 1083 1297 1123 esse
1344 1068 1651 1138 purpurati.
1712 1065 1835 1121 llzec

239 1175 405 1221 nunc,
436 1157 671 1226 gloriose
696 1157 788 1221 (ili,
808 1157 995 1227 paucis
1027 1157 1239 1212 locutus
1266 1174 1403 1222 sum,
1422 1165 1477 1212 ut
1503 1173 1625 1212 cum
1655 1156 1836 1211 Chris-

238 1251 385 1304 tiana
409 1248 539 1303 ﬁdes
562 1249 612 1302 in
642 1262 812 1318 regno
838 1256 1019 1303 vestro
1041 1250 1370 1313 excreverit,
1406 1257 1589 1303 nostra
1618 1263 1837 1319 quoque

237 1340 385 1411 apud
411 1356 509 1395 vos
541 1340 743 1395 locutio
775 1340 937 1396 latior
966 1351 1281 1407 excrescat;
1312 1350 1369 1396 et
1413 1348 1564 1396 tanto
1606 1342 1836 1411 amplius

246 1432 398 1502 loqui
443 1432 604 1487 libeat
633 1473 648 1497 ,
701 1442 904 1502 quanto
934 1448 994 1489 se
1021 1434 1076 1488 in
1105 1441 1287 1489 mente
1325 1442 1510 1487 nostra
1545 1433 1737 1501 gaudia
1771 1433 1836 1487 de

240 1524 419 1594 gentis
437 1532 631 1579 vestrae
651 1521 884 1591 perfecta
899 1524 1253 1579 conversione
1268 1523 1648 1592 multiplicant.
1666 1522 1836 1578 Parva

238 1622 423 1669 autem
456 1613 613 1668 xenia
651 1614 961 1677 transmisi,
1004 1629 1125 1684 quae
1150 1615 1306 1669 vobis
1335 1629 1499 1684 parva
1526 1630 1633 1667 non
1655 1623 1833 1677 erunt,

241 1720 367 1763 cum
406 1720 441 1760 a
482 1705 634 1760 vobis
661 1719 731 1760 ex
768 1704 913 1759 beati
966 1704 1112 1760 Petri
1142 1706 1378 1775 apostoli
1430 1704 1627 1760 fuerint
1673 1706 1837 1761 bene-

1934 514 2217 581 roborate,
2249 522 2424 569 vestra
2455 514 2528 569 il'i
2574 515 2878 571 sollicitudo
2930 528 3272 587 augmentum
3305 521 3359 575 in
3402 521 3516 576 Deo

1934 604 2135 658 amoris
2176 603 2445 670 infundat;
2478 613 2639 676 atque
2687 607 2759 661 ita
2800 609 3008 664 animos
3044 609 3162 679 ejus
3201 610 3365 667 etiam
3420 628 3518 682 pro

1935 694 2192 764 subjectae
2220 696 2319 751 sibi
2357 695 2531 764 gentis
2560 698 2868 768 plenissima
2899 702 3252 758 conversione
3288 719 3517 759 succen-

1936 785 2028 841 dat
2056 826 2072 853 ,
2100 794 2162 841 ut
2189 796 2243 842 et
2269 802 2521 857 magnum
2570 791 2924 860 omnipotenti
2954 792 3066 848 Deo
3092 794 3395 851 devotionis
3424 813 3521 852 ve-

1937 890 2062 936 stra:
2099 882 2276 937 studio
2305 882 2627 938 sacriﬁcium
2656 885 2914 951 offeratis,
2938 897 2992 941 et
3024 903 3087 942 ea
3119 903 3239 959 quae
3266 890 3335 946 de
3372 890 3527 945 vobis

1937 982 2153 1026 narrata
2179 984 2324 1035 sunt,
2356 982 2412 1029 et
2438 984 2719 1041 crescant,
2748 986 2805 1030 et
2832 993 2960 1032 vera
2988 994 3105 1035 es~ze
3136 981 3311 1036 modis
3338 983 3516 1037 omni-

1936 1062 2038 1117 bus
2078 1063 2459 1133 approbentur.
2498 1064 2632 1131 Quia
2674 1066 2814 1122 bona
2860 1078 3037 1123 vestra
3067 1086 3173 1125 non
3204 1072 3379 1128 solum
3404 1074 3520 1143 jam

1938 1152 2078 1223 apud
2106 1153 2397 1220 Romanos,
2415 1156 2505 1224 qui
2532 1172 2632 1227 pro
2656 1158 2762 1212 vita
2787 1166 2962 1214 vestra
2994 1158 3183 1217 fortius
3204 1172 3518 1228 oraverunt,

1938 1245 2033 1301 sed
2063 1247 2225 1300 etiam
2256 1263 2353 1318 per
2374 1248 2584 1303 diversa
2614 1249 2732 1305 loca
2760 1257 2816 1306 et
2846 1266 3012 1321 usque
3037 1254 3101 1306 ad
3137 1254 3522 1312 Constantino-

1938 1336 2102 1405 polim
2134 1337 2200 1390 ad
2222 1338 2623 1395 serenissimum
2653 1340 2946 1413 principem
2971 1355 3349 1412 pervenerunt.
3376 1344 3530 1403 Unde

1941 1436 2037 1490 ut,
2058 1428 2199 1481 sicut
2228 1428 2384 1482 nobis
2412 1429 2479 1484 de
2506 1430 2909 1485 Christianitatis
2941 1440 3130 1487 vestra:
3159 1435 3362 1490 solatiis
3392 1437 3530 1490 Ιτιῐία

1944 1514 2013 1568 tia
2043 1515 2179 1569 tacta
2211 1524 2325 1583 est,
2374 1517 2445 1570 ita
2476 1532 2692 1588 quoque
2720 1518 2787 1574 de
2817 1518 3050 1589 perfecta
3082 1525 3400 1593 operatione
3429 1541 3528 1581 ve-

1942 1613 2053 1659 stra
2083 1607 2284 1675 angelis
2315 1607 2406 1660 iiut
2431 1608 2682 1676 gaudium
2715 1610 2766 1664 in
2797 1612 2969 1678 cretis;
3000 1613 3077 1669 sic
3106 1629 3202 1669 vos
3236 1616 3285 1669 in
3314 1616 3528 1685 adjuto-

1942 1693 2079 1747 rium
2120 1694 2413 1763 su;.radicti
2455 1699 2873 1753 reverentissirni
2925 1700 3103 1757 fratris
3133 1712 3188 1756 et
3218 1704 3527 1776 coepiscopi

240 1797 479 1853 dictione
507 1804 781 1866 suscepta.
811 1793 1166 1869 Omnipotens
1205 1796 1386 1864 itaque
1416 1795 1557 1851 Deus
1596 1795 1648 1848 in
1682 1795 1835 1850 vobis
1874 1812 1912 1870 Β
1948 1785 2115 1840 nostri
2141 1828 2156 1852 ,
2181 1794 2236 1840 et
2263 1802 2542 1842 servorum
2575 1788 2668 1842 Dei
2697 1803 2834 1858 qnos
2858 1790 2985 1846 illuc
3012 1793 3282 1862 misimUS,
3312 1795 3367 1857 in
3395 1811 3529 1851 cou-

240 1889 472 1959 gratiam
498 1904 681 1953 suam,
713 1902 873 1957 quam
904 1888 1104 1957 coepit,
1149 1885 1399 1958 perﬁciat
1426 1926 1441 1953 ,
1473 1894 1637 1957 atque
1672 1886 1833 1940 vitam

238 1988 477 2037 vestram
528 1988 584 2034 et
629 1978 717 2034 hic
759 1993 859 2049 per
910 1979 1204 2034 multorum
1255 1993 1524 2032 annorum
1572 1977 1838 2033 curricula

240 2070 531 2136 extendat,
555 2079 611 2126 et
635 2077 755 2139 post
783 2070 939 2137 longa
973 2078 1219 2139 tempora
1248 2069 1302 2124 in
1333 2068 1570 2125 cretestis
1615 2084 1714 2124 vos
1742 2084 1840 2138 pa-

240 2163 361 2217 trite
404 2162 825 2231 congregatione
872 2160 1155 2230 suscipiat.
1212 2160 1539 2216 Incolumem
1568 2159 1842 2214 excellen-

243 2254 378 2309 tiam
407 2261 640 2309 vestram
670 2254 842 2323 gratiu
874 2267 1109 2322 superna
1151 2252 1456 2316 custodiat,
1488 2249 1714 2306 Domine
1744 2249 1838 2304 ﬁli.

243 2346 379 2401 Data
426 2346 515 2401 die
567 2346 777 2402 decima
824 2344 1189 2400 Kalendarum
1229 2344 1490 2399 Juliarum
1538 2345 1843 2414 imperante

242 2438 467 2495 domino
496 2449 681 2496 nostro
720 2439 983 2494 Mauricio
1014 2438 1233 2494 Tiberio
1257 2482 1272 2506 ,
1303 2439 1548 2508 piissimo
1576 2448 1838 2507 augusto,

240 2547 388 2588 anno
414 2547 556 2588 nono
594 2533 806 2586 decimo
824 2570 841 2596 ,
901 2539 1022 2601 post
1049 2532 1360 2588 consulatus
1379 2530 1620 2600 ejusdem
1641 2530 1844 2586 domini

258 2639 407 2680 anno
430 2632 623 2680 octavo
651 2623 882 2689 decimo,
912 2624 1208 2679 indictione
1236 2633 1452 2694 quarta.

315 2714 406 2770 50.
425 2713 819 2771 'Venerabilem
844 2714 1189 2770 nihilominus
1209 2715 1447 2783 reginam
1478 2714 1692 2770 Bertam
1728 2715 1844 2785 ipse

240 2806 769 2878 prmoellentissimus
784 2806 1076 2861 illustratur
1094 2806 1440 2862 ecclesiarum
1463 2804 1702 2877 gratiﬁce
1728 2806 1842 2861 lau-

242 2898 339 2953 dat
361 2898 465 2954 hac
492 2898 770 2970 epistulari
795 2898 937 2954 serie
959 2940 975 2966 ,
1013 2906 1119 2951 tam
1149 2913 1248 2968 pro
1277 2899 1417 2968 regis
1447 2898 1802 2954 conversione
1823 2939 1839 2963 ,

244 3002 406 3058 quam
435 2988 658 3059 propria
685 3001 810 3056 erga
836 2987 1056 3042 beatum
1079 2987 1433 3056 Augustinum
1456 3002 1689 3056 suosque
1713 3001 1833 3041 con-

246 3086 426 3135 sortes
450 3078 829 3149 procuratione
854 3113 870 3140 ,
900 3076 1255 3148 hortaturque
1280 3078 1393 3132 haec
1416 3076 1621 3133 famosa
1652 3077 1842 3132 merita

1941 1879 2189 1934 versione
2209 1879 2383 1947 gentis
2397 1888 2588 1935 vestra:
2608 1880 2802 1936 devote
2817 1897 2881 1937 ac
2897 1884 3019 1937 totis
3032 1885 3233 1942 viribus
3254 1888 3531 1954 exhibete;

1940 1977 2002 2024 ut
2029 1977 2083 2024 et
2121 1968 2209 2025 hic
2259 1969 2488 2025 feliciter
2515 1987 2634 2026 cum
2665 1973 2903 2041 glorioso
2935 1974 3041 2030 ﬁlio
3063 1984 3269 2045 nostro,
3300 1981 3532 2049 conjuge

1940 2070 2161 2126 vestro,
2195 2058 2429 2128 regnetis
2455 2102 2468 2126 ,
2498 2070 2554 2117 et
2596 2071 2721 2134 post
2774 2063 2931 2133 longa
2984 2081 3247 2123 annorum
3293 2079 3534 2141 tempora

1941 2148 2133 2204 futurae
2158 2166 2376 2220 quoque
2403 2153 2598 2221 gaudia
2621 2154 2765 2223 vitte,
2782 2172 2900 2226 qua:
2930 2156 3088 2212 tinem
3118 2158 3321 2215 habere
3347 2164 3526 2217 nesci-

1943 2241 2046 2308 vit,
2077 2242 2320 2312 capiatis.
2363 2244 2590 2300 Oramus
2637 2253 2817 2302 autem
2847 2248 3270 2318 omnipotentem
3321 2253 3488 2308 Deum
3514 2295 3531 2321 ,

1944 2339 2004 2385 ut
2048 2331 2235 2401 gloria:
2270 2344 2461 2389 vestrm
2487 2350 2585 2390 cor
2647 2346 2703 2392 et
2738 2338 2803 2391 ad
2850 2341 3120 2409 operanda
3150 2356 3270 2411 quae
3302 2342 3536 2399 diximus

1943 2422 2128 2491 gratim
2156 2438 2267 2477 suae
2294 2424 2587 2480 succendat
2610 2467 2626 2494 ,
2656 2433 2713 2481 et
2758 2435 2973 2482 aeterna:
3003 2431 3268 2487 mercedis
3304 2431 3536 2487 fructum

1946 2516 2100 2570 vobis
2137 2517 2205 2571 de
2232 2516 2429 2587 placita
2458 2518 2562 2573 sibi
2590 2520 2910 2591 operatione
2934 2523 3220 2580 concedat.

1936 2624 1937 2627 η
2013 2606 2105 2661 5t.
2148 2606 2259 2663 Hos
2298 2596 2585 2665 melliﬁuos
2622 2608 2856 2681 ﬁorigeri
2897 2610 3143 2682 Gregorii
3181 2613 3333 2671 favos
3362 2659 3376 2684 ,
3423 2618 3539 2674 tunc

1944 2697 2254 2767 apostolicae
2276 2706 2330 2752 et
2357 2697 2613 2754 Romana:
2642 2700 2998 2756 allactationis
3026 2704 3349 2760 nutrimenta
3376 2724 3539 2777 quam

1946 2788 2033 2858 pia
2062 2788 2318 2843 aviditate
2331 2788 2658 2845 desideriosa
2677 2790 2955 2860 Augustini
2980 2791 3257 2862 ﬂagrantia
3280 2797 3537 2863 hauserit.

1947 2894 2150 2950 pauper
2169 2894 2357 2934 sensus
2378 2896 2479 2935 nec
2500 2896 2695 2950 capere
2721 2898 2821 2937 nec
2840 2884 3092 2953 expedire
3112 2884 3325 2941 sufﬁcit.
3351 2888 3406 2943 In
3434 2890 3539 2945 hac

1943 2969 2124 3026 divina
2172 2979 2515 3042 paternarum
2566 2972 2865 3028 litterarum
2906 2984 3174 3032 armatura
3220 2979 3539 3048 jamdudum

1945 3062 2203 3119 emeritus
2244 3064 2487 3132 agonista
2533 3064 2629 3120 Dei
2673 3065 2815 3137 ML,
2842 3065 3049 3140 Deum]
3100 3085 3157 3124 se
3187 3071 3532 3138 oblectabat;

244 3168 508 3224 attentius
534 3182 730 3237 augere
752 3166 890 3240 (Lib.
912 3183 958 3232 ι,
980 3168 1130 3239 epist.
1159 3165 1269 3238 59).
1293 3166 1394 3233 Qui
1425 3175 1548 3236 post
1576 3175 1839 3221 terrenam
1867 3191 1913 3252 ε
1946 3152 2000 3252 in
2031 3156 2135 3252 hoc
2173 3155 2546 3226 limpidissimo
2580 3160 2800 3227 speculo
2825 3200 2840 3225 ι
2867 3170 2992 3216 ante
3030 3163 3217 3218 oculos
3255 3166 3543 3235 elegantis-

245 3270 571 3334 potestatem
593 3261 1003 3330 cmlestisrcgni
1030 3260 1253 3329 gloriam
1283 3260 1430 3329 cupit
1455 3259 1753 3329 acquirere,
1776 3258 1843 3313 ad

246 3354 551 3411 faciendum
594 3353 804 3409 lucrum
849 3352 1082 3408 creatori
1134 3366 1231 3406 suo
1262 3350 1423 3406 debet
1452 3351 1661 3406 enixius
1701 3350 1847 3404 labo-

257 3460 383 3501 rare
407 3487 424 3515 ,
450 3455 511 3500 ut
538 3445 606 3501 de
630 3459 694 3500 ea
723 3459 844 3515 qua:
872 3442 1143 3499 desiderat
1172 3442 1506 3513 Operationis
1532 3457 1642 3496 suae
1661 3442 1846 3510 gradi-

251 3534 359 3591 bus
385 3536 556 3605 possit
576 3534 889 3599 ascendere,
908 3534 1046 3589 sicut
1068 3549 1162 3588 vos
1187 3533 1377 3589 fecisse
1401 3532 1715 3603 gaudemus.
1742 3531 1846 3587 Rc-

253 3634 500 3683 meantes
526 3627 687 3697 igitur
725 3625 1103 3682 dilectissimus
1133 3625 1270 3680 titius
1316 3633 1499 3680 noster
1526 3623 1849 3679 Laurentius

248 3717 533 3788 presbyter
555 3725 611 3773 et
638 3716 830 3773 Petrus
855 3716 1360 3785 monachus,qua!is
1383 3729 1510 3784 erga
1532 3716 1848 3770 reverentis-

249 3806 445 3861 sinum
472 3804 691 3862 fratrem
711 3816 767 3862 et
794 3807 1179 3877 coe,.iscopum
1211 3816 1453 3862 nostrum
1492 3806 1845 3874 Augustinum

250 3896 425 3965 gloria
447 3904 625 3952 vestra
651 3897 924 3964 extiterit,
947 3905 1254 3966 quantaque
1282 3896 1356 3951 illi
1381 3896 1570 3952 solatia
1598 3895 1681 3950 vel
1710 3911 1846 3965 qua-

251 3987 362 4043 lem
387 3987 704 4043 cbaritalem
742 3988 1101 4058 impenderit,
1130 3988 1463 4056 retulerunt,
1495 3996 1550 4042 et
1595 3988 1839 4057 omnipo-

253 4087 457 4135 tentem
484 4078 651 4134 Deum
679 4079 1053 4135 benediximus
1080 4121 1094 4146 ,
1127 4080 1218 4150 qui
1248 4081 1651 4135 conversionem
1672 4080 1847 4153 gentis

254 4169 550 4239 Anglorum
580 4171 816 4226 mercedi
854 4180 1048 4227 vestrae
1074 4172 1323 4241 dignatus
1350 4179 1435 4226 cst
1463 4172 1725 4241 propitius
1755 4186 1848 4226 re-

252 4277 489 4319 servare.
520 4262 655 4317 Nam
696 4263 836 4319 sicut
871 4279 967 4334 per
1002 4263 1348 4319 recordaudte
1374 4263 1648 4319 memorite
1688 4263 1849 4319 Hele-

254 4369 381 4410 nam
409 4391 425 4417 ,
457 4364 681 4410 matrem
734 4355 957 4425 piissimi
989 4354 1325 4411 Constantini
1367 4355 1708 4427 imperatoris
1729 4396 1743 4420 ,
1777 4354 1845 4410 ad

254 4445 605 4501 cbristianam
629 4444 788 4502 ﬁdem
809 4447 969 4503 corda
995 4447 1362 4503 Romanorum
1387 4448 1665 4514 accendit,
1697 4449 1768 4502 ita
1790 4456 1844 4503 et

1945 3248 2066 3301 simi
2095 3249 2236 3318 regis
2263 3250 2381 3316 sui,
2413 3250 2662 3306 decorem
2694 3261 2748 3306 et
2774 3262 2993 3308 ornatus
3021 3270 3147 3311 suos
3183 3260 3537 3315 consulebat:

1945 3340 2000 3395 in
2021 3341 2124 3397 hac
2152 3350 2369 3408 statera,
2387 3343 2514 3413 quid
2543 3346 2950 3415 vergeret,quid
2977 3359 3260 3418 superaret
3281 3351 3347 3406 de
3368 3354 3544 3423 pretio

1946 3447 2065 3498 suo,
2081 3432 2328 3488 librabat.
2346 3433 2443 3489 Cui
2472 3450 2596 3491 cum
2618 3444 2803 3491 sancta
2830 3439 3158 3493 conscientia
3188 3448 3266 3495 tot
3288 3443 3537 3501 virtutum

1948 3523 2236 3592 praeconiis
2264 3526 2637 3594 responderet,
2664 3527 2844 3582 omnia
2874 3528 2937 3582 ad
2967 3530 3390 3589 emolumentum
3421 3552 3544 3606 gras

1949 3614 2142 3667 tiarnm
2167 3615 2466 3685 reponebat
2493 3616 2544 3670 iu
2587 3618 2760 3673 sinum
2814 3618 3082 3688 largitoris
3112 3622 3374 3681 bonorum
3404 3647 3415 3681 :
3442 3630 3545 3686 nec

1948 3707 2236 3761 verebatur
2264 3722 2331 3763 ne
2355 3723 2456 3764 suo
2487 3711 2753 3781 triumpho
2780 3712 3118 3781 obrueretur,
3143 3717 3234 3785 qui
3261 3734 3367 3773 non
3395 3720 3495 3775 sibi
3525 3765 3541 3789 ,

1948 3796 2043 3853 sed
2063 3800 2270 3853 auctori
2288 3815 2387 3855 suo
2410 3801 2756 3858 innitebatur.
2773 3803 2888 3859 Non
2907 3805 3079 3860 labem
3105 3808 3354 3875 timebat,
3380 3821 3543 3881 Quem

1951 3892 2111 3945 timor
2132 3892 2343 3947 Domini
2364 3903 2578 3949 sanctus
2600 3895 2935 3964 possederat,
2958 3912 3115 3965 quem
3142 3914 3303 3969 supra
3335 3902 3542 3959 ﬁrmam

1949 3989 2157 4050 petram
2186 3980 2461 4036 fundatum
2488 3999 2586 4038 nec
2612 3984 2780 4053 gloria
2814 4000 2912 4041 nec
2944 3986 3231 4054 ignominia
3258 3989 3538 4056 ﬂectebat,

1948 4072 2037 4140 qui
2062 4086 2165 4127 non
2194 4073 2245 4126 in
2269 4087 2346 4137 se,
2378 4073 2470 4128 sed
2494 4075 2543 4129 in
2560 4074 2785 4130 Domino
2806 4077 3011 4131 stabat:
3038 4093 3137 4133 nec
3166 4076 3381 4136 Petrum
3408 4099 3543 4153 pne-

1948 4167 2254 4237 sumptione
2281 4167 2515 4233 labilem,
2545 4170 2640 4225 sed
2679 4170 2782 4227 ﬁde
2806 4173 3052 4228 stabilem
3077 4214 3092 4239 ,
3123 4174 3458 4246 Paulumque
3488 4178 3542 4232 in

1951 4259 2345 4316 inﬁrmitatibus
2372 4262 2691 4331 gloriantem
2723 4264 2793 4320 ob
2822 4264 3017 4321 Christi
3050 4268 3303 4323 virtutem
3329 4310 3344 4334 ,
3372 4284 3543 4324 temu-

1949 4353 2160 4409 l..batur
2184 4355 2248 4409 ad
2277 4355 2575 4411 claritatem
2608 4357 3073 4413 irrterminabilem.
3108 4357 3386 4415 Postremo
3415 4361 3545 4430 quid

1944 4447 2148 4515 jactare
2169 4448 2409 4511 deberet,
2433 4449 2521 4518 qui
2549 4464 2762 4504 omnem
2793 4460 2972 4521 typum
2990 4449 3262 4518 jactantite
3291 4452 3540 4520 etiserat,

254 4551 355 4608 per
395 4537 581 4607 gloria:
622 4546 815 4594 vestrae
852 4539 1088 4595 studium
1131 4539 1184 4593 in
1216 4539 1508 4607 Anglorum
1538 4549 1697 4608 gente
1727 4540 1843 4609 ejus
1872 4564 1926 4627 Β
1948 4539 2039 4609 qui
2068 4547 2362 4606 egestatem
2392 4548 2447 4594 et
2466 4540 2725 4595 vilitatem
2749 4556 2853 4610 pro
2869 4541 3035 4609 gloria
3062 4543 3546 4615 appetebat,cujus

256 4628 681 4685 misericordiam
707 4630 1026 4686 conﬁdimus
1057 4631 1291 4701 operari.
1308 4629 1377 4683 Et
1396 4631 1610 4698 quidem
1635 4630 1847 4700 jamdu-

255 4718 384 4775 dum
406 4719 625 4789 gloriosi
651 4719 742 4775 ﬁlii
770 4724 975 4786 nostri,
999 4720 1240 4790 conjugis
1260 4720 1422 4775 vestri
1448 4761 1463 4787 ,
1487 4721 1694 4775 animos
1718 4736 1848 4791 pru-

255 4810 455 4867 dentia:
483 4819 675 4866 vestrae
701 4810 846 4867 bono
863 4849 879 4875 ,
905 4810 1043 4867 sicut
1063 4825 1248 4866 revera
1275 4809 1612 4872 Christiante,
1635 4809 1850 4865 debuis-

254 4904 325 4960 tis
355 4902 629 4961 inﬁectere
650 4945 665 4969 ,
688 4915 746 4958 ut
772 4920 871 4975 pro
892 4904 1039 4973 regni
1067 4910 1122 4960 et
1146 4904 1338 4958 animm
1358 4918 1467 4959 suae
1489 4904 1661 4959 salute
1690 4902 1848 4959 ﬁdem

254 5011 421 5067 quam
468 4996 651 5052 colitis
684 5004 1036 5065 sequeretur;
1067 5004 1334 5067 quatenus
1374 5006 1431 5052 et
1467 4996 1534 5051 de
1561 5012 1628 5053 eo
1657 5006 1712 5053 ct
1753 5012 1850 5068 per

256 5102 383 5143 eum
416 5128 434 5154 ,
460 5086 530 5142 de
575 5087 737 5144 totius
776 5088 952 5156 gentis
995 5090 1349 5146 conversione
1373 5128 1388 5155 ,
1423 5090 1580 5159 digna
1611 5091 1765 5147 vobis
1793 5092 1847 5147 in

259 5178 580 5236 ccelestibus
604 5179 813 5250 gaudiis
845 5181 1128 5236 retributio
1170 5190 1504 5238 nasceretur.
1534 5181 1666 5236 Nam
1700 5190 1850 5253 post-

258 5285 463 5341 quam,
493 5269 634 5325 sicut
678 5269 952 5339 diximus,
983 5280 1039 5326 et
1090 5280 1238 5327 recta
1292 5270 1394 5326 ﬁde
1448 5272 1616 5342 gloria
1670 5281 1846 5329 vestra

256 5363 469 5420 munita
491 5402 508 5430 ,
535 5371 593 5418 et
621 5363 813 5419 litteris
841 5364 998 5420 docta
1031 5373 1116 5420 est
1146 5404 1161 5431 ,
1192 5364 1297 5420 hoc
1326 5364 1479 5421 vobis
1508 5380 1609 5421 nec
1638 5367 1847 5436 tardum

259 5471 363 5513 nec
399 5455 591 5512 debuit
638 5471 759 5513 esse
787 5456 1024 5513 difﬁcile.
1067 5456 1133 5512 Et
1176 5458 1431 5527 quoniam
1482 5458 1594 5515 Deo
1635 5460 1848 5516 volente

262 5558 449 5618 aptum
468 5566 612 5606 nunc
634 5558 843 5621 tempus
866 5558 968 5617 est,
986 5550 1127 5621 agite
1163 5559 1220 5608 ut
1247 5551 1424 5607 divina
1453 5554 1621 5622 gratia
1647 5568 1845 5624 coope-

265 5652 421 5700 rante
471 5659 593 5701 cum
648 5653 938 5715 augmento
976 5645 1193 5716 possitis
1244 5645 1387 5717 quod
1445 5646 1741 5715 neglectum
1769 5653 1853 5700 est

267 5750 544 5807 reparare.
590 5733 774 5805 itaque
803 5744 1040 5791 mentem
1079 5735 1297 5807 gloriosi
1336 5733 1577 5805 conjugis
1606 5733 1766 5791 vestri
1796 5733 1849 5791 in

555 5893 824 5953 Pa'rItOL.
856 5890 1115 5953 LXXX.

1953 4627 2325 4683 architectum
2355 4626 2693 4681 fundamenta
2734 4636 2879 4681 tanta
2925 4629 3237 4686 humilitatis
3267 4633 3547 4689 altitudine

1951 4728 2078 4773 sunt
2099 4719 2351 4789 depressa
2382 4734 2446 4772 ac
2471 4717 2699 4773 molibus
2719 4720 2829 4774 suis
2855 4719 3082 4775 solidata
3107 4762 3122 4789 ,
3147 4730 3203 4776 ut
3223 4723 3349 4778 dum
3380 4722 3546 4782 turris

1953 4810 2069 4880 ejus
2098 4825 2230 4865 auro
2258 4809 2456 4864 mundo
2486 4818 2541 4863 et
2574 4810 2718 4865 omni
2749 4810 2924 4881 lapide
2970 4812 3205 4883 pretioso
3235 4824 3545 4871 constructa

1953 4905 2007 4958 in
2037 4903 2229 4959 caelum
2261 4910 2578 4969 assurgeret.
2605 4903 2841 4957 omnium
2866 4911 3245 4973 tempestatum
3273 4906 3410 4961 ictus
3441 4907 3544 4961 itu-

1954 5001 2099 5049 mota
2127 5000 2182 5049 et
2204 4991 2365 5047 illaesa
2386 4991 2626 5046 rideret?
2648 4990 2760 5047 Rex
2788 5007 3004 5062 quoque
3028 4990 3398 5051 Ethelbertus
3427 5004 3547 5050 tano

1954 5095 2068 5140 tum
2113 5083 2423 5156 apostolicis
2468 5083 2662 5138 summi
2690 5082 2933 5153 Gregorli
2966 5085 3259 5141 resultabat
3284 5087 3541 5141 exhorta-

1954 5177 2189 5231 tionibus
2211 5217 2226 5242 ,
2259 5183 2516 5245 quantum
2558 5190 2616 5229 se
2649 5175 2796 5229 novit
2823 5175 3115 5244 gratiarum
3154 5176 3453 5232 debitorem
3488 5177 3542 5231 in

1951 5269 2165 5323 Christo
2193 5268 2501 5337 redemptus
2528 5308 2542 5332 ,
2574 5268 2717 5338 quot
2747 5266 2814 5322 de
2841 5274 3039 5321 :eterna
3072 5268 3369 5338 perditione
3401 5267 3543 5324 ﬁlius

1952 5359 2257 5431 adoptionis
2303 5359 2398 5413 Dei
2442 5367 2585 5415 esset
2628 5356 2866 5412 eﬁeCtus.
2906 5356 3076 5424 Quem
3106 5357 3207 5412 nisi
3237 5357 3361 5426 quia
3391 5358 3540 5427 regia

1948 5452 2186 5523 potentia
2207 5449 2461 5506 dilatandi
2488 5448 2637 5518 regni
2657 5448 2852 5504 Christi
2877 5462 3217 5519 summopere
3242 5447 3543 5504 trahebatur

1952 5544 2315 5606 necessarius,
2363 5541 2629 5597 credimus
2672 5542 2873 5597 servire
2913 5555 3069 5610 quam
3114 5541 3380 5612 imperare
3429 5558 3542 5595 ma-

1951 5639 2114 5693 luisse
2141 5634 2452 5690 monasticis
2488 5633 2938 5694 institutionibus,
2968 5638 3127 5699 atque
3156 5647 3321 5688 coron
3341 5649 3369 5686 υ
3391 5633 3545 5707 regni

1952 5744 2208 5787 coronam
2252 5740 2566 5799 pneponere
2616 5725 2779 5780 Petri.
2820 5722 3018 5778 Verum
3065 5724 3210 5792 quod
3258 5733 3385 5779 tunc
3433 5736 3540 5775 non

3104 5882 3144 5938 3
