4118 6332
571 255 640 319 73
1368 251 1674 307 SANCTUS
1712 247 2142 305 AUGUSTINUS
2183 244 2557 306 ANGl.thUM
2602 249 3012 308 APOSTOIDS.
3750 251 3819 309 76

567 367 1110 448 pernuttchaturflcri
1132 362 1309 421 ofﬁcio
1338 373 1556 434 apparet
1577 378 1715 419 nunc
1743 362 1903 417 fuisse
1931 361 2130 415 animo.
2154 359 2206 416 Δ
2238 360 2330 413 sia!
2374 361 2601 419 dictatas
2631 364 2778 437 [Al.,
2806 363 3034 437 dicatas]
3061 382 3076 431 ;
3123 380 3308 420 verum
3338 380 3367 419 a
3407 366 3607 423 sanctis
3656 369 3825 438 patri-

567 465 671 521 Sed
718 472 772 518 et
814 461 987 515 Berta:
1015 456 1463 514 christianissimus
1515 457 1708 521 regina:
1747 468 1853 508 non
1882 460 1961 507 est
2000 466 2068 521 po
2098 458 2146 503 t-

568 552 813 625 ponenda
842 549 1085 612 devotio,
1109 562 1267 616 quam
1298 554 1473 599 tantus
1502 559 1636 614 papa
1663 543 1906 598 similiter
1932 542 2145 609 dignam

567 646 775 702 censuit
820 642 1103 714 pricmissa:
1153 638 1391 705 epistola:
1448 636 1629 692 favore
1676 644 1731 689 et
1781 635 2141 703 apologetico.

570 739 854 794 Namerat
887 734 1051 801 janua
1098 729 1200 782 luci
1242 727 1460 796 pervia,
1494 741 1589 795 per
1634 739 1792 793 quam
1837 722 2147 792 splendidus

576 825 779 881 Domini
803 818 1196 892 paranymphus
1219 815 1556 883 Augustinus,
1588 830 1770 870 verum
1812 814 1978 869 solem
2001 810 2147 866 Chri-

577 925 716 969 stum
748 912 876 982 regii
898 909 1061 965 animi
1089 906 1279 961 infudit
1306 905 1686 975 penetralibus.

642 1002 731 1060 52.
770 1003 902 1059 Cum
932 1016 1061 1071 ergo
1102 1000 1188 1055 hic
1214 999 1306 1053 Dei
1346 998 1550 1052 amicus
1574 997 1805 1069 claviger
1833 1004 1973 1053 esset
2002 996 2149 1050 fidis-

572 1097 736 1153 simus
775 1094 950 1150 cordis
990 1092 1121 1161 regii
1155 1091 1307 1162 (ejus
1344 1090 1548 1145 scilicet
1578 1089 1747 1155 regis,
1776 1088 1928 1157 cujus
1972 1102 2068 1142 cor
2097 1087 2149 1141 in

574 1201 732 1240 manu
779 1183 1031 1251 Domini)
1063 1180 1247 1235 diffusa
1289 1180 1550 1234 charitate
1601 1189 1653 1233 et
1706 1178 1925 1233 dilatata
1972 1187 2151 1234 ment‘e

572 1276 867 1332 extendens
897 1273 1146 1329 affectum
1186 1274 1238 1327 in
1286 1272 1523 1327 omnium
1565 1271 1791 1325 salutem
1815 1312 1830 1336 ,
1862 1271 1970 1337 egit
2013 1271 2150 1336 apud

574 1371 742 1437 ipsum
772 1364 1263 1420 obedientissimum
1288 1363 1602 1433 principem,
1631 1372 1688 1415 ut
1707 1360 1984 1432 pontifices
2021 1361 2151 1432 [Αι.,

573 1458 883 1528 pontificum
891 1467 909 1528 ι
930 1456 1206 1510 Britonum
1236 1454 1303 1508 ab
1335 1454 1697 1517 ecclesiastica
1729 1453 1907 1521 regula
1936 1453 2149 1507 exorbi-

576 1558 749 1604 tantes
801 1544 954 1619 [Af.,
991 1544 1469 1614 exorbitantium],
1518 1544 1583 1597 ad
1624 1559 1777 1598 suum
1809 1543 2155 1598 conveniront

572 1639 928 1708 colloquium:
972 1652 1093 1690 nam
1135 1636 1204 1689 ab
1248 1635 1330 1688 his
1369 1634 1633 1688 Britannis
1679 1634 1846 1704 patria
1893 1634 2004 1687 haec
2031 1641 2153 1687 ante

2244 448 2343 505 bus
2368 454 2496 517 suis,
2524 453 2614 508 Dei
2642 455 2825 509 amicis
2853 465 2907 510 et
2936 456 3305 525 apostolorum
3327 458 3665 524 sequacibus,
3690 460 3815 513 hac.

2247 550 2401 599 tenus
2421 544 2729 600 observatas
2748 586 2763 612 ,
2787 562 2920 615 quas
2951 564 3056 601 non
3084 548 3342 603 deberent
3369 558 3573 603 mutare
3600 560 3823 621 propter

2246 647 2416 689 novos
2437 633 2803 705 dogmatistas.
2818 636 2953 702 Quid
2968 637 3032 691 ad
3047 638 3157 692 haec
3176 638 3513 692 eruditissimi
3543 639 3827 707 Augustini

2247 725 2524 793 ptulentia
2556 728 2907 796 responderit,
2933 743 3083 784 mens
3105 731 3405 799 perspicax,
3441 746 3544 784 non
3578 732 3825 800 pertinax

2248 815 2490 881 colligat:
2514 815 2693 879 Sancti
2725 816 2909 873 Patres
2932 820 3112 884 vestri,
3132 820 3177 873 si
3209 821 3321 874 lucc
3346 822 3639 890 apostolica
3668 822 3827 890 scita,

2248 921 2367 974 qua:
2396 906 2611 961 terimus
2640 929 2656 972 δ
2682 908 2791 975 jam
2818 908 2963 963 omni
3008 910 3204 963 mundo
3229 920 3476 980 suscepta
3507 951 3520 973 ,
3553 915 3826 969 sanctiora

2250 1011 2368 1051 esse
2393 999 2849 1065 comprobassent,
2878 998 3018 1053 ultro
3048 999 3384 1066 obedissent,
3415 1010 3470 1055 et
3497 1001 3830 1068 ignorantias

2250 1102 2375 1142 suas
2422 1097 2582 1156 atque
2629 1090 2949 1158 irrt-gulares
3004 1091 3368 1145 observantius
3422 1094 3827 1148 correxissent:

2252 1176 2485 1245 alioquin
2519 1193 2623 1230 non
2660 1180 2851 1243 sancti,
2893 1180 2986 1232 sed
3033 1180 3302 1235 sanctitati
3335 1183 3559 1236 rebelles
3598 1199 3831 1254 appare-

2254 1275 2392 1321 rent'.
2425 1266 2491 1320 Et
2517 1268 2732 1335 quidem
2776 1270 3003 1337 apostoli
3049 1270 3258 1324 Domini
3309 1271 3360 1325 in
3388 1274 3677 1341 primordio
3709 1273 3831 1328 fidei

2255 1359 2356 1412 hoc
2386 1373 2550 1412 unum
2578 1374 2710 1427 opus
2735 1360 2928 1429 ubique
2953 1361 3297 1427 exercebant,
3350 1372 3404 1416 ut
3437 1379 3622 1418 omnes
3643 1375 3833 1432 gentes

2255 1449 2306 1502 in
2338 1448 2668 1504 Salvatorem
2707 1452 2886 1505 mundi
2927 1453 3147 1508 credere
3172 1496 3189 1521 ,
3218 1468 3271 1508 et
3298 1464 3553 1511 mternam
3583 1459 3744 1511 vitam
3779 1460 3832 1513 in

2257 1539 2373 1608 ipso
2392 1556 2609 1609 sperare
2632 1541 2908 1597 docerent.
2940 1543 3030 1598 Sic
3050 1559 3156 1599 non
3184 1546 3495 1601 mortalibus
3522 1549 3703 1615 armis,
3734 1550 3832 1604 sed

2256 1631 2309 1684 in
2336 1632 2483 1685 omni
2513 1634 2766 1702 patientia
2795 1644 2849 1688 et
2877 1636 3151 1705 signorum
3178 1653 3240 1692 ac
3270 1648 3577 1695 sanctorum
3606 1658 3831 1712 operum

574 1724 1615 1796 Rnglosestalitiquitusappellata,que
1635 1724 1775 1777 etab
1795 1723 1921 1778 olim
1938 1723 2150 1777 Christo
2186 1726 2231 1784 Β
2258 1721 2467 1777 indiciis
2507 1737 2721 1778 onmem
2769 1727 2948 1779 mundi
3002 1727 3200 1784 Christi
3234 1731 3522 1801 subiecere
3569 1733 3830 1800 vestigiis.

575 1828 692 1875 erat
720 1818 945 1883 initiata.
989 1816 1141 1869 Anno
1165 1814 1361 1883 quippe
1390 1814 1647 1867 incarnati
1682 1812 1837 1867 Verbi
1865 1813 2158 1866 cvr-ntesimo

578 1908 1019 1983 quinquagesimo
1048 1915 1204 1961 sexto
1227 1947 1241 1970 ,
1276 1905 1451 1959 Marco
1500 1902 1736 1957 Antonio
1764 1903 1907 1957 Vero
1937 1904 2003 1957 ab
2047 1906 2156 1957 Au-

578 2010 734 2070 gusto
775 2007 974 2068 quarto
1001 1998 1209 2053 decimo
1250 2011 1370 2050 cum
1416 1993 1579 2048 fratre
1623 1993 1838 2048 Aurelio
1864 1994 2160 2049 Commodo

575 2101 832 2161 regnante
861 2131 877 2156 ,
919 2106 1015 2143 rex
1063 2088 1252 2143 horum
1301 2087 1577 2140 Britonum
1611 2097 1634 2121 ι
1670 2085 1863 2141 Lucius
1915 2095 2159 2141 sanctum

576 2182 939 2240 Eleutherium
965 2191 1089 2235 tunc
1113 2180 1371 2249 temporis
1395 2194 1587 2247 papam
1613 2193 1710 2247 per
1734 2178 2015 2248 epistolam
2035 2194 2161 2247 sup-

576 2276 785 2346 pliciter
806 2272 1027 2341 expetiit
1055 2280 1108 2325 et
1133 2277 1409 2341 gratanter
1430 2269 1955 2340 obtinuit,quatcnus
1982 2269 2163 2324 ﬁdeles

577 2367 826 2420 doctores
842 2363 1253 2430 destinaret,qui
1286 2376 1343 2415 se
1369 2376 1431 2423 ac
1447 2370 1662 2429 gentem
1687 2377 1838 2416 suam
1868 2362 1920 2416 in
1950 2361 2162 2415 Christo

578 2463 973 2524 regenerarent.
1006 2452 1116 2507 Nec
1143 2449 1391 2506 defecere
1418 2451 1657 2508 Britanni
1687 2467 1718 2507 a
1759 2461 2020 2521 susceptae
2049 2452 2163 2520 pie-

584 2547 707 2601 tatis
731 2545 1032 2613 integritate
1058 2580 1074 2604 ,
1107 2556 1273 2610 usque
1298 2542 1350 2596 in
1381 2550 1754 2611 tempestatem
1777 2539 2164 2613 persecutionis

583 2635 894 2693 Diocletiani
940 2645 995 2692 et
1029 2634 1373 2700 Maximiani,
1404 2648 1508 2703 qua
1533 2634 1711 2703 plures
1750 2642 1875 2686 sunt
1918 2632 2164 2701 passione

579 2726 843 2782 coronati.

652 2816 756 2872 Sed
786 2825 843 2871 et
869 2815 1119 2885 deinceps
1150 2815 1203 2868 in
1246 2811 1347 2869 fide
1390 2812 1656 2867 dominica
1710 2825 2159 2882 perseveravere,

580 2908 714 2962 adeo
740 2917 794 2961 ut
822 2921 920 2961 nec
948 2905 1133 2960 haeresi
1166 2904 1419 2961 cederent
1450 2904 1747 2971 Pelagiana:
1770 2941 1788 2966 ,
1817 2902 1908 2956 sed
1937 2917 2031 2971 per
2070 2916 2162 2959 ac-

582 2998 806 3056 cersitos
841 2997 1123 3068 episcopos
1167 2993 1487 3061 Gallorum,
1515 2993 1791 3047 convictos
1836 2991 2068 3059 perfidos
2109 2998 2165 3047 et

2260 1805 2467 1861 Interea
2496 1823 2600 1862 non
2630 1817 2878 1878 poterant
2906 1811 3119 1867 lunares
3144 1814 3324 1886 cyc'os
3350 1815 3560 1885 publice
3588 1817 3829 1880 tradere,

2259 1913 2325 1952 ne
2354 1898 2590 1954 caelestia
2621 1903 2884 1969 promi-sa
2912 1904 3138 1958 terrenis
3177 1904 3643 1960 sollicitationibus
3670 1905 3835 1962 offus-

2259 1999 2445 2044 carent
2463 2000 2519 2045 et
2535 2002 2789 2048 evacuata
2814 2009 2975 2049 cruce
2986 1992 3181 2050 Christi
3212 1996 3834 2054 inanitercucurrissent.

2266 2080 2421 2137 Pauci
2451 2093 2542 2137 aut
2568 2085 2673 2138 rari
2704 2094 2831 2141 tunc
2868 2085 2935 2141 de
2963 2084 3166 2142 Pascha
3194 2087 3567 2157 disputabant,
3599 2089 3837 2145 maxime

2262 2190 2383 2229 cum
2429 2176 2593 2231 totius
2636 2176 2815 2231 mundi
2863 2180 3039 2233 rabies
3076 2194 3289 2234 omnem
3343 2181 3572 2235 animam
3620 2180 3838 2237 Christo

2261 2266 2568 2323 credentem
2599 2269 2826 2337 puniret.
2850 2271 2919 2323 At
2947 2271 3036 2325 ubi
3062 2271 3354 2340 subiugatis
3380 2272 3592 2327 Christo
3620 2272 3840 2342 regibus

2263 2366 2319 2412 ct
2344 2360 2581 2429 tyrannis
2600 2357 2832 2415 Ecclesia
2863 2372 3085 2429 regnare
3112 2363 3294 2431 cmpit,
3318 2370 3443 2418 tunc
3469 2364 3681 2433 publice
3704 2379 3840 2420 con-

2263 2448 2399 2503 ciliis
2434 2448 2631 2502 habitis
2671 2448 2739 2503 de
2770 2447 2971 2505 Pascha
3018 2451 3166 2505 etde
3211 2452 3417 2506 caeteris
3457 2452 3841 2509 ecclesiasticis

2264 2541 2614 2595 sacramentis
2643 2541 2858 2596 decreta
2888 2543 3183 2612 apostolica
3212 2544 3612 2612 quaerebantur;
3634 2557 3689 2600 et
3715 2560 3840 2615 quas

2264 2638 2426 2684 antea
2456 2632 2694 2700 neglecta
2732 2640 2920 2698 erant,
2952 2633 3037 2688 vel
3079 2634 3304 2689 diversis
3351 2635 3404 2689 in
3444 2635 3576 2691 locis
3611 2637 3843 2694 diversis

2266 2721 2440 2777 modis
2462 2723 3040 2793 agebantur,quidquid
3061 2725 3129 2778 ad
3157 2727 3313 2781 unius
3335 2725 3453 2781 fidei
3475 2727 3842 2793 integritatem

2266 2815 2626 2883 poscebatur,
2675 2817 2830 2871 unius
2880 2815 3130 2871 Ecclesia:
3183 2817 3374 2873 incude
3427 2819 3838 2875 informabatur.

2269 2904 2404 2961 Huic
2426 2921 2554 2976 ergo
2567 2906 2792 2973 regulari
2807 2907 3217 2962 christianitatis
3238 2910 3592 2967 communicet
3622 2911 3841 2979 unitati,

2268 2998 2510 3069 quisquis
2537 3014 2569 3054 a
2611 2997 2826 3055 Christo
2870 3015 2975 3055 non
3018 3000 3133 3055 vult
3177 2999 3434 3058 abscindi.
3468 3004 3562 3059 His
3589 3004 3846 3062 omnibus

564 3091 785 3169 hostes,
818 3091 1159 3163 profligarent
1186 3107 1216 3145 a
1254 3106 1331 3146 se.
1362 3086 1739 3146 Verumtamen
1770 3085 1920 3156 luxu,
1950 3085 2163 3141 tandem
2192 3106 2237 3169 ρ
2271 3090 2509 3147 Britanni
2538 3105 2832 3167 repugnare
2861 3091 3030 3165 magis
3049 3111 3208 3166 quam
3238 3097 3579 3165 acquiescere
3606 3105 3842 3152 certant.

582 3192 640 3239 et
658 3182 960 3253 arrogantia
982 3181 1241 3252 corrupti,
1258 3180 1380 3234 dum
1403 3181 1545 3234 vitiis
1570 3180 1774 3235 malunt
1793 3175 1979 3249 subjici
2003 3189 2163 3250 quam

577 3281 706 3350 jugo
738 3278 979 3346 Domini,
1008 3278 1183 3345 glalio
1212 3276 1491 3346 gentilium
1517 3275 1717 3342 deleti,
1747 3283 1801 3332 et
1826 3279 2013 3347 paucis
2039 3278 2165 3332 reli-

580 3374 701 3442 quis
744 3373 887 3443 [Af.,
933 3374 983 3426 in
1028 3373 1213 3441 paucis
1251 3371 1528 3443 reliquiis]
1588 3388 1725 3442 pene
1765 3388 1795 3427 a
1840 3382 1950 3429 tota
1992 3373 2163 3443 patria

583 3462 819 3531 propulsi
844 3502 858 3525 ,
891 3461 945 3516 in
972 3461 1235 3517 silvestria
1262 3471 1317 3517 et
1352 3463 1552 3517 sterilia
1582 3462 1701 3517 loca
1728 3471 1854 3516 sunt
1881 3464 2161 3519 coarctati.

588 3546 679 3601 llis
707 3563 835 3616 ergo
887 3549 1210 3618 apostolicus
1236 3549 1441 3617 legatus
1468 3550 1678 3605 Domini
1720 3552 2042 3620 Augustinus
2070 3569 2164 3607 cu-

584 3636 736 3706 piens
784 3636 1009 3704 mederi,
1065 3639 1370 3708 Anglosque
1430 3648 1485 3694 et
1540 3640 1683 3709 ipsos
1734 3657 1894 3695 uuam
1949 3652 2163 3711 gentem

585 3744 851 3796 unumque
880 3744 1072 3800 corpus
1096 3729 1307 3784 efficere
1326 3729 1544 3797 Chr'sti,
1576 3733 1883 3788 convocatis
1909 3733 2165 3791 illustrio-

585 3818 731 3871 rihns
774 3818 947 3885 gentis
973 3858 986 3883 ,
1018 3818 1181 3887 cmpit
1226 3818 1474 3874 insistere
1505 3820 1649 3874 omni
1679 3822 1896 3876 suadela
1927 3833 2164 3893 paternte

584 3909 882 3964 dulcedinis
908 3953 922 3976 ,
956 3912 1203 3965 onmihus
1230 3912 1523 3967 visceribus
1563 3913 1837 3970 charitatis
1859 3957 1873 3981 ,
1899 3924 2165 3984 quatenus

587 4016 802 4054 omnem
820 4001 1032 4056 Christo
1054 4002 1414 4063 adversariam
1433 4005 1817 4060 dissensionem
1830 4007 2160 4074 abdicantes,

580 4082 759 4149 'Deum
806 4094 953 4164 pacis
998 4094 1376 4161 admitterent,
1404 4105 1458 4151 et
1488 4113 1592 4150 una
1638 4114 1817 4152 secum
1872 4099 1984 4154 Deo
2025 4100 2164 4156 filios

584 4187 888 4259 adoptionis
915 4187 1119 4256 sibique
1145 4189 1451 4243 cohteredes
1479 4190 1709 4245 cmlestis
1738 4192 1887 4259 regni
1915 4192 2163 4260 acquire-

587 4288 725 4333 rent.
758 4279 992 4335 Instabat
1035 4280 1195 4335 etiam
1241 4281 1451 4336 obnixis
1480 4283 1725 4352 precibus
1753 4292 1809 4338 et
1848 4284 2064 4338 monitis
2107 4294 2165 4339 ut

586 4370 907 4425 dominicqu
938 4368 964 4406 ιι
997 4370 1198 4427 Pascha
1247 4374 1518 4427 communi
1563 4374 1729 4429 totius
1778 4376 1922 4429 orbis
1965 4392 2061 4429 usu
2109 4386 2165 4431 et

2270 3188 2370 3243 Vix
2397 3202 2631 3257 unquam
2675 3185 2988 3242 crediderim
3018 3200 3320 3256 praeconem
3362 3185 3457 3241 Dei
3485 3184 3844 3254 Augustinum

2263 3294 2293 3332 a
2330 3292 2600 3348 quoquam
2628 3290 2960 3347 paganorum
3000 3274 3191 3345 majori
3233 3274 3511 3344 fatigatum
3548 3273 3844 3330 verborum

2264 3368 2487 3437 ambage
2514 3384 2527 3420 :
2560 3366 2699 3422 adeo
2743 3366 2873 3421 nihil
2909 3365 3104 3421 suavius
3133 3376 3216 3420 est
3244 3365 3544 3421 domestico
3572 3366 3727 3421 hoste
3756 3366 3848 3421 vel

2263 3460 2405 3516 civili
2448 3460 2956 3524 irrationabilitate:
2989 3472 3114 3512 nam
3156 3456 3258 3512 hoc
3295 3466 3376 3511 est
3413 3456 3480 3511 ad
3515 3456 3714 3521 bestias
3740 3470 3848 3526 pu-

2263 3563 2427 3619 gnare
2444 3590 2459 3615 ,
2486 3551 2568 3605 vel
2593 3551 2842 3607 intestina
2874 3549 3013 3605 bella
3039 3548 3198 3604 ferre.

2336 3641 2423 3695 5'5.
2445 3641 2549 3696 Sed
2571 3642 2774 3696 assecla
2796 3640 3023 3703 Domini,
3050 3649 3167 3710 post
3192 3638 3461 3695 Christum
3483 3645 3538 3694 et
3567 3638 3849 3708 apostolos

2265 3729 2454 3786 doctus
2481 3732 2697 3786 vincere
2723 3731 3006 3801 patientia,
3056 3729 3237 3783 omnia
3285 3727 3462 3783 studet
3488 3726 3748 3807 experiri,
3779 3735 3845 3780 ut

2263 3822 2349 3877 vel
2394 3822 2573 3877 divino
2613 3822 2807 3877 cedant
2852 3821 3111 3885 examini,
3143 3819 3236 3889 qui
3282 3818 3560 3874 dominica:
3588 3819 3849 3873 resistunt

2266 3912 2536 3980 legationi.
2564 3912 2607 3967 Α
2634 3911 2764 3977 Deo,
2795 3912 2982 3981 inquit,
3014 3912 3161 3981 pacis
3188 3920 3243 3965 et
3268 3910 3527 3976 veritatis,
3559 3908 3648 3978 qui
3688 3908 3851 3964 habi-

2268 4012 2381 4059 tare
2428 4004 2556 4059 l'acit
2601 4005 2881 4059 unanimes
2936 4003 2989 4057 in
3040 4006 3228 4068 domo,
3277 4002 3459 4057 doceri
3511 3999 3851 4071 postulemus

2264 4097 2522 4154 evidentis
2551 4098 2686 4164 signi
2725 4096 2951 4165 indicio,
2991 4111 3218 4166 quorum
3247 4098 3481 4151 sanctior
3506 4096 3576 4151 sit
3623 4102 3848 4151 senten-

2267 4191 2374 4256 tia,
2423 4204 2540 4259 quze
2587 4190 2639 4243 in
2690 4188 2793 4244 hac
2834 4188 3198 4243 controversia
3255 4186 3486 4242 tenenda
3549 4186 3619 4240 sit
3678 4186 3844 4240 linea.

2266 4283 2500 4348 Quaerite
2527 4281 2579 4335 iu
2619 4281 2797 4349 aliquo
2825 4294 2966 4349 aegro
2993 4280 3073 4335 vel
3103 4280 3264 4335 debili
3292 4279 3530 4334 veritatis
3561 4278 3847 4346 experien-

2269 4372 2416 4438 tiam,
2445 4372 2536 4441 qui
2565 4385 2745 4426 coram
2773 4371 3036 4425 admissus
3062 4371 3253 4441 probet
3281 4371 3332 4424 in
3374 4370 3590 4424 nomine
3632 4367 3846 4423 Domini

584 4461 870 4516 concordia
894 4478 992 4517 suo
1038 4470 1279 4531 tempore
1323 4463 1695 4531 celebrarent,
1725 4464 1913 4519 relicto
1955 4465 2160 4519 scilicet
2190 4466 2243 4527 D
2268 4462 2528 4518 curatoris
2553 4462 2633 4517 sui
2656 4462 3004 4517 assertionem
3028 4477 3230 4517 veram.
3254 4459 3400 4515 lianc
3419 4460 3843 4531 propositionem

587 4564 805 4616 errore,
843 4566 949 4620 quo
986 4567 1018 4607 a
1062 4552 1457 4622 quartadecima
1499 4554 1621 4608 luna
1650 4571 1817 4624 usque
1866 4555 1932 4609 ad
1972 4556 2162 4625 vigesi-

586 4654 729 4694 mam
774 4640 890 4695 haec
938 4642 1069 4696 festa
1100 4645 1464 4713 usurpabant,
1495 4658 1605 4713 quo
1654 4645 1856 4698 ambitu
1886 4647 2159 4713 octoginta

586 4740 815 4796 quatuor
836 4733 961 4786 anni
997 4734 1349 4802 calculantur;
1380 4745 1635 4805 praetcrea
1664 4736 1716 4791 in
1744 4737 1926 4791 multis
1949 4738 2065 4792 aliis
2092 4738 2160 4794 ab

588 4822 949 4878 ecclesiastica
978 4826 1158 4893 regula
1195 4826 1468 4881 deviantes
1492 4869 1506 4894 ,
1547 4828 1859 4898 resipiscere
1885 4830 2161 4899 postulan-

587 4919 694 4966 tur.
738 4913 807 4967 At
850 4914 1089 4971 Britanni
1137 4931 1245 4986 quo
1284 4918 1460 4973 mitius
1510 4926 1787 4988 petuntur,
1816 4935 1883 4975 eo
1930 4918 2159 4974 ferocius

588 5005 889 5073 renituntur
914 5024 926 5060 :
956 5014 1012 5062 et
1038 5022 1162 5063 cum
1189 5023 1313 5063 suas
1340 5010 1743 5065 observationes
1770 5010 2018 5066 omnibus
2044 5010 2163 5065 aliis

587 5097 984 5168 praestantiores
1028 5113 1147 5154 esse
1198 5099 1499 5168 glossentur
1561 5100 1724 5174 [Al.,
1786 5100 2159 5172 grassentur],

589 5188 732 5243 nulla
759 5188 983 5244 rationis
1010 5187 1266 5245 modestia
1293 5188 1597 5245 ﬂectuntur.
1630 5189 2008 5244 Autorisabant
2036 5205 2162 5244 suas

587 5279 973 5345 (mremonias,
1002 5294 1109 5334 non
1147 5279 1319 5336 solum
1366 5295 1397 5334 a
1440 5292 1628 5335 sancto
1676 5278 1984 5334 Eleutherio
2022 5295 2159 5350 papa

590 5368 761 5441 primo
806 5369 1107 5424 institutore
1136 5385 1233 5425 suo
1254 5410 1271 5437 ,
1303 5369 1370 5424 ab
1414 5372 1525 5439 ipsa
1556 5386 1707 5451 pene
1723 5369 1941 5424 infantia
1968 5370 2156 5427 Eccle-

662 5488 685 5514 ⁸
727 5479 988 5535 Coluntur
1032 5492 1240 5537 sanctus
1273 5480 1457 5534 Lucius
1505 5481 1538 5533 '5
1580 5479 1835 5536 Decentb.
1868 5487 1927 5532 et
1954 5494 2157 5538 sanctus

593 5547 915 5621 fileutherius
942 5566 1076 5621 papa
1126 5552 1226 5606 hac
1262 5550 1333 5603 26
1363 5551 1483 5605 Maii
1512 5567 1525 5604 :
1559 5551 1626 5605 ad
1674 5549 1829 5617 cujus
1856 5551 2015 5604 vitam
2045 5553 2158 5608 lucc

592 5618 746 5672 latins
775 5618 1128 5685 exponuntur.
1908 5644 1911 5649 ·

610 5726 613 5733 .
665 5694 688 5723 ιο
726 5687 804 5741 De
831 5689 931 5742 hac
956 5690 1318 5744 controversia
1345 5690 1538 5759 passim
1571 5690 1709 5746 Bada
1754 5699 1805 5744 et
1830 5689 1916 5745 alii
1948 5701 2109 5760 agunt
2130 5735 2150 5772 ρ

2268 4554 2516 4608 omnibus
2564 4552 3017 4624 approbantibus,
3085 4561 3140 4606 et
3199 4553 3326 4622 ipsis
3387 4552 3671 4608 rebellibus
3716 4553 3846 4608 licet

2265 4644 2478 4713 invitis,
2508 4647 2653 4700 venit
2680 4644 2747 4699 ad
2784 4658 3000 4698 manum
3046 4642 3259 4713 quidam
3304 4659 3371 4697 ex
3418 4642 3638 4711 Anglis,
3687 4643 3847 4709 cujus

2263 4738 2432 4793 oculis
2451 4738 2689 4793 extincta
2717 4745 2869 4791 erant
2904 4736 3094 4804 gaudia
3142 4736 3295 4789 lucis.
3342 4735 3537 4801 Credo,
3585 4735 3676 4790 Dei
3707 4743 3844 4790 nutu

2264 4828 2511 4881 inventus
2556 4835 2639 4880 est
2685 4825 2988 4895 angligena,
3028 4839 3098 4878 ne
3148 4824 3453 4880 Britonibus
3497 4824 3588 4894 (si
3635 4822 3702 4878 de
3728 4824 3842 4879 suis

2264 4917 2445 4989 esset)
2493 4918 2875 4973 extuberarent
2908 4916 3209 4985 supercilia.
3252 4914 3455 4969 Horum
3484 4930 3613 4983 ergo
3658 4929 3843 4970 sacer-

2263 5011 2475 5067 dotibus
2518 5008 2763 5079 primitus
2803 5008 3057 5076 ingeritur
3105 5022 3276 5061 cazcus
3305 5008 3605 5071 curandus,
3655 5014 3714 5060 ut
3754 5006 3841 5060 bis

2262 5102 2633 5159 deficientibus
2660 5116 2819 5156 verus
2849 5099 2999 5154 testis
3038 5098 3278 5153 veritatis
3303 5107 3359 5152 et
3402 5114 3557 5152 verus
3602 5097 3839 5153 clareret

2264 5193 2518 5249 medicus.
2542 5190 2695 5247 Omni
2722 5193 2900 5259 itaque
2915 5188 3213 5245 temeritate
3240 5190 3481 5255 confusa,
3512 5187 3841 5255 Augustinus

2263 5284 2482 5339 humiiis
2517 5281 2684 5337 flectit
2731 5294 2936 5350 genua;
2967 5294 3127 5335 orans
3169 5294 3323 5333 suum
3352 5279 3839 5348 compertissimum

2264 5375 2564 5430 auditorem
2611 5380 2666 5428 et
2712 5372 3121 5427 illustrissimum
3166 5370 3345 5426 mundi
3390 5371 3836 5433 illuminatorem,

3011 5482 3085 5537 uti
3141 5483 3309 5534 sancti
3352 5468 3548 5535 Columi
3589 5482 3835 5551 episcopi

2267 5554 2711 5610 Lindisfarnensis
2759 5552 2824 5606 18
2853 5552 3127 5607 Februarii
3153 5592 3168 5616 ,
3200 5554 3365 5606 sancti
3398 5551 3631 5621 Wolfridi
3659 5555 3842 5609 archi-

2265 5626 2503 5698 episcOpi
2533 5623 2907 5688 Eboracensis,
2939 5621 3007 5674 Ἡ
3036 5623 3230 5692 Aprilis
3295 5631 3347 5675 et
3374 5622 3617 5676 aliorum.

2266 5495 2319 5539 et
2346 5499 2443 5538 nos
2476 5484 2528 5537 in
2558 5482 2721 5537 variis
2767 5484 2899 5537 actis
2946 5500 2958 5535 :
