4118 6332
260 322 355 393 ἼῚ

1486 329 1639 386 VlTA
1681 328 1920 388 SANCTI
1966 328 2351 389 AUGUSTINI.
3477 336 3548 391 78

282 447 345 495 ιιι
365 453 512 496 caeco
536 439 723 496 remst
751 440 970 507 lumina,
997 457 1107 514 quo
1136 443 1188 498 in
1236 444 1337 499 tiJe
1377 453 1431 500 et
1466 447 1725 515 spirituali
1755 458 1869 517 gra-
1899 451 1940 505 Α
1972 445 2053 499 vir
2079 445 2286 505 Domini
2313 446 2563 503 omnibus
2590 449 2762 505 modis
2790 450 2966 506 adhuc
2990 458 3203 507 certans
3224 450 3454 520 lucrari,
3481 453 3550 509 de

283 530 357 584 tia
396 529 686 585 multorum
746 531 1121 588 illuminentur
1162 545 1409 604 pectora.
1470 536 1621 593 Tunc
1663 539 1866 592 homini

280 620 437 688 signo
458 622 637 676 crucis
663 622 933 692 imposito,
964 639 1086 679 cum
1113 625 1216 680 hoc
1248 624 1370 681 fidei
1398 628 1594 695 verbo,
1626 648 1646 680 ι
1674 628 1734 684 ln
1763 630 1869 686 hoc

278 711 435 780 signo
482 713 732 767 ostendat
771 715 1029 770 Dominus
1074 732 1292 783 rerum,
1340 718 1494 788 cujus
1557 720 1751 789 dogma
1802 723 1870 776 sit

279 815 500 865 verum,
542 822 560 853 ι
605 818 779 858 caecus
824 806 1077 861 reseratis
1107 807 1375 877 palpebris
1415 810 1765 880 illuminatur,
1812 819 1870 867 et

280 899 403 961 post
428 893 639 959 longam
664 902 875 948 noctem
900 907 1096 952 seren‘o
1121 897 1208 951 die
1248 898 1558 954 infunditur.
1602 901 1684 955 Ab
1721 902 1868 956 omni

280 981 491 1050 populo
519 982 637 1036 laus
677 984 907 1039 Domino
938 987 1300 1057 acclamatur,
1331 999 1386 1044 et
1414 989 1548 1045 fidus
1597 992 1748 1046 testis
1774 992 1868 1046 Dei

278 1086 344 1127 ae
370 1088 534 1127 verax
559 1076 670 1128 veri
723 1076 990 1144 dogmatis
1017 1084 1254 1134 assert‘or
1277 1082 1607 1148 Augustinus
1635 1083 1872 1139 celebra-

277 1170 401 1227 tur;
434 1163 532 1231 ipsi
557 1165 718 1218 etiam
757 1166 1040 1236 Britones,
1086 1178 1234 1225 tanta
1285 1172 1403 1227 luce
1430 1175 1640 1239 obruti,
1687 1174 1870 1231 favent

278 1253 475 1319 modo;
514 1266 570 1309 et
604 1271 730 1310 vera
779 1273 899 1312 esse
942 1268 1265 1316 attestantur
1293 1264 1703 1332 praedioamenta
1731 1265 1863 1334 ejus,

274 1350 432 1397 tanto
460 1344 612 1412 signo
636 1345 905 1400 declarata
932 1365 945 1400 :
977 1350 1071 1404 sed
1102 1366 1159 1405 se
1190 1368 1295 1406 non
1321 1368 1478 1423 posse
1503 1355 1618 1407 sine
1645 1369 1865 1408 suorum

274 1433 541 1503 majorum
569 1438 815 1492 consultu
859 1448 913 1494 et
957 1456 1184 1496 assensu
1218 1445 1417 1513 patrias
1440 1446 1586 1513 leges
1614 1446 1862 1515 abjiccre.

272 1522 413 1581 Hine
438 1529 617 1596 petita:
665 1538 718 1583 et
759 1529 897 1584 data:
926 1531 1185 1599 induciae,
1216 1533 1340 1587 dum
1374 1549 1491 1606 synt
1510 1533 1613 1590 dus
1643 1536 1868 1590 iterare-

276 1623 385 1681 tur,
413 1623 473 1670 et
490 1616 731 1686 pluribus
756 1621 1200 1677 convenientibus
1219 1624 1346 1693 quid
1372 1624 1700 1693 sequendum
1723 1635 1865 1683 esset

276 1715 617 1763 tractaretur.
650 1709 775 1765 Haec
802 1722 923 1766 acta
952 1724 1321 1770 memorantur
1349 1716 1400 1771 iu
1432 1717 1552 1773 loco
1583 1719 1671 1773 ubi
1694 1734 1865 1788 usque

1971 535 2189 601 multis,
2239 538 2430 607 quibus
2482 540 2902 597 adversabantur
2943 540 3194 598 Ecclesiae
3240 544 3549 608 universali,

1970 629 2075 683 tria
2112 632 2392 700 proposuit
2412 632 2764 700 observanda,
2788 643 2845 689 ut
2870 648 3063 692 cetera
3082 637 3301 693 tolerari
3332 646 3553 709 possent

1970 722 2238 775 contraria
2273 739 2286 775 :
2317 723 2571 779 videlicet
2611 734 2670 780 ut
2726 728 2923 796 pascha
2963 742 3064 783 suo
3117 737 3359 799 tempore
3410 730 3554 784 sicut

1970 826 2159 867 omnes
2187 811 2439 868 Ecclesia:
2460 814 2823 883 celebrarent,
2852 825 2909 870 ut
2936 817 3186 885 baptismi
3209 827 3548 874 sacramenta

1969 902 2340 958 ecclesiastico
2366 904 2554 959 ordine
2581 916 2915 975 peragerent,
2946 916 3003 962 et
3033 907 3215 977 Anglis
3241 925 3347 965 una
3368 925 3552 965 secum

1968 994 2385 1061 evangelizando
2414 996 2605 1052 fratres
2642 1006 2701 1051 et
2743 1000 2993 1055 concives
3034 1002 3187 1070 regni
3226 1002 3320 1058 Dei
3365 1003 3553 1073 acqui-

1969 1094 2169 1141 rerent.
2220 1088 2525 1143 Adversarii
2568 1104 2696 1145 vero
2738 1091 2918 1145 omnia
2946 1092 3219 1161 abjiciunt,
3245 1110 3345 1152 nec
3374 1098 3549 1151 solum

1968 1190 2028 1230 se
2067 1176 2185 1243 ejus
2231 1177 2494 1231 mandatis
2547 1178 2631 1232 vel
2681 1179 2931 1248 precibus
2976 1181 3351 1252 obtemperare
3380 1186 3545 1250 nolle,

1967 1264 2063 1319 sed
2092 1282 2191 1321 nec
2227 1267 2541 1337 episcopum
2582 1281 2707 1323 eum
2756 1269 2955 1324 habere
2985 1271 3121 1326 velle
3149 1284 3416 1329 asserunt.
3445 1274 3550 1343 Qui

1967 1356 2138 1421 enim,
2169 1358 2418 1425 a‘ebant,
2460 1357 2868 1415 advenientibus
2916 1360 3072 1415 nobis
3122 1361 3439 1432 dedignatus
3469 1375 3549 1421 est

1966 1461 2277 1516 assurgere,
2311 1456 2511 1513 quanto
2534 1447 2701 1516 magis
2728 1464 2829 1504 nos
2857 1451 3127 1520 Opprimet
3167 1452 3213 1505 si
3258 1454 3549 1510 subdamur

1966 1536 2155 1595 ditioni
2184 1539 2333 1594 suae?
2364 1538 2559 1607 Liquet
2590 1553 2718 1607 ergo
2746 1554 2907 1607 quam
2936 1539 3050 1593 miti
3077 1548 3134 1595 et
3175 1540 3362 1596 humili
3386 1544 3550 1599 corde

1946 1626 2154 1697 ‘jugum
2200 1627 2401 1683 Christi
2423 1627 2605 1683 tulerit
2652 1628 2740 1683 ille
2770 1627 2980 1684 Domini
3027 1629 3197 1689 fidelis
3224 1640 3280 1687 et
3316 1633 3550 1703 prudens

1965 1713 2223 1777 vicarius,
2274 1714 2364 1783 qui
2393 1713 2699 1778 assidebat;
2742 1724 2798 1768 et
2837 1730 3003 1784 quam
3050 1719 3184 1772 dura
3230 1721 3441 1775 cervice
3485 1736 3553 1778 ac

273 1796 435 1852 hodie
468 1798 639 1866 lingua
672 1800 965 1871 Anglorum
1012 1804 1401 1872 Augustineae,
1447 1807 1498 1862 id
1544 1816 1627 1862 est
1666 1808 1851 1864 Robur

1959 1804 2158 1860 tumido
2184 1810 2345 1859 corde
2372 1820 2430 1859 se
2474 1804 2603 1873 jugo
2643 1805 2854 1861 Domini
2882 1808 3143 1864 rebellare
3188 1810 3549 1879 prodiderint,

273 1887 590 1957 Augustini,
614 1890 664 1944 in
692 1892 927 1947 confinio
955 1893 1282 1950 Wicciorum
1315 1905 1340 1932 ³·
1369 1906 1426 1951 et
1446 1897 1862 1953 occidentalium

273 1976 549 2033 Saxonum
578 1980 909 2051 appellatur,
940 1983 1029 2037 ubi
1054 1985 1303 2054 contigua
1318 1994 1400 2041 est
1424 1987 1656 2042 maxima
1681 1987 1862 2043 Brito-

273 2082 403 2123 num
432 2070 725 2138 provincia.

340 2159 435 2215 34.
467 2160 684 2230 Septem
716 2177 844 2233 ergo
873 2163 1148 2221 Britonum
1195 2166 1474 2238 pontiﬁces
1495 2211 1516 2239 ,
1544 2186 1665 2226 cum
1692 2173 1856 2242 pluri-

271 2252 377 2307 bus
403 2253 779 2311 eruditissimis
811 2258 960 2324 viris,
991 2261 1223 2315 maxima
1253 2261 1321 2317 de
1348 2264 1685 2320 nobilissimo
1715 2266 1863 2337 ipso-

271 2358 397 2399 mm
445 2348 811 2412 monasterio,
865 2350 1007 2417 quod
1054 2350 1079 2388 δ
1135 2351 1608 2409 Bancornhabarhe
1656 2357 1865 2426 anglice

268 2434 606 2506 appellatur,
630 2437 719 2493 cui
751 2446 877 2493 tunc
904 2440 1073 2496 abbas
1113 2442 1310 2497 Dinoot
1338 2454 1601 2514 praeerat,
1633 2447 1698 2502 ad
1729 2463 1862 2503 con-

268 2529 455 2583 silium
480 2530 628 2594 ituri,
657 2530 969 2602 quemdam,
1001 2535 1380 2592 anachoretica
1410 2539 1519 2593 vita
1550 2540 1688 2609 apud
1719 2541 1865 2611 ipsos

269 2618 569 2688 insignem,
614 2622 787 2677 virum
828 2634 1077 2679 sanctum
1122 2641 1187 2681 ac
1234 2626 1865 2698 prudentem,adeuntes

266 2718 330 2765 et
368 2711 447 2766 rei
474 2712 715 2767 ordinem
753 2725 1083 2783 exponentes
1121 2706 1442 2787 consulunt,
1471 2737 1543 2776 an
1580 2721 1864 2794 Augustini

267 2799 572 2855 doctrinam
597 2804 854 2858 sectando
880 2807 1081 2874 patrias
1101 2808 1511 2867 observationes
1531 2814 1859 2871 abdicarent.

266 2887 481 2957 Quibus
516 2890 607 2947 ille
646 2910 659 2944 :
696 2892 824 2960 Dei,
867 2895 1073 2965 inquit,
1124 2897 1380 2955 lamulum
1432 2902 1478 2956 si
1512 2907 1860 2974 οοςηονὶπιὶε,

265 2980 576 3037 sectamini.
602 2981 711 3037 Nos
740 2999 868 3038 vero
895 3026 910 3051 ,
953 2988 1139 3053 aiunt,
1189 2990 1331 3045 unde
1380 2999 1864 3062 recognoscemus?

262 3066 405 3123 Tum
436 3071 555 3126 ille:
593 3074 781 3129 Audite
802 3113 817 3138 ,
850 3075 1116 3147 inquit,et
1143 3078 1335 3137 discite
1362 3098 1393 3137 a
1420 3082 1648 3140 Domino
1677 3090 1864 3155 praeci-

1966 1894 2056 1964 qui
2085 1896 2353 1950 astabant.
2384 1896 2644 1955 Nec.vero
2676 1898 2727 1951 in
2758 1899 2998 1954 sessione
3026 1902 3111 1955 vel
3132 1904 3549 1970 assurrectione,

1964 1985 2060 2040 sed
2083 1985 2135 2039 in
2166 1986 2575 2041 mansuetudine
2603 2002 2668 2043 ae
2695 1988 2982 2045 dilectione
3011 1989 3244 2047 fraterna
3265 1997 3552 2063 cognosci-

1968 2082 2053 2129 tur
2108 2076 2271 2130 homo
2317 2076 2453 2144 Dei,
2493 2093 2615 2133 cum
2659 2086 2716 2133 et
2754 2080 2948 2135 sedens
2974 2081 3463 2150 clementissimus,
3491 2094 3550 2142 et

1963 2174 2113 2221 stans
2139 2168 2461 2223 gravissimus
2500 2168 2667 2238 possit
2695 2170 2918 2238 reperiri
2946 2187 2963 2224 :
2993 2181 3252 2241 praeterea
3292 2175 3552 2232 indecens

1966 2260 2258 2315 haberetur
2283 2262 2550 2317 sanctioni
2586 2262 3003 2326 ecclesiasticae,
3053 2275 3113 2319 ut
3159 2273 3266 2320 tam
3310 2266 3453 2323 feros
3496 2278 3554 2324 et.

1965 2366 2221 2408 erroneos
2251 2352 2463 2409 inﬂaret
2488 2355 2836 2424 assurgendo,
2867 2371 3006 2426 quos
3046 2358 3225 2428 potius
3252 2360 3550 2429 corrigeret

1965 2442 2313 2513 increpando.
2366 2445 2605 2501 Tandem
2634 2462 2763 2501 vero
2782 2446 3084 2504 dominicus
3112 2450 3361 2519 armiger,
3385 2466 3552 2523 super

1965 2534 2356 2604 incorrigibiles
2383 2538 2601 2592 vibrans
2628 2538 2861 2607 gladium
2894 2537 3125 2605 Domini,
3163 2541 3303 2597 hanc
3330 2553 3551 2598 senten-

1966 2627 2094 2679 tiam
2126 2627 2430 2695 promulgat
2457 2628 2647 2697 spiritu
2672 2637 2733 2683 et
2760 2645 2855 2685 ore
2884 2632 3183 2701 prophetali
3215 2632 3328 2697 :Si,
3354 2635 3546 2705 inquit,

1966 2731 2075 2769 non
2125 2717 2489 2785 acquieseitur
2540 2721 2822 2785 monenti,
2870 2722 3077 2777 credite
3124 2723 3485 2780 interminanti
3528 2764 3549 2792 ,

1964 2806 2090 2875 quia
2117 2822 2254 2877 quos
2289 2808 2580 2877 repudiatis
2605 2809 2805 2866 habere
2833 2811 3084 2882 pacificos
3112 2813 3335 2878 fratres,
3378 2814 3551 2872 habe-

1964 2895 2092 2950 bitis
2112 2896 2431 2951 stcvissimos
2455 2897 2666 2965 hostes;
2694 2911 2754 2954 et
2795 2902 2988 2969 quibus
3015 2901 3269 2958 invidetis
3317 2905 3567 2961 societa-.

1966 2994 2073 3041 tem
2098 2988 2248 3057 regni
2277 2987 2401 3053 Dei,
2429 2989 2496 3044 ab
2526 2991 2626 3045 hac
2653 2991 2760 3045 vita
2787 3002 2845 3046 et
2871 3008 3037 3063 regno
3086 2995 3214 3064 ipsis
3239 2996 3552 3052 debellanti—

1938 3074 1939 3077 “
1965 3077 2065 3134 bus
2083 3080 2234 3134 eritis
2261 3080 2557 3136 auferendi.
2588 3081 2679 3137 Sic
2705 3084 2933 3140 rebelles
2954 3086 3185 3152 veritati,
3211 3088 3548 3157 veriloquum

264 3159 452 3229 piente
481 3179 496 3214 :
529 3161 721 3219 Tollite
745 3166 930 3237 jugum
964 3186 1139 3228 meum
1191 3190 1357 3246 super
1378 3194 1497 3247 vos,
1527 3189 1584 3235 et
1607 3183 1799 3240 discite
1828 3201 1859 3240 a
1891 3179 1936 3241 C
1964 3178 2141 3226 vatem
2190 3173 2403 3227 tandem
2450 3184 2575 3229 διιηι
2634 3178 2861 3246 “Pellio
2914 3188 2936 3217 °
2990 3176 3270 3235 Ροειτθίηο
3313 3197 3549 3254 namque

264 3264 357 3346 me
384 3250 507 3319 quin
538 3254 682 3309 mitis
710 3271 825 3311 sum
852 3269 911 3313 et
939 3261 1155 3321 humilis
1175 3268 1340 3323 corde
1381 3268 1593 3337 (Matth.
1625 3291 1697 3338 χι,
1746 3274 1861 3346 59).

264 3339 348 3395 Ex
383 3342 499 3398 miti
529 3359 657 3416 ergo
687 3357 739 3402 et
760 3350 950 3407 humili
984 3355 1148 3410 corde
1170 3361 1532 3427 cognoscibile
1562 3364 1712 3421 vobis
1737 3339 1862 3433 erit,

262 3431 629 3501 Augustinum
660 3438 846 3507 jugum
877 3441 1088 3505 Domini
1118 3446 1294 3517 ferre,
1322 3460 1379 3506 et
1407 3451 1703 3511 ferentibus
1735 3431 1866 3513 con-

260 3523 621 3582 descendere.
647 3528 709 3583 Si
738 3545 869 3586 vero
895 3531 1151 3591 ferociam
1177 3540 1263 3593 vel
1290 3546 1682 3601 contumaciam
1731 3564 1863 3619 prte-

262 3614 518 3683 tenderit,
549 3622 827 3688 quomodo
874 3640 1000 3681 eum
1049 3628 1144 3684 Dei
1196 3631 1465 3690 hominem
1512 3638 1597 3692 vtl
1638 3639 1707 3695 de
1733 3614 1859 3698 -Deo

263 3723 391 3763 esse
414 3713 726 3768 constabit?
755 3715 861 3771 Illis
903 3728 1079 3775 autem
1110 3722 1267 3792 hujus
1292 3728 1655 3798 intelligentiae
1683 3748 1861 3789 exem-

264 3800 435 3893 plum
500 3806 846 3873 poscentibus
897 3827 911 3863 :
969 3810 1175 3879 Sinite,
1247 3818 1361 3884 ait,
1414 3818 1562 3875 illum
1608 3824 1856 3893 primitus

260 3890 533 3960 synodum
566 3896 798 3963 intrare,
846 3899 891 3953 si
932 3902 1087 3956 vobis
1128 3890 1628 3975 supervenientibus
1678 3930 1857 3971 assur-

259 3982 487 4045 rexerit,
520 3994 581 4039 ut
610 3986 702 4041 Dei
749 3988 951 4046 famulo
981 4008 1292 4052 rewrenter
1321 4000 1610 4071 obaudite;
1642 4007 1685 4060 si
1724 4022 1853 4063 vero

257 4072 551 4131 residendo
576 4093 673 4133 vos
699 4081 849 4136 socio
886 4082 1111 4151 honore,
1143 4102 1264 4143 cum
1294 4092 1410 4148 sitis
1434 4098 1848 4167 numerosiores,

259 4163 520 4233 excipere
536 4172 942 4239 contempserit,
956 4182 1012 4228 et
1026 4173 1141 4243 ipse
1158 4178 1309 4234 vobis
1328 4188 1744 4255 contemptibilis
1759 4163 1846 4250 sit.

334 4254 427 4311 35.
458 4256 551 4313 His
590 4260 660 4314 ad
689 4262 960 4318 interitum
1006 4281 1162 4322 suum
1198 4273 1361 4327 armis
1390 4254 1682 4347 praecincti,
1723 4284 1848 4338 dum

254 4360 444 4402 coram
493 4349 814 4417 adveniunt,
879 4355 1230 4427 Augustinum
1279 4362 1332 4418 in
1382 4368 1673 4440 episcopali
1716 4376 1846 4432 sella

256 4436 619 4508 residentem,
647 4457 747 4497 uec
771 4445 870 4501 sibi
901 4462 1120 4516 prorsus
1148 4465 1516 4523 assurgentem
1545 4436 1840 4523 offendunt.

1967 3270 2244 3332 tempore,
2287 3278 2563 3337 assumpto
2611 3268 2724 3336 jam
2780 3271 2847 3324 ad
2899 3270 3181 3327 Dominum
3229 3272 3542 3342 Augustino,

1964 3356 2292 3424 armipotens
2320 3358 2610 3427 Anglorum
2640 3376 2734 3416 rex
2762 3361 3119 3420 [Ethelfridus
3141 3406 3158 3431 ,
3187 3381 3309 3421 cum
3343 3370 3544 3436 ingenti

1962 3447 2118 3516 copia
2165 3447 2436 3505 civitatem
2467 3452 2761 3520 Legionum
2816 3455 3017 3510 invadit
3057 3472 3195 3527 quae,
3247 3459 3314 3513 ab
3363 3458 3541 3528 Anglis

1962 3539 2105 3611 Lega
2152 3541 2359 3609 Cestra.
2389 3560 2421 3600 a
2467 3544 2772 3603 Britonibus
2818 3557 2997 3603 autem
3044 3551 3243 3608 rectius
3264 3550 3541 3610 Carleziol

1961 3629 1986 3669 ἀ
2019 3647 2379 3703 nuncupatur.
2410 3634 2752 3693 Convenerat
2783 3639 2851 3693 ibi
2881 3643 3096 3708 grandis
3128 3654 3301 3699 cretus
3329 3644 3541 3700 Britan~

1960 3739 2153 3780 norum
2181 3733 2237 3779 et
2265 3726 2606 3783 sacerdotum
2636 3736 2691 3783 et
2737 3733 3126 3787 monachorum
3164 3734 3231 3788 ad
3274 3734 3541 3791 orandum

1955 3823 2144 3870 contra
2176 3816 2318 3885 regis
2348 3818 2644 3886 impetum:
2677 3820 2743 3874 de
2767 3825 3095 3878 monasterio
3120 3834 3299 3879 autem
3335 3824 3545 3881 Bancor

1957 3913 2139 3962 tantus
2167 3917 2284 3962 erat
2309 3924 2587 3978 numerus,
2612 3919 2669 3964 ut
2697 3913 2749 3965 in
2779 3922 2986 3983 septem
3011 3924 3213 3970 turmas
3236 3919 3540 3980 distinctus,

1956 3997 2010 4053 in
2042 3999 2183 4053 nulla
2213 4001 2461 4070 portione
2491 4003 2669 4058 minus
2694 4007 2947 4061 trecentis
2976 4008 3279 4064 hominibus
3309 4011 3539 4069 habere-

1955 4097 2060 4155 tur,
2089 4089 2181 4158 qui
2211 4106 2399 4146 omnes
2424 4092 2608 4148 labore
2636 4109 2890 4151 manuum
2928 4098 3277 4165 victitabant;
3310 4116 3539 4171 quorum

1952 4194 2162 4235 summa
2193 4181 2329 4235 ultra
2350 4181 2457 4237 duo
2484 4184 2645 4239 millia
2675 4187 3013 4243 censebatur.
3047 4189 3111 4243 Hi
3157 4206 3376 4257 omnes,
3411 4208 3537 4248 ora-

1954 4269 2156 4324 tionum
2181 4280 2239 4326 et
2264 4273 2498 4329 triduani
2515 4276 2706 4345 jejunii
2744 4279 2905 4333 armis
2930 4290 3117 4336 contra
3154 4283 3365 4338 hostem
3397 4285 3537 4340 mili-

1950 4365 2165 4430 tabam;
2194 4381 2330 4436 quos
2356 4368 2408 4421 in
2438 4369 2637 4424 tutiore
2665 4370 2787 4427 loco
2808 4374 3136 4443 compositos
3165 4374 3253 4429 ubi
3281 4391 3375 4431 rex
3404 4378 3538 4432 vidit

1948 4465 2004 4509 et
2032 4470 2246 4511 causam
2275 4459 2584 4527 perpendit:
2631 4459 2805 4516 Proh!
2838 4463 3049 4531 inquit,
3095 4476 3282 4519 contra
3313 4482 3412 4522 nos
3449 4469 3535 4524 isti

258 4527 402 4584 Tum
438 4546 568 4587 vero
614 4534 723 4603 ira,
779 4537 1108 4609 indignatio,
1174 4544 1489 4616 despectus,
1546 4556 1845 4627 repudium,
1879 4562 1929 4623 ι)
1952 4547 2141 4603 inermi
2187 4549 2402 4615 dextra,
2436 4552 2528 4606 sed
2558 4562 2764 4607 armata
2797 4527 3042 4610 oratione
3072 4567 3337 4627 pugnant,
3370 4571 3533 4631 atque

258 4618 387 4674 lites
408 4656 424 4682 ,
469 4623 847 4682 contentiones
876 4626 1196 4686 inhorruere
1217 4673 1233 4699 ,
1280 4649 1379 4690 nec
1413 4618 1671 4697 barbarus
1703 4618 1853 4707 furor

152 4752 157 4757 .
255 4709 491 4778 mitigari
522 4720 731 4779 poterat
750 4716 858 4771 ulla
881 4720 1048 4787 patris
1074 4727 1516 4798 mansuetudine;
1544 4747 1645 4789 nec
1674 4738 1847 4795 solum

253 4800 604 4868 patiebantur
637 4803 780 4859 hunc
828 4808 1049 4874 audire,
1095 4827 1283 4870 verum
1331 4820 1493 4875 etiam
1523 4826 1702 4881 omnia
1733 4829 1850 4899 ejus

253 4890 679 4958 praedicamertta
707 4895 944 4954 refutare
972 4904 1150 4958 conati
1173 4915 1299 4962 sunt
1326 4919 1383 4965 et
1407 4912 1671 4971 refellere.
1701 4890 1848 4986 Qnos

335 5010 361 5098 ξ
401 4996 787 5098 gilitnvlf‘iecil
816 5010 1256 5098 dicebantur_ill_i
1301 5023 1689 5084 Comavinrum
1734 5037 1848 5098 agri

250 5073 478 5165 2‘38“.
518 5073 946 5165 Ψὲκέξτηίεὶειὲεειη
1008 5073 1688 5165 ρτονίρείειηῖ’ἐῖεὲίέιὶῖίῖ
1723 5073 1846 5161 ιῖίτίἑ

535 5141 758 5240 ad
935 5141 1107 5240 ‘numi.

575 5226 885 5311 continete,
906 5224 1100 5311 ﬂiufﬂ'c
1122 5269 1137 5292 ,
1185 5224 1293 5311 pro
1334 5224 1842 5311 Augustinum,"in

583 5285 646 5299 ..
723 5289 777 5300 ..
872 5281 917 5305 -,
1004 5297 1014 5308 ,
1125 5281 1136 5292 .
1197 5281 1289 5302 τ--
1347 5281 1745 5311 --μυηπηηηη
1789 5281 1839 5300 ,υ

374 5281 652 5375 ingratior
682 5290 842 5357 ditio,
876 5304 977 5349 sita
1001 5313 1052 5351 ιη
1073 5304 1313 5369 margine
1334 5304 1625 5375 Wigorniae
1655 5328 1839 5371 versus

247 5348 676 5411 Hereslnrdiam.

318 5419 679 5518 “affigi/tor
721 5444 816 5485 seu
868 5433 1079 5518 Bangor
1133 5440 1232 5518 fuit
1277 5445 1682 5518 celeberrimum
1736 5470 1848 5509 am-

248 5488 665 5581 pdissirn.utnque
706 5488 1119 5581 monasterium,
1156 5488 1234 5565 Eii
1736 5488 1850 5581 sive

245 5566 1080 5653 aestuariummaris.Hibernici,
1104 5566 1173 5653 fin
1215 5566 1472 5641 thiéﬁ's't'
1497 5566 1847 5649 (ἐὸῖἱέῖὲῐιῗᾷἆ

249 5630 678 5720 finesflestrite‘,
697 5640 850 5720 cujus
879 5630 1038 5720 modo

243 5708 569 5789 egegitnuns
610 5708 681 5789 ξε)
722 5708 960 5789 Januarii
1002 5718 1070 5772 ad
1110 5722 1272 5776 vitam
1311 5708 1509 5781 sancite
1541 5708 1849 5789 Ea:

243 5773 503 5845 pientis§
526 5775 578 5830 ἓ.
610 5777 960 5849 Appellantur
987 5773 1844 5871 auten—i—Baucnoranu‘rg-‘Buedg,

1959 4636 2012 4691 in
2041 4653 2139 4692 nos
2165 4637 2332 4694 Deum
2362 4656 2515 4696 suum
2544 4644 2690 4697 omni
2735 4657 2906 4712 pugna
2947 4647 3191 4703 acerbius
3222 4651 3532 4718 exagitant;

1955 4725 2095 4782 bane
2122 4729 2558 4796 perniciosiorem
2594 4732 2763 4786 aciem
2810 4735 3037 4802 primum
3066 4738 3216 4793 miles
3244 4741 3447 4809 disjice,
3480 4754 3537 4799 et

1955 4820 2021 4873 ad
2052 4819 2467 4876 internecionem
2491 4823 2629 4879 dele.
2660 4823 2752 4880 liis
2783 4826 3033 4883 defensor
3064 4834 3287 4893 eratcui
3335 4851 3533 4891 nomen

1955 4910 2358 4978 Broitltmailus,
2403 4912 2495 4982 qui
2543 4915 2700 4970 hoste
2732 4916 2974 4974 irruente
3022 4918 3260 4989 fugiens,
3314 4925 3535 4981 relictos

1957 5039 2024 5119 ad
2076 5040 2475 5119 distinctionem
2523 5044 2856 5119 celeberrimi
2907 5052 3214 5106 monasterii
3240 5052 3526 5119 Hiberniae,

1947 5111 2109 5190 etiam
2141 5110 2379 5190 Βαιιςζιοι·
2406 5128 2501 5190 seu
2529 5114 2799 5190 Besae/tor
2825 5119 2950 5173 dicti
2975 5163 2991 5187 ,
3043 5122 3093 5175 in
3142 5137 3250 5190 quo
3282 5110 3384 5181 sub
3413 5110 3539 5179 san;

1945 5189 2034 5234 eto
2062 5180 2340 5247 Comgallo
2369 5183 2468 5237 tria
2495 5185 2660 5239 millia
2691 5180 3080 5245 monachorum
3105 5180 3268 5246 fuisse
3300 5194 3528 5248 traditur

1944 5248 2014 5319 l3
2060 5250 2274 5319 Martii,
2325 5254 2377 5307 in
2425 5254 2533 5308 vita
2582 5256 2753 5310 sancti
2780 5256 3121 5316 Moehasmoci
3153 5277 3247 5315 seu
3295 5261 3527 5317 Pulcha-

1938 5318 2017 5442 {iit
2053 5319 2279 5387 abbatis,
2329 5339 2476 5377 num.
2529 5323 2614 5379 l4.
2646 5324 2879 5382 Consule
2923 5330 3119 5385 ibidem
3146 5338 3330 5386 nastra
3361 5348 3529 5389 anno-

1961 5402 1990 5442 a
2020 5404 2068 5442 ε.

1961 5402 2068 5443 διε.

2027 5473 2046 5497 ε
2079 5459 2450 5535 Cbrouolpgus
2478 5464 2939 5535 Anglosaxonicus
2982 5470 3083 5524 hoc
3132 5469 3329 5525 bellum
3361 5472 3524 5529 refert

1951 5528 2020 5585 ad
2057 5544 2255 5586 annum
2302 5528 2426 5589 607.

2020 5598 2047 5683 ξ
2079 5600 2343 5683 Caerlegio
2372 5606 2488 5683 aliis
2508 5607 2647 5683 ,Aubi
2694 5607 3004 5683 sedes-olim
3055 5610 3529 5683 archiepiscopalis

1950 5667 2049 5751 fuit
2072 5672 2138 5751 ad
2168 5667 2334 5751 iscam
2359 5676 2489 5751 _sive
2512 5667 2709 5751 Oscam
2753 5676 2968 5751 fluvium
3001 5694 3015 5751 ξ
3048 5667 3530 5751 νθτυιηᾋτιήάῖεηίί-

1951 5740 2126 5817 tasad
2167 5741 2463 5817 Meneviam
2504 5748 2759 5817 translata
2801 5746 2899 5800 fuit
2934 5747 3033 5817 sub
3061 5760 3252 5804 sancto
3292 5740 3516 5817 Davide,

1950 5816 2010 5862 ut
2036 5811 2057 5861 1
2081 5810 2273 5878 Martii,
2310 5816 2337 5883 §
2383 5814 2432 5883 l,
2457 5816 2523 5870 ad
2562 5816 2716 5883 hujus
2741 5817 2904 5870 vitam
2942 5816 3278 5874 deduximus.
