4118 6332
550 292 647 347 79‘
1381 288 1683 344 SANCTUS
1724 287 2160 345 AUGUSTINUS
2199 286 2569 343 ANGLORUM
2611 281 3029 347 Al'OSTOi.US.
3763 289 3833 348 80

548 402 810 469 inermes,
850 414 987 471 quos
1025 400 1357 462 defensaret,
1398 400 1586 467 gladiis
1615 401 1880 470 exposuit.
1908 400 1983 454 Ex
2014 415 2136 453 nra-
2167 402 2214 458 A
2245 400 2498 466 victores,
2530 404 2783 473 copiosos
2809 405 3037 475 populos
3066 405 3279 460 Christo
3323 404 3554 479 undique
3582 408 3834 477 acquire-

550 493 754 549 teribus
780 491 925 547 mille
954 490 1166 547 ducenti
1191 491 1343 559 caesi,
1370 492 1748 561 quinquaginta
1777 501 1983 547 tantum
2007 492 2127 561 fuga

548 585 719 655 erepti
749 583 1083 648 referuntur;
1110 593 1217 637 tum
1246 592 1464 636 ceteras
1489 582 1700 651 pcrtida:
1727 582 1927 636 militia;
1948 582 2130 651 copias

546 675 688 744 justa
720 675 941 730 victoris
969 674 1170 729 delevit
1217 673 1544 727 immanitas.
1587 673 1677 728 Sic
1730 688 1858 742 ergo
1892 673 2129 742 perversi

547 776 831 822 senserunt
885 768 936 821 in
990 782 1144 835 paena
1193 780 1290 819 sua
1357 765 1761 833 Augustinum,
1805 766 1963 831 longe
2010 772 2131 834 pnst

547 860 871 932 triumphata
902 859 1075 915 sidera
1109 858 1271 913 luisse
1302 861 1593 914 veridicum
1614 899 1630 922 ,
1676 859 1830 925 cujus
1868 858 2045 911 adhuc
2076 855 2128 908 in

544 966 772 1020 corpore
800 950 956 1020 positi
987 958 1423 1018 contempserant
1469 949 1777 1003 vaticinium
1805 965 1819 1011 ;
1859 947 1999 1017 quod
2027 946 2132 1001 sci-

545 1042 669 1098 licet
698 1043 1092 1096 debellarentur
1121 1042 1189 1096 ab
1218 1042 1403 1109 Anglis
1448 1042 1723 1104 ho-tibus,
1769 1055 1888 1096 cum
1938 1038 2133 1107 quibus

543 1134 595 1187 in
638 1133 850 1187 Christo
904 1148 1093 1201 pacem
1142 1133 1347 1186 nollent
1401 1130 1676 1185 fratribus.

1163 1220 1391 1276 CAPUT
1438 1220 1524 1276 IV.

547 1298 860 1369 Prtedimlio
903 1324 950 1366 et
992 1314 1256 1368 conversio
1316 1332 1407 1380 per
1463 1330 1695 1384 regnum.
1758 1310 1920 1364 Varia
1968 1311 2131 1364 mira-

1277 1408 1417 1459 cuia.

610 1497 699 1551 36.
738 1499 833 1553 Ubi
864 1512 992 1566 ergo
1041 1498 1128 1551 ille
1158 1498 1396 1551 veritatis
1444 1508 1592 1552 vates
1623 1499 1736 1552 inec
1778 1509 1917 1553 mata
1946 1497 2136 1565 impia-

537 1591 801 1645 cahilibus
833 1589 1081 1660 prrcdixit
1112 1589 1449 1651 Britonibus,
1499 1590 1563 1641 ad
1610 1588 1907 1643 Eboracam
1955 1588 2137 1642 civita-

542 1691 672 1745 tem,
707 1689 767 1734 ut
789 1681 1027 1735 omnium
1056 1681 1341 1744 sollicitus,
1375 1690 1453 1734 est
1483 1680 1778 1749 profectus.
1806 1680 2001 1734 Tntnm
2035 1681 2134 1732 iter

2235 494 2357 558 hat;
2404 493 2540 548 adeo
2570 496 2797 559 scilicet,
2825 506 2881 550 ut
2912 496 2963 550 in
2995 497 3083 551 illa
3112 497 3306 552 natalis
3342 497 3552 553 Domini
3579 496 3687 563 die,
3715 515 3836 553 cnn-

2236 583 2383 637 nium
2415 585 2674 639 caelorum
2715 587 3065 641 concentibus
3094 588 3360 641 celebrata
3379 630 3392 653 ,
3425 589 3712 659 plusquam
3736 589 3837 645 do-

2233 690 2349 729 cem
2384 677 2546 729 millia
2583 677 2873 747 Anglorum
2900 720 2915 744 ,
2947 680 3147 748 absque
3176 682 3520 749 parvulorum
3548 697 3612 736 ac
3640 682 3837 737 mulie-

2232 782 2349 821 rum
2383 767 2590 821 intinito
2618 784 2864 837 numero,
2896 770 2948 824 in
2978 769 3140 826 ﬂuvio
3170 772 3263 842 qui
3294 783 3318 809 σι
3351 772 3582 829 Sirarios
3624 774 3837 844 anglice

2231 856 2472 925 dicitur,
2522 870 2935 915 renascerentur
2981 863 3121 919 sacri
3171 863 3508 934 baptismatis
3570 864 3834 930 lavacro,

2233 947 2379 1002 velut
2428 965 2536 1002 uno
2588 951 2828 1006 ecclesiae
2870 962 3028 1022 partu
3079 962 3133 1007 et
3171 964 3343 1008 utero.
3396 953 3497 1021 Qui
3545 955 3613 1009 ad
3663 956 3839 1026 impe-

2233 1037 2371 1091 rium
2420 1037 2582 1093 divini
2631 1040 3019 1110 praeceptoris,
3071 1048 3323 1111 tanquam
3375 1045 3440 1097 ad
3492 1059 3682 1099 vocem
3733 1061 3837 1099 an-

2233 1127 2341 1193 geli
2382 1128 2449 1183 de
2494 1130 2634 1185 emlo
2664 1131 2964 1195 clamantis,
3003 1148 3191 1189 omnes
3222 1135 3422 1204 pariter
3451 1136 3563 1190 bini
3607 1144 3662 1190 et
3702 1136 3835 1201 bini,

2236 1217 2501 1274 minacem
2555 1219 2791 1277 ﬂuminis
2821 1223 3237 1292 profunditatem
3269 1241 3331 1280 ac
3357 1226 3401 1281 si
3428 1226 3657 1282 solidum
3684 1243 3839 1283 catu-

2235 1324 2360 1377 pum
2408 1311 2808 1377 ingtediuntur;
2843 1314 3017 1382 ibique
3049 1315 3101 1367 in
3134 1330 3257 1368 vera
3290 1314 3392 1369 fide
3412 1325 3466 1369 et
3494 1314 3843 1371 confessione

2234 1415 2457 1454 summa:
2474 1401 2697 1455 invicem
2718 1402 3013 1471 Trinitatis,
3030 1404 3165 1458 alter
3185 1404 3252 1459 ab
3274 1404 3464 1469 altero,
3483 1420 3677 1474 aquam
3698 1405 3840 1461 duce

2236 1494 2532 1559 apostolico
2560 1494 2945 1559 benedicente,
2998 1495 3357 1565 baptizantur.
3404 1496 3448 1549 0
3492 1504 3693 1565 quanta
3745 1512 3841 1551 so-

2238 1581 2513 1636 lemnitas!
2545 1593 2805 1651 quantum
2829 1586 3116 1654 gaudium!
3150 1601 3311 1655 quam
3340 1588 3643 1658 jubentium
3688 1603 3844 1659 spec-

2241 1673 2477 1728 taculum
2523 1674 2721 1729 civium
2781 1676 3079 1731 caelestium
3155 1692 3219 1731 ac
3279 1678 3648 1732 terrestrittm!
3714 1685 3839 1732 eum

543 1772 660 1838 ejus
709 1773 813 1826 hoc
865 1772 1146 1838 satagebat
1186 1771 1330 1839 quod
1369 1773 1606 1834 mansio,
1658 1780 1718 1824 ut
1761 1772 1959 1839 utique
1994 1771 2139 1823 viam
2178 1766 2220 1824 Β
2247 1765 2578 1834 capacissimi
2608 1765 2744 1821 alvei
2775 1767 2923 1820 sinus
2966 1775 3129 1821 tanta:
3172 1768 3495 1822 multitudini
3549 1784 3655 1823 non
3691 1766 3841 1823 snfli-

542 1872 748 1917 rectam
800 1871 855 1916 et
902 1861 1111 1930 plebem
1156 1860 1446 1937 perfectam
1494 1870 1708 1930 pararet
1740 1861 1984 1914 Domino.
2016 1859 2133 1913 lbat

540 1968 752 2023 semper
782 1951 945 2023 pedes
1002 1954 1208 2022 absque
1252 1951 1540 2018 vehiculo;
1592 1951 1803 2021 patiens
1850 1951 2132 2014 laborum,

540 2044 674 2114 (qui)
708 2052 764 2098 ut
787 2058 944 2098 verus
974 2043 1174 2096 assecla
1212 2050 1522 2096 sanctorum
1569 2042 1970 2110 apostolorum,
2003 2041 2133 2094 nihil

538 2152 724 2193 secum
756 2138 949 2190 tulerat
976 2136 1028 2189 in
1058 2135 1160 2190 hac
1190 2135 1373 2189 mnitdi
1396 2137 1478 2189 via
1527 2134 1594 2188 de
1640 2134 1935 2203 cupiditate
1982 2150 2135 2188 mun-

544 2230 705 2284 dana.
737 2228 899 2282 Liber
932 2238 988 2281 et
1016 2226 1302 2297 expeditus
1326 2242 1421 2296 per
1448 2227 1825 2281 mandatorum
1849 2226 1942 2280 Dei
1973 2227 2135 2281 semi-

542 2330 624 2375 tas
653 2319 905 2374 currebat
951 2318 1018 2372 ad
1065 2318 1339 2383 cmlestia,
1390 2319 1608 2373 trahens
1656 2334 1837 2373 secum
1884 2318 2134 2386 sequacia

543 2411 775 2479 agmina.
807 2410 1097 2464 Vallabant
1125 2408 1442 2464 IEthereum
1489 2410 1679 2466 ducem
1710 2411 1991 2464 auxiliaria
2018 2427 2138 2464 san-

541 2510 752 2557 ctorum
793 2499 1015 2555 fratrum
1046 2500 1295 2569 collegia,
1327 2515 1450 2555 cum
1498 2501 1830 2557 credentium
1862 2501 2055 2567 turba';
2082 2509 2137 2554 et

541 2609 650 2664 quo
679 2594 888 2660 longius
929 2594 1290 2663 procedebat,
1332 2609 1397 2649 eo
1445 2596 1691 2665 ampliori
1729 2596 2044 2667 sequentia,
2077 2602 2137 2648 ut

540 2686 680 2755 ignis
707 2687 847 2742 vires
876 2686 1106 2755 acquirit
1134 2686 1333 2747 eundo.
1364 2688 1665 2743 crescebat.
1697 2686 1829 2754 Quis
1853 2688 1996 2742 enim
2027 2701 2133 2740 non

541 2775 859 2831 anhelanter
905 2784 1255 2831 concurreret
1302 2776 1368 2831 ad
1400 2786 1510 2832 tam
1556 2779 1641 2848 pia
1664 2779 1934 2833 consortia
1956 2817 1970 2841 ,
2004 2775 2136 2831 nihil

542 2865 610 2922 de
638 2867 836 2919 mundo
898 2874 1091 2934 praeter
1139 2866 1416 2921 hominum
1471 2868 1634 2922 etiam
1696 2868 2134 2939 persequentium

541 2954 769 3009 salutem
799 2954 1182 3022 desiderantia,
1226 2958 1292 3012 ad
1326 2968 1433 3012 tam
1483 2968 1629 3013 certa
1659 2960 1958 3015 cmlestium
2004 2974 2136 3027 gau-

542 3046 756 3101 diorum
804 3047 1112 3115 promissa?
1159 3048 1352 3117 quibus
1401 3049 1559 3103 fidem
1606 3051 1805 3103 dabant
1845 3059 1900 3103 et
1936 3060 2135 3105 sanctae

2238 1870 2363 1911 cere
2391 1855 2694 1923 videretur,
2724 1864 2912 1924 totque
2959 1866 3257 1912 turmarum
3288 1867 3345 1912 et
3373 1859 3644 1926 agminum
3674 1856 3844 1928 gene-

2237 1948 2377 2001 ratio
2402 1948 2554 2016 quasi
2587 1963 2690 2001 una
2722 1947 2900 2017 proles
2931 1950 3085 2003 unius
3115 1949 3351 2019 parentis
3385 1951 3506 2005 alvo
3535 1949 3845 2005 effundere-

2239 2048 2344 2108 tur,
2379 2050 2525 2095 tanta
2554 2041 2836 2108 progenies
2868 2042 2919 2095 in
2955 2042 3153 2096 malum
3195 2041 3263 2096 de
3310 2040 3581 2111 profundo
3616 2042 3844 2112 gurgitis

2237 2133 2576 2187 nasceretur!
2609 2131 2833 2198 Quantis
2857 2143 3104 2187 natatum
3136 2134 3425 2187 luminibus
3445 2143 3572 2189 tunc
3597 2135 3845 2189 omnium

2238 2226 2574 2279 nasccntium
2626 2226 2741 2279 dies
2788 2233 2842 2281 et
2887 2226 3057 2295 gloria
3108 2228 3282 2281 illuxit
3330 2228 3580 2283 nativitas
3601 2225 3840 2282 Christi!

2237 2325 2440 2385 quanta
2471 2315 2654 2369 lmlitia
2683 2331 2872 2371 omnes
2899 2318 3073 2385 angeli
3111 2317 3239 2383 Dei,
3272 2317 3362 2388 qui
3410 2318 3649 2386 gaudent
3676 2332 3846 2387 super

2239 2420 2346 2459 uno
2377 2407 2700 2475 praenitente,
2735 2414 2861 2460 tunc
2890 2408 3233 2462 exsultabant
3268 2423 3431 2477 super
3454 2416 3602 2463 tanto
3647 2408 3846 2462 divinae

2238 2498 2427 2553 messis
2451 2498 2692 2567 germine
2716 2541 2729 2562 ,
2759 2508 3015 2555 canentes
3055 2500 3105 2553 in
3148 2509 3276 2554 nato
3318 2500 3621 2565 salvatore,
3652 2498 3842 2555 Gloria

2239 2589 2351 2644 ι)ιο
2382 2589 2765 2655 ἱηθιιίεείιιιὶς,
2815 2590 2951 2645 etin
3003 2601 3141 2645 terra
3184 2606 3289 2661 pax
3332 2590 3641 2647 hominibus
3682 2592 3843 2647 bona:

2238 2680 2551 2734 voluntatis.

2308 2771 2396 2826 33.
2430 2771 2564 2827 Cum
2590 2772 2782 2842 quibus
2812 2773 3091 2840 omnibus,
3120 2773 3170 2828 id
3210 2781 3295 2829 est
3321 2772 3570 2843 supernis
3601 2771 3836 2840 civibus,

2238 2862 2376 2917 adeo
2398 2863 2739 2918 beatissimus
2760 2879 2894 2934 papa
2932 2864 3221 2931 Gregorius
3270 2863 3752 2932 congratulabatur
3780 2863 3836 2917 in

2237 2954 2441 3024 Spiritu
2466 2964 2681 3023 sancto,
2714 2969 2771 3010 ut
2798 2955 2866 3010 de
2896 2964 3004 3010 tam
3035 2956 3293 3027 praeclaro
3320 2954 3554 3009 ﬁdelium
3583 2968 3835 3020 numero,

2245 3056 2435 3102 sancto
2463 3045 2557 3102 Dei
2614 3048 2809 3115 amico,
2837 3049 3041 3118 pariter
3065 3047 3527 3116 congratulatum,
3556 3044 3843 3114 epistolam

544 3141 971 3195 conversationis
1001 3141 1249 3211 exempla
1275 3181 1291 3208 ,
1322 3152 1377 3195 et
1425 3140 1605 3195 divina
1641 3142 1914 3210 signorum
1939 3142 2135 3208 gratia,
2170 3143 2214 3203 C
2249 3141 2490 3195 mitteret
2517 3140 2879 3196 Alexandrino
2904 3139 3223 3210 patriarchae
3252 3138 3499 3209 Eulogio.
3531 3134 3647 3191 Hoc
3673 3137 3841 3191 etiam

544 3243 600 3288 et
629 3233 956 3288 unanimitas
985 3250 1081 3304 pro
1107 3235 1333 3289 veritate
1366 3234 1501 3289 mori
1546 3244 1754 3305 parata.
1783 3234 1948 3304 igitur
1993 3235 2136 3289 circa

543 3324 677 3379 fines
704 3322 998 3389 Eboracas,
1024 3325 1176 3393 juxta
1199 3325 1300 3379 iter
1330 3340 1439 3394 quo
1467 3326 1879 3380 seminiverbius
1925 3324 2139 3379 Domini

542 3414 828 3479 tendebat,
857 3414 1048 3479 homo,
1081 3422 1197 3468 toto
1225 3430 1456 3482 corpore
1486 3415 1841 3485 paralyticos,
1890 3422 1945 3469 et
1992 3414 2141 3483 ipso—

542 3520 667 3561 rum
695 3504 974 3559 oculorum
1014 3504 1216 3559 lumine
1242 3504 1532 3559 destitutus
1554 3520 1617 3558 ac
1643 3505 1919 3559 mendicus
1939 3546 1954 3570 ,
1979 3518 2142 3559 accu-

545 3596 749 3662 hahat;
805 3594 897 3666 qui
944 3595 1010 3648 ad
1049 3594 1330 3663 strepitum
1378 3596 1749 3664 pra-ttrcuntis
1799 3595 1985 3665 populi
2039 3596 2141 3650 vim

544 3695 821 3755 auctorem
846 3684 1250 3754 percunctando
1280 3684 1523 3748 edoctus,
1556 3686 1760 3740 crebris
1787 3686 1839 3740 in
1893 3695 2140 3742 sanctum

545 3778 715 3833 fertur
733 3777 1056 3832 clamoribus
1080 3794 1093 3829 :
1118 3774 1340 3841 Sancte,
1368 3777 1560 3845 inquit,
1587 3776 1903 3847 Augustine,
1927 3777 2142 3832 famosae

546 3869 760 3941 pietatis
808 3876 911 3923 tua:
956 3868 1234 3937 largitate,
1279 3868 1404 3923 huic
1435 3869 1671 3935 homini,
1711 3886 1888 3926 rerum
1920 3878 1975 3925 et
2001 3869 2141 3925 salu-

547 3961 628 4013 tis
647 3959 850 4027 indiga,
878 3973 1150 4013 succurre.
1202 3958 1280 4012 Ad
1322 3959 1436 4014 lu-c
1477 3959 1921 4016 clementissimus
1969 3967 2139 4029 pater,

546 4066 758 4106 memor
804 4049 1014 4105 Domini
1059 4064 1259 4105 aecum
1309 4051 1362 4106 in
1405 4050 1694 4119 Evangelio
1742 4051 2020 4117 curantis,
2075 4052 2142 4107 ad

550 4142 856 4210 languidum
887 4142 1144 4207 accessit;
1176 4149 1230 4196 et
1252 4156 1385 4196 voce
1413 4142 1677 4196 Dominici
1701 4143 1952 4210 clavigeri
1976 4142 2140 4211 Petri,

549 4246 709 4299 quem
736 4239 797 4285 ut
823 4230 1114 4301 patrimum
1157 4230 1275 4300 (sic)
1308 4231 1670 4285 institutorem
1714 4239 1825 4286 tota
1855 4232 2143 4289 devotione

549 4322 926 4389 mmulabatur,
947 4320 1081 4375 dixit
1105 4338 1118 4374 :
1146 4321 1439 4391 Argentum
1463 4329 1518 4377 et
1538 4337 1727 4376 aurum
1751 4337 1858 4376 non
1880 4331 1964 4377 est
1989 4324 2140 4389 mihi,

550 4413 694 4482 quod
721 4428 901 4468 autem
940 4412 1115 4466 habeo
1160 4411 1261 4466 hoc
1310 4411 1402 4465 tibi
1432 4411 1536 4477 do;
1588 4426 1747 4481 surge
1775 4427 1936 4467 sanus
1962 4414 2015 4468 in
2045 4430 2145 4468 no-

2240 3230 2494 3301 gauiium
2538 3230 2795 3299 praeclaro
2836 3238 3197 3297 exaggerator
3244 3226 3537 3293 miraculo;
3588 3225 3736 3294 quod
3786 3226 3842 3280 in

2240 3329 2388 3375 tanta
2422 3321 2737 3374 irruentium
2779 3320 3055 3373 turbarum
3087 3326 3369 3389 pressura,
3396 3317 3447 3371 in
3482 3326 3589 3371 tam
3622 3316 3841 3372 diverso

2239 3426 2400 3466 sexus
2431 3418 2485 3465 et
2508 3420 2726 3464 aetatum
2764 3418 2926 3480 atque
2955 3409 3287 3463 inﬁrmorum
3336 3407 3671 3472 disrrimine,
3716 3422 3840 3462 cum

2241 3518 2428 3558 omnes
2460 3518 2556 3571 per
2594 3502 2725 3556 illud
2770 3500 3226 3562 intransvadabile
3268 3498 3594 3570 profundum
3643 3498 3844 3553 transi-

2241 3594 2562 3661 rent,uullus
2575 3593 2797 3649 omnino
2812 3592 3175 3663 periit,nullus
3195 3594 3252 3646 Se
3266 3599 3530 3646 arctatum
3550 3587 3635 3643 vel
3650 3587 3837 3644 itesu'tu

2243 3685 2487 3755 planxit;
2518 3684 2612 3740 sed
2634 3699 2823 3739 omnes
2850 3689 3068 3738 renatos
3097 3682 3150 3737 in
3182 3682 3396 3737 Christo
3415 3723 3428 3745 ,
3459 3689 3514 3735 et
3543 3688 3603 3734 ut
3648 3693 3843 3749 greges

2245 3784 2517 3831 tonsarum
2544 3776 2896 3831 ascendentes
2924 3774 2992 3829 de
3015 3774 3231 3828 lavacro
3250 3814 3265 3840 ,
3295 3786 3485 3825 manus
3536 3770 3753 3825 Domini
3787 3770 3843 3823 in

2244 3868 2562 3923 ulteriorem
2590 3867 2760 3937 ripam
2796 3864 3123 3928 transmisit,
3155 3872 3213 3918 ut
3244 3878 3431 3919 omnes
3461 3877 3625 3917 unum
3669 3860 3844 3916 habe—

2245 3967 2363 4015 rent
2392 3968 2448 4014 et
2474 3958 2669 4013 Christi
2699 3965 2754 4012 et
2779 3958 3058 4027 proprium
3087 3955 3140 4010 in
3168 3955 3384 4009 Christo
3408 3953 3606 4007 uitale.
3643 3951 3844 4006 Parum

2254 4050 2384 4116 dixi,
2420 4051 2623 4104 nullum
2652 4048 2723 4104 ibi
2748 4048 2965 4115 ltcsum;
2996 4063 3183 4103 omnes
3207 4047 3392 4115 mgroti
3413 4086 3427 4110 ,
3458 4046 3595 4099 sicut
3635 4059 3846 4099 amma-

2244 4159 2386 4207 rum,
2418 4143 2488 4196 ita
2515 4153 2569 4196 et
2597 4157 2883 4211 corporum
2926 4140 3200 4196 molestias
3226 4140 3279 4193 in
3330 4153 3467 4207 aqua
3498 4128 3838 4206 deposuere;

2246 4244 2302 4289 et
2330 4249 2450 4290 cum
2478 4232 2651 4287 salute
2680 4230 3261 4300 utriusque-hominis,
3309 4236 3368 4283 ut
3416 4227 3646 4298 populus
3679 4225 3844 4282 lsrael

2245 4327 2312 4382 (le
2338 4325 2523 4380 Rnh;o
2564 4322 2697 4377 mari
2724 4321 2806 4375 vel
2838 4323 2904 4377 de
2949 4320 3129 4376 medio
3175 4318 3424 4373 Jordanis
3462 4332 3587 4373 cum
3635 4316 3843 4372 cmlesti

2249 4418 2482 4487 tripudio
2508 4414 2775 4471 candidati
2804 4414 3071 4469 exercitus
3096 4426 3442 4484 processere.
3489 4408 3611 4465 Stat
3657 4409 3846 4464 hacte-

552 4503 712 4577 mine
740 4502 952 4556 Domini
989 4501 1115 4556 Jesu
1157 4500 1351 4556 Christi
1397 4501 1534 4571 (Act.
1567 4516 1645 4567 nt,
1671 4501 1748 4570 6).
1782 4502 1881 4557 Vix
1907 4504 2149 4559 elocutus
2181 4508 2231 4566 D
2254 4526 2354 4573 nus
2384 4508 2435 4562 in
2464 4507 2652 4563 eodem
2682 4507 2802 4561 loco
2823 4505 3084 4568 ecclesia,
3130 4505 3181 4559 in
3213 4504 3376 4572 hujus
3398 4502 3638 4571 praeclari
3667 4502 3846 4571 bapti-

553 4603 689 4659 erat,
723 4602 776 4649 et
800 4585 1053 4658 inﬁrmus,
1076 4594 1167 4662 qui
1187 4608 1245 4648 se
1265 4593 1521 4648 hactenus
1543 4609 1759 4649 movere
1780 4612 1887 4650 non
1916 4604 2145 4666 poterat,

556 4693 704 4737 tanta
735 4684 883 4738 verbi
912 4682 1154 4752 potentia
1187 4693 1406 4739 curatus
1447 4684 1642 4739 exsiliit
1667 4727 1684 4753 ,
1705 4685 1972 4757 simulque
2017 4691 2149 4743 re~i-

556 4771 808 4827 lientibus
846 4771 1123 4827 oculorum
1170 4773 1439 4842 palpebris
1477 4775 1680 4829 clarum
1738 4775 1876 4830 diem
1931 4779 2147 4844 hausit;

558 4861 890 4933 credensque
951 4860 1192 4933 gratiﬁce
1251 4863 1304 4917 in
1366 4880 1524 4933 quem
1582 4867 1909 4937 Augustinum
1971 4872 2152 4925 «lncuit

559 4953 924 5018 Salvatorem,
976 4968 1097 5007 cum
1149 4953 1305 5022 pleno
1349 4958 1589 5025 corporis
1632 4960 1815 5029 vigore
1862 4960 2151 5016 feliciorem

561 5044 752 5098 animae
779 5043 1012 5112 suscepit
1048 5044 1294 5098 salutem.

632 5130 722 5188 57.
764 5132 854 5187 Sic
884 5147 1058 5203 praeco
1103 5132 1331 5199 Domini,
1381 5146 1437 5191 et
1484 5138 1538 5192 in
1584 5140 1947 5209 processione,
1994 5148 2051 5195 et
2100 5140 2153 5195 in

461 5240 471 5249 ·
566 5223 890 5280 Eboracensi
945 5222 1183 5289 civitate,
1237 5235 1291 5280 et
1346 5227 1648 5299 ubicunque
1697 5231 1948 5297 devenit,
2008 5231 2152 5301 quod

564 5316 807 5369 doctrina
840 5313 1136 5382 intonabat,
1169 5317 1545 5387 multiplicibus
1596 5321 1866 5391 signorum
1895 5337 2149 5378 corusca-

567 5406 802 5461 tionibus
848 5404 1201 5464 conﬁrmabat
1242 5426 1255 5461 :
1291 5409 1634 5479 gaudensque
1678 5427 1967 5478 successu,
2014 5415 2154 5470 sicut

567 5499 659 5568 qui
686 5501 930 5558 ltetantur
957 5504 1008 5557 in
1040 5519 1233 5569 messe,
1256 5514 1312 5558 et
1330 5504 1468 5560 sicut
1492 5505 1763 5561 exsultant
1787 5516 1942 5579 capta
1968 5508 2149 5580 praeda

644 5664 669 5690 ι
710 5652 846 5733 Urbs
887 5653 1178 5733 Eboracum
1220 5665 1304 5733 est
1342 5656 1426 5733 ad_
1452 5656 1637 5733 firma
1690 5660 1933 5733 ﬂuvium,
1986 5663 2143 5733 vulgo

575 5721 733 5791 Quae,
762 5726 817 5778 in
844 5740 1002 5794 quem
1032 5727 1166 5782 alius
1193 5728 1366 5782 minor
1396 5726 1586 5783 ibidem
1628 5731 1797 5786 inlluit
1844 5721 2010 5788 Fossa
2036 5721 2146 5805 jain

2256 4609 2353 4655 sta:
2382 4598 2662 4667 Augustini
2694 4599 2900 4653 honore
2925 4607 2982 4651 et
3008 4596 3225 4651 nomine
3245 4594 3460 4649 condita
3489 4608 3553 4647 ac
3572 4592 3841 4657 dedicata,

2256 4706 2376 4760 quae
2406 4698 2567 4745 tautae
2592 4690 2776 4744 salutis
2824 4688 3131 4756 frequentes
3179 4686 3361 4739 turbas
3408 4681 3650 4738 curando
3698 4682 3843 4737 cele-

2257 4784 2487 4839 berrima
2511 4788 2731 4854 prmslat
2758 4778 2971 4833 indicia.
3004 4776 3110 4832 Sed
3162 4784 3218 4832 et
3265 4776 3332 4830 de
3358 4773 3661 4854 supradicta
3690 4786 3844 4841 papas

2258 4850 2594 4943 Gregorii—ad
2622 4871 2901 4939 Eulogium
2948 4867 3174 4938 epistola
3215 4868 3330 4922 haec
3359 4850 3672 4935 subjicitnu's
3720 4863 3842 4918 ti-ici

2258 4967 2425 5035 gtatia
2460 4963 2594 5033 (Lib.
2628 4980 2698 5017 vn
2720 5004 2734 5029 ,
2764 4962 2915 5028 epist.
2944 4960 3057 5031 50).

2323 5056 2412 5111 59.
2458 5056 2668 5111 Gratias
2706 5053 3057 5123 omnipotenti
3086 5050 3316 5105 Domino
3354 5049 3560 5119 agimus
3586 5046 3711 5116 quia
3742 5048 3843 5101 im-

2258 5149 2458 5219 pletum
2491 5148 2541 5200 in
2582 5146 2736 5201 vobis
2782 5144 3027 5199 videmus
3077 5157 3196 5197 esse
3240 5140 3385 5211 quod
3428 5141 3687 5211 scriptum
3736 5147 3838 5206 est;

2257 5239 2348 5293 ubi
2378 5238 2620 5308 plurima:
2643 5243 2853 5305 segetes
2875 5277 2889 5303 ,
2915 5234 2985 5288 ibi
3015 5231 3295 5287 manifesta
3348 5228 3608 5285 fortitudo
3654 5230 3839 5284 boum.

2255 5332 2310 5388 Si
2355 5332 2497 5386 enim
2546 5330 2644 5385 bos
2690 5328 2843 5382 fortis
2888 5334 3127 5381 aratrum
3167 5325 3357 5391 lingua:
3401 5323 3456 5377 in
3483 5332 3625 5376 terra
3661 5321 3841 5376 cordis

2255 5424 2582 5481 audientium
2609 5437 2714 5476 non
2738 5421 3011 5486 traxisset,
3033 5426 3175 5472 tanta
3193 5415 3427 5470 ﬁdelium
3445 5428 3599 5483 seges
3618 5412 3842 5467 minime

2252 5516 2586 5570 surrexisset.
2619 5513 2885 5581 Quoniam
2915 5526 3043 5567 vero
3094 5511 3147 5564 in
3174 5507 3331 5565 bonis
3377 5522 3497 5577 qua:
3540 5503 3697 5573 agitis
3726 5503 3841 5560 seio

2250 5665 2499 5793 gictf,_et
2540 5664 2763 5722 Videtur
2795 5664 2882 5721 hic
2926 5661 3148 5719 Suarios
3192 5657 3316 5714 dici.
3371 5656 3427 5711 ln
3479 5654 3673 5711 Minori
3722 5652 3831 5709 vita

2293 5754 2355 5793 ua
2379 5753 2483 5793 evr.
3202 5775 3229 5793 .

2293 5753 2483 5794 uatew.
3202 5775 3229 5805 .
