4118 6332
261 339 324 393 8|
1501 336 1651 394 γιτΑ
1690 339 1861 396 SANC

1967 340 2350 398 AUGUSTINI.
3465 349 3535 406 82

264 450 409 521 quod
457 451 576 508 aliis
616 448 1215 520 congaudetis,vestra:
1246 450 1400 506 vobis
1446 451 1633 518 gratiae
1679 452 1850 508 vicem
1882 451 1928 511 A
1957 453 2255 521 largitatem
2302 470 2609 512 sermonum
2657 456 2881 526 ambage
2937 460 3247 514 moremur?
3295 456 3536 519 Accessit

264 541 467 606 reddo,
511 550 715 597 etnon
759 540 1035 597 dissimilia
1088 541 1295 595 nuntio.
1374 540 1507 608 Quia
1547 542 1672 596 dum
1722 555 1855 610 gens

266 631 581 701 Anglorum,
614 632 667 685 in
697 632 882 685 mundi
904 631 1099 699 angulo
1128 618 1322 701 posita,
1348 632 1399 685 in
1423 632 1568 687 cultu
1591 633 1855 701 lignorum

265 737 326 777 ac
369 721 608 792 lapidum
650 718 853 791 perﬁda
885 737 1029 777 nunc
1059 736 1229 791 usque
1263 731 1601 789 remaneret,
1645 738 1712 778 ex
1761 738 1855 780 ve-

265 817 390 879 stne
438 810 570 865 mibi
619 811 883 866 orationis
928 811 1195 880 adiutorio
1243 812 1478 883 placuit,
1530 820 1589 868 ut
1637 813 1706 868 ad
1736 828 1856 869 eam

264 905 584 962 monasterii
632 904 738 960 mei
785 904 1140 972 monachum,
1191 905 1501 975 religiosum
1550 921 1613 961 ac
1639 905 1751 961 Deo
1772 906 1855 960 di-

264 1010 430 1065 gnum
490 994 876 1064 Augustinum,
941 994 994 1048 in
1050 994 1436 1064 praedicatione
1490 996 1858 1051 transmittere

266 1095 494 1144 auctore
520 1086 632 1142 Deo
676 1085 1002 1151 debuissem.
1033 1084 1156 1159 Qui,
1200 1084 1324 1142 data
1364 1101 1394 1139 a
1441 1100 1528 1141 me
1554 1085 1793 1152 licentia,
1825 1100 1857 1140 a

267 1186 295 1214 ι
341 1175 761 1231 Germaniarum
808 1174 1079 1244 episcoiiis
1120 1176 1407 1246 episcopus
1456 1175 1629 1231 factus
1668 1216 1685 1241 ,
1734 1191 1855 1230 cum

265 1283 456 1323 eorum
484 1282 702 1338 quoque
745 1266 958 1324 solatiis
986 1266 1054 1326 ad
1082 1266 1389 1337 praedictam
1414 1276 1628 1337 gentem
1668 1267 1722 1321 in
1753 1267 1860 1323 tine

264 1360 452 1424 mundi
482 1360 768 1429 perductus
794 1368 899 1420 est.
942 1358 1009 1414 Et
1033 1358 1144 1428 jam
1174 1375 1319 1415 nunc
1356 1359 1428 1416 de
1463 1360 1580 1430 ejus
1607 1361 1780 1416 salute
1803 1369 1861 1417 et

267 1463 435 1521 opere
462 1449 528 1504 ad
552 1464 653 1504 nos
679 1450 879 1521 scripta
907 1457 1297 1519 pervenerunt,
1341 1452 1468 1520 quia
1494 1451 1656 1507 tantis
1694 1452 1858 1507 mira-

267 1542 401 1603 culis
420 1581 438 1607 ,
460 1541 547 1597 vel
569 1542 717 1612 ipse,
752 1542 839 1597 vel
867 1542 904 1596 ii
926 1542 1015 1609 qui
1045 1557 1169 1597 cum
1196 1556 1262 1597 eo
1290 1542 1590 1597 transmissi
1617 1550 1770 1607 sunt,
1803 1542 1858 1621 in

267 1633 455 1702 eadem
492 1642 654 1703 gente
675 1643 997 1699 coruscant,
1052 1643 1112 1689 ut
1146 1634 1516 1704 apostolorum
1552 1635 1777 1690 virtutes
1804 1636 1858 1691 in

268 1725 432 1793 signis
450 1739 571 1795 quze
590 1726 848 1781 exhibent
875 1726 1070 1780 imitari
1100 1726 1401 1782 videantur.
1425 1727 1484 1782 In
1515 1728 1859 1786 solemnitate

1958 545 2179 614 supplex
2247 545 2554 610 morbidus,
2620 546 2779 617 eique
2824 546 3082 617 prodigus
3143 548 3534 608 benedictionis

1960 632 2204 691 Pontifex
2263 636 2568 703 benedixit;
2617 637 2819 707 sicque,
2864 638 3060 693 Christi
3106 640 3387 707 praesentia
3428 643 3537 698 ani-

1957 730 2132 778 matus
2150 722 2285 777 dixit
2317 741 2330 776 :
2361 722 2417 777 in
2450 724 2660 780 Domini
2686 725 2980 781 Salvatoris
3006 728 3242 792 nomine,
3277 730 3537 787 mundare

1958 810 2027 865 ab
2052 811 2197 866 omni
2227 812 2388 881 lepra:
2429 824 2531 867 ttte
2561 814 2762 869 illuvie.
2814 816 2957 871 Dixit
2984 826 3037 871 et
3066 819 3323 874 continuo
3362 820 3539 877 omnis

1958 902 2233 963 calamitas
2276 904 2443 973 putidi
2473 904 2713 961 humoris
2743 916 2800 961 ut
2826 908 2993 964 nubes
3022 910 3257 977 aufugit;
3292 911 3540 981 cutisque

1958 994 2184 1060 munda,
2215 995 2466 1065 absorpta
2499 1012 2716 1065 prorsus
2745 998 3075 1054 immunditia
3099 1041 3115 1068 ,
3148 1008 3321 1057 totum
3360 1002 3536 1056 homi-

1960 1102 2083 1141 nem
2118 1087 2348 1142 vestivit.
2389 1087 2505 1142 Non
2541 1097 2649 1143 tam
2688 1089 2797 1145 cito
2841 1090 3127 1146 mundatus
3176 1099 3259 1147 est
3300 1091 3539 1151 Naaman

1959 1177 2147 1247 Cyrus,
2178 1192 2337 1245 quem
2367 1186 2524 1233 antea
2554 1180 2755 1249 septies
2782 1180 2944 1235 lavari
2972 1181 3024 1235 in
3052 1179 3285 1237 Jordane
3307 1184 3543 1251 iusserat

1959 1276 2179 1322 curator
2230 1266 2471 1323 Eliszeus.
2521 1269 2718 1325 Verum
2747 1270 3095 1339 Augustinus,
3148 1271 3201 1325 in
3230 1272 3395 1327 verbo
3425 1273 3541 1342 ejus

1959 1359 2050 1427 qui
2080 1357 2213 1412 dixit
2242 1358 2295 1412 in
2323 1356 2631 1427 Evangelia,
2654 1358 2933 1426 Mundare,
2958 1360 3242 1416 velocitate
3266 1361 3543 1432 praevaluit

1962 1446 2150 1516 (Marc.
2185 1465 2223 1514 ι,
2266 1448 2380 1518 Η).
2423 1450 2467 1504 0
2493 1451 2706 1506 beatam
2750 1460 2806 1507 et
2852 1452 3176 1523 locupletem
3222 1452 3277 1507 in
3328 1451 3542 1508 Christo

1960 1540 2239 1610 apostolici
2300 1543 2664 1611 praedicatoris
2710 1545 3052 1614 pauperiem,
3100 1545 3346 1600 omnibus
3386 1553 3545 1600 terra:

1961 1631 2154 1700 opibus
2196 1631 2477 1687 ditiorem!
2505 1631 2549 1687 Ο
2571 1634 2880 1689 thesaurum
2909 1634 3409 1704 opulentissimum,
3450 1620 3555 1689 ubi.

1962 1740 2070 1779 non
2100 1740 2289 1779 aurum
2317 1726 2487 1781 avidis
2522 1728 2858 1793 mortalibus,
2900 1744 3085 1783 verum
3111 1728 3547 1798 iucomparahilis

268 1825 449 1883 autem
493 1815 774 1872 dominicae
812 1816 1112 1874 Nativitatis
1139 1832 1258 1887 quae
1285 1818 1388 1872 hac
1415 1816 1440 1854 ι’
1471 1818 1644 1888 prima
1689 1820 1860 1876 indic-
1893 1826 1941 1889 Β
1967 1829 2099 1870 auro
2119 1816 2350 1884 gratuita
2379 1816 2674 1873 animarum
2704 1826 2761 1872 et
2794 1834 3083 1887 corporum
3124 1817 3414 1875 effunditur
3454 1835 3545 1874 sa-

269 1907 417 1962 tione
443 1914 715 1962 transacta
740 1916 840 1973 est,
868 1908 1147 1978 plusquam
1191 1908 1378 1965 decem
1420 1910 1587 1965 millia
1612 1912 1769 1981 Angli
1795 1913 1863 1967 ab

268 2000 461 2054 eodem
484 1999 726 2054 nuntiata
754 2008 881 2055 sunt
905 2000 1068 2056 fratre
1090 2010 1145 2056 et
1164 2001 1493 2073 coepisc0po
1518 2015 1706 2060 nostro
1729 2005 1865 2075 bap-

272 2087 440 2153 tizati.
464 2087 617 2154 Quod
644 2088 844 2145 idcirco
893 2090 1131 2157 narravi,
1174 2099 1236 2149 ut
1279 2094 1637 2161 cognoscatis,
1664 2093 1791 2163 quid
1812 2095 1867 2150 in

270 2178 636 2233 Alexandrino
688 2178 889 2249 populo
936 2179 1241 2249 loquendo,
1290 2189 1347 2237 et
1390 2181 1517 2250 quid
1575 2182 1629 2237 in
1682 2184 1865 2239 mundi

272 2269 468 2326 finibus
494 2272 650 2339 agitis
674 2272 902 2340 orando.
933 2270 1135 2327 Vestrte
1173 2273 1317 2331 enim
1354 2274 1632 2330 orationes
1656 2290 1782 2330 sunt
1810 2276 1865 2331 in

269 2375 337 2417 eo
369 2361 490 2416 loco
518 2360 607 2423 ubi
634 2377 739 2421 non
775 2364 940 2429 estis;
987 2377 1218 2430 quorum
1268 2365 1618 2433 operationes
1663 2374 1865 2420 sanctae

271 2460 643 2521 monstrantur
672 2452 723 2518 in
752 2467 818 2507 eo
854 2452 977 2509 loco
1008 2454 1094 2509 ubi
1123 2455 1271 2509 estis.
1305 2454 1382 2510 De
1420 2456 1504 2511 bis
1552 2457 1721 2513 etiam
1746 2473 1866 2527 quas

272 2539 607 2610 Francorum
632 2541 900 2612 episcopis
933 2545 1146 2616 scripsit
1177 2547 1319 2600 idem
1364 2563 1503 2617 papa
1556 2548 1861 2617 melliﬂuus,

272 2629 392 2697 hac
419 2646 587 2701 pauca
609 2633 922 2702 excipimus.
952 2632 1101 2689 Sicut
1120 2634 1256 2705 ignis
1277 2651 1409 2703 aura
1435 2635 1598 2693 ﬂante
1621 2638 1677 2692 lit
1702 2652 1865 2709 gran-

271 2720 427 2786 dior,
459 2721 531 2774 ita
562 2720 717 2777 bona:
745 2724 938 2779 mentis
962 2725 1139 2793 studia
1188 2726 1655 2799 commendatione
1700 2728 1866 2800 profi-

271 2805 444 2867 ciunt.
476 2812 588 2880 Qua
619 2815 781 2884 igitur
810 2815 1187 2888 Redemptoris
1225 2819 1395 2883 nostri
1438 2822 1610 2890 gratia
1659 2837 1863 2893 coope-

274 2913 454 2973 rante,
485 2913 634 2965 tanta
661 2908 731 2963 de
757 2908 1055 2979 Anglorum
1080 2918 1240 2979 gente
1283 2914 1350 2966 ad
1380 2914 1688 2970 christiana-
1736 2915 1860 2972 fidei

272 2999 505 3067 gratiam
542 3000 829 3069 multitudo
874 2984 1241 3068 convertitur,
1290 3013 1350 3059 ut
1388 3008 1863 3065 reverentissimus

272 3090 446 3160 frater
494 3099 551 3146 et
595 3093 949 3166 coepiscopus
989 3104 1177 3152 noster
1223 3097 1583 3167 Augustinus,
1631 3116 1730 3158 eos
1768 3103 1862 3173 qui

1970 1905 2073 1962 lus.
2132 1905 2213 1961 An
2260 1904 2412 1962 Cresi
2460 1908 2546 1963 vel
2604 1908 2748 1965 Darii
2799 1908 3018 1967 infinitis
3075 1909 3266 1979 Opibus
3318 1910 3547 1981 sospitas

1968 1997 2197 2052 mercari
2244 2006 2429 2067 posset
2484 1998 2901 2066 languentibus?
2967 1999 3242 2054 Attollitur
3296 2014 3425 2068 ergo
3479 2000 3547 2054 de

1971 2094 2120 2149 tanto
2146 2087 2299 2156 signo
2332 2088 2643 2145 admirantis
2666 2090 2847 2162 populi
2877 2091 3082 2147 clamor
3119 2092 3171 2145 in
3214 2091 3442 2157 malum,
3490 2100 3548 2145 et

1970 2175 2201 2245 undique
2226 2177 2563 2240 concurritur
2588 2178 2654 2231 ad
2700 2177 3019 2247 baptismum
3049 2177 3333 2232 vivilicum.

2040 2266 2127 2321 41.
2160 2266 2251 2322 Sic
2273 2276 2524 2337 operatus
2554 2267 2862 2327 Dominicus
2912 2270 3214 2338 negotiator
3253 2269 3305 2323 in
3338 2268 3548 2331 itinere,

1969 2357 2020 2410 in
2050 2356 2447 2414 Occidentaletn
2502 2358 2569 2413 ab
2612 2359 2911 2428 aquilonari
2959 2360 3111 2430 plaga
3158 2360 3400 2426 divertit;
3445 2375 3551 2414 non

1971 2457 2078 2509 tam
2100 2448 2321 2503 viatoris
2349 2465 2509 2518 quam
2540 2449 2810 2505 venatoris
2855 2458 2948 2504 aut
2975 2451 3199 2522 aucupis
3224 2466 3428 2506 morem
3458 2466 3552 2520 ge-

1968 2553 2123 2604 rens;
2156 2553 2259 2593 non
2289 2548 2397 2593 tam
2421 2539 2678 2595 festinans
2705 2541 2777 2597 'ad
2806 2543 3020 2612 propria
3040 2582 3055 2607 ,
3103 2556 3263 2612 quam
3294 2551 3553 2613 expetens

1966 2631 2236 2687 dominica
2262 2631 2441 2698 lucra;
2473 2633 2584 2689 illic
2632 2635 2853 2689 tendens
2894 2636 3062 2701 retia,
3094 2650 3199 2704 qua
3239 2636 3553 2706 proveniret

1965 2719 2143 2774 divina
2174 2728 2414 2791 captura.
2446 2720 2688 2792 Cumque
2739 2723 3071 2794 provinciam
3095 2765 3110 2791 ,
3159 2736 3281 2793 qua:
3329 2725 3555 2780 Dorsete

1966 2813 2267 2884 appellatur
2288 2855 2305 2882 ,
2333 2814 2631 2883 attigisset,
2665 2824 2721 2871 et
2748 2816 2947 2886 ubique
2993 2824 3053 2871 ut
3078 2815 3300 2886 angelus
3339 2815 3553 2871 Domini

1966 2904 2316 2973 reciperetur,
2348 2905 2615 2975 simulque
2652 2906 2954 2961 auditorum
3002 2905 3105 2961 fide
3150 2922 3285 2977 quos
3312 2914 3556 2973 pasceret

1964 3002 2297 3064 pasceretur,
2344 2995 2531 3059 incidit
2553 2996 2605 3050 in
2627 2997 2913 3066 quamdam
2937 2996 3136 3059 villam,
3170 2995 3313 3050 velut
3345 2996 3397 3050 in
3419 2994 3551 3049 Tar-

1967 3094 2172 3142 taream
2210 3085 2452 3154 Plutonis
2499 3087 2705 3144 sedem.
2761 3087 2834 3142 lbi
2882 3089 3034 3158 plebs
3075 3089 3266 3160 impia,
3318 3088 3556 3143 tenebris

273 3195 459 3241 secum
489 3191 614 3237 sunt
642 3184 709 3238 ad
739 3185 842 3241 hoc
870 3201 1005 3256 opus
1039 3189 1464 3257 exsequendum,
1510 3205 1611 3260 per
1656 3192 1867 3249 diversa
1896 3204 1938 3265 Ο
1972 3178 2081 3232 suis
2125 3186 2396 3241 exeamata
2415 3218 2431 3246 ,
2458 3186 2515 3233 et
2541 3178 2775 3233 divinam
2800 3179 2970 3234 lucem
3001 3194 3197 3245 exosa,
3231 3194 3339 3234 non
3378 3178 3554 3233 solum

274 3273 397 3330 loca
426 3284 632 3330 asserat
653 3291 760 3332 non
791 3292 951 3348 posse
990 3278 1270 3347 suillcere;
1312 3281 1619 3351 aliquantos
1646 3284 1713 3339 ad
1741 3300 1867 3340 eum

273 3366 606 3434 monachos,
651 3383 775 3424 cum
816 3369 1179 3426 dilectissimis
1224 3380 1283 3426 et
1337 3373 1711 3430 communibus
1743 3376 1865 3434 filiis

277 3458 572 3528 Laurentio
601 3461 915 3532 presbytero
937 3471 994 3517 et
1018 3462 1222 3520 Mellito
1265 3464 1488 3529 abbate,
1522 3466 1866 3536 prtevidimus

273 3550 723 3620 transmittendos
752 3551 891 3623 (Lib.
920 3569 994 3621 ιχ,
1025 3556 1175 3625 epist.
1212 3552 1320 3625 52).
1353 3555 1419 3610 Et
1446 3556 1579 3618 ideo.
1615 3556 1866 3616 fraterni-

277 3647 369 3708 tas
392 3647 571 3695 vestra
596 3641 675 3696 eis
695 3642 1035 3711 charitatem,
1061 3660 1219 3713 quam
1240 3646 1413 3713 decet,
1445 3648 1712 3711 exhibeat.
1738 3650 1866 3716 Quae

279 3730 447 3791 etiam
474 3734 584 3801 regi
616 3733 945 3791 Francorum
974 3735 1251 3805 Lothario,
1302 3739 1370 3795 de
1408 3748 1719 3804 sanctorum
1771 3759 1868 3797 su-

278 3823 593 3893 sceptione;
634 3841 751 3895 quze
797 3828 996 3897 regina:
1043 3829 1428 3899 Brunichildai,
1497 3833 1575 3889 de.
1626 3834 1863 3904 ipsorum

279 3911 484 3983 ubique
529 3917 669 3971 notis
708 3917 1008 3985 miraculis,
1058 3922 1316 3989 gratilicis
1374 3924 1590 3994 scriptis
1638 3939 1862 3995 sugges-

278 4004 442 4068 serit,
478 4020 637 4074 quam
686 4008 843 4065 dulce
887 4022 1030 4066 esset
1075 4021 1359 4081 retexere,
1407 4023 1463 4071 et
1500 4017 1653 4072 avida
1700 4033 1864 4075 minu

279 4099 366 4147 tot
394 4096 706 4163 margaritas
733 4106 788 4153 et
817 4099 966 4155 favos
994 4100 1213 4171 legere?
1252 4103 1357 4167 Sed
1388 4105 1867 4177 obtemperantium

277 4192 367 4239 est
385 4185 469 4239 vel
493 4186 757 4245 desidiose
783 4191 870 4245 vel
890 4190 1163 4260 fastidiose
1185 4196 1442 4260 audienti,
1460 4212 1584 4252 cum
1613 4198 1868 4268 pleraque

278 4274 622 4342 reperiantur
649 4278 703 4333 in
748 4280 975 4349 registro
1005 4281 1171 4353 ipsius
1206 4284 1502 4348 beatissimi
1554 4302 1703 4357 papa:
1731 4286 1865 4344 Gre-

279 4366 440 4434 goi'ii.

354 4454 440 4509 40.
489 4455 682 4525 Igitur,
732 4468 790 4525 ut
822 4461 1070 4531 superius
1108 4463 1208 4518 iter
1254 4471 1591 4533 repetamus,
1645 4466 1862 4524 tandem

1970 3266 2156 3329 audire
2204 3268 2462 3336 nequibat
2506 3268 2717 3322 vivillca
2768 3268 3128 3333 documenta,
3186 3284 3373 3324 verum
3441 3277 3555 3325 tota

1970 3358 2317 3414 ludibriorum
2345 3367 2401 3413 et
2426 3357 2836 3429 opprobriorum
2883 3366 3204 3428 tempestate
3251 3360 3303 3413 in
3336 3366 3555 3414 sanctos

1968 3451 2062 3507 Dei
2089 3451 2416 3507 debaccltata
2439 3492 2455 3519 ,
2490 3450 2646 3520 longe
2672 3450 2953 3521 proturbat
2999 3466 3095 3506 eos
3143 3450 3210 3505 ab
3250 3451 3395 3505 omni
3425 3466 3554 3520 pos-

1966 3543 2206 3599 sessione
2233 3558 2363 3609 sua;
2390 3557 2492 3597 nec
2518 3557 2676 3596 manu
2707 3541 3012 3612 pepercisse
3053 3542 3287 3597 creditur
3325 3540 3555 3595 elfrrenis

1968 3634 2215 3689 audacia.
2268 3635 2336 3688 At
2376 3634 2471 3688 Dei
2513 3633 2759 3698 nuntius,
2796 3632 2949 3701 juxta
2979 3631 3303 3687 dominicum
3348 3645 3555 3700 praece-

1967 3710 2114 3795 ptum
2141 3733 2197 3779 et
2217 3724 2585 3796 apostolorum
2627 3723 2963 3793 exemplum,
2991 3738 3220 3777 excusso
3245 3723 3405 3776 etiam
3436 3723 3555 3790 pul-

1967 3829 2095 3869 vere
2118 3811 2316 3883 pedum
2350 3813 2399 3867 in
2424 3827 2542 3881 eos,
2569 3811 2782 3881 dignam
2828 3811 2941 3867 suis
2979 3811 3183 3865 meritis
3230 3811 3550 3865 sententiam

1971 3902 2113 3974 (non
2143 3899 2513 3956 maledicentis
2535 3909 2693 3965 voto,
2725 3898 2814 3968 qui
2855 3898 3092 3953 omnium
3122 3898 3350 3954 salutem
3395 3907 3552 3969 opta-

1966 3993 2077 4061 bat,
2105 3992 2201 4049 sed
2230 3992 2411 4054 divino
2432 3991 2637 4061 judicio
2681 3999 2736 4046 et
2765 3990 2890 4045 Elite
2931 3996 3080 4062 typo)
3109 3991 3382 4047 atrocibus
3417 3990 3553 4061 inje-

1968 4084 2079 4149 cit,
2102 4091 2367 4152 quatenus
2393 4096 2505 4136 sani
2527 4090 2702 4135 torum
2732 4089 3162 4151 contemptores.
3201 4091 3306 4135 tam
3338 4084 3390 4135 in
3423 4082 3552 4151 ipsis

1966 4186 2127 4244 quam
2160 4172 2213 4226 in
2245 4170 2492 4227 omnibus
2537 4170 2768 4241 posteris
2806 4170 2948 4238 suis,
2976 4169 3151 4226 debita
3184 4185 3341 4239 ptena
3368 4170 3553 4225 redar-

1966 4274 2186 4338 gueret,
2202 4266 2294 4337 qui
2314 4265 2433 4319 vita:
2456 4263 2705 4319 mandata
2722 4264 3063 4334 repulissent.
3102 4261 3267 4317 Fama
3295 4271 3396 4325 est.
3423 4263 3547 4319 illos

1965 4355 2400 4422 elfulminandos,
2430 4356 2795 4427 prominentes
2824 4355 3151 4411 marinorum
3173 4354 3397 4425 piscium
3421 4370 3550 4409 cau-

1964 4451 2063 4507 das
2108 4449 2313 4505 sanctis
2360 4447 2711 4519 appendisse;
2760 4454 2816 4502 et
2882 4446 2985 4501 illis
3039 4445 3256 4514 quidem
3321 4444 3547 4515 gloriam

282 4542 585 4611 Evangelus
605 4546 812 4607 Domini
835 4550 1188 4619 Augustinus,
1218 4552 1496 4620 egrediens
1520 4554 1587 4609 ab
1619 4552 1861 4613 Eboraca
1895 4542 2347 4636 “sempiternam
2398 4540 2699 4611 Peperisse.
2764 4540 2815 4636 ill
2886 4555 2946 4636 ὃς
3003 4553 3138 4636 fero
3203 4537 3550 4636 ίβηοῐηίηίληξ

279 4648 405 4689 cum
445 4645 752 4692 sanctorum
797 4639 1066 4701 sociorum
1122 4648 1177 4696 et
1234 4641 1566 4697 assiduaruin
1615 4644 1865 4702 virtutum

274 4726 570 4794 comitatu,
600 4728 811 4801 obviam
859 4732 1076 4802 excepit
1113 4731 1396 4801 quemdam
1445 4732 1743 4802 leprosum,
1786 4737 1866 4790 ul-

274 4829 465 4875 cerasa
487 4831 550 4872 ac
574 4819 852 4887 purulenta
879 4818 1116 4875 foeditate
1145 4821 1523 4876 deformatum.
1563 4822 1863 4880 lnclamitat

274 4904 442 4963 miser
463 4907 853 4964 miserabilibus
894 4911 1170 4979 questibus
1198 4912 1453 4966 ultroneie
1490 4914 1677 4969 salutis
1704 4916 1857 4984 baju-

278 5000 391 5054 lum
417 5001 788 5072 Augustinum.
819 5004 955 5072 Quid
987 5007 1126 5073 dixi,
1160 5007 1497 5063 inclamitat?
1524 5012 1612 5066 cui
1645 5013 1860 5080 pestifer

274 5090 503 5147 morbus
528 5108 718 5150 vocem
767 5096 1074 5165 ademerat,
1119 5098 1206 5152 cui
1253 5097 1440 5153 sibilus
1478 5114 1577 5169 pro
1623 5101 1856 5171 loquela,

272 5181 363 5235 cui
396 5189 631 5238 taratara
662 5200 760 5254 pro
800 5185 1039 5241 clamore
1076 5195 1214 5243 erat.
1255 5187 1369 5243 Non
1410 5189 1643 5257 indiguit,
1685 5192 1859 5247 indice

270 5280 495 5335 curator
541 5273 859 5341 benevolus,
910 5291 1018 5333 non
1065 5278 1231 5334 multa
1276 5294 1437 5349 prece
1488 5296 1623 5352 opus
1671 5281 1860 5337 habuit

269 5362 565 5421 miserator
605 5366 1183 5435 compatientissimus;
1250 5371 1549 5438 angustiam
1615 5372 1852 5440 languidi

269 5452 571 5518 sentiebat,
624 5469 783 5523 quem
820 5455 1062 5522 videbat;
1111 5467 1166 5511 et
1215 5468 1273 5513 ut
1299 5476 1598 5514 ierumnoso
1627 5461 1852 5517 salutem

269 5551 591 5611 operaretur
612 5584 627 5609 ,
676 5544 911 5604 charitas
938 5546 1135 5603 Christi
1165 5550 1407 5618 urgebat.
1459 5549 1594 5616 Quid
1624 5553 1853 5607 celerem

352 5706 375 5733 ⁸
407 5696 530 5771 _|mo
558 5695 893 5771 Galliarum;
914 5698 1028 5771 sed
1052 5708 1272 5771 propter
1316 5701 1549 5757 Francos
1569 5740 1582 5765 ,
1628 5719 1693 5757 ex
1722 5702 1855 5758 Gur-

271 5768 455 5893 :nania
498 5768 774 5827 oriundos.
829 5769 999 5828 Gallia
1052 5768 1167 5828 sub
1201 5769 1488 5828 Germania
1538 5774 1853 5839 contineba-

303 5851 387 5892 nr.

303 5851 387 5892 υτ.

1971 4650 2265 4707 perennem
2312 4632 2619 4696 retorsisse,
2674 4640 2731 4684 ut
2772 4631 2872 4684 hnc
2918 4629 3151 4685 dedecus
3198 4630 3550 4698 degeneranti

1967 4727 2184 4796 generi,
2218 4740 2324 4779 non
2364 4723 2634 4789 innocenti
2686 4730 2740 4776 et
2786 4736 3062 4791 generosa:
3109 4722 3403 4794 imputetur
3449 4738 3547 4793 pa-

1968 4818 2100 4872 trim.

2036 4907 2119 4967 42.
2155 4907 2250 4963 Hic
2271 4907 2413 4962 enim
2442 4905 2797 4975 correptionis
2820 4914 3188 4974 argumentum
3210 4920 3547 4974 consequen-

1965 5012 2045 5058 ter
2072 4998 2491 5065 subnectendum
2540 4998 2778 5064 videtur,
2808 4998 2950 5068 quod
3003 5000 3055 5052 in
3085 4999 3185 5053 alia
3245 5000 3548 5054 incredulo-

1964 5110 2081 5149 rnm
2108 5100 2266 5162 gente
2295 5106 2357 5145 ea
2389 5096 2708 5160 tempestate
2738 5088 2979 5144 salutifer
2999 5088 3325 5158 Augustinus
3351 5105 3544 5158 Opera—

1965 5195 2048 5240 tus
2076 5184 2347 5239 recitatur.
2381 5181 2471 5236 Ille
2511 5195 2725 5252 quoque
2765 5180 3023 5251 populus,
3074 5181 3367 5238 inveterata
3416 5197 3545 5250 pro-

1962 5274 2180 5329 fanitate
2194 5272 2524 5329 daemonibus
2544 5272 2939 5341 incorporatus,
2953 5272 3292 5327 tenebrarum
3311 5270 3543 5339 (amore)

1964 5366 2167 5421 amicos
2210 5364 2278 5418 lui
2298 5365 2341 5418 is
2390 5378 2613 5426 exosus,
2668 5362 2840 5433 quilin
2874 5363 3183 5417 infidelitate
3212 5375 3306 5414 sua
3339 5362 3545 5416 diceret

1965 5457 2113 5511 Deo:
2158 5455 2372 5511 Recede
2416 5470 2447 5509 a
2515 5453 2695 5521 nobis,
2738 5455 3015 5510 scientiam
3082 5453 3285 5507 viarum
3333 5463 3542 5507 tuarum

1962 5548 2242 5615 nolumus,
2274 5555 2484 5616 pactum
2513 5561 2634 5601 cum
2679 5556 2853 5602 morte
2895 5541 3116 5599 fecimus
3157 5542 3294 5614 (ιω.
3354 5559 3543 5611 xxvnt,

2035 5707 2059 5745 δ
2101 5706 2315 5763 Scilicet
2340 5718 2479 5759 anno
2513 5702 2629 5756 59?.
2665 5702 2766 5757 Sed
2795 5699 3037 5755 videntur
3065 5700 3178 5757 haec
3200 5701 3268 5759 de
3300 5702 3541 5758 Cantua-

1965 5777 2216 5835 rieusium
2245 5775 2593 5834 conversione
2620 5771 2795 5843 potius
2824 5770 3180 5841 intelligenda.
