4118 6332
569 336 639 389 83
1410 333 1719 393 SANCTUS
1747 332 2179 392 AUGUSTINUS
2218 333 2594 392 ANGLORUM
2634 298 3050 393 APOSTOLUS.
3772 338 3841 401 8|

565 449 693 524 18),
741 452 1039 522 angelicum
1093 453 1401 519 doctorem,
1460 453 1698 521 angelica
1744 454 2157 510 conversatione
2187 456 2233 511 A
2330 446 2419 502 45.
2468 449 2549 503 Ab
2589 449 2692 505 hoc
2738 463 2867 518 ergo
2912 451 3100 505 simils
3149 451 3300 510 furia
3340 452 3607 525 iustasque
3657 470 3846 515 corre-

569 554 624 600 et
644 545 916 614 signorum
945 544 1252 600 fulminibus
1277 544 1577 603 doctrinam
1598 559 1779 599 veram
1808 545 2151 614 probantem,

568 651 677 690 non
727 635 899 690 solum
952 634 1338 705 repudiabant,
1383 650 1570 689 verum
1630 635 1792 689 etiam
1834 644 1925 689 aut
1966 635 2155 705 gladiis

566 724 836 791 excidere,
868 735 961 781 aut
1002 727 1209 795 ignibus
1246 725 1365 779 vitae
1391 726 1593 780 latores
1633 726 1781 780 vivos
1810 741 2036 780 exurere
2064 741 2153 779 ar-

568 815 788 870 debant.
840 816 1104 885 Quidquid
1152 817 1414 884 benignus
1458 817 1778 886 praedicator
1816 817 2156 871 credentibus

565 906 955 974 policebatur,
1007 906 1082 960 illi
1140 907 1479 976 expuebant;
1535 907 1790 976 quidquid
1838 907 2157 977 prophetico

568 1014 697 1073 typo
725 1002 1185 1068 comminabatur,
1213 1002 1285 1055 illi
1316 1002 1735 1055 subsannabant.
1769 1003 1903 1068 Quid
1945 1003 1997 1057 in
2047 1011 2154 1056 tam

565 1093 984 1161 desperabilibus
1015 1102 1140 1147 tunc
1170 1093 1331 1147 faciat
1371 1092 1459 1147 illa
1491 1093 1602 1148 Deo
1646 1093 1891 1148 amabilis
1915 1093 2157 1147 omnium

566 1185 790 1239 salutem
819 1184 1121 1253 parturiens
1152 1185 1328 1239 anima
1348 1223 1364 1247 ,
1392 1200 1512 1254 qua:
1539 1200 1598 1239 se
1646 1185 1807 1240 etiam
1833 1201 1932 1255 pro
1963 1186 2157 1240 talibus

562 1277 693 1330 dare
718 1275 878 1330 vellet
901 1276 951 1330 in
980 1277 1247 1331 charitate
1275 1279 1570 1346 perpetua?
1610 1287 1664 1333 et
1694 1278 1819 1347 quid
1848 1286 2007 1332 tantm
2036 1278 2155 1333 fidei

569 1365 901 1434 impossibile
948 1374 1005 1420 et
1032 1373 1141 1419 tam
1171 1367 1293 1421 forti
1340 1367 1628 1422 dilectione
1669 1368 1773 1422 erit
1819 1369 2158 1425 invincibile?

563 1455 752 1526 Itaque
800 1455 1114 1525 confugiens
1158 1456 1224 1512 ad
1271 1459 1639 1514 inexhaustam
1683 1458 1880 1514 Christi
1922 1459 2156 1515 clemen-

564 1549 734 1616 tiam,
765 1558 887 1605 orat
916 1557 974 1604 ut
1020 1551 1163 1605 illam
1212 1550 1375 1606 ollam
1426 1550 1710 1606 mundialis
1747 1551 2052 1621 petulantic
2096 1569 2159 1608 ac

570 1642 855 1698 diabolicae.
902 1643 1156 1709 culturze,
1205 1646 1418 1716 qualem
1466 1646 1727 1715 propheta
1771 1645 1901 1700 vidit
1946 1661 1975 1700 a
2023 1644 2156 1701 facie

565 1734 849 1803 Aquilonis
893 1735 1225 1802 ferventem,
1267 1737 1320 1792 in
1368 1737 1509 1805 virga
1564 1737 1730 1793 ferrea
1779 1744 2034 1806 tanquam
2062 1754 2156 1791 vas

2256 540 2451 609 ptiunis
2476 541 2812 605 diverticulo,
2846 551 2905 596 ut
2945 543 3280 627 superiorem
3317 545 3455 601 viam
3484 550 3846 617 peragendam

2253 638 2587 699 repetamus,
2657 631 2978 686 sanctissimi
3044 633 3138 688 Dei
3186 634 3454 691 veredarii
3520 638 3850 707 Augustinus

2254 721 2477 791 ejusque
2520 722 2715 777 sociia
2765 723 3243 795 supramémoratis
3289 726 3692 795 injuriatoribus
3737 732 3850 786 suis

2255 813 2492 883 quinque
2522 814 2801 879 milliariis,
2832 830 2931 884 per
2958 816 3073 871 loca
3102 816 3343 871 solitaria
3383 818 3435 872 in
3464 827 3605 874 terra
3633 821 3849 877 deserta

2255 912 2310 958 et
2341 903 2595 972 inaqnosa
2626 905 2848 973 egressi,
2878 905 3026 973 gravi
3055 907 3144 961 siti
3187 916 3243 961 et
3281 917 3415 963 zestu
3440 911 3541 964 sub
3561 910 3684 966 divo
3713 928 3843 967 con-

2254 1010 2314 1051 se
2333 998 2443 1050 lere
2471 995 2683 1050 defessi.
2709 995 2845 1066 Spes
2872 998 3204 1054 moribundis
3234 1015 3337 1054 una
3366 1000 3581 1066 salutis,
3627 1002 3679 1057 in
3727 1002 3842 1059 Deo

2256 1095 2311 1141 et
2340 1086 2619 1156 Augustini
2647 1090 2733 1142 sui
2785 1090 3008 1144 meritis.
3038 1090 3152 1157 Ille,
3182 1107 3290 1146 non
3320 1100 3427 1146 tam
3458 1109 3557 1163 pro
3571 1109 3650 1157 se,
3682 1109 3848 1164 quam

2257 1192 2356 1247 pro
2387 1176 2642 1232 fratribus
2660 1186 2912 1246 aestuans,
2942 1180 3009 1234 ad
3032 1179 3334 1237 beneficum
3362 1182 3637 1237 dominum
3665 1199 3849 1250 suum,

2258 1268 2310 1321 in
2335 1270 2481 1323 omni
2505 1270 2764 1339 petitione
2786 1286 3001 1341 semper
3019 1284 3323 1343 expertum,
3356 1276 3480 1331 fecit
3517 1292 3639 1333 cum
3666 1279 3848 1333 omni-

2257 1358 2357 1413 bus
2381 1359 2642 1414 orationis
2671 1358 2998 1430 confugium.
3044 1363 3229 1419 Oranti
3265 1365 3444 1435 itaque
3470 1367 3729 1424 Dominus
3752 1367 3847 1425 Je-

2255 1464 2372 1514 sus,
2395 1452 2725 1520 compatiens
2753 1453 2975 1525 martyri
2999 1469 3098 1510 suo
3142 1456 3463 1528 (martyrem
3488 1460 3629 1513 enim
3652 1468 3708 1515 et
3732 1460 3854 1518 sine

2259 1541 2509 1609 passione
2554 1540 2685 1597 facit
2727 1544 2938 1599 animus
2984 1556 3203 1615 paratus
3251 1551 3506 1619 martyrio
3539 1568 3556 1604 :
3586 1551 3856 1624 hujusqtto

2259 1635 2573 1706 martyrium
2602 1646 2740 1704 erat,
2772 1639 2910 1692 inter
2940 1639 3273 1697 insecutores
3302 1645 3510 1713 patiens
3538 1656 3591 1700 et
3620 1646 3854 1716 benigna

2258 1726 2632 1796 conversatio)
2687 1726 2937 1782 ineffabili
2987 1730 3272 1785 clementia
3325 1733 3414 1788 hic
3463 1749 3521 1789 se
3562 1736 3855 1793 ostendere

564 1826 713 1895 ﬁguli
761 1835 1035 1895 conterat;
1083 1837 1176 1883 aut
1218 1828 1360 1883 illam
1426 1844 1655 1884 massam
1699 1844 1794 1883 sua
1845 1826 2061 1885 fornace
2106 1829 2158 1882 in
2193 1815 2347 1874 Best
2373 1816 2650 1888 dignatus,
2698 1820 2885 1890 sicque
2929 1836 3053 1877 eum
3099 1822 3345 1879 familiari
3398 1826 3723 1885 allocutione
3766 1840 3856 1886 est

564 1919 757 1973 melius
795 1926 1095 1990 excoquat,
1126 1926 1181 1973 et
1228 1917 1528 1990 perditione
1574 1917 1767 1988 dignos
1814 1918 2155 1988 correptione

561 2013 792 2069 redimat
837 2013 1067 2083 (Jerem.
1140 2018 1209 2080 ι).
1280 2011 1532 2067 Protinus
1592 2011 1845 2065 inusitato
1893 2011 2157 2081 supplicio

563 2104 853 2174 corripitur
882 2105 1126 2158 universa
1159 2101 1247 2156 illa
1294 2100 1620 2171 conspiratio
1659 2116 2028 2170 perversorum
2051 2144 2067 2169 ,
2096 2108 2155 2155 ut

560 2194 677 2249 sola
724 2196 940 2249 vexatio
970 2194 1174 2247 auditui
1201 2193 1291 2248 det
1320 2193 1671 2247 intellectum.
1719 2192 1922 2246 Ardent
1966 2208 2154 2247 omnes

565 2296 593 2323 ι
643 2286 751 2353 igni
796 2285 1081 2350 invisibili;
1128 2300 1236 2340 non
1285 2286 1426 2340 sicut
1470 2285 1748 2353 quartanis
1796 2283 2031 2339 febribus
2062 2294 2154 2339 aut

562 2377 682 2431 aliis
734 2378 1043 2431 morborum
1112 2376 1375 2432 incendiis
1422 2384 1742 2440 aestuantes,
1789 2375 1911 2440 sed,
1958 2375 2151 2429 mirum

562 2466 709 2522 dictu
738 2475 793 2520 et
818 2466 1062 2521 mirabile
1089 2466 1206 2520 visu
1231 2464 1244 2517 ε
1269 2474 1459 2521 exusta
1481 2475 1605 2520 cute
1630 2474 1686 2521 et
1715 2465 2153 2521 crudescentibus

561 2562 853 2630 carnibus,
910 2561 1320 2632 sanguinolenta
1362 2561 1586 2628 vestigia
1630 2568 1686 2615 et
1733 2558 1935 2614 femora
1989 2574 2151 2615 exesa

560 2655 1006 2711 ostendebantur.
1056 2654 1113 2708 ln
1163 2661 1276 2709 tota
1315 2670 1445 2709 vero
1494 2654 1583 2708 illa
1635 2653 1832 2708 furiosa
1873 2653 2062 2723 plebe,
2095 2661 2152 2707 ut

557 2761 720 2803 nemo
743 2755 859 2801 erat
887 2746 980 2815 qui
1017 2745 1380 2816 resipisceret,
1403 2746 1481 2800 sic
1520 2760 1678 2800 nemo
1703 2753 1819 2799 erat
1843 2746 1931 2814 qui
1957 2744 2151 2799 evade-

559 2844 662 2890 ret.
694 2834 849 2891 IEtas
876 2842 931 2889 et
967 2849 1151 2903 sexus,
1189 2848 1345 2889 senes
1375 2842 1431 2888 et
1473 2833 1731 2888 lactantes
1755 2877 1770 2900 ,
1818 2842 2069 2903 parentes
2097 2843 2151 2888 et

558 2925 753 2992 liberi,
797 2940 902 2981 una
950 2941 1138 2981 omnes
1182 2940 1356 2996 patum
1402 2926 1666 2984 sententia
1732 2924 2146 2995 plectebantur:

563 3018 761 3090 ubique
806 3018 1049 3085 clamor,
1088 3019 1362 3089 gemitus,
1407 3028 1464 3074 et
1516 3019 1747 3075 ululatus
1798 3019 2147 3073 cruciatuum

552 3110 879 3179 iactabatur.
913 3109 1064 3165 Tunc
1117 3110 1333 3165 demum
1384 3109 1671 3165 redeuntes
1711 3110 2149 3180 przcvarieatores

2259 1910 2568 1965 consolatus
2601 1927 2615 1962 :
2646 1911 2982 1976 Confortare,
3014 1913 3087 1967 mi
3113 1916 3255 1970 bone
3298 1932 3454 1971 serve
3483 1926 3538 1972 et
3559 1918 3761 1986 fidelis,
3793 1930 3854 1978 et

2257 2002 2482 2059 viriliter
2508 2019 2608 2075 age
2638 2047 2653 2071 ,
2685 2006 2808 2080 quia
2859 2015 3040 2062 tecum
3078 2024 3197 2063 sum
3234 2009 3490 2066 Dominus
3534 2012 3675 2068 Deus
3703 2022 3853 2080 tuus,

2257 2093 2311 2149 in
2340 2096 2489 2151 omni
2537 2106 2627 2152 tua
2664 2096 2981 2165 effectione;
3046 2109 3102 2155 et
3139 2117 3297 2156 aures
3348 2118 3484 2158 mea:
3545 2104 3612 2159 ad
3662 2121 3856 2175 preces

2256 2193 2395 2251 tuas,
2433 2195 2703 2256 quatenus
2752 2205 2969 2260 semper
3005 2206 3105 2261 pro
3149 2192 3551 2264 quibuscunqne
3606 2197 3852 2266 petieris,

2254 2276 2518 2333 obtineas.
2552 2277 2668 2333 Tibi
2706 2281 2855 2335 enim
2890 2281 3051 2350 ianua
3097 2292 3246 2353 patet
3287 2293 3504 2341 aeternae
3554 2286 3711 2354 vitae,
3758 2289 3854 2344 ubi

2253 2381 2465 2422 mecum
2490 2368 2748 2438 gaudebis
2787 2372 2904 2427 sine
2955 2372 3080 2428 fine.
3129 2374 3298 2429 Tanta
3356 2376 3648 2433 Dominicze
3687 2380 3854 2435 visio~

2253 2461 2335 2515 nis
2388 2467 2444 2516 et
2495 2462 2837 2519 allocutionis
2887 2465 3210 2521 charismata
3262 2476 3373 2522 tota
3428 2470 3853 2539 praecordiorum

2252 2554 2442 2610 beatus
2486 2557 2813 2625 Augustinus
2856 2559 3076 2614 ebibens
3122 2559 3429 2629 ﬂagrantia,
3482 2562 3680 2619 oblitus
3723 2579 3853 2620 cor-

2250 2660 2430 2715 porcas
2476 2647 2619 2711 sitis,
2652 2648 2819 2716 magis
2864 2663 2929 2704 ac
2974 2650 3143 2718 magis
3171 2651 3384 2707 sitiebat
3430 2662 3698 2722 gustatam
3728 2654 3853 2711 dul-

2252 2736 2523 2805 cedinem,
2570 2738 2786 2807 suisque
2828 2738 3076 2811 lacrymis
3122 2750 3397 2808 gratanter
3443 2755 3848 2814 occurrentem,

2253 2828 2591 2885 uberioribus
2620 2829 2832 2887 fletibus
2860 2834 3288 2902 prosequebatur
3312 2836 3620 2892 abeuntem.

2321 2916 2411 2972 44.
2445 2918 2685 2975 Adorans
2715 2935 2844 2974 vero
2866 2921 3093 2987 ibidem,
3122 2925 3472 2994 sentiensque
3492 2927 3565 2980 illi
3596 2926 3717 2983 loco
3745 2928 3844 2984 ubi

2250 3016 2516 3062 steterunt
2541 3010 2729 3079 pedes,
2751 3010 2959 3066 Domini
2980 3027 3211 3083 superna
3236 3014 3494 3070 beneficia
3510 3016 3846 3085 redundare;

2254 3113 2357 3159 nec
2381 3099 2526 3156 illam
2556 3092 2752 3157 terram
2783 3108 2897 3174 pati
2946 3105 3283 3171 ariditatem,
3335 3108 3386 3162 in
3438 3124 3542 3178 qua
3591 3111 3846 3179 apparuit

558 3203 625 3256 ad
673 3218 797 3265 cor,
842 3201 1224 3257 intellexerunt
1262 3200 1390 3271 quid
1452 3200 1555 3256 illis
1605 3200 1841 3256 cwlestia
1884 3201 2147 3270 promissa
2173 3180 2218 3242 C
2251 3189 2371 3248 fons
2399 3194 2552 3261 vitae,
2585 3195 2729 3251 illico
2769 3198 2977 3254 itineris
3003 3199 3254 3255 baculum
3284 3201 3481 3257 ibidem
3510 3202 3700 3258 afllxit.
3731 3204 3845 3261 Nec

556 3292 1023 3347 contemnentibus
1068 3292 1415 3364 propheticus
1456 3292 1786 3361 Augustinus
1824 3294 1894 3347 sit
1923 3292 2146 3348 commi-

556 3392 737 3445 natus.
761 3381 864 3449 Qui
909 3383 1063 3437 simul
1096 3383 1426 3452 conglobati,
1459 3383 1527 3436 ad
1558 3383 1707 3439 illum
1737 3399 1895 3453 quem
1924 3398 2145 3453 spreve-

554 3482 679 3527 rant
697 3483 1045 3538 concurrunt,
1070 3473 1139 3527 ad
1165 3474 1311 3527 illum
1342 3489 1500 3542 quem
1517 3474 1826 3543 repulerant
1847 3472 2144 3542 refugiunt;

554 3564 673 3633 ejus
719 3565 991 3634 vestigiis,
1065 3565 1217 3634 cujus
1287 3580 1474 3635 preces
1533 3574 1588 3620 et
1652 3565 1856 3620 monita
1915 3566 2149 3621 riserant

556 3656 788 3711 luctuosi
834 3655 1219 3721 succumbunt;
1271 3655 1540 3709 lavacrum
1589 3655 1860 3722 salutare,
1887 3654 2030 3724 quod
2052 3670 2148 3711 ex-

554 3757 955 3818 pugnaverant,
1002 3745 1324 3816 efllagitant;
1356 3755 1670 3814 mutatoque
1705 3745 1899 3801 ardore
1947 3746 2145 3816 ptenali

552 3840 608 3895 in
655 3839 902 3894 ardorem
955 3837 1115 3903 fidei,
1155 3852 1345 3892 omnes
1401 3835 1688 3905 implorant
1731 3850 1790 3890 se
1838 3835 1888 3890 in
1931 3833 2147 3890 Christo

553 3928 783 3985 renasci.
813 3927 938 3983 liccc
966 3926 1192 3981 mutatio
1239 3925 1481 3985 dextera:
1519 3923 1754 3990 excelsi;
1802 3939 1901 3979 nec
1923 3934 2149 3995 possunt

550 4021 662 4087 jam
707 4032 825 4073 esse
866 4018 1131 4079 increduli
1175 4019 1471 4087 Augustino
1512 4018 1872 4088 promittenti,
1923 4018 2045 4089 quia
2092 4019 2144 4073 in

554 4106 824 4179 baptismo
845 4119 1295 4175 regenerarentur
1319 4109 1509 4163 mentis
1531 4118 1585 4163 et
1602 4109 1844 4179 corporis
1860 4110 2038 4166 saluti.
2063 4108 2104 4171 Ε
2109 4110 2147 4164 it

555 4216 686 4271 ergo
712 4202 899 4271 ingens
920 4201 1234 4259 solemnitas
1250 4203 1525 4271 cmligenis
1545 4215 1599 4258 et
1620 4204 1921 4274 terrigenis,
1950 4206 2038 4260 ubi
2069 4213 2147 4260 tot

553 4294 719 4349 millia
734 4295 1343 4364 renatorumjunguntur
1354 4295 1558 4350 civibus
1570 4300 1814 4367 supernis
1832 4316 1844 4352 :
1865 4306 2027 4368 utque
2043 4299 2145 4355 hoc

559 4384 867 4454 tripudium,
894 4387 1103 4441 detersa
1128 4387 1270 4441 nube
1300 4387 1542 4441 dolorem
1576 4387 1654 4459 [Ρ.
1687 4388 1979 4460 dolorum],
2000 4406 2145 4445 sere-

561 4476 681 4532 nius
709 4474 990 4545 eﬁu’geat,
1020 4477 1108 4532 ille
1135 4477 1377 4547 putridas
1407 4493 1597 4534 carnes
1621 4478 1882 4533 devorans
1925 4481 2145 4550 pestifer

2250 3297 2423 3348 mora,
2459 3285 2777 3353 purissimus
2806 3288 2926 3343 fons
2974 3290 3122 3345 velut
3172 3291 3276 3346 icta
3304 3308 3441 3347 vena
3470 3294 3698 3361 exsiliit,
3747 3297 3843 3365 qui

2248 3386 2439 3428 omnes
2468 3374 2697 3430 ubertim
2737 3378 2944 3446 refecit,
2976 3390 3030 3435 et
3060 3389 3166 3435 tam
3194 3382 3452 3439 miraculo
3479 3399 3638 3454 quam
3668 3386 3842 3441 salute

2248 3463 2595 3529 exhilaravit;
2642 3475 2805 3537 atque
2830 3471 3023 3526 exinde
3069 3488 3238 3543 usque
3288 3475 3340 3529 in
3382 3486 3732 3546 perpetuum,
3784 3480 3842 3534 in

2247 3568 2435 3610 amnes
2461 3564 2515 3612 et
2541 3558 2746 3615 rivulos
2773 3561 3047 3618 derivatus
3067 3607 3083 3631 ,
3122 3566 3234 3622 bare
3281 3567 3397 3622 loca
3430 3568 3740 3625 habitabilia
3771 3587 3839 3627 ac

2247 3648 2661 3717 populosissima
2700 3653 2846 3708 fecit.
2902 3654 3021 3723 ipse
3064 3673 3195 3713 vero
3243 3657 3454 3714 divinus
3498 3669 3683 3731 pater,
3729 3671 3841 3716 tam

2247 3736 2419 3793 beata:
2465 3743 2939 3813 contemplationis
2984 3761 3205 3817 compos
3229 3788 3244 3813 ,
3293 3749 3358 3803 ad
3387 3759 3640 3804 :cternam
3674 3759 3845 3807 tantae

2246 3831 2430 3900 gratiae
2459 3836 2799 3905 memoriam,
2825 3837 3001 3892 locum
3031 3854 3061 3892 a
3108 3840 3385 3895 cernendo
3428 3841 3593 3903 Deum
3618 3842 3847 3900 Cernite!

2249 3925 2555 3994 appellavit.
2580 3926 2734 3993 Quod
2763 3945 2959 3983 nomen
2984 3947 3051 3987 ex
3077 3931 3247 3991 latino
3277 3934 3596 4003 hebraroque
3617 3935 3838 3992 confec-

2249 4023 2360 4069 tum
2393 4017 2553 4086 (nam
2585 4027 2641 4071 ut
2669 4021 2837 4087 prima
2867 4021 3072 4091 syllaba
3101 4038 3129 4075 a
3178 4025 3465 4088 cernendo,
3501 4026 3669 4079 \ismn
3697 4068 3712 4092 ,
3763 4026 3838 4080 ita

2248 4122 2497 4177 sequens,
2527 4109 2628 4171 Itel,
2657 4108 2825 4173 Deum
2853 4110 3053 4182 sonat)
3082 4111 3440 4167 indelebiliter
3465 4115 3563 4167 sibi
3593 4114 3835 4169 inolevit.

2249 4199 2328 4259 Asl
2355 4200 2458 4254 hoc
2486 4201 2649 4255 etiam
2679 4202 2904 4257 ecclesia
2938 4203 2991 4257 in
3022 4205 3239 4259 nomine
3275 4205 3484 4259 Domini
3520 4205 3841 4277 Salvatoris,

2247 4292 2390 4361 quod
2421 4307 2479 4348 se
2510 4293 2706 4348 ibidem
2738 4295 2981 4349 revelare
3009 4295 3259 4364 dignatus
3285 4306 3390 4364 est,
3422 4313 3523 4351 con
3556 4301 3757 4353 truitur
3785 4308 3841 4359 et

2248 4390 2598 4436 consecratur
2627 4399 2640 4435 :
2669 4397 2733 4437 ac
2779 4382 2974 4439 deinde
3015 4384 3039 4421 lt
3080 4387 3465 4441 monasterium
3490 4428 3504 4450 ,
3546 4388 3656 4457 jam
3710 4390 3841 4444 olim

2249 4470 2303 4527 in
2334 4471 2542 4526 honore
2565 4473 2708 4528 beati
2741 4474 2884 4529 Petri
2911 4477 3141 4555 apostoli
3164 4475 3402 4532 aedificiis
3424 4487 3478 4532 et
3502 4493 3680 4531 rerum
3705 4494 3842 4549 opu-

558 4568 717 4636 ignis,
746 4568 996 4624 omnibus
1023 4570 1175 4638 aquis
1202 4569 1644 4636 inevtinguibilis,
1672 4570 1918 4626 omnibus
1938 4573 2143 4627 artibus

2251 4562 2408 4619 lentia
2439 4563 2811 4633 sublimatum,
2849 4568 3146 4637 conspicuo
3182 4569 3664 4638 impncseritiaruin
3693 4581 3843 4629 coetu

556 4658 997 4727 immedicabilis,
1043 4659 1159 4714 solo
1198 4659 1545 4729 baptismate,
1577 4660 1873 4728 Augustino
1915 4663 2143 4717 interve-

556 4749 768 4813 niente,
818 4749 872 4804 in
928 4750 1189 4805 universis
1236 4750 1309 4804 ibi
1356 4750 1640 4819 baptizatis
1691 4753 2034 4822 extinguitur.
2063 4755 2144 4809 Ab

556 4840 647 4895 illa
676 4854 890 4911 quoque
915 4839 1002 4894 die
1044 4840 1157 4895 hinc
1204 4841 1401 4911 pestis,
1432 4855 1550 4909 quae
1596 4843 1647 4896 in
1680 4843 1798 4896 aliis
1830 4845 1982 4898 terris
2012 4862 2149 4901 non-

558 4949 829 5004 nunquam
874 4945 1180 5004 grassatur,
1210 4934 1505 5006 Augustino
1538 4937 1925 5006 patrocinante,
1970 4953 1999 4991 a
2033 4948 2143 4993 tota

557 5024 662 5080 hac
691 5026 862 5096 patria
912 5026 1320 5081 exterminatur.
1374 5024 1627 5080 Poterant
1658 5036 1784 5081 tunc
1824 5027 1898 5081 illi
1938 5027 2031 5081 Dei
2086 5028 2153 5082 li-

557 5115 695 5170 berti
726 5116 966 5183 gratifice
1005 5117 1241 5172 clamare
1273 5135 1285 5170 :
1318 5115 1429 5171 Nisi
1478 5117 1733 5172 Dominus
1778 5133 1880 5171 nos
1929 5118 2151 5175 liberas-

556 5214 642 5260 set
682 5221 776 5276 per
806 5206 1194 5275 Augustinum,
1224 5216 1318 5261 aut
1343 5207 1672 5274 Augustinus
1701 5222 1798 5276 per
1845 5207 2150 5277 Dominum,

557 5300 708 5366 quasi
765 5299 1000 5355 Sodoma
1045 5300 1129 5355 vel
1169 5298 1467 5356 Gomorrha
1520 5299 1835 5368 fuissemus,
1886 5312 1977 5355 aut
2024 5302 2149 5359 Elim

558 5390 766 5458 ignibus
786 5408 905 5445 cum
940 5392 1408 5462 quinquagenariis
1456 5393 1696 5449 hostibus
1738 5393 1930 5447 merito
1959 5395 2145 5463 periis-

558 5495 671 5535 εγω
680 5498 759 5534 tls.

631 5641 655 5707 ξι
698 5633 773 5688 De
794 5634 905 5707 hoc
932 5636 1052 5707 igne
1088 5652 1241 5692 sacro
1271 5639 1478 5707 egimus
1506 5639 1572 5691 i7
1601 5637 1838 5694 Januarii
1868 5641 1933 5695 ad
1977 5641 2142 5696 mira-

559 5702 677 5779 cula
692 5706 883 5779 fausti
914 5702 1160 5772 Antonii,
1195 5708 1221 5779 §
1272 5702 1321 5779 ir:

632 5771 659 5814 ι’
689 5772 764 5831 De
794 5776 894 5831 hoc
922 5771 1247 5833 monasterio
1275 5778 1608 5836 Ccrneliensi
1629 5781 1868 5841 .consuie
1910 5797 2125 5839 monas-

2249 4653 2415 4723 pollet
2452 4655 2864 4711 monachorum.
2915 4656 3059 4712 Fons
3086 4666 3265 4713 autem
3297 4659 3386 4714 ille
3422 4674 3593 4724 sacer,
3626 4660 3841 4729 Augus-

2249 4745 2345 4799 tini
2378 4744 2825 4801 administratoris
2868 4747 3086 4802 nomine
3125 4749 3469 4814 celebratur;
3518 4766 3624 4803 non
3662 4752 3845 4805 solum

2248 4837 2560 4908 potantibus
2590 4838 2835 4905 praebens
2862 4853 3015 4907 aquae
3044 4855 3199 4893 usum
3226 4882 3245 4907 ,
3291 4841 3384 4894 sed
3416 4841 3577 4902 etiam
3603 4840 3842 4896 diverso-

2250 4945 2369 4985 rum
2397 4929 2711 4983 morborum
2742 4930 3089 4986 credentibus
3116 4930 3412 4986 remedium
3444 4948 3455 4983 :
3490 4930 3637 4985 unde
3669 4946 3843 5001 nuper

2256 5022 2394 5091 gesti
2424 5021 2671 5081 miraculi
2703 5022 2789 5077 hic
2814 5021 3005 5077 damus
3034 5022 3316 5090 indicium,
3358 5023 3502 5091 quod
3535 5021 3607 5075 ibi
3654 5037 3719 5076 ac
3746 5036 3843 5091 per

2254 5112 2422 5182 ipsam
2452 5111 2785 5181 provinciam
2816 5111 2922 5166 late
2950 5112 3184 5175 habetur
3207 5112 3638 5173 celeberrimum.

2322 5202 2415 5259 45.
2444 5202 2536 5257 Est
2559 5201 2885 5257 Cerneliensi
2916 5202 3092 5257 abbati
3144 5203 3506 5265 eruditissimo
3556 5201 3843 5272 presbyter

2250 5298 2630 5370 parochianus,
2664 5298 2755 5369 qui
2784 5297 2984 5368 populo
3013 5297 3190 5351 divina
3232 5297 3407 5351 officia
3452 5297 3508 5350 in
3554 5295 3671 5365 ipso
3721 5309 3841 5349 mo-

2253 5389 2489 5444 nasterio
2513 5403 2676 5457 agere
2702 5395 2785 5444 est
2814 5376 3025 5443 solitus.
3057 5387 3210 5442 llunc
3234 5387 3464 5457 languor
3487 5387 3553 5440 ad
3594 5393 3841 5439 extrema

2247 5480 2586 5551 perductum,
2618 5480 2994 5537 monachicum
3023 5496 3247 5551 poscere
3275 5479 3537 5551 compulit
3569 5477 3838 5532 habitum.

2246 5642 2404 5694 ticum
2428 5641 2801 5712 Anglicanum,
2839 5654 2962 5712 pag.
3019 5636 3126 5691 εὶδὸ
3173 5632 3522 5712 obsequenti.
3567 5631 3738 5712 Datur
3765 5627 3838 5683 ibi

2242 5712 2428 5766 charta
2459 5703 2806 5775 fundationis,
2839 5703 2990 5763 facte
3014 5721 3155 5761 anno
3184 5705 3312 5771 987,
3335 5703 3475 5759 cum
3501 5703 3603 5759 sub
3626 5703 3837 5756 imtium

2240 5791 2380 5837 esset
2406 5781 2766 5839 cretiobiolum
2798 5780 2957 5835 trium
2986 5778 3389 5833 monachorum.
