4118 6332
241 376 314 433 35
1448 368 1603 423 VITA
1662 365 1913 423 suum
1963 367 2344 425 AUGUSTINI.
3433 371 3506 429 se

239 485 561 559 Appositum
586 490 669 540 est
697 483 816 553 ejus
856 483 1022 553 capiti
1068 497 1235 538 sacra:
1270 481 1618 553 professionis
1668 479 1823 534 indu-
1851 486 1899 539 Α
1927 481 2212 537 miserator
2238 484 2561 551 Augustinus
2608 483 2747 540 hanc
2777 486 3047 542 miseriam
3093 488 3177 559 pia
3217 503 3376 557 prece
3400 491 3469 548 ab

239 585 509 638 mentum,
560 575 652 644 qui
681 582 808 629 tunc
848 573 1062 629 demum
1091 572 1156 628 ad
1184 574 1286 629 hnc
1316 572 1662 641 confugeret,
1694 585 1817 626 cum

192 732 197 735 χ
238 684 393 721 mors
425 667 680 731 instaret;
712 667 813 720 hoc
841 676 955 734 est,
997 674 1127 720 tunc
1174 664 1266 718 Dei
1307 673 1633 718 armaturam
1686 662 1821 715 arri-

242 768 433 829 peret,
478 773 601 813 cum
648 758 820 812 hostis
868 757 1161 811 invaderet.
1208 755 1323 809 Nox
1363 763 1499 815 erat,
1532 762 1589 819 et
1624 752 1822 807 fessum

235 863 447 918 (egrum
498 863 719 903 somnus
761 848 1031 919 captabat.
1100 846 1249 900 A-tut
1300 846 1507 913 trepido
1561 845 1825 912 benignus

238 942 608 1011 Augustinus,
648 941 764 1009 ipso
794 926 989 1001 habitu,
1022 947 1077 993 et
1104 939 1246 1005 virga
1292 937 1584 1007 pontilicali
1610 935 1823 1005 conspi-

237 1048 401 1088 cuus.
433 1032 542 1087 Nec
569 1048 698 1087 vero
743 1032 834 1086 diu
863 1032 956 1085 tali
1003 1031 1238 1085 remedia
1282 1029 1543 1096 denegat,
1573 1027 1664 1096 qui
1688 1025 1829 1081 forte

239 1124 423 1178 adhuc
469 1124 713 1199 smculari
770 1124 953 1178 animo
982 1122 1245 1191 degebat;
1290 1121 1521 1175 invitans
1564 1119 1713 1173 illum
1762 1117 1830 1171 ad

240 1213 417 1267 bravii
442 1214 738 1288 cumulum,
793 1214 883 1282 qui
912 1213 1081 1282 gratis
1127 1220 1183 1266 et
1232 1212 1452 1279 ingratis
1494 1211 1831 1269 administrat

240 1304 419 1359 solem
442 1319 623 1370 suum,
647 1313 700 1359 et
727 1319 947 1358 aversos
967 1318 1109 1373 stepe
1136 1312 1355 1357 revocat
1379 1300 1641 1357 beneﬁcio
1664 1301 1832 1369 magis

239 1411 407 1466 quam
437 1396 724 1465 supplicio.
755 1394 983 1451 Refovet
1011 1394 1230 1448 anxium
1261 1395 1381 1465 pius
1410 1393 1718 1448 consolator
1739 1393 1833 1465 tali

243 1489 491 1558 alloquio
518 1505 530 1541 :
559 1488 761 1556 Surge,
795 1488 906 1556 ait,
935 1495 992 1542 et
1018 1486 1084 1541 ad
1117 1486 1321 1542 fontem
1357 1487 1526 1541 sancti
1551 1487 1833 1555 Augusuni

243 1580 475 1649 accede,
504 1581 688 1650 ibique
717 1579 1221 1655 quinquagesimum
1268 1579 1531 1648 psalmum
1578 1580 1722 1633 trino
1749 1593 1835 1633 re-

243 1670 419 1739 petitu
452 1670 708 1734 concine,
739 1679 794 1725 et
832 1670 1173 1724 invocatione
1203 1669 1384 1722 auxilii
1432 1670 1598 1738 ipsius
1628 1669 1834 1737 Augus-

242 1761 344 1837 tini
375 1761 536 1816 tertio
586 1762 639 1815 in
669 1761 863 1821 eodem
910 1760 1060 1816 fonte
1100 1777 1299 1831 corpus
1349 1769 1497 1815 tuum
1536 1762 1730 1816 ablue:
1760 1763 1831 1817 ita

1922 571 2117 635 solvit,
2165 580 2219 626 et
2264 574 2316 627 iu
2348 573 2621 630 Trinitatis
2649 578 2818 645 gratia
2846 579 3106 648 triplicem
3147 579 3504 640 calamitatem

1922 659 2119 729 triplici
2150 663 2427 718 curatione
2455 663 2652 733 abegit.
2686 665 2994 734 Dirignntur
3022 684 3264 738 grestus,
3314 673 3497 727 absol-

1924 749 2068 803 vitur
2090 750 2288 819 lingua,
2315 761 2625 809 reserantur
2639 770 2819 821 aures,
2836 758 3095 823 triformis
3114 775 3255 830 :rger
3280 762 3508 818 triformi

1926 841 2184 909 sospitate
2209 842 2525 909 gratulatur.
2557 842 2603 899 Ia
2622 886 2636 910 ,
2668 850 2862 911 currit,
2899 848 3163 923 loquitur,
3185 851 3335 907 audit
3363 851 3505 907 inof-

1927 930 2105 996 fense,
2134 933 2293 1003 plane
2317 974 2332 998 ,
2384 934 2548 997 clare.
2584 936 2967 994 Verumtamen
3018 941 3180 995 homo
3229 942 3463 997 lubricus
3487 984 3503 1008 ,

1930 1029 2076 1074 tanta
2116 1022 2357 1082 vanitate
2399 1032 2452 1077 et
2500 1024 2821 1092 insolentia,
2871 1037 3095 1100 accepta
3140 1030 3509 1086 incolumitate

1930 1112 2131 1168 abusus
2158 1121 2260 1179 est,
2293 1123 2349 1167 ut
2378 1115 2482 1169 vim
2514 1116 2704 1173 fecisse
2734 1118 2846 1175 Deo
2875 1121 3123 1177 videatur
3153 1122 3506 1193 Augustinus,

1929 1203 2021 1271 qui
2052 1212 2160 1259 tam
2194 1205 2640 1275 indi‘ciplinatum
2672 1210 2832 1264 saluti
2861 1211 3166 1268 donandum
3196 1216 3503 1285 expetierit.

1931 1295 2087 1363 Nam,
2122 1305 2179 1350 ut
2200 1307 2393 1353 caetera
2430 1300 2558 1354 vitia
2611 1301 2843 1357 levitatis
2869 1310 2925 1358 et
2969 1306 3306 1361 scurrilitatis
3347 1305 3512 1375 ipsius

1933 1394 2228 1452 taceamus,
2257 1388 2324 1442 ad
2354 1391 2641 1445 ecclesiam
2670 1390 2913 1457 veniens,
2945 1404 3091 1450 tanta
3116 1398 3429 1465 garrulitate
3459 1406 3514 1452 et

1933 1474 2153 1535 Ia.civia
2176 1478 2383 1545 plebem
2414 1478 2710 1547 alliciebat,
2742 1490 2799 1535 ut
2829 1498 3018 1537 omnes
3042 1499 3139 1538 sua
3171 1484 3515 1554 improbitate

1894 1568 2352 1633 'scandalizaret;
2409 1570 2535 1625 dum
2594 1588 2695 1629 nec
2750 1576 3109 1631 reverentiam
3149 1584 3340 1632 sancto
3396 1577 3515 1633 loco

1935 1667 2151 1733 ageret,
2185 1675 2287 1716 nec
2315 1662 2472 1715 ullius
2519 1664 2874 1732 increpationi
2907 1665 3107 1735 acqnie
3127 1674 3295 1721 ceret.
3327 1666 3416 1721 Sic
3436 1666 3515 1720 in.

1936 1757 2291 1818 temperatum
2339 1750 2517 1817 divina
2551 1753 2942 1809 animadversio
2989 1756 3256 1825 prioribus
3294 1756 3517 1811 vinculis

243 1862 433 1921 ρρηιε
451 1852 557 1905 γεω
576 1852 874 1907 ειωηίιλίθ
890 1852 1113 1922 ponere,
1133 1851 1207 1904 Ne
1225 1867 1326 1923 qua
1347 1866 1473 1907 νει-ο
1488 1849 1830 1921 ρηῃρείιίεηίς
1869 1845 1905 1902 li
1933 1840 2149 1908 gravius
2176 1841 2455 1911 astrinxit,
2483 1851 2537 1898 et
2557 1843 2734 1897 ablata
2760 1844 2935 1900 salute
2961 1860 3081 1915 qua:
3110 1854 3227 1900 erat
3257 1846 3517 1902 indomito

244 1943 597 2012 ambiguitate
615 1983 630 2007 ,
660 1943 831 2012 ipsum
860 1942 1121 2011 scias'tibi
1149 1942 1339 1997 adesse
1359 1951 1415 1997 et
1444 1944 1557 1998 lucc
1576 1942 1827 2015 suadere,

245 2047 348 2104 per
376 2046 538 2102 quem
562 2016 759 2087 debeas
788 2031 1141 2086 revalescere.
1175 2031 1318 2087 Inter
1347 2032 1445 2086 ista
1483 2032 1833 2099 moribundus

246 2106 494 2193 erigitur,
533 2133 793 2193 raptoque
838 2122 1034 2177 baculo
1080 2124 1396 2178 mirantibus
1444 2124 1647 2179 cunctis
1676 2137 1831 2193 egre-

246 2214 412 2267 ditur.
438 2214 733 2286 Videbatur
755 2223 883 2271 tunc
907 2213 1151 2282 vigilibus
1180 2216 1312 2278 sitis,
1339 2214 1486 2268 illum
1510 2215 1836 2277 immini-ntis

248 2305 383 2361 letlti
427 2307 684 2375 prmsngio
710 2306 780 2359 ita
808 2306 1064 2373 oberrare
1091 2324 1101 2358 :
1136 2306 1342 2360 malunt
1363 2316 1538 2361 tamen
1559 2305 1831 2375 subsequi,

246 2408 443 2468 etquo
473 2400 661 2457 tendat
712 2400 1020 2461 observare,
1064 2414 1223 2467 quam
1277 2399 1582 2468 prohibere.
1624 2398 1719 2453 Ille
1766 2397 1845 2452 ad

246 2508 463 2546 sacrum
488 2492 686 2545 fontem
715 2491 965 2555 veniens,
999 2491 1157 2547 tertio
1181 2490 1233 2544 in
1256 2489 1371 2559 ejus
1399 2504 1556 2544 amne
1582 2490 1835 2556 abluitur,

248 2583 417 2638 tertio
455 2582 931 2650 qninquagesimus
972 2582 1207 2651 psalmus
1243 2597 1364 2637 cum
1408 2582 1693 2652 implorato
1722 2583 1834 2638 Au-

247 2672 451 2743 gustini
488 2672 741 2741 squragio
784 2672 1135 2738 decantatur;
1189 2682 1241 2728 et
1271 2682 1394 2728 ante
1420 2674 1690 2744 expletum
1716 2689 1830 2743 prc-

247 2779 375 2819 cunt
419 2764 824 2833 holocaustum,
870 2778 1013 2833 aeger
1050 2779 1109 2819 se
1138 2766 1363 2820 miratur
1387 2766 1562 2821 subita
1610 2766 1839 2822 sanitate

248 2852 320 2911 de
344 2854 561 2909 interitu
588 2855 1156 2930 revocatum.‘l\'empe
1181 2857 1326 2925 quod
1355 2857 1605 2927 antiquus
1634 2859 1838 2912 fecerat

250 2956 477 3017 septena
528 2946 796 3002 lavatione
841 2947 896 3002 in
944 2948 1207 3024 Ieproso,
1228 2949 1332 3003 hoc
1382 2957 1564 3004 noster
1595 2949 1835 3014 Elisxus,

249 3052 473 3101 secutum
499 3037 749 3092 trinitatis
769 3039 1063 3102 confessor,
1084 3038 1326 3093 exhibuit
1348 3040 1484 3094 trina
1505 3041 1841 3111 baptismatis

250 3125 425 3181 fortun
456 3126 739 3181 morituro.
772 3126 1068 3199 Regressus
1098 3141 1247 3197 ergo,
1266 3128 1375 3197 jam
1400 3145 1505 3183 non
1537 3130 1834 3198 languidus,

1936 1930 2002 1984 ad
2032 1931 2319 2000 perniciem
2346 1970 2361 1995 ,
2418 1934 2661 2002 repetitis
2703 1934 2896 2003 majori
2944 1936 3133 1990 dolore
3171 1934 3403 1990 induviis
3422 1935 3515 1990 do-

1936 2021 2071 2075 muit
2094 2038 2106 2073 :
2132 2022 2382 2078 videlicet
2404 2038 2466 2079 os
2491 2024 2639 2079 stulti
2660 2025 2922 2085 ebulliens
2949 2026 3120 2081 stultit
3143 2042 3251 2093 am,
3278 2034 3334 2080 et
3360 2041 3514 2082 aures

1936 2112 2169 2169 intentas
2196 2117 2260 2168 ad
2284 2114 2491 2171 fabulas
2517 2132 2845 2189 omnemque
2874 2120 3167 2184 lasciviam,
3193 2120 3355 2190 pedes
3384 2136 3506 2190 quo-

1936 2221 2042 2275 que
2070 2216 2349 2262 currentes
2373 2208 2439 2263 ad
2467 2210 2844 2279 praecipitium,
2874 2227 3023 2265 a-nea
3067 2213 3222 2267 clave
3250 2213 3522 2267 obstruxit

1937 2303 1995 2349 et
2024 2294 2510 2359 adcontinentiam
2541 2300 2784 2354 retorsit.
2817 2300 3070 2354 Arctatus
3092 2301 3273 2369 itaque
3302 2301 3521 2355 acriori-

1940 2388 2039 2442 bus
2066 2389 2413 2454 cruciatibus,
2443 2389 2509 2445 ad
2535 2392 2811 2447 caelestem
2853 2393 3118 2446 medii-nm
3147 2392 3214 2446 ab
3244 2392 3432 2445 amicis
3467 2400 3525 2445 ct

1938 2483 2181 2551 cognatis
2227 2484 2550 2551 attrahitur;
2599 2486 2881 2553 sanctique
2932 2485 3169 2549 vestigiis
3219 2485 3519 2545 inlurens.
3592 2472 3595 2475 ⁷

1939 2574 2083 2644 quod
2115 2575 2405 2634 obstructis
2429 2577 2610 2633 verbis
2640 2578 2929 2647 nequibat,
2968 2576 3098 2631 diris
3148 2578 3390 2645 suspiriis
3430 2577 3524 2632 dc-

1940 2668 2147 2738 plangit
2172 2686 2185 2721 :
2219 2670 2521 2739 lacrymans
2544 2677 2601 2725 et
2623 2669 2829 2738 ejulans
2859 2670 3066 2724 veniam
3098 2671 3299 2739 poscit,
3343 2670 3521 2737 sospi-

1942 2765 2107 2811 tatrm
2156 2758 2444 2814 indebitam
2475 2768 2796 2829 prtesumpta
2825 2759 3110 2813 clementia
3152 2759 3363 2825 repetit.
3389 2756 3518 2811 Vul-

1942 2860 2201 2911 nerantur
2228 2852 2398 2909 altius
2419 2864 2643 2920 paterna
2693 2852 2898 2906 viscera
2947 2851 3119 2905 aliena
3169 2850 3424 2914 miseria,
3468 2858 3524 2902 et

1942 2958 2066 2998 cum
2096 2943 2477 2999 misericordia:
2500 2945 2680 3014 judice
2709 2946 2944 3000 luctatur
2982 2944 3346 2999 misericordia
3367 2985 3381 3007 ,
3412 2960 3521 3012 qua

1940 3033 2055 3088 sola
2100 3033 2241 3088 solet
2291 3034 2434 3089 vinci
2486 3036 2787 3089 miseratrix
2833 3035 3062 3103 jnstitia.
3107 3034 3250 3090 Inter
3290 3048 3440 3089 reum
3467 3045 3523 3089 et

1943 3123 2109 3189 Deum
2155 3126 2334 3180 obstat
2379 3124 2676 3181 causidicus
2705 3125 3000 3181 mediator:
3029 3126 3153 3182 hinc
3194 3125 3521 3195 puniendum

249 3217 346 3285 sed
377 3226 523 3272 totus
550 3232 735 3287 sospes
757 3217 827 3272 ad
858 3219 1111 3277 lectulum
1129 3221 1410 3296 ,‘suaviter
1438 3222 1734 3291 requievit;
1777 3213 1903 3276 etC
1938 3216 2198 3286 increpat,
2230 3218 2376 3273 illinc
2391 3217 2703 3272 salvandum
2730 3218 2977 3271 intentat.
3007 3217 3361 3274 Confunditur
3396 3234 3520 3274 sce-

250 3311 369 3379 ipso
399 3310 534 3365 lucis
559 3312 875 3380 crepuscqu
904 3313 1288 3367 monasterium
1316 3313 1499 3379 subiit,
1526 3314 1834 3384 populoque

250 3415 318 3454 es
342 3415 491 3454 more
506 3401 795 3456 matutinas
806 3401 1131 3458 decantavit.
1148 3402 1347 3474 Stupor
1367 3406 1553 3475 ingens
1569 3407 1833 3462 etextasis

251 3492 499 3546 abbatem
528 3501 585 3547 et
612 3493 635 3545 f
659 3502 803 3549 atres
826 3509 889 3553 ac
910 3495 1119 3564 plebem
1141 3497 1384 3567 corripit,
1409 3514 1531 3553 cum
1556 3499 1737 3553 lzctitia
1779 3508 1835 3555 et

249 3587 542 3653 gratiarum
566 3585 861 3653 eliusione;
894 3596 954 3643 ut
978 3589 1129 3658 cujus
1160 3592 1415 3659 exequias
1445 3593 1833 3659 pnttslnlﬂbalt-

252 3686 343 3735 tur
364 3679 647 3753 excipere,
666 3679 898 3733 alacrem
922 3688 976 3735 et
1005 3681 1327 3737 incolumem
1350 3682 1591 3737 viderent
1615 3685 1831 3740 solitum

250 3768 484 3829 officium
507 3769 782 3825 exhibere.
811 3769 906 3839 Ille
925 3772 1086 3835 etiam
1118 3772 1316 3841 populo
1343 3776 1587 3843 exposuit
1620 3776 1842 3845 publica.

250 3872 413 3921 voce,
444 3860 674 3929 qualiter
720 3876 818 3930 per
844 3872 1084 3916 sanctum
1115 3864 1469 3931 Augustinum
1516 3874 1735 3928 sanatus
1763 3867 1835 3920 sit

250 3958 359 4003 tam
390 3966 640 4019 propere.

320 4038 411 4094 ιθ.
463 4040 626 4109 Igitur
655 4043 929 4111 angelicas
969 4043 1178 4099 Domini
1229 4045 1438 4113 legatus
1465 4046 1827 4117 Augustinus,

247 4138 309 4183 ut
340 4130 442 4183 iter
463 4130 577 4199 ejus
607 4132 984 4197 terminemus,
1034 4143 1158 4204 post
1204 4135 1361 4205 longa
1389 4145 1543 4192 terra:
1577 4140 1746 4208 spatia
1777 4149 1839 4199 et

249 4236 315 4285 ex
346 4236 533 4289 magna
565 4232 718 4293 parte
748 4235 1078 4293 pererratam
1132 4227 1487 4295 Britanniam,
1520 4241 1642 4300 post
1672 4233 1829 4293 innu-

248 4326 397 4366 mera
424 4312 681 4367 virtutum
712 4322 768 4368 et
794 4314 1242 4372 documentorum
1292 4319 1547 4374 salutaria
1602 4321 1792 4376 solatia
1811 4363 1827 4389 ,

247 4403 313 4457 ad
344 4413 656 4474 perpetuam
686 4405 868 4461 sedem
900 4415 967 4462 et.
994 4410 1329 4464 mansionem
1374 4425 1527 4466 suam
1558 4412 1829 4469 Dorober-

246 4493 411 4560 niam,
443 4509 566 4549 cum
596 4496 689 4550 illo
713 4496 1026 4553 beatissimo
1046 4500 1314 4554 sociorum
1339 4502 1619 4565 comitatu,
1643 4516 1828 4572 regre-

1937 3308 2105 3362 lestus
2130 3308 2197 3361 de
2222 3307 2400 3377 culpa,
2439 3308 2726 3376 corrigitur
2755 3308 3065 3377 pmnitentia
3089 3351 3104 3374 ,
3156 3316 3216 3363 ut
3243 3317 3523 3363 correctus

1938 3398 2190 3455 induatur
2211 3398 2440 3467 justitia,
2464 3399 2784 3469 justilicatus
2813 3401 3053 3471 potiatur
3066 3400 3195 3469 justi
3221 3401 3520 3456 Salvatoris

1937 3491 2128 3557 galia.
2177 3490 2270 3547 Sic
2297 3490 2656 3546 interveniens
2682 3489 3050 3560 Augustinus',
3084 3491 3365 3561 praevaluit
3404 3491 3516 3546 vic-

1939 3584 2097 3645 toria,
2133 3585 2360 3638 extorsit
2381 3600 2501 3639 cum
2524 3584 2691 3639 Jacob
2712 3584 3165 3648 benedictionem,
3188 3600 3309 3639 cum
3333 3582 3519 3655 Moyse

1936 3676 2407 3746 propitiationem,
2456 3685 2510 3731 et
2536 3687 2742 3756 raptam
2788 3692 2817 3729 a
2862 3675 3089 3731 Domino
3119 3677 3292 3730 victor
3319 3676 3516 3730 misero

1935 3753 2234 3836 reportavit
2258 3768 2435 3822 denuo
2459 3753 2796 3837 sospitatem.
2821 3766 2913 3822 Ille
2943 3774 2996 3821 et
3024 3766 3291 3834 gressibus
3318 3773 3374 3819 et
3401 3766 3517 3820 elo-

1935 3857 2062 3925 quin
2105 3865 2160 3910 et
2205 3856 2478 3912 auditione
2521 3858 2840 3912 reformatus
2869 3856 2934 3910 ad
2984 3856 3284 3924 integrum,
3339 3865 3517 3911 cessat

1936 3946 2163 4000 ulterius
2191 3946 2362 4001 aliena
2390 3962 2495 4017 ope
2520 3948 2665 4013 duci,
2697 3955 2872 4002 cessat
2892 3946 3074 4015 digitis
3101 3947 3264 4015 loqui,
3295 3946 3515 4003 desues~

1934 4047 2063 4094 cunt
2091 4046 2146 4093 et
2182 4038 2270 4092 alii
2300 4038 2493 4108 quibus
2528 4039 2693 4094 surdo
2740 4038 3074 4094 satisfaciant
3118 4040 3268 4107 signa
3298 4039 3513 4104 doceri;

1934 4145 2095 4184 sensu
2124 4145 2341 4199 quoque
2393 4130 2574 4185 sanior
2618 4128 2875 4207 redditus,
2907 4130 3101 4186 desinit
3130 4145 3159 4184 a
3190 4130 3514 4185 ventositate

1932 4224 2098 4293 priori
2125 4223 2300 4294 [quod
2329 4222 2513 4277 utilius
2559 4232 2640 4277 est
2672 4238 2931 4293 corporea
2963 4222 3166 4293 salute]
3195 4224 3361 4293 patris
3402 4224 3510 4278 sci-

1934 4313 2059 4367 licet
2104 4313 2381 4381 Augustini
2428 4313 2754 4381 eruditione,
2804 4315 3180 4385 correptione,
3234 4328 3392 4383 prece
3443 4329 3508 4367 ac

1932 4404 2251 4467 Salvatione.

2555 4474 2781 4531 CAPUT
2815 4476 2875 4530 ν.

245 4583 424 4649 diu";
456 4586 547 4641 ubi
576 4598 635 4641 ιη
660 4589 898 4643 omnium
928 4591 1141 4659 genitor
1170 4601 1224 4645 ει
1253 4592 1460 4653 παρίτω..
1493 4609 1556 4649 ac
1584 4568 1826 4659 solis'sui
1861 4589 1910 4649 ι)
2024 4568 2246 4623 Sanctus
2277 4568 2489 4623 Livimts
2518 4570 2804 4638 baptizatus
2826 4579 2873 4621 et
2904 4569 3204 4622 instructus.
3237 4569 3421 4623 Sancti

245 4674 731 4734 desideratissimus
756 4695 1005 4737 recursus
1024 4724 1039 4748 ,
1074 4684 1312 4739 omnium
1342 4683 1528 4739 favore
1553 4694 1609 4740 et
1636 4689 1828 4755 gaudio

244 4763 529 4834 excipitur.

319 4852 403 4908 Π.
437 4854 581 4910 Inter
609 4854 1011 4927 frequentantes
1040 4869 1147 4915 tam
1194 4871 1470 4932 potentem
1518 4874 1823 4922 curatorem

242 4943 498 4999 debilium
531 4948 735 5015 turbas,
764 4948 980 5005 advenit
1002 4952 1233 5019 juvenis,
1270 4954 1494 5022 genibus
1523 4956 1697 5014 nitens
1729 4974 1824 5028 pro

242 5038 499 5108 pedibus,
545 5049 732 5112 utpote
778 5044 925 5113 gravi
956 5052 1304 5117 utrorumque
1334 5050 1528 5118 pedum
1573 5060 1822 5107 contrac-

243 5130 389 5184 tione
427 5138 730 5197 tortuosus,
774 5133 933 5188 simul
978 5134 1140 5189 etiam
1171 5136 1354 5190 auditu
1393 5145 1449 5191 et
1477 5138 1685 5207 loquela
1726 5140 1823 5193 de-

241 5214 489 5283 functus;
518 5221 686 5277 oculis
714 5230 922 5277 tantum
952 5224 1037 5277 via
1070 5226 1313 5295 patebat,
1366 5227 1461 5282 sed
1488 5228 1628 5286 viam
1658 5228 1825 5283 infnr-

240 5307 343 5362 mis
367 5322 584 5377 gressus
613 5314 876 5381 negabat;
916 5329 1036 5382 qute
1069 5323 1279 5384 peteret
1308 5317 1564 5389 videbat,
1597 5321 1690 5374 sed
1717 5336 1822 5391 qua

239 5407 452 5468 peteret
475 5401 828 5458 interventrix'
857 5404 1036 5473 lingua
1061 5406 1369 5463 defecerat:
1400 5412 1675 5479 angustias
1695 5428 1819 5467 suas

239 5497 420 5545 mutus
444 5492 686 5559 tacebat;
710 5495 850 5562 quod
879 5497 1020 5552 scire
1031 5496 1263 5566 juvarct,
1292 5500 1485 5556 surdus
1508 5518 1614 5556 non
1637 5504 1821 5560 audie-

238 5578 368 5645 bat;
400 5588 480 5636 tot
505 5583 629 5637 vitae
656 5584 848 5640 olIlciis
874 5595 1170 5654 carentem,
1218 5589 1330 5643 sive
1357 5591 1669 5646 semivivum
1707 5594 1821 5651 sive

240 5671 645 5728 semimortuum
676 5676 902 5732 dixerim
921 5718 936 5744 ,
993 5686 1118 5735 nota
1144 5680 1464 5737 miserabilis
1488 5691 1587 5739 est.
1623 5684 1818 5741 Verum

2285 4659 2557 4730 Augustini
2586 4659 2752 4714 obitus
2783 4669 2830 4712 et
2856 4660 3140 4728 sepultura.

2001 4767 2091 4823 48,
2138 4768 2255 4823 Jam
2285 4784 2411 4824 vero
2459 4770 2597 4824 inter
2634 4777 2714 4823 tot
2760 4769 3016 4824 virtutum
3074 4770 3337 4838 insignia,
3385 4774 3506 4843 quis

1930 4858 2089 4927 digne
2117 4859 2304 4914 efferat
2344 4860 2476 4912 tanti
2506 4859 2741 4915 doctoris
2768 4860 3055 4929 prmcouia,
3087 4875 3183 4930 per
3210 4876 3369 4929 quem
3397 4877 3506 4918 non

1930 4959 2135 5005 tantum
2166 4950 2499 5006 elleratiores
2528 4967 2691 5007 suave
2737 4951 2933 5006 Christi
2957 4952 3141 5022 jugum
3171 4969 3234 5007 su
3265 4954 3507 5022 cipiunt,

1930 5059 2115 5097 verum
2143 5044 2303 5098 etiam
2334 5043 2505 5098 sancti
2536 5051 2591 5098 et
2620 5044 3004 5112 signipoteutes
3057 5044 3153 5097 viri
3174 5083 3189 5105 .
3220 5045 3380 5097 etiam
3410 5059 3506 5096 an-

1926 5135 2097 5203 gelico
2126 5135 2350 5200 monitu,
2376 5134 2442 5188 ad
2462 5148 2585 5187 eum
2605 5133 2832 5187 mirabili
2851 5133 3067 5187 veniunt
3091 5134 3171 5187 via
3190 5131 3504 5188 erudiendi?

1929 5226 2034 5281 Res
2080 5236 2163 5281 est
2190 5241 2297 5280 non
2338 5225 2624 5296 capitulari
2672 5223 2995 5280 arctitudine
3043 5221 3499 5288 commendanda,

1924 5316 2017 5371 sed
2047 5316 2205 5386 plana
2255 5324 2311 5371 et
2357 5315 2528 5371 lucida
2561 5316 2825 5370 sententia
2866 5315 3206 5385 exponenda.
3255 5312 3504 5379 Legimus

1925 5408 1978 5464 in
2011 5418 2036 5445 ι
2067 5408 2175 5463 vita
2221 5407 2517 5463 beatissimi
2568 5408 2837 5479 pontilicis
2881 5418 2938 5461 et
2980 5406 3234 5475 martyris
3287 5403 3456 5459 Livini
3483 5446 3500 5469 ,

1929 5498 2071 5555 lideli
2124 5508 2432 5555 sanctorum
2480 5500 2747 5553 sociorum
2788 5512 3006 5552 suorum
3036 5495 3504 5551 commendatione

1926 5592 2221 5663 descripta,
2272 5592 2502 5661 qualiter
2554 5593 2667 5662 ipse
2717 5590 3106 5645 dominicorum
3160 5590 3497 5659 negotiorum

1926 5685 2265 5757 dispensator
2311 5682 2648 5740 ﬁdelissimus
2687 5681 3039 5750 Augustinus,
3092 5682 3156 5736 ad
3186 5683 3531 5761 religiosum‘

312 5796 337 5825 ⁸
368 5787 492 5846 Ila-c
543 5789 860 5851 lllustranda
889 5803 1047 5851 erunt
1076 5793 1141 5849 η
1168 5794 1499 5865 Novembris,
1546 5799 1744 5865 scripta
1771 5816 1802 5856 a
1841 5808 2029 5861 sancto
2060 5797 2334 5855 Bonifacio
2362 5796 2764 5867 archiepiscopo
2791 5792 3192 5870 Moguntieusia
