4118 6332
570 296 647 396 ἐτ
1355 336 1662 392 SAMTUS
1704 335 2138 393 AUGUSTINUS
2171 335 2543 393 ANGLURUM
2578 338 2994 396 APUSTOLUS.
3773 348 3844 404 ss

578 469 758 525 regem
791 464 815 492 ἰ
842 453 1039 513 Scotite
1066 452 1459 509 Colomannum
1500 451 1737 507 omnium
1780 451 1938 506 saluti
1968 466 2158 508 consu-
2186 454 2232 510 Α
2267 449 2463 515 tinum;
2494 450 2643 505 venit
2679 451 2925 519 angelico
2954 452 3117 523 ductu
3150 453 3298 507 velut
3327 454 3394 509 ad
3431 454 3659 511 alterum
3685 472 3847 527 ange-

580 548 695 602 lens
714 546 952 612 venerit,
1000 554 1054 601 et
1081 545 1295 601 beatum
1332 542 1572 597 Livinum
1605 550 1732 598 tunc
1774 557 2001 612 puerum
2032 558 2154 597 cum

581 646 765 693 sancto
814 636 1116 693 Monalchio
1147 635 1395 705 poutitice
1441 634 1811 701 baptizaverit,
1864 644 2031 703 utque
2059 649 2156 688 rex

580 736 631 785 et
664 727 846 797 regina
875 728 1131 796 regnique
1160 724 1448 795 Optimates
1472 724 1619 779 illum
1642 740 1674 779 a
1718 723 1866 778 fonte
1894 739 2154 795 suscepe-

580 818 706 873 rint.
752 816 903 872 Tunc
949 819 1166 886 insuper
1229 815 1561 884 baptizatum
1609 814 1803 870 solaris
1850 814 2156 884 splendoris

577 910 827 964 columna
877 925 1056 965 coram
1107 908 1357 963 omnibus
1392 909 1617 975 alluxit,
1668 915 1725 962 et
1769 908 1822 962 in
1868 908 2155 978 splendore

576 1017 743 1057 aurea
786 1000 900 1055 sole
946 1000 1231 1055 micantior
1270 999 1460 1055 dextra
1507 1016 1775 1072 apparens
1802 1008 1884 1055 ter
1924 1016 2153 1071 puerum

575 1094 731 1159 signo
784 1090 957 1145 crucis
1005 1091 1310 1155 benedixit,
1363 1098 1524 1159 atque
1567 1106 1669 1146 vox
1723 1090 1909 1146 coelica
1957 1092 2010 1144 in
2040 1091 2155 1146 hzec

575 1184 738 1238 verba
768 1183 948 1237 sonuit
973 1200 987 1235 :
1021 1183 1256 1237 Dilectus
1284 1183 1393 1238 Deo
1420 1192 1473 1238 et
1503 1184 1831 1249 hominibus,
1861 1183 2017 1253 cujus
2048 1198 2158 1237 me-

572 1274 744 1329 moria
793 1275 849 1329 in
887 1274 1261 1330 benedictione
1306 1283 1407 1329 est.
1440 1273 1576 1331 Hinc
1622 1275 1913 1345 praeclarus
1941 1276 2153 1344 Augus-

570 1369 717 1422 tinus
744 1367 1029 1421 Dominum
1081 1365 1436 1435 glorificavit,
1485 1375 1541 1423 et
1585 1368 1796 1422 cunctis
1817 1366 2151 1438 glorificandi

569 1457 952 1513 documentum
980 1456 1146 1512 dedit.
1190 1456 1399 1513 Interea
1430 1458 1630 1513 sanctis
1660 1459 1783 1513 vitae
1808 1458 2154 1518 incrementis

569 1549 888 1605 adolescens
914 1548 1003 1603 ille
1026 1586 1042 1612 ,
1085 1564 1214 1604 suus
1241 1557 1298 1603 et
1320 1564 1439 1602 :evo
1462 1555 1514 1603 et
1540 1550 1732 1603 merito
1762 1548 1979 1617 ﬁliolus,
2012 1551 2151 1606 adeo

568 1641 797 1696 dilectus
852 1649 971 1695 erat
1010 1639 1126 1707 regi
1172 1648 1230 1693 et
1266 1639 1514 1695 omnibus
1538 1678 1554 1704 ,
1611 1648 1670 1693 ut
1698 1640 1837 1693 tuiro
1865 1639 2060 1696 atlectu
2087 1656 2153 1697 ac

569 1733 821 1805 precibus
844 1748 967 1788 eum
998 1733 1235 1787 retinere
1263 1739 1556 1786 tentarent.
1585 1731 1684 1786 Cui
1727 1733 1934 1786 timenti
1983 1733 2148 1787 retia-

2263 538 2399 603 luut,
2439 539 2505 593 de
2555 539 2745 595 florido
2787 541 2979 596 itinere
3027 541 3093 596 ad
3147 541 3453 612 florigerum
3496 546 3839 614 paradisum,

2258 628 2324 684 de
2361 630 2446 683 via
2500 630 2661 685 maris
2691 631 2756 683 ad
2805 630 3008 685 fontem
3058 632 3402 698 mellilluutn,
3434 633 3503 688 de
3532 634 3845 702 perniciosis

2258 721 2450 791 opibus
2477 720 2541 773 ad
2574 721 3052 790 incorruptibilinm
3078 722 3382 778 divitiarum
3432 724 3844 795 thesaurariunt,

2257 814 2341 866 cui
2369 812 2437 867 de
2465 814 2714 871 cubiculo
2742 816 2853 869 veri
2905 817 3043 884 regis
3090 816 3354 877 inlinitam
3393 818 3724 888 opulentiam
3757 833 3843 873 re-

2256 919 2375 957 rum
2405 913 2460 959 et
2500 906 2995 962 immarcescibilem
3042 907 3492 976 pulchritudinem
3536 910 3839 978 specierum

2256 996 2537 1066 depromat
2559 999 2820 1054 omnium.
2854 1004 2894 1050 υ
2923 1014 3087 1068 quam
3116 1000 3366 1055 festivum
3394 1009 3570 1055 ortum
3600 1010 3685 1056 est
3709 1016 3836 1070 gau-

2255 1087 2398 1140 dium
2438 1096 2546 1143 tam
2594 1087 2852 1157 praecelso
2903 1089 3115 1146 doctori
3160 1099 3468 1146 sanctorum
3494 1130 3511 1157 ,
3551 1092 3639 1146 ubi
3676 1093 3834 1149 talem

2255 1181 2356 1234 sibi
2385 1182 2639 1236 divinitus
2675 1182 3003 1261 destinatum
3035 1185 3248 1254 excepit
3275 1185 3631 1255 discipulum,
3680 1201 3841 1255 quem

2255 1272 2456 1343 Spiritu
2486 1283 2674 1329 sancto
2706 1276 3045 1345 pne-civerat
3065 1286 3373 1345 venturum,
3397 1279 3490 1347 qui
3516 1280 3709 1346 dignus
3727 1290 3842 1335 erat

2254 1364 2512 1432 magister
2540 1365 2809 1419 aliorum?
2857 1365 2963 1420 Sed
3012 1381 3273 1435 generosa
3322 1368 3533 1424 indoles
3573 1368 3781 1434 Livini,
3810 1385 3842 1424 a

2256 1464 2363 1509 tam
2405 1456 2659 1510 divinitus
2704 1456 2964 1525 inspirato
3018 1459 3223 1513 mavult
3278 1459 3486 1514 discere
3532 1461 3839 1530 humiliter,

2253 1549 2397 1619 quod
2426 1557 2613 1619 postea
2643 1549 2838 1605 doceat
2871 1549 3210 1605 ﬁducialiter.
3246 1550 3408 1605 Audit
3438 1551 3587 1606 illum
3608 1594 3623 1620 ,
3673 1553 3763 1622 qui
3790 1554 3842 1607 in

2254 1642 2392 1713 cmlo
2420 1642 2596 1711 posuit
2625 1657 2686 1695 os
2711 1657 2866 1718 suum
2889 1683 2905 1709 ,
2951 1642 3195 1709 angelico
3227 1657 3323 1696 ore
3368 1642 3729 1712 disputantem
3774 1643 3844 1699 de

2255 1732 2463 1788 inﬁnita
2533 1732 2874 1789 multitudine
2929 1741 2986 1788 et
3031 1732 3269 1801 gloriosa
3324 1748 3676 1805 supernarum
3730 1735 3839 1788 vir-

570 1823 691 1877 cula
721 1822 905 1877 mundi
934 1830 989 1877 et
1018 1822 1121 1877 hoc
1142 1837 1307 1891 super
1334 1823 1491 1877 anxie
1522 1821 1821 1887 fluctuanti,
1842 1830 1897 1875 et
1925 1822 2148 1892 angelus
2182 1829 2226 1887 Β
2256 1833 2461 1891 tutum,
2511 1823 2577 1878 de
2608 1823 3102 1893 praecellentissima
3150 1822 3458 1892 apostolicae
3504 1824 3843 1901 sublimitatis

568 1914 707 1968 lucis
733 1912 929 1969 aﬂulsit
945 1955 960 1979 ,
991 1914 1317 1982 pr0pri0que
1337 1928 1460 1968 eum
1483 1913 1698 1967 nomine
1716 1913 1953 1967 salutans
1977 1930 1990 1965 :
2016 1914 2152 1982 Ave,

567 2004 781 2074 inquit,
820 2004 985 2058 frater
1032 2002 1239 2070 Livine,
1287 2003 1472 2059 desine
1502 2004 1777 2071 tribulati,
1806 2011 1861 2059 et
1888 2004 2014 2058 audi
2042 2019 2152 2074 quo

565 2096 765 2150 debeas
785 2094 1072 2150 consolari.
1102 2094 1244 2150 Vade
1266 2095 1391 2155 hinc
1421 2094 1488 2148 ad
1516 2094 1806 2161 Anglorum
1840 2093 2151 2164 pontificem

568 2188 959 2256 Augustinum,
991 2196 1047 2243 et
1085 2188 1152 2242 ab
1181 2203 1247 2243 eo
1278 2187 1494 2258 percipe
1524 2189 1688 2243 totius
1715 2197 1915 2253 saneta:
1941 2189 2152 2245 institu-

566 2279 733 2335 tionis
780 2278 1199 2344 documentum,
1257 2294 1353 2349 per
1406 2294 1587 2349 quem,
1640 2279 1749 2334 Deo
1794 2280 2147 2348 provehente.

565 2385 831 2427 summam
877 2370 1111 2438 attingas
1163 2371 1438 2425 virtutum.
1470 2369 1570 2424 Ast
1614 2368 1824 2425 Domini
1873 2370 2152 2427 confessor

564 2463 825 2518 festinans
858 2461 1117 2530 angelicis
1161 2461 1398 2530 jnssibus
1447 2463 1825 2530 obtemperare
1856 2502 1871 2525 ,
1912 2460 2149 2529 expetita

564 2554 708 2623 regis
735 2552 1048 2608 dimissione
1084 2561 1142 2605 et
1184 2553 1353 2622 ruptis
1382 2551 1649 2617 fautorum
1697 2567 1916 2615 suorum
1946 2551 2148 2605 retina-

564 2644 699 2699 culis
722 2658 821 2698 ceu
849 2642 971 2699 telis
993 2657 1233 2707 araneae,
1289 2658 1412 2697 cum
1446 2643 1613 2697 tribus
1661 2641 1832 2696 beatis
1872 2626 2151 2711 discipulis

562 2735 808 2802 Foilano,
860 2733 1027 2807 Helya
1050 2743 1106 2790 et
1130 2733 1355 2804 Kyliano
1396 2734 1522 2807 [qui
1566 2734 1728 2787 etiam
1780 2732 2149 2791 descriliendis

564 2828 734 2898 ipsius
778 2828 943 2896 gestis
988 2827 1353 2897 probatissimi
1398 2836 1650 2882 auctores
1689 2823 1970 2895 claruere']
2006 2826 2159 2893 ultro.

561 2917 842 2974 contendit
867 2916 937 2973 ad
966 2932 1138 2987 mare,
1167 2931 1275 2986 quo
1302 2926 1485 2987 posset
1517 2918 1583 2972 ad
1630 2917 2147 2973 desideratissimum

561 3018 775 3080 patrem
802 3008 1158 3077 Augustinum
1199 3010 1624 3078 transnavigare.
1654 3008 1760 3064 Sed
1787 3008 2024 3076 occurrit
2051 3024 2150 3063 att-

561 3101 713 3171 gelus
739 3099 949 3156 Domini
997 3099 1051 3155 in
1082 3100 1276 3156 itinere
1300 3143 1314 3165 ,
1350 3100 1575 3169 juvenili
1622 3100 1839 3165 decore,
1867 3098 2147 3169 splendida

2255 1914 2556 1970 hierarchia
2576 1954 2591 1979 ,
2641 1914 2709 1968 de
2761 1913 3140 1968 innumerabili
3170 1914 3413 1968 exercitu
3447 1922 3502 1968 et
3532 1915 3839 1995 triumphali

2254 2014 2549 2076 martyrum
2602 2005 2808 2073 palma,
2858 2004 2926 2058 de
2962 2002 3341 2058 candidissima
3372 2003 3745 2059 confessorqu
3777 2020 3840 2059 ac

2253 2098 2521 2165 virginum
2553 2111 2798 2161 corona;
2847 2111 3061 2150 onmem
3091 2095 3274 2150 mundi
3316 2110 3527 2162 pmnam
3570 2111 3679 2149 non
3723 2111 3841 2151 esse

2251 2187 2570 2254 condignam
2610 2184 2678 2239 ad
2710 2194 2857 2239 tanta
2890 2184 3140 2253 praemia;
3190 2184 3322 2238 nihil
3352 2186 3676 2256 comparari,
3710 2185 3842 2241 nihil

2253 2276 2546 2346 appretiari
2589 2289 2751 2345 posse
2777 2274 2844 2328 ad
2872 2273 3016 2327 illam
3044 2273 3536 2343 pulchritudinem;
3583 2275 3653 2330 ad
3696 2276 3838 2330 illam

2251 2368 2563 2436 dignitatem
2592 2405 2608 2430 ,
2654 2365 2721 2419 ad
2756 2365 2899 2419 illam
2926 2362 3321 2419 iudeﬁcientem
3349 2364 3746 2419 solemnitatem
3780 2376 3835 2420 et

2251 2458 2464 2526 gaudia,
2499 2456 2645 2512 omni
2673 2470 2872 2524 genere
2900 2455 3143 2509 laborum
3168 2493 3186 2520 ,
3238 2454 3382 2508 omni
3413 2453 3704 2523 fragrantia
3730 2455 3841 2509 vir-

2254 2557 2458 2614 tutum,
2494 2564 2635 2602 nnnc
2683 2562 2741 2602 es
2769 2562 2801 2602 e
2830 2546 3169 2601 currendum.
3204 2544 3284 2599 Ad
3330 2545 3458 2599 illud
3504 2547 3843 2616 sempiterna:

2252 2641 2595 2707 beatitudinis
2640 2640 2886 2699 bravium
2935 2638 3165 2693 ducebat
3195 2638 3558 2692 avidissimum
3586 2639 3839 2698 tumulum

2252 2745 2350 2801 per
2378 2731 2557 2788 omnia
2589 2727 2775 2784 ﬂoreta
2805 2743 3080 2783 sacrarum
3112 2726 3547 2796 Scripturarum;
3576 2727 3844 2797 pandebat

2252 2821 2302 2875 ei
2330 2821 2516 2879 mraria
2549 2827 2603 2874 et
2625 2818 2840 2873 cellaria
2870 2817 3067 2873 Christi
3105 2825 3161 2871 et
3188 2815 3443 2871 Ecclesiae
3466 2856 3481 2882 ,
3534 2816 3585 2870 in
3632 2818 3843 2873 deliciis

2251 2922 2304 2967 et
2332 2911 2781 2979 oblectationibus
2827 2909 3215 2964 dominicarum
3264 2921 3516 2975 gazarum
3562 2922 3628 2962 ac
3676 2908 3840 2961 vitam

2250 2986 2568 3073 spirantium
2615 3008 2953 3064 aromatum,
3000 2999 3053 3053 in
3104 2998 3431 3067 sempiterna
3483 2996 3748 3051 charitate
3788 3007 3841 3052 ρ*

2251 3093 2493 3148 ciaritate
2538 3101 2868 3159 sanctorum.
2926 3089 3019 3151 llis
3046 3088 3272 3158 aliisque
3302 3088 3543 3158 plurimis
3588 3090 3842 3144 exhorta-

564 3193 724 3256 facie,
760 3190 1030 3260 gratiosus
1059 3190 1270 3246 incessu
1292 3232 1307 3257 ,
1337 3190 1509 3257 dulcis
1555 3189 1834 3259 affamine:
1884 3189 2107 3244 Confide
2128 3232 2143 3257 ,
2175 3217 2218 3277 Ο
2256 3181 2487 3237 tionibus
2508 3182 2613 3239 dux
2646 3181 2875 3252 inclytus
2901 3180 3295 3236 dominicorum
3325 3188 3627 3235 castrorum
3656 3195 3840 3235 arma-

561 3282 665 3349 ait,
704 3282 892 3349 frater,
941 3280 1068 3352 quia
1097 3281 1356 3336 Dominus
1400 3298 1488 3336 me
1531 3282 1627 3337 tibi
1676 3283 1820 3353 misit
1851 3282 2044 3336 ducem
2089 3289 2148 3336 et

559 3375 842 3433 custodem
874 3374 1288 3446 inseparabilem
1336 3374 1387 3433 in
1433 3376 1579 3429 omni
1614 3375 1692 3428 via
1723 3385 1831 3428 tua.
1857 3374 1936 3427 Tu
1978 3373 2146 3428 modo

561 3467 940 3521 incunctanter
960 3478 1186 3533 sequere
1208 3478 1328 3516 me:
1351 3463 1475 3531 quia
1499 3465 1565 3516 ad
1599 3465 1745 3517 illum
1775 3464 1850 3517 tui
1875 3462 2148 3533 profectus

562 3555 853 3615 doctorem
877 3570 1035 3627 quem
1063 3554 1234 3625 petis,
1282 3552 1497 3612 favente
1545 3554 1799 3619 Domino,
1852 3553 2144 3626 perducam

563 3663 620 3707 te
646 3651 982 3708 successibus
1021 3648 1313 3719 prosperis.
1364 3649 1675 3717 Agnosceus
1730 3662 1861 3715 ergo
1910 3648 2144 3713 trudens

565 3741 784 3796 Livinus
813 3740 1068 3809 Spiritum
1105 3738 1343 3791 veritatis
1373 3738 1486 3805 hinc
1507 3739 1607 3791 silti
1634 3738 1919 3799 dicentem,
1952 3752 2145 3806 prose-

562 3838 744 3907 quitur
767 3834 1085 3889 liducialiter
1126 3847 1249 3886 cum
1282 3829 1516 3900 prmfatis
1540 3829 1814 3899 discipulis
1842 3828 2147 3899 praeceden-

563 3940 704 3995 tem,
749 3937 805 3984 et
856 3927 984 3981 illud
1032 3940 1179 3979 mare
1233 3937 1482 3991 maguum
1532 3937 1596 3977 ac
1639 3923 1933 3992 spatiosum
1986 3921 2145 3976 siccis

562 4020 765 4091 pariter
821 4026 1097 4070 transeunt
1131 4014 1385 4082 vestigiis.
1443 4012 1737 4083 Videbatur
1795 4020 1974 4075 autem
2035 4019 2143 4064 tam

562 4108 926 4167 sacratissimo
958 4106 1145 4176 Livino
1173 4120 1333 4173 qnam
1364 4104 1535 4159 beatis
1559 4105 1722 4157 sociis
1745 4104 1876 4167 suis,
1913 4113 2026 4157 to‘o
2054 4103 2144 4158 illo

564 4202 777 4264 itinere,
805 4213 913 4267 quo
953 4196 1189 4267 pedestri
1233 4196 1445 4261 incessu
1505 4194 1641 4249 vasti
1692 4194 1915 4262 gurgitis
1955 4192 2145 4248 fluctus

561 4309 628 4348 ac
652 4292 699 4347 si
720 4290 944 4352 solidam
972 4304 1152 4344 aream
1183 4288 1490 4361 calcabant,
1533 4287 1677 4355 quod
1721 4302 1815 4355 per
1866 4295 2015 4355 prata
2058 4286 2144 4340 vel

563 4382 884 4453 campestria
918 4382 1104 4445 vireta,
1138 4381 1274 4434 rosis
1302 4394 1367 4433 ac
1398 4379 1541 4444 liliis,
1575 4382 1827 4447 omnique
1858 4377 2142 4432 herbarum

564 4492 627 4532 ac
673 4475 861 4530 ﬂorum
896 4473 1254 4545 pulcherrima
1302 4470 1560 4523 varietate
1608 4468 1913 4532 vernantia,
1966 4477 2143 4522 trans-

560 4569 722 4623 irent.
742 4564 843 4621 Ubi
862 4580 990 4619 vero
1009 4563 1247 4618 sidereus
1270 4561 1378 4616 dux
1397 4573 1655 4629 sequaces
1671 4574 1798 4614 suos
1824 4568 1936 4614 tuto
1960 4560 2140 4615 littore
2174 4601 2223 4659 Β

562 4655 793 4711 feliciter
839 4654 1107 4723 exposuit,
1147 4667 1268 4707 cum
1321 4651 1574 4706 indicibili
1620 4651 1809 4720 jubare
1855 4660 1911 4706 et
1961 4652 2141 4721 ampla

563 4746 696 4802 lucis
719 4746 1113 4815 coruscatione,
1138 4744 1265 4813 ipsis
1294 4743 1639 4811 intuentibus,
1671 4742 1836 4798 cmlos
1887 4743 2140 4811 repetiit;

566 4849 628 4894 ut
648 4840 751 4894 hoc
778 4838 1065 4909 splendore
1090 4837 1363 4892 videretur
1387 4837 1565 4891 dicere
1591 4856 1602 4888 :
1635 4836 1749 4891 Huc
1779 4852 1865 4895 me
1888 4879 1902 4903 ,
1940 4836 2035 4892 filii
2063 4838 2145 4891 lu-

563 4932 677 5001 cis,
728 4931 923 5003 spretis
952 4928 1135 4985 mundi
1165 4928 1435 4992 tenebris,
1491 4928 1641 4998 sequi
1671 4939 1979 4998 properate.
2014 4929 2144 4995 Quis

564 5026 745 5093 itaque
776 5024 887 5077 haec
916 5030 1029 5076 tam
1056 5017 1241 5073 florida
1272 5034 1335 5073 ac
1366 5017 1560 5087 fulgida
1618 5019 1872 5073 miracula
1920 5021 2141 5086 gloriosi

564 5110 845 5181 Augustini
894 5108 1098 5162 meritis
1122 5107 1329 5165 dubitat
1356 5108 1441 5169 vel
1472 5108 1743 5163 ascribere
1773 5109 1856 5161 vel
1903 5124 2146 5162 commu-

566 5206 780 5262 nicare,
834 5207 893 5253 nt
925 5197 1275 5266 Augustinum
1319 5200 1680 5267 quaerentibus
1725 5200 1864 5252 unda
1907 5199 2144 5265 vireret,

564 5292 763 5362 pontus
791 5289 1027 5355 ﬂoreret,
1058 5287 1249 5347 ﬂuctus
1273 5301 1551 5359 vernaret;
1582 5299 1635 5346 ct
1666 5293 1780 5359 ipse
1824 5304 2015 5360 gurges
2044 5291 2144 5347 sub

566 5382 793 5451 pedibus
843 5380 1324 5447 evangelizatorem
1378 5383 1524 5452 pacis
1576 5382 1900 5452 petentium,
1969 5398 2030 5439 se
2086 5394 2147 5440 ut

565 5473 795 5527 soliium
827 5487 1072 5542 campum
1102 5473 1415 5529 exhiberet?
1442 5475 1600 5530 Vertit
1628 5490 1755 5543 ergo
1784 5490 1903 5530 cum
1932 5492 2143 5547 praeno-

567 5562 783 5616 minatis
810 5562 979 5617 tribus
1004 5571 1200 5619 sancta:
1228 5562 1502 5620 Trinitatis
1532 5566 1948 5633 confessoribus,
1999 5568 2143 5623 desi-

566 5653 811 5709 deriosus
857 5653 1094 5710 Liviuius
1141 5654 1208 5710 ad
1258 5655 1661 5711 desiderabilem
1691 5665 1900 5727 patrem
1931 5659 2141 5730 Augus-

569 5832 603 5894 ι)
640 5771 662 5888 ἶ
694 5762 746 5817 ιιι
780 5774 862 5821 est
885 5764 1149 5822 Hiberniae
1171 5764 1461 5833 liOdiCl‘lltt‘,
1492 5782 1607 5837 qua:
1637 5777 1760 5827 tunc
1788 5770 1969 5829 Scolia
1996 5772 2145 5832 dice-

607 5850 633 5887 a
662 5850 742 5889 ur.

607 5850 742 5889 allll‘.

2253 3275 2343 3329 bat
2372 3274 2625 3327 athletam
2655 3272 2853 3327 Christi
2888 3272 3257 3337 fortissimum,
3289 3272 3617 3327 accendebat
3646 3272 3841 3327 arden-

2252 3364 2546 3418 tissimum:
2578 3363 2795 3433 jamque
2821 3362 3117 3417 secundum
3149 3362 3411 3433 pracdttcis
3457 3363 3633 3431 angeli
3678 3362 3841 3434 polli-

2250 3458 2601 3512 licitatiouem
2668 3457 2736 3511 ad
2808 3458 3115 3528 aposteiica:
3169 3457 3597 3514 conversationis
3661 3458 3842 3517 evexit

2250 3548 2660 3620 perfectionem,
2694 3560 2749 3605 ut
2778 3559 2832 3603 et
2873 3551 3104 3620 palmam
3134 3550 3421 3619 attingeret
3450 3552 3837 3623 martyrialem.

2249 3644 2434 3723 Itaque
2489 3660 2585 3713 per
2637 3645 3060 3715 quinquennium
3113 3652 3166 3700 et
3224 3660 3435 3700 menses
3489 3654 3600 3701 tres
3648 3661 3836 3715 secum

2249 3738 2558 3803 detentum,
2606 3738 2956 3799 sanctissimis
2987 3738 3249 3808 exemplis
3278 3754 3341 3793 ac
3371 3739 3744 3795 instrumentis
3774 3741 3845 3809 in,

2249 3832 2396 3885 omni
2425 3830 2711 3899 sanctitate
2740 3846 3051 3906 proveemm
3073 3870 3087 3896 ,
3138 3846 3255 3901 aivo
3284 3840 3555 3901 tenerum,
3584 3831 3681 3885 sed
3709 3831 3845 3897 relio

2248 3923 2396 3989 giosa
2463 3923 2772 3976 maturitate
2827 3921 3213 3991 grandzevum,
3281 3921 3495 3975 tandem
3557 3930 3854 3993 consecrat.

2248 4012 2578 4067 sacerdotem
2603 4010 2817 4065 Christo
2855 4010 3264 4089 electissitnnm.
3306 4012 3405 4075 Dat
3454 4012 3617 4066 etiam
3645 4012 3847 4067 libera-

2250 4104 2299 4157 li.
2316 4104 2484 4160 simus
2527 4103 2554 4141 ι)
2595 4103 2825 4170 catigeta
2873 4103 2925 4156 in
2977 4103 3088 4172 ipsa
3118 4104 3298 4159 dilecti
3330 4103 3577 4173 discipuli
3620 4102 3846 4158 ordina-

2250 4200 2395 4255 tione
2436 4198 2801 4252 dulci-simum
2852 4197 3044 4265 pignus
3101 4204 3156 4250 et
3205 4195 3518 4269 memoria‘e
3564 4204 3848 4271 perpetuae

2246 4290 2549 4345 dilectionis
2586 4305 2713 4353 suc,
2748 4288 2983 4344 casulam
3013 4288 3264 4344 videlicet
3313 4303 3637 4363 purpuream
3663 4327 3679 4353 ,
3721 4286 3850 4355 glo-

2247 4381 2375 4436 riosi
2432 4380 2670 4450 martyrii
2717 4394 3049 4449 praesagum,
3106 4394 3239 4433 auro
3289 4392 3343 4435 et
3394 4379 3617 4450 gemmis
3672 4378 3849 4447 instar

2246 4474 2561 4528 meritorum
2614 4481 2929 4542 prmtextam
2966 4490 2979 4525 :
3013 4471 3159 4526 addit
3214 4472 3406 4527 stolam
3459 4480 3516 4526 et
3562 4471 3799 4527 orarium
3826 4510 3849 4537 ,

2249 4564 2491 4619 similiter
2520 4580 2680 4619 aurea
2729 4579 2794 4620 ac
2824 4564 3179 4636 pretiosarum
3211 4579 3544 4633 gemmarum
3575 4548 3857 4619 sideribus

2249 4656 2500 4712 decorata
2518 4656 2759 4725 insignia.
2773 4654 2997 4727 Jamque
3020 4657 3346 4728 imprecatus
3361 4658 3461 4712 sibi
3474 4657 3653 4712 omnia
3674 4657 3850 4723 bona,

2249 4756 2303 4801 et
2333 4756 2514 4801 mutua
2544 4730 2845 4802 orationum
2886 4746 3165 4815 suffragia,
3220 4763 3326 4801 non
3375 4748 3491 4802 sine
3532 4747 3734 4802 mutuis
3765 4747 3848 4805 la.-

2250 4838 2468 4908 crymis,
2500 4838 2723 4890 remittit
2749 4852 2871 4891 eum
2903 4838 3027 4915 regi:
3044 4853 3108 4893 ac
3136 4838 3282 4906 genti
3311 4837 3848 4909 sutebdesideratissi-

2251 4945 2395 4991 mum
2427 4928 2752 4982 crnditorent
2772 4969 2787 4993 ,
2834 4944 2957 4984 cmn
2988 4929 3411 4998 pratmemoratis
3440 4929 3643 4985 sanctis
3671 4930 3851 4985 comi.

2251 5018 2393 5073 tibus
2441 5018 2571 5072 suis.
2629 5019 2864 5087 Denique
2895 5020 3032 5074 sicut
3061 5036 3191 5092 apes
3237 5018 3552 5075 meililluum
3606 5017 3795 5075 ﬂorent
3827 5061 3847 5086 ,

2252 5116 2305 5162 et
2334 5108 2471 5163 sicut
2498 5125 2559 5162 ce
2593 5110 2641 5163 vi
2672 5124 2821 5176 aquae
2867 5109 3110 5178 fontem,
3162 5112 3240 5167 sic
3270 5112 3622 5189 Augustinum
3669 5127 3845 5185 appe-

2253 5202 2437 5256 tebant
2465 5202 2697 5268 undigue
2724 5202 2959 5257 cmlestia
2986 5203 3404 5260 mellificantem.

2322 5294 2411 5355 49.
2443 5293 2570 5370 Erat
2604 5295 2820 5363 quidam
2859 5304 3165 5359 veteranus.
3212 5298 3304 5369 qui
3347 5300 3623 5354 asserebat
3675 5312 3857 5367 avum,

2251 5401 2407 5443 suum
2437 5402 2532 5455 per
2563 5396 2807 5464 sanctum
2856 5385 3208 5455 Augustinum
3261 5389 3592 5458 baptizatum
3646 5387 3847 5448 fuisse,

2252 5478 2437 5532 ethoc
2464 5492 2622 5531 avum
2673 5478 2811 5547 patri
2861 5495 2982 5544 suo,
3027 5489 3345 5549 patremque
3386 5480 3487 5534 sibi
3539 5478 3632 5533 tali
3675 5477 3855 5543 modo

2251 5570 2517 5626 retulisse.
2548 5567 2684 5624 Cum
2738 5584 2911 5626 essem
2936 5611 2952 5640 ,
2982 5572 3199 5637 aiebat,
3257 5570 3727 5634 adolescentulus,
3782 5577 3848 5629 et

2253 5661 2503 5717 vidissem
2551 5664 2618 5719 ad
2668 5664 2816 5720 illunt
2862 5680 3060 5721 novum
3090 5673 3144 5719 et
3186 5662 3483 5718 inauditum
3522 5669 3719 5718 nostra!
3748 5676 3845 5716 sa-

2322 5776 2347 5814 ι’
2372 5777 2613 5850 Catigrta
2639 5778 2813 5850 Papiae
2829 5786 2908 5834 est
2924 5779 3120 5844 doctor,
3148 5787 3240 5832 aut
3266 5779 3458 5849 rhetor,
3479 5775 3666 5850 Griece
3692 5778 3848 5842 καθη-

2255 5854 2428 5921 patric.
2454 5848 2740 5922 Pcrpcram
2774 5850 3092 5919 impressum
3123 5850 3372 5920 catigera.
