4118 6332
332 304 406 356 89
933 314 942 322 ‘
1535 293 1689 351 VH‘A
1734 290 1929 348 SANC'l

2031 290 2406 348 incusum.
3265 269 3271 275 ’
3542 301 3614 359 eo

330 374 461 429 lutis
490 369 930 443 protodoctorem
960 366 1334 438 Augustinum,
1357 367 1512 437 quasi
1538 367 1607 421 ad
1635 363 1919 436 quemdam
1946 366 1995 423 Α
2023 362 2369 430 generatione
2398 362 2452 418 in
2481 364 2882 432 generationem
2909 376 3259 440 propagatam
3282 415 3296 437 ,
3342 372 3454 430 Deo
3482 391 3615 446 pre-

333 466 608 533 angelum,
647 462 1021 519 concurrentia
1055 461 1375 531 populorum
1411 460 1655 529 agmina;
1687 472 1806 527 ego,
1836 458 1923 513 cui

334 559 547 615 vanitas
573 572 815 621 corona,
867 556 952 612 cui
1001 555 1251 623 gaudium
1301 554 1557 621 stultitia,
1605 553 1691 609 cui
1720 553 1925 608 deliciae

279 651 283 654 ’
335 657 494 712 erant
543 646 803 707 ridicula.
854 648 988 711 mira
1032 663 1221 701 sensus
1255 647 1578 709 hebetudine
1614 647 1924 702 deridebam

336 739 521 795 omnia
538 779 554 805 ,
582 737 729 800 velut
752 737 1125 807 phantasmata
1154 755 1173 803 ;
1199 752 1496 808 omnesque
1522 753 1704 799 errare
1731 751 1927 807 praeter

337 844 429 883 me
458 826 717 895 mensque
764 841 1093 881 coerroneos
1141 842 1333 898 magna
1375 828 1659 884 credebam
1704 828 1924 899 ineptia.

337 920 474 972 Cum
502 933 633 973 vero
660 916 926 972 audissem
982 917 1129 971 illum
1180 918 1360 973 omnia
1388 918 1640 973 debilium
1670 933 1732 973 ac
1764 918 1929 975 mori-

337 1006 643 1060 bundorum
675 1019 868 1060 curare
914 1020 1166 1075 corpora,
1196 1006 1444 1076 ampliori
1490 1007 1793 1063 incredulus
1837 1022 1929 1063 ca-

341 1097 669 1153 chinnabam
722 1097 962 1154 vesania.
1019 1098 1259 1168 Coucepi
1311 1098 1528 1153 tandem
1586 1098 1927 1154 dolositatem

338 1188 578 1244 lascivia:
603 1202 736 1243 mea:
760 1229 777 1256 ,
826 1197 882 1244 et
910 1195 969 1243 ut
1009 1196 1130 1245 uter
1155 1196 1415 1244 ventosus
1441 1190 1563 1245 veni
1591 1190 1738 1243 illurn
1775 1189 1929 1259 quasi

338 1281 731 1351 sycophantam
762 1281 966 1345 videre,
998 1289 1091 1335 aut
1118 1281 1554 1336 seminiverbium
1585 1281 1774 1336 audire
1800 1299 1814 1348 ;
1861 1281 1930 1337 ad

339 1373 449 1437 hoc
478 1372 749 1438 videlicet,
779 1383 839 1437 ut
866 1373 1100 1441 aliquam
1143 1372 1422 1442 stropham
1451 1387 1695 1442 raperem
1721 1372 1789 1427 ab
1813 1371 1930 1441 ejus

340 1478 441 1519 ore
468 1463 551 1519 vel
579 1463 886 1531 curatione,
916 1464 1058 1525 unde
1087 1477 1302 1533 possem
1328 1462 1460 1517 meis
1481 1462 1743 1516 similibus
1764 1462 1930 1516 risum

340 1568 583 1608 movere.
615 1550 859 1621 Cumque
888 1568 976 1608 me
1002 1553 1266 1623 pressanti
1297 1552 1498 1618 turbae,
1556 1560 1617 1621 ut
1643 1550 1931 1607 insidiosus

341 1651 400 1705 et
429 1642 787 1707 latrunculos,
816 1642 1220 1707 immersissem,
1270 1641 1492 1710 ejusque
1538 1650 1821 1710 paternum
1865 1654 1930 1696 ac

2024 451 2241 521 palante
2260 451 2329 506 ad
2345 453 2587 513 notitiam
2612 453 3006 524 Scripturarum
3025 470 3327 517 sanctarum
3348 467 3622 535 potuerint

2026 541 2327 609 pervenire,
2384 556 2502 611 quae
2531 551 2584 598 et
2612 544 2791 614 qualia
2837 562 2943 601 non
2994 558 3078 603 est
3128 550 3321 621 injuria
3369 555 3613 612 credere.

2028 629 2145 684 Jam
2179 642 2303 702 post
2329 632 2544 693 [lumina
2573 643 2627 688 et
2652 634 2793 705 feras
2819 638 3059 714 repulsas
3086 642 3307 711 gloriosi
3330 643 3619 715 Augustini

2026 722 2347 792 palmarium
2376 725 2728 794 explicemus.

2100 811 2186 869 50.
2210 812 2530 869 Jamdudum
2552 832 2683 882 vero
2707 817 2797 875 ille
2819 836 3083 891 supernus
3109 807 3307 893 incola,
3333 842 3619 896 percussus

2026 906 2148 983 illa,
2180 922 2300 980 qua;
2347 908 2501 965 fortis
2527 919 2609 965 est
2634 919 2692 966 ut
2718 928 2894 981 mors,
2941 916 3163 985 superni
3192 919 3392 975 amoris
3419 918 3574 988 plaga
3599 958 3617 985 ,

2028 1000 2357 1074 abhorrebat
2406 1004 2587 1073 omnia
2621 1012 2837 1063 terrena
2882 1006 3279 1079 oblectamenta
3332 1010 3472 1070 sicut
3495 1012 3619 1065 vitae

2028 1088 2381 1157 detrimenta;
2435 1103 2489 1146 et
2541 1094 2866 1163 mundanam
2914 1094 3143 1167 gloriam
3189 1096 3332 1151 sicut
3366 1098 3620 1166 vincula,

2027 1180 2167 1235 sicut
2190 1183 2478 1250 ergastula,
2525 1185 2668 1239 sicut
2693 1186 2983 1255 supplicia;
3011 1202 3130 1255 quae
3155 1194 3333 1244 tamen
3360 1190 3621 1259 eumipsa

2030 1281 2206 1328 morte
2234 1272 2392 1329 dulce
2446 1282 2591 1331 esset
2632 1291 2731 1345 pro
2782 1274 3065 1334 Salvatore
3103 1277 3213 1346 pati
3260 1279 3461 1339 omnia.
3489 1279 3621 1350 Solo

2029 1361 2210 1432 itaque
2239 1378 2469 1434 corpore
2516 1365 2712 1434 ligatus
2767 1366 2819 1420 in
2877 1378 3038 1431 terra,
3090 1368 3196 1423 imo
3240 1368 3355 1424 sola
3398 1369 3623 1439 gignen-

2029 1448 2221 1504 dorum
2250 1458 2305 1506 et
2354 1452 2819 1510 informandorum
2870 1455 2981 1511 Deo
3024 1454 3255 1511 filiorum
3286 1466 3509 1528 paterna
3541 1474 3623 1515 as-

2031 1541 2220 1597 trictus
2246 1558 2397 1607 cura,
2452 1543 2521 1599 de
2566 1544 2776 1614 reliquo
2810 1552 2955 1602 totus
2996 1546 3419 1603 conversabatur
3443 1548 3500 1603 in
3530 1550 3623 1605 illa

2031 1641 2232 1687 aeterna
2284 1634 2489 1703 patria;
2545 1644 2655 1690 tota
2711 1644 2918 1703 mente,
2973 1644 3089 1692 tota
3146 1638 3355 1704 anima,
3401 1637 3516 1708 jugi
3558 1653 3623 1695 ac

342 1731 699 1802 reverendam
774 1730 1023 1786 intuitum
1086 1730 1258 1786 oculis
1318 1738 1630 1795 notassem;
1682 1728 2265 1803 protinusnviolenta
2316 1730 2567 1784 instantia
2615 1731 2870 1800 captabat
2918 1731 3181 1786 cmlestia.
3224 1731 3356 1798 Qum
3401 1746 3623 1802 precum

342 1822 550 1892 ingenti
580 1820 835 1891 confusus
864 1831 1076 1892 terrore
1104 1822 1297 1893 dirigui
1324 1863 1339 1889 ,
1389 1829 1449 1876 ut
1490 1819 1765 1889 videretur
1793 1821 1845 1874 in
1871 1835 1934 1876 eo

342 1913 524 1981 divina
572 1912 815 1983 quaedam
871 1913 1267 1984 animadversio
1324 1911 1621 1989 impuritati
1670 1927 1804 1967 mea:
1848 1912 1935 1966 in-

342 2004 572 2072 dignari.
600 2003 671 2067 At
698 2004 789 2059 ille
815 2012 1006 2061 sancto
1040 2003 1134 2060 Dei
1164 2004 1366 2073 Spiritu
1394 2003 1587 2075 plenus
1623 2006 1705 2078 (ut
1745 2002 1938 2058 claruit

343 2094 629 2164 hactenus)
662 2095 888 2150 invisum
909 2095 1062 2164 quasi
1093 2096 1433 2152 notissimum
1452 2096 1691 2166 respexit
1715 2112 1727 2149 :
1752 2095 1941 2149 misso-

341 2199 451 2254 que
478 2185 745 2251 ministro,
790 2185 967 2252 lllum,
1018 2186 1284 2256 inquiens,
1316 2186 1718 2241 adolescentem
1762 2185 1936 2243 adduc

341 2276 475 2335 mihi
496 2318 511 2343 ,
540 2292 630 2331 me
654 2276 756 2331 sibi
777 2276 845 2333 de
867 2277 1046 2334 medio
1074 2278 1245 2348 plebis
1269 2277 1524 2351 praecepit
1554 2277 1765 2333 adduci.
1798 2277 1935 2332 Tum

345 2381 477 2429 vero
522 2366 685 2421 altius
734 2367 1019 2423 intendens
1046 2368 1191 2437 quod
1242 2368 1360 2422 sine
1399 2366 1578 2422 indice
1607 2366 1932 2435 innotuerim

342 2457 452 2522 illi,
479 2465 637 2523 tanto
665 2464 889 2529 stupore
915 2458 1241 2526 contremui,
1289 2473 1353 2512 ac
1376 2459 1422 2513 si
1450 2474 1572 2513 cum
1599 2465 1786 2513 exerta
1814 2473 1932 2511 ma-

342 2548 521 2621 cbzera
569 2556 893 2622 quaestorem
946 2563 1011 2621 ac
1055 2549 1358 2623 punitorem
1404 2534 1657 2625 vidiSsem
1711 2548 1934 2604 sceleris

339 2639 473 2693 mei.
498 2636 766 2709 Continuo
795 2637 862 2692 ad
890 2638 1022 2705 tanti
1047 2638 1182 2694 vatis
1213 2638 1552 2715 clementiam
1594 2637 1838 2707 confugi,
1871 2652 1935 2707 ac

342 2729 677 2783 substractus
706 2742 891 2784 sacros
915 2727 1079 2798 pedes
1118 2729 1360 2783 aStrinxi.
1387 2727 1463 2783 lbi
1492 2743 1711 2783 onmem
1737 2735 1932 2783 vento-

342 2816 518 2879 sitatis
543 2825 806 2873 tumorem
828 2817 981 2886 quasi
999 2826 1321 2887 compuncta
1344 2819 1522 2874 vesica
1545 2819 1717 2885 emisi,
1743 2834 1935 2875 omnes

341 2906 532 2964 sordes
560 2907 716 2964 ﬂuxae
743 2908 978 2964 levitatis
1003 2896 1237 2976 evomui,
1262 2917 1431 2964 totum
1458 2925 1544 2964 me
1575 2917 1688 2965 tam
1716 2909 1935 2980 benigni

344 3000 514 3069 patris
563 2999 853 3070 prmceptis
906 3013 972 3053 ac
1014 2997 1355 3054 documentis
1402 2999 1547 3054 dedi.
1604 2997 1699 3054 Ille
1725 2997 1935 3069 placide

2037 1818 2295 1883 incensa,
2367 1834 2486 1889 qua:
2539 1829 2853 1876 sanctorum
2903 1820 3295 1894 desideriorum
3347 1822 3621 1889 lamenta,

2036 1927 2198 1982 quam
2247 1911 2628 1975 inenarrabilia
2675 1912 2924 1967 mittebat
2971 1913 3110 1983 coelo
3158 1913 3420 1983 suspiria!
3453 1912 3618 1980 Quis,

2035 2000 2240 2071 inquit,
2274 2000 2424 2055 dabit
2449 2000 2577 2054 mihi
2621 2015 2825 2071 pennas
2852 2000 2992 2056 sicut
3019 2002 3307 2071 columbae,
3331 2009 3388 2056 et
3424 2002 3621 2057 volabo

2036 2099 2091 2145 et
2119 2091 2453 2161 requiescam
2478 2095 2503 2145 ?
2540 2098 2617 2157 et,
2644 2089 2867 2156 Quando
2891 2091 3103 2145 veniam
3126 2099 3180 2151 et
3205 2092 3475 2161 apparebo
3495 2099 3623 2147 ante
3673 2157 3679 2165 ι

2034 2178 2225 2234 faciem
2257 2180 2352 2237 Dei
2377 2180 2481 2234 mei
2507 2180 2530 2234 ?
2554 2179 2874 2249 Concupivit
2905 2187 2961 2245 et
2988 2178 3183 2234 defecit
3203 2175 3387 2234 anima
3416 2194 3537 2234 mea
3566 2179 3623 2234 in

2034 2272 2169 2325 atria
2184 2270 2415 2326 Domini.
2440 2271 2529 2326 Sic
2546 2270 2855 2341 irrequietis
2873 2269 3198 2326 clamoribus
3215 2271 3626 2341 praeoccupabat

2034 2360 2225 2434 faciem
2255 2362 2469 2431 Domini
2496 2404 2511 2426 ,
2538 2371 2594 2417 et
2619 2362 2724 2418 vim
2749 2361 2982 2420 faciebat
3016 2363 3177 2429 cmlo,
3206 2363 3412 2420 crebris
3440 2364 3624 2435 pulsa-

2038 2452 2179 2507 tibus
2199 2468 2395 2522 rogans
2420 2454 2663 2521 admitti,
2694 2454 2918 2523 cUpiens
2938 2454 3157 2510 dissolvi
3180 2463 3233 2508 et
3259 2470 3381 2510 cum
3409 2454 3624 2512 Christo

2034 2561 2173 2602 esse.
2202 2546 2439 2609 Tandem
2464 2563 2594 2602 vero
2618 2547 2922 2617 intelligens
2947 2563 3014 2603 ex
3044 2547 3279 2618 Spiritus
3307 2550 3479 2605 sancti
3508 2565 3627 2605 res-

2034 2652 2208 2708 ponso
2252 2637 2561 2705 exauditum
2617 2654 2775 2701 suum
2829 2638 3179 2705 desiderium,
3238 2647 3296 2694 ut
3339 2640 3525 2695 veniat
3552 2640 3626 2697 ad

2035 2730 2210 2799 ipsum
2242 2729 2493 2797 omnibus
2517 2728 2684 2785 rectis
2712 2729 2877 2785 corde
2902 2729 3270 2786 desideratum
3295 2747 3309 2797 ;
3340 2732 3504 2801 coepit
3525 2746 3625 2801 pa-

2036 2821 2333 2877 rentalibus
2358 2820 2657 2881 visceribus
2685 2820 2843 2875 anxie
2868 2835 2954 2891 pel
2972 2820 3274 2885 timescere,
3304 2836 3374 2876 ne
3411 2830 3537 2891 post
3566 2836 3629 2878 se

2037 2914 2213 2969 lactea
2243 2922 2383 2967 nata:
2412 2911 2497 2967 vel
2528 2904 2801 2968 nascentis
2843 2910 3095 2968 Ecclesiae
3141 2911 3388 2975 infantia,
3436 2911 3627 2967 orbata

2038 3014 2287 3075 pastore,
2314 3003 2561 3074 luporum
2591 3001 2983 3072 dilapidaretur
3010 3001 3311 3058 invasione.
3344 3000 3482 3057 Hinc
3503 3000 3629 3057 bea-

342 3094 683 3169 increpatum
713 3102 770 3150 et
811 3093 1134 3168 instructum
1177 3091 1418 3162 paternis
1448 3090 1586 3146 ulnis
1609 3092 1885 3161 amplexus
1908 3129 1924 3156 ,

2038 3108 2149 3154 tum
2180 3096 2547 3163 Laurentium,
2573 3095 2886 3166 apostolicae
2915 3095 3219 3151 sanctitatis
3240 3094 3437 3160 virum,
3463 3108 3627 3162 apos-

342 3184 658 3241 credentem
688 3185 741 3239 in
772 3183 1041 3240 Christum
1064 3198 1152 3238 me
1182 3183 1493 3253 baptizavit,
1526 3191 1686 3253 atque
1717 3182 1767 3236 in
1792 3181 1931 3237 filios

343 3276 578 3343 filiorum
623 3283 648 3311 ³
687 3275 949 3344 producta
996 3264 1359 3342 longmvitate'
1385 3273 1677 3328 benedixit.
1721 3271 1847 3327 Haec
1876 3279 1932 3327 et

340 3365 428 3441 his
460 3366 611 3436 plura
641 3364 894 3435 praefatus
921 3364 1154 3431 vetulus,
1202 3365 1270 3420 ab
1296 3379 1398 3420 avo
1426 3380 1527 3420 suo
1555 3364 1696 3435 patri
1727 3364 1927 3432 audita,

344 3467 402 3523 et
428 3473 458 3513 a
487 3467 639 3528 patre
685 3456 785 3512 sibi
835 3466 1072 3525 narrata,
1124 3458 1549 3528 repraesentabat
1589 3456 1932 3513 audientibus

344 3546 470 3604 tidei
494 3548 815 3615 assertione,
862 3548 1018 3617 quasi
1064 3547 1134 3603 ab
1163 3548 1271 3604 alio
1315 3547 1511 3604 saeculo
1536 3548 1772 3618 cognita.
1803 3547 1933 3601 Inti-

342 3638 528 3695 mabat
577 3646 758 3694 autem
809 3653 841 3693 a
879 3638 1197 3709 parentibus
1243 3638 1344 3693 sibi
1388 3637 1715 3694 insinuatam
1764 3624 1932 3708 ipsius

342 3728 489 3805 beati
536 3728 818 3799 Augustini
871 3725 1101 3785 formam
1153 3740 1206 3784 et
1263 3743 1553 3798 personam
1601 3726 1883 3798 patriciam
1911 3768 1927 3794 ,

343 3826 606 3874 staturam
657 3834 942 3889 proceram
971 3828 1026 3875 et
1044 3819 1291 3886 arduam,
1344 3818 1479 3874 adeo
1509 3826 1567 3872 ut
1613 3833 1645 3872 a
1693 3818 1931 3888 scapulis

342 3893 545 3979 populo
581 3909 1040 3980 superemineret,
1082 3917 1136 3963 et
1186 3907 1403 3962 Saulem
1438 3908 1785 3977 proceritate,
1817 3924 1927 3963 non

342 4000 648 4067 atrocitate,
682 4000 982 4056 exhiberet.
1031 3998 1220 4057 Facies
1250 3998 1496 4053 amabilis
1524 4006 1580 4052 et
1600 3997 1892 4053 reverenda
1912 4037 1927 4064 ,

340 4080 491 4173 frons
518 4082 788 4146 mediante
815 4103 971 4145 coma
997 4089 1108 4146 suis
1136 4088 1400 4145 columnis
1436 4089 1735 4145 resultabat
1757 4088 1933 4146 fenes-

340 4168 507 4238 trata.
554 4182 717 4252 Signa
750 4168 901 4239 vero
953 4190 1009 4238 et
1054 4185 1333 4251 sanitates,
1364 4198 1482 4252 quae
1511 4184 1563 4238 in
1595 4184 1793 4255 populo
1822 4183 1930 4240 fre-

337 4276 714 4353 quentantium
757 4282 1007 4353 emtuque
1035 4273 1294 4331 debilium
1344 4275 1674 4343 assiduabat,
1724 4275 1932 4330 nullmn

336 4380 594 4431 enarrare
645 4382 747 4449 nec
788 4381 1110 4439 enumerare
1138 4381 1297 4437 posse
1326 4367 1621 4422 astruebat.
1664 4366 1930 4423 Memora-

2033 3193 2210 3248 tolicis
2238 3193 2403 3262 signis
2431 3192 2750 3262 praiclarum
2776 3232 2792 3258 ,
2841 3206 3172 3260 suorumque
3198 3190 3455 3246 comitum
3485 3204 3625 3259 prte-

2032 3284 2272 3353 cipuum,
2304 3283 2517 3339 dicente
2558 3282 2660 3337 sibi
2692 3281 2920 3336 Domino
2948 3283 2999 3336 in
3043 3280 3232 3351 spiritu
3259 3297 3272 3333 :
3306 3278 3460 3334 Hunc
3491 3279 3621 3333 mihi

2032 3388 2171 3444 unge
2198 3374 2252 3428 in
2273 3373 2612 3429 sacerdotem
2640 3373 2892 3437 electum,
2933 3370 3237 3442 perspicaci
3276 3370 3456 3425 animo
3502 3385 3626 3425 cum

2031 3480 2271 3536 superno
2297 3465 2558 3521 instinctu
2580 3464 2813 3520 intendit
2837 3479 2934 3535 pro
2954 3479 3014 3519 se
3036 3461 3409 3518 ordinandum.
3437 3460 3625 3517 Refert

2031 3556 2148 3613 haec
2166 3556 2232 3612 ad
2258 3557 2463 3613 clerum
2484 3595 2501 3622 ,
2522 3556 2588 3611 ad
2611 3570 2816 3626 regem,
2841 3556 2907 3611 ad
2929 3554 3185 3626 populum
3212 3572 3226 3608 :
3249 3554 3429 3625 placet
3449 3556 3627 3609 omni-

2030 3648 2150 3715 bus,
2169 3647 2354 3705 favent
2368 3664 2577 3714 omnes,
2595 3649 2754 3703 simul
2772 3648 3165 3703 benedicuntet
3183 3654 3460 3715 expetunt.
3476 3645 3626 3716 Rege

2031 3739 2214 3807 itaque
2241 3754 2361 3793 cum
2385 3737 2598 3794 conﬂuo
2621 3739 2822 3809 populo
2842 3739 3158 3793 immensum
3190 3736 3621 3805 congratulante.

2032 3830 2245 3885 ordinat
2271 3846 2393 3884 cum
2441 3830 2589 3883 omni
2619 3828 2846 3885 solemni
2874 3828 3069 3897 gaudio
3121 3827 3471 3883 Laurentium
3519 3828 3625 3884 sibi

2032 3936 2400 3977 successorem
2444 3940 2456 3973 :
2505 3929 2563 3976 ut
2622 3919 2894 3992 quondam
2952 3919 3321 3989 apostolorum
3370 3919 3620 3989 princeps

2033 4010 2225 4067 Petrus
2253 4011 2582 4067 Clementem
2601 4051 2616 4077 ,
2644 4011 2714 4067 ob
2729 4011 3090 4081 supradictam
3118 4010 3369 4066 videlicet
3393 4011 3623 4067 novellae

2036 4102 2433 4157 informationis
2460 4102 2841 4158 necessitatem
2868 4119 2882 4154 :
2914 4100 3058 4170 quod
3088 4110 3267 4155 tamen
3312 4100 3621 4170 exemplum

2036 4196 2169 4251 nulli
2220 4197 2569 4266 imposterum
2599 4194 2763 4250 debet
2811 4209 2929 4249 esse
2972 4192 3421 4264 prmsumendum.
3453 4191 3624 4247 Nemo

2034 4288 2138 4342 rite
2188 4287 2293 4342 hoc
2330 4286 2457 4341 fecit
2508 4294 2632 4356 post
2678 4286 3147 4349 Petrum,'nemo
3194 4284 3626 4351 incompetenter

2036 4380 2197 4435 faciat
2246 4388 2370 4450 post
2414 4380 2793 4448 Augustinum.
2835 4377 2968 4432 Nam
3020 4393 3157 4432 unus
3206 4376 3483 4441 Christus,
3517 4392 3626 4433 una

334 4457 496 4534 batur
521 4455 722 4527 jugiter
750 4456 990 4537 pedestri
1032 4458 1266 4521 incessu,
1312 4458 1507 4527 sacpius
1535 4457 1926 4525 discalceatus,

2038 4472 2297 4537 Ecclesia,
2350 4489 2489 4528 unus
2539 4473 2859 4543 episcopus,
2917 4485 3019 4526 nec
3074 4470 3328 4525 dividitur
3378 4486 3517 4526 unus
3571 4479 3628 4526 et

334 4548 640 4617 provincias
669 4549 964 4625 apostolica
1011 4548 1299 4620 devotione
1337 4548 1623 4613 lustrasse,
1677 4556 1733 4604 et
1760 4550 1928 4605 callos

335 4654 568 4717 genuum
598 4639 771 4717 fratris
802 4640 1016 4707 Domini
1042 4639 1230 4697 Jacobi
1278 4641 1331 4696 in
1377 4642 1574 4712 plantis
1602 4642 1883 4697 atlraxisse
1908 4660 1921 4695 :

332 4714 519 4800 plures
546 4714 763 4802 quoque
790 4716 1098 4787 sanctorum
1129 4731 1383 4788 comitum
1422 4730 1537 4800 ejus
1566 4729 1780 4786 easdem
1812 4730 1923 4785 vir-

336 4829 481 4878 tutes
492 4822 578 4877 vel
596 4823 791 4877 imitari
815 4822 896 4876 vel
915 4826 1247 4892 aequiparare
1263 4822 1452 4877 solitos
1474 4821 1769 4875 asserebat.
1786 4819 1828 4873 Η
1837 4820 1922 4875 inc

335 4911 540 4981 itaque,
564 4928 683 4967 cum
705 4913 938 4968 charitas
968 4912 1148 4967 omnia
1177 4911 1469 4982 probabilia
1493 4910 1696 4977 credat,
1721 4920 1919 4967 etcum

335 5007 478 5061 ultro
505 5008 777 5063 credimus
806 5008 951 5077 quod
994 5023 1237 5063 amamus
1260 5047 1276 5073 ,
1324 5007 1467 5078 quod
1495 5022 1626 5061 vero
1655 5023 1765 5061 non
1798 5024 1918 5063 cre-

333 5098 511 5153 dimus
532 5098 711 5154 odisse
732 5115 832 5154 nos
858 5099 941 5154 vel
962 5115 1219 5170 spernere
1240 5101 1566 5171 probamus;
1590 5099 1923 5169 perpendaut

337 5189 432 5244 lilii
455 5191 755 5247 dilectionis
781 5200 839 5248 et
858 5208 965 5246 non
989 5192 1168 5259 alieni,
1201 5191 1344 5261 quod
1375 5206 1437 5247 ea
1466 5206 1585 5261 quae
1610 5190 1782 5263 sancti
1808 5203 1923 5260 ges-

334 5291 526 5339 serunt
580 5283 634 5338 in
686 5283 814 5349 vita,
866 5283 953 5339 vel
999 5298 1095 5353 per
1144 5283 1342 5353 scripta
1369 5325 1383 5350 ,
1414 5282 1498 5337 vel
1526 5296 1625 5353 per
1654 5281 1923 5350 longrevos

335 5380 600 5445 seniores,
631 5379 716 5434 vel
744 5395 843 5450 per
886 5379 1081 5434 famam
1130 5380 1285 5451 (qum
1310 5387 1392 5434 est
1435 5379 1522 5434 lex
1563 5378 1843 5449 historias)
1897 5392 1931 5434 a

410 5563 436 5589 ἰ
468 5553 522 5607 In
549 5552 666 5607 Vita
704 5553 914 5611 minore
955 5554 1066 5609 haec
1095 5552 1399 5609 accuratius
1435 5553 1507 5606 ita
1553 5553 1924 5622 explicantur:

340 5623 603 5695 armabat
628 5624 769 5678 enim
800 5623 1052 5679 eumdem
1106 5638 1265 5695 avum
1294 5625 1479 5695 Auftrar
1503 5630 1717 5695 centum
1754 5638 1927 5695 armos

342 5695 562 5766 ﬁxisse,
594 5694 873 5765 ipsamque
909 5694 1261 5765 lengzcvitatis
1290 5692 1725 5751 benedictionem
1752 5693 1802 5748 in
1833 5710 1925 5764 pa-

2032 4563 2230 4617 unitas.
2263 4560 2651 4617 Consecratum
2676 4577 2805 4629 ergo
2834 4560 3071 4615 destinat
3098 4560 3165 4616 ad
3195 4561 3375 4617 omnia
3405 4577 3620 4632 promp-

2031 4654 2315 4717 tissimum,
2346 4661 2406 4706 ut
2431 4652 2627 4708 Paulus
2656 4652 3021 4717 Timotheum,
3046 4652 3100 4707 in
3140 4668 3277 4722 opus
3305 4652 3612 4716 ministerii,

2028 4744 2081 4798 in
2109 4743 2519 4798 aediﬁcationem
2548 4743 2798 4813 corporis
2825 4742 3053 4807 Christi;
3081 4752 3139 4798 ut
3183 4742 3471 4808 discurrat,
3504 4742 3613 4799 fes-

2027 4835 2190 4900 tinet,
2217 4835 2382 4889 instet
2402 4842 2728 4904 opportune,
2753 4834 3093 4903 importune;
3112 4840 3325 4901 arguat,
3344 4833 3614 4897 obsecret,

2026 4925 2079 4980 in
2107 4924 2252 4980 omni
2280 4923 2535 4994 patientia
2583 4931 2639 4977 et
2682 4922 2949 4977 doctrina.
3004 4921 3124 4991 Ipse
3172 4936 3299 4975 vero
3346 4920 3621 4975 theoricus

2024 5016 2446 5087 contemplator,
2506 5024 2565 5068 ut
2616 5014 2803 5069 mundi
2854 5012 3209 5084 opprimentis
3254 5011 3504 5082 perfuga,
3563 5018 3625 5064 ut

2025 5123 2210 5178 passer
2239 5106 2511 5162 solitarius
2539 5106 2593 5160 in
2623 5113 2786 5170 tecto,
2834 5104 3104 5174 gaudebat
3146 5104 3392 5167 nimium,
3439 5102 3616 5171 ruptis

2025 5214 2206 5254 rerum
2238 5197 2575 5265 retinaculis,
2597 5196 2788 5267 pennis
2807 5195 2994 5251 aeterni
3013 5196 3213 5250 amoris
3241 5192 3309 5247 ad
3326 5191 3620 5245 Dominum

2029 5290 2268 5357 evolare,
2301 5289 2354 5343 in
2376 5289 2579 5357 Optima
2606 5296 2759 5357 parte
2782 5286 2962 5341 Maria:
2990 5287 3352 5354 requiescere,
3384 5282 3485 5337 soli
3510 5281 3629 5339 Deo

2034 5395 2251 5449 vacare,
2281 5380 2522 5437 revelata
2548 5377 2685 5435 facie
2714 5379 2898 5448 gloriae
2929 5375 3136 5433 Domini
3168 5374 3443 5441 assistere,
3471 5376 3622 5443 ejus-

2035 5569 2168 5614 tnem
2217 5574 2371 5613 suum
2420 5554 2791 5628 descendisse;
2853 5553 2904 5605 in
2949 5565 3007 5603 se
3042 5547 3226 5628 .etizun
3278 5547 3622 5605 centenarios

2032 5630 2434 5702 progenitormn
2461 5641 2630 5683 annos
2658 5626 2817 5691 longe
2843 5626 3166 5675 εχεωνιειε.
