4118 6332
476 273 537 328 91
1672 264 1827 321 \‘lTA
1868 259 2112 321 SANCTI
2150 260 2531 322 AUGUSTINL
3669 260 3753 325 αἱ.

468 396 578 454 que
601 389 855 452 perpetua
879 379 1025 453 pasci
1046 379 1345 437 dulcedine.
1373 377 1521 433 Tunc
1545 376 1759 432 demum
1786 389 1845 431 se
1865 373 2049 429 vivere
2075 372 2127 434 Α
2151 381 2388 439 auctore,
2412 374 2723 432 condiderat
2745 372 3211 447 praelectissirnus
3231 370 3572 441 Laurentius,
3596 371 3735 429 facta

470 487 535 529 ac
564 486 806 540 regnare,
855 480 984 527 tunc
1026 470 1258 541 primum
1300 484 1360 524 se
1406 468 1636 538 cmpisse
1685 466 1889 522 servire
1932 463 2045 519 Deo

471 561 742 616 credebat.
791 559 1075 632 Nunquam
1130 569 1309 614 tamen
1356 556 1554 613 defecit
1600 555 1869 611 dominica
1898 555 2047 609 lucra

472 665 691 720 augere,
735 651 787 705 in
818 650 1187 707 conveniendo
1218 649 1444 720 populos
1485 649 1539 703 in
1584 663 1749 702 unum
1797 655 1853 702 et
1904 647 2050 716 ipsos

475 753 632 808 reges
660 751 720 794 ut
762 741 1002 797 serviant
1031 739 1258 795 Domino
1283 757 1294 791 :
1328 752 1590 807 nusquam
1614 737 1820 803 deerat,
1848 736 1935 790 ubi
1964 735 2045 789 di-

472 828 597 882 vina
636 843 724 883 res
752 830 1077 899 postulabat.
1119 827 1288 893 Nune,
1311 836 1370 881 ut
1382 826 1580 897 aquila,
1602 825 1668 880 ad
1693 840 1924 896 superna
1954 839 2051 880 vo-

473 920 652 987 labat;
674 937 833 988 nunc,
853 922 1117 977 dominica
1141 927 1629 991 poscente,pascua
1644 919 1747 973 ima
1762 917 2046 973 revisehat.

545 1010 631 1065 51.
676 1012 811 1077 Quid
848 990 1006 1081 longa
1052 990 1498 1080 tergiversatione
1537 1009 1738 1063 exitum
1773 1008 2055 1078 praesentis

470 1103 604 1159 lucis
639 1104 768 1159 dare
797 1103 1048 1158 formidat
1076 1103 1289 1159 oratio?
1316 1101 1555 1156 Tandem
1586 1099 2053 1156 victoriosissimus

472 1194 673 1248 athleta
704 1193 934 1257 Domini,
967 1194 1020 1248 in
1045 1194 1191 1249 omni
1210 1192 1495 1249 sanctitate
1516 1199 1571 1247 et
1592 1190 1905 1246 meritorum
1930 1204 2055 1260 per-

472 1282 705 1337 fectione
732 1298 958 1339 excurso
985 1283 1111 1337 vitae
1131 1281 1324 1350 stadio,
1346 1282 1590 1353 pervenit
1619 1279 1689 1335 ad
1723 1280 1963 1336 bravium
1991 1295 2055 1336 ac

469 1370 561 1427 diu
588 1371 891 1427 desiderata
915 1373 1106 1428 azterni
1129 1373 1275 1441 regni
1296 1373 1531 1442 praemia.
1562 1370 1681 1428 Jam
1702 1372 1931 1443 pulsanti
1962 1386 2057 1441 per

469 1462 837 1532 aegritudinem
862 1462 1093 1518 Domino
1121 1463 1349 1534 aperuit,
1375 1478 1499 1518 cum
1523 1463 1865 1518 inenarrabili
1889 1463 2058 1533 tripu-

471 1553 563 1610 dio
590 1562 646 1609 et
673 1554 971 1609 aromatico
992 1554 1281 1623 gratiarum
1308 1552 1593 1609 sacrificio.
1625 1552 1762 1608 Tum
1780 1552 2057 1621 magnani-

470 1661 560 1701 mo
586 1653 822 1715 paternae
848 1644 1151 1701 dilectionis
1176 1644 1369 1701 aﬂ'ectu
1396 1644 1801 1708 exhortabatur,
1835 1654 1945 1698 tam
1971 1659 2059 1699 re-

2149 463 2427 533 magniﬂca
2456 464 2813 532 dedicatione,
2845 481 2968 522 cum
2993 464 3343 521 devotissimo
3371 477 3500 532 rege
3531 456 3740 539 Ethelf

2148 556 2304 612 berlo
2323 565 2379 611 et
2398 557 2624 613 conﬁnis
2660 558 2863 627 Anglia:
2883 557 3117 629 populis,
3138 555 3433 613 recondidit
3454 556 3510 610 in
3529 555 3738 624 aquilo-

2151 646 2254 700 nali
2297 646 2550 704 videlicet
2591 647 2830 717 ejusdem
2869 662 3035 704 sacras
3082 648 3220 703 aulae
3257 647 3494 718 porticu,
3543 646 3634 701 ubi
3682 646 3746 703 in

2148 745 2350 792 :eterna
2378 738 2637 809 memoria
2679 738 2914 795 crelestis
2939 738 3092 806 regni
3134 738 3444 809 depositum
3472 737 3757 803 thesauri-_

2153 828 2318 882 zavit.

2222 917 2310 972 55.
2333 916 2440 982 Sed
2459 918 2585 973 dum
2609 918 2925 981 festinamus
2944 928 3053 975 tam
3084 918 3227 990 piam
3250 919 3529 976 historiam
3557 919 3734 984 ﬁnire,

2152 1008 2325 1064 adhuc
2335 1008 2604 1065 obstinate
2625 1018 2894 1077 tenemur,
2911 1019 2966 1067 et
2981 1009 3138 1079 hujus
3158 1009 3398 1079 Angelici
3418 1010 3521 1066 loci
3536 1011 3743 1081 gratio-

2152 1112 2211 1153 sa
2232 1097 2517 1166 dulcedine
2531 1107 2906 1156 etsanctorum
2930 1100 3206 1156 charitatis
3223 1099 3431 1155 inﬁnito
3456 1098 3745 1173 charisma-

2154 1197 2228 1255 te,
2260 1189 2403 1259 quod
2424 1189 2577 1246 sedet
2609 1192 2855 1262 saturosf,
2889 1198 3099 1246 saturet
3113 1190 3495 1259 desideriosos,
3514 1189 3749 1245 dulciter

2156 1279 2263 1353 [Αιμ
2273 1323 2289 1349 ,
2305 1278 2460 1335 dulce
2476 1279 2577 1354 est]
2588 1280 3089 1353 recolere,qualiter
3102 1282 3251 1336 illam
3260 1281 3525 1351 porticum
3538 1288 3631 1349 tot
3642 1281 3748 1353 pri:

2157 1385 2367 1427 morum
2390 1370 2720 1426 eruditorum
2749 1362 3057 1438 Britanniae,
3089 1372 3198 1426 imo
3214 1379 3295 1427 tot
3315 1371 3626 1443 angelorum
3646 1369 3746 1426 Dei

2156 1448 2395 1520 coelestia
2424 1462 2767 1533 impleverint
2793 1462 3105 1519 mausolaea.
3142 1462 3199 1516 In
3231 1462 3425 1534 quibus
3469 1469 3752 1532 gratanter

2158 1560 2243 1609 est
2267 1554 2822 1624 animadvertendum,
2868 1568 3031 1624 quam
3061 1567 3322 1624 generosa
3352 1554 3575 1625 pignora
3623 1554 3750 1609 uni-

2160 1646 2382 1702 versalis
2430 1655 2603 1702 mater
2638 1645 2807 1701 Roma
2856 1646 3104 1713 ediderit,
3135 1661 3255 1718 qum
3283 1646 3384 1716 ipsi
3436 1645 3761 1701 Britannico.

468 1748 592 1804 gem
615 1743 671 1791 et
698 1735 988 1807 principes,
1032 1752 1189 1807 quam
1219 1737 1418 1791 clerum
1450 1744 1504 1791 et
1531 1736 1808 1806 populum,
1851 1736 2053 1792 servire
2082 1734 2133 1794 Β
2154 1738 2368 1795 Oceano
2396 1746 2576 1809 patres
2604 1750 2661 1801 et
2690 1739 3027 1813 institutores
3067 1738 3398 1809 existerent:
3441 1751 3581 1807 quos
3619 1734 3755 1793 dum

469 1821 699 1879 Domino
727 1824 781 1879 in
803 1824 1027 1891 timore;
1051 1834 1106 1881 et
1134 1825 1427 1895 profanatis
1447 1822 1865 1880 daemonicorum
1886 1824 2051 1881 sacri-

470 1914 711 1970 liciorum
737 1914 1006 1984 sordibus,
1033 1917 1086 1971 in
1116 1915 1219 1972 fide
1239 1915 1433 1972 Christi
1460 1916 1711 1971 divinitus
1728 1916 1829 1971 sibi
1859 1915 2053 1971 tradita

473 2003 820 2060 immobiliter
846 2020 1229 2076 perseverare;
1271 2014 1326 2061 et
1362 2006 1452 2060 uni
1498 2006 1608 2060 Deo
1651 2007 1774 2060 vivo
1804 2013 1858 2060 et
1901 2020 2049 2071 vero,

475 2094 579 2150 tide
600 2104 655 2149 et
674 2110 859 2151 amore
902 2104 1162 2166 perpetuo
1203 2096 1507 2162 adhaerere;
1536 2096 1758 2165 ejusque
1782 2096 2050 2161 mandata,

468 2199 567 2255 per
592 2185 870 2240 inunctum
894 2183 1198 2254 pontificem
1229 2201 1292 2240 ac
1319 2185 1619 2241 dominicos
1647 2185 1939 2250 ministros,
1968 2184 2053 2239 di-

472 2273 701 2342 ligenter
722 2275 1030 2329 observare.
1060 2273 1216 2329 Venit
1239 2290 1368 2344 ergo
1400 2274 1517 2331 ﬁnis
1547 2275 1893 2330 mundialium
1923 2291 2054 2346 pro-

470 2364 756 2432 cellarum,
780 2372 837 2421 et
864 2365 1037 2421 illuxit
1065 2381 1259 2421 aurora
1282 2375 1603 2422 antemarum
1628 2368 1931 2423 lzetitiarum
1963 2385 1975 2420 :
1999 2375 2056 2421 et

469 2454 756 2511 benedicta
772 2470 919 2525 rege,
937 2465 994 2511 et
1018 2456 1331 2511 confirmata
1349 2459 1400 2512 in
1426 2457 1638 2513 Christo
1659 2458 1924 2527 primitiva
1946 2472 2054 2513 sua:

468 2547 731 2617 geniturae
760 2545 1022 2614 Ecclesia,
1048 2547 1361 2617 relinquens
1390 2549 1638 2604 omnibus
1669 2556 1942 2619 perpetuae
1967 2548 2056 2603 di-

470 2638 720 2695 lectionis
766 2640 989 2711 pignora
1038 2640 1317 2710 beatzrque
1363 2641 1488 2694 vita:
1536 2639 1881 2705 documenta,
1915 2639 2056 2695 inter

470 2738 777 2786 sanctorum
798 2729 1068 2787 sociorum
1090 2729 1584 2800 discipulorumque
1614 2729 1911 2800 lacrymosa
1927 2745 2056 2784 exa-

472 2820 637 2886 mina,
668 2830 845 2876 stante
868 2822 1028 2877 beato
1056 2819 1343 2875 Laurentio
1366 2835 1488 2875 cum
1520 2814 1703 2890 populi
1732 2820 2052 2889 frequentia,

474 2913 723 2984 deposita
747 2914 955 2969 sarcina
977 2914 1155 2968 carnis
1181 2913 1468 2973 assumitur
1495 2913 1548 2967 in
1570 2912 1787 2979 celum,
1819 2928 1938 2969 cum
1965 2928 2055 2966 su-

480 3019 771 3075 pernarum
800 3006 1056 3059 virtutum
1102 3003 1373 3074 triumpho
1403 3012 1460 3060 et
1486 3004 1674 3073 gloria,
1707 3019 1832 3059 (um
1856 3004 2057 3057 inaesti-

476 3095 659 3151 nahili
676 3096 914 3151 omnium
934 3111 1165 3151 occursu
1185 3103 1240 3150 et
1260 3103 1480 3165 receptu
1502 3095 1935 3165 sempiternaque
1957 3093 2051 3148 lae-
2078 3093 2126 3161 ο

474 3186 611 3241 titia.
645 3183 690 3240 Ο
710 3195 910 3255 quanto
937 3185 1203 3242 solemnia
1218 3185 1511 3242 adornatur
1535 3192 1592 3240 et
1622 3193 1913 3241 coronatur
1927 3193 2052 3241 tunc

472 3292 631 3333 omne
642 3277 1110 3343 cmlum,videlicet
1132 3277 1199 3332 ad
1213 3286 1318 3332 tam
1334 3277 1578 3347 praeclari
1597 3276 1728 3332 civis
1739 3276 2050 3333 adventum.

471 3368 729 3425 Ambiunt
749 3371 994 3425 aetherem
1016 3378 1204 3426 turma:
1232 3371 1487 3425 victorem
1510 3369 1879 3439 palmigerum,
1906 3369 2047 3423 invi-

471 3466 588 3513 tant
602 3459 830 3528 apostoli
848 3462 900 3512 in
927 3474 1053 3513 suas
1074 3460 1229 3517 sedes
1238 3460 1442 3514 socium
1456 3457 1831 3528 apostolicum,
1846 3456 2056 3513 vallant

472 3559 768 3621 purpurata
799 3560 978 3606 castra
1007 3559 1297 3622 martyrum
1322 3550 1686 3621 martyrialem
1718 3549 2049 3619 signiferum,

474 3640 876 3710 amplectuntur
899 3642 1158 3710 insignem
1187 3640 1521 3696 hierarcham
1543 3639 1875 3711 splendentia
1890 3642 2056 3710 agmi-

474 3745 542 3784 na
572 3731 938 3787 confessorum
967 3732 1358 3788 etvenerabilis
1385 3733 1537 3787 turba
1568 3731 2057 3797 sacerdotum,can-

474 3828 590 3875 tant
616 3820 858 3877 dulcibus
883 3824 1093 3894 hymnis
1105 3824 1399 3880 candentes
1413 3823 1564 3879 chori
1585 3824 1844 3893 virginum
1865 3825 2053 3880 ducem

475 3911 771 3978 virgineum
794 3929 807 3977 ;
831 3925 997 3981 utque
1025 3930 1121 3968 usu
1147 3914 1361 3969 mortali
1383 3906 1665 3985 loquamur
1695 3912 1785 3969 illa
1809 3914 2054 3970 inell'abi-

475 4000 545 4055 lia
569 4014 903 4059 sacramenta
926 4021 1279 4074 supernorum
1305 4014 1821 4069 concentuum,tunc
1846 4008 1933 4062 illa
1946 4023 2055 4061 ma-

474 4107 576 4161 gna
597 4091 894 4149 Jerusalem
916 4096 1090 4164 magni
1112 4098 1253 4165 regis
1280 4098 1467 4152 civitas
1496 4097 1654 4152 simul
1679 4098 1809 4153 vidit
1830 4098 2056 4168 populos

473 4189 533 4239 et
556 4183 723 4239 tribus
745 4199 892 4253 suas,
919 4184 1077 4239 simul
1098 4186 1148 4240 in
1173 4187 1449 4253 Augustini
1479 4188 1744 4257 triumpho
1771 4203 2062 4257 personan-

480 4282 562 4331 tes
588 4276 810 4332 Domino
839 4277 1039 4345 gratias
1068 4285 1123 4331 et
1148 4277 1331 4332 laudes
1356 4277 1666 4332 indefessas.
1698 4277 1843 4344 Quos
1871 4294 2056 4334 omnes

475 4381 574 4419 nos
602 4366 787 4431 intimi,
812 4369 937 4423 licet
954 4368 1274 4436 tamindigni
1296 4384 1454 4437 quam
1482 4369 1711 4439 impares
1727 4370 2051 4434 laudatores,

2158 1847 2296 1887 unus
2326 1846 2478 1887 amor
2513 1846 2622 1887 uno
2667 1829 2917 1885 cubiculo
2945 1829 3103 1885 simul
3128 1828 3472 1899 astringeret,
3500 1826 3745 1898 singulos

2155 1932 2412 1994 patronos
2441 1922 2712 1991 sigillatim
2734 1921 3013 1977 distinctos
3038 1920 3220 1991 plures
3246 1919 3495 1999 nationes
3512 1919 3751 1990 propriis

2154 2015 2317 2069 radiis
2346 2013 2631 2084 praeclaros
2659 2012 2940 2091 haberent.
2971 2009 3173 2074 Horum
3218 2009 3750 2081 pmcellentissimus

2156 2105 2503 2173 Augustinus,
2527 2101 2871 2157 Laurentium
2896 2099 3012 2170 ejus
3038 2099 3624 2170 templidedicatorem,
3644 2099 3748 2153 sibi

2158 2178 2530 2263 successorem
2569 2194 2651 2265 (ut
2680 2199 3155 2263 praemonstratum
3186 2190 3291 2261 est)
3322 2189 3560 2254 creavit;
3583 2188 3747 2245 Melli-

2166 2297 2277 2343 tum
2306 2285 2618 2353 Lundonir,
2658 2282 2872 2339 Justum
2923 2281 3161 2338 Rotfensi
3205 2279 3448 2336 ecclesia:
3470 2279 3752 2350 episcopos

2159 2377 2463 2443 ordinavit;
2493 2390 2631 2445 quos
2673 2382 2841 2444 utque
2889 2379 3113 2443 propter
3153 2369 3429 2425 Christum
3476 2368 3748 2433 exiliatus,

2157 2473 2345 2529 tertius
2367 2472 2614 2537 Mellitus,
2633 2478 2859 2541 quartus
2875 2467 3058 2545 Justus
3085 2479 3372 2535 successor
3398 2464 3633 2534 excepit.
3657 2461 3751 2539 His

2158 2575 2184 2603 α
2199 2564 2465 2621 Honorius
2486 2571 2541 2619 et
2555 2564 2669 2635 ipse
2686 2563 2940 2617 Romanae
2968 2557 3361 2619 informationis
3382 2555 3558 2611 honor
3576 2555 3712 2625 deco
3725 2585 3744 2599 ο

2159 2671 2338 2724 rosus,
2362 2669 2601 2710 annexus
2623 2661 2705 2708 est
2732 2651 2973 2722 quintus.
3001 2638 3196 2705 Sextus
3224 2645 3516 2728 Deusdedit
3537 2645 3749 2712 ordite,

2157 2746 2252 2803 sed
2258 2732 2467 2817 primus
2482 2746 2579 2823 llos
2600 2740 3051 2823 gentisAnglicm,
3069 2742 3123 2798 in
3147 2740 3512 2797 Romanorum
3534 2746 3765 2819 patrum.

2158 2838 2371 2893 transiit
2395 2822 2845 2907 conscrip'tionem
2870 2852 2884 2889 :
2910 2835 3060 2905 cujus
3081 2833 3330 2904 primitiis
3357 2847 3425 2888 ex
3450 2830 3641 2899 Anglia
3665 2830 3752 2884 ni-

2157 2928 2233 2984 hil
2256 2929 2459 2998 gratius
2481 2928 2719 2983 habuere
2766 2925 3111 2982 Dorobernia:
3159 2912 3401 2979 Romana
3455 2920 3744 2991 principia.

2156 3020 2427 3091 Septimus
2455 3028 2671 3090 quoque
2697 3016 3036 3093 Theodorus,
3067 3014 3327 3093 Romana:
3348 3074 3349 3077 η
3368 3011 3744 3082 praecellentia

2160 3114 2478 3175 subsecutor
2515 3110 2788 3181 egregius,
2828 3109 2971 3165 almo
3001 3108 3298 3177 Augustino
3325 3121 3355 3161 a
3376 3106 3568 3161 dextro
3606 3119 3740 3159 con-

2161 3206 2402 3276 sepultus
2445 3212 2529 3258 est
2566 3202 2763 3269 latere,
2812 3215 2917 3256 una
2959 3208 3168 3255 tantum
3211 3195 3610 3277 monasterialis
3639 3193 3749 3255 alvi

2158 3294 2391 3351 maceria
2420 3293 2706 3359 interstite,
2734 3291 2858 3361 quia
2887 3289 3124 3344 nondum
3152 3287 3477 3359 amplificata
3507 3286 3749 3357 porticus

2158 3400 2348 3440 omnes
2389 3383 2671 3452 nequierat
2721 3381 2997 3450 suscipere
3035 3397 3049 3434 :
3095 3393 3201 3449 qua
3250 3386 3438 3448 postea
3495 3375 3743 3439 dilatata,

2158 3474 2242 3529 his
2271 3473 2471 3528 sanctis
2500 3472 2837 3527 consortibus
2867 3470 3171 3543 adjungitur
3209 3469 3457 3545 omnibus
3490 3466 3769 3545 amandus.

2158 3565 2368 3621 saeculis
2394 3564 2680 3630 Adrianus,
2711 3563 2948 3633 ejusdem
2976 3563 3287 3619 monasterii
3316 3562 3483 3618 abbas
3511 3561 3745 3617 clemen-

2158 3656 2422 3722 tissimus;
2465 3658 2556 3726 qui
2598 3657 2665 3711 ah
2710 3656 3005 3726 apostolico
3050 3655 3237 3711 Roma:
3283 3654 3640 3710 electissimus
3689 3653 3769 3729 in.

2160 3749 2589 3819 archiprzesulem
2608 3748 2970 3813 Dorobernizc,
2987 3748 3157 3818 ipsum
3173 3748 3390 3803 beatum
3405 3747 3750 3802 Theodorum
3766 3810 3774 3817 δ

2158 3840 2379 3895 adduxit
2406 3856 2501 3911 pro
2531 3855 2611 3907 se,
2657 3856 2779 3896 cum
2806 3855 2915 3910 quo
2945 3840 3145 3909 Anglos
3168 3839 3297 3895 fecit
3347 3840 3606 3895 docibiles
3649 3840 3746 3896 Dei

2159 3940 2268 3986 tant
2295 3929 2478 3987 Graeca
2494 3948 2653 4002 quam
2687 3931 2874 3985 Latina
2901 3931 3228 3986 eruditione.
3259 3930 3388 3986 Item
3420 3930 3743 4002 candidissi-

2158 4028 2305 4077 mum
2332 4037 2400 4077 ex
2428 4022 2608 4091 Anglis
2631 4022 2796 4075 lilium
2821 4022 2965 4091 regia
3008 4020 3205 4076 Christi
3238 4021 3386 4089 virgo
3432 4020 3743 4082 Mildretha,

2158 4129 2256 4169 suo
2282 4113 2518 4169 candore
2567 4112 2867 4181 gratissime
2905 4112 3137 4166 illustrat
3160 4110 3439 4181 splendida
3468 4118 3743 4165 tantorum

2159 4212 2369 4275 patrum
2392 4212 2727 4259 ornamenta.
2751 4202 2952 4256 llorum
2977 4203 3135 4270 igitur
3154 4202 3393 4257 omnium
3412 4210 3603 4256 auctor
3616 4186 3768 4256 bea-A

2158 4296 2393 4351 tissimus
2418 4308 2553 4363 papa
2582 4291 2891 4362 Gregorius,
2916 4293 3121 4347 habens
3144 4291 3314 4347 altare
3337 4289 3571 4346 medium
3599 4290 3771 4368 velut‘

2162 4387 2441 4457 patricium
2464 4385 2677 4449 solium,
2704 4385 2979 4454 ipsamque
2999 4399 3217 4439 servans
3237 4384 3346 4439 Deo
3366 4383 3595 4439 dicatam
3617 4398 3748 4452 por-

474 4471 860 4526 proscquamur
901 4467 959 4515 ut
986 4472 1269 4528 possumus
1300 4473 1406 4512 non
1453 4459 1849 4525 exsequialibus
1877 4460 2054 4528 planc-

2166 4479 2350 4543 ticum,
2383 4486 2584 4531 :cterna
2636 4476 2924 4532 dilemione
2969 4476 3441 4545 circumplectitur,
3473 4490 3605 4549 non
3635 4482 3771 4547 tam”.

474 4553 638 4620 tibus,
659 4553 751 4608 sed
777 4553 859 4608 his
881 4553 1284 4623 triumphalibus
1303 4552 1548 4606 cantibus
1573 4569 1585 4605 τ
1616 4551 1842 4620 Regnas,
1860 4554 2063 4624 Augus-

478 4643 608 4707 tine,
647 4642 866 4712 Augusti
911 4644 1093 4698 sreculi
1130 4644 1348 4697 nomine
1389 4653 1444 4697 et
1469 4643 1725 4708 dignitate
1753 4645 2051 4712 sublimior,

473 4734 565 4802 qui
591 4732 786 4787 auxisti
803 4748 917 4787 rem
932 4731 1128 4787 Christi
1147 4734 1433 4802 publicam,
1451 4742 1506 4787 et
1524 4733 1779 4789 Romana:
1803 4733 2053 4791 Ecclesia:

475 4826 714 4895 adjecisti
745 4825 1103 4893 Britanniam,
1145 4826 1332 4879 melius
1374 4840 1534 4893 quam
1571 4826 1748 4881 Caesar
1780 4827 2051 4895 Augustus

476 4915 734 4970 Romanis
755 4918 946 4985 opibus
973 4914 1372 4969 Alexandriam.
1400 4913 1477 4969 Te
1504 4929 1658 4984 reges
1684 4924 1741 4971 et
1776 4918 2046 4987 principes

476 5015 532 5063 et
557 5016 776 5064 senatus
819 5007 1131 5075 Anglorum,
1161 5013 1217 5060 et
1254 5005 1410 5060 turba
1440 5009 1676 5074 gentium
1721 5010 2049 5063 comitantur

477 5096 531 5150 in
556 5098 784 5162 caelum;
819 5105 870 5150 te
892 5094 1066 5164 angeli
1095 5102 1149 5149 et
1176 5095 1479 5165 archangeli
1500 5098 1919 5167 triumphantem
1956 5099 2049 5154 de-

477 5189 699 5253 ducunt,
735 5191 911 5245 throni
933 5198 989 5248 et
1014 5189 1404 5248 dominationes
1425 5194 1694 5264 excipiunt
1710 5235 1726 5260 ,
1755 5202 1806 5247 te
1827 5202 2053 5249 coronat

477 5276 594 5334 Rex
613 5295 815 5348 regum.

552 5369 641 5427 52.
675 5371 1118 5431 Pretiosissimam
1142 5389 1270 5430 vero
1288 5375 1406 5443 ejus
1427 5375 1668 5446 corporis
1691 5376 2052 5445 margaritam,

483 5462 536 5518 in
553 5462 669 5533 ipso
684 5466 978 5535 apostolico
998 5476 1052 5522 et
1071 5467 1234 5535 regali
1250 5469 1597 5533 monasterio,
1616 5468 1757 5537 quod
1782 5469 1915 5540 ipse,
1940 5469 2053 5525 Deo

557 5625 579 5651 ⁸
628 5616 901 5690 Colorum:
932 5628 1219 5690 seqUentes
1250 5637 1262 5672 :
1290 5619 1557 5690 Honorius
1598 5618 1667 5673 50
1695 5618 2047 5689 Septembris,

488 5685 769 5742 Deusdedit
789 5688 855 5743 50
879 5685 1040 5757 Junii,
1064 5690 1362 5745 Theodorus
1386 5688 1451 5743 19
1474 5685 1829 5760 Septembris,
1857 5685 2047 5747 Adriaé

2162 4566 2349 4623 funera
2378 4567 2837 4637 consepultorum,
2860 4582 3021 4636 quam
3044 4567 3272 4622 triclinia
3301 4567 3699 4633 convivantium
3726 4584 3765 4619 ε,

2161 4666 2287 4713 ante
2312 4674 2499 4714 omnes
2526 4673 2655 4713 vero
2708 4658 2809 4714 sibi
2839 4658 3085 4727 astringit
3129 4658 3505 4727 Augustinum,
3545 4668 3606 4712 ut
3631 4672 3741 4712 sua:

2157 4748 2510 4803 institutionis
2531 4748 2910 4817 primicerium,
2940 4763 3049 4802 sua:
3075 4749 3445 4818 parturitionis
3473 4748 3744 4818 primoge-

2155 4840 2347 4901 nitum,
2381 4848 2435 4894 et
2460 4838 2571 4891 vita
2598 4845 2652 4891 et
2676 4838 2865 4892 ordine
2897 4838 3147 4908 primum.
3169 4839 3361 4894 Cartcri
3388 4852 3606 4909 quoque
3637 4835 3730 4890 lilii

2151 4935 2241 5003 qui
2269 4939 2676 5002 protoparentes
2703 4931 3052 4988 ecclesiastici
3091 4942 3217 4987 sunt
3258 4932 3478 5000 Anglice,
3530 4945 3747 4987 accum-

2150 5024 2438 5079 huntsicut
2459 5023 2682 5077 novellae
2701 5024 2960 5079 olivarum
2980 5024 3033 5078 in
3060 5024 3282 5079 circuitu
3306 5038 3504 5079 mensae
3528 5038 3657 5078 suae.
3686 5022 3743 5077 In

2150 5116 2455 5171 authentica
2502 5131 2600 5185 pro
2648 5116 3166 5186 prmeminentissimi
3222 5118 3506 5187 Augustini
3553 5118 3755 5177 tumba,

2151 5205 2479 5276 epitaphium
2495 5207 2753 5275 scriptum
2778 5217 2860 5262 est
2885 5207 3255 5276 hujuscemodi
3286 5226 3299 5261 :
3325 5209 3424 5264 Hic
3450 5208 3749 5277 requiescit

2154 5294 2401 5351 dominus
2452 5298 2797 5367 Augustinus,
2843 5297 3265 5355 Dorohernensis
3310 5299 3745 5370 archiepiscopus

2158 5384 2381 5453 primus,
2403 5386 2493 5454 qui
2518 5386 2642 5439 olim
2666 5386 2768 5441 huc
2787 5401 2817 5440 a
2837 5385 2999 5441 beato
3024 5387 3284 5457 Gregorio
3308 5388 3567 5443 Romanae
3590 5389 3736 5444 urbis

2157 5474 2411 5544 pontiﬁce
2434 5475 2686 5540 directus,
2712 5485 2766 5531 ct
2791 5492 2821 5530 a
2851 5477 2960 5532 Deo
2990 5479 3315 5547 operat-ioue
3352 5479 3737 5536 miraculorum

2159 5582 2312 5683 nusl9
2333 5627 2595 5694 Januarii,
2627 5628 2906 5685 Mildretha
2937 5629 3002 5684 l3
3033 5629 3175 5686 Julii.
