4118 6332
272 343 344 402 9'5
951 340 1193 398 SANCTI
1232 338 1600 398 AUGUSTINI
1638 336 2013 395 ANGLORUM
2051 337 2380 395 APOS'I'OLI
2423 337 2871 395 MONUMENTA.
3486 330 3563 393 9|

275 453 546 519 sullnltus,
598 452 996 510 Ethelbertum
1044 469 1224 523 regem
1272 469 1336 509 ac
1385 461 1601 524 gentem
1630 452 1774 508 illius
1804 453 1872 507 ab
1900 457 1950 514 Α

274 548 546 605 idolorum
563 546 709 603 cultu
730 546 797 601 ad
842 546 1038 601 Christi
1084 547 1239 602 Iidem
1262 537 1531 619 perduxit,
1555 554 1611 602 et
1630 544 1871 617 comple-

275 642 348 697 tis
371 640 423 695 in
443 654 580 709 pace
605 638 795 694 diebus
823 638 985 693 ofﬁcii
1014 639 1096 693 sui
1146 638 1427 694 defunctus
1480 646 1583 701 est,
1637 636 1871 706 septimo

276 731 554 786 Kalendas
572 730 777 793 Junias,
793 730 984 785 eodem
1000 744 1125 799 rege
1147 739 1425 798 regnante.
1458 729 1535 785 De
1550 729 1633 783 bis
1656 741 1872 797 quoque

275 833 489 893 septem
518 822 702 893 primis
732 821 968 889 Anglicas
1015 823 1258 877 ecclesiae
1288 822 1557 877 columnis
1575 859 1591 888 ,
1642 819 1873 889 Tarpeia

273 913 345 969 de
373 928 506 983 rupe
533 913 721 968 Romae
747 914 963 977 excisis,
995 912 1052 967 hi
1078 928 1265 968 versus
1294 913 1691 969 substituuntur
1717 929 1731 965 :

406 1006 608 1067 Septem
634 1008 867 1068 primates
886 1014 1001 1055 sunt
1023 1005 1196 1067 Anglis
1220 1013 1272 1054 et
1298 1011 1625 1068 protopatres,

404 1069 611 1131 Septem
635 1077 859 1131 rectores
870 1076 1168 1131 septemque
1195 1080 1284 1129 per
1308 1069 1456 1131 aethra
1484 1069 1699 1131 triones;

405 1128 610 1189 Septem
635 1136 748 1179 sunt
770 1128 949 1187 stellae,
974 1129 1061 1178 has
1084 1128 1224 1179 tenet
1247 1130 1392 1177 unius
1416 1140 1532 1175 area
1554 1128 1693 1177 cellae
1714 1142 1728 1189 ;

407 1192 612 1253 §eptem
638 1194 864 1253 cisternas
889 1193 1021 1248 vitai,
1045 1199 1339 1253 septemque
1365 1191 1608 1251 lucernae;

408 1252 472 1314 Et
493 1260 690 1314 septem
713 1252 885 1313 palma:
909 1255 1073 1313 regni.
1098 1252 1391 1314 Septemque
1410 1263 1620 1300 coronae.

407 1313 535 1425 Snin
556 1312 689 1362 oculi
712 1312 928 1376 Septem,
951 1312 1126 1375 quibus
1146 1312 1513 1375 hunctihristus
1530 1314 1664 1364 videt
1683 1312 1878 1376 orbem,

456 1381 477 1424 t
501 1376 653 1425 currit
675 1374 887 1424 mundus
909 1383 1103 1425 sentem
1123 1388 1212 1425 ner
1235 1374 1377 1425 saecla
1405 1375 1598 1424 diebus.

456 1381 477 1424 t
501 1376 653 1425 currit
675 1374 887 1424 mundus
909 1374 1103 1438 septem
1121 1388 1212 1438 per
1235 1374 1377 1437 ποια
1405 1375 1598 1424 diebus.

352 1474 560 1532 Horum
584 1476 740 1543 tituli,
763 1493 855 1531 suo
877 1476 1058 1531 ordine
1081 1494 1237 1549 super
1254 1479 1451 1548 scripti,
1471 1486 1591 1531 sunt
1608 1476 1663 1531 hi
1684 1493 1703 1532 :

410 1565 522 1630 Dux
549 1567 853 1629 Augustinus
874 1566 1112 1630 praecellit
1137 1571 1186 1616 ln
1210 1569 1379 1617 ordine
1403 1571 1584 1630 primus

415 1627 659 1690 Lanrigei'
685 1636 736 1677 et
755 1627 980 1685 mundus,
1004 1628 1237 1680 Laurenti
1262 1630 1383 1679 sede
1405 1627 1669 1680 secundus.

412 1689 617 1752 Tertius
639 1697 715 1739 est
737 1698 908 1752 gratus
934 1690 1170 1751 Mellitus,
1198 1691 1551 1752 melligeratus.

411 1751 626 1809 Quartus
647 1751 788 1815 adest
808 1752 995 1815 Justus,
1024 1752 1195 1815 dulces
1212 1754 1334 1815 dans
1344 1751 1553 1801 nomine
1577 1756 1768 1815 gustus.

412 1816 626 1872 Quintus
651 1813 913 1877 Honorius,
934 1813 1171 1864 Ecclesiae
1195 1814 1330 1875 vigor
1353 1822 1515 1864 exstat
1537 1813 1815 1877 honorque,

360 1965 387 2031 τ
415 1955 760 2031 _Pr:efu_erunt
797 1956 1432 2031 ecclesirtepantnariensi
1461 1959 1877 2031 archiepiscopi,

2102 450 2373 501 Deusdedit
2395 460 2473 500 est
2493 458 2686 511 sextus,
2710 451 2788 499 cui
2804 451 2887 499 dat
2908 459 2997 499 sua
3017 458 3219 511 munera
3241 446 3485 500 Christus.

2098 512 2386 573 Theodorus
2405 512 2545 573 juxta
2566 509 2881 573 (ert'sabbata
2906 511 3143 573 septimus
3167 509 3306 573 alma.

2099 572 2188 636 His
2206 572 2624 636 septem'ducibns
2646 575 2779 634 viget
2800 572 2993 634 Anglia,
3022 578 3191 636 totque
3212 572 3405 621 diebus.

2098 635 2304 685 Additur
2326 643 2523 683 octavus
2546 637 2886 684 monachorum
2910 636 3006 683 dux
3034 635 3295 683 Adrianus.

2098 697 2365 759 Anglorum
2387 698 2528 759 stella
2553 696 2810 759 Mildretha
2837 698 2991 745 rel'ert
3011 709 3097 745 sua
3118 696 3282 759 mella.

2101 755 2225 807 Oct—0
2250 765 2415 819 patres
2436 756 2616 815 nonnae,
2642 757 2822 819 reliqui
2850 759 3141 805 comitantur
3164 755 3351 805 honore

2101 819 2170 869 Ex
2197 821 2366 880 Anglis
2386 821 2505 878 uati,
2536 821 2725 868 meritis
2748 821 2917 869 borum
2941 820 3127 868 sociati.

2100 881 2225 931 Hunc
2249 889 2411 929 manat
2433 882 2556 929 divis
2578 880 2833 940 Evangelii
2858 882 2934 930 via
2958 881 3075 930 rivis
3097 893 3109 927 :

2101 943 2162 1004 ili
2183 943 2341 1004 snut'f
2366 937 2999 1004 Britwoaldus,‘1‘atwinus,
3023 937 3514 1004 vosqueNotbelme,

2107 1003 2167 1065 Et
2185 1006 2283 1065 jam
2309 1003 2476 1060 Berta,
2506 1011 2673 1065 patres
2694 1005 2877 1065 primos
2895 1003 3123 1065 proCeres
3140 1003 3409 1062 imitantes,

2102 1064 2197 1116 Tot
2218 1066 2361 1115 simul
2383 1064 2613 1115 Ecclesiae
2637 1066 2841 1128 cingunt
2861 1064 3072 1115 frontem
3097 1066 3301 1126 pietate.

1981 1190 2059 1247 De
2095 1190 2391 1247 innumeris
2420 1205 2549 1246 vero
2588 1189 2775 1261 signis,
2806 1205 2929 1260 qua:
2970 1190 3025 1245 iu
3065 1189 3172 1246 hoc
3214 1185 3569 1259 requietionis

1982 1296 2092 1338 sure
2123 1281 2474 1346 dormitorio,
2524 1283 2611 1337 vel
2652 1282 2829 1339 ubivis
2881 1282 3117 1352 gentium
3164 1292 3258 1336 aut
3303 1282 3569 1347 locorum,

1982 1372 2175 1427 beatus
2196 1371 2528 1441 Augustinus
2554 1387 2654 1442 pro
2683 1372 2787 1426 ﬁde
2832 1371 3130 1443 petentium
3158 1370 3424 1439 exhibuit,
3464 1370 3571 1425 ali-

1985 1469 2187 1529 quanta
2216 1475 2334 1530 qua:
2363 1460 2597 1516 ﬁdelium
2627 1461 2797 1516 oculis
2845 1460 3070 1533 probata
3100 1458 3222 1526 fuit,
3247 1474 3480 1530 sequens
3506 1458 3575 1514 li-

1986 1554 2158 1610 bellus
2185 1553 2482 1621 enarrabit,
2513 1554 2626 1609 Deo
2673 1569 2773 1609 nos
2801 1554 2855 1609 in
2897 1553 3246 1609 veritate‘sua
3287 1551 3571 1621 dirigente,

1988 1644 2081 1713 qui
2114 1658 2213 1714 per
2239 1644 2418 1698 omnia
2444 1643 2640 1699 saecula
2686 1658 2934 1712 regnans,
2967 1656 3177 1713 semper
3203 1642 3257 1696 in
3286 1641 3488 1697 sanctis
3511 1655 3575 1697 se

1990 1734 2291 1789 mirabilem
2318 1734 2574 1790 ostendit.
2611 1732 2791 1805 (Hunc
2845 1733 3072 1789 libellum
3109 1732 3277 1804 legere
3329 1740 3409 1787 est
3434 1728 3575 1803 apud

1907 1834 1955 1895 β
1982 1824 2226 1880 Bolland.
2251 1834 2373 1880 (om.
2398 1824 2441 1881 γ
2468 1823 2620 1892 Maii,
2651 1842 2771 1897 pag.
2800 1824 2952 1895 862.)

1982 1982 2119 2031 mus,
2147 1942 2363 2020 etvixit
2408 1963 2476 2018 ad
2529 1978 2729 2018 annum
2761 1976 2930 2032 usque
2962 1960 3087 2017 739.
3145 1959 3329 2016 Hicin
3379 1958 3581 2032 tabella

288 2023 672 2107 Brirhwagldgs
701 2027 769 2107 ab
809 2042 952 2082 anno
978 2028 1082 2107 695
1105 2044 1276 2099 usque
1309 2030 1376 2082 ad
1402 2044 1603 2107 annum
1634 2023 1877 2107 Z50,_éni
1980 2023 2181 2107 veteris
2208 2034 2392 2107 altaris
2412 2034 2583 2088 sancti
2606 2023 3067 2107 Augustinietiam
3089 2039 3297 2107 sanctus
3319 2029 3576 2098 habetur,

292 2097 555 2173 successit
606 2097 890 2173 Terminus,
936 2097 1382 2173 mortuusannoA
1402 2098 1505 2153 754
1530 2100 1596 2173 ad
1636 2100 1704 2173 δέ
1750 2100 1876 2173 Julii
1980 2104 2208 2173 ejusque
2269 2103 2469 2159 ibidem
2542 2097 2874 2158 mausoleum
2941 2103 3083 2157 inter
3144 2102 3280 2157 alios
3343 2110 3562 2156 sanctos

286 2167 678 2238 martyrologio
699 2167 993 2237 Anglicano
1022 2168 1332 2239 inscriptus.
1351 2167 1626 2224 Successit
1650 2167 1878 2226 Nothel-

285 2308 2869 2339 ——______—_____—_______—_______

1059 2441 1740 2561 SANG'I‘I
1811 2448 2825 2566 AUGUSTI!!!

1988 2181 2189 2230 exstat.

1590 2632 1944 2688 ANGLORUI
1976 2636 2295 2691 APOS'IOLI
2383 2669 2391 2676 ι

654 2775 1750 2907 PERPAUCA
1882 2779 3235 2914 MONUMENTA

1507 3019 1757 3126 qua;
1834 2999 2351 3094 exstant.

1577 3346 2287 3452 EPISTOLIE.

1844 3522 2099 3537 ’ἡ

370 3612 595 3694 Semini.
607 3610 828 3694 dubium
860 3624 981 3694 esse
1021 3618 1501 3694 potesttsanetum
1532 3612 1887 3694 Augustinum
1917 3617 1963 3676 G
1996 3617 2266 3694 gnstinum
2295 3620 2364 3694 ab
2391 3620 2580 3677 eodem
2609 3620 2873 3679 Pontiﬂce
2901 3620 3133 3694 (scilicet
3159 3618 3313 3694 28m
3340 3616 3411 3675 65
3431 3618 3588 3694 ejus-

292 3686 497 3744 multas
511 3682 766 3753 epistolas
785 3681 1093 3753 scripsisse;
1120 3681 1211 3736 sed
1237 3681 1339 3737 illa:
1361 3681 1746 3753 interciderunt
1771 3702 1889 3739 om-

297 3773 401 3813 nes
416 3751 607 3824 przeter
625 3766 783 3807 unam
805 3753 997 3824 partim
1019 3751 1273 3805 insertam
1291 3754 1344 3824 in
1364 3751 1761 3824 beatiGregorii
1777 3754 1862 3809 Ma
1875 3785 1889 3795 -

299 3828 393 3896 gni
408 3821 634 3896 epistola
654 3822 954 3896 quarvulgo
975 3822 1326 3896 notagstsub
1341 3821 1558 3896 nomine
1578 3822 1895 3895 Responsio-

298 3889 614 3951 ;mutillanc
629 3889 849 3963 videaris,
864 3889 1012 3963 temo
1026 3889 1255 3945 LXXVII
1274 3892 1614 3963 Patrologiae.
1633 3889 1895 3963 sexagesi-

302 3981 448 4021 mam
462 3971 712 4037 quartam
734 3962 856 4037 libri
872 3977 925 4017 ιι
944 3960 1307 4037 Epistolarum
1327 3960 1595 4032 Gregorii.
1617 3963 1674 4037 In
1693 3960 1893 4037 eodem

301 4031 580 4092 volumine
606 4032 846 4089 videndae
874 4031 1005 4088 sunt
1035 4032 1152 4088 alia:
1179 4031 1320 4100 duae,
1353 4031 1567 4103 scriptae
1593 4034 1661 4089 ad
1688 4032 1748 4089 S.
1779 4034 1896 4088 Au-

1996 3689 2118 3763 dem
2146 3688 2238 3742 lib.
2267 3692 2363 3760 χι),
2394 3706 2496 3747 nec
2525 3708 2630 3748 non
2663 3694 2871 3763 aliquot
2898 3688 3016 3747 alim
3054 3692 3104 3745 in
3140 3691 3333 3761 quibus
3359 3688 3591 3763 eximius

1999 3756 2161 3833 Pater
2186 3756 2531 3833 commendat
2557 3756 2866 3833 apostolum
2915 3763 2983 3818 ad
3012 3756 3375 3833 episcoposet
3402 3761 3580 3833 cleros

1998 3828 2058 3904 in
2085 3831 2381 3904 viayrejus
2396 3827 2743 3904 occurrentes
2768 3833 2977 3904 glib._v,
3018 3827 3105 3904 ep.
3138 3830 3362 3904 55;Ali_b.
3398 3845 3478 3904 vi,
3502 3827 3578 3904 1,

1996 3897 2094 4026 ἐξ,
2123 3898 2338 4048 ξὲἱὸξη
2368 3902 2461 3958 lib.
2492 3917 2616 3970 vm,
2647 3917 2736 3973 ep.
2767 3902 2871 3970 30;
2903 3897 3068 3968 Lixt,
3093 3916 3218 3971 epp.
3248 3899 3320 3956 ‘29
3339 3943 3355 3967 ,
3400 3897 3587 3966 54-62,

2075 4013 2091 4039 ,
2132 4011 2241 4039 ,νμ

267 4136 3586 4179 ________________________________________.____

1605 4206 2263 4317 FUNDATIO

1124 4380 1495 4442 ABBATl/E
1544 4379 1607 4441 S.
1653 4378 2074 4480 AUGUS’ENI
2116 4374 2767 4441 CANTUABIENSIS.

1589 4504 1933 4567 (Monasticnm
1954 4501 2320 4565 Anglicannm.)

386 4632 501 4686 Lux
529 4644 655 4685 vera
685 4643 805 4699 quin
829 4628 1098 4682 illuminat
1127 4640 1342 4682 omnem
1372 4624 1647 4681 hominem
1677 4624 1900 4680 venien-
1928 4638 1982 4698 Ι)
2007 4637 2151 4679 anno
2180 4621 2393 4677 Domini
2422 4620 2523 4675 597
2570 4618 2959 4697 misit_beatum
2991 4614 3343 4684 Augustinum
3372 4621 3427 4671 et
3453 4614 3590 4671 alios

310 4734 423 4778 tem
454 4723 507 4776 in
536 4720 681 4775 hunc
706 4718 962 4774 mundum
984 4759 1000 4787 ,
1028 4717 1129 4773 etsi
1158 4732 1299 4772 novo
1323 4716 1456 4771 lucis
1483 4730 1593 4771 suae
1638 4715 1790 4771 radio
1818 4725 1901 4770 to-

312 4824 424 4869 tam
452 4813 683 4868 illustret
704 4809 1023 4873 Ecclesiam.
1051 4810 1178 4865 dum
1197 4809 1414 4864 beatum
1439 4806 1759 4876 Gregorium
1789 4821 1901 4861 sua:

311 4903 570 4959 Ecclesiae
596 4916 865 4956 summum
892 4898 1134 4971 prmfecit
1160 4908 1434 4971 pastorem
1465 4907 1520 4954 et
1550 4895 1896 4968 pontiﬁcem;

310 4996 601 5066 specialius
631 5010 751 5049 cum
774 5004 988 5064 gentem
1018 4992 1255 5047 visitavit
1282 4990 1561 5059 Anglicam
1588 5006 1603 5055 ;
1627 5004 1750 5044 cum
1778 5002 1899 5043 eam

312 5088 385 5143 de
414 5086 650 5141 tenebris
674 5093 729 5141 et
754 5084 942 5139 umbra
974 5083 1162 5138 mortis
1190 5082 1438 5150 dignatus
1459 5087 1544 5136 est
1571 5093 1803 5133 evocare
1832 5077 1899 5132 ad

316 5180 457 5237 lucis
474 5194 584 5236 sua:
628 5176 751 5232 ﬁdei
780 5175 1044 5233 notitiam.
1077 5172 1370 5244 Gregorius
1400 5186 1631 5242 namque
1672 5171 1725 5225 in
1755 5184 1901 5225 sum-

315 5288 464 5327 mum
495 5272 798 5342 pontiﬁcem
821 5270 1116 5337 ordinatus,
1146 5278 1340 5341 quarto
1362 5267 1543 5323 Nonas
1569 5264 1903 5336 Septembris

311 5363 416 5418 sub
442 5378 586 5419 anno
616 5362 829 5417 Domini
860 5360 964 5416 592
990 5362 1212 5416 verbum
1258 5360 1350 5414 Dei
1398 5356 1541 5430 quod
1590 5357 1707 5428 ipse
1749 5364 1804 5413 et
1848 5356 1902 5410 in

313 5470 547 5527 persona
566 5456 778 5528 propria
799 5455 945 5525 genti
974 5454 1272 5524 Anglorum
1300 5451 1592 5522 praedicare
1617 5451 1900 5521 disposue-

312 5555 421 5613 rat,
449 5545 632 5602 divino
662 5546 968 5602 admonitus
997 5547 1275 5609 instinctu,
1308 5559 1406 5613 per
1436 5559 1590 5599 suum
1621 5543 1896 5596 alumnum

314 5638 411 5694 Dei
439 5652 654 5695 servum
691 5637 1053 5709 Augustinum
1092 5636 1313 5706 explere
1353 5633 1577 5689 curavit.
1609 5632 1902 5701 Gregorius

315 5732 501 5802 igitur,
546 5730 733 5801 quinto
762 5728 1116 5789 ordinationis
1154 5742 1263 5784 suae
1308 5740 1481 5792 anno,
1512 5722 1761 5780 videlicet
1802 5722 1903 5778 sub

2000 4728 2122 4769 cum
2152 4727 2219 4767 eo
2239 4711 2584 4781 quamplures
2606 4708 2899 4764 monachos
2919 4722 2984 4762 ac
3010 4706 3161 4762 verbi
3191 4705 3285 4759 Dei
3315 4704 3589 4760 ministros

2000 4801 2154 4871 quasi
2177 4814 2399 4855 numero
2420 4798 2770 4867 quadraginta
2793 4795 2939 4864 genti
2961 4793 3253 4864 Anglorum
3276 4790 3434 4845 ﬁdem
3460 4805 3591 4861 pra:-

2000 4890 2185 4946 dicare
2210 4889 2553 4955 catholicam,
2586 4886 2676 4956 qui
2708 4886 2801 4941 Dei
2832 4885 3062 4941 ministri
3089 4883 3320 4954 qualiter
3347 4896 3407 4936 se
3434 4894 3591 4951 gere-

1999 4982 2131 5038 bant
2160 4982 2213 5036 in
2239 4980 2433 5034 itinere
2482 4993 2670 5036 versus
2698 4976 2946 5046 Angliam
2974 4975 3313 5045 qualiterque
3342 4972 3589 5041 Angliam

2000 5073 2281 5127 venientes
2304 5070 2357 5125 in
2383 5068 2630 5123 Thaneto
2658 5068 3061 5137 applicuerunt;
3091 5063 3390 5134 qualiterve
3414 5076 3442 5113 a
3466 5072 3594 5128 rege

2005 5165 2323 5220 Athelberto
2350 5162 2582 5232 suscepti
2615 5160 2827 5215 fuerant
2864 5158 3204 5228 qualiterque
3242 5151 3591 5208 Cantuariam

2006 5263 2384 5327 pervenerant,
2411 5259 2748 5324 pertractare
2777 5250 3005 5314 omitto;
3036 5264 3157 5303 cum
3183 5247 3297 5300 haec
3323 5240 3506 5296 omnia
3535 5240 3593 5295 in

2005 5353 2157 5403 textu
2191 5344 2321 5399 Viue
2350 5342 2629 5411 Augustini
2659 5347 3076 5411 pertractentnr.
3112 5330 3439 5402 Augustinus
3487 5330 3592 5399 igi-

2010 5447 2099 5493 tur
2143 5452 2263 5492 eum
2318 5435 2429 5490 suis
2480 5433 2666 5499 sociis,
2697 5432 2875 5487 locum
2923 5429 2975 5483 in
3017 5426 3236 5481 civitate
3284 5421 3591 5478 Cantuaria:

2006 5530 2252 5600 adeptus,
2280 5529 2441 5581 vitam
2470 5526 2632 5595 erepit
2659 5521 2854 5578 imitari
2877 5516 3249 5588 apostolicam.
3269 5514 3481 5571 [nterea
3494 5528 3593 5570 rex

2008 5622 2353 5679 Atbelbertus
2373 5634 2648 5676 servorum
2662 5616 2756 5671 Dei
2782 5614 2888 5667 vita
2909 5609 3257 5665 mundissima
3273 5608 3590 5668 delectatus,

2011 5726 2067 5777 et
2114 5715 2393 5790 promissis
2442 5726 2630 5769 eorum
2680 5700 3010 5766 suavissimis
3047 5716 3167 5774 qua
3211 5698 3592 5759 miraculorum
