4118 6332
566 339 636 394 95
1245 340 1491 401 SANCTI
1519 335 1885 397 AUGUSTINI
1922 332 2296 391 ANGLOBUM
2329 333 2662 391 APOSTULI
2696 332 3142 391 MONUMENTA.
3755 333 3822 390 96

564 459 877 516 ostensione
903 474 1031 516 vera
1063 473 1180 515 esse
1223 462 1590 529 perspexerat,
1624 456 1677 509 in
1721 452 1827 509 tide
1854 451 2140 507 roboratus
2166 453 2219 512 Α
2243 450 2577 518 construxit,
2607 458 2663 507 et
2710 449 3004 505 monachos
3033 447 3162 503 inibi
3191 447 3465 517 perpetuis
3489 447 3821 517 temporibus

566 551 832 606 catholica
864 566 986 607 cum
1014 551 1124 605 suis
1168 546 1621 606 commilitonibus
1650 544 1955 613 baptizatus
1983 548 2063 596 est
2090 539 2144 594 in

565 641 651 697 die
680 641 1023 698 Pentecostes
1059 641 1158 697 sub
1184 654 1327 694 anno
1356 636 1567 693 Domini
1596 634 1721 690 597.
1771 633 1919 701 Rege
1964 631 2147 699 itaque

566 730 841 799 haptizato
871 737 926 785 et
950 730 1003 784 in
1045 728 1146 783 de
1174 726 1493 783 conﬁrmato
1523 724 1850 794 Augustinus
1871 721 1937 776 ad
1960 720 2147 775 civita-

565 830 674 874 tem
692 820 984 875 Galliarum
1006 819 1372 874 Arelatensem
1388 815 1727 887 progreditur
1748 821 1804 869 et
1823 812 1893 869 ab
1906 809 2145 880 ejusdem

565 912 714 966 urbis
735 912 990 981 episcopo
1033 908 1249 983 Etherio
1277 909 1330 963 in
1376 908 1687 978 episcOpum
1718 904 2016 968 ordinatur,
2046 900 2147 957 sub

564 998 649 1053 die
676 1015 763 1053 xvi
785 998 1049 1052 Kalendas
1071 996 1403 1063 Decembris,
1420 996 1805 1064 ordinatusque
1822 992 2149 1062 Augustinus

567 1089 813 1158 Angliam
841 1087 1021 1152 rediit,
1044 1093 1100 1142 et
1129 1102 1250 1142 cum
1272 1087 1441 1157 gloria
1468 1093 1522 1141 et
1543 1085 1688 1141 omni
1716 1098 1821 1155 qua
1848 1082 2027 1138 decuit
2053 1096 2148 1136 so-

564 1178 840 1232 lemnitate
861 1192 892 1231 a
916 1191 1042 1246 rege
1063 1184 1120 1231 et
1139 1177 1337 1247 popqu
1358 1184 1658 1246 susceptus,
1674 1183 1835 1245 atque
1856 1174 1909 1227 in
1931 1172 2151 1229 civitate

566 1268 869 1323 Cantuarize
922 1267 1110 1323 sedem
1167 1266 1529 1338 episcopalem
1579 1265 1843 1336 adeptus,
1891 1263 2150 1319 continuo

562 1358 912 1429 Laurentium
936 1360 1332 1431 presbyterum,
1360 1368 1414 1415 et
1442 1360 1659 1414 Petrum
1683 1358 2008 1413 monachum
2040 1354 2154 1409 lio-

562 1466 705 1510 mam
752 1450 933 1514 misit,
983 1450 1076 1521 qui
1106 1451 1275 1513 beato,
1304 1449 1543 1520 pontifici
1593 1448 1853 1519 Gregorio
1886 1446 2151 1515 referrent

561 1556 742 1612 regem
768 1557 890 1611 cum
921 1557 1091 1612 regno
1119 1543 1273 1598 tidem
1297 1541 1497 1613 Christi
1529 1543 1848 1613 suscepisse,
1881 1549 1937 1596 et
1963 1555 2023 1595 se
2048 1540 2151 1610 ipsi

561 1634 707 1703 genti
731 1633 1023 1703 Anglorum
1054 1635 1365 1705 episcOpum
1396 1635 1512 1689 fore
1540 1634 1875 1701 ordinatum,
1906 1632 2066 1691 simul
2096 1639 2151 1686 et

561 1725 631 1781 de
658 1726 723 1781 iis
749 1741 871 1795 qua:
911 1726 1213 1789 necessaria
1249 1727 1573 1792 videbantur
1617 1725 2006 1795 quaestionibus
2033 1721 2151 1793 ejus

2249 540 2615 597 deservituros
2641 540 2695 595 in
2708 538 2899 596 eadem
2928 538 3153 597 ecclesia
3176 538 3461 594 instituens
3481 536 3638 593 donis
3663 538 3825 599 variis

2247 638 2305 686 et
2318 629 2746 702 possessionibus
2767 628 2972 684 dotavit
2998 627 3261 695 eamdem,
3282 634 3340 685 et
3364 628 3419 683 in
3438 628 3629 683 eadem
3656 629 3824 685 eccle

2247 720 2325 775 sia
2351 718 2604 790 praefatus
2632 734 2730 787 rex
2754 719 2855 785 sibi
2885 726 2942 775 et
2979 719 3382 783 successoribus
3405 717 3827 781 Cantuariorum

2247 811 2463 880 regibus
2489 811 2820 883 sepulturam
2846 810 3026 881 elegit.
3057 811 3117 866 In
3146 810 3246 867 hac
3268 811 3429 866 etiam
3461 811 3689 867 ecclesia
3716 811 3824 871 Au-

2200 894 2201 897 “
2247 903 2494 971 gustinus
2522 917 2581 957 se
2609 911 2666 965 et
2688 916 2818 957 suos
2837 916 3209 964 successores,
3241 900 3663 958 Cantuarienses
3691 915 3824 971 pon-

2248 992 2440 1055 tiﬁces,
2471 991 2659 1047 statuit
2700 992 2941 1061 sepeliri.

2320 1082 2642 1151 Eumaeus,
2674 1082 2768 1137 Dei
2811 1085 2982 1151 gratia
3012 1097 3110 1139 rex
3160 1082 3391 1153 Angliae,
3426 1090 3567 1147 etc.,
3621 1084 3829 1149 archie-

2248 1176 2525 1247 piscopus,
2552 1185 2693 1244 etc.,
2736 1177 2985 1234 salutem.
3030 1175 3361 1246 [aspeximus
3385 1176 3629 1239 chartam
3673 1176 3829 1237 home

2248 1267 2523 1322 memoriae
2551 1267 2874 1334 Athelberti,
2901 1266 3174 1337 quondam
3204 1267 3349 1336 regis
3378 1266 3611 1339 Anglize,
3635 1268 3689 1322 in
3715 1267 3829 1325 haec

2251 1359 2413 1415 verba
2450 1378 2463 1413 :
2494 1358 2552 1413 In
2578 1361 2798 1416 nomine
2826 1359 3038 1414 Domini
3062 1357 3190 1414 Jesu
3218 1358 3440 1415 Christi.
3470 1357 3702 1414 Omnem
3731 1358 3831 1415 ho-

2249 1450 2447 1506 minem
2476 1452 2567 1522 qui
2593 1453 2885 1509 secundum
2920 1452 3085 1507 Deum
3115 1451 3280 1517 vivit,
3325 1458 3380 1507 et
3426 1452 3766 1507 remunerari
3794 1467 3825 1506 a

2250 1538 2359 1596 Deo
2386 1550 2567 1611 sperat
2586 1549 2643 1596 et
2665 1549 2837 1612 optat,
2862 1548 3079 1611 oportet
3103 1549 3162 1596 ut
3188 1542 3290 1611 piis
3312 1542 3565 1612 precibus
3602 1556 3829 1596 consen-

2250 1644 2367 1686 sum
2397 1631 2639 1686 hilariter
2664 1638 2720 1685 et
2741 1646 2808 1684 ex
2827 1631 3007 1686 animo
3033 1631 3296 1699 praebeat,
3323 1632 3581 1700 quoniam
3622 1640 3827 1687 certum

2251 1732 2335 1780 est
2370 1731 2519 1778 tanto
2549 1723 2756 1779 facilius
2779 1738 2842 1778 ea
2885 1739 3005 1792 quae
3031 1723 3144 1793 ipse
3173 1740 3202 1777 a
3229 1725 3338 1780 Deo
3360 1727 3669 1794 poposcerit
3696 1741 3827 1780 con-

561 1816 810 1870 consulta
838 1814 898 1869 ef
901 1814 1163 1884 ﬂagitans.
1197 1815 1329 1882 Qua:
1354 1816 1399 1870 si
1429 1816 1550 1885 quis
1598 1816 1806 1887 plenius
1834 1815 1972 1881 scire
1995 1815 2141 1870 desi-
2177 1815 2224 1875 Β
2246 1814 2397 1882 sequi
2420 1829 2593 1882 posse,
2617 1821 2820 1884 quanto
2841 1822 2899 1879 et
2922 1814 3035 1883 ipse
3061 1813 3314 1870 libentius
3341 1815 3454 1870 Deo
3475 1815 3675 1884 aliquid
3699 1831 3829 1870 eon-

560 1904 741 1970 derat,
764 1905 961 1960 Bedam
992 1905 1059 1961 de
1086 1906 1252 1979 gestis
1278 1906 1571 1975 Anglorum
1596 1906 1828 1976 legat,et
1853 1907 1922 1961 ibi
1941 1906 2148 1963 deside-

558 2004 677 2049 rata
707 1995 953 2065 reperiet.
985 1993 1194 2051 Interea
1218 1996 1514 2065 Augustino
1533 1997 1717 2051 sedem
1746 1998 2147 2068 episcopalem,

558 2095 620 2142 ut
645 2102 809 2159 supra
832 2086 1081 2161 diximus,
1114 2088 1168 2143 in
1209 2089 1431 2151 civitate
1468 2087 1775 2143 Cantuarite
1804 2088 2023 2159 adepto,
2053 2104 2147 2146 re-

556 2179 837 2249 cuperavit
868 2180 919 2233 in
944 2194 1007 2234 ea
1038 2178 1346 2246 ecclesiam,
1369 2180 1516 2249 regio
1544 2178 1707 2234 fultus
1727 2180 1949 2246 auxilio,
1982 2194 2145 2250 quam

557 2268 759 2325 ibidem
788 2270 1009 2346 antiquo
1056 2267 1287 2341 fidelium
1336 2270 1707 2341 Romanorum,
1752 2286 1919 2343 opere
1949 2270 2150 2341 factam

557 2372 683 2414 esse
712 2358 1004 2425 didicerat,
1034 2368 1089 2413 et
1118 2374 1237 2413 eam
1283 2358 1335 2412 in
1382 2359 1599 2414 nomine
1647 2359 1820 2415 sancti
1850 2359 2145 2417 Salvatoris

559 2449 658 2505 Dei
687 2457 740 2505 et
761 2450 973 2506 Domini
1006 2451 1172 2505 nostri
1196 2450 1323 2507 Jesn
1354 2449 1555 2512 Christi
1580 2452 1948 2520 consecravit;
1980 2460 2146 2523 atque

557 2540 756 2597 ibidem
788 2542 1176 2597 habitationem
1207 2542 1309 2597 sibi
1338 2542 1560 2608 statuit,
1590 2550 1647 2597 et
1687 2543 1898 2598 cunctis
1926 2557 2143 2599 succes-

555 2633 766 2688 soribus
786 2632 916 2696 suis,
942 2648 1061 2703 qute
1091 2648 1264 2703 usque
1307 2632 1359 2688 in
1384 2632 1706 2689 hodiernum
1733 2634 1876 2690 diem
1920 2643 2145 2691 vocatur

554 2723 789 2782 Ecclesia
815 2726 1009 2782 Christi
1032 2726 1435 2784 Cantuariensis
1462 2728 1625 2784 totius
1654 2728 1858 2800 Anglize
1889 2730 2067 2785 nutrix
2088 2737 2145 2786 et

553 2817 891 2886 metropolis.
947 2814 1075 2871 Erat
1104 2825 1285 2873 autem
1326 2833 1436 2873 non
1466 2818 1627 2888 longe
1658 2819 1724 2874 ab
1752 2819 1870 2889 ipsa
1899 2820 2141 2889 civitate,

553 2905 625 2960 ad
669 2905 1023 2971 orientalem,
1077 2907 1232 2977 quasi
1279 2906 1459 2962 medio
1512 2908 1705 2964 itinere
1747 2908 1814 2964 ad
1858 2910 2141 2965 ecclesiam

554 2997 726 3052 sancti
755 2996 970 3054 Martini
999 3006 1053 3054 et
1082 3014 1267 3054 muros
1296 2999 1530 3055 civitatis
1558 3001 1717 3057 situm
1735 3038 1750 3065 ,
1783 2999 1998 3067 fanum,
2026 3002 2143 3058 sive

552 3084 758 3141 Idolum
778 3126 794 3153 ,
825 3087 878 3142 in
908 3103 1017 3157 quo
1044 3087 1188 3143 idem
1223 3104 1318 3144 rex
1364 3088 1711 3146 Athelbertus
1740 3092 2033 3148 secundum
2067 3093 2139 3146 ri-

2251 1902 2490 1958 cesserit.
2523 1902 2790 1975 Quocirca
2816 1916 2917 1970 ego
2947 1903 3313 1973 Athelbertus,
3346 1918 3440 1958 rex
3466 1901 3684 1959 Kancize
3708 1920 3827 1960 cum

2248 2009 2514 2051 consensu
2534 1994 2856 2061 venerabilis
2876 1995 3268 2066 archiepiscopi
3285 1996 3587 2066 Augustini,
3609 2013 3673 2052 ac
3692 1999 3830 2067 prin-

2248 2086 2426 2154 cipum
2455 2101 2721 2154 meorum,
2750 2087 2822 2141 do
2848 2095 2904 2141 et
2929 2087 3170 2153 concedo
3199 2088 3309 2143 Deo
3338 2089 3390 2142 in
3420 2090 3627 2145 honore
3656 2091 3829 2145 sancti

2250 2178 2416 2247 Petri,
2448 2179 2679 2250 aliquam
2709 2188 2917 2250 partem
2948 2188 3105 2235 terrae
3125 2180 3262 2249 juris
3289 2181 3423 2247 mei,
3452 2197 3572 2251 qua:
3606 2182 3751 2251 jacet
3773 2183 3827 2236 in

2248 2271 2454 2326 oriente
2482 2270 2715 2333 civitatis
2742 2270 3102 2335 Dorobernim,
3133 2272 3215 2329 ita
3234 2272 3498 2327 duntaxat
3522 2282 3579 2326 ut
3609 2288 3826 2328 monas-

2248 2363 2440 2417 terium
2485 2370 2855 2433 construatur,
2900 2372 2956 2419 et
2997 2379 3083 2417 res
3112 2378 3230 2433 quze
3255 2378 3412 2432 supra
3454 2362 3746 2417 memoravi
3775 2364 3826 2417 in

2246 2463 2515 2526 potestate
2539 2456 2745 2510 abbatis
2765 2458 2875 2511 sint
2903 2457 2994 2526 qui
3024 2455 3095 2512 ibi
3143 2455 3304 2512 fuerit
3331 2455 3627 2511 ordinatus.
3658 2455 3821 2524 Igitur

2246 2545 2436 2616 adjuro
2480 2556 2534 2601 et
2561 2548 2815 2619 pracipio
2845 2548 2898 2603 in
2949 2548 3166 2604 nomine
3213 2547 3424 2602 Domini
3458 2548 3549 2603 Dei
3575 2549 3822 2617 omnipo-

2247 2639 2425 2703 tentis,
2457 2638 2550 2707 qui
2578 2649 2662 2693 est
2700 2640 2937 2694 omnium
2978 2654 3157 2695 rerum
3178 2637 3344 2707 judex
3368 2636 3565 2707 justus,
3599 2646 3657 2692 ut
3687 2652 3824 2709 pra:-

2243 2730 2353 2786 fata
2400 2740 2541 2805 terra
2577 2730 2889 2807 subscripta
2933 2731 3224 2785 donatione
3264 2730 3718 2800 sempiternaliter
3756 2730 3828 2785 sit

2244 2821 2576 2886 conﬁrmata,
2612 2822 2683 2875 ita
2715 2830 2773 2876 ut
2815 2837 2914 2887 nec
2942 2822 3090 2885 mihi,
3122 2836 3222 2893 nec
3250 2820 3406 2876 alicui
3451 2835 3824 2879 successorum

2244 2927 2521 2978 meorum,
2546 2926 2731 2980 regum
2762 2920 2854 2966 aut
2883 2911 3200 2981 principum,
3230 2912 3344 2966 sive
3373 2911 3657 2980 cujuslibet
3685 2926 3823 2972 con:

2243 2999 2482 3069 ditionis,
2532 3001 2883 3071 dignitatibus
2913 3009 2969 3057 et
3014 3001 3391 3063 ecclesiasticis
3437 2998 3721 3070 gradibus,
3755 2999 3831 3057 de.

2242 3092 2442 3163 aliquid
2470 3091 2714 3148 fraudare
2743 3091 2922 3147 liceat.

552 3184 666 3231 tum
695 3176 870 3246 gentis
895 3194 1003 3235 sua:
1032 3180 1241 3235 solebat
1269 3196 1445 3247 orare,
1470 3190 1525 3236 et
1552 3197 1655 3236 una
1683 3199 1805 3237 cum
1828 3183 1986 3253 plebe
2012 3199 2135 3259 sua,
2162 3192 2208 3256 ο
2312 3182 2369 3239 Si
2397 3184 2516 3255 quis
2546 3198 2675 3239 vero
2705 3182 2774 3238 de
2800 3184 2903 3239 hac
2929 3182 3224 3237 donatione
3252 3190 3436 3251 nostra
3488 3181 3687 3251 aliquid
3720 3182 3821 3237 mi-

551 3266 832 3323 daemOniis
859 3270 1031 3339 magis
1057 3284 1216 3339 quam
1253 3269 1361 3324 Deo
1395 3270 1679 3325 immolare
1711 3288 1725 3324 :
1758 3272 1903 3341 quod
1932 3272 2143 3347 fanum,

547 3360 731 3415 statim
754 3368 813 3415 ut
840 3361 906 3416 ab
930 3359 1147 3417 Etherio
1178 3361 1476 3417 Arelatensi
1500 3362 1828 3430 Augustinus
1852 3365 2137 3434 episcopus

548 3449 848 3519 ordinatus,
870 3460 929 3506 ut
948 3452 1323 3517 subscribitur,
1356 3453 1601 3522 Angliam
1632 3461 1716 3508 est
1742 3466 2038 3523 regressus,
2066 3454 2135 3508 ab

548 3541 968 3612 inquinamentis
995 3553 1050 3599 et
1094 3545 1341 3600 sordibus
1368 3546 1646 3615 gentilium
1675 3546 1944 3617 purgavit,
1978 3554 2035 3602 et
2060 3546 2135 3601 si-

548 3633 790 3689 mulacro
820 3634 966 3703 quod
994 3634 1046 3689 in
1076 3649 1141 3690 ea
1170 3643 1287 3689 erat
1315 3637 1621 3703 confracto,
1649 3650 1979 3708 synagogam
2009 3651 2133 3691 mu-

547 3723 682 3778 tavit
707 3725 759 3779 in
785 3724 1090 3792 ecclesiam,
1119 3733 1175 3781 et
1195 3740 1311 3779 eam
1334 3726 1384 3780 in
1409 3727 1627 3782 nomine
1654 3727 1827 3783 sancti
1858 3725 2128 3782 Pancratii

547 3817 798 3887 martyris
817 3816 1112 3881 dedicavit;
1144 3825 1200 3871 et
1229 3818 1344 3873 haec
1372 3825 1456 3873 est
1480 3818 1654 3885 prima
1680 3818 1907 3874 ecclesia
1930 3818 1997 3873 ab
2025 3818 2130 3872 Au-

546 3906 760 3974 gustino
789 3906 1052 3962 dedicata.
1076 3904 1267 3961 Exstat
1288 3907 1465 3964 adhuc
1480 3908 1650 3963 altare
1679 3908 1731 3962 in
1756 3908 1966 3977 porticu
1994 3907 2133 3977 ejus-

547 3997 669 4052 dem
700 3997 942 4053 ecclesia:
970 3999 1189 4052 australi
1222 3999 1275 4053 in
1303 4015 1412 4069 quo
1441 3998 1583 4054 idem
1630 3999 1962 4068 Augustinus
1989 3999 2129 4055 sole-

548 4088 693 4143 lebat
721 4087 1015 4154 celebrare,
1045 4089 1133 4143 ubi
1163 4090 1308 4159 prius
1330 4098 1559 4146 steterat
1588 4091 1934 4147 simulacrum
1965 4090 2128 4161 regis.

549 4177 644 4233 llis
668 4179 847 4248 itaque
874 4180 1059 4249 gestis,
1088 4180 1416 4249 Augustinus
1447 4183 1757 4252 praedictam
1784 4183 1954 4238 sancti
1984 4181 2130 4238 Pan-

548 4272 702 4327 cratii
742 4273 1023 4328 ecclesiam
1048 4315 1063 4339 ,
1105 4288 1209 4327 una
1249 4289 1371 4328 cum
1406 4280 1550 4328 terra
1596 4274 1876 4343 adjacente
1898 4315 1913 4341 ,
1945 4289 1976 4329 a
2006 4288 2133 4344 rege

549 4363 809 4429 obtinuit;
837 4365 890 4419 in
919 4364 1071 4432 cujus
1098 4363 1261 4419 fundo
1287 4365 1571 4434 przedictus
1602 4366 1968 4433 Athelbertus,
2001 4368 2132 4423 hor-

548 4462 663 4509 tatu
717 4455 862 4510 beati
913 4453 1085 4510 Patris
1127 4457 1438 4525 Augustini,
1491 4458 1776 4513 ecclesiam
1822 4459 1876 4513 in
1920 4460 2132 4518 honore

548 4552 856 4601 sanctorum
886 4547 1252 4617 apostolorum
1283 4545 1425 4603 Petri
1456 4556 1510 4601 et
1535 4545 1686 4602 Pauli
1716 4563 1746 4602 a
1770 4548 2133 4607 fundamentis

2242 3262 2542 3345 nuerit'aut
2569 3275 2780 3330 irritum
2808 3273 2985 3329 facere
3013 3273 3319 3337 tentaverit,
3372 3274 3443 3328 sit
3490 3274 3541 3327 in
3570 3273 3827 3343 prresenti

2238 3376 2519 3433 separatus
2536 3379 2565 3417 a
2586 3371 2772 3419 sancta
2798 3363 3178 3419 communione
3206 3363 3447 3432 corporis
3468 3370 3524 3417 et
3545 3363 3827 3432 sanguinis.

2235 3453 2453 3519 Christi,
2481 3462 2536 3508 et
2564 3453 2616 3507 in
2662 3452 2751 3507 die
2776 3451 2985 3521 judicii,
3019 3452 3088 3507 ob
3119 3452 3371 3517 meritum
3401 3452 3619 3507 malitiae
3645 3467 3756 3507 sum
3785 3467 3815 3506 a

2236 3542 2512 3601 consortio
2540 3552 2847 3599 sanctorum
2898 3541 3135 3597 omnium
3188 3549 3520 3611 segregatus.
3568 3540 3810 3597 Circum-

2234 3637 2410 3693 cincta
2437 3643 2522 3691 est
2557 3633 2671 3689 haec
2712 3642 2851 3688 terra
2883 3634 2965 3688 his
2994 3633 3237 3689 terminis
3271 3651 3283 3686 :
3318 3634 3370 3687 in
3401 3632 3608 3703 oriente
3637 3633 3809 3690 eccle-

2234 3727 2327 3782 sia:
2353 3726 2524 3781 sancti
2574 3723 2806 3789 Martini,
2855 3724 2906 3777 in
2960 3723 3182 3781 meridie
3223 3723 3308 3778 via
3362 3722 3430 3778 de
3479 3721 3741 3797 Βιιῐεριιεξ,Δ
3759 3723 3812 3778 in

2233 3817 2511 3874 occidente
2537 3824 2591 3871 et
2620 3816 2672 3869 in
2694 3816 2944 3884 aquilone
2974 3816 3415 3883 Drutingestrete.
3447 3815 3579 3869 Acta
3601 3815 3655 3870 in
3683 3814 3813 3869 civi-

2233 3918 2344 3963 tate
2393 3908 2760 3969 Dorobernire.
2791 3922 2933 3961 anno
2962 3907 3029 3961 ab
3060 3908 3433 3962 incarnatione
3461 3907 3654 3961 Christi
3686 3904 3809 3972 605,

2233 4001 2525 4057 indictione
2564 3998 2617 4054 6.
2661 4005 2699 4065 ιιι
2741 3999 2855 4069 Ego
2886 3998 3251 4063 Athelbertus,
3285 4012 3377 4053 rex
3425 3995 3651 4061 Kantiuc,
3682 4010 3813 4050 sana

2234 4103 2413 4148 mente
2443 4094 2759 4162 integreque
2787 4091 3012 4146 consilio
3031 4130 3046 4155 ,
3074 4089 3419 4145 donationem
3452 4104 3627 4143 meam
3660 4089 3813 4158 signo

2231 4192 2435 4239 sanctae
2457 4183 2632 4238 crucis
2659 4181 2875 4255 propria
2905 4196 3067 4235 manu
3097 4178 3346 4234 roboravi
3374 4177 3814 4247 conlirmavique.

2234 4274 2348 4343 Ego
2371 4274 2701 4345 Augustinus
2724 4273 2895 4344 gratia
2927 4272 3018 4327 Dei
3048 4271 3484 4341 archiepiscopus
3506 4272 3657 4325 testis
3686 4286 3816 4326 con-

2232 4366 2472 4424 sentiens
2495 4365 2725 4421 libenter
2750 4364 3062 4432 subseripsi.
3097 4361 3395 4427 Edbaldus,
3451 4360 3827 4439 llanngisilus,

2235 4456 2638 4529 Angemundus,
2664 4455 3095 4520 Referendarius,
3126 4452 3319 4520 Hocta,
3338 4452 3561 4525 Gracys,
3588 4452 3830 4533 Tougyl,‘

2236 4550 2431 4616 Penca,
2464 4546 2652 4605 Ceddi.

1693 4765 2549 4872 PRIVILEGIUM

1159 4931 1527 4993 ABBATL’E
1572 4930 2158 5005 CANTUABIENSI
2197 4932 2245 4991 A
2292 4930 2355 4990 S.
2402 4924 2853 4990 AUGUSTINO
2898 4924 3174 4986 DATUM

1782 5034 2100 5098 (Monssticon
2125 5032 2486 5094 Anglicanum.)

622 5134 978 5208 Augustinus,
1012 5134 1295 5204 cpiscopus
1323 5134 1669 5190 Doroberniaa
1697 5135 1840 5191 sedis
1865 5133 2123 5199 famulus,
2159 5141 2207 5203 ι)
2232 5131 2431 5187 Christi
2461 5141 2627 5199 regno
2656 5138 2917 5195 sacratus,
2965 5138 3149 5182 nostra
3185 5124 3437 5181 instantia
3469 5134 3523 5180 et
3550 5140 3644 5179 sua
3694 5141 3817 5193 pro-

548 5244 707 5299 quem
758 5242 991 5298 superna
1048 5225 1345 5295 inspirante
1405 5226 1689 5282 clementia
1718 5264 1734 5289 .
1790 5224 2128 5281 beatissimus

550 5338 687 5394 papa
716 5319 1010 5389 Gregorius
1034 5318 1270 5388 Anglicae
1295 5318 1443 5387 genti
1471 5318 1582 5375 Deo
1612 5318 1949 5388 acquirendae
1980 5319 2127 5387 lega-

550 5414 741 5470 tarium
771 5412 915 5468 misit
964 5411 1388 5478 amministrum;
1438 5413 1688 5468 omnibus
1732 5411 2131 5467 successoribus

546 5505 659 5560 suis
687 5504 971 5574 episcopis,
1021 5503 1337 5576 cunctisque
1384 5501 1589 5572 Anglia:
1611 5502 1827 5571 regibus
1864 5516 1985 5556 cum
2016 5500 2130 5556 suis

550 5594 780 5664 posteris
831 5602 991 5666 atque
1038 5595 1287 5651 omnibus
1344 5593 1435 5648 Dei
1488 5594 1733 5649 ﬁdelibus
1762 5601 1818 5648 et
1860 5593 1916 5647 in
1946 5590 2049 5647 fide
2076 5600 2133 5647 et

549 5686 717 5755 gratia
748 5701 931 5755 pacem
978 5696 1034 5743 et
1078 5687 1325 5742 salutem.
1372 5684 1527 5740 Patet
1566 5684 1813 5739 omnibus
1842 5682 1984 5754 quod
2017 5682 2129 5737 Deo

556 5775 798 5833 amabilis
827 5791 919 5834 rex
951 5776 1324 5841 Athelbertus,
1358 5774 1560 5845 primus
1594 5773 1886 5844 Anglorum
1940 5786 2125 5843 regum

2232 5222 2353 5290 diga
2384 5219 2760 5276 benevolentia
2789 5218 2929 5273 inter
2973 5226 3196 5272 cmteras
3241 5216 3500 5270 ecclesias
3526 5229 3660 5283 quas
3688 5214 3817 5269 fecit

2234 5322 2290 5370 et
2324 5312 2595 5383 cpiscopia
2619 5352 2634 5377 ,
2686 5308 3068 5365 monasterium
3100 5313 3253 5363 extra
3285 5305 3621 5374 metropolim
3660 5320 3814 5359 suam

2234 5402 2644 5467 Doroberniam,
2689 5402 2741 5455 in
2765 5402 2971 5455 honore
2998 5399 3297 5470 principum
3326 5396 3695 5467 apostolorum
3720 5394 3817 5449 Pe-

2234 5497 2302 5553 tri
2330 5505 2385 5553 et
2430 5495 2582 5551 Pauli
2622 5494 2874 5564 regaliter
2925 5491 3165 5549 condidit
3207 5498 3265 5545 et
3309 5488 3575 5557 regalibus
3623 5487 3818 5556 opibus

2238 5588 2536 5659 amplisqne
2566 5584 2994 5656 possessionibus
3023 5581 3236 5649 ditavit,
3281 5576 3661 5648 magniﬁcavit,
3693 5592 3815 5648 per-

2237 5693 2504 5751 petuaque
2534 5683 2799 5746 libertate,
2834 5691 2887 5736 et
2915 5680 3057 5735 omni
3084 5679 3204 5747 jure
3235 5676 3382 5745 regio
3412 5692 3535 5731 cum
3564 5674 3813 5731 omnibus

2236 5771 2396 5830 rebus
2422 5780 2475 5828 et
2493 5770 2723 5841 judiciis,
2759 5771 2899 5826 intus
2926 5780 2977 5826 et
2998 5768 3126 5826 foris
3152 5767 3226 5823 illi
3256 5766 3667 5838 pertinentibus,
3694 5779 3811 5820 mu-
