  <div class='ocr_page' id='page_1' title='image "/cluster/home/n/w/nwhite01/storage/ocr_20150623/80/hvd.32044015469422/054.png"; bbox 0 0 4118 6332; ppageno 0'>
   <div class='ocr_carea' id='block_1_1' title="bbox 292 305 3560 376">
    <p class='ocr_par' dir='ltr' id='par_1_1' title="bbox 292 305 3560 376">
     <span class='ocr_line' id='line_1_1' title="bbox 292 305 3560 376; baseline -0.002 -7"><span class='ocrx_word' id='word_1_1' title='bbox 292 313 368 369; x_wconf 79' lang='lat'><strong>97</strong></span> <span class='ocrx_word' id='word_1_2' title='bbox 1389 308 1696 368; x_wconf 72' lang='lat' dir='ltr'><strong>SANCTUS</strong></span> <span class='ocrx_word' id='word_1_3' title='bbox 1734 309 2143 369; x_wconf 80' lang='lat' dir='ltr'><strong>BONIFACIUS</strong></span> <span class='ocrx_word' id='word_1_4' title='bbox 2182 308 2357 366; x_wconf 77' lang='lat' dir='ltr'><strong>PAPA</strong></span> <span class='ocrx_word' id='word_1_5' title='bbox 2397 305 2482 365; x_wconf 74' lang='grc' dir='ltr'><strong>Ν.</strong></span> <span class='ocrx_word' id='word_1_6' title='bbox 3491 317 3560 376; x_wconf 81' lang='lat'><strong>93</strong></span> 
     </span>
    </p>
   </div>
   <div class='ocr_carea' id='block_1_2' title="bbox 288 419 3563 496">
    <p class='ocr_par' dir='ltr' id='par_1_2' title="bbox 288 419 3563 496">
     <span class='ocr_line' id='line_1_2' title="bbox 288 419 3563 496; baseline -0.003 -13"><span class='ocrx_word' id='word_1_7' title='bbox 288 422 451 493; x_wconf 35' lang='lat' dir='ltr'><strong>&#39;nivit,</strong></span> <span class='ocrx_word' id='word_1_8' title='bbox 481 438 688 496; x_wconf 88' lang='lat' dir='ltr'><strong>suoque</strong></span> <span class='ocrx_word' id='word_1_9' title='bbox 713 424 861 495; x_wconf 89' lang='lat' dir='ltr'><strong>regio</strong></span> <span class='ocrx_word' id='word_1_10' title='bbox 890 421 1170 494; x_wconf 82' lang='lat' dir='ltr'><strong>privilegio</strong></span> <span class='ocrx_word' id='word_1_11' title='bbox 1215 432 1271 477; x_wconf 89' lang='lat' dir='ltr'><strong>et</strong></span> <span class='ocrx_word' id='word_1_12' title='bbox 1303 422 1522 492; x_wconf 80' lang='lat' dir='ltr'><strong>superni</strong></span> <span class='ocrx_word' id='word_1_13' title='bbox 1546 422 1739 492; x_wconf 91' lang='lat' dir='ltr'><strong>judicii</strong></span> <span class='ocrx_word' id='word_1_14' title='bbox 1779 424 1880 479; x_wconf 88' lang='lat' dir='ltr'><strong>im-</strong></span> <span class='ocrx_word' id='word_1_15' title='bbox 1908 428 1957 487; x_wconf 76' lang='grc' dir='ltr'><strong>Α</strong></span> <span class='ocrx_word' id='word_1_16' title='bbox 1986 423 2206 487; x_wconf 90' lang='lat' dir='ltr'><strong>tributa,</strong></span> <span class='ocrx_word' id='word_1_17' title='bbox 2235 421 2314 477; x_wconf 88' lang='lat' dir='ltr'><strong>sic</strong></span> <span class='ocrx_word' id='word_1_18' title='bbox 2342 421 2458 490; x_wconf 91' lang='lat' dir='ltr'><strong>ipse</strong></span> <span class='ocrx_word' id='word_1_19' title='bbox 2484 420 2736 478; x_wconf 79' lang='lat' dir='ltr'><strong>Dominus</strong></span> <span class='ocrx_word' id='word_1_20' title='bbox 2764 421 3057 487; x_wconf 84' lang='lat' dir='ltr'><strong>concludit,</strong></span> <span class='ocrx_word' id='word_1_21' title='bbox 3092 433 3222 490; x_wconf 89' lang='lat' dir='ltr'><strong>ergo</strong></span> <span class='ocrx_word' id='word_1_22' title='bbox 3251 419 3403 477; x_wconf 87' lang='lat' dir='ltr'><strong>liberi</strong></span> <span class='ocrx_word' id='word_1_23' title='bbox 3432 430 3563 476; x_wconf 89' lang='lat' dir='ltr'><strong>sunt</strong></span> 
     </span>
    </p>
   </div>
   <div class='ocr_carea' id='block_1_3' title="bbox 292 511 1885 590">
    <p class='ocr_par' dir='ltr' id='par_1_3' title="bbox 292 511 1885 590">
     <span class='ocr_line' id='line_1_3' title="bbox 292 511 1885 590; baseline -0.003 -17"><span class='ocrx_word' id='word_1_24' title='bbox 292 512 632 590; x_wconf 77' lang='lat' dir='ltr'><strong>precatione,</strong></span> <span class='ocrx_word' id='word_1_25' title='bbox 684 522 846 585; x_wconf 90' lang='lat' dir='ltr'><strong>atque</strong></span> <span class='ocrx_word' id='word_1_26' title='bbox 898 514 1194 585; x_wconf 89' lang='lat' dir='ltr'><strong>apostolica</strong></span> <span class='ocrx_word' id='word_1_27' title='bbox 1236 512 1408 569; x_wconf 90' lang='lat' dir='ltr'><strong>sancti</strong></span> <span class='ocrx_word' id='word_1_28' title='bbox 1438 528 1593 584; x_wconf 81' lang='lat' dir='ltr'><strong>papae</strong></span> <span class='ocrx_word' id='word_1_29' title='bbox 1636 511 1885 583; x_wconf 77' lang='lat' dir='ltr'><strong>Gregorii</strong></span> 
     </span>
    </p>
   </div>
   <div class='ocr_carea' id='block_1_4' title="bbox 294 592 1883 667">
    <p class='ocr_par' dir='ltr' id='par_1_4' title="bbox 294 592 1883 667">
     <span class='ocr_line' id='line_1_4' title="bbox 294 592 1883 667; baseline -0.001 -6"><span class='ocrx_word' id='word_1_30' title='bbox 294 600 740 662; x_wconf 83' lang='lat' dir='ltr'><strong>interminatione</strong></span> <span class='ocrx_word' id='word_1_31' title='bbox 798 592 1389 667; x_wconf 87' lang='lat' dir='ltr'><strong>excommunicatoria,</strong></span> <span class='ocrx_word' id='word_1_32' title='bbox 1429 611 1617 657; x_wconf 89' lang='lat' dir='ltr'><strong>contra</strong></span> <span class='ocrx_word' id='word_1_33' title='bbox 1667 617 1883 659; x_wconf 91' lang='lat' dir='ltr'><strong>omnem</strong></span> 
     </span>
    </p>
   </div>
   <div class='ocr_carea' id='block_1_5' title="bbox 294 692 1886 764">
    <p class='ocr_par' dir='ltr' id='par_1_5' title="bbox 294 692 1886 764">
     <span class='ocr_line' id='line_1_5' title="bbox 294 692 1886 764; baseline 0.001 -16"><span class='ocrx_word' id='word_1_34' title='bbox 294 694 553 764; x_wconf 83' lang='lat' dir='ltr'><strong>injuriam</strong></span> <span class='ocrx_word' id='word_1_35' title='bbox 576 694 936 750; x_wconf 91' lang='lat' dir='ltr'><strong>conﬁrmavit.</strong></span> <span class='ocrx_word' id='word_1_36' title='bbox 966 692 1080 762; x_wconf 88' lang='lat' dir='ltr'><strong>Ego</strong></span> <span class='ocrx_word' id='word_1_37' title='bbox 1110 707 1328 763; x_wconf 87' lang='lat' dir='ltr'><strong>quoque</strong></span> <span class='ocrx_word' id='word_1_38' title='bbox 1348 692 1587 762; x_wconf 79' lang='lat' dir='ltr'><strong>ejusdem</strong></span> <span class='ocrx_word' id='word_1_39' title='bbox 1620 692 1886 749; x_wconf 73' lang='lat' dir='ltr'><strong>libertatis</strong></span> 
     </span>
    </p>
   </div>
   <div class='ocr_carea' id='block_1_6' title="bbox 297 785 1885 855">
    <p class='ocr_par' dir='ltr' id='par_1_6' title="bbox 297 785 1885 855">
     <span class='ocr_line' id='line_1_6' title="bbox 297 785 1885 855; baseline -0.003 -14"><span class='ocrx_word' id='word_1_40' title='bbox 297 786 515 854; x_wconf 84' lang='lat' dir='ltr'><strong>adjutor</strong></span> <span class='ocrx_word' id='word_1_41' title='bbox 538 793 593 840; x_wconf 89' lang='lat' dir='ltr'><strong>et</strong></span> <span class='ocrx_word' id='word_1_42' title='bbox 610 785 982 855; x_wconf 72' lang='lat' dir='ltr'><strong>patrocinatur</strong></span> <span class='ocrx_word' id='word_1_43' title='bbox 1009 799 1199 839; x_wconf 87' lang='lat' dir='ltr'><strong>omnes</strong></span> <span class='ocrx_word' id='word_1_44' title='bbox 1225 798 1568 839; x_wconf 84' lang='lat' dir='ltr'><strong>successores</strong></span> <span class='ocrx_word' id='word_1_45' title='bbox 1617 798 1767 838; x_wconf 87' lang='lat' dir='ltr'><strong>meos</strong></span> <span class='ocrx_word' id='word_1_46' title='bbox 1794 799 1885 837; x_wconf 88' lang='lat' dir='ltr'><strong>ar-</strong></span> 
     </span>
    </p>
   </div>
   <div class='ocr_carea' id='block_1_7' title="bbox 296 872 1887 945">
    <p class='ocr_par' dir='ltr' id='par_1_7' title="bbox 296 872 1887 945">
     <span class='ocr_line' id='line_1_7' title="bbox 296 872 1887 945; baseline 0.001 -17"><span class='ocrx_word' id='word_1_47' title='bbox 296 875 700 945; x_wconf 77' lang='lat' dir='ltr'><strong>chiepiscopus,</strong></span> <span class='ocrx_word' id='word_1_48' title='bbox 734 888 1033 945; x_wconf 89' lang='lat' dir='ltr'><strong>omnesque</strong></span> <span class='ocrx_word' id='word_1_49' title='bbox 1060 872 1455 929; x_wconf 85' lang='lat' dir='ltr'><strong>ecclesiasticas</strong></span> <span class='ocrx_word' id='word_1_50' title='bbox 1485 875 1571 929; x_wconf 88' lang='lat' dir='ltr'><strong>vel</strong></span> <span class='ocrx_word' id='word_1_51' title='bbox 1599 872 1887 930; x_wconf 54' lang='lat' dir='ltr'><strong>sa‘a&#39;culares</strong></span> 
     </span>
    </p>
   </div>
   <div class='ocr_carea' id='block_1_8' title="bbox 295 961 1889 1036">
    <p class='ocr_par' dir='ltr' id='par_1_8' title="bbox 295 961 1889 1036">
     <span class='ocr_line' id='line_1_8' title="bbox 295 961 1889 1036; baseline -0.001 -17"><span class='ocrx_word' id='word_1_52' title='bbox 295 973 597 1036; x_wconf 83' lang='lat' dir='ltr'><strong>potestates</strong></span> <span class='ocrx_word' id='word_1_53' title='bbox 623 981 719 1035; x_wconf 91' lang='lat' dir='ltr'><strong>per</strong></span> <span class='ocrx_word' id='word_1_54' title='bbox 748 964 1035 1019; x_wconf 92' lang='lat' dir='ltr'><strong>Dominum</strong></span> <span class='ocrx_word' id='word_1_55' title='bbox 1062 962 1246 1018; x_wconf 84' lang='lat' dir='ltr'><strong>Jesunt</strong></span> <span class='ocrx_word' id='word_1_56' title='bbox 1285 961 1556 1018; x_wconf 85' lang='lat' dir='ltr'><strong>Christum</strong></span> <span class='ocrx_word' id='word_1_57' title='bbox 1584 970 1640 1017; x_wconf 90' lang='lat' dir='ltr'><strong>et</strong></span> <span class='ocrx_word' id='word_1_58' title='bbox 1668 971 1889 1033; x_wconf 89' lang='lat' dir='ltr'><strong>aposto-</strong></span> 
     </span>
    </p>
   </div>
   <div class='ocr_carea' id='block_1_9' title="bbox 298 1050 1889 1123">
    <p class='ocr_par' dir='ltr' id='par_1_9' title="bbox 298 1050 1889 1123">
     <span class='ocr_line' id='line_1_9' title="bbox 298 1050 1889 1123; baseline -0.003 -14"><span class='ocrx_word' id='word_1_59' title='bbox 298 1055 475 1109; x_wconf 90' lang='lat' dir='ltr'><strong>lorum</strong></span> <span class='ocrx_word' id='word_1_60' title='bbox 523 1056 639 1123; x_wconf 83' lang='lat' dir='ltr'><strong>ejus</strong></span> <span class='ocrx_word' id='word_1_61' title='bbox 683 1054 1041 1110; x_wconf 86' lang='lat' dir='ltr'><strong>reverentiam</strong></span> <span class='ocrx_word' id='word_1_62' title='bbox 1080 1054 1341 1117; x_wconf 77' lang='lat' dir='ltr'><strong>obtestor,</strong></span> <span class='ocrx_word' id='word_1_63' title='bbox 1388 1060 1552 1121; x_wconf 90' lang='lat' dir='ltr'><strong>atque</strong></span> <span class='ocrx_word' id='word_1_64' title='bbox 1590 1050 1889 1122; x_wconf 86' lang='lat' dir='ltr'><strong>apostolica</strong></span> 
     </span>
    </p>
   </div>
   <div class='ocr_carea' id='block_1_10' title="bbox 297 1143 1889 1211">
    <p class='ocr_par' dir='ltr' id='par_1_10' title="bbox 297 1143 1889 1211">
     <span class='ocr_line' id='line_1_10' title="bbox 297 1143 1889 1211; baseline -0.001 -11"><span class='ocrx_word' id='word_1_65' title='bbox 297 1146 585 1201; x_wconf 84' lang='lat' dir='ltr'><strong>memorati</strong></span> <span class='ocrx_word' id='word_1_66' title='bbox 614 1143 789 1199; x_wconf 88' lang='lat' dir='ltr'><strong>Patris</strong></span> <span class='ocrx_word' id='word_1_67' title='bbox 814 1144 986 1200; x_wconf 91' lang='lat' dir='ltr'><strong>nostri</strong></span> <span class='ocrx_word' id='word_1_68' title='bbox 1021 1143 1460 1199; x_wconf 79' lang='lat' dir='ltr'><strong>interminatione</strong></span> <span class='ocrx_word' id='word_1_69' title='bbox 1481 1143 1746 1198; x_wconf 88' lang='lat' dir='ltr'><strong>interdico</strong></span> <span class='ocrx_word' id='word_1_70' title='bbox 1770 1181 1789 1211; x_wconf 90' lang='lat'><strong>,</strong></span> <span class='ocrx_word' id='word_1_71' title='bbox 1819 1157 1889 1198; x_wconf 87' lang='lat' dir='ltr'><strong>ne</strong></span> 
     </span>
    </p>
   </div>
   <div class='ocr_carea' id='block_1_11' title="bbox 299 1230 1885 1309">
    <p class='ocr_par' dir='ltr' id='par_1_11' title="bbox 299 1230 1885 1309">
     <span class='ocr_line' id='line_1_11' title="bbox 299 1230 1885 1309; baseline -0.004 -14"><span class='ocrx_word' id='word_1_72' title='bbox 299 1241 585 1309; x_wconf 79' lang='lat' dir='ltr'><strong>quisquam</strong></span> <span class='ocrx_word' id='word_1_73' title='bbox 602 1254 837 1308; x_wconf 91' lang='lat' dir='ltr'><strong>unquam</strong></span> <span class='ocrx_word' id='word_1_74' title='bbox 860 1237 1024 1292; x_wconf 93' lang='lat' dir='ltr'><strong>ullum</strong></span> <span class='ocrx_word' id='word_1_75' title='bbox 1042 1230 1400 1307; x_wconf 47' lang='lat' dir='ltr'><strong>po‘tentatum,</strong></span> <span class='ocrx_word' id='word_1_76' title='bbox 1418 1246 1511 1292; x_wconf 92' lang='lat' dir='ltr'><strong>aut</strong></span> <span class='ocrx_word' id='word_1_77' title='bbox 1530 1235 1885 1303; x_wconf 86' lang='lat' dir='ltr'><strong>dominatum,</strong></span> 
     </span>
    </p>
   </div>
   <div class='ocr_carea' id='block_1_12' title="bbox 300 1326 1885 1400">
    <p class='ocr_par' dir='ltr' id='par_1_12' title="bbox 300 1326 1885 1400">
     <span class='ocr_line' id='line_1_12' title="bbox 300 1326 1885 1400; baseline -0.004 -15"><span class='ocrx_word' id='word_1_78' title='bbox 300 1340 398 1385; x_wconf 90' lang='lat' dir='ltr'><strong>aut</strong></span> <span class='ocrx_word' id='word_1_79' title='bbox 439 1330 721 1400; x_wconf 90' lang='lat' dir='ltr'><strong>imperium</strong></span> <span class='ocrx_word' id='word_1_80' title='bbox 771 1332 825 1383; x_wconf 93' lang='lat' dir='ltr'><strong>in</strong></span> <span class='ocrx_word' id='word_1_81' title='bbox 872 1329 977 1384; x_wconf 90' lang='lat' dir='ltr'><strong>hoc</strong></span> <span class='ocrx_word' id='word_1_82' title='bbox 1024 1327 1354 1384; x_wconf 92' lang='lat' dir='ltr'><strong>dominicum</strong></span> <span class='ocrx_word' id='word_1_83' title='bbox 1398 1327 1482 1382; x_wconf 85' lang='lat' dir='ltr'><strong>vel</strong></span> <span class='ocrx_word' id='word_1_84' title='bbox 1531 1326 1885 1397; x_wconf 90' lang='lat' dir='ltr'><strong>apostolicum</strong></span> 
     </span>
    </p>
   </div>
   <div class='ocr_carea' id='block_1_13' title="bbox 298 1417 1890 1487">
    <p class='ocr_par' dir='ltr' id='par_1_13' title="bbox 298 1417 1890 1487">
     <span class='ocr_line' id='line_1_13' title="bbox 298 1417 1890 1487; baseline -0.004 -10"><span class='ocrx_word' id='word_1_85' title='bbox 298 1421 712 1487; x_wconf 87' lang='lat' dir='ltr'><strong>monasterium,</strong></span> <span class='ocrx_word' id='word_1_86' title='bbox 744 1420 830 1476; x_wconf 85' lang='lat' dir='ltr'><strong>vel</strong></span> <span class='ocrx_word' id='word_1_87' title='bbox 862 1430 1051 1486; x_wconf 85' lang='lat' dir='ltr'><strong>terras,</strong></span> <span class='ocrx_word' id='word_1_88' title='bbox 1080 1419 1167 1474; x_wconf 91' lang='lat' dir='ltr'><strong>vel</strong></span> <span class='ocrx_word' id='word_1_89' title='bbox 1183 1420 1438 1475; x_wconf 85' lang='lat' dir='ltr'><strong>ecclesias</strong></span> <span class='ocrx_word' id='word_1_90' title='bbox 1468 1420 1534 1473; x_wconf 92' lang='lat' dir='ltr'><strong>ad</strong></span> <span class='ocrx_word' id='word_1_91' title='bbox 1564 1417 1696 1472; x_wconf 86' lang='lat' dir='ltr'><strong>illud</strong></span> <span class='ocrx_word' id='word_1_92' title='bbox 1719 1418 1890 1487; x_wconf 88' lang='lat' dir='ltr'><strong>perti-</strong></span> 
     </span>
    </p>
   </div>
   <div class='ocr_carea' id='block_1_14' title="bbox 300 1509 1892 1585">
    <p class='ocr_par' dir='ltr' id='par_1_14' title="bbox 300 1509 1892 1585">
     <span class='ocr_line' id='line_1_14' title="bbox 300 1509 1892 1585; baseline -0.003 -16"><span class='ocrx_word' id='word_1_93' title='bbox 300 1523 495 1571; x_wconf 90' lang='lat' dir='ltr'><strong>nentes</strong></span> <span class='ocrx_word' id='word_1_94' title='bbox 542 1528 801 1585; x_wconf 91' lang='lat' dir='ltr'><strong>usurpare</strong></span> <span class='ocrx_word' id='word_1_95' title='bbox 846 1521 1167 1585; x_wconf 67' lang='lat' dir='ltr'><strong>praesumat,</strong></span> <span class='ocrx_word' id='word_1_96' title='bbox 1216 1527 1317 1568; x_wconf 88' lang='lat' dir='ltr'><strong>nec</strong></span> <span class='ocrx_word' id='word_1_97' title='bbox 1368 1512 1475 1567; x_wconf 90' lang='lat' dir='ltr'><strong>ulla</strong></span> <span class='ocrx_word' id='word_1_98' title='bbox 1522 1527 1741 1582; x_wconf 89' lang='lat' dir='ltr'><strong>prorsus</strong></span> <span class='ocrx_word' id='word_1_99' title='bbox 1762 1509 1892 1565; x_wconf 86' lang='lat' dir='ltr'><strong>sub-</strong></span> 
     </span>
    </p>
   </div>
   <div class='ocr_carea' id='block_1_15' title="bbox 296 1603 1889 1677">
    <p class='ocr_par' dir='ltr' id='par_1_15' title="bbox 296 1603 1889 1677">
     <span class='ocr_line' id='line_1_15' title="bbox 296 1603 1889 1677; baseline -0.003 -17"><span class='ocrx_word' id='word_1_100' title='bbox 296 1605 595 1677; x_wconf 79' lang='lat' dir='ltr'><strong>jugationis</strong></span> <span class='ocrx_word' id='word_1_101' title='bbox 661 1615 755 1661; x_wconf 89' lang='lat' dir='ltr'><strong>aut</strong></span> <span class='ocrx_word' id='word_1_102' title='bbox 803 1606 1111 1671; x_wconf 84' lang='lat' dir='ltr'><strong>servitutis,</strong></span> <span class='ocrx_word' id='word_1_103' title='bbox 1178 1612 1273 1658; x_wconf 90' lang='lat' dir='ltr'><strong>aut</strong></span> <span class='ocrx_word' id='word_1_104' title='bbox 1331 1604 1514 1659; x_wconf 89' lang='lat' dir='ltr'><strong>tributi</strong></span> <span class='ocrx_word' id='word_1_105' title='bbox 1560 1603 1889 1669; x_wconf 78' lang='lat' dir='ltr'><strong>conditione,</strong></span> 
     </span>
    </p>
   </div>
   <div class='ocr_carea' id='block_1_16' title="bbox 301 1695 1891 1766">
    <p class='ocr_par' dir='ltr' id='par_1_16' title="bbox 301 1695 1891 1766">
     <span class='ocr_line' id='line_1_16' title="bbox 301 1695 1891 1766; baseline 0 -15"><span class='ocrx_word' id='word_1_106' title='bbox 301 1698 391 1753; x_wconf 87' lang='lat' dir='ltr'><strong>vel</strong></span> <span class='ocrx_word' id='word_1_107' title='bbox 423 1698 478 1752; x_wconf 91' lang='lat' dir='ltr'><strong>in</strong></span> <span class='ocrx_word' id='word_1_108' title='bbox 504 1709 722 1766; x_wconf 89' lang='lat' dir='ltr'><strong>magno,</strong></span> <span class='ocrx_word' id='word_1_109' title='bbox 766 1698 848 1751; x_wconf 92' lang='lat' dir='ltr'><strong>vel</strong></span> <span class='ocrx_word' id='word_1_110' title='bbox 879 1697 933 1751; x_wconf 93' lang='lat' dir='ltr'><strong>in</strong></span> <span class='ocrx_word' id='word_1_111' title='bbox 963 1697 1210 1761; x_wconf 90' lang='lat' dir='ltr'><strong>minimo,</strong></span> <span class='ocrx_word' id='word_1_112' title='bbox 1238 1695 1334 1750; x_wconf 89' lang='lat' dir='ltr'><strong>Dei</strong></span> <span class='ocrx_word' id='word_1_113' title='bbox 1374 1695 1650 1751; x_wconf 89' lang='lat' dir='ltr'><strong>ministros</strong></span> <span class='ocrx_word' id='word_1_114' title='bbox 1679 1695 1891 1766; x_wconf 88' lang='lat' dir='ltr'><strong>inquie-</strong></span> 
     </span>
    </p>
   </div>
   <div class='ocr_carea' id='block_1_17' title="bbox 1988 510 3568 578">
    <p class='ocr_par' dir='ltr' id='par_1_17' title="bbox 1988 510 3568 578">
     <span class='ocr_line' id='line_1_17' title="bbox 1988 510 3568 578; baseline -0.001 -12"><span class='ocrx_word' id='word_1_115' title='bbox 1988 512 2103 569; x_wconf 89' lang='lat' dir='ltr'><strong>ﬁlii.</strong></span> <span class='ocrx_word' id='word_1_116' title='bbox 2152 511 2267 578; x_wconf 85' lang='lat' dir='ltr'><strong>Qua</strong></span> <span class='ocrx_word' id='word_1_117' title='bbox 2313 524 2442 578; x_wconf 86' lang='lat' dir='ltr'><strong>ergo</strong></span> <span class='ocrx_word' id='word_1_118' title='bbox 2491 510 2841 568; x_wconf 86' lang='lat' dir='ltr'><strong>irreverentia</strong></span> <span class='ocrx_word' id='word_1_119' title='bbox 2880 511 3070 568; x_wconf 80' lang='lat' dir='ltr'><strong>Patres</strong></span> <span class='ocrx_word' id='word_1_120' title='bbox 3108 512 3459 567; x_wconf 88' lang='lat' dir='ltr'><strong>ecclesiarum</strong></span> <span class='ocrx_word' id='word_1_121' title='bbox 3515 512 3568 564; x_wconf 86' lang='lat' dir='ltr'><strong>in</strong></span> 
     </span>
    </p>
   </div>
   <div class='ocr_carea' id='block_1_18' title="bbox 1990 600 3569 671">
    <p class='ocr_par' dir='ltr' id='par_1_18' title="bbox 1990 600 3569 671">
     <span class='ocr_line' id='line_1_18' title="bbox 1990 600 3569 671; baseline -0.003 -15"><span class='ocrx_word' id='word_1_122' title='bbox 1990 602 2127 658; x_wconf 89' lang='lat' dir='ltr'><strong>ﬁlios</strong></span> <span class='ocrx_word' id='word_1_123' title='bbox 2148 601 2297 671; x_wconf 90' lang='lat' dir='ltr'><strong>regni</strong></span> <span class='ocrx_word' id='word_1_124' title='bbox 2320 601 2417 655; x_wconf 89' lang='lat' dir='ltr'><strong>Dei</strong></span> <span class='ocrx_word' id='word_1_125' title='bbox 2444 601 2545 656; x_wconf 89' lang='lat' dir='ltr'><strong>sibi</strong></span> <span class='ocrx_word' id='word_1_126' title='bbox 2572 602 2842 657; x_wconf 88' lang='lat' dir='ltr'><strong>vindicant</strong></span> <span class='ocrx_word' id='word_1_127' title='bbox 2867 602 3312 665; x_wconf 85' lang='lat' dir='ltr'><strong>dominationem,</strong></span> <span class='ocrx_word' id='word_1_128' title='bbox 3336 600 3569 654; x_wconf 81' lang='lat' dir='ltr'><strong>maxime</strong></span> 
     </span>
    </p>
   </div>
   <div class='ocr_carea' id='block_1_19' title="bbox 1989 691 3569 755">
    <p class='ocr_par' dir='ltr' id='par_1_19' title="bbox 1989 691 3569 755">
     <span class='ocr_line' id='line_1_19' title="bbox 1989 691 3569 755; baseline -0.005 -5"><span class='ocrx_word' id='word_1_129' title='bbox 1989 703 2170 750; x_wconf 89' lang='lat' dir='ltr'><strong>autem</strong></span> <span class='ocrx_word' id='word_1_130' title='bbox 2198 694 2252 748; x_wconf 88' lang='lat' dir='ltr'><strong>in</strong></span> <span class='ocrx_word' id='word_1_131' title='bbox 2281 694 2419 748; x_wconf 86' lang='lat' dir='ltr'><strong>hanc</strong></span> <span class='ocrx_word' id='word_1_132' title='bbox 2446 692 2740 749; x_wconf 89' lang='lat' dir='ltr'><strong>Ecclesiam</strong></span> <span class='ocrx_word' id='word_1_133' title='bbox 2770 702 3081 749; x_wconf 90' lang='lat' dir='ltr'><strong>sanctorum</strong></span> <span class='ocrx_word' id='word_1_134' title='bbox 3129 691 3519 746; x_wconf 89' lang='lat' dir='ltr'><strong>thesaurarium</strong></span> <span class='ocrx_word' id='word_1_135' title='bbox 3552 730 3569 755; x_wconf 91' lang='lat'><strong>,</strong></span> 
     </span>
    </p>
   </div>
   <div class='ocr_carea' id='block_1_20' title="bbox 1991 780 3573 856">
    <p class='ocr_par' dir='ltr' id='par_1_20' title="bbox 1991 780 3573 856">
     <span class='ocr_line' id='line_1_20' title="bbox 1991 780 3573 856; baseline -0.005 -14"><span class='ocrx_word' id='word_1_136' title='bbox 1991 787 2044 842; x_wconf 91' lang='lat' dir='ltr'><strong>in</strong></span> <span class='ocrx_word' id='word_1_137' title='bbox 2070 786 2221 856; x_wconf 85' lang='lat' dir='ltr'><strong>cujus</strong></span> <span class='ocrx_word' id='word_1_138' title='bbox 2249 793 2497 841; x_wconf 90' lang='lat' dir='ltr'><strong>materno</strong></span> <span class='ocrx_word' id='word_1_139' title='bbox 2548 794 2706 842; x_wconf 90' lang='lat' dir='ltr'><strong>utero</strong></span> <span class='ocrx_word' id='word_1_140' title='bbox 2757 793 2836 839; x_wconf 92' lang='lat' dir='ltr'><strong>tot</strong></span> <span class='ocrx_word' id='word_1_141' title='bbox 2882 784 3191 855; x_wconf 84' lang='lat' dir='ltr'><strong>pontiﬁcum</strong></span> <span class='ocrx_word' id='word_1_142' title='bbox 3224 780 3573 838; x_wconf 76' lang='lat' dir='ltr'><strong>Dornbernitc</strong></span> 
     </span>
    </p>
   </div>
   <div class='ocr_carea' id='block_1_21' title="bbox 1990 872 3571 949">
    <p class='ocr_par' dir='ltr' id='par_1_21' title="bbox 1990 872 3571 949">
     <span class='ocr_line' id='line_1_21' title="bbox 1990 872 3571 949; baseline -0.006 -15"><span class='ocrx_word' id='word_1_143' title='bbox 1990 872 2285 949; x_wconf 86' lang='lat' dir='ltr'><strong>regumque</strong></span> <span class='ocrx_word' id='word_1_144' title='bbox 2312 893 2377 934; x_wconf 93' lang='lat' dir='ltr'><strong>ac</strong></span> <span class='ocrx_word' id='word_1_145' title='bbox 2405 878 2706 948; x_wconf 87' lang='lat' dir='ltr'><strong>principum</strong></span> <span class='ocrx_word' id='word_1_146' title='bbox 2745 892 2973 947; x_wconf 90' lang='lat' dir='ltr'><strong>corpora</strong></span> <span class='ocrx_word' id='word_1_147' title='bbox 3006 891 3285 945; x_wconf 86' lang='lat' dir='ltr'><strong>speramus</strong></span> <span class='ocrx_word' id='word_1_148' title='bbox 3313 874 3452 927; x_wconf 90' lang='lat' dir='ltr'><strong>alma</strong></span> <span class='ocrx_word' id='word_1_149' title='bbox 3484 887 3571 926; x_wconf 88' lang='lat' dir='ltr'><strong>re-</strong></span> 
     </span>
    </p>
   </div>
   <div class='ocr_carea' id='block_1_22' title="bbox 1990 964 3575 1041">
    <p class='ocr_par' dir='ltr' id='par_1_22' title="bbox 1990 964 3575 1041">
     <span class='ocr_line' id='line_1_22' title="bbox 1990 964 3575 1041; baseline -0.006 -15"><span class='ocrx_word' id='word_1_150' title='bbox 1990 970 2220 1028; x_wconf 81' lang='lat' dir='ltr'><strong>iovenda</strong></span> <span class='ocrx_word' id='word_1_151' title='bbox 2276 970 2566 1041; x_wconf 84' lang='lat' dir='ltr'><strong>sepulturae</strong></span> <span class='ocrx_word' id='word_1_152' title='bbox 2617 970 2833 1037; x_wconf 89' lang='lat' dir='ltr'><strong>requie,</strong></span> <span class='ocrx_word' id='word_1_153' title='bbox 2889 983 2957 1023; x_wconf 90' lang='lat' dir='ltr'><strong>ex</strong></span> <span class='ocrx_word' id='word_1_154' title='bbox 3005 968 3325 1022; x_wconf 88' lang='lat' dir='ltr'><strong>auctoritate</strong></span> <span class='ocrx_word' id='word_1_155' title='bbox 3368 964 3575 1019; x_wconf 88' lang='lat' dir='ltr'><strong>scilicet</strong></span> 
     </span>
    </p>
   </div>
   <div class='ocr_carea' id='block_1_23' title="bbox 1992 1054 3572 1132">
    <p class='ocr_par' dir='ltr' id='par_1_23' title="bbox 1992 1054 3572 1132">
     <span class='ocr_line' id='line_1_23' title="bbox 1992 1054 3572 1132; baseline -0.006 -16"><span class='ocrx_word' id='word_1_156' title='bbox 1992 1061 2312 1132; x_wconf 90' lang='lat' dir='ltr'><strong>apostolica,</strong></span> <span class='ocrx_word' id='word_1_157' title='bbox 2335 1069 2390 1117; x_wconf 87' lang='lat' dir='ltr'><strong>et</strong></span> <span class='ocrx_word' id='word_1_158' title='bbox 2412 1060 2537 1115; x_wconf 89' lang='lat' dir='ltr'><strong>hinc</strong></span> <span class='ocrx_word' id='word_1_159' title='bbox 2557 1059 2623 1114; x_wconf 93' lang='lat' dir='ltr'><strong>ad</strong></span> <span class='ocrx_word' id='word_1_160' title='bbox 2644 1069 2897 1113; x_wconf 59' lang='lat' dir='ltr'><strong>aeternam</strong></span> <span class='ocrx_word' id='word_1_161' title='bbox 2927 1058 3151 1128; x_wconf 80' lang='lat' dir='ltr'><strong>gloriam</strong></span> <span class='ocrx_word' id='word_1_162' title='bbox 3181 1054 3572 1111; x_wconf 87' lang='lat' dir='ltr'><strong>resuscitanda.</strong></span> 
     </span>
    </p>
   </div>
   <div class='ocr_carea' id='block_1_24' title="bbox 1993 1146 3575 1223">
    <p class='ocr_par' dir='ltr' id='par_1_24' title="bbox 1993 1146 3575 1223">
     <span class='ocr_line' id='line_1_24' title="bbox 1993 1146 3575 1223; baseline -0.004 -17"><span class='ocrx_word' id='word_1_163' title='bbox 1993 1151 2151 1208; x_wconf 90' lang='lat' dir='ltr'><strong>Tales</strong></span> <span class='ocrx_word' id='word_1_164' title='bbox 2179 1151 2413 1221; x_wconf 88' lang='lat' dir='ltr'><strong>supremi</strong></span> <span class='ocrx_word' id='word_1_165' title='bbox 2437 1148 2634 1223; x_wconf 85' lang='lat' dir='ltr'><strong>judicis</strong></span> <span class='ocrx_word' id='word_1_166' title='bbox 2677 1150 2878 1204; x_wconf 89' lang='lat' dir='ltr'><strong>amicos</strong></span> <span class='ocrx_word' id='word_1_167' title='bbox 2906 1149 2950 1203; x_wconf 89' lang='lat' dir='ltr'><strong>si</strong></span> <span class='ocrx_word' id='word_1_168' title='bbox 2994 1148 3115 1216; x_wconf 89' lang='lat' dir='ltr'><strong>quis</strong></span> <span class='ocrx_word' id='word_1_169' title='bbox 3153 1146 3425 1201; x_wconf 83' lang='lat' dir='ltr'><strong>offeudere</strong></span> <span class='ocrx_word' id='word_1_170' title='bbox 3468 1160 3575 1200; x_wconf 90' lang='lat' dir='ltr'><strong>non</strong></span> 
     </span>
    </p>
   </div>
   <div class='ocr_carea' id='block_1_25' title="bbox 1993 1235 3576 1312">
    <p class='ocr_par' dir='ltr' id='par_1_25' title="bbox 1993 1235 3576 1312">
     <span class='ocr_line' id='line_1_25' title="bbox 1993 1235 3576 1312; baseline -0.006 -14"><span class='ocrx_word' id='word_1_171' title='bbox 1993 1238 2242 1298; x_wconf 81' lang='lat' dir='ltr'><strong>metuens</strong></span> <span class='ocrx_word' id='word_1_172' title='bbox 2271 1242 2431 1312; x_wconf 91' lang='lat' dir='ltr'><strong>hujus</strong></span> <span class='ocrx_word' id='word_1_173' title='bbox 2460 1240 2725 1311; x_wconf 82' lang='lat' dir='ltr'><strong>privilegii</strong></span> <span class='ocrx_word' id='word_1_174' title='bbox 2751 1248 2953 1295; x_wconf 87' lang='lat' dir='ltr'><strong>statuta</strong></span> <span class='ocrx_word' id='word_1_175' title='bbox 2997 1238 3310 1302; x_wconf 87' lang='lat' dir='ltr'><strong>violaverit,</strong></span> <span class='ocrx_word' id='word_1_176' title='bbox 3343 1235 3429 1291; x_wconf 89' lang='lat' dir='ltr'><strong>vel</strong></span> <span class='ocrx_word' id='word_1_177' title='bbox 3455 1235 3576 1289; x_wconf 83' lang='lat' dir='ltr'><strong>vio-</strong></span> 
     </span>
    </p>
   </div>
   <div class='ocr_carea' id='block_1_26' title="bbox 1994 1330 3576 1397">
    <p class='ocr_par' dir='ltr' id='par_1_26' title="bbox 1994 1330 3576 1397">
     <span class='ocr_line' id='line_1_26' title="bbox 1994 1330 3576 1397; baseline -0.004 -7"><span class='ocrx_word' id='word_1_178' title='bbox 1994 1335 2223 1390; x_wconf 82' lang='lat' dir='ltr'><strong>lat&#39;orem</strong></span> <span class='ocrx_word' id='word_1_179' title='bbox 2255 1331 2517 1388; x_wconf 88' lang='lat' dir='ltr'><strong>imitando</strong></span> <span class='ocrx_word' id='word_1_180' title='bbox 2539 1332 2649 1386; x_wconf 92' lang='lat' dir='ltr'><strong>vim</strong></span> <span class='ocrx_word' id='word_1_181' title='bbox 2679 1346 2834 1386; x_wconf 89' lang='lat' dir='ltr'><strong>suam</strong></span> <span class='ocrx_word' id='word_1_182' title='bbox 2877 1331 3133 1391; x_wconf 88' lang='lat' dir='ltr'><strong>tenuerit,</strong></span> <span class='ocrx_word' id='word_1_183' title='bbox 3165 1330 3301 1384; x_wconf 88' lang='lat' dir='ltr'><strong>sciat</strong></span> <span class='ocrx_word' id='word_1_184' title='bbox 3327 1343 3387 1383; x_wconf 92' lang='lat' dir='ltr'><strong>se</strong></span> <span class='ocrx_word' id='word_1_185' title='bbox 3417 1342 3576 1397; x_wconf 90' lang='lat' dir='ltr'><strong>apos-</strong></span> 
     </span>
    </p>
   </div>
   <div class='ocr_carea' id='block_1_27' title="bbox 1995 1419 3580 1495">
    <p class='ocr_par' dir='ltr' id='par_1_27' title="bbox 1995 1419 3580 1495">
     <span class='ocr_line' id='line_1_27' title="bbox 1995 1419 3580 1495; baseline -0.006 -13"><span class='ocrx_word' id='word_1_186' title='bbox 1995 1428 2161 1482; x_wconf 89' lang='lat' dir='ltr'><strong>tolico</strong></span> <span class='ocrx_word' id='word_1_187' title='bbox 2182 1425 2334 1495; x_wconf 83' lang='lat' dir='ltr'><strong>beati</strong></span> <span class='ocrx_word' id='word_1_188' title='bbox 2366 1424 2509 1481; x_wconf 88' lang='lat' dir='ltr'><strong>Petri</strong></span> <span class='ocrx_word' id='word_1_189' title='bbox 2550 1424 2730 1495; x_wconf 87' lang='lat' dir='ltr'><strong>gladio</strong></span> <span class='ocrx_word' id='word_1_190' title='bbox 2757 1430 2873 1494; x_wconf 77' lang='lat' dir='ltr'><strong>iper</strong></span> <span class='ocrx_word' id='word_1_191' title='bbox 2900 1438 3055 1477; x_wconf 92' lang='lat' dir='ltr'><strong>suum</strong></span> <span class='ocrx_word' id='word_1_192' title='bbox 3086 1422 3343 1476; x_wconf 89' lang='lat' dir='ltr'><strong>vicarium</strong></span> <span class='ocrx_word' id='word_1_193' title='bbox 3373 1419 3580 1488; x_wconf 80' lang='lat' dir='ltr'><strong>Grego-</strong></span> 
     </span>
    </p>
   </div>
   <div class='ocr_carea' id='block_1_28' title="bbox 1994 1509 3575 1585">
    <p class='ocr_par' dir='ltr' id='par_1_28' title="bbox 1994 1509 3575 1585">
     <span class='ocr_line' id='line_1_28' title="bbox 1994 1509 3575 1585; baseline -0.005 -16"><span class='ocrx_word' id='word_1_194' title='bbox 1994 1516 2132 1570; x_wconf 91' lang='lat' dir='ltr'><strong>rium</strong></span> <span class='ocrx_word' id='word_1_195' title='bbox 2154 1514 2482 1585; x_wconf 91' lang='lat' dir='ltr'><strong>puniendum</strong></span> <span class='ocrx_word' id='word_1_196' title='bbox 2509 1514 2611 1568; x_wconf 89' lang='lat' dir='ltr'><strong>nisi</strong></span> <span class='ocrx_word' id='word_1_197' title='bbox 2639 1512 3028 1567; x_wconf 89' lang='lat' dir='ltr'><strong>emendaverit.</strong></span> <span class='ocrx_word' id='word_1_198' title='bbox 3060 1510 3185 1565; x_wconf 66' lang='lat' dir='ltr'><strong>Hmc</strong></span> <span class='ocrx_word' id='word_1_199' title='bbox 3210 1524 3338 1578; x_wconf 85' lang='lat' dir='ltr'><strong>ergo</strong></span> <span class='ocrx_word' id='word_1_200' title='bbox 3367 1509 3575 1574; x_wconf 89' lang='lat' dir='ltr'><strong>omnia,</strong></span> 
     </span>
    </p>
   </div>
   <div class='ocr_carea' id='block_1_29' title="bbox 1996 1600 3581 1676">
    <p class='ocr_par' dir='ltr' id='par_1_29' title="bbox 1996 1600 3581 1676">
     <span class='ocr_line' id='line_1_29' title="bbox 1996 1600 3581 1676; baseline -0.004 -16"><span class='ocrx_word' id='word_1_201' title='bbox 1996 1607 2074 1661; x_wconf 90' lang='lat' dir='ltr'><strong>uti</strong></span> <span class='ocrx_word' id='word_1_202' title='bbox 2102 1606 2191 1661; x_wconf 87' lang='lat' dir='ltr'><strong>hic</strong></span> <span class='ocrx_word' id='word_1_203' title='bbox 2221 1615 2367 1674; x_wconf 90' lang='lat' dir='ltr'><strong>sunt,</strong></span> <span class='ocrx_word' id='word_1_204' title='bbox 2417 1605 2656 1676; x_wconf 90' lang='lat' dir='ltr'><strong>scripta,</strong></span> <span class='ocrx_word' id='word_1_205' title='bbox 2710 1604 3009 1674; x_wconf 88' lang='lat' dir='ltr'><strong>apostolica</strong></span> <span class='ocrx_word' id='word_1_206' title='bbox 3044 1603 3213 1673; x_wconf 87' lang='lat' dir='ltr'><strong>ipsius</strong></span> <span class='ocrx_word' id='word_1_207' title='bbox 3258 1600 3581 1657; x_wconf 85' lang='lat' dir='ltr'><strong>institutoris</strong></span> 
     </span>
    </p>
   </div>
   <div class='ocr_carea' id='block_1_30' title="bbox 1996 1691 3581 1766">
    <p class='ocr_par' dir='ltr' id='par_1_30' title="bbox 1996 1691 3581 1766">
     <span class='ocr_line' id='line_1_30' title="bbox 1996 1691 3581 1766; baseline -0.005 -12"><span class='ocrx_word' id='word_1_208' title='bbox 1996 1696 2423 1766; x_wconf 88' lang='lat' dir='ltr'><strong>nostriGregorii</strong></span> <span class='ocrx_word' id='word_1_209' title='bbox 2441 1696 2889 1766; x_wconf 89' lang='lat' dir='ltr'><strong>comprobatione</strong></span> <span class='ocrx_word' id='word_1_210' title='bbox 2908 1703 2964 1750; x_wconf 90' lang='lat' dir='ltr'><strong>et</strong></span> <span class='ocrx_word' id='word_1_211' title='bbox 2984 1696 3309 1750; x_wconf 90' lang='lat' dir='ltr'><strong>auctoritate</strong></span> <span class='ocrx_word' id='word_1_212' title='bbox 3319 1691 3581 1747; x_wconf 90' lang='lat' dir='ltr'><strong>servanda</strong></span> 
     </span>
    </p>
   </div>
   <div class='ocr_carea' id='block_1_31' title="bbox 300 1784 3584 1894">
    <p class='ocr_par' dir='ltr' id='par_1_31' title="bbox 300 1784 3584 1894">
     <span class='ocr_line' id='line_1_31' title="bbox 300 1784 3584 1894; baseline -0.005 -37"><span class='ocrx_word' id='word_1_213' title='bbox 300 1795 384 1890; x_wconf 62' lang='grc' dir='ltr'><strong>ξεί</strong></span> <span class='ocrx_word' id='word_1_214' title='bbox 410 1793 504 1894; x_wconf 49' lang='lat' dir='ltr'><strong>an}</strong></span> <span class='ocrx_word' id='word_1_215' title='bbox 532 1788 823 1857; x_wconf 69' lang='grc' dir='ltr'><strong>οΡΡτίπιίιι·</strong></span> <span class='ocrx_word' id='word_1_216' title='bbox 866 1786 1128 1889; x_wconf 52' lang='lat' dir='ltr'><strong>{\bbalem</strong></span> <span class='ocrx_word' id='word_1_217' title='bbox 1168 1801 1200 1841; x_wconf 72' lang='grc'><strong>³</strong></span> <span class='ocrx_word' id='word_1_218' title='bbox 1228 1786 1338 1841; x_wconf 68' lang='grc' dir='ltr'><strong>θυῖε</strong></span> <span class='ocrx_word' id='word_1_219' title='bbox 1354 1784 1633 1894; x_wconf 52' lang='lat' dir='ltr'><strong>fratribus</strong></span> <span class='ocrx_word' id='word_1_220' title='bbox 1661 1785 1893 1841; x_wconf 59' lang='lat' dir='ltr'><strong>Electum</strong></span> <span class='ocrx_word' id='word_1_221' title='bbox 1925 1833 1971 1894; x_wconf 74' lang='grc' dir='ltr'><strong>Β</strong></span> <span class='ocrx_word' id='word_1_222' title='bbox 1999 1795 2307 1860; x_wconf 83' lang='lat' dir='ltr'><strong>sancimus,</strong></span> <span class='ocrx_word' id='word_1_223' title='bbox 2338 1807 2545 1862; x_wconf 89' lang='lat' dir='ltr'><strong>suoque</strong></span> <span class='ocrx_word' id='word_1_224' title='bbox 2584 1807 2682 1848; x_wconf 89' lang='lat' dir='ltr'><strong>ore</strong></span> <span class='ocrx_word' id='word_1_225' title='bbox 2726 1791 3127 1856; x_wconf 89' lang='lat' dir='ltr'><strong>conﬁrmamus,</strong></span> <span class='ocrx_word' id='word_1_226' title='bbox 3161 1800 3427 1859; x_wconf 66' lang='lat' dir='ltr'><strong>praesente</strong></span> <span class='ocrx_word' id='word_1_227' title='bbox 3473 1786 3584 1854; x_wconf 86' lang='lat' dir='ltr'><strong>glo-</strong></span> 
     </span>
    </p>
   </div>
   <div class='ocr_carea' id='block_1_32' title="bbox 302 1875 1892 1942">
    <p class='ocr_par' dir='ltr' id='par_1_32' title="bbox 302 1875 1892 1942">
     <span class='ocr_line' id='line_1_32' title="bbox 302 1875 1892 1942; baseline -0.001 -9"><span class='ocrx_word' id='word_1_228' title='bbox 302 1878 362 1933; x_wconf 91' lang='lat' dir='ltr'><strong>in</strong></span> <span class='ocrx_word' id='word_1_229' title='bbox 385 1878 577 1934; x_wconf 89' lang='lat' dir='ltr'><strong>eodem</strong></span> <span class='ocrx_word' id='word_1_230' title='bbox 600 1877 929 1934; x_wconf 75' lang='lat' dir='ltr'><strong>monasterio</strong></span> <span class='ocrx_word' id='word_1_231' title='bbox 952 1893 1061 1934; x_wconf 92' lang='lat' dir='ltr'><strong>non</strong></span> <span class='ocrx_word' id='word_1_232' title='bbox 1082 1877 1151 1932; x_wconf 90' lang='lat' dir='ltr'><strong>ad</strong></span> <span class='ocrx_word' id='word_1_233' title='bbox 1173 1892 1329 1933; x_wconf 92' lang='lat' dir='ltr'><strong>suum</strong></span> <span class='ocrx_word' id='word_1_234' title='bbox 1351 1875 1686 1942; x_wconf 85' lang='lat' dir='ltr'><strong>famulatum,</strong></span> <span class='ocrx_word' id='word_1_235' title='bbox 1712 1875 1805 1931; x_wconf 92' lang='lat' dir='ltr'><strong>sed</strong></span> <span class='ocrx_word' id='word_1_236' title='bbox 1824 1876 1892 1931; x_wconf 92' lang='lat' dir='ltr'><strong>ad</strong></span> 
     </span>
    </p>
   </div>
   <div class='ocr_carea' id='block_1_33' title="bbox 302 1966 1897 2033">
    <p class='ocr_par' dir='ltr' id='par_1_33' title="bbox 302 1966 1897 2033">
     <span class='ocr_line' id='line_1_33' title="bbox 302 1966 1897 2033; baseline -0.001 -11"><span class='ocrx_word' id='word_1_237' title='bbox 302 1968 633 2024; x_wconf 70' lang='lat' dir='ltr'><strong>dominicum</strong></span> <span class='ocrx_word' id='word_1_238' title='bbox 661 1968 1019 2023; x_wconf 88' lang='lat' dir='ltr'><strong>ministerium</strong></span> <span class='ocrx_word' id='word_1_239' title='bbox 1040 1967 1273 2033; x_wconf 89' lang='lat' dir='ltr'><strong>ordinet,</strong></span> <span class='ocrx_word' id='word_1_240' title='bbox 1291 1982 1392 2023; x_wconf 84' lang='lat' dir='ltr'><strong>nec</strong></span> <span class='ocrx_word' id='word_1_241' title='bbox 1421 1966 1523 2022; x_wconf 87' lang='lat' dir='ltr'><strong>sibi</strong></span> <span class='ocrx_word' id='word_1_242' title='bbox 1548 1968 1691 2022; x_wconf 84' lang='lat' dir='ltr'><strong>hunc</strong></span> <span class='ocrx_word' id='word_1_243' title='bbox 1726 1967 1897 2022; x_wconf 89' lang='lat' dir='ltr'><strong>obau-</strong></span> 
     </span>
    </p>
   </div>
   <div class='ocr_carea' id='block_1_34' title="bbox 300 2058 1896 2129">
    <p class='ocr_par' dir='ltr' id='par_1_34' title="bbox 300 2058 1896 2129">
     <span class='ocr_line' id='line_1_34' title="bbox 300 2058 1896 2129; baseline -0.002 -14"><span class='ocrx_word' id='word_1_244' title='bbox 300 2060 421 2116; x_wconf 89' lang='lat' dir='ltr'><strong>dire</strong></span> <span class='ocrx_word' id='word_1_245' title='bbox 449 2060 546 2117; x_wconf 87' lang='lat' dir='ltr'><strong>sed</strong></span> <span class='ocrx_word' id='word_1_246' title='bbox 581 2060 693 2117; x_wconf 91' lang='lat' dir='ltr'><strong>Deo</strong></span> <span class='ocrx_word' id='word_1_247' title='bbox 723 2062 978 2127; x_wconf 84' lang='lat' dir='ltr'><strong>suadeat;</strong></span> <span class='ocrx_word' id='word_1_248' title='bbox 1010 2070 1113 2115; x_wconf 86' lang='lat' dir='ltr'><strong>nec</strong></span> <span class='ocrx_word' id='word_1_249' title='bbox 1139 2074 1270 2115; x_wconf 91' lang='lat' dir='ltr'><strong>vero</strong></span> <span class='ocrx_word' id='word_1_250' title='bbox 1298 2060 1398 2115; x_wconf 87' lang='lat' dir='ltr'><strong>sibi</strong></span> <span class='ocrx_word' id='word_1_251' title='bbox 1427 2058 1751 2129; x_wconf 88' lang='lat' dir='ltr'><strong>subjectum,</strong></span> <span class='ocrx_word' id='word_1_252' title='bbox 1796 2058 1896 2113; x_wconf 89' lang='lat' dir='ltr'><strong>sed</strong></span> 
     </span>
    </p>
   </div>
   <div class='ocr_carea' id='block_1_35' title="bbox 304 2151 1897 2223">
    <p class='ocr_par' dir='ltr' id='par_1_35' title="bbox 304 2151 1897 2223">
     <span class='ocr_line' id='line_1_35' title="bbox 304 2151 1897 2223; baseline 0.001 -16"><span class='ocrx_word' id='word_1_253' title='bbox 304 2151 552 2221; x_wconf 75' lang='lat' dir='ltr'><strong>fratrem,</strong></span> <span class='ocrx_word' id='word_1_254' title='bbox 570 2154 662 2210; x_wconf 88' lang='lat' dir='ltr'><strong>sed</strong></span> <span class='ocrx_word' id='word_1_255' title='bbox 683 2163 1017 2223; x_wconf 86' lang='lat' dir='ltr'><strong>consortem,</strong></span> <span class='ocrx_word' id='word_1_256' title='bbox 1040 2152 1134 2208; x_wconf 90' lang='lat' dir='ltr'><strong>sed</strong></span> <span class='ocrx_word' id='word_1_257' title='bbox 1151 2152 1434 2222; x_wconf 81' lang='lat' dir='ltr'><strong>collegam,</strong></span> <span class='ocrx_word' id='word_1_258' title='bbox 1454 2161 1510 2208; x_wconf 91' lang='lat' dir='ltr'><strong>et</strong></span> <span class='ocrx_word' id='word_1_259' title='bbox 1524 2152 1897 2208; x_wconf 91' lang='lat' dir='ltr'><strong>coministrum</strong></span> 
     </span>
    </p>
   </div>
   <div class='ocr_carea' id='block_1_36' title="bbox 303 2242 1898 2313">
    <p class='ocr_par' dir='ltr' id='par_1_36' title="bbox 303 2242 1898 2313">
     <span class='ocr_line' id='line_1_36' title="bbox 303 2242 1898 2313; baseline 0.001 -15"><span class='ocrx_word' id='word_1_260' title='bbox 303 2242 361 2298; x_wconf 91' lang='lat' dir='ltr'><strong>in</strong></span> <span class='ocrx_word' id='word_1_261' title='bbox 413 2258 554 2313; x_wconf 91' lang='lat' dir='ltr'><strong>opus</strong></span> <span class='ocrx_word' id='word_1_262' title='bbox 600 2244 932 2299; x_wconf 90' lang='lat' dir='ltr'><strong>dominicum</strong></span> <span class='ocrx_word' id='word_1_263' title='bbox 982 2258 1104 2300; x_wconf 91' lang='lat' dir='ltr'><strong>eum</strong></span> <span class='ocrx_word' id='word_1_264' title='bbox 1152 2252 1388 2313; x_wconf 83' lang='lat' dir='ltr'><strong>reputet.</strong></span> <span class='ocrx_word' id='word_1_265' title='bbox 1440 2243 1559 2298; x_wconf 91' lang='lat' dir='ltr'><strong>Non</strong></span> <span class='ocrx_word' id='word_1_266' title='bbox 1588 2244 1662 2298; x_wconf 90' lang='lat' dir='ltr'><strong>ibi</strong></span> <span class='ocrx_word' id='word_1_267' title='bbox 1708 2243 1898 2300; x_wconf 85' lang='lat' dir='ltr'><strong>missas</strong></span> 
     </span>
    </p>
   </div>
   <div class='ocr_carea' id='block_1_37' title="bbox 303 2334 1898 2405">
    <p class='ocr_par' dir='ltr' id='par_1_37' title="bbox 303 2334 1898 2405">
     <span class='ocr_line' id='line_1_37' title="bbox 303 2334 1898 2405; baseline 0.001 -16"><span class='ocrx_word' id='word_1_268' title='bbox 303 2336 461 2405; x_wconf 86' lang='lat' dir='ltr'><strong>quasi</strong></span> <span class='ocrx_word' id='word_1_269' title='bbox 489 2334 557 2389; x_wconf 88' lang='lat' dir='ltr'><strong>ad</strong></span> <span class='ocrx_word' id='word_1_270' title='bbox 586 2351 698 2390; x_wconf 67' lang='lat' dir='ltr'><strong>suae</strong></span> <span class='ocrx_word' id='word_1_271' title='bbox 746 2336 966 2391; x_wconf 84' lang='lat' dir='ltr'><strong>ditionis</strong></span> <span class='ocrx_word' id='word_1_272' title='bbox 1019 2336 1189 2391; x_wconf 88' lang='lat' dir='ltr'><strong>altare</strong></span> <span class='ocrx_word' id='word_1_273' title='bbox 1244 2351 1345 2391; x_wconf 91' lang='lat' dir='ltr'><strong>nec</strong></span> <span class='ocrx_word' id='word_1_274' title='bbox 1389 2336 1759 2393; x_wconf 85' lang='lat' dir='ltr'><strong>ordinationes</strong></span> <span class='ocrx_word' id='word_1_275' title='bbox 1812 2336 1898 2391; x_wconf 73' lang='lat' dir='ltr'><strong>vel</strong></span> 
     </span>
    </p>
   </div>
   <div class='ocr_carea' id='block_1_38' title="bbox 304 2424 1899 2497">
    <p class='ocr_par' dir='ltr' id='par_1_38' title="bbox 304 2424 1899 2497">
     <span class='ocr_line' id='line_1_38' title="bbox 304 2424 1899 2497; baseline -0.001 -17"><span class='ocrx_word' id='word_1_276' title='bbox 304 2425 713 2482; x_wconf 87' lang='lat' dir='ltr'><strong>benedictiones</strong></span> <span class='ocrx_word' id='word_1_277' title='bbox 742 2426 1051 2497; x_wconf 65' lang='lat' dir='ltr'><strong>usurpative</strong></span> <span class='ocrx_word' id='word_1_278' title='bbox 1096 2426 1213 2481; x_wconf 90' lang='lat' dir='ltr'><strong>sine</strong></span> <span class='ocrx_word' id='word_1_279' title='bbox 1256 2424 1487 2494; x_wconf 88' lang='lat' dir='ltr'><strong>abbatis,</strong></span> <span class='ocrx_word' id='word_1_280' title='bbox 1544 2425 1631 2480; x_wconf 88' lang='lat' dir='ltr'><strong>vel</strong></span> <span class='ocrx_word' id='word_1_281' title='bbox 1672 2424 1899 2480; x_wconf 80' lang='lat' dir='ltr'><strong>fratrum</strong></span> 
     </span>
    </p>
   </div>
   <div class='ocr_carea' id='block_1_39' title="bbox 305 2516 1897 2587">
    <p class='ocr_par' dir='ltr' id='par_1_39' title="bbox 305 2516 1897 2587">
     <span class='ocr_line' id='line_1_39' title="bbox 305 2516 1897 2587; baseline 0.002 -18"><span class='ocrx_word' id='word_1_282' title='bbox 305 2516 571 2586; x_wconf 90' lang='lat' dir='ltr'><strong>petitione</strong></span> <span class='ocrx_word' id='word_1_283' title='bbox 600 2528 873 2584; x_wconf 82' lang='lat' dir='ltr'><strong>exerceat,</strong></span> <span class='ocrx_word' id='word_1_284' title='bbox 897 2518 1100 2572; x_wconf 91' lang='lat' dir='ltr'><strong>nullum</strong></span> <span class='ocrx_word' id='word_1_285' title='bbox 1127 2517 1228 2573; x_wconf 85' lang='lat' dir='ltr'><strong>sibi</strong></span> <span class='ocrx_word' id='word_1_286' title='bbox 1252 2516 1340 2587; x_wconf 86' lang='lat' dir='ltr'><strong>jus</strong></span> <span class='ocrx_word' id='word_1_287' title='bbox 1365 2516 1897 2573; x_wconf 79' lang='lat' dir='ltr'><strong>consuetudinaiium</strong></span> 
     </span>
    </p>
   </div>
   <div class='ocr_carea' id='block_1_40' title="bbox 306 2607 1898 2680">
    <p class='ocr_par' dir='ltr' id='par_1_40' title="bbox 306 2607 1898 2680">
     <span class='ocr_line' id='line_1_40' title="bbox 306 2607 1898 2680; baseline 0.001 -18"><span class='ocrx_word' id='word_1_288' title='bbox 306 2607 397 2662; x_wconf 89' lang='lat' dir='ltr'><strong>vel</strong></span> <span class='ocrx_word' id='word_1_289' title='bbox 441 2608 493 2662; x_wconf 91' lang='lat' dir='ltr'><strong>in</strong></span> <span class='ocrx_word' id='word_1_290' title='bbox 525 2608 776 2664; x_wconf 88' lang='lat' dir='ltr'><strong>vilissima</strong></span> <span class='ocrx_word' id='word_1_291' title='bbox 814 2624 873 2663; x_wconf 90' lang='lat' dir='ltr'><strong>re</strong></span> <span class='ocrx_word' id='word_1_292' title='bbox 903 2610 1083 2680; x_wconf 81' lang='lat' dir='ltr'><strong>exigat</strong></span> <span class='ocrx_word' id='word_1_293' title='bbox 1124 2618 1389 2680; x_wconf 90' lang='lat' dir='ltr'><strong>quatenus</strong></span> <span class='ocrx_word' id='word_1_294' title='bbox 1436 2609 1587 2679; x_wconf 88' lang='lat' dir='ltr'><strong>pacis</strong></span> <span class='ocrx_word' id='word_1_295' title='bbox 1612 2608 1898 2664; x_wconf 84' lang='lat' dir='ltr'><strong>concordia</strong></span> 
     </span>
    </p>
   </div>
   <div class='ocr_carea' id='block_1_41' title="bbox 308 2698 1900 2771">
    <p class='ocr_par' dir='ltr' id='par_1_41' title="bbox 308 2698 1900 2771">
     <span class='ocr_line' id='line_1_41' title="bbox 308 2698 1900 2771; baseline 0.001 -19"><span class='ocrx_word' id='word_1_296' title='bbox 308 2714 479 2753; x_wconf 88' lang='lat' dir='ltr'><strong>unum</strong></span> <span class='ocrx_word' id='word_1_297' title='bbox 507 2698 616 2754; x_wconf 89' lang='lat' dir='ltr'><strong>sint</strong></span> <span class='ocrx_word' id='word_1_298' title='bbox 642 2700 695 2754; x_wconf 89' lang='lat' dir='ltr'><strong>in</strong></span> <span class='ocrx_word' id='word_1_299' title='bbox 726 2700 967 2757; x_wconf 86' lang='lat' dir='ltr'><strong>dominio</strong></span> <span class='ocrx_word' id='word_1_300' title='bbox 995 2702 1268 2771; x_wconf 89' lang='lat' dir='ltr'><strong>utrinque,</strong></span> <span class='ocrx_word' id='word_1_301' title='bbox 1294 2716 1396 2757; x_wconf 91' lang='lat' dir='ltr'><strong>nec</strong></span> <span class='ocrx_word' id='word_1_302' title='bbox 1420 2700 1724 2770; x_wconf 90' lang='lat' dir='ltr'><strong>quisquam,</strong></span> <span class='ocrx_word' id='word_1_303' title='bbox 1754 2699 1900 2769; x_wconf 88' lang='lat' dir='ltr'><strong>quod</strong></span> 
     </span>
    </p>
   </div>
   <div class='ocr_carea' id='block_1_42' title="bbox 308 2789 1893 2861">
    <p class='ocr_par' dir='ltr' id='par_1_42' title="bbox 308 2789 1893 2861">
     <span class='ocr_line' id='line_1_42' title="bbox 308 2789 1893 2861; baseline 0 -16"><span class='ocrx_word' id='word_1_304' title='bbox 308 2789 474 2853; x_wconf 83' lang='lat' dir='ltr'><strong>absit,</strong></span> <span class='ocrx_word' id='word_1_305' title='bbox 499 2789 811 2847; x_wconf 86' lang='lat' dir='ltr'><strong>dominandi</strong></span> <span class='ocrx_word' id='word_1_306' title='bbox 838 2791 1059 2848; x_wconf 89' lang='lat' dir='ltr'><strong>dissidio</strong></span> <span class='ocrx_word' id='word_1_307' title='bbox 1089 2793 1139 2846; x_wconf 90' lang='lat' dir='ltr'><strong>in</strong></span> <span class='ocrx_word' id='word_1_308' title='bbox 1164 2792 1423 2861; x_wconf 89' lang='lat' dir='ltr'><strong>judicium</strong></span> <span class='ocrx_word' id='word_1_309' title='bbox 1453 2791 1652 2847; x_wconf 89' lang='lat' dir='ltr'><strong>incidat</strong></span> <span class='ocrx_word' id='word_1_310' title='bbox 1673 2792 1893 2855; x_wconf 89' lang='lat' dir='ltr'><strong>diaboli,</strong></span> 
     </span>
    </p>
   </div>
   <div class='ocr_carea' id='block_1_43' title="bbox 306 2879 1901 2954">
    <p class='ocr_par' dir='ltr' id='par_1_43' title="bbox 306 2879 1901 2954">
     <span class='ocr_line' id='line_1_43' title="bbox 306 2879 1901 2954; baseline 0.002 -21"><span class='ocrx_word' id='word_1_311' title='bbox 306 2879 405 2947; x_wconf 89' lang='lat' dir='ltr'><strong>qui</strong></span> <span class='ocrx_word' id='word_1_312' title='bbox 431 2880 697 2950; x_wconf 70' lang='lat' dir='ltr'><strong>superbia:</strong></span> <span class='ocrx_word' id='word_1_313' title='bbox 726 2884 1009 2954; x_wconf 81' lang='lat' dir='ltr'><strong>tyrannide</strong></span> <span class='ocrx_word' id='word_1_314' title='bbox 1055 2882 1257 2936; x_wconf 89' lang='lat' dir='ltr'><strong>corruit</strong></span> <span class='ocrx_word' id='word_1_315' title='bbox 1281 2883 1348 2937; x_wconf 88' lang='lat' dir='ltr'><strong>de</strong></span> <span class='ocrx_word' id='word_1_316' title='bbox 1374 2882 1534 2937; x_wconf 57' lang='lat' dir='ltr'><strong>caelo.</strong></span> <span class='ocrx_word' id='word_1_317' title='bbox 1567 2880 1741 2950; x_wconf 81' lang='lat' dir='ltr'><strong>Reges</strong></span> <span class='ocrx_word' id='word_1_318' title='bbox 1768 2895 1901 2950; x_wconf 90' lang='lat' dir='ltr'><strong>gen-</strong></span> 
     </span>
    </p>
   </div>
   <div class='ocr_carea' id='block_1_44' title="bbox 308 2972 1898 3044">
    <p class='ocr_par' dir='ltr' id='par_1_44' title="bbox 308 2972 1898 3044">
     <span class='ocr_line' id='line_1_44' title="bbox 308 2972 1898 3044; baseline 0.003 -18"><span class='ocrx_word' id='word_1_319' title='bbox 308 2972 447 3028; x_wconf 86' lang='lat' dir='ltr'><strong>tium</strong></span> <span class='ocrx_word' id='word_1_320' title='bbox 466 2974 661 3044; x_wconf 88' lang='lat' dir='ltr'><strong>(inquit</strong></span> <span class='ocrx_word' id='word_1_321' title='bbox 694 2974 977 3043; x_wconf 83' lang='lat' dir='ltr'><strong>Dominus)</strong></span> <span class='ocrx_word' id='word_1_322' title='bbox 1021 2976 1330 3030; x_wconf 86' lang='lat' dir='ltr'><strong>dominatur</strong></span> <span class='ocrx_word' id='word_1_323' title='bbox 1359 2990 1568 3038; x_wconf 89' lang='lat' dir='ltr'><strong>eorum,</strong></span> <span class='ocrx_word' id='word_1_324' title='bbox 1593 2992 1688 3030; x_wconf 89' lang='lat' dir='ltr'><strong>vos</strong></span> <span class='ocrx_word' id='word_1_325' title='bbox 1716 2983 1898 3030; x_wconf 86' lang='lat' dir='ltr'><strong>autem</strong></span> 
     </span>
    </p>
   </div>
   <div class='ocr_carea' id='block_1_45' title="bbox 308 3065 1903 3137">
    <p class='ocr_par' dir='ltr' id='par_1_45' title="bbox 308 3065 1903 3137">
     <span class='ocr_line' id='line_1_45' title="bbox 308 3065 1903 3137; baseline -0.002 -14"><span class='ocrx_word' id='word_1_326' title='bbox 308 3083 424 3123; x_wconf 89' lang='lat' dir='ltr'><strong>non</strong></span> <span class='ocrx_word' id='word_1_327' title='bbox 451 3066 553 3123; x_wconf 91' lang='lat' dir='ltr'><strong>sic.</strong></span> <span class='ocrx_word' id='word_1_328' title='bbox 604 3067 847 3137; x_wconf 80' lang='lat' dir='ltr'><strong>Cumque</strong></span> <span class='ocrx_word' id='word_1_329' title='bbox 876 3072 944 3121; x_wconf 86' lang='lat' dir='ltr'><strong>ab</strong></span> <span class='ocrx_word' id='word_1_330' title='bbox 971 3068 1159 3121; x_wconf 53' lang='lat' dir='ltr'><strong>alit-nis</strong></span> <span class='ocrx_word' id='word_1_331' title='bbox 1190 3083 1295 3120; x_wconf 89' lang='lat' dir='ltr'><strong>non</strong></span> <span class='ocrx_word' id='word_1_332' title='bbox 1340 3081 1370 3119; x_wconf 93' lang='lat' dir='ltr'><strong>a</strong></span> <span class='ocrx_word' id='word_1_333' title='bbox 1408 3065 1530 3121; x_wconf 83' lang='lat' dir='ltr'><strong>ﬁliis</strong></span> <span class='ocrx_word' id='word_1_334' title='bbox 1568 3074 1903 3136; x_wconf 66' lang='lat' dir='ltr'><strong>accipiantur</strong></span> 
     </span>
    </p>
   </div>
   <div class='ocr_carea' id='block_1_46' title="bbox 1996 1881 3585 1955">
    <p class='ocr_par' dir='ltr' id='par_1_46' title="bbox 1996 1881 3585 1955">
     <span class='ocr_line' id='line_1_46' title="bbox 1996 1881 3585 1955; baseline -0.006 -13"><span class='ocrx_word' id='word_1_335' title='bbox 1996 1888 2145 1942; x_wconf 89' lang='lat' dir='ltr'><strong>rioso</strong></span> <span class='ocrx_word' id='word_1_336' title='bbox 2174 1899 2301 1955; x_wconf 88' lang='lat' dir='ltr'><strong>rege</strong></span> <span class='ocrx_word' id='word_1_337' title='bbox 2347 1884 2665 1940; x_wconf 89' lang='lat' dir='ltr'><strong>Atbelberto</strong></span> <span class='ocrx_word' id='word_1_338' title='bbox 2693 1899 2818 1940; x_wconf 90' lang='lat' dir='ltr'><strong>cum</strong></span> <span class='ocrx_word' id='word_1_339' title='bbox 2866 1883 2977 1939; x_wconf 87' lang='lat' dir='ltr'><strong>lilio</strong></span> <span class='ocrx_word' id='word_1_340' title='bbox 3006 1898 3107 1938; x_wconf 86' lang='lat' dir='ltr'><strong>suo</strong></span> <span class='ocrx_word' id='word_1_341' title='bbox 3155 1881 3495 1945; x_wconf 85' lang='lat' dir='ltr'><strong>Ethelbaldo,</strong></span> <span class='ocrx_word' id='word_1_342' title='bbox 3527 1886 3585 1935; x_wconf 90' lang='lat' dir='ltr'><strong>et</strong></span> 
     </span>
    </p>
   </div>
   <div class='ocr_carea' id='block_1_47' title="bbox 1999 1970 3582 2047">
    <p class='ocr_par' dir='ltr' id='par_1_47' title="bbox 1999 1970 3582 2047">
     <span class='ocr_line' id='line_1_47' title="bbox 1999 1970 3582 2047; baseline -0.008 -13"><span class='ocrx_word' id='word_1_343' title='bbox 1999 1977 2429 2034; x_wconf 80' lang='lat' dir='ltr'><strong>collaudantibus</strong></span> <span class='ocrx_word' id='word_1_344' title='bbox 2452 1992 2572 2032; x_wconf 90' lang='lat' dir='ltr'><strong>cum</strong></span> <span class='ocrx_word' id='word_1_345' title='bbox 2604 1977 2722 2047; x_wconf 90' lang='lat' dir='ltr'><strong>ipso</strong></span> <span class='ocrx_word' id='word_1_346' title='bbox 2751 1976 3003 2031; x_wconf 89' lang='lat' dir='ltr'><strong>omnibus</strong></span> <span class='ocrx_word' id='word_1_347' title='bbox 3031 1973 3378 2043; x_wconf 83' lang='lat' dir='ltr'><strong>optimatibus</strong></span> <span class='ocrx_word' id='word_1_348' title='bbox 3399 1970 3582 2039; x_wconf 90' lang='lat' dir='ltr'><strong>regiis,</strong></span> 
     </span>
    </p>
   </div>
   <div class='ocr_carea' id='block_1_48' title="bbox 2000 2061 3586 2139">
    <p class='ocr_par' dir='ltr' id='par_1_48' title="bbox 2000 2061 3586 2139">
     <span class='ocr_line' id='line_1_48' title="bbox 2000 2061 3586 2139; baseline -0.006 -14"><span class='ocrx_word' id='word_1_349' title='bbox 2000 2077 2163 2139; x_wconf 89' lang='lat' dir='ltr'><strong>atque</strong></span> <span class='ocrx_word' id='word_1_350' title='bbox 2190 2069 2334 2124; x_wconf 92' lang='lat' dir='ltr'><strong>ultro</strong></span> <span class='ocrx_word' id='word_1_351' title='bbox 2389 2068 2699 2123; x_wconf 86' lang='lat' dir='ltr'><strong>volentibus</strong></span> <span class='ocrx_word' id='word_1_352' title='bbox 2730 2064 3176 2121; x_wconf 87' lang='lat' dir='ltr'><strong>reverentissimis</strong></span> <span class='ocrx_word' id='word_1_353' title='bbox 3203 2061 3456 2117; x_wconf 78' lang='lat' dir='ltr'><strong>fratribus</strong></span> <span class='ocrx_word' id='word_1_354' title='bbox 3486 2074 3586 2115; x_wconf 83' lang='grc' dir='ltr'>ιιο-</span> 
     </span>
    </p>
   </div>
   <div class='ocr_carea' id='block_1_49' title="bbox 2002 2151 3582 2217">
    <p class='ocr_par' dir='ltr' id='par_1_49' title="bbox 2002 2151 3582 2217">
     <span class='ocr_line' id='line_1_49' title="bbox 2002 2151 3582 2217; baseline -0.008 -1"><span class='ocrx_word' id='word_1_355' title='bbox 2002 2161 2126 2217; x_wconf 91' lang='lat' dir='ltr'><strong>stris</strong></span> <span class='ocrx_word' id='word_1_356' title='bbox 2154 2176 2185 2214; x_wconf 91' lang='lat' dir='ltr'><strong>a</strong></span> <span class='ocrx_word' id='word_1_357' title='bbox 2213 2168 2397 2215; x_wconf 90' lang='lat' dir='ltr'><strong>sancta</strong></span> <span class='ocrx_word' id='word_1_358' title='bbox 2429 2159 2614 2214; x_wconf 79' lang='lat' dir='ltr'><strong>Roma:</strong></span> <span class='ocrx_word' id='word_1_359' title='bbox 2643 2158 2897 2213; x_wconf 76' lang='lat' dir='ltr'><strong>Ecclesiae</strong></span> <span class='ocrx_word' id='word_1_360' title='bbox 2920 2157 3025 2211; x_wconf 90' lang='lat' dir='ltr'><strong>huc</strong></span> <span class='ocrx_word' id='word_1_361' title='bbox 3050 2170 3259 2209; x_wconf 87' lang='lat' dir='ltr'><strong>mecum</strong></span> <span class='ocrx_word' id='word_1_362' title='bbox 3288 2153 3373 2207; x_wconf 93' lang='lat' dir='ltr'><strong>vel</strong></span> <span class='ocrx_word' id='word_1_363' title='bbox 3398 2151 3464 2206; x_wconf 91' lang='lat' dir='ltr'><strong>ad</strong></span> <span class='ocrx_word' id='word_1_364' title='bbox 3495 2165 3582 2205; x_wconf 88' lang='lat' dir='ltr'><strong>me</strong></span> 
     </span>
    </p>
   </div>
   <div class='ocr_carea' id='block_1_50' title="bbox 2001 2242 3579 2320">
    <p class='ocr_par' dir='ltr' id='par_1_50' title="bbox 2001 2242 3579 2320">
     <span class='ocr_line' id='line_1_50' title="bbox 2001 2242 3579 2320; baseline -0.009 -12"><span class='ocrx_word' id='word_1_365' title='bbox 2001 2255 2055 2308; x_wconf 89' lang='lat' dir='ltr'><strong>in</strong></span> <span class='ocrx_word' id='word_1_366' title='bbox 2084 2251 2432 2320; x_wconf 87' lang='lat' dir='ltr'><strong>Evangelium</strong></span> <span class='ocrx_word' id='word_1_367' title='bbox 2460 2248 2673 2305; x_wconf 90' lang='lat' dir='ltr'><strong>Domini</strong></span> <span class='ocrx_word' id='word_1_368' title='bbox 2700 2247 3003 2311; x_wconf 87' lang='lat' dir='ltr'><strong>destinatis,</strong></span> <span class='ocrx_word' id='word_1_369' title='bbox 3033 2245 3240 2301; x_wconf 87' lang='lat' dir='ltr'><strong>scilicet</strong></span> <span class='ocrx_word' id='word_1_370' title='bbox 3261 2242 3579 2304; x_wconf 89' lang='lat' dir='ltr'><strong>Laurentio,</strong></span> 
     </span>
    </p>
   </div>
   <div class='ocr_carea' id='block_1_51' title="bbox 2000 2334 3581 2413">
    <p class='ocr_par' dir='ltr' id='par_1_51' title="bbox 2000 2334 3581 2413">
     <span class='ocr_line' id='line_1_51' title="bbox 2000 2334 3581 2413; baseline -0.008 -15"><span class='ocrx_word' id='word_1_371' title='bbox 2000 2357 2161 2413; x_wconf 88' lang='lat' dir='ltr'><strong>quem</strong></span> <span class='ocrx_word' id='word_1_372' title='bbox 2192 2341 2370 2406; x_wconf 90' lang='lat' dir='ltr'><strong>nobis,</strong></span> <span class='ocrx_word' id='word_1_373' title='bbox 2393 2341 2505 2395; x_wconf 91' lang='lat' dir='ltr'><strong>Deo</strong></span> <span class='ocrx_word' id='word_1_374' title='bbox 2530 2339 2766 2406; x_wconf 89' lang='lat' dir='ltr'><strong>favente,</strong></span> <span class='ocrx_word' id='word_1_375' title='bbox 2792 2351 3159 2393; x_wconf 84' lang='lat' dir='ltr'><strong>successorem</strong></span> <span class='ocrx_word' id='word_1_376' title='bbox 3182 2334 3581 2397; x_wconf 89' lang='lat' dir='ltr'><strong>constituimus,</strong></span> 
     </span>
    </p>
   </div>
   <div class='ocr_carea' id='block_1_52' title="bbox 2002 2422 3588 2498">
    <p class='ocr_par' dir='ltr' id='par_1_52' title="bbox 2002 2422 3588 2498">
     <span class='ocr_line' id='line_1_52' title="bbox 2002 2422 3588 2498; baseline -0.009 -8"><span class='ocrx_word' id='word_1_377' title='bbox 2002 2442 2059 2490; x_wconf 89' lang='lat' dir='ltr'><strong>et</strong></span> <span class='ocrx_word' id='word_1_378' title='bbox 2121 2433 2324 2489; x_wconf 84' lang='lat' dir='ltr'><strong>Mell.to</strong></span> <span class='ocrx_word' id='word_1_379' title='bbox 2378 2431 2672 2487; x_wconf 74' lang='lat' dir='ltr'><strong>Lundonia:</strong></span> <span class='ocrx_word' id='word_1_380' title='bbox 2727 2430 3002 2498; x_wconf 89' lang='lat' dir='ltr'><strong>episcopo,</strong></span> <span class='ocrx_word' id='word_1_381' title='bbox 3058 2434 3115 2482; x_wconf 89' lang='lat' dir='ltr'><strong>et</strong></span> <span class='ocrx_word' id='word_1_382' title='bbox 3163 2425 3316 2480; x_wconf 83' lang='lat' dir='ltr'><strong>Justo</strong></span> <span class='ocrx_word' id='word_1_383' title='bbox 3368 2422 3588 2478; x_wconf 78' lang='lat' dir='ltr'><strong>Rolensi</strong></span> 
     </span>
    </p>
   </div>
   <div class='ocr_carea' id='block_1_53' title="bbox 2000 2513 3588 2596">
    <p class='ocr_par' dir='ltr' id='par_1_53' title="bbox 2000 2513 3588 2596">
     <span class='ocr_line' id='line_1_53' title="bbox 2000 2513 3588 2596; baseline -0.007 -15"><span class='ocrx_word' id='word_1_384' title='bbox 2000 2526 2297 2596; x_wconf 84' lang='lat' dir='ltr'><strong>episcopo,</strong></span> <span class='ocrx_word' id='word_1_385' title='bbox 2327 2532 2384 2579; x_wconf 90' lang='lat' dir='ltr'><strong>et</strong></span> <span class='ocrx_word' id='word_1_386' title='bbox 2426 2522 2588 2579; x_wconf 86' lang='lat' dir='ltr'><strong>Petro</strong></span> <span class='ocrx_word' id='word_1_387' title='bbox 2640 2521 2938 2576; x_wconf 83' lang='lat' dir='ltr'><strong>veneabili</strong></span> <span class='ocrx_word' id='word_1_388' title='bbox 2989 2518 3228 2588; x_wconf 90' lang='lat' dir='ltr'><strong>ejusdem</strong></span> <span class='ocrx_word' id='word_1_389' title='bbox 3270 2513 3588 2572; x_wconf 77' lang='lat' dir='ltr'><strong>monasterii</strong></span> 
     </span>
    </p>
   </div>
   <div class='ocr_carea' id='block_1_54' title="bbox 2000 2608 3588 2690">
    <p class='ocr_par' dir='ltr' id='par_1_54' title="bbox 2000 2608 3588 2690">
     <span class='ocr_line' id='line_1_54' title="bbox 2000 2608 3588 2690; baseline -0.007 -16"><span class='ocrx_word' id='word_1_390' title='bbox 2000 2619 2303 2690; x_wconf 89' lang='lat' dir='ltr'><strong>principum</strong></span> <span class='ocrx_word' id='word_1_391' title='bbox 2354 2616 2725 2686; x_wconf 90' lang='lat' dir='ltr'><strong>apostolorum</strong></span> <span class='ocrx_word' id='word_1_392' title='bbox 2756 2614 2951 2669; x_wconf 89' lang='lat' dir='ltr'><strong>abbate</strong></span> <span class='ocrx_word' id='word_1_393' title='bbox 2978 2613 3176 2684; x_wconf 80' lang='lat' dir='ltr'><strong>primo,</strong></span> <span class='ocrx_word' id='word_1_394' title='bbox 3208 2625 3331 2666; x_wconf 89' lang='lat' dir='ltr'><strong>cum</strong></span> <span class='ocrx_word' id='word_1_395' title='bbox 3379 2608 3588 2665; x_wconf 74' lang='lat' dir='ltr'><strong>czcteris</strong></span> 
     </span>
    </p>
   </div>
   <div class='ocr_carea' id='block_1_55' title="bbox 1999 2701 3586 2777">
    <p class='ocr_par' dir='ltr' id='par_1_55' title="bbox 1999 2701 3586 2777">
     <span class='ocr_line' id='line_1_55' title="bbox 1999 2701 3586 2777; baseline -0.006 -13"><span class='ocrx_word' id='word_1_396' title='bbox 1999 2709 2057 2764; x_wconf 90' lang='lat' dir='ltr'><strong>in</strong></span> <span class='ocrx_word' id='word_1_397' title='bbox 2088 2710 2316 2765; x_wconf 90' lang='lat' dir='ltr'><strong>Domino</strong></span> <span class='ocrx_word' id='word_1_398' title='bbox 2360 2707 2694 2777; x_wconf 89' lang='lat' dir='ltr'><strong>adjtttoribus</strong></span> <span class='ocrx_word' id='word_1_399' title='bbox 2725 2706 2860 2760; x_wconf 90' lang='lat' dir='ltr'><strong>meis</strong></span> <span class='ocrx_word' id='word_1_400' title='bbox 2910 2706 3110 2759; x_wconf 81' lang='lat' dir='ltr'><strong>obnixe</strong></span> <span class='ocrx_word' id='word_1_401' title='bbox 3153 2701 3586 2774; x_wconf 83' lang='lat' dir='ltr'><strong>postulantibus,</strong></span> 
     </span>
    </p>
   </div>
   <div class='ocr_carea' id='block_1_56' title="bbox 2005 2793 3583 2872">
    <p class='ocr_par' dir='ltr' id='par_1_56' title="bbox 2005 2793 3583 2872">
     <span class='ocr_line' id='line_1_56' title="bbox 2005 2793 3583 2872; baseline -0.008 -14"><span class='ocrx_word' id='word_1_402' title='bbox 2005 2804 2271 2872; x_wconf 89' lang='lat' dir='ltr'><strong>simulque</strong></span> <span class='ocrx_word' id='word_1_403' title='bbox 2315 2802 2370 2856; x_wconf 90' lang='lat' dir='ltr'><strong>in</strong></span> <span class='ocrx_word' id='word_1_404' title='bbox 2400 2816 2496 2857; x_wconf 89' lang='lat' dir='ltr'><strong>eos</strong></span> <span class='ocrx_word' id='word_1_405' title='bbox 2525 2800 2618 2871; x_wconf 90' lang='lat' dir='ltr'><strong>qui</strong></span> <span class='ocrx_word' id='word_1_406' title='bbox 2662 2799 2779 2854; x_wconf 76' lang='lat' dir='ltr'><strong>ltzcc</strong></span> <span class='ocrx_word' id='word_1_407' title='bbox 2808 2798 3037 2852; x_wconf 84' lang='lat' dir='ltr'><strong>lidelier</strong></span> <span class='ocrx_word' id='word_1_408' title='bbox 3063 2795 3398 2852; x_wconf 87' lang='lat' dir='ltr'><strong>servaverint</strong></span> <span class='ocrx_word' id='word_1_409' title='bbox 3426 2793 3583 2847; x_wconf 59' lang='lat' dir='ltr'><strong>bene.</strong></span> 
     </span>
    </p>
   </div>
   <div class='ocr_carea' id='block_1_57' title="bbox 2005 2888 3586 2962">
    <p class='ocr_par' dir='ltr' id='par_1_57' title="bbox 2005 2888 3586 2962">
     <span class='ocr_line' id='line_1_57' title="bbox 2005 2888 3586 2962; baseline -0.007 -12"><span class='ocrx_word' id='word_1_410' title='bbox 2005 2894 2314 2960; x_wconf 90' lang='lat' dir='ltr'><strong>dictionem,</strong></span> <span class='ocrx_word' id='word_1_411' title='bbox 2366 2899 2460 2947; x_wconf 91' lang='lat' dir='ltr'><strong>aut</strong></span> <span class='ocrx_word' id='word_1_412' title='bbox 2512 2893 2565 2947; x_wconf 91' lang='lat' dir='ltr'><strong>in</strong></span> <span class='ocrx_word' id='word_1_413' title='bbox 2624 2890 3044 2962; x_wconf 56' lang='lat' dir='ltr'><strong>impmnitentes,</strong></span> <span class='ocrx_word' id='word_1_414' title='bbox 3101 2890 3247 2959; x_wconf 89' lang='lat' dir='ltr'><strong>quod</strong></span> <span class='ocrx_word' id='word_1_415' title='bbox 3302 2888 3586 2951; x_wconf 88' lang='lat' dir='ltr'><strong>nolumus,</strong></span> 
     </span>
    </p>
   </div>
   <div class='ocr_carea' id='block_1_58' title="bbox 2006 2983 3279 3056">
    <p class='ocr_par' dir='ltr' id='par_1_58' title="bbox 2006 2983 3279 3056">
     <span class='ocr_line' id='line_1_58' title="bbox 2006 2983 3279 3056; baseline -0.004 -14"><span class='ocrx_word' id='word_1_416' title='bbox 2006 2994 2431 3056; x_wconf 80' lang='lat' dir='ltr'><strong>transgressores</strong></span> <span class='ocrx_word' id='word_1_417' title='bbox 2454 2985 2854 3039; x_wconf 76' lang='lat' dir='ltr'><strong>damnationem</strong></span> <span class='ocrx_word' id='word_1_418' title='bbox 2885 2983 3279 3039; x_wconf 82' lang='lat' dir='ltr'><strong>exercentibus.</strong></span> 
     </span>
    </p>
   </div>
   <div class='ocr_carea' id='block_1_59' title="bbox 308 3145 3591 3189">
    <p class='ocr_par' dir='ltr' id='par_1_59' title="bbox 308 3145 3591 3189">
     <span class='ocr_line' id='line_1_59' title="bbox 308 3145 3591 3189; baseline 0.002 -27"><span class='ocrx_word' id='word_1_419' title='bbox 308 3145 3591 3189; x_wconf 88' lang='lat'><strong>_________________________.</strong></span> 
     </span>
    </p>
   </div>
   <div class='ocr_carea' id='block_1_60' title="bbox 1615 3236 2299 3281">
    <p class='ocr_par' dir='ltr' id='par_1_60' title="bbox 1615 3236 2299 3281">
     <span class='ocr_line' id='line_1_60' title="bbox 1615 3236 2299 3281; baseline -0.006 0"><span class='ocrx_word' id='word_1_420' title='bbox 1615 3237 1786 3281; x_wconf 73' lang='lat' dir='ltr'><strong>ANNO</strong></span> <span class='ocrx_word' id='word_1_421' title='bbox 1828 3236 2062 3280; x_wconf 74' lang='lat' dir='ltr'><strong>DOMINI</strong></span> <span class='ocrx_word' id='word_1_422' title='bbox 2102 3236 2299 3281; x_wconf 77' lang='lat' dir='ltr'><strong>DCV&quot;.</strong></span> 
     </span>
    </p>
   </div>
   <div class='ocr_carea' id='block_1_61' title="bbox 486 3327 3420 3507">
    <p class='ocr_par' dir='ltr' id='par_1_61' title="bbox 486 3327 3420 3507">
     <span class='ocr_line' id='line_1_61' title="bbox 486 3327 3420 3507; baseline -0.006 -2"><span class='ocrx_word' id='word_1_423' title='bbox 486 3346 673 3505; x_wconf 91' lang='lat' dir='ltr'><strong>S.</strong></span> <span class='ocrx_word' id='word_1_424' title='bbox 781 3337 2224 3507; x_wconf 80' lang='lat' dir='ltr'><strong>BONIFACIUS</strong></span> <span class='ocrx_word' id='word_1_425' title='bbox 2359 3329 2998 3496; x_wconf 85' lang='lat' dir='ltr'><strong>PAPA</strong></span> <span class='ocrx_word' id='word_1_426' title='bbox 3114 3327 3420 3490; x_wconf 81' lang='lat' dir='ltr'><strong>IV.</strong></span> 
     </span>
    </p>
   </div>
   <div class='ocr_carea' id='block_1_62' title="bbox 314 3631 3596 3776">
    <p class='ocr_par' dir='ltr' id='par_1_62' title="bbox 314 3631 3596 3776">
     <span class='ocr_line' id='line_1_62' title="bbox 314 3631 3596 3776; baseline -0.007 -42"><span class='ocrx_word' id='word_1_427' title='bbox 314 3644 809 3734; x_wconf 84' lang='lat' dir='ltr'><strong>NOTITIA</strong></span> <span class='ocrx_word' id='word_1_428' title='bbox 908 3640 1731 3771; x_wconf 10' lang='lat' dir='ltr'><strong>BIOGRAPHICA&#39;</strong></span> <span class='ocrx_word' id='word_1_429' title='bbox 1781 3643 2046 3776; x_wconf 87' lang='lat' dir='ltr'><strong>IN</strong></span> <span class='ocrx_word' id='word_1_430' title='bbox 2112 3636 2861 3724; x_wconf 77' lang='lat' dir='ltr'><strong>BONIFACIUM</strong></span> <span class='ocrx_word' id='word_1_431' title='bbox 2932 3635 3332 3720; x_wconf 90' lang='lat' dir='ltr'><strong>PAPAM</strong></span> <span class='ocrx_word' id='word_1_432' title='bbox 3434 3631 3596 3717; x_wconf 90' lang='lat' dir='ltr'><strong>IV.</strong></span> 
     </span>
    </p>
   </div>
   <div class='ocr_carea' id='block_1_63' title="bbox 1344 3767 2575 3867">
    <p class='ocr_par' dir='ltr' id='par_1_63' title="bbox 1344 3767 2575 3867">
     <span class='ocr_line' id='line_1_63' title="bbox 1344 3767 2575 3867; baseline -0.002 -15"><span class='ocrx_word' id='word_1_433' title='bbox 1344 3803 1437 3867; x_wconf 83' lang='lat' dir='ltr'><strong>(Ex</strong></span> <span class='ocrx_word' id='word_1_434' title='bbox 1464 3800 1609 3851; x_wconf 87' lang='lat' dir='ltr'><strong>Libro</strong></span> <span class='ocrx_word' id='word_1_435' title='bbox 1632 3767 2028 3852; x_wconf 49' lang='lat' dir='ltr'><strong>Porttiﬁcaltﬁ.</strong></span> <span class='ocrx_word' id='word_1_436' title='bbox 2052 3799 2304 3850; x_wconf 84' lang='lat' dir='ltr'><strong>Blanchini</strong></span> <span class='ocrx_word' id='word_1_437' title='bbox 2328 3808 2442 3849; x_wconf 91' lang='lat' dir='ltr'><strong>tom.</strong></span> <span class='ocrx_word' id='word_1_438' title='bbox 2468 3796 2575 3860; x_wconf 82' lang='grc' dir='ltr'><strong>ιν.)</strong></span> 
     </span>
    </p>
   </div>
   <div class='ocr_carea' id='block_1_64' title="bbox 397 3918 3588 3997">
    <p class='ocr_par' dir='ltr' id='par_1_64' title="bbox 397 3918 3588 3997">
     <span class='ocr_line' id='line_1_64' title="bbox 397 3918 3588 3997; baseline -0.005 -7"><span class='ocrx_word' id='word_1_439' title='bbox 397 3945 423 3972; x_wconf 77' lang='grc' dir='ltr'><strong>ι</strong></span> <span class='ocrx_word' id='word_1_440' title='bbox 452 3932 780 3997; x_wconf 85' lang='lat' dir='ltr'><strong>Bonifacius,</strong></span> <span class='ocrx_word' id='word_1_441' title='bbox 801 3929 1021 3985; x_wconf 86' lang='lat' dir='ltr'><strong>natione</strong></span> <span class='ocrx_word' id='word_1_442' title='bbox 1049 3928 1369 3993; x_wconf 84' lang='lat' dir='ltr'><strong>Marsorum,</strong></span> <span class='ocrx_word' id='word_1_443' title='bbox 1411 3925 1479 3980; x_wconf 89' lang='lat' dir='ltr'><strong>de</strong></span> <span class='ocrx_word' id='word_1_444' title='bbox 1502 3924 1720 3981; x_wconf 88' lang='lat' dir='ltr'><strong>civitate</strong></span> <span class='ocrx_word' id='word_1_445' title='bbox 1746 3923 1909 3979; x_wconf 84' lang='lat' dir='ltr'><strong>Vale-</strong></span> <span class='ocrx_word' id='word_1_446' title='bbox 1937 3932 1984 3994; x_wconf 76' lang='grc' dir='ltr'><strong>ς,</strong></span> <span class='ocrx_word' id='word_1_447' title='bbox 2014 3939 2227 3981; x_wconf 89' lang='lat' dir='ltr'><strong>menses</strong></span> <span class='ocrx_word' id='word_1_448' title='bbox 2266 3931 2389 3980; x_wconf 91' lang='lat' dir='ltr'><strong>octo</strong></span> <span class='ocrx_word' id='word_1_449' title='bbox 2408 3964 2424 3992; x_wconf 93' lang='lat'><strong>,</strong></span> <span class='ocrx_word' id='word_1_450' title='bbox 2474 3923 2589 3978; x_wconf 89' lang='lat' dir='ltr'><strong>dies</strong></span> <span class='ocrx_word' id='word_1_451' title='bbox 2615 3922 2897 3977; x_wconf 86' lang='lat' dir='ltr'><strong>tredecim.</strong></span> <span class='ocrx_word' id='word_1_452' title='bbox 2963 3919 3132 3990; x_wconf 79' lang='lat' dir='ltr'><strong>Hujus</strong></span> <span class='ocrx_word' id='word_1_453' title='bbox 3202 3918 3535 3989; x_wconf 86' lang='lat' dir='ltr'><strong>temporibus</strong></span> <span class='ocrx_word' id='word_1_454' title='bbox 3557 3918 3588 3957; x_wconf 76' lang='grc' dir='ltr'>ι’</span> 
     </span>
    </p>
   </div>
   <div class='ocr_carea' id='block_1_65' title="bbox 318 4017 1904 4095">
    <p class='ocr_par' dir='ltr' id='par_1_65' title="bbox 318 4017 1904 4095">
     <span class='ocr_line' id='line_1_65' title="bbox 318 4017 1904 4095; baseline -0.009 -10"><span class='ocrx_word' id='word_1_455' title='bbox 318 4029 479 4093; x_wconf 89' lang='lat' dir='ltr'><strong>leria,</strong></span> <span class='ocrx_word' id='word_1_456' title='bbox 526 4042 593 4081; x_wconf 87' lang='lat' dir='ltr'><strong>ex</strong></span> <span class='ocrx_word' id='word_1_457' title='bbox 642 4032 797 4095; x_wconf 89' lang='lat' dir='ltr'><strong>patre</strong></span> <span class='ocrx_word' id='word_1_458' title='bbox 841 4021 1049 4077; x_wconf 84' lang='lat' dir='ltr'><strong>Joanne</strong></span> <span class='ocrx_word' id='word_1_459' title='bbox 1094 4019 1325 4084; x_wconf 90' lang='lat' dir='ltr'><strong>medico,</strong></span> <span class='ocrx_word' id='word_1_460' title='bbox 1377 4017 1516 4073; x_wconf 88' lang='lat' dir='ltr'><strong>sedit</strong></span> <span class='ocrx_word' id='word_1_461' title='bbox 1568 4031 1738 4073; x_wconf 86' lang='lat' dir='ltr'><strong>annos</strong></span> <span class='ocrx_word' id='word_1_462' title='bbox 1785 4031 1904 4085; x_wconf 88' lang='lat' dir='ltr'><strong>sex,</strong></span> 
     </span>
    </p>
   </div>
   <div class='ocr_carea' id='block_1_66' title="bbox 395 4131 1903 4212">
    <p class='ocr_par' dir='ltr' id='par_1_66' title="bbox 395 4131 1903 4212">
     <span class='ocr_line' id='line_1_66' title="bbox 395 4131 1903 4212; baseline -0.009 -15"><span class='ocrx_word' id='word_1_463' title='bbox 395 4152 422 4179; x_wconf 73' lang='grc' dir='ltr'><strong>ι</strong></span> <span class='ocrx_word' id='word_1_464' title='bbox 453 4138 925 4212; x_wconf 44' lang='grc' dir='ltr'><strong>Βοηὶῖαείιιετ-ὶ.</strong></span> <span class='ocrx_word' id='word_1_465' title='bbox 971 4137 1187 4212; x_wconf 83' lang='lat' dir='ltr'><strong>Decima</strong></span> <span class='ocrx_word' id='word_1_466' title='bbox 1216 4142 1406 4190; x_wconf 90' lang='lat' dir='ltr'><strong>octava</strong></span> <span class='ocrx_word' id='word_1_467' title='bbox 1433 4132 1521 4212; x_wconf 80' lang='lat' dir='ltr'><strong>die</strong></span> <span class='ocrx_word' id='word_1_468' title='bbox 1546 4131 1903 4212; x_wconf 79' lang='lat' dir='ltr'><strong>Septembris,</strong></span> 
     </span>
    </p>
   </div>
   <div class='ocr_carea' id='block_1_67' title="bbox 317 4203 1910 4280">
    <p class='ocr_par' dir='ltr' id='par_1_67' title="bbox 317 4203 1910 4280">
     <span class='ocr_line' id='line_1_67' title="bbox 317 4203 1910 4280; baseline -0.009 -12"><span class='ocrx_word' id='word_1_469' title='bbox 317 4213 451 4269; x_wconf 87' lang='lat' dir='ltr'><strong>anni</strong></span> <span class='ocrx_word' id='word_1_470' title='bbox 475 4203 734 4280; x_wconf 75' lang='lat' dir='ltr'><strong>607,post</strong></span> <span class='ocrx_word' id='word_1_471' title='bbox 756 4211 1120 4280; x_wconf 75' lang='lat' dir='ltr'><strong>interregnan</strong></span> <span class='ocrx_word' id='word_1_472' title='bbox 1140 4207 1325 4280; x_wconf 68' lang='lat' dir='ltr'><strong>decem</strong></span> <span class='ocrx_word' id='word_1_473' title='bbox 1350 4203 1614 4280; x_wconf 79' lang='lat' dir='ltr'><strong>mensium</strong></span> <span class='ocrx_word' id='word_1_474' title='bbox 1628 4203 1786 4280; x_wconf 79' lang='lat' dir='ltr'><strong>etsex</strong></span> <span class='ocrx_word' id='word_1_475' title='bbox 1806 4203 1910 4255; x_wconf 83' lang='lat' dir='ltr'><strong>die-</strong></span> 
     </span>
    </p>
   </div>
   <div class='ocr_carea' id='block_1_68' title="bbox 319 4273 1902 4349">
    <p class='ocr_par' dir='ltr' id='par_1_68' title="bbox 319 4273 1902 4349">
     <span class='ocr_line' id='line_1_68' title="bbox 319 4273 1902 4349; baseline -0.01 -10"><span class='ocrx_word' id='word_1_476' title='bbox 319 4298 443 4339; x_wconf 85' lang='lat' dir='ltr'><strong>rum</strong></span> <span class='ocrx_word' id='word_1_477' title='bbox 458 4273 670 4337; x_wconf 78' lang='lat' dir='ltr'><strong>creatus</strong></span> <span class='ocrx_word' id='word_1_478' title='bbox 686 4288 769 4333; x_wconf 92' lang='lat' dir='ltr'><strong>est</strong></span> <span class='ocrx_word' id='word_1_479' title='bbox 785 4273 1025 4349; x_wconf 77' lang='lat' dir='ltr'><strong>pontifex</strong></span> <span class='ocrx_word' id='word_1_480' title='bbox 1048 4273 1356 4349; x_wconf 67' lang='lat' dir='ltr'><strong>Bonifacius</strong></span> <span class='ocrx_word' id='word_1_481' title='bbox 1372 4273 1487 4342; x_wconf 90' lang='lat' dir='ltr'><strong>ejus</strong></span> <span class='ocrx_word' id='word_1_482' title='bbox 1499 4273 1733 4326; x_wconf 89' lang='lat' dir='ltr'><strong>nominis</strong></span> <span class='ocrx_word' id='word_1_483' title='bbox 1753 4287 1902 4349; x_wconf 56' lang='lat' dir='ltr'><strong>quer:</strong></span> 
     </span>
    </p>
   </div>
   <div class='ocr_carea' id='block_1_69' title="bbox 320 4340 1905 4420">
    <p class='ocr_par' dir='ltr' id='par_1_69' title="bbox 320 4340 1905 4420">
     <span class='ocr_line' id='line_1_69' title="bbox 320 4340 1905 4420; baseline -0.009 -12"><span class='ocrx_word' id='word_1_484' title='bbox 320 4364 432 4419; x_wconf 86' lang='lat' dir='ltr'><strong>tus,</strong></span> <span class='ocrx_word' id='word_1_485' title='bbox 470 4340 800 4420; x_wconf 70' lang='lat' dir='ltr'><strong>temporibus</strong></span> <span class='ocrx_word' id='word_1_486' title='bbox 845 4348 1057 4420; x_wconf 75' lang='lat' dir='ltr'><strong>Pltoeae.</strong></span> <span class='ocrx_word' id='word_1_487' title='bbox 1108 4347 1184 4401; x_wconf 87' lang='lat' dir='ltr'><strong>De</strong></span> <span class='ocrx_word' id='word_1_488' title='bbox 1210 4344 1388 4420; x_wconf 78' lang='lat' dir='ltr'><strong>Phoca</strong></span> <span class='ocrx_word' id='word_1_489' title='bbox 1403 4340 1905 4420; x_wconf 60' lang='lat' dir='ltr'><strong>imperatoreapud</strong></span> 
     </span>
    </p>
   </div>
   <div class='ocr_carea' id='block_1_70' title="bbox 319 4411 1904 4489">
    <p class='ocr_par' dir='ltr' id='par_1_70' title="bbox 319 4411 1904 4489">
     <span class='ocr_line' id='line_1_70' title="bbox 319 4411 1904 4489; baseline -0.01 -10"><span class='ocrx_word' id='word_1_490' title='bbox 319 4411 626 4479; x_wconf 63' lang='lat' dir='ltr'><strong>Cedrenut&#39;n</strong></span> <span class='ocrx_word' id='word_1_491' title='bbox 657 4428 712 4475; x_wconf 88' lang='lat' dir='ltr'><strong>et</strong></span> <span class='ocrx_word' id='word_1_492' title='bbox 740 4419 1098 4489; x_wconf 88' lang='lat' dir='ltr'><strong>Nicephorum</strong></span> <span class='ocrx_word' id='word_1_493' title='bbox 1125 4411 1716 4489; x_wconf 46' lang='lat' dir='ltr'><strong>memorabile—legitua</strong></span> <span class='ocrx_word' id='word_1_494' title='bbox 1739 4411 1904 4489; x_wconf 71' lang='lat' dir='ltr'><strong>illud,</strong></span> 
     </span>
    </p>
   </div>
   <div class='ocr_carea' id='block_1_71' title="bbox 320 4482 1904 4563">
    <p class='ocr_par' dir='ltr' id='par_1_71' title="bbox 320 4482 1904 4563">
     <span class='ocr_line' id='line_1_71' title="bbox 320 4482 1904 4563; baseline -0.009 -15"><span class='ocrx_word' id='word_1_495' title='bbox 320 4493 469 4563; x_wconf 89' lang='lat' dir='ltr'><strong>quod</strong></span> <span class='ocrx_word' id='word_1_496' title='bbox 498 4491 763 4563; x_wconf 72' lang='lat' dir='ltr'><strong>mOIlaChO</strong></span> <span class='ocrx_word' id='word_1_497' title='bbox 792 4482 1071 4563; x_wconf 65' lang='lat' dir='ltr'><strong>qttzbrenti.</strong></span> <span class='ocrx_word' id='word_1_498' title='bbox 1089 4504 1193 4563; x_wconf 83' lang='lat' dir='ltr'><strong>_cur</strong></span> <span class='ocrx_word' id='word_1_499' title='bbox 1224 4494 1329 4538; x_wconf 87' lang='lat' dir='ltr'><strong>tam</strong></span> <span class='ocrx_word' id='word_1_500' title='bbox 1354 4486 1568 4563; x_wconf 68' lang='grc' dir='ltr'><strong>ἱηιρὶμηι</strong></span> <span class='ocrx_word' id='word_1_501' title='bbox 1596 4482 1904 4563; x_wconf 60' lang='lat' dir='ltr'><strong>Christianis</strong></span> 
     </span>
    </p>
   </div>
   <div class='ocr_carea' id='block_1_72' title="bbox 319 4551 1904 4633">
    <p class='ocr_par' dir='ltr' id='par_1_72' title="bbox 319 4551 1904 4633">
     <span class='ocr_line' id='line_1_72' title="bbox 319 4551 1904 4633; baseline -0.009 -16"><span class='ocrx_word' id='word_1_502' title='bbox 319 4551 623 4633; x_wconf 52' lang='lat' dir='ltr'><strong>i-mpomisti</strong></span> <span class='ocrx_word' id='word_1_503' title='bbox 655 4551 1050 4633; x_wconf 49' lang='lat' dir='ltr'><strong>imperatorem?</strong></span> <span class='ocrx_word' id='word_1_504' title='bbox 1089 4557 1229 4611; x_wconf 89' lang='lat' dir='ltr'><strong>Deus</strong></span> <span class='ocrx_word' id='word_1_505' title='bbox 1257 4551 1598 4633; x_wconf 69' lang='lat' dir='ltr'><strong>responderit</strong></span> <span class='ocrx_word' id='word_1_506' title='bbox 1626 4551 1904 4633; x_wconf 52' lang='lat' dir='ltr'><strong>:_l?eterio-</strong></span> 
     </span>
    </p>
   </div>
   <div class='ocr_carea' id='block_1_73' title="bbox 320 4623 1907 4696">
    <p class='ocr_par' dir='ltr' id='par_1_73' title="bbox 320 4623 1907 4696">
     <span class='ocr_line' id='line_1_73' title="bbox 320 4623 1907 4696; baseline -0.007 -11"><span class='ocrx_word' id='word_1_507' title='bbox 320 4623 435 4687; x_wconf 75' lang='lat' dir='ltr'><strong>rem</strong></span> <span class='ocrx_word' id='word_1_508' title='bbox 459 4633 548 4686; x_wconf 77' lang='lat' dir='ltr'><strong>illo</strong></span> <span class='ocrx_word' id='word_1_509' title='bbox 574 4623 735 4684; x_wconf 74' lang='lat' dir='ltr'><strong>alium</strong></span> <span class='ocrx_word' id='word_1_510' title='bbox 771 4630 990 4683; x_wconf 80' lang='lat' dir='ltr'><strong>inveniri</strong></span> <span class='ocrx_word' id='word_1_511' title='bbox 1017 4643 1120 4682; x_wconf 88' lang='lat' dir='ltr'><strong>non</strong></span> <span class='ocrx_word' id='word_1_512' title='bbox 1151 4623 1377 4696; x_wconf 78' lang='lat' dir='ltr'><strong>potuisse</strong></span> <span class='ocrx_word' id='word_1_513' title='bbox 1396 4626 1558 4696; x_wconf 68' lang='lat' dir='ltr'><strong>ultum</strong></span> <span class='ocrx_word' id='word_1_514' title='bbox 1575 4664 1589 4688; x_wconf 93' lang='lat'><strong>,</strong></span> <span class='ocrx_word' id='word_1_515' title='bbox 1613 4630 1661 4674; x_wconf 89' lang='lat' dir='ltr'><strong>et</strong></span> <span class='ocrx_word' id='word_1_516' title='bbox 1690 4623 1785 4676; x_wconf 80' lang='lat' dir='ltr'><strong>hoc</strong></span> <span class='ocrx_word' id='word_1_517' title='bbox 1808 4637 1907 4674; x_wconf 85' lang='lat' dir='ltr'><strong>me-</strong></span> 
     </span>
    </p>
   </div>
   <div class='ocr_carea' id='block_1_74' title="bbox 323 4694 1708 4769">
    <p class='ocr_par' dir='ltr' id='par_1_74' title="bbox 323 4694 1708 4769">
     <span class='ocr_line' id='line_1_74' title="bbox 323 4694 1708 4769; baseline -0.009 -12"><span class='ocrx_word' id='word_1_518' title='bbox 323 4704 492 4757; x_wconf 78' lang='lat' dir='ltr'><strong>ruisse</strong></span> <span class='ocrx_word' id='word_1_519' title='bbox 530 4694 1219 4769; x_wconf 70' lang='lat' dir='ltr'><strong>Constantinopolitanorum</strong></span> <span class='ocrx_word' id='word_1_520' title='bbox 1243 4696 1466 4765; x_wconf 83' lang='lat' dir='ltr'><strong>ﬂagitia.</strong></span> <span class='ocrx_word' id='word_1_521' title='bbox 1500 4694 1708 4769; x_wconf 56' lang='lat' dir='ltr'><strong>limus.</strong></span> 
     </span>
    </p>
   </div>
   <div class='ocr_carea' id='block_1_75' title="bbox 398 4757 1903 4826">
    <p class='ocr_par' dir='ltr' id='par_1_75' title="bbox 398 4757 1903 4826">
     <span class='ocr_line' id='line_1_75' title="bbox 398 4757 1903 4826; baseline -0.009 -1"><span class='ocrx_word' id='word_1_522' title='bbox 398 4805 470 4816; x_wconf 93' lang='grc'><strong><em>-</em></strong></span> <span class='ocrx_word' id='word_1_523' title='bbox 496 4771 553 4825; x_wconf 76' lang='lat'><strong>‘2.</strong></span> <span class='ocrx_word' id='word_1_524' title='bbox 588 4772 661 4826; x_wconf 91' lang='lat' dir='ltr'><strong>De</strong></span> <span class='ocrx_word' id='word_1_525' title='bbox 692 4757 1105 4826; x_wconf 77' lang='lat' dir='ltr'><strong>internontilicio</strong></span> <span class='ocrx_word' id='word_1_526' title='bbox 1152 4757 1287 4820; x_wconf 79' lang='lat' dir='ltr'><strong>duos</strong></span> <span class='ocrx_word' id='word_1_527' title='bbox 1317 4757 1465 4818; x_wconf 71' lang='lat' dir='ltr'><strong>inter</strong></span> <span class='ocrx_word' id='word_1_528' title='bbox 1500 4760 1808 4816; x_wconf 68' lang='lat' dir='ltr'><strong>Bonificios</strong></span> <span class='ocrx_word' id='word_1_529' title='bbox 1838 4757 1903 4813; x_wconf 91' lang='lat' dir='ltr'><strong>lll</strong></span> 
     </span>
    </p>
   </div>
   <div class='ocr_carea' id='block_1_76' title="bbox 324 4832 1907 4905">
    <p class='ocr_par' dir='ltr' id='par_1_76' title="bbox 324 4832 1907 4905">
     <span class='ocr_line' id='line_1_76' title="bbox 324 4832 1907 4905; baseline -0.009 -8"><span class='ocrx_word' id='word_1_530' title='bbox 324 4851 384 4897; x_wconf 88' lang='lat' dir='ltr'><strong>et</strong></span> <span class='ocrx_word' id='word_1_531' title='bbox 417 4842 482 4897; x_wconf 75' lang='lat' dir='ltr'><strong>iV</strong></span> <span class='ocrx_word' id='word_1_532' title='bbox 514 4857 703 4896; x_wconf 70' lang='lat' dir='ltr'><strong>omnes</strong></span> <span class='ocrx_word' id='word_1_533' title='bbox 731 4832 897 4895; x_wconf 80' lang='lat' dir='ltr'><strong>Codd.</strong></span> <span class='ocrx_word' id='word_1_534' title='bbox 926 4837 1262 4905; x_wconf 76' lang='lat' dir='ltr'><strong>catalogiqu:</strong></span> <span class='ocrx_word' id='word_1_535' title='bbox 1285 4835 1384 4889; x_wconf 91' lang='lat' dir='ltr'><strong>sibi</strong></span> <span class='ocrx_word' id='word_1_536' title='bbox 1414 4841 1685 4905; x_wconf 87' lang='lat' dir='ltr'><strong>constant,</strong></span> <span class='ocrx_word' id='word_1_537' title='bbox 1718 4832 1907 4905; x_wconf 81' lang='lat' dir='ltr'><strong>decem</strong></span> 
     </span>
    </p>
   </div>
   <div class='ocr_carea' id='block_1_77' title="bbox 323 4901 1909 4973">
    <p class='ocr_par' dir='ltr' id='par_1_77' title="bbox 323 4901 1909 4973">
     <span class='ocr_line' id='line_1_77' title="bbox 323 4901 1909 4973; baseline -0.008 -5"><span class='ocrx_word' id='word_1_538' title='bbox 323 4915 580 4969; x_wconf 82' lang='lat' dir='ltr'><strong>videlicet</strong></span> <span class='ocrx_word' id='word_1_539' title='bbox 608 4912 872 4967; x_wconf 89' lang='lat' dir='ltr'><strong>mensium</strong></span> <span class='ocrx_word' id='word_1_540' title='bbox 900 4924 965 4965; x_wconf 89' lang='lat' dir='ltr'><strong>ac</strong></span> <span class='ocrx_word' id='word_1_541' title='bbox 992 4901 1196 4965; x_wconf 77' lang='lat' dir='ltr'><strong>dierum</strong></span> <span class='ocrx_word' id='word_1_542' title='bbox 1223 4920 1355 4971; x_wconf 82' lang='lat' dir='ltr'><strong>sex;</strong></span> <span class='ocrx_word' id='word_1_543' title='bbox 1386 4904 1718 4973; x_wconf 78' lang='lat' dir='ltr'><strong>totidemque</strong></span> <span class='ocrx_word' id='word_1_544' title='bbox 1745 4918 1775 4955; x_wconf 91' lang='lat' dir='ltr'><strong>a</strong></span> <span class='ocrx_word' id='word_1_545' title='bbox 1803 4901 1909 4955; x_wconf 83' lang='lat' dir='ltr'><strong>Bo-</strong></span> 
     </span>
    </p>
   </div>
   <div class='ocr_carea' id='block_1_78' title="bbox 2010 4011 3673 4086">
    <p class='ocr_par' dir='ltr' id='par_1_78' title="bbox 2010 4011 3673 4086">
     <span class='ocr_line' id='line_1_78' title="bbox 2010 4011 3673 4086; baseline -0.001 -17"><span class='ocrx_word' id='word_1_546' title='bbox 2010 4016 2197 4082; x_wconf 85' lang='lat' dir='ltr'><strong>famis,</strong></span> <span class='ocrx_word' id='word_1_547' title='bbox 2253 4014 2599 4086; x_wconf 59' lang='lat' dir='ltr'><strong>pestilentiae,</strong></span> <span class='ocrx_word' id='word_1_548' title='bbox 2642 4021 2700 4068; x_wconf 92' lang='lat' dir='ltr'><strong>et</strong></span> <span class='ocrx_word' id='word_1_549' title='bbox 2741 4011 3120 4067; x_wconf 88' lang='lat' dir='ltr'><strong>inundationes</strong></span> <span class='ocrx_word' id='word_1_550' title='bbox 3150 4025 3427 4080; x_wconf 81' lang='lat' dir='ltr'><strong>aquarum</strong></span> <span class='ocrx_word' id='word_1_551' title='bbox 3474 4024 3600 4079; x_wconf 83' lang='lat' dir='ltr'><strong>gra-</strong></span> <span class='ocrx_word' id='word_1_552' title='bbox 3670 4062 3673 4067; x_wconf 85' lang='lat'><strong>.</strong></span> 
     </span>
    </p>
   </div>
   <div class='ocr_carea' id='block_1_79' title="bbox 2014 4120 3595 4181">
    <p class='ocr_par' dir='ltr' id='par_1_79' title="bbox 2014 4120 3595 4181">
     <span class='ocr_line' id='line_1_79' title="bbox 2014 4120 3595 4181; baseline -0.003 -1"><span class='ocrx_word' id='word_1_553' title='bbox 2014 4124 2194 4181; x_wconf 89' lang='lat' dir='ltr'><strong>nifacii</strong></span> <span class='ocrx_word' id='word_1_554' title='bbox 2231 4124 2297 4179; x_wconf 87' lang='lat' dir='ltr'><strong>Ill</strong></span> <span class='ocrx_word' id='word_1_555' title='bbox 2320 4124 2466 4179; x_wconf 90' lang='lat' dir='ltr'><strong>obitu</strong></span> <span class='ocrx_word' id='word_1_556' title='bbox 2506 4123 2573 4177; x_wconf 71' lang='grc'>20</span> <span class='ocrx_word' id='word_1_557' title='bbox 2604 4124 2841 4179; x_wconf 83' lang='lat' dir='ltr'><strong>octobris</strong></span> <span class='ocrx_word' id='word_1_558' title='bbox 2871 4138 2959 4177; x_wconf 91' lang='lat' dir='ltr'><strong>an.</strong></span> <span class='ocrx_word' id='word_1_559' title='bbox 2986 4122 3088 4176; x_wconf 87' lang='lat'><strong>607</strong></span> <span class='ocrx_word' id='word_1_560' title='bbox 3143 4123 3208 4177; x_wconf 88' lang='lat' dir='ltr'><strong>ad</strong></span> <span class='ocrx_word' id='word_1_561' title='bbox 3239 4120 3497 4177; x_wconf 84' lang='lat' dir='ltr'><strong>Bonifacii</strong></span> <span class='ocrx_word' id='word_1_562' title='bbox 3527 4120 3595 4176; x_wconf 70' lang='grc' dir='ltr'>ιν</span> 
     </span>
    </p>
   </div>
   <div class='ocr_carea' id='block_1_80' title="bbox 2016 4193 3601 4263">
    <p class='ocr_par' dir='ltr' id='par_1_80' title="bbox 2016 4193 3601 4263">
     <span class='ocr_line' id='line_1_80' title="bbox 2016 4193 3601 4263; baseline -0.005 -10"><span class='ocrx_word' id='word_1_563' title='bbox 2016 4197 2406 4253; x_wconf 87' lang='lat' dir='ltr'><strong>ordinationem</strong></span> <span class='ocrx_word' id='word_1_564' title='bbox 2450 4193 2521 4248; x_wconf 70' lang='lat'><strong>25</strong></span> <span class='ocrx_word' id='word_1_565' title='bbox 2560 4193 2782 4263; x_wconf 84' lang='lat' dir='ltr'><strong>Augusti</strong></span> <span class='ocrx_word' id='word_1_566' title='bbox 2828 4193 2933 4247; x_wconf 77' lang='lat'><strong>605</strong></span> <span class='ocrx_word' id='word_1_567' title='bbox 2968 4201 3345 4263; x_wconf 76' lang='lat' dir='ltr'><strong>numerantur,</strong></span> <span class='ocrx_word' id='word_1_568' title='bbox 3378 4193 3601 4246; x_wconf 82' lang='lat' dir='ltr'><strong>inclusis</strong></span> 
     </span>
    </p>
   </div>
   <div class='ocr_carea' id='block_1_81' title="bbox 2015 4262 3594 4333">
    <p class='ocr_par' dir='ltr' id='par_1_81' title="bbox 2015 4262 3594 4333">
     <span class='ocr_line' id='line_1_81' title="bbox 2015 4262 3594 4333; baseline -0.003 -12"><span class='ocrx_word' id='word_1_569' title='bbox 2015 4270 2083 4321; x_wconf 90' lang='lat' dir='ltr'><strong>de</strong></span> <span class='ocrx_word' id='word_1_570' title='bbox 2109 4282 2259 4320; x_wconf 90' lang='lat' dir='ltr'><strong>tnore</strong></span> <span class='ocrx_word' id='word_1_571' title='bbox 2289 4277 2565 4320; x_wconf 71' lang='lat' dir='ltr'><strong>extrems.</strong></span> <span class='ocrx_word' id='word_1_572' title='bbox 2592 4262 2739 4319; x_wconf 86' lang='lat' dir='ltr'><strong>Diem</strong></span> <span class='ocrx_word' id='word_1_573' title='bbox 2768 4280 2898 4318; x_wconf 80' lang='lat' dir='ltr'><strong>vero</strong></span> <span class='ocrx_word' id='word_1_574' title='bbox 2924 4262 2994 4316; x_wconf 71' lang='lat'><strong>25</strong></span> <span class='ocrx_word' id='word_1_575' title='bbox 3021 4264 3244 4333; x_wconf 76' lang='lat' dir='ltr'><strong>AuguSIi</strong></span> <span class='ocrx_word' id='word_1_576' title='bbox 3275 4278 3393 4317; x_wconf 87' lang='lat' dir='ltr'><strong>esse</strong></span> <span class='ocrx_word' id='word_1_577' title='bbox 3424 4266 3594 4333; x_wconf 31' lang='lat' dir='ltr'><strong>ipiam</strong></span> 
     </span>
    </p>
   </div>
   <div class='ocr_carea' id='block_1_82' title="bbox 2012 4331 3594 4402">
    <p class='ocr_par' dir='ltr' id='par_1_82' title="bbox 2012 4331 3594 4402">
     <span class='ocr_line' id='line_1_82' title="bbox 2012 4331 3594 4402; baseline -0.004 -10"><span class='ocrx_word' id='word_1_578' title='bbox 2012 4338 2366 4392; x_wconf 69' lang='lat' dir='ltr'><strong>ordinationis</strong></span> <span class='ocrx_word' id='word_1_579' title='bbox 2420 4336 2710 4402; x_wconf 83' lang='lat' dir='ltr'><strong>Bonil&#39;acii,</strong></span> <span class='ocrx_word' id='word_1_580' title='bbox 2771 4351 2878 4390; x_wconf 89' lang='lat' dir='ltr'><strong>non</strong></span> <span class='ocrx_word' id='word_1_581' title='bbox 2929 4340 3089 4388; x_wconf 84' lang='lat' dir='ltr'><strong>moto</strong></span> <span class='ocrx_word' id='word_1_582' title='bbox 3115 4331 3217 4387; x_wconf 53' lang='lat' dir='ltr'><strong>&#39;lit.</strong></span> <span class='ocrx_word' id='word_1_583' title='bbox 3263 4333 3410 4385; x_wconf 87' lang='lat' dir='ltr'><strong>dom.</strong></span> <span class='ocrx_word' id='word_1_584' title='bbox 3454 4331 3493 4385; x_wconf 84' lang='lat' dir='ltr'>F</span> <span class='ocrx_word' id='word_1_585' title='bbox 3525 4347 3594 4386; x_wconf 89' lang='lat' dir='ltr'><strong>eo</strong></span> 
     </span>
    </p>
   </div>
   <div class='ocr_carea' id='block_1_83' title="bbox 2012 4403 3593 4470">
    <p class='ocr_par' dir='ltr' id='par_1_83' title="bbox 2012 4403 3593 4470">
     <span class='ocr_line' id='line_1_83' title="bbox 2012 4403 3593 4470; baseline -0.002 -10"><span class='ocrx_word' id='word_1_586' title='bbox 2012 4423 2151 4461; x_wconf 89' lang='lat' dir='ltr'><strong>anno</strong></span> <span class='ocrx_word' id='word_1_587' title='bbox 2198 4422 2479 4461; x_wconf 84' lang='lat' dir='ltr'><strong>recurrens</strong></span> <span class='ocrx_word' id='word_1_588' title='bbox 2518 4407 2885 4469; x_wconf 70' lang='lat' dir='ltr'><strong>demonstrat,</strong></span> <span class='ocrx_word' id='word_1_589' title='bbox 2926 4405 3018 4457; x_wconf 88' lang='lat' dir='ltr'><strong>sed</strong></span> <span class='ocrx_word' id='word_1_590' title='bbox 3059 4412 3204 4458; x_wconf 85' lang='lat' dir='ltr'><strong>certa</strong></span> <span class='ocrx_word' id='word_1_591' title='bbox 3235 4403 3593 4470; x_wconf 54' lang='lat' dir='ltr'><strong>depositionis</strong></span> 
     </span>
    </p>
   </div>
   <div class='ocr_carea' id='block_1_84' title="bbox 2011 4473 3590 4546">
    <p class='ocr_par' dir='ltr' id='par_1_84' title="bbox 2011 4473 3590 4546">
     <span class='ocr_line' id='line_1_84' title="bbox 2011 4473 3590 4546; baseline -0.004 -15"><span class='ocrx_word' id='word_1_592' title='bbox 2011 4477 2124 4531; x_wconf 88' lang='lat' dir='ltr'><strong>dies</strong></span> <span class='ocrx_word' id='word_1_593' title='bbox 2155 4485 2469 4546; x_wconf 87' lang='lat' dir='ltr'><strong>certumque</strong></span> <span class='ocrx_word' id='word_1_594' title='bbox 2497 4476 2641 4530; x_wconf 88' lang='lat' dir='ltr'><strong>sedis</strong></span> <span class='ocrx_word' id='word_1_595' title='bbox 2689 4475 2807 4543; x_wconf 63' lang='lat' dir='ltr'><strong>ejus</strong></span> <span class='ocrx_word' id='word_1_596' title='bbox 2837 4487 3066 4546; x_wconf 75' lang='lat' dir='ltr'><strong>tempus,</strong></span> <span class='ocrx_word' id='word_1_597' title='bbox 3100 4483 3156 4526; x_wconf 92' lang='lat' dir='ltr'><strong>ut</strong></span> <span class='ocrx_word' id='word_1_598' title='bbox 3185 4473 3590 4546; x_wconf 28' lang='lat' dir='ltr'><strong>inl&#39;ra‘explica-</strong></span> 
     </span>
    </p>
   </div>
   <div class='ocr_carea' id='block_1_85' title="bbox 2012 4542 3596 4617">
    <p class='ocr_par' dir='ltr' id='par_1_85' title="bbox 2012 4542 3596 4617">
     <span class='ocr_line' id='line_1_85' title="bbox 2012 4542 3596 4617; baseline -0.004 -15"><span class='ocrx_word' id='word_1_599' title='bbox 2012 4548 2176 4612; x_wconf 85' lang='lat' dir='ltr'><strong>b:tur,</strong></span> <span class='ocrx_word' id='word_1_600' title='bbox 2198 4542 2532 4617; x_wconf 67' lang='lat' dir='ltr'><strong>aperti§sme</strong></span> <span class='ocrx_word' id='word_1_601' title='bbox 2557 4542 2877 4617; x_wconf 86' lang='lat' dir='ltr'><strong>ostendunt._</strong></span> <span class='ocrx_word' id='word_1_602' title='bbox 2894 4542 3042 4596; x_wconf 80' lang='lat' dir='ltr'><strong>Nunc</strong></span> <span class='ocrx_word' id='word_1_603' title='bbox 3068 4559 3212 4617; x_wconf 79' lang='lat' dir='ltr'><strong>vero,</strong></span> <span class='ocrx_word' id='word_1_604' title='bbox 3245 4552 3301 4617; x_wconf 90' lang='lat' dir='ltr'><strong>ut</strong></span> <span class='ocrx_word' id='word_1_605' title='bbox 3327 4542 3596 4617; x_wconf 69' lang='lat' dir='ltr'><strong>f._icile_as-</strong></span> 
     </span>
    </p>
   </div>
   <div class='ocr_carea' id='block_1_86' title="bbox 2014 4615 3586 4685">
    <p class='ocr_par' dir='ltr' id='par_1_86' title="bbox 2014 4615 3586 4685">
     <span class='ocr_line' id='line_1_86' title="bbox 2014 4615 3586 4685; baseline -0.003 -14"><span class='ocrx_word' id='word_1_606' title='bbox 2014 4620 2168 4685; x_wconf 90' lang='lat' dir='ltr'><strong>sequi</strong></span> <span class='ocrx_word' id='word_1_607' title='bbox 2198 4615 2386 4671; x_wconf 77' lang='lat' dir='ltr'><strong>omnes</strong></span> <span class='ocrx_word' id='word_1_608' title='bbox 2414 4618 2655 4681; x_wconf 85' lang='lat' dir='ltr'><strong>valeant,</strong></span> <span class='ocrx_word' id='word_1_609' title='bbox 2689 4615 3044 4682; x_wconf 85' lang='lat' dir='ltr'><strong>nequidquam</strong></span> <span class='ocrx_word' id='word_1_610' title='bbox 3072 4629 3101 4665; x_wconf 73' lang='grc' dir='ltr'>ει</span> <span class='ocrx_word' id='word_1_611' title='bbox 3133 4615 3295 4681; x_wconf 77' lang='lat' dir='ltr'><strong>Pagio</strong></span> <span class='ocrx_word' id='word_1_612' title='bbox 3326 4615 3586 4682; x_wconf 72' lang='lat' dir='ltr'><strong>virgulam</strong></span> 
     </span>
    </p>
   </div>
   <div class='ocr_carea' id='block_1_87' title="bbox 2016 4684 3596 4755">
    <p class='ocr_par' dir='ltr' id='par_1_87' title="bbox 2016 4684 3596 4755">
     <span class='ocr_line' id='line_1_87' title="bbox 2016 4684 3596 4755; baseline -0.003 -14"><span class='ocrx_word' id='word_1_613' title='bbox 2016 4684 2136 4741; x_wconf 82' lang='lat' dir='ltr'><strong>esse</strong></span> <span class='ocrx_word' id='word_1_614' title='bbox 2164 4687 2454 4740; x_wconf 86' lang='lat' dir='ltr'><strong>adhibitam</strong></span> <span class='ocrx_word' id='word_1_615' title='bbox 2484 4687 2728 4755; x_wconf 84' lang='lat' dir='ltr'><strong>augendo</strong></span> <span class='ocrx_word' id='word_1_616' title='bbox 2752 4700 2815 4738; x_wconf 90' lang='lat' dir='ltr'><strong>ac</strong></span> <span class='ocrx_word' id='word_1_617' title='bbox 2843 4684 3150 4755; x_wconf 83' lang='lat' dir='ltr'><strong>minuendo,</strong></span> <span class='ocrx_word' id='word_1_618' title='bbox 3181 4694 3237 4755; x_wconf 90' lang='lat' dir='ltr'><strong>ut</strong></span> <span class='ocrx_word' id='word_1_619' title='bbox 3267 4685 3436 4747; x_wconf 88' lang='lat' dir='ltr'><strong>libuit,</strong></span> <span class='ocrx_word' id='word_1_620' title='bbox 3466 4691 3596 4737; x_wconf 79' lang='lat' dir='ltr'><strong>tein-</strong></span> 
     </span>
    </p>
   </div>
   <div class='ocr_carea' id='block_1_88' title="bbox 2015 4753 3595 4826">
    <p class='ocr_par' dir='ltr' id='par_1_88' title="bbox 2015 4753 3595 4826">
     <span class='ocr_line' id='line_1_88' title="bbox 2015 4753 3595 4826; baseline -0.002 -15"><span class='ocrx_word' id='word_1_621' title='bbox 2015 4773 2146 4826; x_wconf 91' lang='lat' dir='ltr'><strong>pora</strong></span> <span class='ocrx_word' id='word_1_622' title='bbox 2174 4758 2239 4810; x_wconf 87' lang='lat' dir='ltr'><strong>ab</strong></span> <span class='ocrx_word' id='word_1_623' title='bbox 2262 4757 2451 4810; x_wconf 85' lang='lat' dir='ltr'><strong>eodem</strong></span> <span class='ocrx_word' id='word_1_624' title='bbox 2492 4753 2824 4825; x_wconf 67' lang='lat' dir='ltr'><strong>praescripta,</strong></span> <span class='ocrx_word' id='word_1_625' title='bbox 2858 4753 3026 4826; x_wconf 81' lang='lat' dir='ltr'><strong>oculis</strong></span> <span class='ocrx_word' id='word_1_626' title='bbox 3053 4754 3440 4823; x_wconf 75' lang='lat' dir='ltr'><strong>subjiciendum</strong></span> <span class='ocrx_word' id='word_1_627' title='bbox 3469 4767 3595 4808; x_wconf 86' lang='lat' dir='ltr'><strong>reor</strong></span> 
     </span>
    </p>
   </div>
   <div class='ocr_carea' id='block_1_89' title="bbox 2015 4825 3025 4895">
    <p class='ocr_par' dir='ltr' id='par_1_89' title="bbox 2015 4825 3025 4895">
     <span class='ocr_line' id='line_1_89' title="bbox 2015 4825 3025 4895; baseline -0.004 -15"><span class='ocrx_word' id='word_1_628' title='bbox 2015 4825 2282 4881; x_wconf 82' lang='lat' dir='ltr'><strong>Anastasii</strong></span> <span class='ocrx_word' id='word_1_629' title='bbox 2312 4826 2570 4895; x_wconf 70' lang='lat' dir='ltr'><strong>Pagiique</strong></span> <span class='ocrx_word' id='word_1_630' title='bbox 2598 4825 3025 4895; x_wconf 84' lang='lat' dir='ltr'><strong>chronologiant.</strong></span> 
     </span>
    </p>
   </div>
   <div class='ocr_carea' id='block_1_90' title="bbox 1632 5001 2322 5051">
    <p class='ocr_par' dir='ltr' id='par_1_90' title="bbox 1632 5001 2322 5051">
     <span class='ocr_line' id='line_1_90' title="bbox 1632 5001 2322 5051; baseline -0.017 1"><span class='ocrx_word' id='word_1_631' title='bbox 1632 5006 2000 5051; x_wconf 74' lang='lat' dir='ltr'><strong>CHRONOLOGIA</strong></span> <span class='ocrx_word' id='word_1_632' title='bbox 2037 5001 2322 5045; x_wconf 71' lang='lat' dir='ltr'><strong>ANASTASII.</strong></span> 
     </span>
    </p>
   </div>
   <div class='ocr_carea' id='block_1_91' title="bbox 2942 5069 3099 5109">
    <p class='ocr_par' dir='ltr' id='par_1_91' title="bbox 2942 5069 3099 5109">
     <span class='ocr_line' id='line_1_91' title="bbox 2942 5069 3099 5109; baseline 0.006 -1"><span class='ocrx_word' id='word_1_633' title='bbox 2942 5069 3099 5109; x_wconf 63' lang='lat' dir='ltr'><strong>PMB&quot;.</strong></span> 
     </span>
    </p>
   </div>
   <div class='ocr_carea' id='block_1_92' title="bbox 580 5144 1897 5230">
    <p class='ocr_par' dir='ltr' id='par_1_92' title="bbox 580 5155 1897 5230">
     <span class='ocr_line' id='line_1_92' title="bbox 580 5155 1897 5230; baseline -0.009 -7"><span class='ocrx_word' id='word_1_634' title='bbox 580 5167 652 5222; x_wconf 69' lang='grc'><strong>12</strong></span> <span class='ocrx_word' id='word_1_635' title='bbox 720 5166 875 5222; x_wconf 77' lang='lat' dir='ltr'><strong>Mart.</strong></span> <span class='ocrx_word' id='word_1_636' title='bbox 916 5164 1021 5219; x_wconf 74' lang='grc'>604</span> <span class='ocrx_word' id='word_1_637' title='bbox 1238 5161 1465 5230; x_wconf 83' lang='lat' dir='ltr'><strong>Gregor.</strong></span> <span class='ocrx_word' id='word_1_638' title='bbox 1678 5156 1789 5230; x_wconf 11' lang='lat' dir='ltr'><strong>Qb.‘</strong></span> <span class='ocrx_word' id='word_1_639' title='bbox 1855 5155 1897 5212; x_wconf 83' lang='lat' dir='ltr'><strong>V</strong></span> 
     </span>
    </p>
   </div>
   <div class='ocr_carea' id='block_1_93' title="bbox 2003 5144 3338 5230">
    <p class='ocr_par' dir='ltr' id='par_1_93' title="bbox 2003 5144 3338 5207">
     <span class='ocr_line' id='line_1_93' title="bbox 2003 5144 3338 5207; baseline -0.007 0"><span class='ocrx_word' id='word_1_640' title='bbox 2003 5193 2010 5207; x_wconf 88' lang='lat'><strong>.</strong></span> <span class='ocrx_word' id='word_1_641' title='bbox 2223 5168 2257 5205; x_wconf 78' lang='grc' dir='ltr'><strong>ν</strong></span> <span class='ocrx_word' id='word_1_642' title='bbox 2294 5166 2369 5206; x_wconf 86' lang='grc' dir='ltr'>ιιι.</span> <span class='ocrx_word' id='word_1_643' title='bbox 2401 5164 2527 5206; x_wconf 88' lang='lat' dir='ltr'><strong>xvm</strong></span> <span class='ocrx_word' id='word_1_644' title='bbox 2565 5147 2620 5202; x_wconf 94' lang='lat' dir='ltr'><strong>d.</strong></span> <span class='ocrx_word' id='word_1_645' title='bbox 2925 5162 2976 5200; x_wconf 81' lang='lat' dir='ltr'><strong>vr</strong></span> <span class='ocrx_word' id='word_1_646' title='bbox 3015 5163 3086 5201; x_wconf 90' lang='grc' dir='ltr'>ιιι.</span> <span class='ocrx_word' id='word_1_647' title='bbox 3236 5161 3251 5197; x_wconf 94' lang='lat' dir='ltr'><strong>l</strong></span> <span class='ocrx_word' id='word_1_648' title='bbox 3286 5144 3338 5198; x_wconf 88' lang='lat' dir='ltr'><strong>d.</strong></span> 
     </span>
    </p>
   </div>
   <div class='ocr_carea' id='block_1_94' title="bbox 584 5224 3243 5305">
    <p class='ocr_par' dir='ltr' id='par_1_94' title="bbox 584 5224 3243 5305">
     <span class='ocr_line' id='line_1_94' title="bbox 584 5224 3243 5305; baseline -0.009 -12"><span class='ocrx_word' id='word_1_649' title='bbox 584 5238 654 5293; x_wconf 79' lang='lat'><strong>’50</strong></span> <span class='ocrx_word' id='word_1_650' title='bbox 726 5240 861 5305; x_wconf 85' lang='lat' dir='ltr'><strong>Aug.</strong></span> <span class='ocrx_word' id='word_1_651' title='bbox 920 5235 1025 5289; x_wconf 62' lang='lat'><strong>605</strong></span> <span class='ocrx_word' id='word_1_652' title='bbox 1237 5224 1426 5305; x_wconf 58' lang='lat' dir='ltr'><strong>sabin.</strong></span> <span class='ocrx_word' id='word_1_653' title='bbox 1681 5228 1816 5305; x_wconf 73' lang='lat' dir='ltr'><strong>9rd.</strong></span> <span class='ocrx_word' id='word_1_654' title='bbox 1852 5296 1893 5305; x_wconf 52' lang='grc' dir='ltr'>η</span> <span class='ocrx_word' id='word_1_655' title='bbox 2051 5238 2184 5279; x_wconf 89' lang='lat' dir='ltr'><strong>tan.</strong></span> <span class='ocrx_word' id='word_1_656' title='bbox 2226 5239 2258 5275; x_wconf 92' lang='lat' dir='ltr'><strong>v</strong></span> <span class='ocrx_word' id='word_1_657' title='bbox 2474 5237 2526 5275; x_wconf 82' lang='lat' dir='ltr'><strong>tv</strong></span> <span class='ocrx_word' id='word_1_658' title='bbox 2703 5233 2720 5273; x_wconf 85' lang='lat' dir='ltr'><strong>I</strong></span> <span class='ocrx_word' id='word_1_659' title='bbox 2759 5232 2850 5273; x_wconf 89' lang='lat' dir='ltr'><strong>an.</strong></span> <span class='ocrx_word' id='word_1_660' title='bbox 2946 5233 2981 5271; x_wconf 87' lang='lat' dir='ltr'><strong>v</strong></span> <span class='ocrx_word' id='word_1_661' title='bbox 3188 5232 3243 5270; x_wconf 75' lang='grc' dir='ltr'><strong>ιι</strong></span> 
     </span>
    </p>
   </div>
   <div class='ocr_carea' id='block_1_95' title="bbox 609 5294 2530 5362">
    <p class='ocr_par' dir='ltr' id='par_1_95' title="bbox 609 5294 2530 5362">
     <span class='ocr_line' id='line_1_95' title="bbox 609 5294 2530 5362; baseline -0.01 1"><span class='ocrx_word' id='word_1_662' title='bbox 609 5309 646 5361; x_wconf 70' lang='lat'><strong>‘3</strong></span> <span class='ocrx_word' id='word_1_663' title='bbox 718 5294 874 5362; x_wconf 68' lang='lat' dir='ltr'><strong>Febr.</strong></span> <span class='ocrx_word' id='word_1_664' title='bbox 914 5304 1020 5360; x_wconf 87' lang='lat'><strong>606</strong></span> <span class='ocrx_word' id='word_1_665' title='bbox 1240 5302 1425 5358; x_wconf 84' lang='lat' dir='ltr'><strong>Sabin.</strong></span> <span class='ocrx_word' id='word_1_666' title='bbox 1674 5298 1775 5354; x_wconf 88' lang='lat' dir='ltr'><strong>Ob.</strong></span> <span class='ocrx_word' id='word_1_667' title='bbox 1852 5296 1916 5351; x_wconf 87' lang='lat' dir='ltr'><strong>V.</strong></span> <span class='ocrx_word' id='word_1_668' title='bbox 1947 5294 2007 5349; x_wconf 94' lang='lat' dir='ltr'><strong>S.</strong></span> <span class='ocrx_word' id='word_1_669' title='bbox 2207 5308 2260 5346; x_wconf 74' lang='grc' dir='ltr'>χι</span> <span class='ocrx_word' id='word_1_670' title='bbox 2406 5306 2530 5347; x_wconf 78' lang='lat' dir='ltr'><strong>xxvi</strong></span> 
     </span>
    </p>
   </div>
   <div class='ocr_carea' id='block_1_96' title="bbox 587 5370 2532 5434">
    <p class='ocr_par' dir='ltr' id='par_1_96' title="bbox 587 5370 2532 5434">
     <span class='ocr_line' id='line_1_96' title="bbox 587 5370 2532 5434; baseline -0.009 0"><span class='ocrx_word' id='word_1_671' title='bbox 587 5380 656 5434; x_wconf 67' lang='lat'><strong>29</strong></span> <span class='ocrx_word' id='word_1_672' title='bbox 728 5379 849 5433; x_wconf 81' lang='lat' dir='ltr'><strong>Jan.</strong></span> <span class='ocrx_word' id='word_1_673' title='bbox 914 5376 1015 5430; x_wconf 88' lang='lat'><strong>607</strong></span> <span class='ocrx_word' id='word_1_674' title='bbox 1235 5370 1409 5427; x_wconf 88' lang='lat' dir='ltr'><strong>Bonif.</strong></span> <span class='ocrx_word' id='word_1_675' title='bbox 1444 5371 1531 5426; x_wconf 89' lang='lat' dir='ltr'><strong>Ill.</strong></span> <span class='ocrx_word' id='word_1_676' title='bbox 1678 5370 1805 5423; x_wconf 89' lang='lat' dir='ltr'><strong>0rd.</strong></span> <span class='ocrx_word' id='word_1_677' title='bbox 1948 5370 2008 5419; x_wconf 74' lang='grc' dir='ltr'><strong>ὃ.</strong></span> <span class='ocrx_word' id='word_1_678' title='bbox 2167 5377 2260 5418; x_wconf 89' lang='lat' dir='ltr'><strong>vm</strong></span> <span class='ocrx_word' id='word_1_679' title='bbox 2421 5377 2532 5417; x_wconf 73' lang='grc' dir='ltr'>χχιι</span> 
     </span>
    </p>
   </div>
   <div class='ocr_carea' id='block_1_97' title="bbox 582 5434 3247 5505">
    <p class='ocr_par' dir='ltr' id='par_1_97' title="bbox 582 5434 3247 5505">
     <span class='ocr_line' id='line_1_97' title="bbox 582 5434 3247 5505; baseline -0.009 -1"><span class='ocrx_word' id='word_1_680' title='bbox 582 5451 653 5504; x_wconf 73' lang='lat'><strong>20</strong></span> <span class='ocrx_word' id='word_1_681' title='bbox 724 5449 842 5505; x_wconf 89' lang='lat' dir='ltr'><strong>Oct.</strong></span> <span class='ocrx_word' id='word_1_682' title='bbox 913 5446 1015 5501; x_wconf 88' lang='lat'><strong>607</strong></span> <span class='ocrx_word' id='word_1_683' title='bbox 1230 5440 1402 5498; x_wconf 87' lang='lat' dir='ltr'><strong>Bonif.</strong></span> <span class='ocrx_word' id='word_1_684' title='bbox 1436 5436 1522 5496; x_wconf 89' lang='lat' dir='ltr'><strong>Ill.</strong></span> <span class='ocrx_word' id='word_1_685' title='bbox 1673 5439 1774 5495; x_wconf 87' lang='lat' dir='ltr'><strong>0b.</strong></span> <span class='ocrx_word' id='word_1_686' title='bbox 1848 5436 1916 5493; x_wconf 75' lang='grc' dir='ltr'><strong>ν.</strong></span> <span class='ocrx_word' id='word_1_687' title='bbox 1944 5434 2003 5492; x_wconf 90' lang='lat' dir='ltr'><strong>S.</strong></span> <span class='ocrx_word' id='word_1_688' title='bbox 2220 5450 2256 5488; x_wconf 86' lang='lat' dir='ltr'><strong>x</strong></span> <span class='ocrx_word' id='word_1_689' title='bbox 2478 5448 2527 5487; x_wconf 85' lang='lat' dir='ltr'><strong>vt</strong></span> <span class='ocrx_word' id='word_1_690' title='bbox 2924 5445 2979 5486; x_wconf 78' lang='lat' dir='ltr'><strong>ix</strong></span> <span class='ocrx_word' id='word_1_691' title='bbox 3159 5440 3247 5480; x_wconf 81' lang='lat' dir='ltr'><strong>xlv</strong></span> 
     </span>
    </p>
   </div>
   <div class='ocr_carea' id='block_1_98' title="bbox 583 5508 2529 5588">
    <p class='ocr_par' dir='ltr' id='par_1_98' title="bbox 583 5508 2529 5588">
     <span class='ocr_line' id='line_1_98' title="bbox 583 5508 2529 5588; baseline -0.009 -14"><span class='ocrx_word' id='word_1_692' title='bbox 583 5520 653 5574; x_wconf 72' lang='lat'><strong>25</strong></span> <span class='ocrx_word' id='word_1_693' title='bbox 725 5521 862 5588; x_wconf 86' lang='lat' dir='ltr'><strong>Aug.</strong></span> <span class='ocrx_word' id='word_1_694' title='bbox 912 5516 1017 5572; x_wconf 85' lang='lat'><strong>608</strong></span> <span class='ocrx_word' id='word_1_695' title='bbox 1235 5512 1409 5568; x_wconf 88' lang='lat' dir='ltr'><strong>Bonif.</strong></span> <span class='ocrx_word' id='word_1_696' title='bbox 1431 5512 1520 5567; x_wconf 86' lang='lat' dir='ltr'><strong>IV.</strong></span> <span class='ocrx_word' id='word_1_697' title='bbox 1671 5508 1800 5566; x_wconf 90' lang='lat' dir='ltr'><strong>0rd.</strong></span> <span class='ocrx_word' id='word_1_698' title='bbox 2029 5520 2080 5562; x_wconf 83' lang='lat' dir='ltr'><strong>tv</strong></span> <span class='ocrx_word' id='word_1_699' title='bbox 2221 5519 2257 5559; x_wconf 85' lang='lat' dir='ltr'><strong>v</strong></span> <span class='ocrx_word' id='word_1_700' title='bbox 2435 5517 2529 5558; x_wconf 80' lang='lat' dir='ltr'><strong>xiv</strong></span> 
     </span>
    </p>
   </div>
   <div class='ocr_carea' id='block_1_99' title="bbox 407 5619 1911 5699">
    <p class='ocr_par' dir='ltr' id='par_1_99' title="bbox 407 5619 1911 5699">
     <span class='ocr_line' id='line_1_99' title="bbox 407 5619 1911 5699; baseline -0.013 -7"><span class='ocrx_word' id='word_1_701' title='bbox 407 5635 547 5693; x_wconf 86' lang='lat' dir='ltr'><strong>lluic</strong></span> <span class='ocrx_word' id='word_1_702' title='bbox 574 5646 839 5689; x_wconf 92' lang='lat' dir='ltr'><strong>annorum</strong></span> <span class='ocrx_word' id='word_1_703' title='bbox 866 5637 1120 5699; x_wconf 90' lang='lat' dir='ltr'><strong>quatuor,</strong></span> <span class='ocrx_word' id='word_1_704' title='bbox 1149 5628 1411 5699; x_wconf 84' lang='lat' dir='ltr'><strong>mensium</strong></span> <span class='ocrx_word' id='word_1_705' title='bbox 1438 5622 1678 5691; x_wconf 90' lang='lat' dir='ltr'><strong>quinque</strong></span> <span class='ocrx_word' id='word_1_706' title='bbox 1707 5635 1771 5675; x_wconf 89' lang='lat' dir='ltr'><strong>ac</strong></span> <span class='ocrx_word' id='word_1_707' title='bbox 1795 5619 1911 5674; x_wconf 89' lang='lat' dir='ltr'><strong>die-</strong></span> 
     </span>
    </p>
   </div>
   <div class='ocr_carea' id='block_1_100' title="bbox 335 5694 1915 5763">
    <p class='ocr_par' dir='ltr' id='par_1_100' title="bbox 335 5694 1915 5763">
     <span class='ocr_line' id='line_1_100' title="bbox 335 5694 1915 5763; baseline -0.013 0"><span class='ocrx_word' id='word_1_708' title='bbox 335 5722 457 5763; x_wconf 86' lang='lat' dir='ltr'><strong>rum</strong></span> <span class='ocrx_word' id='word_1_709' title='bbox 487 5721 575 5761; x_wconf 86' lang='lat' dir='ltr'><strong>xtv</strong></span> <span class='ocrx_word' id='word_1_710' title='bbox 623 5716 845 5759; x_wconf 76' lang='lat' dir='ltr'><strong>summa:</strong></span> <span class='ocrx_word' id='word_1_711' title='bbox 881 5694 927 5756; x_wconf 78' lang='lat' dir='ltr'><strong>si</strong></span> <span class='ocrx_word' id='word_1_712' title='bbox 970 5698 1235 5754; x_wconf 87' lang='lat' dir='ltr'><strong>addantur</strong></span> <span class='ocrx_word' id='word_1_713' title='bbox 1274 5694 1401 5751; x_wconf 92' lang='lat' dir='ltr'><strong>anni</strong></span> <span class='ocrx_word' id='word_1_714' title='bbox 1442 5708 1589 5763; x_wconf 73' lang='lat' dir='ltr'><strong>perv,</strong></span> <span class='ocrx_word' id='word_1_715' title='bbox 1619 5705 1831 5763; x_wconf 86' lang='lat' dir='ltr'><strong>menses</strong></span> <span class='ocrx_word' id='word_1_716' title='bbox 1858 5705 1915 5755; x_wconf 90' lang='grc' dir='ltr'>ιι,</span> 
     </span>
    </p>
   </div>
   <div class='ocr_carea' id='block_1_101' title="bbox 336 5762 1921 5844">
    <p class='ocr_par' dir='ltr' id='par_1_101' title="bbox 336 5762 1921 5844">
     <span class='ocr_line' id='line_1_101' title="bbox 336 5762 1921 5844; baseline -0.01 -11"><span class='ocrx_word' id='word_1_717' title='bbox 336 5762 454 5833; x_wconf 84' lang='lat' dir='ltr'><strong>dies</strong></span> <span class='ocrx_word' id='word_1_718' title='bbox 482 5791 540 5844; x_wconf 86' lang='grc' dir='ltr'>ιι,</span> <span class='ocrx_word' id='word_1_719' title='bbox 572 5770 859 5833; x_wconf 86' lang='lat' dir='ltr'><strong>emortuali</strong></span> <span class='ocrx_word' id='word_1_720' title='bbox 886 5770 1130 5839; x_wconf 86' lang='lat' dir='ltr'><strong>Gregorii</strong></span> <span class='ocrx_word' id='word_1_721' title='bbox 1163 5766 1407 5832; x_wconf 83' lang='lat' dir='ltr'><strong>inclusa;</strong></span> <span class='ocrx_word' id='word_1_722' title='bbox 1439 5762 1723 5819; x_wconf 85' lang='lat' dir='ltr'><strong>habebitur</strong></span> <span class='ocrx_word' id='word_1_723' title='bbox 1750 5775 1921 5817; x_wconf 83' lang='lat' dir='ltr'><strong>annus</strong></span> 
     </span>
    </p>
   </div>
   <div class='ocr_carea' id='block_1_102' title="bbox 2023 5608 3599 5684">
    <p class='ocr_par' dir='ltr' id='par_1_102' title="bbox 2023 5608 3599 5684">
     <span class='ocr_line' id='line_1_102' title="bbox 2023 5608 3599 5684; baseline -0.006 -12"><span class='ocrx_word' id='word_1_724' title='bbox 2023 5613 2149 5682; x_wconf 89' lang='lat'><strong>608,</strong></span> <span class='ocrx_word' id='word_1_725' title='bbox 2193 5613 2415 5682; x_wconf 89' lang='lat' dir='ltr'><strong>diesque</strong></span> <span class='ocrx_word' id='word_1_726' title='bbox 2437 5611 2509 5666; x_wconf 68' lang='lat'><strong>25</strong></span> <span class='ocrx_word' id='word_1_727' title='bbox 2534 5613 2775 5684; x_wconf 88' lang='lat' dir='ltr'><strong>augusti,</strong></span> <span class='ocrx_word' id='word_1_728' title='bbox 2806 5626 2977 5684; x_wconf 75' lang='lat' dir='ltr'><strong>quam</strong></span> <span class='ocrx_word' id='word_1_729' title='bbox 3012 5608 3242 5684; x_wconf 63' lang='lat' dir='ltr'><strong>diximus</strong></span> <span class='ocrx_word' id='word_1_730' title='bbox 3270 5623 3390 5666; x_wconf 90' lang='lat' dir='ltr'><strong>esse</strong></span> <span class='ocrx_word' id='word_1_731' title='bbox 3430 5611 3599 5684; x_wconf 84' lang='lat' dir='ltr'><strong>ipsam</strong></span> 
     </span>
    </p>
   </div>
   <div class='ocr_carea' id='block_1_103' title="bbox 2025 5680 3603 5751">
    <p class='ocr_par' dir='ltr' id='par_1_103' title="bbox 2025 5680 3603 5751">
     <span class='ocr_line' id='line_1_103' title="bbox 2025 5680 3603 5751; baseline -0.006 -7"><span class='ocrx_word' id='word_1_732' title='bbox 2025 5680 2378 5743; x_wconf 84' lang='lat' dir='ltr'><strong>ordinationis</strong></span> <span class='ocrx_word' id='word_1_733' title='bbox 2421 5680 2679 5739; x_wconf 80' lang='lat' dir='ltr'><strong>Bonifacii</strong></span> <span class='ocrx_word' id='word_1_734' title='bbox 2708 5683 2799 5749; x_wconf 80' lang='lat' dir='ltr'><strong>IV,</strong></span> <span class='ocrx_word' id='word_1_735' title='bbox 2823 5680 2886 5736; x_wconf 75' lang='lat' dir='ltr'><strong>ut</strong></span> <span class='ocrx_word' id='word_1_736' title='bbox 2930 5680 3070 5736; x_wconf 85' lang='lat' dir='ltr'><strong>idem</strong></span> <span class='ocrx_word' id='word_1_737' title='bbox 3108 5680 3302 5747; x_wconf 83' lang='lat' dir='ltr'><strong>Pagius</strong></span> <span class='ocrx_word' id='word_1_738' title='bbox 3332 5680 3603 5751; x_wconf 88' lang='lat' dir='ltr'><strong>agnoscit.</strong></span> 
     </span>
    </p>
   </div>
   <div class='ocr_carea' id='block_1_104' title="bbox 2028 5751 3603 5828">
    <p class='ocr_par' dir='ltr' id='par_1_104' title="bbox 2028 5751 3603 5828">
     <span class='ocr_line' id='line_1_104' title="bbox 2028 5751 3603 5828; baseline -0.007 -14"><span class='ocrx_word' id='word_1_739' title='bbox 2028 5761 2098 5818; x_wconf 84' lang='lat' dir='ltr'><strong>At</strong></span> <span class='ocrx_word' id='word_1_740' title='bbox 2118 5756 2271 5828; x_wconf 82' lang='lat' dir='ltr'><strong>juxta</strong></span> <span class='ocrx_word' id='word_1_741' title='bbox 2293 5754 2696 5824; x_wconf 78' lang='lat' dir='ltr'><strong>chronOIOgiam</strong></span> <span class='ocrx_word' id='word_1_742' title='bbox 2727 5751 2870 5822; x_wconf 85' lang='lat' dir='ltr'><strong>Pagii</strong></span> <span class='ocrx_word' id='word_1_743' title='bbox 2902 5761 3028 5807; x_wconf 88' lang='lat' dir='ltr'><strong>sunt</strong></span> <span class='ocrx_word' id='word_1_744' title='bbox 3055 5754 3178 5808; x_wconf 85' lang='lat' dir='ltr'><strong>anni</strong></span> <span class='ocrx_word' id='word_1_745' title='bbox 3209 5768 3282 5820; x_wconf 88' lang='lat' dir='ltr'><strong>tv,</strong></span> <span class='ocrx_word' id='word_1_746' title='bbox 3302 5768 3373 5807; x_wconf 87' lang='lat' dir='ltr'><strong>tn.</strong></span> <span class='ocrx_word' id='word_1_747' title='bbox 3394 5751 3512 5819; x_wconf 88' lang='lat' dir='ltr'><strong>v,d.</strong></span> <span class='ocrx_word' id='word_1_748' title='bbox 3536 5764 3603 5816; x_wconf 71' lang='grc' dir='ltr'>ις</span> 
     </span>
    </p>
   </div>
  </div>
