4118 6332
24 4480 25 4497 l

24 4518 27 4533 γ

24 5006 26 5032 |

536 304 641 361 Ἰοὗ

536 418 776 475 habitum
833 424 947 484 est,
995 422 1055 472 ut
1080 415 1220 488 inter
1250 413 1700 488 prmstantissima
1746 411 1906 488 Urbis
1949 424 2115 488 opera
2146 416 2194 471 A

535 482 942 560 enumeraretur
962 528 977 554 ,
1027 482 1281 560 ad‘qnod'
1307 485 1613 560 posteritati
1635 482 1997 560 servandum
2016 482 2120 560 Ro-

1741 295 1799 353 s.
1841 256 2173 354 nomnen
2214 290 2415 351 eam
2455 290 2521 350 IV

3704 288 3802 347 1οι

2299 406 2318 446 τ
2351 407 2523 462 Multa
2571 407 2728 473 dona,
2775 414 2879 461 etc.
2928 405 3064 462 Cod.
3107 398 3330 459 Fames.
3383 422 3394 454 :
3452 395 3625 457 Multa
3670 404 3806 457 dona

2220 480 2424 548 optulit.
2465 477 2567 548 llic
2589 479 2794 532 donmm
2821 494 2968 531 suam
2995 475 3535 548 monasteriumferit,
3566 491 3711 542 quem
3757 484 3807 528 et

534 544 679 614 mani
708 550 951 613 Caesares
965 544 1154 613 sedqu
1183 544 1489 611 incubuere.
1522 548 1655 608 Illud
1675 554 1815 608 enim
1848 558 2121 619 vetustate
2221 544 2587 610 dotabit.‘Quo
2610 550 2871 619 defuncto,
2896 549 3229 619 sepultus__est
3255 545 3325 598 ad
3360 544 3575 619 Veatum
3598 556 3615 594 t
3640 556 3804 599 etram

535 613 811 685 collabens
838 628 1103 683 Adrianus
1129 626 1382 691 restituit,
1418 631 1479 678 ut
1504 623 1822 693 Spartianus
1856 624 2033 693 capite
2054 618 2121 673 l9
2223 618 2649 693 Apostolumrdie
2671 613 2702 672 v
2727 613 3080 693 men._Mc_dii.
3106 615 3246 693 llic,
3264 624 3370 670 etc.
3395 613 3637 693 ﬁumen.

534 706 785 766 testatur,
817 699 1064 766 idemque
1090 696 1472 766 instaurarunt,
1503 703 1614 766 tum
1642 692 1943 766 Antoninus
1972 692 2119 755 Pius,

536 740 805 841 :11"an
817 740 1081 841 ’ᾇξβῖἰξῇ
1090 740 1284 841 ἷιὲξ
1297 740 1353 841 ἓξ
1361 740 1495 818 ibi}:
1505 740 1951 841 septiens;
1956 740 2118 824 ἑτὶιζξ

538 846 598 891 ut
628 834 814 909 monet
844 833 1119 911 inscriptio
1149 833 1287 903 apud
1316 833 1603 889 Gruterum
1636 850 1688 901 p.
1724 834 1774 899 Ι,
1803 850 1856 887 n.
1894 837 1940 888 Ι.

680 927 818 982 ΙΜΡ.
859 926 1033 981 C/ES.
1076 916 1134 978 L.
1178 922 1539 979 SEPTIMIUS
1576 923 1977 979 SEVERUS....

538 996 628 1052 ET
660 996 795 1051 IMP.
818 996 992 1051 ΟλΕΞ.
1025 996 1096 1048 Μ.
1120 993 1462 1048 AURELIUS
1492 993 1877 1047 ANTONINUS
1904 994 2121 1051 PIUS...

680 1064 1055 1120 PANTHEUM
1096 1063 1503 1118 VETUSTATE
1541 1062 1967 1119 CURRUPTUM

727 1134 871 1190 CUM
909 1134 1075 1189 ΟΜΝΙ
1114 1132 1341 1189 CULTU
1388 1132 1935 1188 llESTlTUERUNT.

535 1225 737 1281 Verum
789 1224 960 1279 multo
990 1224 1254 1280 celebrius
1303 1224 1405 1278 hoc
1456 1223 1713 1290 templum
1744 1226 1910 1278 evasit
1936 1212 1972 1289 ,’
2004 1240 2124 1281 cum

2295 698 2320 736 ε
2347 686 2446 751 Qui
2469 689 2847 758 defunctus.—
2871 687 2923 741 Ι.
2952 686 3088 758 C_od.
3112 686 3301 758 Vallic.
3330 702 3343 737 :
3389 681 3501 758 Quo
3525 685 3766 758 defuncto
3789 725 3809 752 ,

2222 759 2448 829 sepultus
2478 754 2556 829 est
2602 759 2671 812 ad
2710 758 2925 812 Beatum
2971 756 3187 811 Petrum
3233 755 3554 825 Apostolum.
3591 754 3695 807 llic
3732 759 3812 824 [e-

2223 831 2313 895 cir,
2342 836 2449 883 etc.
2483 828 2719 884 Bumcn.

2293 893 2435 951 4—9.
2473 896 2608 952 Cum
2642 899 2794 965 juxta
2838 896 3177 952 Anastasium
3202 930 3218 960 ,
3248 893 3582 958 Ordericum,
3627 894 3718 949 lib.
3748 910 3811 961 ιι,

2232 968 2533 1033 Abbonem,
2569 964 2930 1023 liermannum
2970 966 3316 1023 Contractum
3346 966 3396 1018 in
3424 964 3713 1028 Chronico,
3756 974 3815 1020 et

2226 1040 2408 1107 plures
2434 1039 2709 1106 catalogos
2735 1036 3038 1093 Bonifacius
3056 1035 3262 1107 sederit
3290 1052 3455 1107 annos
3495 1051 3588 1107 sea:
3605 1076 3620 1099 ,
3668 1051 3815 1090 men-

2225 1105 2308 1162 ses
2336 1117 2471 1168 octo,
2500 1105 2909 1172 dies’tretlecim,
2956 1109 3022 1161 ad
3052 1106 3222 1161 Deum
3253 1106 3500 1171 migravit
3529 1105 3617 1159 die
3640 1106 3813 1173 septi-

2227 1193 2313 1232 ma
2358 1177 2483 1232 Maii
2530 1179 2657 1231 anni
2700 1176 2897 1232 Christi
2946 1176 3323 1231 sexcentesimi
3376 1175 3566 1230 decimi
3617 1175 3812 1243 quinti.

2226 1247 2488 1303 Baronius
2526 1248 2689 1302 refert
2714 1263 2780 1302 ex
2821 1248 3181 1301 monumentis
3212 1244 3479 1299 Vaticana:
3520 1247 3751 1298 basilca:
3781 1260 3813 1301 a

538 1294 1441 1385 9399539999essesnatus.
1463 1293 1670 1385 suis}?!
1684 1335 1711 1385 :
1732 1292 1835 1385 .31
1863 1294 2125 1385 1.2933039!“

2229 1316 2426 1372 Manlio
2452 1292 2690 1372 collectis
2717 1332 2834 1383 ejus
2870 1316 3120 1385 sepulcro
3162 1315 3475 1385 inscriptum
3498 1315 3816 1385 ejusepita-

535 1372 733 1420 sanctae
762 1364 941 1419 Maria:
964 1364 1033 1418 ad
1063 1361 1324 1434 Martyres
1353 1363 1446 1417 uni
1470 1361 1840 1434 veroqueDeo
1870 1363 1969 1434 fuit
1992 1382 2125 1420 con-

535 1446 825 1490 secratum.
853 1434 1097 1489 Solemni
1125 1431 1324 1488 etenim
1354 1434 1460 1488 ritu
1489 1432 1546 1486 Β.
1575 1431 1877 1488 Benifacius
1904 1432 1969 1488 lV
1997 1435 2126 1491 illud

536 1505 806 1575 purgavit,
832 1505 1128 1575 ditavitque
1149 1516 1217 1557 ex
1245 1504 1566 1575 cmmeteriis
1597 1508 1750 1575 extra
1775 1502 1983 1575 Urbem,
2005 1520 2127 1572 san-

534 1574 1063 1645 ctorummartyrum
1092 1574 1330 1645 lipsanis,
1362 1574 1631 1645 cessitque
1653 1574 1885 1645 inusum
1912 1574 2132 1642 religio-

2228 1389 2433 1457 phium.
2484 1387 2538 1442 in
2567 1386 2720 1454 cujus
2750 1388 2853 1457 line
2885 1383 3080 1455 legitur
3109 1401 3121 1438 :
3154 1383 3257 1437 llic
3297 1386 3565 1453 requiescit
3593 1383 3815 1457 Bonifa-

2228 1455 2339 1511 cius
2359 1457 2560 1526 junior,
2590 1459 2676 1525 qui
2704 1456 2835 1509 sedit
2861 1472 3025 1526 annos
3054 1471 3164 1519 sex,
3197 1470 3395 1507 menses
3424 1470 3534 1526 vui,
3566 1455 3685 1526 die_s_
3704 1469 3813 1521 xu;

2228 1522 2490 1595 depositus
2518 1522 2714 1581 εειήιι
2749 1526 2875 1579 ldus
2899 1525 3054 1586 Maii,
3090 1527 3377 1595 imperante
3404 1525 3613 1578 domino
3638 1522 3816 1577 Hera-

2231 1594 2348 1662 clio,
2378 1613 2516 1651 anno
2543 1597 2655 1666 ejus
2684 1601 2735 1661 5,
2784 1596 2875 1650 ubi
2927 1606 3130 1649 tantum
3156 1596 3293 1666 dies
3335 1594 3620 1649 duodecim
3651 1609 3818 1666 supra

535 1643 962 1735 Ἦῇεθξῗξίθξὲξδ
979 1642 2127 1735 ξᾼίξἾξῘΫ-ξξεΙΞδξλῂτΡ-ιξξιξξυίξἮῇξίῖξΨΒξιξιξη
2230 1642 2447 1722 ιπεῆεθε
2489 1642 2614 1721 οοῖο
2642 1642 3032 1731 numerantur,
3075 1665 3199 1735 quia
3224 1663 3352 1735 dies
3390 1669 3619 1732 septima
3662 1642 3815 1728 uin,

538 1713 830 1769 multitudo
877 1715 947 1769 ibi
977 1723 1285 1769 sanctorum
1324 1713 1641 1782 memoriam
1681 1713 1847 1782 cdepit
1889 1713 2125 1782 habere,

538 1793 602 1837 ut
628 1783 703 1837 ait
732 1791 917 1837 noster
945 1785 1047 1839 hoc
1072 1784 1212 1849 loco,
1253 1792 1308 1837 et
1337 1780 1531 1836 Paulus
1562 1775 1829 1840 Diaconns
1867 1783 2004 1838 libro
2034 1775 2125 1850 1v,
2163 1775 2207 1835 Β

538 1853 719 1933 capite
746 1853 831 1933 57,
866 1852 1429 1933 Vaticanonepitaphio
1463 1852 1825 1909 vetustissimo
1856 1853 1999 1908 idem
2030 1870 2131 1910 ex-

537 1923 807 1992 primente
831 1924 971 1993 apud
995 1923 1249 1977 Manlium
1275 1941 1287 1975 :

668 2014 903 2077 ﬁregorio
927 2015 1133 2077 Quartus
1150 2017 1280 2077 jacet
1302 2014 1379 2065 hic
1400 2013 1673 2065 Bonifacius
1692 2015 1863 2075 almus,

660 2074 819 2138 liujus
836 2080 915 2138 qui
936 2077 1066 2126 sedis
1092 2074 1179 2125 fuit
1202 2090 1371 2138 aequus
1393 2083 1554 2125 rector
1579 2085 1629 2125 el.
1654 2079 1796 2138 tedis;

659 2135 903 2200 Ietnpore
928 2139 1009 2198 qui
1038 2135 1442 2200 lec:B_cernens
1466 2138 1699 2196 templum
1725 2135 1831 2187 fore
1850 2138 2034 2200 Roma,

662 2198 879 2261 Delubra
902 2208 1185 2261 cunctorum
1211 2198 1403 2247 fuerant
1424 2211 1534 2261 qua:
1558 2200 1903 2249 daemoniorum
1918 2235 1934 2261 ,

664 2258 769 2308 Hoc
792 2272 853 2308 ex
862 2260 1102 2321 purgavit,
1127 2260 1307 2308 sanctis
1330 2258 1613 2322 cunctisque
1636 2262 1830 2370 dicavit.

1753 2339 1830 2370 ΛΠ

1753 2335 1941 2372 Αηεῠε.

622 2411 649 2441 ο
675 2402 890 2457 Sancta:
916 2401 1126 2467 Μαι-ξω,
1155 2411 1260 2458 etc.
1292 2401 1427 2459 Cod.
1464 2403 1704 2460 Vallicel.
1729 2398 1753 2458 ἐ
1804 2405 1979 2461 Beata:
2007 2406 2129 2463 Ma-

541 2472 711 2546 riw...
734 2482 782 2526 et
801 2475 1028 2527 omnium
1052 2484 1354 2546 martyrum,
1385 2483 1434 2528 et
1458 2475 1700 2546 reliquias
1728 2477 1783 2529 in
1811 2494 1872 2529 ea
1901 2478 2125 2532 colloca-

538 2543 630 2666 ξι.
687 2541 750 2596 1η
802 2559 903 2614 qua
956 2541 1461 2617 ecclesia'princeps
1518 2541 1680 2597 multa
1737 2545 1875 2601 dona
1920 2547 2119 2602 obtulit.

588 2624 777 2666 Lmen.

588 2624 777 2668 ιΑΜιι.

2231 1752 2351 1805 qua:
2371 1745 2455 1791 est
2476 1737 2790 1790 emortualis
2814 1774 2829 1797 ,
2861 1733 3182 1789 excluditur.
3222 1733 3518 1805 [inquibus
3543 1742 3599 1787 et
3626 1748 3823 1805 conse-

2232 1802 2403 1875 quens
2431 1814 2514 1860 est
2542 1806 2657 1874 ejus
2685 1806 3079 1861 ordinationem
3114 1806 3218 1875 diei
3246 1802 3317 1855 25
3345 1804 3568 1871 Augusti
3596 1819 3627 1857 a
3660 1804 3821 1859 nobis

2230 1874 2381 1931 recte
2410 1875 2625 1930 alﬁxam
2654 1876 2817 1930 fuisse
2842 1915 2857 1941 ,
2887 1885 2943 1929 et
2972 1874 3308 1929 vacationem
3338 1876 3480 1927 sedis
3522 1882 3645 1943 post
3675 1888 3822 1927 mor-

2231 1953 2338 2000 tem
2358 1945 2617 2001 Bonifacii
2640 1946 2727 2012 Ill,
2760 1946 2811 1998 in
2842 1945 3127 1999 Anastasio
3156 1947 3295 1997 male
3322 1944 3645 2013 descriptam
3676 1958 3818 1998 esse.

2232 2016 2441 2070 Colitur
2488 2023 2707 2071 sanctus
2752 2015 3056 2070 Bonifacius
3101 2013 3167 2066 lV
3196 2014 3283 2068 die
3328 2012 3399 2066 25
3437 2012 3583 2081 Maii,
3627 2028 3738 2081 quo
3764 2023 3825 2067 et

2229 2084 2633 2207 gapenrocbius
2660 2087 2713 2140 in
2748 2087 2898 2141 Actis
2924 2092 3231 2139 sanctorum
3261 2084 3437 2137 Vitam
3468 2084 3586 2153 ejus
3631 2083 3819 2138 refert.

2274 2170 2444 2207 AGIUS.

2274 2170 2444 2209 AGIUS.

2304 2223 2330 2261 δ
2354 2224 2614 2280 Diaconos
2637 2234 2768 2291 octo,
2801 2235 2907 2280 etc.
2930 2225 3062 2280 Cod.
3093 2225 3330 2280 Vallicel.
3360 2242 3373 2277 :
3418 2222 3680 2278 Diaconos
3709 2237 3820 2287 vui,

2229 2295 2495 2363 episwpos
2520 2312 2611 2365 per
2638 2296 2837 2350 diversa
2872 2297 2984 2349 loca
3015 2311 3205 2358 xxxvr,
3239 2307 3288 2347 et
3310 2296 3523 2348 cessavit
3549 2296 3823 2364 episcopa-

2230 2373 2309 2418 tus
2330 2381 2526 2419 menses
2556 2380 2645 2432 vu,
2673 2367 2781 2420 dies
2812 2383 2936 2420 xxv.
2980 2366 3216 2420 BLANCII.

2310 2432 2324 2471 ί
2356 2433 2666 2506 Episcopos,
2698 2444 2804 2491 etc.
2847 2436 2983 2490 Cod.
3020 2436 3241 2491 Farues.
3278 2454 3291 2488 :
3325 2434 3610 2505 Episcopos
3632 2432 3825 2506 perdi-

2227 2519 2375 2627 ἔτεα
2398 2505 2513 2559 loca
2530 2505 2695 2572 xxxv,
2718 2516 2767 2559 et
2797 2509 3009 2559 cessavit
3034 2507 3356 2576 episcopatus
3378 2521 3516 2559 men.
3550 2521 3622 2570 xt,
3640 2505 3750 2557 dies
3763 2517 3822 2556 ν.

2272 2589 2464 2627 mea.

2272 2589 2464 2629 LANCB.

1137 2832 1860 2947 BONIFACII
1906 2835 2303 2998 ΡΑΡᾸΕ
2364 2837 2521 2955 IV
2570 2747 3208 2953 scena};

1565 3030 1742 3092 (Mansi
1779 3029 1925 3081 Cone.
1957 3029 2077 3080 Nov.
2113 3029 2321 3112 Colect.
2354 3038 2392 3083 t.
2427 3028 2495 3093 X,
2530 3032 2623 3083 col.
2659 3032 2805 3094 505.)

616 3126 981 3190 CONCILIUM
1023 3126 1359 3188 ROMANUM
1402 3128 1533 3189 SUB
1570 3130 1930 3188 BONIFACIO
1967 3131 2057 3188 IV.

618 3225 683 3280 In
725 3242 881 3280 causa
926 3226 1229 3297 Anglicana:
1270 3224 1519 3281 Ecclesite
1548 3226 1860 3280 celebratum
1909 3224 2125 3290 Romw,

547 3334 685 3372 anno
711 3316 745 3370 8
789 3316 1033 3371 Pltocatis
1063 3316 1412 3387 imperatoris,
1458 3316 1739 3371 indictione
1766 3317 1853 3382 l5,
1900 3324 1947 3371 et
1977 3318 2126 3371 tertia

545 3407 628 3465 die
654 3406 1010 3464 Kalendarum
1054 3405 1365 3460 Martiarum
1389 3447 1404 3471 ,
1455 3423 1560 3460 rem
1607 3407 1876 3477 Anglicam
1916 3424 2127 3477 promo-

545 3512 711 3568 vente,
751 3510 800 3555 et
828 3502 881 3555 in
922 3500 1099 3554 eodem
1137 3499 1443 3554 consedente
1471 3496 1673 3553 Mellito
1702 3500 1868 3569 primo
1891 3498 2128 3570 episcopo

548 3590 887 3646 Londinensi.

562 3688 567 3693 ’
614 3678 738 3740 (Νοιι
763 3683 1078 3742 reperiuntur
1102 3681 1262 3742 istius,
1273 3675 1463 3729 concilii
1486 3692 1699 3742 canones
1725 3680 1799 3728 vel
1818 3680 2125 3742 decretum“,

547 3737 638 3794 sed
665 3737 946 3800 linitis'quze
965 3743 1134 3791 scribit
1159 3742 1223 3791 de
1244 3741 1508 3803 Laurentio
1540 3741 1901 3803 archiepiscopo
1924 3737 2131 3791 Cantus;

548 3808 656 3866 riae,
684 3802 812 3853 Beda
837 3806 906 3853 sic
930 3804 1261 3866 progreditur,
1290 3801 1375 3852 lib.
1400 3817 1451 3865 ιι,
1477 3816 1583 3864 cap.
1616 3804 1677 3864 ι.)

618 3887 712 3943 ΗΒ
738 3887 1067 3957 temporibus
1106 3887 1254 3941 venit
1275 3895 1301 3923 ε
1331 3885 1563 3941 Mellitus
1606 3885 1895 3942 Londonite
1922 3886 2131 3958 episco-

547 3994 649 4050 pus
679 3978 923 4042 Romam,
954 3977 1021 4031 de
1053 3977 1373 4033 necessariis
1411 3976 1662 4033 Ecclesiae
1691 3976 1982 4046 Anglorum
2004 3993 2132 4034 cau-

549 4071 624 4128 sis
664 4084 787 4125 cum
836 4068 1133 4140 apostolico
1169 4084 1308 4139 papa
1349 4068 1625 4123 Bonifacio
1669 4077 2010 4125 tractaturus.
2065 4068 2133 4124 Et

550 4175 677 4217 cum
718 4159 858 4215 idem
906 4174 1042 4230 papa
1091 4159 1569 4214 reverendissimus
1605 4167 1825 4227 cogeret
1869 4159 2131 4230 synodum

550 4251 923 4322 episcoporum
968 4249 1161 4317 ltalim,
1205 4249 1273 4304 de
1300 4249 1409 4304 vita
1440 4250 1825 4304 monachorum
1854 4258 1910 4305 et
1952 4252 2133 4320 quiete

551 4346 924 4412 ordinaturus,
968 4352 1024 4399 et
1053 4344 1166 4413 ipse
1194 4343 1426 4400 Mellitus
1467 4343 1607 4398 inter
1643 4358 1737 4399 eos
1767 4346 1963 4400 assedit
1991 4363 2131 4407 anno

551 4443 743 4490 octavo
773 4435 983 4505 imperii
1013 4432 1264 4489 Phocatis
1292 4434 1570 4505 principis;
1603 4432 1894 4489 indictione
1923 4434 2129 4493 decima

626 4558 648 4586 ι
681 4548 843 4602 Extra
891 4549 1084 4604 moenia
1133 4547 1356 4602 Londiui
1399 4546 1629 4601 civitatis
1657 4560 1846 4601 recens
1890 4556 2006 4601 erat
2037 4563 2129 4603 ex-

552 4629 814 4673 structum
842 4618 1247 4682 monasterium,
1277 4633 1376 4686 pro
1404 4616 1558 4686 cujus
1582 4616 1811 4685 regulari
1834 4618 2126 4673 observan-

554 4689 628 4741 tia
658 4688 887 4743 Mellitus
929 4689 1214 4756 plurimum
1244 4687 1503 4741 sollicitus
1534 4687 1757 4740 Romam
1793 4703 1853 4743 se
1883 4689 2127 4743 contule-

556 4767 673 4823 rat,
722 4767 781 4810 ut
823 4767 949 4827 pote
975 4756 1119 4827 quod
1164 4757 1292 4810 illud
1335 4758 1505 4825 ipsum
1549 4757 1665 4812 fore
1691 4758 1873 4824 sciret,
1920 4758 1965 4812 si
1993 4760 2131 4814 bene

554 4826 931 4897 custodiretur,
980 4826 1215 4897 amplum
1251 4826 1605 4897 seminarium
1630 4870 1644 4893 ,
1695 4842 1761 4880 ex
1806 4843 1914 4897 quo
1942 4843 2130 4884 omnes

557 4892 807 4950 Ecclesia.
831 4912 949 4964 tunc
970 4892 1120 4949 erant
1152 4896 1203 4949 in
1233 4895 1418 4963 Anglia
1448 4896 1546 4949 sibi
1574 4892 1838 4952 antistites
1864 4897 2132 4953 adscisce—

555 4974 696 5019 rent.
730 4966 820 5019 llis
840 4965 1126 5020 accedebat
1151 4966 1253 5018 alia
1283 4970 1464 5029 causa,
1498 4982 1616 5035 qua:
1651 4978 1705 5019 et
1750 4968 2027 5035 potissima
2057 4969 2130 5021 vi-

556 5035 671 5107 deri
701 5043 931 5107 poterat,
964 5052 1029 5107 an
1072 5036 1321 5107 nimirum
1362 5036 1852 5107 ratarsitgliabenda
1888 5037 2128 5107 ecclesia:

558 5101 740 5161 Sancti
777 5104 916 5160 Petri
948 5105 1186 5174 ejusdem
1216 5106 1524 5159 monasterii
1568 5105 1837 5174 dedicatio
1875 5105 2130 5174 divinitus

559 5175 720 5241 facta,
770 5175 836 5229 de
864 5191 967 5245 qua
1013 5175 1165 5245 plura
1195 5174 1350 5245 valde
1395 5174 1633 5228 miranda
1681 5173 1849 5245 refert
1877 5173 2131 5245 E_alredus

558 5246 740 5310 abbas,
788 5242 1026 5314 scriptor
1058 5244 1400 5313 gravissimus
1448 5246 1500 5299 in
1535 5245 1641 5314 vita
1685 5244 1855 5298 sancti
1888 5242 2134 5314 ,Eduardi

557 5316 697 5385 regis
725 5313 1012 5383 Anglorum
1032 5354 1047 5380 ,
1093 5313 1485 5385 apudSurium
1521 5313 1612 5385 die
1634 5314 1834 5385 quinta
1872 5313 2131 5370 Januarii.

558 5381 691 5438 Vide
720 5381 1007 5439 Baronium
1035 5381 1177 5439 anno
1204 5383 1308 5437 610
1339 5398 1563 5438 numero
1593 5382 1678 5435 10.
1722 5383 1919 5438 Βικιυς.

631 5452 656 5490 δ
696 5453 827 5508 Illud
871 5454 1012 5510 idem
1058 5454 1330 5509 decretum
1377 5452 1633 5521 synodale
1680 5452 1710 5504 εἰ
1752 5452 2026 5509 Bonifacio
2071 5455 2137 5510 IV

560 5535 694 5593 papa
721 5525 1113 5593 promulgatum
1144 5524 1195 5577 in
1224 5523 1459 5593 concilio,
1481 5522 1723 5593 Romano
1754 5538 1894 5576 anno
1923 5525 2026 5578 6l0
2056 5526 2143 5582 hic

558 5589 908 5661 describimus
936 5589 1003 5649 ex
1029 5594 1194 5649 veteri
1223 5592 1410 5647 codice
1437 5590 1493 5657 S_.
1516 5592 1900 5661 'Symphoriani
1943 5594 2142 5649 Meten-

561 5659 634 5715 sis
675 5661 767 5732 qui
811 5663 971 5719 modo
1014 5664 1205 5718 visitur
1249 5662 1302 5717 in
1352 5659 1682 5717 Bibliotheca
1732 5678 1781 5715 ν.
1832 5679 1880 5719 c.
1931 5662 2138 5719 Claudii

2156 3133 2203 3196 C
2234 3134 2411 3200 tertia,
2444 3136 2602 3191 tertia
2630 3135 2718 3190 die
2744 3134 3108 3190 Kalendarum
3140 3135 3474 3205 Martiarum,
3508 3152 3567 3195 nt
3596 3157 3836 3219 quaean

2231 3233 2387 3281 erant
2408 3226 2726 3296 regulariter
2745 3227 2960 3282 decreta
2988 3242 3081 3281 sua
3109 3242 3325 3297 quoque
3354 3233 3679 3291 auctoritate
3704 3240 3826 3293 sub-

2230 3322 2470 3378 scribens
2489 3321 2855 3388 conlirmaret,
2871 3338 2937 3377 ac
2957 3322 3009 3377 in
3033 3321 3363 3379 Britanniam
3383 3325 3615 3393 rediens,
3640 3344 3825 3385 secum

2232 3415 2524 3483 Anglorum
2564 3414 2814 3469 Ecclesiae
2858 3413 3115 3468 mandata
3154 3422 3317 3483 atque
3362 3416 3698 3473 observanda
3728 3419 3825 3474 de-

2230 3504 2430 3573 ferret,
2481 3525 2586 3564 una
2626 3524 2747 3564 cum
2796 3510 3038 3581 epistolis
3066 3525 3200 3581 quas
3229 3510 3371 3565 idem
3418 3512 3666 3580 pontifex
3710 3514 3825 3569 Deo

2231 3601 2431 3659 dilecto
2459 3603 2867 3673 archiepiscopo
2894 3602 3217 3668 Laurentio,
3259 3610 3315 3657 et
3351 3603 3497 3659 clero
3527 3605 3780 3660 universo
3802 3646 3821 3666 .

2232 3695 2477 3751 similiter
2533 3704 2588 3749 et
2627 3694 2903 3751 Edilberto
2954 3695 3066 3765 regi
3112 3705 3276 3764 atque
3322 3696 3465 3765 genti
3525 3697 3825 3765 Anglorum

2233 3786 2444 3839 direxit.
2478 3784 2575 3840 Hic
2604 3796 2689 3840 est
2717 3785 3021 3841 Bonifatius
3052 3796 3272 3856 quartus
3298 3800 3328 3839 a
3372 3785 3533 3841 beato
3561 3784 3826 3859 Gregorio

2234 3876 2491 3933 Romamn
2522 3879 2667 3934 urbis
2695 3879 2971 3948 episcopo,
3003 3887 3110 3934 etc.

2664 3974 2692 4015 b
2721 3972 3095 4029 DECRETUM
3135 3972 3404 4041 SYNODl,

2236 4068 2635 4138 Promulgatum
2680 4067 2733 4121 in
2775 4066 3003 4120 concilio
3048 4064 3294 4120 Romano
3338 4082 3413 4120 lli.
3458 4064 3575 4119 Kal.
3608 4065 3827 4122 Martias

2770 4172 2909 4211 anno
2938 4156 3135 4210 Christi
3161 4154 3285 4209 6l0.

2306 4248 2573 4313 Quomodo
2615 4247 2768 4301 liceat
2819 4246 3086 4299 monachis
3134 4262 3248 4300 cum
3294 4246 3603 4300 sacerdotali
3654 4248 3824 4317 otiis-io

2234 4342 2405 4394 ubiubi
2434 4340 2749 4394 ministrare.

2309 4430 2447 4485 Sunt
2493 4429 2735 4485 nonnulli
2780 4427 2896 4483 lulti
2953 4429 3096 4484 nullo
3134 4429 3381 4497 dogmate
3408 4472 3423 4497 ,
3463 4429 3827 4488 audacissime

2240 4540 2762 4613 Hartlerarisiensis
2789 4540 3052 4613 senatoris
3099 4540 3439 4613 eruditissimi
3467 4542 3650 4613 :qnod
3700 4557 3824 4598 cum

2232 4615 2299 4666 ab
2339 4611 2688 4667 Helsteniano
2734 4611 2786 4664 in
2827 4612 3143 4678 quibusdam
3169 4611 3454 4680 plurimum
3478 4611 3695 4667 differre
3721 4615 3828 4667 ani-

2231 4682 2629 4744 madverterim,
2652 4681 3022 4753 ambigendum
3046 4681 3182 4749 mihi
3202 4696 3305 4735 non
3338 4682 3515 4751 putmi
3548 4682 3674 4753 quid
3698 4683 3830 4737 illud

2229 4754 2392 4808 etiam
2421 4753 2536 4817 tibi,
2568 4752 2761 4817 lector,
2789 4749 3035 4805 ollerrem
3061 4766 3074 4802 :

2302 4821 2388 4878 Ea:
2436 4822 2650 4877 concilio
2693 4821 2857 4891 sancti
2908 4819 3162 4891 Bonifacii
3212 4837 3381 4889 papce,
3430 4824 3515 4891 qui
3548 4833 3765 4891 quartus
3794 4839 3827 4875 a

2232 4894 2377 4948 beato
2399 4892 2655 4972 lGregori‘o
2686 4890 2783 4972 fuit
2806 4891 2979 4972 :lqluod
3006 4891 3159 4944 liceat
3190 4890 3456 4945 monac/iis
3485 4890 3658 4946 ubiubi
3708 4909 3824 4947 cum

2229 4960 2537 5017 sacerdotali
2568 4960 2731 5030 oﬁicio
2761 4960 3035 5013 celebrare.

2303 5032 2434 5087 Sunt
2463 5030 2697 5085 nonnulli
2726 5030 2866 5083 stulti
2896 5030 3150 5099 dogmatis
3174 5070 3189 5095 ,
3236 5032 3402 5100 magis
3433 5030 3539 5085 zelo
3569 5033 3825 5085 amaritu-

2232 5103 2368 5156 dinis
2383 5117 2533 5171 quam
2557 5100 2847 5154 dilectionis
2867 5101 3195 5171 inﬂammati,
3217 5112 3500 5155 asserentes
3524 5102 3826 5167 monachos,

2233 5173 2350 5240 quia
2392 5169 2582 5223 mundo
2625 5171 2813 5224 mortui
2858 5179 2995 5230 sunt,
3044 5182 3093 5223 et
3142 5169 3251 5224 Deo
3293 5172 3482 5226 uiuunt.
3514 5173 3829 5226 sacerdotali

2234 5242 2398 5311 o/jicio
2423 5242 2682 5311 indignos.
2715 5256 2876 5309 neque
2903 5241 3250 5309 paenitentiam
3276 5282 3289 5302 .
3341 5252 3431 5294 aut
3460 5241 3830 5295 Christianita-

2236 5310 2355 5375 tém,
2387 5326 2473 5364 seu
2504 5310 2873 5364 absolutionem
2920 5311 3102 5381 largiri
3150 5327 3301 5376 posse
3351 5328 3441 5380 per
3485 5312 3828 5381 sacerdotalis

2239 5382 2389 5452 oﬂicii
2415 5382 2702 5452 injunrtum
2727 5382 2974 5449 gratiam,
3006 5380 3097 5434 sed
3123 5385 3330 5435 omnino
3366 5381 3636 5451 falluntur.
3684 5380 3831 5435 Nam

2241 5451 2286 5506 si
2313 5467 2377 5504 ea:
2403 5451 2497 5504 hac
2526 5466 2683 5522 causa
2702 5457 2892 5522 veteres
2934 5452 3247 5522 armulireru
3294 5452 3652 5520 pra’dicnrem,
3702 5470 3829 5522 apo-

2242 5520 2598 5593 stolicazisedis
2617 5535 2848 5593 _campar
2877 5519 3050 5593 beatus
3082 5519 3359 5593 Gregorius
3390 5523 3693 5576 nionacliiro
3722 5519 3833 5591 pol-

2245 5593 2352 5646 lens
2372 5592 2531 5658 cultu,
2557 5590 2626 5643 ad
2645 5606 2896 5644 summum
2917 5591 3108 5660 apicem
3136 5590 3429 5646 nullatenus
3454 5590 3831 5655 conscenderit,

2244 5664 2325 5716 cui
2354 5660 2581 5717 solvendi
2609 5659 2903 5732 ligandique
2932 5659 3155 5731 potestas
3185 5678 3425 5717 concessa
3465 5673 3558 5718 est.
3594 5662 3833 5732 Augusti-

623 5766 641 5787 ‘
668 5767 829 5822 Verba
845 5781 958 5823 sunt
980 5772 1123 5823 Binii.
1149 5771 1275 5822 Infra
1299 5778 1464 5825 autem
1488 5774 1640 5823 habes
1662 5772 1776 5823 illud
1796 5773 2049 5825 decretum
2074 5787 2101 5825 a
2126 5775 2278 5827 Ματιδὶ
2303 5775 2500 5827 editum.
