4118 6332
242 334 343 395 105

1453 312 1740 375 SCRIPTA
1776 307 1942 380 (ὶυῶ
1981 305 2293 365 EXSTANI

3408 288 3512 360 tot;

237 446 445 522 quidem
469 486 485 511 ,
535 441 653 500 zelo
689 440 861 512 magis
901 434 1279 496 amaritudinis
1317 447 1482 505 quam
1527 430 1819 487 dilectione
1846 438 1898 497 Α
1923 434 2011 482 tur
2056 421 2435 522 verisimilibus
2466 422 2879 522 demonstratur
2904 418 3330 522 assertionibus.
3374 418 3513 477 illud

237 537 569 604 inﬂammati,
599 542 904 591 asserentes
948 530 1260 595 monachos,
1289 528 1415 598 quia
1443 524 1646 581 mundo
1674 539 1819 580 mor—

237 633 307 689 tui
332 640 478 694 sunt,
517 640 573 686 et
611 628 722 683 Deo
744 628 963 692 vivunt,
995 621 1347 680 sacerdotalis
1376 620 1537 675 oﬂicii
1580 618 1820 691 potentia

235 727 497 796 indignos,
531 738 705 793 neque
727 718 1121 791 paenitentiam,
1153 730 1329 786 neque
1357 713 1821 770 Christianitatem

236 818 432 888 largiri,
477 830 652 885 neque
679 813 963 869 absolvere
993 823 1154 881 posse
1182 822 1279 879 per
1302 805 1622 863 sacerdotali
1643 803 1822 860 officio

235 912 487 969 divinitus
516 911 809 977 injunctam
839 909 1163 976 potestatem
1190 918 1203 956 :
1245 901 1339 956 sed
1381 898 1601 955 omnino
1632 897 1824 953 labun-

236 1013 334 1060 tur.
368 1002 501 1059 Nam
529 1001 573 1059 si
602 1018 669 1056 ex
706 999 808 1054 hac
837 1010 996 1053 causa
1017 1002 1231 1050 veteres
1258 991 1437 1048 aemuli
1463 1007 1591 1047 vera
1624 989 1823 1062 praedi-

186 1118 191 1123 ο
234 1102 442 1162 carent,
464 1091 771 1163 apostolico
785 1102 1007 1158 compar
1023 1085 1165 1141 sedis
1177 1083 1522 1141 beatissimus
1534 1079 1829 1154 Gregorius

234 1186 552 1244 monachico
571 1184 722 1241 cultu
751 1182 959 1253 pollens
985 1179 1054 1235 ad
1090 1192 1356 1235 summam
1383 1176 1687 1232 nullatenus
1719 1175 1828 1246 api-

234 1295 355 1338 cem
401 1275 817 1335 conscenderet.
859 1271 1126 1341 Quoniam
1167 1268 1384 1340 quidem
1421 1269 1537 1325 hmc
1587 1266 1828 1323 ostiatim
1892 1302 1897 1305 λ

234 1367 508 1438 fungendi,
534 1365 755 1435 ligandi,
785 1362 1137 1433 solvendique
1160 1369 1405 1433 potestas
1425 1375 1456 1415 a
1486 1359 1597 1416 Deo
1619 1373 1829 1415 summa

233 1462 568 1521 conceditur.
602 1459 931 1530 Augustinus
967 1472 1187 1529 quoque
1220 1455 1463 1526 ejusdem
1504 1452 1831 1511 sanctissimi

232 1555 478 1623 Gregorii
507 1552 798 1623 discipulus
822 1591 837 1615 ,
871 1550 1169 1621 Anglorum
1200 1550 1523 1621 przedicator
1545 1548 1793 1619 egregius
1811 1590 1827 1616 ,

235 1664 297 1703 ac
351 1644 742 1700 Pannoniensis
792 1642 1053 1698 Martinus
1103 1639 1470 1704 beatissimus,
1514 1638 1667 1710 cujus
1713 1654 1833 1695 san-

233 1741 439 1797 ctitatis
484 1740 626 1793 fama
686 1736 847 1806 longe
894 1736 1110 1805 lateque
1156 1734 1346 1790 dillusa
1393 1741 1536 1789 totus
1575 1741 1832 1805 personat

1921 533 2052 574 vero
2081 516 2273 571 tunica:
2296 512 2439 583 quod
2466 513 2699 569 brachiis
2723 512 3048 575 extenditur,
3092 511 3207 565 alas
3233 510 3366 566 duas
3390 526 3514 568 esse

1923 607 2192 663 dicimus:
2231 614 2287 661 et
2327 605 2454 659 illud
2485 603 2698 658 tandem
2725 618 2833 673 quo
2862 602 3112 658 conditur
3140 617 3369 673 corpus,
3413 617 3514 665 se:

1924 703 2129 759 alarum
2158 714 2442 755 numerum
2473 699 2773 755 certissime
2800 699 3024 768 implere
3068 698 3348 754 asseritur.
3406 697 3512 753 De-

1926 804 2195 853 certantes
2240 793 2398 864 igitur
2424 792 2751 847 monachicae
2789 788 3135 860 professionis
3172 789 3545 861 presbyteros-

1926 884 2277 945 sacerdotalis
2306 883 2562 954 potentiae
2585 896 2773 937 arcere
2809 879 3011 950 cilicio,
3042 880 3351 936 omnimodo
3377 894 3517 950 pne-

1929 978 2185 1051 cipimus,
2215 983 2274 1031 ut
2312 975 2383 1030 ab
2410 971 2780 1042 hujuscemodi
2808 972 3050 1029 nefandis
3090 972 3307 1028 ausibus
3344 972 3522 1043 repri-

1928 1076 2146 1125 mantur
2194 1067 2251 1122 in
2295 1073 2592 1136 posterum,
2636 1063 2763 1133 quia
2792 1072 2994 1135 quanto
3019 1063 3245 1136 quisque
3294 1064 3523 1134 celsior,

1930 1168 2085 1218 tanto
2112 1158 2413 1232 potentior.

2194 1311 2530 1371 EPISTULA
2566 1311 2660 1368 EX
2697 1309 2930 1367 EODEM
2967 1310 3279 1369 CONCILIO

2076 1447 2213 1487 DATA
2254 1447 2323 1485 AD
2359 1443 2784 1495 ATHELBBRTUI,
2845 1442 3022 1483 REGE]!
3080 1442 3383 1485 ANGLOBUI.

2008 1565 2236 1623 Domino
2291 1563 2777 1621 excellentissimo'
2805 1570 2968 1632 atque
3029 1563 3529 1634 prmcellentissimo

1935 1658 2049 1728 regi
2077 1656 2371 1727 Anglorum
2399 1655 2716 1712 Atbelberto
2747 1652 3053 1711 Bonifacius
3084 1655 3372 1726 episcopus
3420 1672 3537 1716 ser.

1936 1765 2036 1806 vus
2064 1763 2345 1805 servorum
2377 1746 2492 1804 Dei.

233 1831 502 1897 mundus;
552 1830 641 1884 alii
682 1843 898 1900 quoque
938 1827 1053 1897 jatn
1096 1826 1315 1897 plurirni
1353 1826 1683 1883 sanctissimi
1714 1840 1833 1895 pre-

2010 1840 2146 1896 Dum
2205 1841 2625 1897 Christianitatis
2680 1850 2873 1897 vestra:
2927 1841 3209 1913 integritas
3262 1844 3336 1898 ita
3394 1845 3541 1905 circa

235 1923 529 1978 tiosissimo
560 1921 950 1975 monachorum
979 1917 1165 1973 habitu
1194 1916 1459 1987 fulgentes
1486 1931 1831 1986 nequaquam

236 2015 438 2070 annulo
480 2011 777 2085 pontificali
824 2010 1269 2075 subartarentur,
1313 2011 1359 2065 si
1404 2012 1533 2079 quia
1579 2008 1833 2065 monachi

238 2109 457 2165 fuerunt
505 2106 775 2176 praedictis
837 2105 911 2159 uti
960 2104 1396 2175 prohiberentur.
1457 2102 1643 2173 Neque
1688 2104 1833 2158 enim

238 2203 567 2260 Benedictus
594 2202 983 2258 monachorum
1016 2210 1317 2271 praeceptor
1347 2198 1610 2256 almiflcus
1654 2199 1835 2269 hujus-

241 2294 454 2351 cemodi
496 2294 575 2348 rei
618 2292 802 2363 aliquo
846 2291 1008 2347 modo
1050 2291 1153 2346 fuit
1191 2289 1548 2357 interdictor;
1601 2289 1694 2346 sed
1739 2305 1834 2347 eos

238 2384 574 2443 stccularium
616 2383 955 2452 negotiorum
988 2382 1156 2438 edixit
1184 2390 1436 2453 expertes
1470 2381 1588 2436 fore
1625 2380 1832 2436 solum-

243 2477 432 2533 modo.
461 2476 616 2544 Quod
662 2474 876 2546 quidem
907 2474 1218 2545 apostolicis
1246 2472 1609 2541 documentis,
1639 2481 1694 2527 et
1719 2488 1835 2528 om-

184 2544 197 2557 .
248 2567 399 2624 nium
422 2544 730 2623 sanctorum
751 2544 967 2619 Patrum
1003 2564 1285 2633 institutis,
1316 2579 1422 2618 non
1454 2563 1626 2619 solum
1653 2577 1836 2618 monav

244 2657 387 2729 chis,
422 2671 609 2712 verum
632 2656 793 2709 etiam
817 2654 1091 2710 canonicis
1122 2655 1489 2725 maximopere
1515 2655 1831 2724 imperatur.

247 2745 419 2802 Nemo
458 2751 594 2801 enim
629 2746 862 2800 militans
892 2743 1001 2800 Deo
1027 2745 1260 2815 implicat
1284 2762 1340 2799 se
1374 2746 1593 2817 negotiis
1621 2746 1838 2800 secula-

240 2840 406 2896 ribns.
454 2836 705 2908 Utrisque
738 2838 901 2891 etiam
934 2835 1281 2906 praefatorum
1331 2836 1547 2892 Patrum
1578 2836 1838 2909 exemplis

241 2928 646 3003 perspicacibus
694 2928 1114 2999 circumquaque
1146 2936 1203 2982 ut
1249 2927 1452 2984 mundo
1495 2930 1693 2985 mortui
1730 2929 1840 2985 sint

242 3021 648 3080 evidentissima
698 3021 908 3075 ratione
957 3019 1282 3090 praecipitur.
1334 3018 1631 3076 Tantorum
1677 3020 1839 3089 igitur

242 3115 465 3174 Patrum
495 3114 721 3170 instituti
752 3114 1015 3184 exemplis
1035 3157 1050 3181 ,
1098 3113 1292 3182 quibus
1323 3112 1839 3183 periculosissimum

1940 1931 2238 1989 conditoris
2282 1932 2367 1987 sui
2411 1931 2615 1986 cultum
2657 1940 2984 2001 excrevertt,
3033 1942 3092 1988 ut
3137 1933 3298 2004 longe
3324 1934 3543 2005 lateqnd

1937 2023 2302 2095 resplendeat,
2354 2031 2409 2078 et
2438 2023 2492 2077 in
2522 2023 2670 2079 omni
2709 2024 2912 2079 mundo
2943 2025 3292 2092 annuntiata,
3350 2034 3543 2083 vestrm

1938 2118 2051 2175 Deo
2098 2120 2270 2189 digna:
2314 2120 2648 2189 operationis
2676 2128 2963 2191 augmenta
3012 2120 3236 2187 referat;
3289 2138 3545 2181 enormes

1938 2210 2181 2280 largitori
2228 2210 2469 2266 omnium
2516 2210 2781 2266 bonorum
2827 2210 2942 2267 Deo
2980 2220 3161 2281 grates
3188 2212 3539 2280 exsolvimus,

1938 2304 2031 2373 qui
2077 2318 2176 2358 vos
2204 2302 2272 2358 de
2300 2303 2517 2359 excelso
2547 2304 2855 2373 prospexit,
2907 2311 2964 2358 et
3008 2304 3064 2357 in
3110 2312 3259 2359 tanta
3287 2307 3547 2367 virtutum

1939 2395 2176 2453 culmine
2222 2397 2415 2451 erexit.
2468 2394 2829 2468 Quapropter,
2882 2397 3120 2468 gloriose
3149 2399 3243 2468 fili,
3276 2405 3420 2473 quod
3476 2404 3547 2462 ab

1939 2491 2239 2563 apostolica
2285 2491 2415 2548 sede
2461 2506 2560 2562 per
2603 2493 2984 2565 coepiscopum
3014 2504 3258 2552 nostrum
3278 2496 3551 2557 Mellitum

1938 2585 2287 2657 postulastis,
2339 2585 2528 2641 libenti
2573 2586 2757 2642 animo
2803 2588 3190 2646 concedimus:
3220 2591 3276 2646 id
3322 2602 3398 2648 est
3425 2632 3442 2659 ,
3490 2582 3552 2652 ui

1940 2685 2118 2734 vestra
2147 2678 2450 2749 benignitas
2477 2679 2531 2733 in
2559 2681 2889 2737 monasterio
2916 2682 2970 2737 in
2993 2682 3389 2740 Dorovernensi
3416 2686 3553 2744 civi-
3602 2722 3603 2725 η

1940 2778 2054 2825 tate
2082 2770 2400 2837 constituto,
2444 2770 2592 2840 quod
2619 2780 2840 2829 sanctus
2865 2772 3060 2829 doctor
3086 2785 3267 2832 vester
3295 2777 3553 2846 Augusti-

1943 2877 2064 2927 nus,
2095 2860 2270 2917 beatae
2302 2862 2577 2918 meruerim
2605 2860 2854 2934 Gregorii
2882 2865 3197 2935 discipulus,
3229 2870 3402 2924 sancti
3433 2868 3555 2926 Sal-

1940 2955 2146 3011 valoris
2194 2955 2399 3010 nomini
2439 2958 2795 3026 consecravit,
2844 2958 2931 3013 cui
2960 2960 3030 3014 ad
3061 2975 3297 3030 prmsens
3322 2977 3557 3032 prteesso

1942 3046 2279 3117 dignoscitur
2325 3046 2706 3103 dilectissimus
2742 3046 2909 3103 frater
2962 3058 3148 3105 noster
3186 3050 3507 3110 Laurentius
3530 3094 3555 3123 ,

1944 3138 2173 3195 licenter
2213 3155 2313 3209 per
2359 3139 2541 3195 omnia
2584 3140 2969 3196 monachorum
3015 3142 3335 3211 regulariter
3372 3144 3559 3201 viven-

245 3219 327 3265 θδῑ
357 3207 1024 3302 ’ξξῖῖτθεθτίνηπεάίΨ-Ρῖδ
1067 3206 1443 3302 εξοετάριίδυε
1478 3207 1921 3302 ¹¹¹⁰¹ξ³⁰¹¹ξ⁵μ¹ί⁴ο
1953 3233 2086 3288 tium
2134 3206 2526 3287 habitationem
2577 3238 2779 3287 statuat
2823 3247 2835 3283 :
2880 3206 3178 3302 apostolica
3232 3235 3560 3292 auctoritate

244 3298 409 3369 gaudi
452 3296 804 3366 solvendique
832 3295 1074 3352 officium
1106 3295 1218 3351 Deo
1252 3296 1556 3367 imperante
1597 3296 1741 3351 haud
1770 3297 1847 3352 in-

245 3392 412 3461 digne
456 3390 851 3456 administrari,
900 3390 946 3444 si
993 3404 1088 3445 eos
1128 3390 1287 3460 digne
1313 3389 1606 3460 contigerit
1635 3389 1702 3445 ad
1744 3391 1850 3447 hoc

247 3485 615 3543 ministerium
665 3483 962 3539 sublimari.
1011 3482 1166 3550 Quod
1211 3484 1584 3539 incunctanter
1607 3482 1852 3553 ;allirmat

246 3580 494 3649 quisquis
516 3586 716 3634 statum
742 3577 1131 3632 monachorum
1153 3584 1209 3632 et
1228 3576 1467 3632 habitum
1493 3584 1851 3647 potentatum-

246 3688 360 3743 que
412 3671 692 3728 evidenter
738 3670 1060 3730 considerat.
1128 3669 1290 3726 Verbi
1337 3670 1507 3740 gratia
1554 3687 1568 3724 :
1632 3668 1854 3739 angelus

247 3764 464 3833 Graece,
494 3764 683 3819 Latine
713 3765 930 3818 nuntius
950 3763 1164 3818 dicitur.
1198 3762 1519 3819 Sacerdotes
1548 3762 1711 3832 igitur
1733 3778 1852 3818 inoo

248 3859 417 3917 nachi
446 3867 609 3929 atque
653 3858 939 3922 canonici,
982 3858 1071 3926 qui
1101 3857 1339 3927 quotidie
1366 3864 1564 3911 sancta
1593 3855 1688 3910 Dei
1715 3870 1853 3925 prae-

249 3957 415 4021 cepta
438 3951 775 4012 annuntiant,
801 3949 977 4019 angeli
1006 3956 1287 4015 vocantur,
1321 3948 1533 4004 ratione
1547 3963 1655 4003 non
1678 3948 1857 4003 incon-

249 4058 407 4114 grua.
434 4042 539 4098 Sed
570 4043 935 4114 unusquisque
962 4042 1236 4111 angelieus
1254 4042 1388 4099 ordo
1413 4051 1615 4112 quanto
1644 4042 1859 4099 clarita-

253 4142 369 4189 tem
399 4132 493 4187 Dei
520 4132 747 4187 vicinius
775 4133 1189 4202 contemplatur,
1223 4140 1374 4189 tanto
1401 4132 1661 4203 dignitate
1688 4133 1857 4189 subli-

251 4221 402 4278 mior
446 4220 766 4277 affirmatur.
818 4221 953 4276 Nam
993 4222 1069 4277 uti
1107 4222 1418 4292 cherubim,
1474 4223 1726 4279 monachi
1763 4240 1863 4281 sex

252 4309 361 4367 alis
388 4310 657 4368 velantur.
691 4312 818 4367 Duae
840 4311 1058 4382 quidem
1086 4311 1142 4370 in
1161 4314 1362 4385 capitio
1392 4329 1499 4385 quo
1528 4322 1692 4386 caput
1720 4315 1863 4386 tegi-

255 4486 360 4524 nus
422 4485 618 4539 quoque
664 4470 894 4539 ejusdem
940 4469 1253 4523 sanctissimi
1300 4467 1540 4539 Gregorii
1583 4469 1866 4536 discipulus

256 4538 552 4611 Anglorum
580 4538 887 4609 pra’dicator
914 4540 1170 4609 egregius,
1216 4546 1265 4592 et
1306 4538 1688 4592 Pannoniensis
1718 4539 1867 4593 Mar-

261 4593 427 4669 tinus.
462 4593 649 4681 aliiq'ue
678 4593 1168 4681 quamplurintitiri
1192 4611 1504 4662 sanctissimi
1526 4611 1867 4681 pretiosorum
1895 4593 1943 4652 ί)

257 4679 640 4751 monachorum
668 4679 843 4733 habitu
876 4681 1127 4751 fulgentes
1157 4696 1475 4751 nequaquam
1503 4679 1693 4751 annulo
1740 4697 1869 4748 pon—

260 4750 458 4819 tilicali
497 4749 938 4805 subtraherentur.
956 4749 1156 4821 'Neqne
1183 4749 1317 4804 enim
1351 4749 1653 4821 Benedictus
1682 4766 1867 4803 mana-

259 4821 485 4893 chorum
521 4831 805 4890 prwceptor
840 4822 995 4893 hujus
1037 4820 1109 4875 rei
1146 4822 1317 4883 aliquo
1366 4820 1517 4893 modo
1561 4820 1664 4893 fuit
1709 4822 1872 4873 inter-

260 4892 468 4963 dictor._
494 4895 581 4963 sed
610 4908 695 4945 eos
724 4890 1048 4947 sterula'rinm
1090 4893 1410 4963 negotiorum
1457 4890 1591 4943 dixit
1637 4901 1872 4963 expertes

259 4977 383 5016 esse
433 4960 616 5015 debere
632 4978 656 5035 ξ
681 4963 815 5032 quod
863 4963 1063 5035 quidem
1093 4960 1411 5035 apostolicis
1441 4961 1873 5035 documentis“

259 5040 573 5085 sanctorum
623 5032 837 5087 Patrum
875 5032 1167 5095 institutis,
1219 5049 1325 5088 non
1373 5032 1539 5085 solum
1581 5032 1870 5096 universis,

259 5118 450 5173 rerum
477 5105 633 5156 etiam
661 5105 924 5158 canonicis
953 5119 1272 5169 suntmopere
1299 5105 1600 5173 imperatur.
1636 5101 1876 5172 Utrisque

260 5171 415 5227 enim
464 5174 847 5242 perspicacibus
897 5183 1192 5229 sanctorum
1245 5171 1461 5226 Patrum
1505 5171 1878 5241 exemplis,ut

259 5242 491 5312 mundo,
515 5241 703 5296 mortui
733 5246 834 5298 sint
860 5245 1172 5312 prwcipitur.
1206 5241 1472 5298 Credimus
1511 5244 1666 5309 igitur
1708 5259 1739 5295 a
1784 5259 1876 5297 sa-

262 5311 568 5384 cerdotibus
598 5315 862 5369 monachis
889 5315 1087 5381 ligandi
1118 5316 1444 5384 solvendique
1472 5313 1693 5383 ofﬁcium
1724 5312 1877 5384 digne

261 5383 661 5456 administrari.
709 5388 755 5439 si
806 5396 978 5440 tamen
1022 5387 1180 5456 digne
1226 5383 1493 5456 contigerit
1541 5400 1629 5438 eos
1657 5385 1752 5456 hoc
1780 5383 1878 5438 mi-

263 5451 494 5511 nisterio
541 5454 825 5512 sublimari.
881 5457 1030 5521 Quod
1078 5451 1334 5512 euidenter
1368 5451 1607 5525 'aﬁirmat
1649 5455 1877 5523 quisquis

652 5947 932 6037 hunc.
982 5949 1249 6015 LXXX.
1362 5942 1405 5972 “"

1952 3325 2327 3392 decernentes,
2358 3331 2419 3378 ut
2446 3324 2548 3394 ipsi
2574 3332 2771 3379 vestra:
2799 3324 2986 3380 salutis
3014 3324 3399 3395 praedicatores
3439 3344 3561 3387 mo-

1953 3415 2133 3483 nachi,
2166 3415 2553 3471 monachorum
2579 3427 2795 3485 gregem
2827 3415 2931 3471 sibi
2959 3416 3249 3481 associent,
3279 3425 3337 3473 et
3363 3432 3558 3477 eorum

1953 3510 2119 3565 vitam
2164 3517 2410 3567 sanctam
2438 3516 2551 3565 tum
2578 3509 2819 3565 moribus
2862 3516 3146 3566 exornent.
3196 3509 3327 3579 Quae
3374 3513 3563 3573 omnia

1954 3605 2173 3661 decreta
2200 3604 2247 3659 si
2276 3603 2395 3673 quis
2437 3618 2813 3659 successorum
2850 3610 3157 3659 vestrorum
3185 3618 3395 3675 regum,
3444 3607 3565 3666 sivo

1956 3698 2352 3769 episcoporum,
2384 3696 2727 3764 clericorum,
2756 3696 2871 3752 sive
2914 3696 3173 3753 laicorum
3203 3698 3352 3753 irrita
3380 3697 3565 3758 facere

1959 3789 2267 3853 tentaverit,
2300 3804 2332 3844 a
2362 3787 2606 3860 principe
2631 3787 3005 3859 apostolorum
3032 3787 3216 3856 Petro,
3266 3796 3323 3845 et
3347 3805 3378 3844 a
3426 3806 3566 3847 cun-

1959 3882 2060 3938 ctis
2084 3881 2487 3937 successoribus
2511 3880 2621 3936 suis
2643 3880 3005 3937 anathematis
3024 3880 3238 3937 vinculo
3259 3882 3561 3953 subjaceat,

1959 3973 2312 4044 quoadusque
2340 3972 2485 4043 quod
2514 3972 2806 4029 temerario
2845 3987 2979 4029 ausu
3027 3973 3255 4045 peregit,
3301 3973 3415 4032 Deo
3447 3974 3569 4047 pla-

1962 4064 2068 4121 cita
2117 4062 2487 4122 satisfactione
2533 4063 2833 4135 pmniteat,
2880 4073 2936 4121 et
2981 4065 3143 4137 hujus
3184 4066 3569 4139 inquietudinis

1961 4172 2147 4213 veram
2192 4155 2626 4214 emendationem
2673 4157 2855 4214 faciat.
2885 4157 2943 4213 lu
2973 4156 3191 4217 Christo
3220 4160 3420 4231 valeas,
3467 4161 3568 4220 do-

1962 4249 2109 4309 mine
2140 4248 2232 4307 fili.

1969 4474 2174 4541 statum_
2210 4465 2580 4541 monachorum
2629 4475 2679 4520 et
2732 4468 2957 4541 habitum
2985 4468 3320 4541 considerat;
3352 4471 3570 4541 angelus

1971 4539 2106 4590 enim
2135 4535 2332 4609 rtece,
2363 4535 2552 4590 Latine
2596 4538 2806 4609 nuntius
2833 4538 3039 4609 dicitur.
3075 4536 3384 4593 Sacerdotes
3412 4535 3572 4609 igitur

1970 4607 2209 4680 monachi
2241 4618 2391 4675 atque
2420 4608 2672 4680 rationici,
2704 4608 2789 4677 qui
2821 4606 2916 4661 Dei
2946 4619 3199 4678 praecepta
3222 4606 3535 4665 annuntiant
3554 4653 3573 4680 ,

1975 4677 2145 4746 angeli
2198 4687 2505 4750 vocantur_:
2552 4677 2639 4750 sed
2693 4680 3039 4749 unusquisque
3088 4680 3355 4750 angelicas
3400 4677 3571 4746 ordo,

1974 4744 2406 4818 quantorvicinius
2438 4744 2718 4800 Dominum
2748 4744 3182 4817 contemplantur',
3232 4759 3377 4806 tanto
3405 4744 3574 4808 suilli-‘-

1974 4817 2105 4869 mius
2152 4817 2402 4889 dignitate
2447 4818 2743 4887 ﬁrmantur.
2800 4819 3047 4889 Nunquid
3097 4837 3198 4874 non
3229 4829 3282 4873 ut
3312 4823 3575 4877 cherubim

1974 4887 2211 4963 monachi
2261 4902 2351 4963 seu;
2400 4889 2499 4963 alis
2528 4892 2759 4941 velantur
2783 4905 2800 4941 :
2825 4887 2945 4943 dare
2969 4891 3022 4963 in
3052 4891 3265 4963 capitio,
3286 4909 3393 4963 quo
3422 4900 3578 4963 caput

1978 4958 2186 5028 tegitur,
2229 4958 2360 5010 turis
2386 4958 2807 5014 demonstrantur
2832 4960 3219 5015 assertionibus.
3253 4958 3417 5016 illud
3460 4958 3578 5018 vero

1976 5027 2111 5111 quod
2158 5028 2381 5082 brachiis
2430 5029 2721 5111 extenditur
2765 5031 2895 5111 duas
2933 5030 3059 5111 latus
3104 5049 3215 5111 esse
3260 5034 3496 5097 (luimus,
3527 5042 3577 5087 et

1981 5098 2111 5153 illud
2139 5117 2237 5169 quo
2266 5115 2449 5168 corpus
2478 5099 2736 5165 conditur,
2766 5101 2880 5155 alas
2910 5102 3059 5156 duas.
3114 5103 3203 5157 .‘ic
3253 5121 3344 5157 sea:
3371 5105 3577 5158 alarum

1982 5186 2223 5224 numerus
2251 5171 2532 5224 certissime
2558 5172 2847 5241 conﬂatur.
2882 5171 3217 5227 Decertantes
3262 5175 3421 5242 igitur
3450 5189 3576 5226 con-

1982 5250 2065 5313 tra
2114 5242 2393 5295 monachos
2441 5242 2495 5295 in
2534 5242 2630 5295 hac
2658 5258 2713 5295 re
2742 5244 3080 5313 sacerdotalis
3113 5245 3355 5313 potentia:
3403 5259 3579 5313 arcere
3639 5244 3646 5251 ’

1984 5312 2147 5384 officio
2178 5312 2524 5380 prazcipimus,
2555 5321 2610 5365 ut
2639 5314 2701 5365 ab
2730 5312 3079 5383 hujuscemodi
3102 5312 3343 5384 nefandis
3370 5312 3581 5367 ausibus

1980 5382 2033 5435 in
2063 5390 2322 5448 posterum
2345 5384 2690 5452 reprimuntur
2709 5385 2829 5453 quia
2852 5394 3044 5453 quanto
3070 5382 3277 5453 quisque
3308 5383 3582 5452 excelsior,

1982 5462 2123 5507 tanta
2144 5451 2422 5524 potentior.
2722 5451 2730 5453 “
2864 5451 2873 5453 ἡ
3085 5451 3092 5453 “
3142 5451 3331 5509 Litana:
3341 5470 3417 5510 os.
