4118 6332
569 196 665 255 ω
774 244 775 247 γ
1631 206 1908 285 raucus
1949 207 2395 266 EMERITANUS
2447 204 2798 263 DlACONUS.
3760 187 3865 244 tt!

559 314 865 374 luculenter
891 313 1092 369 aditum
1118 311 1438 382 denegastis.
1472 308 1614 366 Ecce
1651 322 1772 377 qua
1813 322 1939 378 pars
1981 314 2162 360 vestra
2189 312 2241 371 Α
2267 318 2370 375 est,
2397 307 2463 364 ad
2495 309 2834 379 pnescntiam
2864 307 3088 379 gloriosi
3118 306 3320 364 domini
3348 305 3456 361 mei
3491 303 3715 361 libertas
3745 321 3865 360 ma-

560 406 898 462 commiSt'rit
935 405 1129 460 vestris
1171 420 1279 459 non
1307 412 1430 457 sunt
1459 400 1728 467 incognita
1761 399 2028 453 mentibus
2055 415 2070 462 ;
2102 404 2157 452 ct
2255 412 2384 460 neat
2441 404 2650 459 itineris
2701 405 3025 472 legatorum.
3068 401 3201 456 Nam
3249 400 3318 455 dc
3359 398 3494 454 locis
3547 399 3692 453 unde
3740 399 3869 453 imi-

564 505 772 552 tantum
801 512 831 550 a
862 495 1014 551 vobis
1041 494 1248 563 injuria:
1270 491 1621 548 acerbitatem
1663 488 1980 559 vehentibus
2008 486 2157 541 insu-

2254 496 2759 552 mastisJuhiniano
2813 506 2868 551 et
2908 497 3261 559 Corneliano,
3306 509 3425 562 qua:
3475 493 3527 547 in
3585 493 3866 562 provincia

561 602 661 658 per
692 595 991 641 vestrorum
1012 585 1080 639 ad
1105 584 1387 654 prmsentia
1418 581 1602 653 inclyti
1632 579 1835 635 domini
1864 580 1969 634 mei
2006 578 2155 647 lega~

2255 588 2556 644 Gothorum
2585 589 2828 645 noscitur
2854 587 3055 644 domna
3080 586 3420 656 Brunigildes
3443 586 3773 656 possedisse,
3807 594 3866 641 ut

564 686 765 746 torutn,
796 678 962 731 vestri
1002 674 1301 732 simulando
1346 672 1563 740 litteris,
1596 671 1736 727 viam
1780 670 1992 739 aperire
2022 684 2157 723 con-

2255 682 2367 736 suis
2396 690 2519 750 post
2546 682 2663 750 ejus
2688 683 2811 750 jure
2835 680 3038 736 aditum
3070 681 3367 735 tribuamus
3398 678 3742 741 hominibus;
3775 695 3868 733 or-

563 773 808 841 queritis.
836 770 1029 827 Videat
1070 769 1364 825 altissimus
1406 783 1437 823 a
1472 767 1681 824 cmlesti
1731 765 1867 819 solio
1907 764 2157 834 princeps

2257 771 2543 828 dinandam
2565 775 2822 828 miramur
2840 782 2984 827 tuam
3001 773 3079 829 sic
3096 788 3196 827 nos
3217 773 3433 827 hortare
3452 768 3868 840 beatitudinem,

563 866 706 924 hanc
727 881 971 930 causam;
996 872 1051 919 et
1074 864 1253 919 divina
1280 869 1488 932 partem
1529 859 1735 914 ultione
1762 856 2037 913 confodiat
2065 852 2155 923 qui

2259 880 2317 924 ut
2343 870 2459 924 loca
2486 885 2605 940 qua:
2635 886 2735 943 pro
2763 870 3063 925 stabilitate
3090 867 3397 925 concordia:
3425 873 3630 922 sancta:
3662 880 3872 922 memo-

566 958 766 1027 injuste
796 957 931 1028 parti
980 956 1203 1011 alterius
1229 956 1376 1011 visus
1412 964 1495 1009 est
1535 950 1783 1009 conferre
1814 949 2152 1014 molestiam,
2258 967 2352 1023 τίω
2382 967 2634 1023 dammas
2678 976 2863 1023 ηοειει.
2902 964 3253 1023 περιηνεάυε
3283 979 3379 1018 ..εχ
3414 968 3464 1017 ,η
3501 962 3628 1032 iure
3660 976 3871 1015 ιηρηιο-

564 1056 621 1104 ει
647 1048 735 1116 αυί
766 1046 1083 1102 εὴθτίίίηθιη
1106 1044 1411 1115 τεθριιοηάίν
1440 1059 1628 1115 Ρτιοοηι
1659 1042 1889 1097 “ca-“'3
1917 1048 2157 1111 Dom-“3"
2259 1067 2390 1113 rata:
2418 1058 2746 1114 contradidit
2774 1057 2987 1113 domnae
3021 1057 3125 1127 (ιιι)
3152 1069 3181 1109 a
3211 1053 3455 1125 partibus
3485 1049 3687 1107 vestris
3715 1064 3875 1104 scan-

564 1138 637 1195 tis
661 1138 942 1193 violaverit
982 1137 1227 1207 captiose
1270 1137 1541 1191 dilectam.
1582 1135 1728 1190 Licet
1755 1135 1882 1189 dum
1924 1131 2156 1188 ﬁliorum

2260 1152 2447 1221 dalunt
2483 1152 2847 1207 nutrientibus
2884 1150 3060 1208 fwdus
3103 1150 3174 1205 sit
3211 1146 3492 1204 charitatis
3521 1145 3827 1216 disruptum
3856 1159 3872 1197 :

560 1243 750 1299 "sum
795 1228 1045 1299 ίάοπιίιυθ
1087 1242 1391 1283 "summ"
1439 1228 1646 1283 ""9735
1673 1226 2025 1296 δοεθβίδδθιην
2057 1238 2156 1278 eo‘
2261 1253 2317 1300 et
2344 1260 2470 1316 pars
2498 1244 2621 1315 jura
2659 1260 2781 1315 quae
2816 1245 3090 1299 stimulum
3123 1241 3307 1297 illicite
3333 1239 3585 1300 sucitat.
3614 1235 3739 1307 jura
3774 1236 3874 1292 de-

560 1337 682 1380 ΐιιηι
714 1320 959 1392 Ιποῑίηυε
996 1318 1286 1376 reforma“
1333 1320 1653 1391 Γθεοτίμιυηι
1684 1319 1829 1389 (1⁸³οά
1866 1320 1910 1374 εί
1943 1333 2153 1374 τηεπιο·
2259 1338 2388 1394 beat
2430 1338 2609 1407 gentis
2654 1336 2933 1407 pos.~idere
2960 1334 3282 1391 Gothorum.
3334 1332 3589 1387 Arbitror
3635 1330 3784 1385 enim
3816 1335 3875 1384 ut

561 1410 667 1467 rati
690 1411 914 1482 gloriosi
948 1411 1217 1485 principes
1242 1421 1590 1482 acceperunt,
1619 1412 1733 1467 sive
1760 1412 1777 1466 i
1800 1431 1811 1462 I
1834 1421 2013 1467 vestra
2042 1408 2159 1465 fue-

2261 1443 2326 1484 ea
2372 1444 2495 1499 qua:
2535 1443 2661 1499 pars
2702 1434 2880 1483 vestra
2932 1424 3130 1493 injuste
3181 1422 3424 1478 nescitur
3464 1418 3773 1483 admisisse,
3828 1416 3874 1473 si

560 1503 636 1559 rit
665 1503 977 1573 cognitione
997 1502 1045 1557 du
1066 1502 1311 1569 ductum,
1335 1504 1483 1558 nullo
1510 1503 1866 1559 denuntiante
1894 1503 2159 1573 comperi-

2264 1520 2556 1577 emendare
2586 1518 2907 1583 malueritis,
2942 1517 3143 1587 poterit
3188 1523 3406 1584 gentem
3435 1521 3789 1578 vestramque
3821 1507 3872 1563 in

560 1609 705 1651 mus.
723 1594 828 1649 Sed
855 1602 908 1649 et
928 1600 1120 1649 vestrae
1142 1594 1323 1665 itaque
1346 1595 1771 1651 honoriﬁcentia:
1799 1595 2157 1664 declaramus,

2262 1613 2527 1669 charitatc
2557 1624 2883 1673 connexam,
2916 1607 3105 1661 eadem
3137 1621 3238 1659 suo
3271 1605 3395 1674 jure
3434 1600 3633 1655 domna
3674 1597 3873 1654 Bruni-

566 1684 614 1740 si
642 1694 855 1740 remoto
890 1684 1245 1743 simulationis
1276 1678 1459 1758 pacein
1489 1695 1617 1760 typo
1645 1687 2158 1743 scrvaredesidera-
2193 1711 2239 1773 Β
2264 1708 2433 1777 ames
2481 1705 2774 1761 defendere
2832 1704 2974 1759 ιοοε,
3006 1700 3084 1758 Te
3131 1700 3357 1770 quippe,
3406 1695 3722 1752 beatissime
3766 1692 3872 1757 vir,

562 1774 653 1841 tis,
686 1791 806 1847 qua:
835 1782 1073 1831 domino
1126 1783 1360 1832 max’uua
1401 1793 1519 1833 sors
1549 1795 1668 1835 esse
1710 1779 2077 1846 cognoscitur,
2107 1788 2163 1833 et

2262 1774 2389 1855 dum
2423 1800 2685 1853 hactenus
2715 1795 2961 1864 benignis
2983 1793 3197 1858 animis,
3228 1800 3285 1846 et
3313 1788 3661 1844 secularibus
3691 1784 3869 1853 evigi-

563 1866 835 1924 Cltristum
863 1869 1131 1939 diligenda
1161 1872 1460 1926 concordes
1487 1887 1609 1927 cum
1639 1869 1831 1926 Gothis
1871 1873 2035 1927 corde
2064 1886 2161 1940 ap-

2263 1888 2467 1943 lantem
2516 1886 2725 1949 studiis,
2775 1883 3044 1954 nimisque
3093 1878 3385 1935 formidare
3431 1876 3870 1943 omnipotentem

561 1960 689 2014 tatis
733 1976 1053 2031 permanere
1098 1961 1323 2029 devoto;
1360 1979 1465 2018 nun
1500 1972 1717 2032 oportet
1747 1971 1805 2018 ut
1841 1980 1904 2019 ea
1951 1971 2158 2017 tantum
2265 1980 2653 2037 meminimus?
2703 1975 2988 2045 Quomodo
3031 1990 3191 2030 ειη-ες
3233 1973 3277 2027 εἰ
3328 1970 3494 2026 tantis
3535 1967 3873 2039 temporibus

559 2047 717 2105 labiis
757 2049 1065 2107 lallenlibus
1096 2051 1415 2121 proferatis,
1460 2054 1554 2109 sed
1587 2068 1773 2124 pacem
1802 2068 1963 2121 quam
2007 2054 2165 2108 nobis
2267 2074 2508 2129 alarius
2573 2071 2856 2139 υιγίυηηθ
2912 2066 3078 2122 ίιιωεει
3140 2063 3347 2133 agentis
3409 2077 3469 2117 es
3506 2059 3619 2116 Deo
3663 2059 3874 2114 dicatus

558 2144 898 2234 servantibus
927 2145 1027 2215 ipsi
1061 2146 1210 2218 prius
1237 2147 1465 2211 irruere,
1501 2146 1756 2216 perlectis
1783 2148 2165 2204 demonstran-
2271 2167 2497 2222 antistes
2524 2181 2554 2218 ε
2597 2161 2951 2234 principibus,
2984 2167 3041 2212 ut
3069 2172 3189 2227 qua:
3218 2172 3325 2224 pax
3370 2153 3497 2209 olim
3540 2167 3570 2206 a
3604 2148 3876 2219 prioribus

558 2233 691 2292 dum
739 2235 995 2305 operibus
1041 2236 1449 2295 detttonstretis.
1492 2238 1716 2310 Dignum
1766 2248 1847 2296 est
1887 2240 2050 2295 vestri
2107 2249 2165 2295 ut

2272 2260 2512 2329 gentium
2548 2233 2789 2311 ιιιιιιι-ιιιιι
2840 2251 3091 2321 gentibus
3139 2248 3413 2317 colligata,
3460 2258 3604 2299 nunc
3655 2246 3876 2296 maneat

560 2326 794 2399 primum
835 2326 889 2381 in
930 2343 1027 2383 sua
1066 2328 1327 2399 dignitate
1354 2328 1659 2387 Gothorum
1702 2332 2057 2388 restituantur
2084 2331 2165 2387 le-
2273 2326 2552 2412 iussum”,
2585 2347 2712 2401 dum
2746 2352 2929 2400 νεεινο
2974 2341 3163 2398 debuit,
3204 2355 3274 2396 ex
3319 2336 3548 2395 consitio
3577 2335 3635 2390 in
3674 2345 3875 2403 perpe-

562 2418 709 2491 gati;
766 2427 821 2474 et
849 2419 991 2475 inter
1018 2419 1235 2477 aflinem
1281 2423 1557 2492 sanguinis
1598 2432 1817 2493 gentem
1852 2431 2164 2480 servantem
2275 2455 2425 2501 mum
2449 2441 2692 2499 existere
2722 2435 3016 2494 roborata?

567 2518 773 2582 pacem,
814 2510 1044 2568 Domino
1094 2512 1408 2583 adiuvante,
1457 2522 1798 2582 vestrorum,
1848 2515 1897 2570 si
1942 2527 2166 2570 necesse

591 2681 644 2690 ετ

1906 2789 2074 2836 ΔΝΧΟ
2117 2789 2344 2833 DOMINI
2392 2787 2514 2831 ναι
2530 2812 2546 2829 ο

844 2892 1794 3057 PAULUS
1929 2880 3505 3054 EMERITANUS
3546 2999 3589 3066 ,

2008 3143 2430 3210 DIACONUS.

752 3316 1262 3403 *NOTITIA
1336 3320 1988 3406 HISTORICA
2062 3322 2181 3405 IN
2259 3314 2769 3402 PAULUM
2842 3305 3701 3404 EMERITANUM.‘

1627 3483 1841 3544 (Antonii
1868 3480 1994 3532 Bibl.
2016 3479 2155 3543 uisp.
2180 3443 2297 3529 ἧι.
2316 3483 2351 3526 l.
2374 3475 2417 3537 ι,
2450 3488 2495 3539 ρ.
2516 3476 2627 3535 373.
2647 3485 2682 3522 ιι
2701 3471 2837 3534 21L)

638 3679 809 3750 Hujus
840 3679 1096 3750 temporis
1121 3678 1322 3738 Paulus
1352 3680 1444 3737 ille
1468 3690 1552 3739 est
1598 3681 1949 3740 Emeritensis
1977 3683 2166 3738 diaco-
2197 3682 2244 3745 C
2274 3692 2460 3749 parum
2509 3675 2725 3746 antiqua
2764 3676 2820 3731 in
2862 3675 2926 3732 S.
2958 3674 3212 3733 Ecclesiae
3261 3677 3528 3737 Toletanis
3566 3682 3883 3743 bibliotheca

574 3791 696 3838 mts,
728 3772 820 3845 qui
860 3773 925 3828 de
947 3772 1071 3828 Vita
1099 3781 1156 3829 et
1184 3774 1459 3831 miraculis
1497 3775 1716 3831 Patrum
1756 3775 2169 3831 Emeritensium
2274 3766 2545 3831 habentur,
2589 3766 2769 3820 eadem
2794 3766 2957 3822 multo
2980 3769 3255 3823 vetustiora
3280 3771 3334 3823 in
3356 3771 3622 3827 nonnullis
3651 3775 3770 3830 aliis
3798 3774 3883 3831 bi-

573 3866 773 3922 lihrum
820 3865 977 3921 nobis
1024 3865 1261 3936 reliquit.
1313 3865 1467 3923 Hunc
1511 3883 1542 3924 a
1587 3868 1771 3924 multis
1808 3866 2168 3924 desideratum

2276 3859 2543 3914 bliotliecis
2568 3860 2947 3930 conspeximus.
2974 3856 3385 3917 LaudantPauli
3409 3862 3549 3919 hanc
3569 3863 3881 3935 historiam,

572 3957 779 4027 primus
823 3954 996 4010 edidit
1043 3956 1317 4012 Barnabas
1358 3956 1583 4015 Moreno
1621 3961 1691 4015 de
1732 3958 1933 4028 Vargas
1962 3956 2170 4012 Emeri-
2275 3949 2565 4005 cumidem
2593 3950 2824 4005 Morales
2862 3950 2980 4006 aliis
3009 3950 3141 4006 locis
3170 3950 3265 4017 (In
3306 3951 3614 4024 Prolegom.
3644 3964 3780 4012 tom.
3808 3957 3883 4025 ll,

574 4047 739 4103 tensis
786 4046 934 4101 urbis
970 4045 1210 4113 decurio,
1242 4048 1335 4117 qui
1359 4048 1599 4116 ejusdem
1630 4064 1848 4121 quoque
1890 4048 2169 4104 historiam
2276 4042 2378 4097 sub
2418 4040 2573 4096 titulo
2603 4040 2707 4095 Las
2754 4042 2954 4113 ayudas
2989 4060 3086 4113 que
3118 4054 3253 4110 tunc,
3304 4054 3361 4101 et
3398 4046 3490 4103 lib.
3522 4065 3602 4116 ιι,
3662 4066 3713 4106 e.
3746 4050 3815 4103 ἠ
3833 4051 3880 4121 ),

579 4138 928 4207 conscripsit,
962 4136 1162 4192 Matriti
1192 4154 1337 4194 anno
1364 4138 1499 4194 i651
1543 4139 1712 4196 ἰιιοιο.
1754 4140 2172 4197 Deindeiterum
2279 4143 2394 4189 tum
2424 4134 2536 4198 alii,
2573 4142 2681 4188 tam
2723 4135 2894 4190 nostri
2947 4150 3111 4206 quam
3146 4138 3319 4192 exteri
3366 4139 3883 4213 seriptorcs(Baro-

576 4230 640 4289 Ι),
675 4230 914 4287 Thomas
959 4229 1215 4287 Tamaius
1254 4232 1323 4288 de
1348 4231 1571 4303 Vat-gas,
1612 4234 1693 4290 vir
1721 4233 2069 4300 clarissimus,
2102 4236 2173 4292 ad
2278 4225 2400 4282 nius
2428 4225 2497 4281 ad
2525 4241 2652 4281 ann.
2699 4224 2803 4279 589
2833 4236 2982 4282 tomo
3012 4227 3125 4283 Vll.
3156 4227 3396 4285 Mariana
3427 4231 3521 4288 lib.
3552 4249 3608 4302 v,
3636 4248 3757 4306 cap.
3784 4232 3882 4289 15.

575 4330 789 4376 veteres
832 4335 953 4378 cum
1003 4320 1247 4378 Gothica:
1278 4330 1390 4376 tum
1423 4322 1625 4379 Latina:
1672 4324 1951 4395 scriptura:
2001 4340 2172 4381 mem-

2283 4315 2482 4371 Padilla
2540 4324 2682 4371 cent.
2734 4333 2824 4383 vn,
2858 4332 2981 4386 cap.
3014 4317 3105 4385 i7,
3145 4318 3438 4390 pluresque
3465 4322 3575 4387 alii,
3606 4337 3745 4392 quos
3772 4321 3883 4379 Ta-

576 4412 776 4468 hrauas
804 4412 1085 4476 collatum,
1119 4428 1184 4467 ac
1220 4410 1455 4485 propriis
1494 4414 1637 4470 notis
1683 4414 2027 4479 illustratum.
2058 4415 2173 4472 An-
2279 4409 2455 4464 maius
2503 4408 2725 4477 οοιιεείι
2771 4410 2825 4464 in
2875 4410 3144 4481 ιπίήεὶρίο
3186 4410 3507 4481 Natarum).
3537 4412 3685 4470 Inter
3735 4430 3884 4485 quos

581 4505 804 4576 tuerpia:
856 4504 996 4573 apud
1030 4503 1289 4558 Joannem
1323 4504 1782 4561 Meursium1658
1826 4505 1997 4560 ἰιιοιιο.
2038 4504 2173 4562 Octo
2279 4500 2643 4573 Hieronymus
2696 4501 2975 4559 Romanus
3019 4504 3443 4574 Augustinianus
3471 4504 3542 4561 de
3581 4506 3883 4577 Republica

577 4596 788 4653 scilicet
816 4596 1063 4666 exempla
1096 4596 1140 4651 is
1169 4596 1238 4650 ad
1286 4611 1477 4652 manus
1527 4597 1735 4664 habuit,
1791 4609 2025 4669 quatuor
2066 4598 2176 4655 Go-
2280 4594 2574 4650 christiana
2604 4609 2772 4663 agens
2791 4595 2883 4650 lib.
2916 4613 2952 4659 ι,
2985 4612 3107 4668 cap.
3133 4595 3219 4661 15,
3255 4598 3310 4652 in
3339 4599 3451 4654 suis
3478 4598 3660 4656 Mundi
3691 4604 3884 4658 rebus-

577 4689 741 4744 thieis
788 4686 1005 4755 litteris,
1047 4688 1271 4743 totidem
1325 4690 1530 4745 Latinis
1583 4700 1823 4746 exarata.
1856 4692 2178 4747 Ambrosius

2279 4684 2527 4755 publicis,
2582 4685 2853 4756 quoddam
2905 4685 3067 4753 hujus
3116 4688 3300 4756 operis
3344 4690 3649 4761 exemplum
3685 4707 3786 4747 ms.
3816 4709 3882 4751 se

581 4779 816 4836 Montes
846 4780 898 4835 in
950 4779 1173 4835 scholis
1201 4780 1267 4833 ad
1298 4782 1467 4836 sancti
1512 4780 1718 4851 Eulogii
1761 4780 2007 4837 Toletani
2056 4785 2174 4853 epi-
2281 4773 2576 4830 redemisse
2620 4776 2728 4840 ait,
2767 4784 2823 4830 et
2868 4776 3036 4831 veluti
3081 4792 3147 4833 ex
3178 4773 3301 4833 Orci
3342 4778 3587 4836 faticibus
3614 4782 3884 4849 eripuisse

582 4872 739 4942 scopi
780 4879 834 4928 et
863 4872 1116 4943 martyris
1163 4883 1329 4941 caput
1362 4873 1593 4942 primum
1634 4872 1753 4928 libri
1784 4864 1821 4927 tt
1849 4872 2178 4929 Memorialis
2282 4886 2312 4924 a
2340 4870 2573 4939 quodam
2619 4869 2911 4941 bibliopola
2958 4870 3346 4940 Complutensi,
3379 4872 3505 4929 dum
3545 4876 3777 4945 perdere.
3820 4877 3881 4932 id

581 4971 915 5027 sanctorum,
938 4963 1162 5017 alterius
1196 4978 1415 5032 quoque
1435 4963 1673 5032 ejusdem
1704 4966 1883 5035 operis
1911 4968 2173 5021 meminit.
2278 4962 2390 5031 jam
2421 4961 2619 5025 vellet;
2643 4969 2807 5031 autne
2835 4979 2957 5019 cum
2986 4964 3106 5021 aliis
3149 4964 3299 5021 libris
3322 4965 3596 5022 Toletana:
3624 4966 3883 5025 Ecclesia:

583 5055 789 5111 Paulus
842 5054 925 5109 hic
972 5053 1315 5111 Emeritensis
1357 5056 1513 5127 (Act.
1546 5055 1699 5126 liisp.
1733 5057 1897 5110 illust.
1932 5065 2042 5112 tom
2086 5057 2173 5121 ιν,
2207 5075 2257 5136 D
2283 5052 2530 5108 donasse.
2566 5052 2751 5122 anue
2779 5070 2847 5111 eo
2867 5055 3078 5111 videtur
3107 5058 3387 5127 proposito
3409 5058 3477 5115 ab
3505 5069 3731 5116 auctore
3761 5060 3877 5115 for-

580 5146 804 5219 p.28:?.)
835 5147 1106 5209 diaconus.
1138 5164 1255 5201 cum
1283 5146 1624 5203 Emeritensis
1652 5146 1898 5202 Ecclesia:
1943 5157 1991 5202 et
2038 5150 2174 5203 nnti-
2281 5157 2459 5210 mata,
2509 5154 2571 5202 ut
2621 5148 2881 5217 exemplis
2939 5164 3122 5205 rerum
3162 5149 3329 5216 domi,
3377 5151 3484 5208 hoc
3533 5161 3618 5209 est
3657 5153 3712 5208 in
3744 5154 3879 5210 urbe

582 5244 758 5297 stitum
782 5243 897 5313 ejus
939 5240 1209 5297 historiam
1258 5243 1568 5311 scripsisset,
1612 5249 1719 5295 tum
1757 5242 1911 5296 etiam
1953 5241 2016 5296 de
2055 5242 2174 5297 aliis
2282 5237 2603 5293 Emeritensi
2670 5238 2987 5297 mirabiliter
3055 5251 3389 5313 patratarum
3462 5244 3621 5300 Iidem
3684 5260 3876 5303 eorum

584 5337 780 5389 sanctis
820 5336 944 5390 viris
993 5335 1230 5407 quadam
1268 5334 1529 5407 adjunxil,
1573 5343 1741 5389 exstat
1765 5334 1920 5389 etiam
1946 5334 2175 5405 ejusdem
2281 5330 2648 5394 conﬁrmaret,
2704 5348 2822 5403 qua:
2876 5332 2946 5390 de
2998 5332 3161 5390 Italis?
3198 5351 3312 5392 sua:
3356 5338 3628 5394 miraculis
3656 5349 3878 5396 sanctus

587 5426 844 5496 confessio
883 5426 1143 5481 catholica
1183 5426 1301 5499 (α).
1360 5427 1490 5492 Quae
1542 5426 1643 5480 duo
1676 5442 1835 5497 opera
1885 5443 2010 5480 mss.
2071 5444 2175 5484 non
2283 5421 2575 5494 Gregorius
2629 5424 2777 5481 libris
2830 5442 2883 5481 tv
2936 5427 3285 5498 Dialogorum
3356 5429 3671 5501 collegerat.
3725 5429 3876 5498 Quos

665 5579 766 5650 (α)
797 5579 1405 5663 _l)iligenter_evolvi_el_.
1450 5584 1677 5640 Andreas
1718 5584 1885 5663 Marci
1928 5585 2179 5663 βαι-ινξςίἰὶ
2282 5589 2459 5663 lenses
2486 5607 2614 5663 mss.
2644 5593 2945 5663 catalogos,
2991 5595 3036 5649 si
3068 5595 3209 5651 forte
3236 5596 3290 5652 in
3320 5596 3460 5651 hanc
3487 5593 3638 5650 Pauli
3670 5593 3878 5653 Emeri~

592 5660 841 5737 eseerpta
869 5655 1248 5711 ebahliotheca
1289 5654 1548 5737 Ioletana
1574 5671 1697 5737 qua:
1748 5658 1802 5713 in
1829 5658 2032 5737 regiam
2068 5657 2181 5737 bla-
2283 5662 2447 5737 tensis
2473 5654 2862 5737 Confessionenvt
2888 5654 3197 5727 catholicam
3247 5665 3568 5727 inciderem.
3612 5664 3723 5726 Sed
3760 5665 3878 5725 fru-

593 5721 877 5783 triteusem
918 5740 1273 5796 concessere;
1312 5734 1425 5791 tum
1466 5721 1677 5799 nostra,
1728 5721 1918 5802 aui-10'
1931 5728 2183 5803 Escmiag
2283 5741 2393 5791 stra
2414 5732 2509 5790 fui.

2158 5841 2232 5871 ο..
