4118 6332
70 6234 81 6261 ii

542 265 649 329 ita
1220 234 1249 266 ⁵
1634 278 1643 288 ο
1762 261 1967 324 PAULI
2004 259 2377 321 EMERITANI
2418 262 2688 321 nucum
3400 232 3409 271 ⁵
3702 258 3809 318 ιω

542 382 691 457 quod
717 381 828 440 eia
856 390 884 422 ⁸
913 381 1200 454 praeposito
1228 381 1404 448 cellae,
1433 378 1728 436 venerabili
1765 379 1920 447 viro,
1949 380 2122 434 fuerat
2151 381 2204 440 Α
2229 378 2408 434 multae
2427 420 2443 446 ,
2465 379 2584 434 vela
2615 377 2915 435 boloserica
2940 376 3353 436 innumerabilia
3376 418 3393 447 ,
3422 384 3481 435 et
3507 390 3602 435 aer
3625 379 3807 435 tennis

543 476 883 546 delegatum,
911 485 1224 545 perageret;
1253 482 1477 545 repente
1516 473 1657 528 hunc
1696 471 1924 540 contigit
1961 484 2125 539 aegro-

542 576 685 626 tasse
712 585 725 622 :
756 581 986 636 cumque
1016 564 1083 621 ad
1106 563 1135 603 δ
1159 580 1280 621 eum
1324 563 1673 629 vlsitandum,
1705 570 1765 616 ut
1804 561 1969 616 moris
2012 568 2123 622 est,

541 662 697 718 multi
739 661 1095 724 ambularent,
1142 657 1492 728 crebriusque
1540 657 1655 724 ipse
1700 668 2001 725 pergerem,
2056 668 2123 708 cn

544 751 741 808 accidit
777 758 937 807 nocte
965 748 1194 820 quadam
1225 747 1490 817 explicitis
1513 745 1817 815 vigiliarum
1846 743 2124 800 solemniis

546 845 692 919 (nam
736 844 789 899 in
812 845 997 900 eadem
1028 850 1214 898 sancta
1251 841 1490 897 Ecclesia
1526 856 1644 896 mos
1686 848 1769 894 est
1792 877 1807 903 ,
1838 845 1896 892 ut
1934 835 2126 893 hiemis

543 943 790 1006 tempore
838 949 1078 990 seorsum
1139 945 1193 997 ο,
1251 930 1572 986 Matutiuum
1641 927 1914 992 cilicium,
1983 924 2126 981 facto

545 1024 834 1080 intervallo
886 1023 1101 1077 modico
1150 1022 1469 1076 admittente
1520 1020 1747 1075 Domino
1800 1014 2124 1086 celebretur)

545 1130 655 1185 quo
702 1114 864 1184 igitur
915 1114 1176 1184 temporis
1222 1112 1529 1177 intervallo,
1572 1125 1693 1165 cum
1740 1109 1808 1163 ad
1841 1106 2127 1162 videndum

541 1222 667 1263 eum
708 1205 1065 1276 perrexissem
1092 1222 1107 1268 ;
1132 1204 1512 1273 ingressusque
1544 1201 1768 1263 cellam,
1805 1200 1855 1254 in
1882 1214 1985 1268 qua
2014 1197 2128 1267 ipse

540 1299 870 1362 recubabat,
902 1305 1157 1360 cunctos,
1196 1296 1287 1364 qui
1317 1294 1575 1360 aderant,
1606 1293 1679 1346 ita
1717 1290 1893 1361 reperi
1934 1304 2127 1360 sopore

541 1389 849 1459 depressos,
872 1397 934 1443 ut
962 1388 1133 1442 nullus
1149 1401 1333 1442 eorum
1362 1385 1426 1439 ad
1446 1382 1698 1438 miracula
1728 1382 1910 1435 fuisset
1937 1394 2131 1449 exper-

543 1480 806 1548 gefactus.
854 1477 1108 1541 introivi,
1143 1478 1318 1531 lumen
1366 1490 1493 1529 vero
1540 1472 1684 1541 quod
1728 1472 1801 1526 ibi
1843 1486 2128 1526 accensum

542 1578 663 1625 erat
704 1569 1025 1625 ex~tinctum
1077 1567 1295 1632 inveni;
1338 1565 1431 1634 qui
1477 1564 1721 1636 protinus
1769 1576 1957 1616 omnes
2003 1568 2129 1616 ante

544 1677 670 1717 eum
719 1663 958 1732 jacentes
1011 1674 1338 1729 consurgere
1387 1658 1605 1721 tuonui,
1654 1664 1710 1711 et
1760 1655 1938 1709 lumen
1984 1651 2129 1723 quod

2224 470 2438 526 ﬂabrari
2466 470 2664 541 frigore
2709 470 2837 527 ﬂatu
2890 487 2989 527 suo
3037 480 3231 529 cuncta
3284 470 3616 541 refrigerans
3664 488 3677 525 :
3730 470 3805 526 ibi

2226 563 2387 619 etiam
2415 563 2522 619 vidi
2551 563 2709 619 sedes
2737 564 3150 620 innumerabiles
3194 550 3399 635 positas
3445 561 3513 617 ad
3560 561 3807 618 dextram

2227 655 2521 727 laevamque
2544 698 2560 724 ,
2593 655 2647 712 in
2680 657 2856 712 medio
2883 672 3013 713 vero
3063 656 3289 711 multum
3319 653 3601 711 sublimior
3629 652 3809 723 posita

2226 752 2605 821 prmminebat;
2637 751 2709 807 ibi
2752 765 2984 821 namque
3020 750 3269 805 astabant
3307 748 3463 819 pueri
3500 748 3813 801 innumera-

2226 840 2381 907 biles,
2413 857 2602 897 omnes
2622 842 2824 905 ornati,
2852 848 2907 896 et
2934 840 3142 910 pulchri
3174 847 3539 911 praeparantes
3564 852 3810 904 mensas,

2227 938 2283 987 et
2299 932 2599 988 convivium
2624 931 2875 988 eximium
2893 936 3040 997 ,‘non
3068 931 3135 986 de
3159 931 3405 1000 qualibet
3433 928 3644 1001 pecude
3667 969 3682 995 ,
3716 926 3815 983 sed

2228 1028 2433 1076 tantum
2484 1023 2551 1077 de
2594 1021 2833 1077 altllibus
2885 1021 3064 1077 omnis
3120 1021 3418 1091 parabatur
3484 1018 3816 1075 ferculorum

2228 1110 2401 1181 copia,
2430 1119 2486 1166 et
2513 1114 2691 1166 omnia
2721 1126 2839 1181 qua:
2863 1112 3188 1182 parabantur
3214 1120 3369 1166 erant
3390 1111 3615 1166 candida
3639 1110 3818 1165 instar

2228 1200 2399 1265 ηἰγίν,
2448 1208 2504 1256 et
2541 1201 2989 1271 prmstolabantur
3034 1200 3319 1256 adventum
3349 1201 3429 1257 sui
3481 1201 3645 1269 regis.
3678 1199 3818 1254 Tum

2229 1294 2422 1351 deinde
2450 1309 2551 1364 ego
2582 1297 2825 1367 indignus
2857 1297 3056 1367 (operae
3081 1296 3315 1367 pretium
3365 1295 3494 1349 mihi
3525 1294 3821 1349 arbitratus

2228 1385 2373 1451 fore,
2413 1396 2572 1441 tantm
2597 1387 2674 1442 rei
2702 1387 3017 1442 miraculum
3044 1426 3061 1448 ,
3092 1386 3135 1441 si
3167 1385 3376 1455 plenius
3417 1383 3686 1438 referente
3727 1381 3820 1436 illo

2231 1476 2490 1552 audirem)
2517 1479 2602 1533 aio
2625 1477 2691 1532 ad
2720 1493 2842 1533 eum
2876 1496 2888 1531 :
2920 1478 3013 1532 Dic
3043 1477 3199 1544 mihi,
3221 1477 3470 1540 obsecro,
3497 1476 3624 1529 dum
3652 1472 3819 1537 istud,

2231 1568 2373 1639 quod
2423 1585 2606 1624 narras
2644 1569 2935 1639 parabatur
2956 1610 2972 1635 ,
3006 1577 3062 1623 tu
3089 1568 3218 1639 quid
3247 1567 3525 1623 faciebas?
3554 1564 3650 1621 Ille
3692 1579 3823 1619 vero

2231 1659 2552 1728 respondit:
2595 1658 2844 1723 Omnium
2888 1658 3052 1730 pedes
3107 1656 3422 1724 osculabar,
3462 1666 3518 1711 et
3555 1655 3630 1709 illi
3678 1654 3826 1709 dice-

546 1757 872 1811 exstinctum
937 1756 1149 1820 fuerat,
1210 1756 1387 1809 denuo
1443 1754 1741 1809 arcenzlere
1798 1752 2052 1822 imperavi
2109 1765 2124 1803 :
2162 1766 2203 1826 ιι
2231 1747 2364 1804 bant
2394 1765 2408 1803 :
2439 1746 2759 1805 Benedictus
2786 1748 2950 1816 Deus,
2977 1748 3070 1818 qui
3112 1756 3164 1802 te
3212 1747 3350 1801 bene
3399 1744 3644 1801 adduxit.
3687 1741 3824 1798 Dum

546 1847 897 1920 adhibitoque
912 1864 1034 1903 mox
1057 1849 1278 1913 lumine,
1305 1847 1579 1917 prchatum
1597 1847 1911 1913 Augustum,
1936 1858 2129 1913 quem-

546 1939 835 1996 admodum
890 1955 950 1996 se
997 1939 1240 2003 haberet,
1271 1939 1578 1994 sciscitatus
1615 1952 1753 1991 sum.
1785 1934 1853 1989 At
1899 1935 1988 1989 ille
2038 1934 2131 1986 in-

543 2031 698 2100 quit:
728 2028 987 2100 Equidem
1034 2038 1293 2098 quantum
1342 2029 1409 2083 ad
1439 2028 1718 2098 praesentis
1752 2026 1983 2096 pertinet
2012 2025 2132 2078 vitae

544 2135 717 2191 spem,
751 2120 923 2174 fateor
945 2120 1017 2173 ita
1042 2119 1154 2186 jam
1182 2133 1371 2173 omnes
1396 2118 1640 2188 corporis
1671 2116 1777 2171 mei
1809 2124 1957 2170 artus
1984 2129 2133 2169 reso-

545 2213 726 2281 lutos,
749 2222 808 2268 ut
833 2214 963 2267 nihil
995 2213 1189 2266 virium
1232 2215 1452 2266 omnino
1491 2209 1841 2273 remanserit;
1874 2216 2130 2277 quantum

546 2317 678 2360 vero
699 2305 932 2374 pertinet
961 2304 1027 2357 ad
1056 2318 1208 2375 spem
1237 2304 1358 2357 vita:
1379 2310 1622 2367 aeternae,
1649 2317 1754 2355 non
1783 2300 1957 2353 solum
1983 2313 2133 2367 spem

547 2393 749 2451 habere
770 2409 855 2449 me
884 2393 1093 2462 gaudeo
1118 2436 1134 2461 ,
1161 2407 1348 2447 verum
1370 2391 1532 2445 etiam
1564 2390 1735 2460 ipsum
1769 2390 1891 2444 vitae
1919 2396 2134 2442 acterna:

549 2495 827 2543 auctorem
864 2485 1148 2541 Dominum
1171 2483 1353 2540 Jesum
1375 2480 1648 2537 Christum
1671 2497 1793 2536 cum
1822 2478 2135 2549 angelorum

550 2580 821 2646 catervis,
866 2586 1029 2647 atque
1071 2577 1311 2631 omnium
1354 2585 1664 2632 sanctorum
1714 2572 2135 2630 innumerabiles

549 2668 952 2734 multitudines,
974 2682 1059 2723 me
1084 2666 1281 2723 vidisse
1303 2666 1586 2722 conﬁteor.
1618 2665 1858 2734 Dumque
1879 2664 1995 2719 haec
2015 2679 2137 2732 qua:

552 2760 780 2833 vidisset
808 2759 1079 2814 audissem
1100 2798 1114 2823 ,
1146 2759 1328 2813 statim
1373 2759 1429 2813 in
1458 2768 1736 2828 stuporem
1765 2771 1950 2811 versus
1974 2755 2138 2811 vehe-

555 2864 769 2912 menter
793 2856 1117 2924 contremui,
1141 2864 1303 2925 atque
1326 2865 1385 2910 ut
1412 2854 1544 2909 mihi
1565 2863 1755 2910 cuncta
1784 2868 1905 2923 qua:
1935 2853 2139 2908 viderat

554 2947 830 3017 sigillatim
857 2955 1124 3011 narraret,
1147 2945 1173 2983 ά
1197 2945 1506 3017 deprecavi.
1530 2945 1610 2999 Ad
1655 2946 1789 3012 haec,
1813 2945 1983 3015 inquit
2011 2945 2135 2999 ille:

553 3037 749 3095 Testor
772 3037 1057 3094 Dominum
1078 3038 1200 3093 ραιῐί
1223 3046 1278 3092 et
1297 3046 1475 3102 terrae,
1522 3051 1609 3093 me
1630 3036 1725 3092 tibi
1748 3036 2139 3107 phantasticam

552 3130 816 3186 visionem
866 3129 1067 3185 nullam
1119 3129 1353 3193 referre;
1408 3127 1539 3194 sed,
1592 3136 1655 3183 ut
1707 3128 1877 3198 magis
1922 3126 2137 3193 credas,

552 3220 729 3279 fateor
755 3222 918 3277 etiam
946 3221 1039 3276 tibi
1063 3237 1150 3277 me
1174 3222 1276 3278 hac
1306 3229 1466 3277 nocte
1494 3220 1716 3276 minime
1743 3219 2047 3276 dormiisse.
2076 3218 2143 3275 Et

553 3312 679 3369 dum
711 3313 825 3369 haec
875 3311 1132 3378 dixisset,
1184 3313 1257 3367 ita
1315 3326 1542 3367 exorsus
1595 3319 1722 3366 est:
1771 3311 1866 3365 Fui
1920 3312 1973 3366 in
2020 3311 2145 3368 loco

560 3420 798 3470 ammno,
822 3404 913 3459 ubi
933 3412 1089 3459 erant
1127 3403 1279 3457 multi
1308 3401 1561 3457 odoriferi
1594 3401 1784 3469 liores,
1811 3401 1991 3456 herbae
2018 3401 2146 3456 viri-

559 3495 822 3559 dissimre,
853 3508 991 3549 rosae
1018 3501 1074 3549 et
1089 3494 1196 3548 lilia
1215 3535 1230 3561 ,
1259 3500 1314 3548 et
1342 3507 1558 3549 coronae
1587 3507 1653 3546 ex
1681 3492 1904 3559 gemmis
1927 3499 1984 3549 et
2011 3508 2145 3548 auro

560 3655 644 3721 qui
670 3655 726 3707 in
752 3657 891 3707 clero
916 3651 1129 3719 puberes
1159 3661 1248 3705 aut
1286 3650 1632 3704 adolescentes
1673 3651 1901 3704 existunt
1922 3692 1937 3717 ,
1968 3667 2142 3706 omnes

558 3720 613 3779 in
645 3740 745 3778 uno
784 3724 1012 3777 conclavi
1042 3723 1161 3775 atrii
1189 3731 1584 3781 commoremur,
1634 3733 1690 3773 ut
1723 3720 1933 3774 lubrica:
1976 3724 2144 3776 (etatis

559 3812 724 3849 annos
755 3809 857 3847 non
904 3794 958 3847 in
1006 3793 1212 3846 iuxuria
1249 3792 1339 3844 sed
1380 3793 1434 3844 in
1475 3792 1760 3860 disciplinis
1788 3792 2142 3845 ecclesiasticis

561 3875 740 3944 agant.
767 3864 995 3930 deputati
1020 3862 1377 3944 probatisﬁmo
1405 3864 1593 3944 seniori
1616 3902 1629 3925 ,
1661 3878 1809 3942 quem
1841 3864 2142 3944 magistrum

561 3931 810 3989 doctrinm
830 3943 879 3985 et
908 3943 1081 3986 testem
1102 3934 1219 3985 vita:
1240 3931 1481 3984 habeant.
1513 3931 1645 3986 llinc
1674 3931 1945 3986 setninarii
1978 3932 2139 3985 cleri-

561 4021 748 4059 corum
778 4003 1040 4058 institutio
1069 4012 1208 4065 orta,
1240 4017 1399 4070 quam
1430 4001 1734 4056 Alexander
1761 4000 1848 4067 ιν,
1873 4011 1927 4056 et
1947 4002 2137 4057 concil.

562 4076 815 4129 Lateran.
849 4089 884 4137 ι,
915 4088 1034 4141 cap.
1070 4070 1158 4135 Η,
1189 4071 1469 4140 disposuit.

636 4145 728 4216 07A
743 4140 1035 4216 prarposito.
1061 4142 1152 4216 Sic
1174 4141 1320 4196 illum
1346 4150 1508 4216 vocat
1528 4141 1719 4198 concil.
1752 4160 1786 4198 ιι
1805 4181 1827 4216 ,_
1852 4140 2053 4216 Iole!”
2086 4157 2138 4198 c.

565 4215 619 4281 ‘l,
647 4211 752 4282 Qui
770 4211 928 4269 etiam
963 4213 1133 4266 senior
1160 4224 1214 4267 et
1237 4213 1481 4283 magister
1499 4214 1636 4283 intv,
1659 4229 1779 4282 cap.
1806 4211 1890 4283 M.
1922 4212 2138 4269 dicitur.

636 4285 662 4323 λ’
705 4283 1031 4339 Visitandum
1072 4291 1125 4335 ut
1155 4285 1310 4337 moris
1330 4282 1445 4351 est.
1471 4282 1726 4337 Nimirum
1758 4291 1813 4338 et
1854 4282 2144 4351 Sapientia:

562 4357 873 4428 praescripo
913 4353 1059 4428 c._7,
1102 4352 1304 4428 Eccles.
1343 4350 1519 4428 :“lVon
1555 4362 1603 4406 te
1632 4356 1803 4428 pigeat
1817 4350 2034 4428 uisitare
2058 4353 2144 4428 in-

563 4421 809 4497 ﬁrmum;
941 4424 1021 4497 his
1048 4424 1199 4497 enim
1228 4425 1282 4497 i_n
1330 4423 1601 4478 dilectione
1622 4421 2142 4497 ﬁfmaberithmle

562 4492 742 4552 ittuttau
763 4495 814 4547 hi
858 4494 1036 4548 Nitri‘c
1064 4495 1203 4561 apud
1233 4495 1592 4550 Sozomeuum
1622 4492 1715 4549 lib.
1750 4511 1819 4555 vt.
1851 4510 1900 4548 c.
1934 4492 1995 4546 ει
2035 4511 2048 4546 :
2078 4493 2139 4549 Si

566 4566 680 4638 quis
711 4566 840 4638 forte
880 4565 1031 4629 absit,
1064 4581 1176 4618 eum
1203 4566 1384 4638 abesse
1401 4564 1555 4631 plane
1578 4565 1789 4638 invitum
1816 4572 2039 4638 constat,
2060 4564 2138 4618 vel

565 4635 892 4703 ajlictatione
938 4638 1108 4705 aliqua
1150 4638 1226 4687 vel
1256 4635 1430 4689 morbo
1476 4637 1837 4704 prtepeditum,
1887 4636 1956 4689 ad
1994 4651 2140 4706 quem

563 4708 828 4760 uisendum
876 4706 1255 4773 curandumque
1300 4722 1401 4759 non
1436 4722 1611 4759 omnes
1652 4708 1827 4761 statim
1875 4716 2023 4769 eunt,
2052 4706 2143 4760 sed

563 4777 721 4831 variis
760 4774 1066 4845 temporibus
1104 4776 1315 4846 singuli,
1341 4776 1586 4846 quidquid
1614 4776 1797 4831 habth
1822 4779 1891 4831 ad
1909 4778 2142 4832 morbum

566 4846 833 4902 levandum
859 4844 1317 4916 accommodatum.
1342 4844 1513 4899 secum
1536 4847 1790 4916 deferunt.

642 4928 664 4955 ε
689 4916 1001 4970 Matutinum
1030 4916 1267 4985 ofﬁcium.
1294 4915 1520 4971 lsidOl‘Us
1558 4915 1609 4971 vi
1634 4957 1649 4980 ,
1676 4916 1820 4983 Orig.
1843 4960 1859 4985 ,
1887 4933 2006 4987 cap.
2040 4918 2136 4974 i9:

567 4986 883 5043 Matutinum
909 4987 1128 5059 ofﬁciunt
1156 4996 1231 5038 est
1256 4987 1307 5039 in
1326 4988 1457 5059 lucis
1494 4990 1640 5042 initio
1669 5007 1700 5042 a
1724 4991 1871 5043 stella
1901 4986 2141 5059 Lucifero

567 5059 1031 5129 appellatmnwuw
1050 5058 1215 5129 oritur
1229 5057 1498 5112 inchoante
1510 5076 1689 5129 mane.
1704 5059 1811 5113 Nec
1828 5057 2144 5115 absiutiliter

619 5126 823 5185 abanus
867 5126 1113 5198 Maurus,
1154 5142 1170 5181 ι
1201 5126 1369 5182 lustit.
1402 5146 1520 5197 cap.
1555 5131 1638 5185 ll.
1673 5128 1777 5182 Pro
1806 5129 1999 5198 quibus
2035 5136 2144 5185 stat

566 5199 957 5254 vetustissimus
970 5197 1388 5253 Christianorum
1410 5208 1642 5254 cmtumn
1662 5215 1806 5264 usus,
1826 5197 1894 5253 ab
1915 5200 2144 5256 ethnicis

569 5271 735 5322 etiam
762 5269 1091 5339 observatos.
1120 5266 1342 5335 Plinius,
1365 5272 1519 5339 epist.
1551 5270 1638 5335 97,
1668 5269 1820 5331 lib.x,
1841 5269 1905 5322 ad
1920 5268 2138 5339 Trajan.

568 5347 625 5409 et
652 5354 721 5392 ex
762 5354 829 5394 eo
859 5338 1167 5399 Tertullian.
1202 5355 1320 5409 cap.
1353 5338 1415 5407 2,
1450 5342 1676 5409 Apolog.
1706 5356 1720 5402 ;
1765 5338 2035 5395 Eusebius
2054 5356 2140 5408 tu,

566 5408 716 5465 Eccl.
752 5409 875 5463 hist.
907 5410 1004 5474 55,
1036 5418 1090 5465 et
1132 5408 1420 5478 Nicepltor.
1453 5408 1518 5474 5,
1552 5408 1670 5479 cap.
1706 5410 1793 5463 l7.
1823 5411 1976 5464 Soliti
2005 5421 2142 5465 stata

569 5481 653 5553 die
705 5491 823 5534 ante
861 5480 1023 5534 lucem
1062 5483 1357 5546 convenire,
1384 5497 1705 5553 carmenque
1734 5481 1965 5553 Christo,
1997 5483 2145 5553 quasi

569 5550 703 5611 Deo,
737 5552 903 5605 dicere
925 5568 1093 5605 secum
1116 5554 1347 5607 invicem.
1381 5551 1545 5615 Bene,
1573 5550 1668 5605 sed
1702 5551 1861 5605 etiam
1890 5555 1938 5605 in
1971 5550 2143 5608 media

570 5629 732 5689 tiocte
783 5622 895 5674 lieri
946 5624 1085 5689 apud
1132 5624 1380 5689 antiquos
1429 5629 1591 5676 testes
1639 5630 1764 5675 sunt
1810 5620 2043 5676 Hilarius
2091 5624 2143 5677 in

572 5688 716 5763 Psal.
771 5705 926 5757 xvnt;
978 5688 1519 5763 Bernarglus,_Serttt.
1552 5693 1616 5747 de
1666 5690 1873 5763 duobus
1923 5691 2145 5763 discip.;

574 5761 936 5834 Qbrysologus
981 5778 1144 5834 serui.
1176 5762 1273 5827 59;
1318 5761 1561 5830 Ephraem
1605 5763 1674 5817 de
1725 5763 1784 5820 Β.
1817 5761 2144 5830 Abraltamo;

578 5828 941 5911 Palladius“
967 5831 1159 5910 Adulio
1186 5828 1449 5893 monacho
1470 5849 1587 5911 cap.
1611 5834 1710 5905 50;
1737 5835 1926 5894 Parad.
1951 5828 2148 5903 Herae,

2172 4531 2220 4591 D

2231 1843 2347 1897 haec
2377 1856 2507 1898 vero
2536 1842 2779 1898 dicerent
2801 1883 2816 1907 ,
2848 1852 2903 1897 et
2941 1857 3103 1897 omne
3147 1839 3506 1896 ministerium
3552 1852 3826 1909 prmpara-

2230 1941 2373 1999 rent,
2403 1932 2581 1989 subito
2611 1933 2828 1988 advenit
2851 1933 3039 2002 ingens
3065 1930 3351 1986 multitudo
3380 1929 3825 1994 candidatorum,

2232 2039 2420 2078 omnes
2448 2039 2579 2079 auro
2604 2035 2658 2079 et
2686 2023 2949 2093 lapidibus
2994 2022 3247 2094 pretiosis
3290 2021 3501 2085 ornati,
3526 2028 3583 2075 et
3609 2018 3828 2075 coronis

2232 2114 2572 2169 rutilantibus
2620 2115 2853 2169 redimiti
2881 2132 2895 2181 ;
2926 2122 2981 2168 et
3008 2129 3113 2169 una
3141 2114 3284 2168 acies
3316 2112 3483 2182 ipsius
3522 2108 3828 2166 multitudi-

2234 2206 2319 2261 nis
2344 2206 2411 2261 ad
2437 2208 2678 2262 dextram
2698 2249 2714 2273 ,
2745 2207 2847 2262 alia
2877 2222 3004 2262 vero
3044 2206 3111 2261 ad
3152 2206 3339 2261 laevam
3373 2214 3583 2277 partem
3615 2205 3830 2273 gradie-

2233 2296 2393 2352 balur
2419 2315 2431 2351 :
2463 2298 2514 2352 in
2546 2298 2724 2353 medio
2754 2309 2933 2353 autem
2981 2314 3167 2353 eorum
3199 2297 3451 2353 veniebat
3479 2297 3561 2351 vir
3587 2294 3830 2365 splendi-

2236 2389 2486 2445 dissimus
2513 2432 2527 2458 ,
2560 2390 2889 2460 nimiumque
2922 2391 3339 2460 pulcherrimus,
3368 2390 3537 2446 forma
3561 2388 3827 2457 decorus,

2237 2493 2459 2554 aspectu
2484 2483 2766 2554 gloriosus,
2795 2492 3002 2539 statura
3035 2485 3313 2556 procerior
3341 2487 3567 2551 cunctis,
3601 2484 3830 2540 lucidior

2236 2576 2374 2642 sole,
2405 2576 2682 2632 candidior
2705 2579 2857 2643 nive;
2881 2593 3113 2649 cumque
3133 2578 3507 2648 pervenissent
3527 2577 3595 2632 ad
3623 2591 3830 2650 praepa-

2238 2675 2385 2722 ratas
2429 2668 2622 2733 sedes,
2651 2666 2792 2723 sedit
2835 2669 3107 2738 pulchrior
3153 2669 3244 2724 ille
3278 2670 3360 2724 vir
3395 2670 3447 2724 in
3488 2669 3830 2725 eminentiori

2239 2761 2397 2818 loco:
2424 2761 2602 2816 cmteri
2645 2761 2986 2832 procidentes
3011 2762 3405 2834 adorantesque
3432 2779 3554 2819 eum
3571 2805 3587 2830 ,
3614 2763 3832 2821 resede-

2238 2862 2366 2909 runt
2423 2851 2477 2908 in
2526 2851 2746 2909 sedibus
2789 2854 2917 2909 suis.
2987 2854 3180 2910 Statim
3243 2855 3477 2926 denique
3552 2856 3830 2912 benedixit

2241 2960 2460 3016 omnes;
2516 2955 2573 3002 at
2617 2947 2692 3002 illi
2740 2947 3099 3005 adoraverunt
3148 2950 3342 3008 semel.
3391 2957 3446 3005 et
3493 2951 3713 3017 iterum,
3761 2965 3829 3005 ac

2242 3037 2434 3104 tertio;
2486 3035 2680 3094 deinde
2727 3037 3050 3095 ferculorum
3098 3042 3419 3112 praeparatio
3456 3044 3704 3111 apposita
3746 3047 3830 3096 est

2170 3156 2216 3219 ρ
2246 3128 2343 3184 illi.
2376 3129 2511 3185 Dum
2539 3129 2827 3200 coepissent
2853 3131 3059 3203 epulari
3084 3172 3101 3201 ,
3140 3132 3278 3188 dixit
3298 3131 3386 3188 ille
3427 3132 3706 3203 speciosus
3744 3131 3831 3187 vir

2248 3219 2340 3287 qui
2368 3219 2591 3276 sedebat
2619 3221 2915 3291 excelsior,
2944 3221 3014 3276 ad
3047 3236 3143 3277 eos
3169 3223 3258 3293 qui
3289 3222 3490 3278 circum
3520 3223 3774 3278 astabant
3810 3239 3825 3275 :

2246 3310 2454 3381 Aliquis
2504 3311 2593 3368 hic
2632 3314 2865 3368 rusticus
2916 3314 3034 3369 est?
3080 3312 3162 3369 llli
3211 3328 3341 3370 vero
3387 3314 3826 3384 responderunt:

2246 3400 2433 3469 Adest,
2467 3400 2715 3463 Domine,
2747 3400 2881 3456 Tum
2912 3402 3125 3458 demum
3154 3402 3244 3460 ille
3273 3421 3288 3458 :
3314 3398 3829 3459 Prassentcturcono

2244 3492 2458 3564 spectui
2482 3505 2624 3547 meo.
2652 3490 2765 3561 Ego
2786 3500 2968 3548 autem
2989 3493 3198 3549 stabam
3223 3508 3255 3549 a
3281 3492 3457 3566 longe,
3480 3500 3537 3549 et
3559 3492 3826 3559 intuebar,

2246 3646 2470 3721 Basilius
2496 3645 2566 3703 de
2594 3647 2878 3721 Monachis
2890 3656 3151 3721 tempore
3185 3648 3558 3721 Chrysostomi
3588 3647 3827 3705 viventi-

2244 3718 2367 3791 bus,
2395 3716 2689 3791 serm._20;
2719 3719 2932 3791 dealiis
2966 3720 3076 3774 alii.
3112 3719 3244 3775 Nam
3271 3716 3407 3777 teste
3430 3718 3668 3791 Hispano
3693 3721 3825 3791 piis-

2243 3788 2382 3845 simo
2411 3796 2533 3844 vate
2561 3786 2850 3843 Prudentia
2877 3807 2890 3842 :

2613 3868 2728 3933 Post
2751 3868 2868 3918 solis
2888 3877 3045 3933 ortum
3069 3869 3236 3933 fulgidi

2612 3932 2788 3995 Serum
2815 3940 2890 3981 est
2912 3932 3073 3983 cubile
3097 3932 3357 3995 spernere,

2615 3992 2670 4054 Ni
2699 3998 2834 4054 parte
2859 3998 3012 4049 noctis
3033 3995 3188 4043 addita

2618 4053 2833 4115 Tempus
2861 4056 3012 4103 labori
3039 4057 3296 4115 adjeceris.

2243 4124 2412 4191 Quam
2463 4124 2906 4179 consuetudinem
2940 4124 3125 4181 Patres
3170 4124 3422 4181 Ecclesia:
3477 4126 3825 4184 Emeritensis

2246 4198 2568 4263 observasse
2597 4194 2719 4249 hinc
2752 4195 2951 4263 liquido
2981 4204 3216 4251 constat.

2314 4262 2340 4302 ά
2376 4263 2679 4335 Deprecari.
2713 4263 2780 4319 Ut
2808 4262 2981 4335 paulo
3020 4275 3145 4320 ante
3180 4267 3431 4322 sciscitavi
3458 4285 3475 4332 ;
3498 4268 3569 4323 ita
3597 4268 3651 4322 in
3695 4268 3825 4323 Mss.

2244 4337 2513 4408 munibus,
2544 4351 2644 4408 nec
2673 4336 2968 4400 in'nnutavi,
3008 4351 3129 4391 cum
3155 4339 3219 4391 ad
3252 4352 3370 4391 eam
3421 4342 3675 4408 scriptum
3704 4354 3826 4393 nor-

2244 4422 2386 4480 mam
2427 4406 2935 4480 animadverterint,
2962 4421 3081 4476 qua:
3113 4408 3168 4462 in
3215 4408 3441 4464 vetustis
3466 4406 3827 4480 scriptoribus

2245 4477 2443 4547 passim
2469 4479 2735 4544 occurrit;
2766 4475 3042 4547 Afranius,

2432 4576 2840 4641 Expcrjurabant,
2864 4577 3184 4629 exsecrabaut
3203 4590 3260 4629 se
3281 4588 3338 4628 ac
3358 4589 3473 4630 suos

2248 4636 2528 4695 Titennius
2542 4678 2559 4707 ,

2431 4731 2595 4783 Laudo
2616 4730 2745 4795 quod
2766 4731 2977 4784 osculari
2999 4733 3234 4797 privignae
3254 4736 3418 4797 caput.

2245 4813 2493 4878 Plautus,

2432 4904 2607 4956 Invoco
2628 4916 2712 4954 vos
2734 4902 2863 4955 lares
2883 4904 3072 4967 Diales,
3098 4912 3150 4955 ut
3172 4918 3253 4957 me
3278 4907 3466 4957 tutetis.

2249 4987 2318 5061 Et
2346 4986 2397 5044 id
2425 5002 2595 5058 genus
2622 4991 2890 5045 sexcentis
2913 4989 3051 5061 apud
3081 4988 3317 5056 Festum,
3346 4988 3636 5059 Nonnium,
3666 4988 3818 5047 alios.

2249 5058 2359 5116 Nisi
2416 5062 2523 5116 hoc
2576 5060 2869 5132 simplicius
2924 5058 3360 5132 interpretemur,
3409 5070 3467 5116 et
3504 5062 3818 5132 scriptorem

2251 5138 2494 5202 nostrum
2522 5146 2643 5202 cunt
2674 5130 2732 5187 S.
2761 5133 3023 5202 Prospero
3045 5130 3097 5185 iu
3128 5145 3239 5200 reg.
3264 5146 3533 5188 commun.
3564 5131 3722 5198 epist.
3756 5132 3820 5187 ad

2250 5198 2392 5271 Map.
2426 5217 2482 5255 η.
2532 5201 2618 5265 15,
2661 5198 3301 5271 θΙὶίδςυθίταςΙθεὶειςίίςίς
3346 5202 3698 5266 scriptoribus
3746 5202 3820 5271 sic

2253 5270 2561 5338 loquentem
2602 5270 2875 5326 audiamus
2906 5291 2919 5326 :
2957 5272 3031 5327 De
3068 5274 3395 5327 accuratione
3436 5273 3678 5327 dictionis
3714 5270 3820 5324 ela—

2251 5340 2433 5395 borata
2470 5359 2575 5397 non
2630 5352 2850 5414 satago;
2897 5359 2990 5397 nec
3041 5344 3164 5397 mihi
3208 5345 3514 5414 pudori‘est
3562 5344 3606 5396 si
3647 5342 3820 5414 dispu-

2251 5418 2377 5485 tatio
2398 5429 2531 5477 mea,
2559 5429 2669 5485 qva?
2698 5412 2828 5483 forte
2853 5414 3100 5483 probatur
3119 5416 3171 5467 in
3193 5412 3340 5467 rebus
3368 5414 3566 5485 aliquos
3590 5412 3820 5485 inanium

2248 5481 2511 5554 verborum
2534 5481 2806 5539 sectatores
2852 5481 3062 5539 horrore
3087 5486 3359 5554 incompta:
3379 5481 3632 5554 orationis
3658 5482 3818 5554 oﬂ'ett-

2249 5553 2359 5623 dat.
2409 5551 2541 5617 Quia
2595 5556 2756 5615 (teste
2804 5554 3061 5620 Gregorio
3113 5551 3325 5623 Magno,
3359 5553 3567 5622 praefat.
3622 5553 3675 5623 in
3728 5552 3816 5605 lib.

2248 5621 2461 5693 Moral.)
2502 5627 2769 5692 indignum
2815 5625 3129 5679 vehementer
3155 5621 3424 5686 existimo,
3454 5633 3511 5678 ut
3538 5622 3689 5693 verba
3727 5637 3819 5693 σφτ

2251 5693 2392 5747 lestis
2437 5689 2635 5766 oraculi
2666 5697 2970 5766 restringam
3003 5695 3091 5747 sub
3120 5692 3643 5766 reguliquonatiald
3668 5689 3818 5751 multi

2252 5779 2321 5836 cx
2345 5766 2573 5835 antiquis
2610 5763 2871 5836 Patribus'
2889 5763 3265 5835 opinabantur.
3311 5765 3453 5825 Suus
3491 5763 3685 5836 cuique
3724 5774 3816 5835 εθη

2249 5835 2401 5907 nius;
2432 5834 2527 5892 sua
2551 5834 2804 5913 cujusque
2830 5834 2942 5894 aevi
2956 5837 3094 5896 ratio
3118 5837 3277 5897 etiam
3305 5845 3407 5899 est.

3200 5971 3253 5993 *κ
