4118 6332
296 356 433 467 tres

1355 410 1441 467 ne
1480 411 1640 471 Vl'l‘A
1668 410 1966 481 PATRUM
1998 361 2547 487 susurramine

3489 421 3594 483 r20

298 490 568 595 'v’juamvis
589 521 700 591 jam
750 536 860 585 non
906 522 1286 589 delectaretur,
1335 532 1390 585 et
1444 525 1669 579 nimium
1708 530 1912 581 onusto
1940 523 2198 595 Arisque
2216 504 2475 585 dominici
2510 538 2907 588 sacramentum
2934 530 3310 589 desideraret:
3340 532 3438 590 sed
3465 534 3591 590 dum

296 612 514 672 ventre
548 621 805 679 ructaret,
835 622 1016 669 tamen
1043 613 1219 671 adhuc
1248 613 1409 669 cdere
1439 622 1497 670 et
1518 615 1703 670 bibere
1722 615 1912 685 cupiec

320 700 416 759 bat
443 721 457 769 ;
482 702 576 757 sed
604 703 730 765 dum
753 712 975 773 gravato
1007 719 1263 774 perquam
1294 704 1416 759 alvo
1440 704 1714 773 langueret
1734 706 1908 778 [Anne

318 793 607 866 lingeret?]
655 794 835 865 potius
884 809 1046 864 quam
1100 784 1470 863 manducaret,
1519 796 1664 849 illico
1715 810 1909 855 oecur-

316 892 479 944 rente
524 886 737 940 somnio
781 885 1184 953 obdormiebat;
1232 894 1342 943 tum
1384 886 1578 947 deinde
1623 887 1908 945 venientes

290 968 484 1032 'canes
535 992 761 1048 qumque
817 984 1129 1047 portaverat
1190 977 1602 1035 comedebant:
1655 976 1907 1037 cttStodes

315 1069 504 1142 itaque
547 1087 578 1127 e
619 1072 837 1141 regione
882 1071 1153 1127 intuentes
1199 1073 1410 1128 vascula
1447 1088 1568 1143 quae
1614 1072 1902 1137 detulerat,

314 1159 621 1217 dormiente
668 1162 757 1217 illo
787 1162 853 1217 ad
886 1162 1102 1217 cellaria
1133 1163 1493 1229 revocabant;
1523 1163 1754 1235 dumque
1790 1163 1906 1219 ιωο

300 1256 489 1328 multa
519 1272 616 1325 per
645 1267 949 1326 temporum
987 1258 1157 1325 Spatia
1188 1263 1591 1326 peragerentur,
1624 1266 1677 1311 et
1725 1256 1902 1315 nullus

313 1360 441 1402 eum
472 1345 761 1416 aliquando
786 1345 896 1415 jam
926 1344 1201 1399 emendari
1233 1344 1495 1411 crederet,
1517 1344 1622 1400 hoc
1651 1344 1902 1417 exemplo

298 1422 511 1494 ’Pastor
536 1447 591 1493 et
617 1436 867 1492 Salvator
888 1437 1061 1491 bonus
1084 1434 1264 1504 (Joan.
1288 1452 1345 1501 x,
1388 1436 1475 1508 ll)
1499 1435 1565 1493 de
1605 1451 1699 1493 ore
1728 1436 1901 1501 leunis

308 1551 440 1596 eum
470 1536 748 1593 abstraxit.
774 1533 984 1589 Accidit
1002 1520 1259 1603 namque,
1284 1541 1343 1589 ut
1366 1534 1452 1590 die
1472 1536 1728 1604 quadam,
1751 1548 1901 1590 more

308 1628 497 1696 solito,
526 1627 700 1699 primo
723 1625 958 1681 diluculo
982 1625 1050 1682 de
1073 1625 1292 1682 cellario
1333 1626 1657 1681 temulentus
1686 1626 1897 1694 exiret;

309 1733 474 1797 quem
505 1726 564 1774 ut
588 1717 841 1774 viderunt
863 1716 1073 1773 ebrium
1112 1717 1262 1787 pueri
1294 1717 1502 1788 parvuli
1529 1716 1640 1790 (qui
1660 1720 1760 1775 sub
1786 1734 1898 1789 pm.

308 1810 644 1882 dagogorum
688 1810 969 1882 disciplina
1016 1810 1070 1867 in
1109 1811 1309 1868 scholis
1347 1811 1540 1868 litteris
1586 1810 1898 1884 studebant)

1994 614 2284 673 .antefatus
2310 618 2482 674 almus
2510 616 2675 675 Pater
2726 628 2941 690 putaret
2984 636 3108 679 eum
3156 622 3471 691 plrreaetrca
3501 635 3593 688 aut

2010 707 2257 779 improba
2302 722 2483 768 mente
2518 714 2571 769 id
2600 713 2864 784 flagitare,
2892 718 3263 786 pcnnitentiam
3296 720 3592 789 plenas-iam

2008 800 2141 859 dare
2185 803 2412 871 distulit,
2442 805 2539 861 sed
2588 808 2919 864 tantumdem
2964 810 3019 865 ei
3062 810 3311 866 viaticam
3365 812 3592 880 gratiam

2009 890 2321 961 impertivit,
2346 911 2411 950 ac
2448 895 2619 951 tribus
2647 897 2836 953 diebus
2866 899 3201 968 totidemque
3232 902 3485 958 noctibus
3511 902 3593 959 la-

2008 984 2204 1054 crymis
2232 994 2287 1039 et
2310 984 2651 1043 confessione
2680 989 2907 1046 mirifica
2942 992 3230 1049 satisfecit.
3260 993 3445 1050 Tertio
3470 1004 3593 1065 post

2006 1070 2125 1133 luce
2146 1074 2232 1131 die
2260 1074 2593 1146 demigratus
2612 1094 2644 1135 e
2670 1094 2923 1149 corpore,
2952 1091 3009 1137 et
3039 1082 3361 1140 valefacicns
3384 1086 3592 1142 cunctis

1996 1165 2279 1232 fratribus,
2323 1170 2402 1225 sic
2447 1172 2526 1226 ait
2562 1210 2576 1225 .
2615 1171 2939 1241 Cognoseite
2985 1176 3132 1244 quod
3179 1178 3362 1233 omnia
3392 1176 3591 1233 delicta

1996 1256 2136 1313 mihi
2166 1258 2383 1315 dimiSsa
2422 1268 2579 1328 sunt,
2620 1270 2678 1317 et
2714 1277 2843 1318 ecce
2870 1278 2980 1334 prre
3022 1263 3229 1322 foribus
3268 1266 3592 1322 sanctissimi

1994 1351 2235 1417 _apostoli
2276 1350 2468 1408 Petrus
2513 1360 2569 1407 et
2615 1350 2837 1422 Paulus,
2877 1369 3090 1411 necnon
3138 1367 3195 1413 et
3246 1357 3591 1415 beatissimus

1996 1435 2325 1503 Laurentius
2352 1442 2764 1501 archidiaconus
2788 1452 2845 1500 et
2883 1454 3089 1516 martyr
3118 1462 3241 1503 cum
3280 1448 3588 1505 innumera-

1998 1528 2095 1587 bili
2113 1531 2265 1587 turba
2287 1533 2695 1591 candidatorum
2718 1550 2807 1592 me
2825 1546 3163 1607 exspectant,
3181 1538 3507 1607 cumquibus
3521 1537 3591 1595 ad

1996 1620 2286 1687 Dominum
2309 1639 2534 1695 pergere
2559 1626 2807 1695 debeam,
2836 1637 2893 1684 et
2926 1630 3043 1685 hare
3066 1628 3256 1685 dicens
3283 1629 3534 1696 migravit
3557 1642 3592 1685 ο

2000 1728 2253 1784 corpore.
2284 1714 2413 1772 Post
2447 1717 2754 1789 quindecim
2783 1735 2915 1777 vero
2943 1728 3038 1775 aut
3069 1734 3138 1776 eo
3163 1719 3399 1791 amplius
3420 1732 3591 1781 annos

2005 1814 2033 1844 ι
2058 1808 2424 1865 memorabilis
2450 1810 2627 1866 amnis
2646 1810 2793 1870 Arias
2815 1810 3041 1868 nimium
3069 1828 3395 1869 excrescens
3419 1826 3592 1881 ripas-

302 1901 415 1977 lrac
452 1902 698 1974 protinus
747 1916 881 1958 voce
930 1901 1405 1959 exclamaverunt:
1436 1901 1728 1958 Considera
1756 1900 1899 1970 judi-
1927 1900 1978 1962 B
2002 1911 2108 1968 que
2141 1897 2279 1954 alvei
2306 1899 2388 1955 sui
2419 1901 2852 1971 supergradieus.
2876 1899 3078 1957 ﬂuenta
3119 1902 3349 1973 liquoris
3370 1902 3479 1958 late
3503 1916 3593 1959 as-

297 1983 455 2051 ἐἰιιιιι
482 1992 719 2048 terribile
742 1991 952 2047 Domini
978 2010 992 2060 ;
1025 1993 1311 2050 considera
1341 1993 1607 2050 tremendi
1632 1993 1897 2050 examinis

306 2083 659 2140 metuendam
728 2082 1092 2153 sententiam;
1152 2084 1433 2140 considera
1502 2084 1895 2141 formidandam

305 2182 473 2245 atque
512 2173 837 2231 horrendam
866 2175 985 2246 ejus
1009 2174 1196 2246 judicii
1236 2176 1482 2233 ultricem
1513 2176 1891 2246 severitatem;

300 2268 590 2326 considera
611 2267 775 2323 etiam
800 2282 973 2325 annos
997 2268 1172 2326 relatis
1199 2276 1326 2337 tuac,
1344 2278 1399 2326 et
1426 2269 1506 2326 sic
1535 2268 1750 2327 tandem
1778 2286 1897 2327 mo-

301 2372 396 2440 res
418 2367 687 2416 commuta
712 2360 765 2415 in
807 2360 1020 2429 melius,
1069 2370 1124 2418 et
1152 2362 1234 2418 vel
1264 2378 1370 2418 uno
1394 2362 1481 2419 die
1509 2372 1635 2419 ante
1663 2370 1894 2419 mortem

298 2448 457 2508 tuam
478 2452 688 2522 corrige
715 2453 880 2508 vitam
921 2462 1087 2521 tuam,
1120 2452 1245 2523 quia
1273 2452 1427 2510 nobis
1454 2453 1744 2511 infantibus
1774 2468 1894 2524 quae

296 2549 369 2601 tu
396 2546 510 2615 agis
546 2560 664 2618 non
694 2545 822 2601 licet
858 2560 1041 2615 agere,
1083 2553 1285 2616 quanto
1314 2546 1484 2616 magis
1522 2546 1619 2602 tibi
1650 2546 1740 2618 qui
1781 2545 1892 2616 jam

298 2642 467 2693 etate
505 2616 695 2708 plenus
740 2651 861 2694 esse
911 2637 1168 2694 cerneris.
1214 2636 1458 2708 Cumque
1509 2638 1614 2694 hoc
1661 2616 1890 2709 audiret,

298 2725 512 2799 pudore
553 2726 718 2784 nimio
762 2737 1053 2799 coopertus
1108 2728 1352 2799 erubuit,
1401 2728 1693 2799 statimque
1738 2745 1890 2786 com-

297 2826 537 2892 punctus
576 2827 679 2885 est,
725 2828 781 2876 et
829 2819 1032 2890 ejulatu
1067 2835 1264 2889 magno
1300 2820 1435 2878 ﬂens
1476 2836 1599 2878 cum
1641 2821 1893 2891 lacrymis

301 2908 525 2966 "elevans
570 2909 758 2966 oculos
799 2925 928 2967 suos
958 2909 1025 2966 ad
1048 2910 1244 2966 coelum
1284 2909 1421 2966 dixit
1450 2928 1467 2966 :
1496 2910 1721 2967 Domine
1758 2909 1890 2967 Jesu

297 2996 536 3065 Christe,
585 3000 822 3055 salvator
875 3000 1196 3067 animarum,
1247 3001 1337 3070 qui
1393 3016 1503 3057 non
1532 3001 1615 3058 vis
1657 3010 1891 3057 mortem

295 3082 623 3165 peccatoris,
651 3093 749 3150 Sed
791 3100 848 3148 ut
890 3101 1194 3149 revertatur
1233 3093 1301 3148 ab
1332 3093 1616 3164 iniquitate
1643 3103 1698 3149 et
1747 3095 1893 3151 vivat

297 3180 516 3249 σείει-[ι.
550 3200 704 3251 xvru,
735 3183 837 3250 24;
860 3200 1047 3251 xxxru,
1082 3183 1206 3255 ll),
1236 3193 1290 3238 te
1320 3199 1532 3254 precor,
1564 3193 1624 3240 ut
1652 3184 1891 3255 corrigas

296 3288 410 3341 me,
441 3287 497 3332 et
542 3277 755 3333 auferas
782 3277 923 3333 istud
965 3276 1377 3347 ignominiosum
1426 3278 1774 3348 opprobrium
1820 3277 1889 3335 de
1918 3273 1964 3336 C
2064 3301 2201 3359 pum
2245 3302 2459 3356 ηονειι,
2499 3316 2725 3357 mnam

297 3367 438 3427 ἠρία
463 3384 579 3426 mea
607 3388 623 3439 ;
649 3379 743 3425 aut
781 3379 948 3438 certe,
989 3370 1033 3426 si
1066 3371 1160 3426 tibi
1191 3371 1389 3440 placet,
1410 3371 1522 3441 jam
1554 3372 1680 3427 tolle
1709 3386 1798 3429 me
1824 3371 1892 3427 de

296 3460 405 3521 hac
434 3463 723 3518 miserabili
754 3464 886 3527 vita,
918 3474 979 3518 ut
1024 3463 1255 3533 amplius
1302 3465 1691 3535 irrrpropcriurn
1735 3465 1893 3522 faciei

296 3564 438 3609 mea:
475 3569 584 3608 non
624 3553 860 3607 audiam.
895 3551 1067 3620 Quem
1092 3555 1275 3609 statim
1306 3554 1481 3609 divina
1508 3556 1682 3625 pietas
1719 3572 1889 3614 exau-

296 3640 419 3701 ﬁre
445 3659 551 3701 non
581 3643 815 3715 distulit;
845 3646 941 3701 sed
970 3646 1037 3702 de
1069 3648 1320 3717 prmsenti
1350 3647 1401 3703 in
1424 3649 1615 3705 eodem
1646 3650 1766 3706 loco
1792 3651 1891 3707 do-

299 3735 420 3794 iure
469 3739 798 3809 percutiens,
829 3739 882 3794 vi
920 3737 1151 3795 febrium
1180 3750 1411 3797 mstuare
1439 3740 1586 3799 fecit.
1627 3742 1890 3801 Nimirum

298 3825 536 3885 dextera:
562 3827 774 3887 Excelsi
805 3831 1108 3887 immutatio
1144 3831 1315 3903 (Psal.
1347 3849 1530 3898 Lxxvr,
1564 3833 1652 3906 ll)
1685 3836 1738 3892 in
1768 3845 1892 3893 tan.

298 3928 416 3980 tum
446 3938 569 3979 eum
607 3926 956 3981 commutavit
992 3925 1047 3981 in
1095 3928 1307 3995 melius,
1339 3936 1400 3983 ut
1439 3927 1737 3985 abhorrens
1770 3944 1891 3986 om-

299 4024 401 4070 aes
451 4015 695 4073 carnales
743 4015 995 4087 delicias,
1042 4015 1290 4089 ﬂagranti
1344 4018 1525 4075 animo
1562 4021 1892 4090 pcnnilcntite

299 4108 600 4166 remedium
645 4126 774 4165 mox
814 4119 1122 4182 appeteret,
1158 4111 1403 4182 corporis
1433 4110 1683 4171 videlicet
1729 4128 1889 4171 cruo-

334 4308 339 4309 ί
378 4256 423 4321 ζ
436 4244 493 4300 Π
481 4246 809 4321 morabilis
811 4246 982 4301 amnis
1008 4245 1144 4303 Arta.
1173 4244 1256 4303 Ex
1282 4244 1580 4306 Prudentio
1608 4245 1803 4321 Hymn.
1835 4249 1891 4305 in

300 4310 366 4375 In
388 4313 448 4373 Β.
477 4315 646 4373 Eulal.
678 4318 745 4373 de
770 4316 1033 4374 Emerita:

550 4427 687 4479 Nunc
712 4428 844 4478 locus
860 4429 1076 4479 Emerita
1102 4436 1180 4483 est
1197 4430 1381 4484 tumulo

555 4491 691 4539 Clara
724 4494 905 4540 co'onir
937 4493 1174 4542 \‘ellorriua

555 4553 707 4610 Quam
731 4568 1042 4605 uenonaerus
1066 4568 1208 4605 sums
1232 4556 1337 4607 Arta

552 4613 779 4679 Ijrmterit
803 4631 814 4664 :
843 4625 895 4665 et
920 4617 1154 4666 viridante
1178 4632 1329 4679 capax

553 4676 764 4738 Gurgite
788 4681 963 4729 mteuia
993 4681 1188 4741 pulchra
1215 4676 1356 4731 lavat.

300 4757 722 4833 ﬂodiejetcnto
748 4763 971 4833 antiquo
998 4763 1215 4818 nomine
1246 4762 1549 4833 adjectione
1576 4764 1727 4821 vocis
1754 4765 1891 4821 Ara-

299 4829 595 4903 bicaeACuid
622 4842 714 4885 aut
735 4831 942 4898 Guada,
966 4850 1085 4903 qua:
1106 4850 1245 4902 aqua
1274 4829 1386 4890 sive
1416 4834 1607 4890 ﬂuvius
1628 4836 1891 4892 Arabibus

299 4910 407 4964 est,
423 4901 702 4976 Caudium;
723 4903 933 4971 dicitur,
952 4901 1006 4959 et
1029 4906 1112 4960 vel
1135 4901 1271 4960 alter
1284 4906 1590 4961 Grzecorum
1617 4907 1887 4976 Alplrmus,

300 4973 500 5041 stepius
553 4974 700 5033 nasci
752 4976 994 5042 gaudens
1048 4993 1190 5031 novo
1248 4993 1356 5030 non
1409 4977 1574 5032 semel
1630 4973 1894 5032 miraculo

267 5044 653 5114 ‘90nspicirur.
688 5044 764 5100 De
788 5061 854 5101 eo
888 5046 1039 5114 plura
1072 5045 1474 5102 Rui-Gonzales
1497 5046 1565 5101 de
1598 5047 1804 5111 Clavijn
1838 5050 1891 5103 in

298 5109 587 5184 Itinerario
617 5109 902 5184 legationis
927 5117 995 5172 ad
1046 5117 1416 5173 Tamerlanem
1458 5128 1701 5177 tempore
1742 5109 1891 5173 Hen-

299 5183 403 5256 ε’ξεὶ
424 5182 488 5239 ιιι
512 5182 760 5243 Cistella:
785 5187 957 5256 regis;
987 5187 1209 5245 Hieron.
1239 5187 1434 5243 Paulus
1451 5189 1516 5243 de
1540 5188 1744 5254 Flum.;
1771 5188 1887 5244 Pet.

299 5244 518 5331 {tedina
540 5274 660 5328 cap.
692 5256 780 5321 '55.
813 5244 906 5331 lib.
941 5244 984 5316 ιι
1024 5244 1135 5317 rér.
1182 5258 1368 5331 Hisp.;
1411 5260 1636 5315 Mariae.
1667 5274 1714 5327 ι,
1735 5244 1795 5316 ἐ.
1825 5258 1891 5329 5;

298 5320 542 5400 Garivai.
575 5320 647 5392 tv,
680 5320 803 5400 cap.
839 5329 947 5398 i9;
982 5333 1095 5389 alii.

379 5394 407 5434 δ
440 5394 773 5474 Temporibus
794 5394 1098 5474 Leoriqildi.
1118 5402 1223 5474 Qui
1248 5403 1464 5473 incmpit
1483 5415 1709 5469 regnare
1730 5401 1892 5459 etiam

298 5467 521 5538 given":
551 5467 712 5526 szva
744 5470 908 5525 fratre
937 5467 1079 5530 anno
1110 5467 1243 5538 568,
1291 5484 1346 5527 et
1374 5467 1528 5529 desiit
1552 5467 1735 5528 vivere
1764 5488 1888 5528 ann.

304 5534 433 5613 586,
457 5540 611 5613 juxta
629 5542 914 5598 certiorem
936 5544 1121 5600 Isidrrl‘i
1143 5554 1199 5600 et
1222 5534 1419 5599 Wulsa:
1439 5545 1780 5613 computandi
1808 5560 1895 5599 ra-

304 5609 554 5685 tionern._
583 5611 720 5666 Sunt
765 5615 856 5685 qui
896 5616 1167 5683 appellent
1210 5609 1597 5684 Leovegildum',
1643 5623 1769 5668 sunt
1804 5617 1897 5683 qui

303 5676 680 5752 Liwigildum;
732 5676 831 5741 nos
872 5676 1252 5743 numismatum
1298 5676 1675 5757 inscriptiones
1726 5676 1897 5742 secuti

302 5764 513 5815 sumus.
948 5780 953 5785 υ

385 5832 407 5862 ε
438 5824 516 5903 Δρ
544 5826 810 5903 Africanis
836 5830 1127 5902 regionibus
1154 5833 1207 5887 in
1234 5831 1547 5903 provinciam
1575 5828 1893 5903 Lusitanam.

292 5882 433 5970 mm
454 5897 572 5960 δίιιο
592 5882 1553 5974 ἐιεώιιόζῑέεὶίίιῐιλίηῖ’γῖίεξε--ίίέ,-εηίί.
1569 5882 1581 5961 εί
1595 5882 1669 5960 ἠέ
1684 5882 1687 5883 ί
1697 5882 1897 5961 mm;

1918 4661 1972 4724 D

1994 1991 2189 2065 persit,
2237 1997 2294 2046 et
2335 1992 2522 2049 ruinas
2562 1992 2759 2049 :edium
2801 2009 2900 2065 per
2926 1994 3144 2050 villulas
3179 1995 3381 2051 vicinas
3421 1992 3591 2051 littori

1997 2094 2099 2143 suo
2128 2080 2325 2138 multas
2360 2082 2519 2150 fecit;
2557 2083 2808 2141 similiter
2831 2098 2889 2140 et
2927 2085 3362 2142 Caulinianensis
3398 2098 3588 2143 monac

1997 2175 2147 2233 sterii
2176 2175 2341 2233 cellas
2376 2177 2602 2247 evertit;
2643 2192 2779 2248 quas
2817 2178 2946 2234 dum
2986 2177 3239 2235 monachi
3284 2186 3589 2236 restaurare

1997 2265 2313 2332 voluissent,
2350 2267 2594 2339 contigit,
2639 2277 2700 2324 ut
2723 2268 2849 2325 dum
2874 2268 3222 2325 fundamenta
3244 2273 3587 2332 construunt.

1997 2353 2054 2411 in
2075 2356 2267 2413 cellula
2295 2372 2400 2427 qua
2429 2375 2594 2430 supra
2620 2360 2801 2417 dictus
2825 2360 3040 2431 iacebat
3076 2360 3251 2432 ipsum
3278 2360 3589 2430 sepulch

1995 2450 2301 2519 aperirent;
2324 2450 2420 2507 sed
2455 2467 2585 2508 mox
2614 2452 2739 2508 inde
2767 2462 3054 2510 nectareus
3079 2454 3217 2510 odor
3236 2453 3438 2523 erupit,
3467 2452 3589 2523 ipso

1994 2552 2131 2594 vero
2179 2540 2391 2610 integer
2411 2549 2468 2597 et
2495 2542 2843 2613 incorruptus
2867 2550 3117 2613 repertus
3152 2550 3254 2609 est,
3282 2557 3347 2599 ac
3371 2542 3420 2597 si
3449 2541 3586 2599 liora

1994 2629 2185 2684 eadem
2213 2628 2400 2685 fuisset
2428 2631 2699 2700 humatus,
2740 2640 2800 2688 ut
2823 2648 2927 2690 nec
2952 2632 3272 2689 vestimenta
3299 2631 3448 2702 ejus,
3477 2644 3585 2693 nec

1994 2722 2179 2799 capilli
2240 2737 2311 2782 ex
2374 2724 2554 2797 aliqua
2605 2734 2762 2798 parte
2827 2734 3180 2786 cernerentur
3229 2724 3398 2784 fuisse
3469 2736 3586 2782 oar-

1992 2815 2160 2887 rupti.

2621 2932 2852 2990 CAPUT
2888 2934 2978 2990 Ill.

1991 3043 2233 3100 Nuncius
2279 3043 2435 3100 abbas
2483 3046 2760 3115 Africanus
2810 3047 3097 3103 Emeritam
3136 3063 3346 3103 vemens
3389 3063 3424 3101 a
3474 3062 3582 3105 σεε-

2061 3116 2240 3199 [eratis
2284 3126 2363 3173 est
2401 3117 2642 3186 occisus;
2679 3119 2767 3190 qui
2813 3135 2937 3176 mox
2974 3122 3259 3177 adierimus
3316 3127 3434 3174 sunt
3475 3133 3582 3175 cori

2065 3196 2224 3258 repu.

2768 3302 3065 3373 studemus,
3106 3306 3282 3378 prisca
3318 3305 3584 3376 majorum

1993 3399 2144 3460 gesta
2213 3393 2588 3449 ouriseramus.
2644 3393 2878 3450 Narrant
2943 3396 3124 3466 itaque
3176 3398 3391 3469 plurimi
3458 3406 3586 3455 ante

1992 3483 2158 3537 multa
2194 3483 2305 3552 jatu
2348 3484 2619 3541 curricula
2660 3500 2927 3542 annorum
2959 3486 2986 3527 δ
3018 3491 3350 3561 temporibus
3396 3489 3587 3547 Leovi-

1992 3574 2586 3646 giidiWisogotlrorum
2632 3579 2773 3648 regis
2802 3580 2869 3635 ab
2913 3589 2937 3618 α
2982 3580 3245 3638 Africanis
3273 3582 3583 3652 regionibus

1994 3665 2048 3721 iu
2080 3668 2410 3736 provinciam
2436 3668 2767 3727 Lusitaniam
2796 3670 2825 3709 ⁴
2853 3672 3122 3729 Nanctum
3148 3688 3388 3731 noszrum
3414 3674 3584 3732 adve-

1993 3760 2136 3815 uisse
2162 3761 2430 3828 abbatem,
2463 3765 2558 3834 qui
2598 3780 2724 3821 cum
2753 3766 3063 3838 aliquandiu
3101 3766 3294 3822 ibidem
3324 3767 3580 3838 degisset,

1993 3852 2299 3911 devotionis
2337 3857 2509 3924 gratia
2545 3857 2613 3913 ad
2657 3859 2931 3915 basilicam
2972 3860 3322 3915 sanctissima:
3366 3860 3585 3931 virginis

1991 3942 2208 4003 Eulalia:
2237 3947 2313 4018 (in
2355 3962 2459 4016 qua
2488 3951 2605 4019 ejus
2634 3951 3055 4008 sacratissimum
3088 3952 3465 4023 corpusculum
3500 3966 3587 4010 re-

1991 4036 2241 4108 quiescit)
2283 4037 2657 4095 desideranter
2701 4041 2933 4098 accessit
2962 4042 3117 4111 :sed,
3149 4051 3209 4097 ut
3254 4042 3441 4111 fertur,
3488 4058 3586 4115 per

1991 4128 2172 4185 omnia
2211 4138 2489 4201 aspectum
2524 4133 2833 4201 mulierum,
2860 4135 3009 4190 velut
3051 4135 3330 4208 vipereum
3378 4135 3585 4192 vitabat

1989 4260 2073 4336 rio
2094 4278 2158 4317 ex
2186 4262 2361 4318 Africa
2390 4262 2774 4336 inkllispaniam
2802 4267 3075 4334 traiecisse
3099 4274 3364 4325 testantur
3385 4266 3585 4327 Baron.

1991 4332 2058 4387 ad
2090 4349 2215 4405 nun.
2248 4350 2387 4400 xcv;
2436 4332 2709 4391 lionr'arrus
2740 4338 2791 4391 in
2831 4332 3031 4393 Chron.
3063 4336 3189 4393 0rd.
3223 4339 3278 4392 S.
3310 4338 3445 4405 Aug.
3490 4337 3584 4394 lib.

1990 4419 2048 4459 ut
2072 4420 2087 4477 ς
2110 4404 2422 4477 Ludov._de
2450 4407 2665 4473 Λυδοὶ,
2695 4423 2747 4461 tv
2774 4409 2843 4462 de
2872 4408 2977 4464 Vit.
3009 4410 3065 4463 S.
3100 4410 3231 4476 Aug.
3258 4406 3368 4472 ‘20;
3406 4404 3583 4477 Marq.

1990 4475 2145 4555 c:_10_
2162 4477 2297 4545 orig.
2326 4475 2501 4531 Erem.
2621 4480 2755 4555 Aug.
2786 4518 2802 4555 ,_
2834 4478 2861 4550 δ
2891 4478 2942 4543 5,
2972 4488 3024 4532 et
3051 4475 3315 4541 Emerita),
3347 4494 3465 4548 qua:
3488 4475 3587 4535 Lu-

1990 4550 2196 4617 sitaniae
2243 4558 2429 4615 caput,
2483 4550 2643 4601 etiam
2701 4551 2894 4602 vixisse
2942 4557 3134 4617 prmter
3190 4557 3415 4607 cmteros
3474 4563 3585 4607 non

1994 4616 2223 4671 obscure
2250 4618 2486 4686 prodidit
2513 4619 2779 4672 Ausonius
2810 4616 2966 4688 epist.
2996 4617 3067 4670 24
3098 4617 3165 4673 ad
3194 4622 3377 4676 eurnd.

2124 4726 2379 4790 ['anlinum
2404 4727 2768 4790 Ausoniumque
2792 4728 2921 4779 viros
2942 4742 3066 4789 quos
3082 4741 3218 4779 saera
3242 4729 3432 4789 Quirini

2124 4788 2366 4852 Purpura,
2395 4801 2447 4839 et
2470 4798 2665 4837 auratus
2688 4788 2871 4839 trabeae
2891 4788 3069 4840 velavit
3094 4788 3299 4844 amictus

2120 4851 2395 4900 Non’decet
2423 4853 2609 4913 insidiis
2631 4854 2911 4913 peregrina:
2931 4855 3113 4903 cedere
3133 4854 3276 4905 diue.

2123 4914 2249 4975 Quid
2274 4924 2481 4975 queror;
2506 4912 2696 4975 Eoique
2723 4912 2937 4964 insector
2962 4918 3161 4963 crimina
3186 4912 3426 4971 monstri?

2120 4974 2319 5026 Occidui
2346 4989 2424 5023 me
2453 4979 2553 5036 ripa
2572 4974 2715 5037 'lagi,
2742 4991 2821 5025 rue
2851 4978 3025 5026 Punica
3053 4977 3181 5027 Imdrt

2126 5038 2349 5101 Barcino,
2374 5050 2453 5085 me
2481 5041 2675 5086 bimaris
2692 5041 2808 5101 juga
2834 5040 3062 5101 ninguida
3090 5039 3330 5100 l’yrenmi.

2125 5100 2369 5151 menibus
2394 5113 2422 5147 e
2448 5103 2617 5160 patriis
2640 5100 2796 5148 rem"
2822 5100 3018 5163 quodue
3037 5103 3187 5150 vestis
3211 5110 3263 5151 et
3287 5103 3403 5151 oris

2122 5163 2378 5224 Quemque
2403 5176 2493 5211 suo
2517 5163 2661 5223 longo
2680 5163 2863 5212 dirimit
2886 5166 3131 5224 provincia
3157 5171 3313 5212 tractu

2122 5220 2278 5286 Trans
2295 5220 2500 5281 montes,
2523 5220 2776 5286 solemque
2798 5220 2965 5286 alium,
2987 5234 3118 5275 trans
3139 5225 3396 5275 llumiuaet
3414 5220 3588 5274 mbas.

2125 5285 2188 5349 Et
2211 5288 2337 5349 quod
2361 5294 2601 5337 terrarum
2624 5285 2834 5347 ccelique
2856 5290 3288 5349 ertenditurjnter

2123 5347 2455 5412 Exsiliumque
2480 5363 2665 5409 aumes,
2692 5349 2898 5411 latasque
2920 5350 3101 5399 fluenta
3127 5347 3401 5399 Garumna.

2072 5449 2102 5493 ἀ
2132 5450 2679 5523 Ναηειιιηιναὺὺαιριη.
2712 5452 2788 5506 De
2813 5469 2923 5521 quo
2950 5454 3103 5523 plura
3135 5451 3330 5505 Baron.
3363 5448 3429 5505 ad
3457 5461 3583 5523 ann.

2002 5524 2147 5589 589;
2177 5524 2365 5595 Morel.
2407 5522 2498 5595 lib.
2532 5540 2592 5590 ιι,
2618 5539 2736 5595 cap.
2768 5517 2875 5589 62;
2904 5517 3101 5595 Partitis
3129 5531 3270 5595 cent.
3301 5523 3362 5586 ti,
3393 5536 3440 5577 c.

1997 5595 2134 5653 Lud.
2167 5594 2235 5649 de
2256 5593 2443 5662 Augei.
2476 5609 2526 5649 rv
2549 5596 2615 5649 de
2639 5589 2741 5648 Vit.
2775 5596 2833 5650 S.
2861 5596 2996 5660 Aug.
3020 5593 3115 5659 ‘20;
3138 5591 3366 5662 Roman.
3398 5607 3435 5646 ιι
3463 5589 3591 5662 liis.

1999 5677 2106 5722 tor.
2130 5659 2468 5727 Ecclesfﬂ'l;
2497 5664 2822 5719 Lancilottus
2844 5680 2877 5718 ιι
2899 5659 2966 5718 de
2996 5663 3101 5719 Vit.
3132 5661 3189 5718 S.
3222 5661 3444 5733 August.
3476 5659 3580 5730 18,

1998 5738 2169 5806 Marq.
2199 5752 2321 5805 cap.
2356 5734 2425 5807 12
2450 5736 2595 5807 Orig.
2637 5734 2815 5807 Erem.
2847 5734 2903 5789 S.
2935 5734 3074 5807 Aug.
3111 5778 3126 5803 ,
3161 5735 3188 5807 §
3219 5732 3291 5800 8;
3318 5732 3435 5807 sed
3467 5747 3596 5788 om-

2000 5825 2098 5866 nes
2123 5802 2190 5864 ex
2221 5802 2327 5862 uno
2356 5806 2521 5862 Paulo
2551 5804 2890 5876 Emeritensi,
2921 5802 3074 5876 cujus
3104 5802 3288 5871 verba,
3320 5813 3378 5859 ut
3403 5802 3473 5858 de
3498 5816 3594 5859 ra-

2001 5881 2103 5940 bus
2126 5894 2159 5937 a
2184 5877 2396 5939 Nuucto
2421 5874 2684 5950 νιτρώδη
2704 5877 2872 5949 gestis
2896 5874 3089 5952 agant,
3120 5875 3509 5983 transcribunt:

3588 5938 3622 5966 Α
