4118 6332
48 5514 53 5593 ἒ

48 5600 57 5791 ἑ

48 5792 59 5993 l

48 6028 63 6099 ξ

3054 194 3129 207 .,ν.

480 295 585 352 r27
1392 232 1403 237 ἡ
1438 234 1451 237 vi
1709 276 1914 339 PAULI
1949 269 2095 334 EME

2197 271 2329 329 tam
2368 265 2636 327 DlACONl
2870 248 2875 253 ’
3659 264 3783 323 iss

487 424 734 475 nor-sum,
766 421 872 464 non
901 404 1027 478 quia
1056 404 1444 477 aspernabatur
1470 414 1680 467 sexum,
1710 398 1805 456 sed
1834 413 1902 454 ex
1931 411 2062 453 con-
2089 396 2144 457 Α
2166 406 2349 448 sumus
2379 408 2393 445 :
2429 400 2655 459 cumque
2682 390 2905 442 .urssent
2937 390 2994 441 et
3017 381 3278 441 vidissent
3305 395 3430 439 eum
3451 389 3604 441 veste
3632 398 3774 443 sor-

485 504 733 575 .emplata
778 499 963 570 specie
1005 499 1319 555 tentationis
1364 494 1641 551 metuebat
1686 492 1962 546 incurrere
1993 488 2071 543 vi-

482 599 645 660 ιίιιιιι;
678 594 750 647 ita
781 592 1069 647 etenim‘nt
1097 602 1418 660 quocunque
1451 586 1571 642 loco
1597 583 1876 655 pergebat,
1907 595 2072 635 unum

482 688 807 746 monachum
838 693 963 739 ante
992 699 1074 751 se,
1119 691 1170 737 et
1201 681 1425 735 alterum
1455 687 1575 748 post
1605 694 1664 732 se
1688 677 1896 732 eminus
1923 672 2075 741 gradi

483 780 848 855 praecipitabat,
880 794 948 832 ne
989 790 1111 831 eum
1167 788 1263 844 per
1308 785 1686 841 quamcunque
1733 768 2073 823 occasionem

482 875 678 931 tnu‘ier
699 871 927 926 videret.
963 868 1085 935 Qui,
1113 875 1170 921 ut
1198 882 1357 935 supra
1396 865 1646 929 diximus,
1679 878 1800 917 cum
1835 860 1901 914 ad
1934 858 2077 914 basi-

482 966 641 1020 licam
680 974 879 1019 sanctm
909 960 1126 1014 Eulalia:
1175 956 1395 1026 virginis
1438 964 1494 1011 et
1540 954 1789 1024 martyris
1818 950 2073 1014 venisset,

487 1054 988 1112 reverendissimum
1032 1052 1202 1105 virum
1243 1048 1597 1116 Redemptum
1640 1046 1955 1107 diaconum,
1985 1040 2079 1111 qui

487 1149 558 1203 ibi
594 1154 840 1216 praeerat,
874 1145 1055 1197 ntultis
1094 1142 1344 1212 precibus
1386 1130 1646 1202 exoravit,
1672 1134 1739 1190 ἰιι
1766 1134 1980 1205 quando
2012 1130 2080 1186 ad

487 1239 787 1291 orationem
841 1248 1105 1289 nocturno
1135 1241 1379 1303 tempore
1429 1230 1482 1283 in
1531 1228 1808 1285 ecclesiam
1838 1226 1904 1279 de
1945 1222 2081 1278 cella

485 1331 825 1401 procederet,
858 1330 928 1382 ita
960 1328 1231 1383 custodias
1257 1320 1517 1395 poneret,
1538 1331 1593 1376 nt
1619 1337 1741 1377 eum
1765 1319 1906 1374 nulla
1931 1316 2083 1389 peni-

490 1430 576 1477 tus
605 1422 799 1476 femina
836 1420 1077 1485 videret;
1131 1418 1225 1473 sed
1272 1419 1396 1471 dum
1440 1417 1643 1485 aliquot
1669 1414 1783 1468 dies
1813 1414 1863 1466 in
1894 1410 2083 1464 eadem

489 1510 675 1569 sancta
719 1512 947 1568 ecclesia
994 1524 1173 1563 moras
1205 1508 1435 1570 fecisset,
1465 1506 1708 1578 quaedam
1752 1500 2082 1557 nobilissima

490 1616 546 1663 et
576 1624 651 1663 sar
674 1607 909 1661 cti~sima
944 1604 1122 1670 vidua,
1154 1602 1372 1657 nomine
1416 1599 1666 1663 Eusebia,
1693 1597 1837 1650 omni
1870 1592 2086 1649 deside-

494 1702 577 1757 rio
607 1716 728 1756 eum
759 1700 940 1753 videre
968 1696 1237 1767 cupiebat,
1269 1693 1362 1748 sed
1386 1692 1475 1746 ille
1515 1691 1818 1744 nullatenus
1840 1703 1898 1741 se
1926 1685 1994 1739 ab
2020 1698 2084 1738 ea

2174 483 2378 552 didum,
2424 480 2716 550 habituque
2779 475 3110 544 deformem,
3164 484 3575 534 contemnentes
3635 491 3780 532 eum

2152 575 2424 631 dixerunt
2455 581 2643 628 mutuo
2676 588 2691 627 :
2720 570 2909 627 Melius
2937 578 3019 625 est
3072 570 3229 626 nobis
3269 571 3425 636 mori,
3472 585 3634 639 quam
3667 570 3784 627 tali

2176 667 2396 723 domino
2440 665 2662 723 servire.
2695 664 2773 719 Ac
2810 662 3003 717 deinde
3033 671 3156 733 post
3203 662 3411 733 aliquot
3448 661 3584 730 dies,
3641 677 3785 719 cum

2177 758 2259 813 vir
2286 758 2380 812 Dei
2421 766 2637 813 sanctus
2682 756 2733 810 in
2776 755 2939 811 silvas
2960 753 3147 824 paucis
3177 754 3370 808 ovibus
3412 752 3787 823 depascendis

2178 850 2530 922 pervenisset,
2558 848 2890 919 reperientes
2914 861 3037 900 eum
3066 845 3242 899 solum
3270 842 3298 881 ι’
3335 844 3518 900 fractis
3546 843 3793 899 cervici-

2180 946 2281 1000 bus
2325 942 2613 997 crudeliter
2644 947 3018 997 necaverunt:
3058 947 3183 1009 post
3226 954 3331 993 non
3391 952 3519 992 vero
3550 937 3789 1006 longum

2182 1033 2441 1103 temporis
2471 1032 2811 1088 intervallum
2844 1032 2940 1103 ipsi
2972 1031 3255 1086 homicidae
3282 1029 3693 1100 comprehensi,
3720 1034 3797 1083 et

2184 1124 2497 1194 Leovigildo
2542 1124 2656 1192 regi
2711 1134 2837 1179 sunt
2880 1122 3189 1194 prmseutati
3217 1138 3340 1177 cum
3384 1120 3634 1187 vinculis,
3687 1116 3793 1174 cui

2172 1214 2382 1272 dictum
2415 1226 2498 1273 est
2529 1218 2674 1287 ipsos
2702 1232 2826 1272 esse
2849 1217 2939 1287 qui
2968 1232 3182 1271 servum
3217 1215 3309 1271 Dei
3340 1214 3789 1276 interemissent;

2183 1309 2276 1365 ille
2322 1318 2499 1363 autem
2526 1309 2773 1379 quamvis
2820 1324 2927 1363 non
2958 1317 3117 1365 recta:
3157 1307 3277 1362 fidei
3308 1316 3469 1371 esset,
3506 1315 3656 1361 recte
3696 1314 3794 1359 ta-

2187 1416 2312 1455 men
2341 1400 2700 1471 promulgavit
2728 1401 3049 1456 sententiam
3080 1401 3263 1456 dicens
3289 1418 3302 1453 :
3327 1399 3599 1454 Absolvite
3625 1412 3726 1453 eos
3752 1410 3799 1452 a

2187 1494 2435 1561 vinculis,
2466 1503 2521 1549 et
2544 1494 2702 1549 sinite
2732 1495 2915 1560 abire;
2940 1502 2994 1549 et
3035 1494 3079 1548 si
3108 1509 3235 1551 vere
3263 1510 3476 1549 servum
3511 1494 3597 1549 Dei
3627 1492 3799 1549 occi-

2190 1585 2405 1653 derunt,
2436 1586 2554 1640 sine
2582 1596 2759 1642 nostra
2786 1586 2990 1641 ultione
3027 1586 3318 1642 ulciscatur
3344 1587 3599 1642 Dominus
3633 1602 3771 1643 tuor

2191 1686 2300 1732 tem
2330 1677 2471 1733 servi
2514 1677 2593 1732 sui
2629 1693 2646 1733 :
2676 1685 2732 1731 at
2760 1678 2847 1731 ubi
2879 1677 3081 1731 dictum
3113 1686 3195 1733 est
3227 1676 3391 1744 istud,
3421 1689 3477 1734 et
3507 1679 3577 1732 illi
3616 1677 3782 1735 abso-

493 1794 665 1848 virlr-ri
700 1792 825 1862 patir
848 1792 1041 1852 batur;
1084 1790 1206 1862 dum
1242 1784 1591 1861 vertismpins
1619 1799 1743 1839 eum
1774 1781 1967 1837 diversi
1999 1796 2091 1835 ro.
2121 1779 2167 1839 Β
2194 1770 2293 1824 luti
2336 1779 2485 1834 sunt,
2534 1770 2716 1824 statim
2758 1784 2853 1823 eos
2879 1768 3152 1824 dremones
3178 1770 3571 1840 corripuerunt.
3600 1778 3656 1825 ct
3688 1783 3804 1840 per

494 1892 704 1954 garcnt,
739 1892 796 1937 ut
824 1897 940 1935 eam
972 1879 1153 1934 videre
1179 1878 1507 1944 dignaretur,
1546 1883 1601 1929 et
1632 1874 1718 1928 ille
1750 1872 1896 1927 nullo
1931 1871 2092 1925 modo

496 1980 865 2039 consentiret;
899 1980 952 2026 at
983 1972 1070 2025 illa
1102 1979 1447 2038 coassumpto
1476 1967 1701 2024 consilio
1727 1966 2094 2036 supradictum

498 2066 855 2136 Redemptum
914 2065 1202 2119 diaconum
1261 2060 1670 2131 deprecabatur.
1727 2066 1781 2112 ut
1830 2056 2095 2126 explicitis

499 2158 777 2211 matutinis
809 2155 1083 2218 laudibus,
1112 2154 1237 2206 dum
1270 2152 1358 2205 ille
1396 2151 1463 2205 de
1491 2151 1718 2205 ecclesia
1750 2149 1815 2203 ad
1848 2148 2097 2203 cellulam

502 2255 888 2309 reverti-retur,
943 2247 1029 2299 illa
1069 2254 1245 2299 stante
1295 2243 1346 2296 in
1383 2243 1717 2297 abditissimo
1769 2243 1907 2303 loco,
1952 2239 2093 2293 circa

504 2340 751 2395 etnudent
783 2339 1182 2393 sanctissimqu
1225 2338 1397 2391 virum
1447 2337 1623 2390 lumen
1664 2351 1944 2390 cereorum
1983 2337 2097 2388 cla-

502 2433 776 2489 rissimum
830 2430 941 2485 fieri
991 2426 1325 2500 prmeiperet,
1387 2438 1445 2483 ut
1497 2428 1684 2483 saitem
1717 2446 1745 2482 ει
1778 2427 1934 2495 longe
1972 2442 2095 2480 eum

503 2522 687 2577 videre
738 2530 1076 2588 mereretur;
1116 2522 1257 2589 quod
1314 2522 1531 2575 factum.
1591 2523 1659 2573 At
1693 2520 1780 2573 ubi
1818 2519 2098 2587 ignorante

502 2612 596 2668 illo
626 2612 889 2668 femineus
918 2612 1145 2679 contigit
1191 2621 1459 2682 aspectus,
1494 2613 1563 2665 ita
1597 2627 1715 2665 tum
1747 2612 1948 2680 gemitu
1980 2627 2098 2664 nia-

503 2716 609 2771 gno
636 2719 754 2758 sese
802 2704 854 2757 in
890 2712 1088 2757 terram
1143 2702 1470 2772 prostravit,
1513 2717 1576 2755 ac
1607 2700 1651 2756 si
1695 2701 1869 2763 tnagni
1909 2700 2101 2771 lapidis

506 2794 615 2849 ictu
647 2794 883 2864 graviter
915 2792 1109 2849 fuisset
1151 2809 1455 2864 percussus,
1504 2808 1625 2847 mox
1667 2793 1766 2861 ipsi
1800 2792 2099 2861 [ledempto

504 2879 732 2934 diacono
762 2879 941 2935 dicere
970 2880 1136 2949 cmpit
1181 2898 1193 2931 :
1227 2877 1505 2947 Indulgent
1550 2879 1638 2933 tibi
1680 2877 1959 2941 Dominus,
1990 2877 2098 2931 fra-

506 2978 589 3026 ter
613 2987 627 3036 ;
658 2970 786 3040 quid
829 2979 910 3025 est
934 2971 1086 3047 quod
1125 2968 1297 3025 fecisti
1321 2974 1343 3023 ζ’
1367 2967 1493 3024 Post
1522 2969 1635 3024 hinc
1662 2969 1896 3038 denique
1916 2969 2100 3022 statim

509 3077 762 3135 egressus
792 3063 937 3128 inde,
980 3064 1045 3117 ad
1092 3063 1263 3119 eremi
1309 3062 1424 3117 loca
1455 3063 1642 3133 paucis
1676 3077 1799 3116 cum
1847 3061 2099 3116 fratribus

2198 1862 2379 1931 plures
2409 1862 2524 1915 dies
2554 1860 2879 1925 alllixerunt,
2910 1874 3190 1930 quousque
3213 1858 3416 1916 crudeli
3457 1869 3631 1916 marte
3662 1859 3802 1914 ani-

2198 1968 2314 2007 mas
2343 1967 2373 2008 e
2394 1944 2712 2022 corpOribus
2735 1960 3110 2006 excusserunt.

2762 2074 2765 2079 '
2817 2063 3046 2121 CAPUT
3084 2063 3175 2119 IV.

2200 2160 2401 2215 Paulus
2433 2161 2663 2214 medicus
2695 2161 2906 2213 natione
2945 2158 3160 2213 ercus
3191 2159 3251 2226 ﬁt
3278 2161 3547 2231 episcopus
3576 2160 3803 2217 Emeri-

2306 2233 2466 2285 tensis
2512 2248 2529 2285 :
2563 2232 2824 2284 mulierem
2863 2247 2928 2284 ex
2967 2241 3120 2301 partu
3149 2232 3474 2285 laborantem
3505 2244 3680 2286 sanat.

2271 2321 2594 2378 Omittentes
2648 2335 2669 2361 α
2724 2323 3029 2393 phaleratus
3085 2325 3371 2378 verberoni
3423 2340 3691 2394 pompas,
3744 2331 3810 2380 et

2201 2416 2720 2489 fu‘aetermutentesd
2753 2418 2996 2486 garrulas
3046 2418 3307 2473 facundia:
3360 2434 3595 2488 spumas,
3646 2435 3811 2477 ttttttc

2201 2510 2362 2562 etiam
2395 2524 2480 2571 ca,
2511 2524 2632 2579 qua?
2660 2508 2912 2564 omnibus
2941 2507 3113 2563 modis
3140 2524 3266 2563 vera
3298 2517 3445 2575 sunt,
3473 2509 3813 2580 simpliciter

2201 2600 2575 2669 vcraciterque
2606 2615 2925 2668 narramus;
2959 2616 3079 2654 nam
3110 2600 3154 2655 si
3173 2616 3235 2655 ea
3266 2616 3386 2672 qua:
3409 2602 3528 2658 luce
3554 2602 3805 2661 clariora

2202 2705 2323 2745 esse
2355 2702 2650 2747 noscuntur
2676 2691 2919 2748 obscuris
2942 2692 3282 2746 sermonibus
3312 2693 3587 2749 involvere
3608 2694 3812 2751 volue-

2202 2785 2391 2848 rimus,
2425 2786 2753 2840 audientium
2785 2786 2997 2841 animos
3029 2802 3135 2841 non
3179 2785 3512 2851 instruimus,
3545 2786 3637 2843 sed
3669 2788 3812 2857 falle

2202 2891 2411 2947 gamus,
2445 2880 2592 2946 quia,
2625 2892 2747 2931 cum
2779 2879 3070 2932 multorum
3111 2877 3483 2948 imperitorum
3511 2879 3689 2935 minus
3719 2878 3801 2933 in-

2204 2969 2396 3039 teligit
2437 2986 2649 3037 sensus,
2708 2970 2961 3040 fatigatur
3015 2970 3272 3038 auditus;
3326 2980 3383 3028 et
3436 2972 3598 3039 ideo,
3653 2973 3812 3030 sicut

2203 3066 2450 3136 superius
2496 3075 2518 3102 θ
2573 3065 2799 3136 polliciti
2846 3082 3055 3133 sumus,
3115 3067 3433 3138 simpliciter
3484 3081 3812 3129 sanctorum

508 3154 774 3225 pervenit,
805 3154 985 3223 ibique
1011 3154 1113 3209 sibi
1142 3154 1457 3210 vilissimum
1487 3153 1790 3209 construxit
1818 3152 2104 3207 habitacu—
2133 3165 2180 3227 ο
2214 3154 2432 3211 Patrum
2464 3156 2594 3210 olim
2624 3167 2776 3226 gesta
2807 3158 3083 3224 miracula,
3123 3159 3280 3215 sicuti
3304 3160 3475 3216 relatu
3505 3163 3813 3221 multorum

504 3244 613 3302 lum
645 3264 657 3301 :
681 3245 774 3304 sed
796 3262 917 3302 cum
944 3246 1150 3302 crebris
1175 3246 1286 3303 i;lic
1314 3246 1605 3301 virtutibus
1633 3252 1969 3311 coruscaret,
2017 3260 2103 3300 re-

503 3347 755 3394 currente
799 3338 1057 3410 opinione
1104 3338 1171 3391 ad
1217 3337 1458 3392 auditum
1500 3334 1799 3405 Leovigildi
1848 3335 2104 3404 principis

504 3428 766 3497 pervenit,
806 3438 831 3465 ι
861 3428 954 3496 qui
998 3427 1296 3496 quamlibet
1322 3434 1466 3482 esset
1515 3426 1776 3492 Arianns,
1812 3434 1990 3480 tamen
2043 3433 2106 3480 ut

503 3531 565 3572 se
600 3516 716 3585 ejus
756 3516 1009 3584 precibus
1036 3516 1267 3570 Domino
1311 3515 1737 3581 commendaret,
1781 3515 1956 3569 eidem
1986 3515 2103 3571 viro

510 3608 833 3663 auctoritate
889 3608 1216 3678 conscripta,
1259 3608 1327 3662 de
1375 3607 1607 3677 quodam
1662 3608 1935 3677 praecipuo
1983 3609 2104 3665 loco

507 3699 617 3755 ﬁsci
647 3699 862 3767 direxit,
902 3708 959 3755 ut
986 3700 1241 3755 alimenta
1268 3707 1362 3754 aut
1405 3698 1717 3754 indumenta
1757 3700 1953 3754 exinde
1981 3715 2104 3755 cum

504 3794 616 3849 suis
645 3793 895 3849 fratribus
925 3794 1165 3859 haberet,
1200 3792 1345 3863 quod
1378 3793 1458 3847 vir
1478 3792 1574 3848 Dei
1606 3792 1826 3847 omnino
1857 3793 2105 3863 accipere.

509 3886 807 3951 recusavit;
858 3885 953 3941 sed
997 3886 1123 3940 dum
1166 3885 1255 3942 ille
1300 3893 1572 3952 reuueret,
1612 3894 1668 3941 et
1697 3884 1761 3951 is,
1794 3885 1947 3954 quia
1977 3899 2105 3954 rege

508 3978 745 4032 directus
787 3977 858 4031 ad
900 3993 1025 4031 eum
1069 3986 1313 4042 venerat,
1360 3979 1603 4033 diceret:
1637 3976 1978 4031 Oblationem
2011 3976 2104 4031 lilii

512 4068 889 4137 tuideSpicere
930 4085 1037 4123 non
1087 4069 1271 4134 debes,
1314 4070 1531 4125 tandem
1574 4071 1690 4139 ipso
1720 4069 2103 4139 compellente,

512 4161 771 4230 suscepit.
802 4159 933 4215 Post
973 4160 1178 4229 aliquot
1207 4176 1340 4215 vero
1383 4161 1498 4214 dies
1527 4160 1773 4215 homines
1804 4159 2105 4217 habitantes

508 4254 560 4309 in
585 4255 773 4308 eodem
811 4252 933 4308 loco
965 4262 1246 4323 cmperunt
1272 4252 1337 4306 ad
1370 4252 1597 4307 invicem
1628 4253 1806 4307 dicere
1838 4271 1848 4304 ε
1886 4252 2101 4320 Eamus,

510 4351 566 4401 et
595 4346 886 4413 videamus,
921 4345 1095 4415 qualis
1126 4345 1229 4400 iste
1252 4353 1334 4400 est
1367 4343 1627 4399 Dominus
1652 4352 1852 4409 noster,
1878 4344 1964 4399 cui
1995 4342 2107 4398 dati

582 4490 619 4553 87
641 4482 738 4553 Qui
781 4481 1057 4553 quamlibet
1094 4489 1225 4535 esset
1258 4480 1537 4553 AArianus.‘
1563 4476 1640 4553 Eu
1670 4478 1770 4532 hac
1816 4476 2105 4553 Leovigildi

2207 3246 2274 3301 ad
2302 3263 2400 3303 nos
2430 3247 2633 3318 perlata
2657 3255 2803 3313 sunt,
2828 3248 3154 3305 intimamus.
3185 3248 3449 3307 Referunt
3478 3254 3631 3309 multi
3673 3271 3812 3312 san-

2207 3347 2355 3394 ctum
2407 3339 2583 3393 virum
2618 3336 2637 3378 ι
2671 3340 2890 3396 nomine
2946 3338 3193 3407 Paulum,
3252 3343 3477 3400 natione
3522 3343 3800 3415 Gratcutn,

2184 3440 2234 3479 ἐ
2264 3438 2382 3486 arte
2414 3432 2680 3487 medicum
2708 3474 2721 3499 ,
2753 3433 2819 3489 de
2865 3432 3100 3489 Orientis
3144 3438 3388 3505 partibus
3414 3437 3468 3491 in
3496 3435 3812 3495 Emeriten-

2206 3537 2320 3577 sem
2364 3523 2551 3577 urbem
2604 3524 2910 3593 alvenisse,
2942 3526 3033 3595 qui
3064 3518 3186 3582 cum
3238 3527 3313 3582 ibi
3352 3527 3523 3584 multo
3555 3539 3811 3601 tempore

2205 3613 2446 3682 degeret,
2480 3616 2763 3671 sanctitate
2809 3626 2864 3671 et
2917 3617 3202 3673 virtutibus
3228 3619 3409 3676 multis
3438 3621 3691 3691 polleret,
3747 3633 3809 3681 es

2205 3705 2508 3761 humihtate
2558 3718 2719 3777 atque
2748 3709 3081 3777 benignitate
3128 3719 3356 3767 cunctos
3410 3724 3712 3785 superaret,
3772 3733 3810 3774 ι

2206 3799 2436 3855 Domino
2457 3802 2711 3857 collatum
2738 3810 2839 3868 est,
2862 3812 2917 3857 ut
2944 3803 3211 3874 praedicta:
3233 3806 3471 3863 civitatis
3498 3819 3819 3881 mereretur

2205 3892 2597 3963 pontificatum.
2631 3894 2701 3949 At
2746 3897 2831 3951 ubi
2877 3898 3107 3968 eligente
3154 3898 3384 3955 Domino
3413 3901 3693 3960 ordinatus
3723 3914 3811 3961 est

2208 3986 2510 4057 episcopus,
2556 4002 2744 4043 omnes
2773 3997 2822 4043 st
2862 3990 2953 4044 tim
2988 3989 3127 4045 Deus
3167 3992 3643 4048 conturbatiouum
3679 4011 3825 4067 ιιι-ου,

2206 4080 2372 4135 cellas
2401 4094 2519 4148 qua:
2542 4080 2786 4136 eamdem
2816 4080 3110 4137 Ecclesium
3162 4090 3406 4155 tempore
3435 4086 3807 4155 praedecesso-

2208 4172 2283 4226 ris
2312 4172 2429 4240 ejus
2471 4173 2950 4237 conturbaveraut,
3000 4176 3240 4241 abstulit,
3274 4186 3330 4232 et
3381 4178 3601 4232 nimiam
3656 4190 3806 4235 tran-

2209 4266 2527 4335 quillitatem
2558 4267 2675 4333 ejus
2702 4267 2954 4336 precibus
2977 4266 3319 4324 condonavit.
3350 4268 3452 4336 Qui
3494 4272 3621 4326 dum
3655 4275 3805 4343 paci-

2211 4358 2311 4415 ﬁce
2364 4376 2429 4415 ac
2459 4360 2710 4429 benigne,
2761 4360 2975 4416 favente
3005 4360 3138 4427 Deo,
3190 4365 3399 4419 cunctis
3453 4365 3663 4423 civibus
3690 4368 3805 4425 suis

2210 4510 2311 4548 non
2351 4512 2433 4548 res
2470 4512 2563 4564 pro
2598 4495 2791 4557 verbis,
2834 4494 2925 4548 sed
2960 4512 3053 4564 pro
3094 4494 3244 4550 rebus
3284 4498 3614 4555 enuntiandis
3654 4501 3807 4557 verba

509 4554 562 4609 in
604 4552 661 4609 S.
697 4550 962 4636 Nuncmnr
1004 4556 1203 4636 pietate
1248 4550 1480 4605 futuram
1522 4551 2095 4636 ipsiusnpmuilteutizrrn

2208 4574 2327 4618 sunt
2347 4550 2601 4619 inslilula.
2628 4565 2697 4619 Et
2718 4550 2977 4636 Cerippus
3000 4550 3353 4623 Africannsitv
3376 4550 3610 4626 de,

510 4639 743 4693 argumc.
771 4633 913 4676 tatur
937 4620 1094 4677 loau.
1128 4623 1401 4691 blarquez,
1431 4639 1481 4677 c.
1518 4621 1602 4682 η,
1637 4620 1664 4691 §
1698 4620 1891 4693 8._Sed
1919 4622 1985 4674 de
2017 4621 2106 4676 illa

510 4688 609 4751 no}
641 4695 854 4747 nl)el'iu~'
895 4696 1101 4763 egimus
1129 4688 1280 4747 Notis
1308 4688 1468 4749 adM.
1503 4688 1721 4747 Maximi
1752 4688 2108 4761 Caesaraugu-

508 4769 647 4822 sla'ni
666 4765 992 4819 Cltt‘unicon.

584 4837 609 4875 Ι)
641 4834 848 4889 Fractis
890 4836 1163 4891 cervicibus
1199 4833 1471 4890 crudeliter
1510 4844 1838 4890 necaverunt.
1873 4834 2008 4890 Lud.
2040 4835 2108 4891 de

511 4907 702 4976 Aug-1.
748 4922 797 4959 tv
841 4910 906 4961 de
935 4906 1039 4960 Vit.
1087 4907 1141 4961 S.
1188 4908 1322 4975 Aug.
1358 4903 1469 4971 20:
1504 4902 1787 4977 ANunclum
1826 4916 2107 4977 martyrem

510 4975 920 5042 suauissimam,
948 4980 1269 5048 professione
1306 4975 1649 5043 monac/tum;
1682 4987 1737 5030 et
1779 4975 2108 5031 Laucitottns

512 5049 602 5104 lib.
632 5064 688 5117 ll,
716 5064 765 5104 c.
800 5048 889 5111 18,
932 5053 1171 5103 invictum
1212 5062 1487 5119 martyrem
1520 5062 1671 5103 vocat
1700 5064 1733 5119 :7
1761 5064 1862 5101 nec
1906 5048 2098 5101 tnirnm

510 5136 631 5175 cmn
662 5137 758 5190 pro
784 5120 1011 5185 iustitia,
1045 5138 1163 5187 qua:
1191 5120 1487 5190 Augustino
1515 5134 1674 5190 supra
1707 5118 1900 5190 Psaltn.
1940 5133 2024 5171 xw
2047 5126 2102 5190 et

513 5189 730 5246 Thuriae
770 5191 823 5244 2.
872 5190 932 5255 2,
965 5208 1018 5259 q.
1064 5190 1193 5256 124,
1232 5205 1333 5245 art.
1368 5189 1400 5240 ἴ)
1430 5191 1495 5260 ad
1526 5189 1587 5253 l,
1630 5189 1817 5260 ellicax
1860 5189 2101 5260 martyrii

511 5278 671 5317 causa
701 5273 801 5325 est,
837 5258 1045 5317 oet-isus
1077 5280 1105 5315 a
1138 5261 1413 5318 sceleratis
1435 5259 1614 5314 fuerit.
1666 5258 1936 5328 EXcmpliS
1965 5258 2103 5315 con-

511 5333 686 5405 tit-mat
714 5334 879 5401 Marq.
914 5351 1031 5405 cap.
1064 5334 1148 5397 1'2,
1180 5334 1206 5404 §
1238 5336 1290 5387 8.

586 5416 607 5444 ε
645 5403 951 5476 l’baleralas
976 5402 1236 5461 rerborunt
1258 5422 1493 5476 pompas.
1517 5404 1605 5458 Sic
1624 5403 1869 5456 Ambros.
1893 5402 2103 5457 advers.

512 5477 667 5531 re‘at.
696 5474 1020 5546 Synnnlnhi,
1053 5478 1142 5531 ΙιΙ).
1178 5474 1316 5541 pOSI.
1351 5474 1689 5546 ,p/taleratos
1722 5489 1981 5527 sermones
2007 5490 2106 5543 ap-

514 5548 716 5618 pellat;
740 5544 813 5600 ‘ct
849 5549 939 5601 lib.
974 5565 1010 5602 ιι
1064 5551 1115 5604 in
1160 5548 1286 5602 Luc.
1316 5564 1389 5601 ιιι
1433 5544 1577 5599 Nam
1611 5546 1653 5597 si
1685 5545 2116 5618 oralorgillorum.

514 5616 600 5692 aui
637 5617 875 5687 phaleras
912 5636 1203 5692 sermonum
1241 5623 1738 5692 sequuntur,»negat
1772 5618 1829 5692 in
1863 5616 1959 5669 ltoc
1990 5619 2105 5692 {or-

518 5686 670 5745 iunda
699 5692 891 5757 positas
922 5709 1030 5745 esse
1061 5686 1317 5751 σηπίαι(
1343 5689 1438 5742 hoc
1462 5705 1529 5742 an
1559 5686 1661 5742 illo
1680 5686 1826 5741 verba
1852 5704 1974 5740 usus
1992 5686 2098 5754 se,

569 5777 617 5814 c.
643 5762 700 5815 S.
730 5774 957 5829 I'rUSpCI'
977 5763 1067 5816 lib.
1094 5776 1159 5814 de
1187 5761 1289 5814 Vir.
1314 5759 1597 5830 Contemp.
1624 5801 1639 5824 ,
1664 5775 1783 5827 cap.
1818 5757 1926 5813 34’.
1957 5759 2099 5813 Pru-

504 5832 749 5923 ἱιιειιιὶιιιω
773 5834 891 5893 uiris
914 5849 1015 5889 nou
1032 5834 1235 5903 placent
1254 5831 1521 5903 phalerato
1537 5873 1553 5904 ,
1575 5831 1663 5887 sed
1690 5832 1869 5901 rgrtia,
1894 5830 2099 5909 quando

2337 4658 2569 4709 Pbalerus
2595 4658 2813 4721 phaleris
2834 4666 2886 4709 et
2910 4658 3130 4709 laudibus
3152 4660 3336 4711 addere
3357 4661 3527 4711 Laudes

2211 4739 2345 4795 dixit
2370 4742 2561 4797 eodem
2592 4742 2889 4796 schemate.

2282 4834 2305 4872 ἀ
2339 4834 2590 4888 Garrulus
2639 4834 2900 4907 facundia:
2947 4851 3177 4905 spumas.
3209 4835 3411 4907 Nempe
3457 4855 3584 4895 cava
3630 4837 3802 4905 verba,

2209 4915 2263 4977 et
2282 4907 2334 4958 in
2357 4922 2545 4958 merent
2569 4906 2849 4958 twsicaram
2873 4914 3120 4977 timentia
3142 4910 3281 4977 apud
3310 4906 3618 4977 llicronvm.
3645 4910 3807 4977 epist,

2212 4976 2313 5029 100
2338 4994 2351 5037 ;
2377 4986 2425 5029 et
2439 4976 2677 5049 _l>ullatas
2708 4993 2872 5049 nugas
2904 4975 3087 5031 Persio
3116 4974 3217 5031 sat.
3244 4976 3313 5044 5;
3339 4974 3598 5035 ventosum
3628 4974 3803 5049 loqua-

2210 5044 2874 5124 cilalen_t_Petronioinitio
2903 5058 3005 5124 sat.
3023 5067 3048 5124 Δ;
3081 5066 3232 5119 nmpu
3259 5053 3337 5105 las
3357 5061 3404 5104 et
3431 5069 3455 5105 s
3487 5044 3808 5124 sonipedalia

2208 5118 2359 5171 verba
2388 5116 2568 5192 Horat.
2602 5118 2669 5192 ad
2699 5118 2875 5192 l'isou.
2908 5128 2963 5173 et
2985 5120 3035 5173 id
3064 5116 3231 5192 genus
3253 5134 3504 5192 sexcenta
3526 5116 3673 5192 apud
3701 5121 3807 5174 Au-

2210 5204 2411 5250 cores,
2442 5189 2508 5242 de
2528 5190 2720 5257 quibus
2744 5188 2901 5245 videb
2923 5208 2949 5246 s
2972 5190 3243 5246 eruditis»
3270 5190 3404 5247 Lud.
3432 5188 3687 5250 Cressulii
3714 5192 3805 5246 lib.

2210 5275 2266 5313 ut
2294 5258 2482 5314 'l‘beat.
2515 5272 2622 5313 vet.
2657 5262 2812 5313 libet.
2849 5303 2863 5324 ,
2890 5278 3011 5330 cap.
3044 5260 3131 5315 25.

2289 5338 2313 5400 ἐ
2344 5332 2590 5400 Superius
2621 5333 2837 5400 polliciti
2858 5329 3053 5387 sumus.
3084 5331 3401 5391 Pnefatione
3429 5329 3541 5399 ipsa
3569 5330 3779 5399 Operis.

2268 5399 2307 5453 ,f
2340 5399 2590 5456 Sanctum
2618 5408 2777 5456 virum
2808 5406 3014 5459 nomine
3047 5403 3287 5458 Paulum.
3336 5405 3408 5458 De
3440 5407 3805 5474 queisrripto-

2214 5488 2399 5545 restio
2433 5479 2495 5527 tri
2527 5474 2712 5527 ill-irai.
2748 5475 2837 5529 lib.
2870 5493 2923 5541 ιι,
2953 5491 3073 5545 cap.
3103 5474 3202 5540 71,
3228 5485 3282 5530 et
3311 5476 3508 5530 Padilta
3537 5473 3696 5530 Cent.
3719 5490 3803 5543 Vt,

2212 5558 2261 5598 c.
2293 5542 2387 5605 50,
2420 5561 2527 5599 non
2556 5546 2672 5601 sine
2703 5548 2979 5616 scriptoris
3009 5542 3177 5601 nostri
3207 5546 3697 5603 commemlationc.

2284 5625 2307 5662 ϐ
2334 5616 2458 5670 Arte
2478 5618 2750 5672 medicum.
2788 5620 2993 5687 Augeat
3018 5621 3208 5673 Paulus
3237 5628 3420 5673 noster
3439 5616 3665 5672 aliorum
3688 5632 3784 5672 san

2210 5687 2411 5759 clitatei
2430 5689 2778 5757 praestantiss.
2813 5689 3140 5743 medicorum
3172 5705 3454 5745 numerum
3473 5727 3487 5749 .
3510 5703 3688 5759 quem
3716 5689 3800 5759 pia

2207 5757 2673 5832 Joan._1llolaui__se
2694 5760 2871 5832 inlitas
2901 5760 3175 5832 eleganter
3200 5758 3545 5829 concinnavit
3618 5757 3805 5815 υἱόν-ἕο
3838 5806 3841 5811 .

2205 5830 2547 5891 ecclesiastico
2576 5828 2827 5891 Medicor.
2994 5828 3010 5832 '
3390 5880 3393 5881 ν
3844 5856 3847 5857 ν
