4118 6332
1288 294 1376 350 DE
1413 291 1579 347 VlTA
1618 287 1905 347 PATRUH
1940 283 2473 347 EMERITENSIUM.

3428 298 3532 355 130

268 419 529 490 amesset,
575 419 632 469 et
658 417 978 469 cunctorum
1026 406 1306 464 ell‘ectibus
1334 400 1644 459 dulcilluum
1693 399 1837 456 sacri
1867 404 1911 463 Α
1942 410 2125 455 mento
2167 416 2264 473 per
2314 409 2482 456 totum
2529 400 2667 457 diem
2694 394 2960 467 incubuit,
3013 413 3174 476 atque
3204 408 3256 462 in
3286 394 3535 469 oratione

272 506 491 565 aectoris
538 506 619 561 sui
665 505 946 560 exhiberet
993 500 1264 564 affectum,
1295 497 1521 566 contigit
1559 492 1839 561 cuiusdam

264 600 496 674 primarii
544 599 779 655 civitatis
829 613 896 652 ex
924 610 1123 666 genere
1170 602 1476 649 senatorum
1525 586 1841 645 nobilissimi

265 692 355 747 viri
384 700 677 761 mgrotasse
711 697 1034 753 matronam,
1085 701 1205 757 qua:
1235 695 1290 741 et
1321 685 1436 755 ipsa
1467 681 1659 737 illustri
1684 687 1843 736 stem-

262 794 401 842 mate
430 783 714 855 progenita
766 782 1002 837 nobi'em
1056 780 1303 835 trahebat
1333 778 1677 849 prosapiam;
1724 791 1843 845 qua:

261 892 380 934 cum
409 890 581 946 nuper
608 882 773 943 nupta
810 873 863 927 in
894 880 1047 928 utero
1073 871 1390 941 accepisset,
1423 870 1536 941 ipse
1556 868 1845 923 infantulus

262 966 310 1025 in
340 975 530 1023 ventre
557 966 773 1022 collisns
806 976 908 1031 est,
939 964 1024 1020 cui
1070 979 1191 1020 cum
1225 962 1378 1018 multi
1408 960 1601 1017 medici
1630 959 1843 1015 diversa

262 1059 595 1121 adhiberent,
619 1067 674 1113 et
696 1057 902 1113 nullum
927 1053 1222 1111 remedium
1242 1053 1463 1110 medelm
1488 1050 1845 1117 sentiret,scd

260 1150 310 1207 in
340 1151 488 1221 gravi
510 1150 821 1206 discrimine
850 1149 1025 1220 posita
1052 1148 1295 1218 quotidie
1324 1147 1486 1203 morti
1516 1147 1843 1218 propinqua-

260 1251 376 1308 ret;
409 1242 750 1314 supradictus
779 1241 1005 1297 illustris
1042 1239 1158 1310 ejus
1186 1240 1290 1307 vir,
1320 1255 1387 1294 eo
1417 1239 1557 1309 quod
1583 1239 1675 1303 ,illi
1715 1236 1847 1293 nihil

260 1334 473 1392 cbarius
522 1342 669 1391 esset
696 1332 949 1401 conjuge,
983 1347 1143 1401 quam
1176 1332 1389 1386 noviter
1414 1329 1647 1399 conjugii
1674 1329 1846 1399 gratia

259 1426 479 1483 sortitus
510 1428 703 1492 fuerat,
734 1426 1056 1496 contemptis
1088 1424 1349 1480 universis
1381 1422 1601 1479 medicis
1626 1438 1724 1493 spe
1762 1438 1850 1479 re-

262 1520 578 1589 enperandm
607 1520 797 1575 salutis
823 1518 890 1573 ad
937 1518 1185 1574 eumdem
1228 1517 1623 1572 sanctissimum
1674 1516 1847 1570 virum

261 1608 513 1674 Cucurrit,
568 1619 623 1667 et
653 1612 968 1681 provolutus
1011 1610 1237 1681 pedibus
1264 1608 1385 1679 ejus
1435 1624 1556 1663 cum
1602 1607 1849 1679 lacrytnis

264 1704 524 1765 exoravit.
559 1711 616 1757 ut
644 1702 770 1773 quia
821 1701 915 1758 Dei
962 1716 1152 1757 serius
1198 1709 1351 1769 erat,
1382 1699 1714 1756 orationibus
1740 1698 1852 1754 suis

1944 491 2239 548 indefessus
2288 510 2682 565 perseverans,
2728 506 3042 566 sequentem
3094 501 3428 556 continuavit
3479 512 3536 558 et
3630 508 3635 511 ’

1946 592 2206 654 noctem;
2253 587 2341 655 qui
2372 603 2499 643 mox
2541 588 2670 643 ittibi
2701 590 2920 645 orat-nlo
2950 590 3132 646 divino
3174 578 3537 652 commonitus
3591 623 3593 626 ⁴

1945 684 2044 743 cst,
2062 676 2354 747 statimque
2371 692 2702 749 consurgens
2717 680 2782 734 ad
2803 681 3043 738 mulieris
3060 699 3215 750 agro:
3230 668 3446 741 domum
3462 688 3540 743 in-

1945 776 2262 823 cunctanter
2298 769 2554 838 perrexit,
2604 778 2659 825 et
2705 770 2929 827 festinus
2961 778 3303 843 properavit,
3336 777 3537 833 oratio—

1948 876 2070 915 nem
2100 862 2253 929 fudit,
2285 877 2475 918 manus
2506 865 2559 918 in
2585 867 2805 922 nomine
2836 867 3046 923 Domini
3077 884 3239 939 super
3268 868 3538 925 infirmam

1947 952 2237 1024 imposuit:
2273 955 2325 1010 in
2351 970 2450 1025 spe
2482 955 2572 1011 Dei
2601 958 2733 1011 mira
2758 959 3051 1015 subtilitate
3078 961 3390 1017 ineisionem
3411 962 3539 1018 sub-

1949 1045 2247 1101 tilissimam
2275 1047 2455 1102 subtili
2482 1063 2603 1103 eum
2633 1047 2959 1105 ferramento
2988 1049 3136 1116 fecit,
3165 1061 3328 1121 atque
3367 1053 3541 1123 ipsum

1949 1136 2269 1194 infantulum
2293 1141 2403 1207 jam
2435 1139 2705 1210 putridum
2728 1143 3092 1212 membratim,
3122 1145 3543 1213 compendiatim

1949 1229 2231 1295 abstraxit.
2278 1232 2558 1288 mulierem
2604 1248 2747 1302 pene
2775 1244 3062 1303 mortuam,
3115 1251 3180 1290 ac
3208 1236 3541 1305 semivivam,

1951 1323 2225 1381 adnitente
2244 1326 2373 1391 Deo,
2390 1325 2503 1380 viro
2517 1341 2617 1381 suo
2633 1324 2915 1381 confestim
2939 1328 3260 1383 incolumem
3286 1328 3542 1399 reddidit“,

1950 1417 2037 1471 cui
2092 1427 2147 1472 et
2184 1418 2438 1490 praecepit
2487 1426 2544 1472 ut
2596 1417 2733 1472 ultra
2789 1418 2962 1474 virum
3011 1434 3119 1473 non
3169 1420 3544 1489 cognosceret,

1952 1524 2279 1579 quocunque
2304 1511 2446 1564 enim
2476 1520 2722 1579 tempore
2750 1510 2949 1565 coitum
2979 1510 3187 1565 virilem
3216 1511 3545 1580 agnovisset,

1953 1618 2080 1658 mox
2109 1602 2158 1657 ei
2185 1601 2455 1657 deteriora
2483 1600 2731 1655 adfutura
2764 1609 2943 1656 essent
2969 1601 3277 1657 discrimina
3309 1619 3321 1654 :
3349 1602 3443 1656 sed
3471 1601 3546 1658 illi

1956 1692 2308 1748 nihilominus
2332 1692 2554 1764 pedibus
2575 1692 2692 1760 ejus
2711 1692 2979 1763 provoluti
3007 1693 3207 1762 gratias
3229 1694 3544 1760 retulerunt,

264 1793 544 1854 Dominum
570 1810 669 1866 pro
712 1794 831 1865 ejus
859 1806 1118 1849 matrona:
1169 1794 1341 1849 salute
1370 1800 1705 1864 precaretur,
1756 1800 1850 1847 aut
1883 1793 1925 1854 Β
1952 1794 2008 1842 et
2036 1785 2216 1839 omnia
2248 1800 2366 1855 qua:
2394 1784 2477 1838 vir
2505 1783 2598 1839 Dei
2631 1792 2962 1854 praeceperat
2992 1784 3044 1839 in
3068 1785 3318 1840 omnibus
3343 1801 3402 1840 se
3429 1800 3548 1842 esse

262 1895 407 1943 certe
433 1886 558 1957 quia
591 1884 834 1942 medicus
858 1896 1024 1952 CeSCl,
1055 1901 1160 1941 non
1183 1886 1405 1941 duceret
1432 1884 1707 1954 indignum
1738 1898 1851 1942 ma-

260 1994 327 2036 nu
358 1993 458 2033 sua
505 1987 710 2046 :cgroto
754 1976 981 2046 gratiam
1029 1977 1271 2046 prabere
1320 1974 1606 2040 medendi;
1646 1974 1741 2030 sed
1772 1974 1853 2029 vir

261 2065 352 2122 Dei
384 2068 629 2138 protinus
658 2068 955 2137 respondit,
994 2066 1182 2120 dicens
1219 2083 1233 2119 :
1267 2063 1394 2119 Milli
1441 2064 1587 2134 quod
1616 2064 1852 2120 hortaris

262 2156 440 2214 facere
468 2174 575 2212 non
619 2158 771 2226 licet,
801 2157 914 2228 qui,
952 2157 1052 2213 etsi
1082 2157 1335 2212 sacerdos
1363 2156 1611 2227 indignus
1642 2157 1853 2213 Domini

261 2264 404 2315 sum,
436 2258 491 2303 et
518 2248 842 2304 sacrilicium
869 2247 1117 2303 manibus
1162 2250 1297 2303 meis
1317 2246 1487 2304 offero
1516 2247 1766 2313 Domino,
1799 2255 1853 2303 et

262 2342 385 2396 ideo
408 2341 551 2411 quod
578 2340 729 2406 dicis,
756 2356 862 2395 non
888 2356 1105 2411 possum
1127 2340 1352 2412 implere
1377 2358 1391 2405 ;
1417 2356 1486 2395 ne
1510 2341 1853 2411 postmodum

260 2434 498 2505 pollutas
528 2435 698 2490 sacris
741 2433 1005 2489 altaribus
1044 2449 1240 2488 manus
1278 2431 1527 2501 inferam,
1559 2443 1616 2489 et
1663 2433 1854 2487 divina:

261 2527 546 2600 potestatis
576 2542 704 2582 mox
744 2525 982 2581 furorem
1034 2526 1326 2579 incurram.
1381 2522 1449 2578 Et
1477 2524 1711 2593 adjecit:
1744 2523 1851 2578 lbi-

261 2633 404 2681 mus,
437 2618 633 2688 inquit,
681 2619 733 2671 in
766 2618 984 2672 nomine
1036 2615 1269 2681 Domini,
1326 2614 1664 2670 visitabiunzs
1710 2629 1854 2683 eam,

261 2720 314 2767 et
354 2710 604 2765 dabimus
657 2709 896 2764 medicos
952 2707 1204 2763 Ecclesia:
1238 2750 1254 2777 ,
1308 2708 1400 2778 qui
1465 2706 1539 2761 illi
1568 2705 1857 2761 adhibeant

262 2801 627 2867 medicinam,
696 2807 751 2856 et
805 2799 857 2854 in
899 2806 1161 2868 quantum
1219 2798 1455 2863 scimus,
1507 2795 1856 2852 ostendemus

262 2894 499 2964 qualiter
554 2908 685 2949 cura
756 2890 918 2948 faciat
972 2910 986 2954 :
1043 2907 1144 2947 nos
1212 2900 1399 2947 tamen
1457 2890 1636 2947 facere
1691 2906 1856 2946 manu

262 2988 484 3059 propria
537 2986 759 3040 minime
808 3000 1131 3055 possumus:
1193 2984 1285 3040 ille
1330 2999 1460 3041 vero
1505 2984 1683 3041 sciens
1730 2985 1858 3053 quia

262 3081 463 3137 nullius
510 3079 734 3134 alterius
783 3078 978 3134 medici
1030 3093 1157 3134 cura
1205 3078 1430 3143 valeret,
1488 3086 1543 3133 et
1594 3078 1716 3148 quia
1745 3078 1856 3148 jatu

1953 1885 2264 1933 servaturos
2287 1877 2671 1947 promiserunt,
2704 1876 3063 1946 imprecantes
3087 1876 3392 1943 Dominum,
3420 1887 3477 1933 ut
3505 1878 3548 1934 si

1954 1986 2062 2026 non
2092 1969 2445 2036 custodirent,
2478 1982 2661 2039 pejora
2688 1968 2794 2023 illis
2822 1969 3168 2039 postmodum
3202 1971 3546 2027 advenirent.

1954 2065 2120 2121 Facta
2151 2080 2382 2137 namq-te
2415 2072 2497 2121 est
2527 2081 2593 2120 eo
2622 2064 2780 2121 modo
2811 2066 2898 2120 illa
2925 2066 3313 2121 inmstimabilis
3342 2067 3548 2132 laetitia,

1956 2158 2386 2229 immensumque
2414 2159 2689 2227 gaudium,
2717 2170 2879 2230 atque
2905 2160 3138 2214 universi
3167 2161 3219 2214 in
3252 2158 3343 2214 Dei
3376 2156 3551 2214 laudi?

1958 2249 2058 2304 btts
2086 2250 2469 2316 acclamantes,
2503 2260 2723 2305 ntantes
2752 2251 3216 2321 tripudiantesque
3259 2252 3551 2308 dicebant:

1959 2342 2112 2409 Quod
2145 2358 2271 2398 vere
2302 2344 2534 2406 misisset
2563 2343 2823 2399 Dominus
2852 2328 3101 2412 angelum
3132 2334 3306 2408 suum,
3328 2338 3425 2411 qui
3450 2342 3555 2398 illis

1959 2436 2213 2490 misertus
2243 2432 2449 2490 fuisset.
2485 2434 2619 2489 Tum
2659 2426 2855 2491 deinde
2884 2434 3128 2490 fecerunt
3157 2435 3225 2491 de
3255 2436 3414 2490 rebus
3444 2435 3555 2491 suis

1960 2525 2121 2581 talem
2151 2526 2625 2597 conscriptionem,
2652 2536 2710 2581 ut
2732 2527 2799 2582 de
2822 2528 3069 2596 prmsenti
3097 2537 3319 2583 sanctus
3341 2528 3421 2581 vir
3445 2543 3554 2582 mc-

1960 2616 2218 2673 dietatem
2260 2633 2327 2674 ex
2357 2619 2613 2674 omnibus
2651 2636 2771 2690 quae
2821 2620 3095 2675 habebant
3124 2621 3413 2690 acciperet,
3448 2620 3555 2675 alia

1960 2727 2091 2766 vero
2120 2710 2381 2767 medietas
2408 2721 2529 2782 post
2549 2727 2735 2768 eorum
2764 2714 2970 2768 obitum
3004 2714 3211 2781 integra
3243 2722 3300 2769 et
3323 2714 3556 2768 inteme~

1962 2810 2079 2857 rata
2121 2802 2189 2856 ad
2216 2802 2331 2871 ejus
2358 2804 2656 2873 pertineret
2683 2804 2964 2860 ditionem.
2995 2803 3165 2859 Tanta
3192 2820 3423 2875 namque
3455 2805 3557 2861 illis

1964 2892 2136 2948 inerat
2164 2895 2320 2964 copia
2351 2910 2554 2959 rerum,
2607 2904 2666 2950 ut
2695 2896 2871 2952 nullus
2912 2905 3221 2952 senatorum
3254 2898 3307 2952 in
3338 2898 3557 2968 provin-

1964 2984 2045 3040 cia
2070 2982 2359 3040 Lusitania:
2399 2985 2507 3043 illis
2535 2988 2864 3057 reperiretur
2894 2988 3250 3058 locupletior:
3297 2990 3440 3060 quod
3471 2990 3561 3047 ille

1963 3092 2187 3147 prorsus
2232 3079 2523 3147 recusavit,
2581 3096 2648 3135 ac
2692 3083 2891 3147 renuit,
2943 3082 3225 3153 noluitque
3270 3087 3519 3155 accipere
3543 3074 3570 3137 τ’

261 3189 403 3229 ultor
431 3187 527 3227 sua
557 3186 697 3241 pene
721 3180 931 3225 mortua
960 3178 1123 3234 esset,
1160 3168 1325 3239 cmpit
1353 3184 1475 3224 eum
1507 3166 1634 3224 ﬂetu
1658 3182 1856 3238 magno
1883 3174 1930 3239 ο
1960 3170 2054 3226 sed
2084 3171 2186 3226 illis
2208 3173 2617 3229 obsecrantibus
2647 3174 2978 3244 nimiumque
3001 3176 3306 3244 importune
3326 3166 3569 3232 offeren-V

262 3268 426 3323 enixe
470 3264 737 3334 ﬂagitare,
786 3274 845 3319 ut
872 3263 1078 3318 nullum
1122 3262 1250 3318 illuc
1287 3263 1570 3334 dirigeret,
1616 3264 1712 3318 sed
1742 3264 1859 3332 ipse

259 3371 362 3430 per
385 3372 449 3414 se
479 3358 601 3421 iret,
632 3364 689 3411 et
715 3356 859 3427 quod
883 3356 1106 3421 sciebat,
1141 3370 1301 3410 manu
1329 3354 1546 3424 propria
1581 3354 1859 3424 impende-

261 3459 388 3507 ret:
420 3451 516 3506 sed
544 3450 672 3504 itm:
702 3449 791 3503 ille
820 3463 928 3503 non
953 3454 1236 3510 annueret,
1279 3460 1455 3515 neque
1484 3445 1699 3514 penitus
1725 3460 1858 3500 con-

261 3543 511 3609 sentiret,
552 3541 789 3597 universi
835 3540 1030 3595 fratres
1074 3553 1258 3595 coram
1308 3538 1493 3609 positi,
1525 3546 1581 3592 et
1608 3537 1706 3607 ipSt
1737 3552 1862 3592 eum

261 3656 389 3697 cum
436 3638 684 3709 lacrymis
723 3642 1072 3706 rogaverunt,
1103 3642 1162 3689 ut
1201 3634 1345 3701 iret;
1379 3641 1435 3687 at
1462 3633 1551 3688 ille
1580 3633 1694 3687 ait:
1726 3632 1863 3688 Novi

261 3731 414 3803 quod
442 3730 627 3786 multa:
654 3728 1016 3785 miSerationis
1042 3727 1111 3781 sit
1138 3726 1397 3780 Dominus
1422 3724 1596 3796 (Psal.
1626 3742 1679 3790 ι,
1705 3722 1780 3791 5),
1809 3733 1864 3780 et

262 3824 457 3890 credo,
486 3823 613 3879 dum
660 3821 835 3890 fuero,
864 3820 1009 3892 quod
1037 3818 1245 3875 infirma
1272 3818 1552 3890 pristinam
1582 3825 1867 3888 retuperet

260 3917 519 3982 salutem,
566 3924 621 3971 et
660 3916 788 3971 mihi
836 3915 1017 3970 statim
1068 3912 1330 3970 concedet
1377 3913 1588 3967 veniam
1643 3923 1866 3983 propter

262 4010 1010 4081 meampmsumpti'onem:
1051 4008 1146 4063 sed
1196 4006 1444 4062 homines
1497 4004 1671 4061 malos
1726 4004 1868 4061 hanc

261 4096 403 4156 mihi
455 4115 673 4156 causam
719 4100 955 4171 objicere
1000 4099 1054 4154 in
1103 4097 1443 4169 postmodum
1487 4097 1707 4152 omnino
1757 4111 1868 4150 non

262 4193 501 4257 dubito;
532 4194 619 4249 cui
664 4208 786 4247 cum
834 4206 1022 4246 omnes
1073 4189 1262 4248 fratres
1309 4190 1391 4245 sui
1436 4187 1865 4258 responderent:

260 4282 464 4340 Nullus
508 4297 541 4339 e
583 4283 737 4339 nobis
767 4291 1053 4354 prepterea
1086 4280 1286 4353 aliquid
1335 4280 1576 4335 dicturus
1613 4289 1733 4346 est,
1774 4278 1870 4336 sed

262 4389 460 4449 perge,
503 4374 741 4440 domine,
768 4384 823 4429 et
862 4374 1007 4430 omni
1039 4372 1319 4429 celeritate
1350 4382 1373 4408 ο
1406 4384 1506 4440 age
1536 4370 1689 4437 illud,
1720 4370 1869 4442 quod

261 4466 514 4524 mercedi
539 4475 644 4520 tuie
672 4464 931 4534 proficiet.
960 4463 1199 4519 Tandem
1221 4479 1407 4520 eorum
1438 4463 1689 4534 precibus
1719 4479 1871 4519 com-

1966 3262 2125 3328 tibus,
2153 3270 2211 3318 et
2238 3264 2315 3319 sic
2342 3264 2559 3319 tandem
2589 3274 2813 3320 coactus
2841 3273 2923 3320 est
2946 3268 3220 3336 suscipere
3245 3285 3259 3334 ;
3294 3270 3438 3338 quod
3469 3284 3562 3325 aes

1962 3355 2167 3425 cipiens
2196 3372 2304 3413 non
2346 3364 2456 3411 tam
2502 3358 2736 3427 propriis
2766 3357 2950 3413 usibus
2979 3368 3238 3429 quantum
3286 3361 3561 3429 egentium

1962 3449 2219 3518 pra'cepit
2243 3448 2518 3505 deservire
2545 3449 2976 3506 necessitatibus.
3003 3449 3081 3505 Illi
3104 3459 3283 3507 autem
3312 3467 3342 3506 a
3367 3452 3562 3522 quibus

1964 3540 2016 3597 ei
2071 3540 2312 3597 oblatum
2364 3548 2470 3611 est,
2501 3551 2911 3612 perseverantes
2962 3557 3085 3597 cum
3138 3541 3332 3598 timore
3380 3543 3475 3600 Dei
3507 3544 3561 3600 in

1965 3632 2252 3690 castitate:
2286 3641 2409 3703 post
2437 3649 2545 3689 non
2575 3633 2746 3689 multo
2776 3635 3035 3705 temporis
3065 3634 3349 3689 intervallo
3376 3635 3441 3689 ad
3471 3628 3577 3692 su;

1964 3740 2187 3797 pernam
2211 3726 2438 3796 patriam
2464 3728 2753 3783 vocatione
2775 3727 2956 3781 divina
2980 3726 3167 3782 adsciti
3190 3736 3335 3781 sunt.
3355 3726 3561 3794 Quibus

1965 3816 2234 3874 defunctis
2288 3833 2452 3873 omne
2507 3834 2694 3874 eorum
2752 3818 3134 3888 patrimonium
3190 3819 3560 3875 sanctissimus

1968 3909 2167 3966 Paulus
2196 3908 2483 3981 episcopus
2511 3898 2826 3981 promeruit,
2853 3919 2909 3965 et
2950 3911 3040 3981 qui
3082 3913 3399 3983 peregrinus
3427 3912 3559 3971 nihil

1966 4004 2173 4059 habens
2215 4004 2528 4072 advenerat,
2560 4004 2732 4059 factus
2760 4013 2843 4059 est
2870 4005 3418 4078 cunetigpotcntibus
3458 3998 3577 4077 po-‘

1969 4098 2171 4152 tentior
2227 4097 2280 4152 in
2338 4105 2545 4152 tantum
2579 4140 2595 4165 ,
2652 4107 2717 4153 ut
2772 4099 2950 4153 omnis
3011 4097 3237 4154 facultas
3305 4098 3587 4173 Ecclesia

1971 4192 2037 4247 ad
2061 4192 2520 4263 comparationem
2570 4193 2836 4249 bonorum
2888 4194 3033 4249 illius
3062 4209 3160 4265 pro
3204 4193 3373 4251 nihilo
3410 4202 3562 4266 puta<

1972 4291 2143 4339 retur.

2598 4378 2826 4435 CAPUT
2862 4378 2931 4434 ν.

1977 4496 2173 4551 Fidelis
2205 4500 2414 4551 natione
2455 4494 2688 4558 Crwcua,
2738 4493 2879 4562 ﬁlius
2931 4491 3122 4563 sororis
3158 4491 3311 4547 Pauli
3338 4493 3564 4563 episwpl

260 4558 463 4629 pulsus
494 4555 760 4625 prolicisci
799 4555 1065 4625 pollicitus
1089 4563 1191 4619 est,
1225 4555 1298 4608 ita
1325 4555 1609 4621 duntaxat,
1634 4562 1693 4607 ut
1721 4555 1858 4623 prius

2042 4567 2400 4629 Emeritensis,
2436 4567 2628 4621 virente
2655 4555 2905 4617 denticulo
2943 4560 3252 4634 subrogatur
3283 4564 3337 4617 in
3365 4555 3563 4635 epscb-

261 4648 492 4706 Domini
521 4648 827 4717 exquireret
865 4646 1216 4710 volumatem,
1262 4660 1330 4700 ne
1369 4655 1571 4700 temere
1611 4647 1864 4702 incedens

260 4722 438 4795 facile
464 4746 666 4807 ageret,
698 4752 793 4808 pro
816 4752 925 4806 quo
944 4734 1179 4803 dillicile,
1205 4735 1491 4791 mulctatus
1521 4733 1612 4789 Dei
1640 4736 1863 4805 judicio,

260 4833 336 4888 ad
387 4833 602 4888 veniam
632 4832 866 4893 rediret;
899 4831 1042 4886 illico
1073 4845 1304 4899 namque
1334 4830 1606 4885 basilicam
1636 4832 1865 4886 sanctis-

259 4926 430 4981 sima:
471 4924 692 4994 virginis
720 4922 940 4979 Eulalia:
968 4922 1138 4994 petiit,
1168 4922 1348 4992 ibique
1378 4930 1675 4993 prostratus
1712 4923 1867 4994 pavi-

342 5091 375 5120 ι
410 5081 523 5152 Age
547 5079 705 5144 illud,
732 5080 869 5152 quod
896 5079 1113 5158 mercedi
1146 5080 1553 5158 tuwrproficieta
1593 5078 1875 5158 Ili=panis-

262 5169 403 5208 mus
435 5151 600 5219 putus
628 5151 786 5220 potos
817 5151 1032 5204 mercedi
1062 5161 1162 5204 tua:
1189 5157 1291 5206 est.
1340 5151 1584 5218 Vu'garis
1613 5151 1725 5204 lere
1752 5166 1871 5205 om-

261 5240 375 5280 nes
398 5222 760 5291 cotttpellandi
788 5221 1411 5291 increhuttconsuetudo
1439 5222 1577 5291 apud
1606 5220 1873 5290 Hispanos

261 5292 596 5357 notissima,
638 5302 838 5347 rueslra
866 5290 1105 5355 merced;
1148 5308 1252 5360 qua
1298 5290 1602 5348 urbanitate
1650 5294 1871 5349 nimium

261 5364 582 5422 blandienti
620 5373 791 5434 enato
831 5371 957 5416 sunt
993 5377 1199 5434 ezeterze
1234 5365 1703 5434 compellalinnes.
1753 5381 1873 5434 qua:

261 5438 448 5506 vulgo
477 5443 637 5506 noue.
678 5433 976 5487 Remanent
1004 5433 1141 5506 apud
1171 5431 1393 5506 Paulum
1425 5445 1661 5490 nostrum
1693 5431 1877 5506 llispa-

259 5503 698 5578 ttisn_i_vestigia
729 5519 835 5578 non
860 5503 1024 5557 semel
1052 5518 1067 5564 ;
1107 5504 1350 5578 ut_i_apud
1380 5503 1876 5578 caeterosHScdptoo

259 5592 372 5658 res
396 5574 673 5658 Hispania:
697 5575 1039 5658 observatum
1055 5588 1092 5658 .a
1112 5574 1242 5629 viris
1267 5574 1439 5634 doctis
1465 5586 1568 5633 est.
1607 5574 1878 5637 Orientius

166 5686 167 5689 η
260 5644 678 5706 liliberritanus
704 5647 756 5699 in
785 5644 1113 5700 Commonit.

412 5737 541 5805 Hinc
560 5738 759 5805 cohibet
778 5744 932 5805 totum
960 5738 1091 5799 pacis
1112 5740 1367 5805 concordia
1391 5743 1640 5805 mundum,

480 5801 601 5861 Quae
622 5802 782 5854 brutis
800 5800 944 5852 etiam
972 5812 1083 5852 cum
1106 5803 1298 5853 ratione
1319 5802 1481 5857 datur.

2044 4650 2187 4709 pata.

2047 4751 2285 4821 Denique
2329 4765 2448 4803 cum
2496 4748 2757 4818 plurimos
2801 4762 2897 4817 per
2941 4763 3113 4802 annos
3151 4748 3289 4804 felici
3323 4756 3565 4819 tempore

1974 4862 2071 4903 sua
2100 4861 2221 4901 cum
2255 4844 2410 4913 plebe
2432 4843 2700 4896 frueretur
2724 4848 2779 4897 et
2803 4839 3039 4910 jucunde
3067 4840 3177 4897 Deo
3206 4842 3413 4904 vivens,
3447 4842 3564 4912 ple-

1975 4956 2076 4995 ntts
2098 4928 2315 5007 semper
2345 4934 2628 4989 virtutibus
2653 4932 2889 4999 ﬂoreret,
2942 4933 3143 4989 accidit
3171 4933 3259 4990 die
3306 4933 3563 5004 quadam,

1980 5094 2080 5152 Ubi
2121 5098 2173 5151 in
2198 5095 2321 5148 Mss.
2354 5077 2421 5145 co-
2453 5077 2606 5155 rit-ne,
2629 5089 2771 5160 quod
2802 5088 3023 5159 Hispani
3052 5090 3240 5144 dicunt
3260 5106 3355 5143 con
3384 5088 3565 5142 mne/ia

1977 5184 2137 5223 racon
2154 5207 2170 5231 ,
2195 5166 2296 5221 hoc
2317 5175 2395 5217 est
2420 5162 2644 5217 merito.
2667 5162 2839 5226 juste,
2865 5178 2971 5231 non
2997 5177 3111 5215 stne
3132 5176 3319 5223 cauea,
3348 5167 3591 5231 notante

1979 5240 2049 5294 cl.
2093 5229 2164 5291 M.
2204 5235 2267 5290 A.
2311 5234 2403 5288 Del
2436 5233 2555 5288 Rm.
2603 5231 2855 5301 Eulogius
2891 5230 3252 5285 Cordultensis
3293 5244 3396 5282 nott
3425 5229 3563 5283 absi-

1978 5310 2178 5364 ntiliter
2224 5308 2311 5361 lib.
2348 5306 2548 5359 tMt-m.
2576 5303 2676 5359 SS.
2712 5322 2726 5356 :
2771 5302 2878 5359 Sed
2906 5303 2959 5356 in
2998 5304 3210 5357 reritale
3237 5301 3429 5353 crimen
3458 5317 3566 5354 esse

1982 5379 2246 5439 fatendum
2266 5389 2359 5437 est,
2382 5376 2608 5429 latitare.
2628 5374 2959 5441 Frequenter
2972 5373 3113 5427 enim
3135 5371 3404 5441 quippiam
3429 5385 3503 5423 ας»
3518 5387 3548 5425 e

1977 5444 2026 5507 ἢ.
2048 5459 2230 5505 rantes
2258 5449 2541 5515 incipinms
2564 5463 2627 5499 en
2656 5439 2862 5507 rerdad,
2894 5444 3213 5515 observante
3229 5439 3416 5494 Moral.
3440 5440 3563 5498 Not.

1979 5523 2048 5578 ad
2073 5521 2258 5587 Eulog.
2286 5508 2432 5573 nunt.
2458 5516 2527 5569 20
2550 5525 2603 5570 et
2625 5516 2640 5568 l
2664 5516 2715 5570 b.
2747 5532 2802 5580 ll,
2827 5512 3045 5587 c:tp._j_:
3074 5508 3309 5587 Necnon
3332 5527 3396 5565 ea:
3422 5523 3568 5587 parte

1978 5596 2171 5663 lingua:
2210 5581 2477 5663 ἈναὸἱιταξΔ
2498 5588 2761 5653 comitas,
2803 5581 2906 5663 _nbi
2934 5581 3345 5663 _Hispanismunt
3400 5583 3564 5663 etiam

1978 5654 2224 5734 agnoscit
2249 5677 2264 5719 :
2289 5676 2409 5734 nam
2435 5658 2764 5734 frequenter
2802 5655 3071 5734 loquimur
3109 5670 3203 5721 por
3230 5663 3379 5734 parte
3416 5654 3482 5709 de
3506 5669 3565 5707 su

1928 5806 1935 5817 _
1979 5724 2146 5792 uirtuti
2173 5750 2264 5788 era
2293 5730 2399 5785 mni
2428 5724 2565 5783 om
2586 5727 2817 5798 querido,
2843 5734 2899 5781 et
2927 5724 2980 5781 id
3005 5738 3173 5800 genus
3203 5727 3480 5798 pleraque.
