4118 6332
623 277 729 336 155

1851 267 2059 325 PAULI
2096 266 2471 326 EMERITANI
2509 270 2782 330 DIACONI

3791 282 3890 338 rso

622 404 677 447 ta
719 385 1052 459 pervenisset
1095 382 1164 441 ad
1191 384 1406 446 atrium,
1447 382 1690 454 protinus
1720 396 1845 437 cum
1883 398 1962 437 vrr
1987 390 2203 438 sanctus
2232 387 2280 444 Α
2307 384 2448 440 cium
2478 401 2597 442 esse
2616 387 2976 458 completum;
3010 403 3114 459 quo
3136 390 3353 461 expleto
3379 391 3541 461 paulo
3570 391 3743 449 adhuc
3770 374 3893 455 ante

621 470 1176 550 anterrogavit,quali
1224 478 1354 531 hora
1386 475 1452 531 de
1490 473 1743 546 przedicto
1786 475 1908 532 loco
1957 489 2203 544 egressus

622 572 853 629 fuisset?
883 572 984 638 Qui
1014 570 1113 636 illi,
1140 576 1193 624 et
1222 569 1408 622 horam
1435 566 1488 620 in
1517 582 1621 636 qua
1648 576 1977 631 surrexerat,
2010 575 2067 621 et
2094 582 2208 621 mo-

619 681 733 722 ram
763 680 923 736 quam
969 663 1035 718 ad
1065 671 1271 733 portam
1302 660 1521 724 fecerat,
1553 660 1825 715 enarravit
1849 677 1865 727 ;
1888 674 2048 729 quem
2081 674 2207 713 cum

618 760 700 813 vir
731 757 825 812 Dci
853 755 1220 824 interrogavit,
1251 755 1295 809 si
1342 752 1542 822 aliquid
1583 753 1843 808 vidisset?
1867 754 1975 820 ille,
2008 752 2208 809 vidisse

617 863 677 907 se
704 847 963 904 fateretur
982 865 1003 919 ;.
1029 848 1172 901 hunc
1212 846 1509 910 admonuit,
1552 855 1608 902 et
1633 861 1915 917 quousque
1942 847 2057 917 ipse
2083 862 2208 901 san-

617 954 735 1001 ctus
764 945 846 997 vir
870 945 921 997 in
947 957 1177 1012 corpore
1203 950 1365 1007 esset,
1399 941 1531 995 nulli
1560 941 1807 1012 referret,
1835 958 1903 998 ne
1928 943 1979 997 ei
2006 942 2072 997 ad
2104 943 2206 996 im-

616 1051 773 1091 mane
794 1035 1087 1105 pcriculum
1108 1036 1426 1104 pertineret.
1451 1034 1567 1090 Alia
1590 1050 1805 1105 quoque
1825 1036 1942 1090 vice
1961 1035 2209 1090 similiter

614 1142 737 1183 eum
767 1126 984 1195 quidam
1025 1127 1307 1195 religiosus
1336 1142 1457 1181 curn
1504 1125 1851 1181 multitudine
1890 1122 2206 1183 sanctorum

612 1217 845 1290 quadarn
864 1226 1023 1272 nocte
1038 1217 1105 1272 de
1121 1217 1352 1273 ecclesia
1364 1226 1563 1273 sanctae
1581 1216 1801 1272 Eulalia:
1815 1218 2204 1288 egredientem,

611 1316 667 1364 et
697 1325 791 1381 per
819 1309 1094 1365 basilicam
1127 1309 1416 1380 Martyrum
1445 1318 1661 1365 euntem
1688 1311 1837 1377 vidit,
1866 1312 1962 1367 sed
1994 1312 2208 1371 incaute

611 1415 795 1472 agens,
850 1402 1032 1457 multis
1078 1402 1260 1456 statim
1305 1401 1588 1468 indicavit;
1627 1409 1904 1473 postremo
1934 1403 2000 1457 ad
2029 1404 2207 1459 virum

610 1490 708 1548 Dei
740 1492 979 1556 veniens,
1009 1499 1065 1546 et
1093 1492 1143 1546 ei
1171 1493 1315 1561 quod
1363 1493 1593 1562 viderat,
1622 1495 1826 1558 retulit,
1857 1496 1944 1550 cui
1973 1496 2063 1551 ille
2087 1497 2163 1551 ait
2189 1514 2202 1551 :

610 1584 729 1643 Hoc
758 1596 816 1642 ut
844 1586 1022 1640 vidisti
1049 1585 1160 1655 jam
1191 1586 1384 1641 alicubi
1410 1586 1612 1651 dixisti,
1646 1595 1739 1641 aut
1778 1604 1885 1645 non
1908 1589 1933 1641 ?
1974 1589 2065 1658 qui
2096 1597 2206 1644 sta-

610 1679 706 1733 tim
738 1678 1087 1748 respondens,
1114 1678 1428 1748 simpliciter
1455 1677 1730 1749 professus
1772 1689 1851 1735 est
1882 1696 1940 1735 se
1962 1681 2161 1736 dixisse
2188 1700 2202 1750 ;

2309 476 2571 546 gallorum
2613 488 2830 534 cantum
2876 496 2997 535 cum
3029 481 3274 537 laudibus
3320 495 3683 551 pervenerunt
3708 487 3773 539 ad
3806 503 3893 545 ec.

2310 567 2528 624 elesiam
2554 568 2610 624 S.
2646 569 2827 625 Maria:
2870 572 2936 627 ad
2974 572 3313 627 basiliculam
3341 573 3398 627 S.
3431 572 3673 642 Joannis,
3707 577 3758 631 in
3789 594 3891 648 qua

2312 660 2683 731 baptisterium
2713 672 2817 728 est,
2848 680 2968 735 qua:
2996 666 3218 720 nimium
3247 668 3497 736 contigua
3528 670 3777 726 antefatae
3800 672 3893 726 ba-

2310 753 2473 809 silica:
2501 756 2706 825 pariete
2743 765 2948 812 tantum
2976 758 3300 829 interposito
3339 768 3568 831 utraque
3608 778 3717 817 uno
3772 762 3891 819 tecti

2315 847 2549 915 tegmine
2597 858 2980 919 conteguntur,
3028 838 3401 921 explicitisqae
3433 852 3680 909 laudibus
3714 870 3893 925 cmpe-

2312 946 2447 1009 runt
2472 939 2539 993 ad
2569 941 2799 997 invicem
2826 941 3005 999 dicere
3031 961 3043 1007 ς
3092 943 3234 999 Ecce
3262 946 3520 1000 continuo
3549 946 3678 1001 liora
3706 958 3814 1016 est,
3842 960 3896 1007 ut

2313 1028 2526 1098 signum
2555 1030 2671 1085 dari
2698 1030 2925 1097 debeat;
2969 1032 3046 1087 ob
3080 1033 3185 1088 hoc
3207 1032 3356 1103 prius
3384 1020 3608 1092 necesse
3635 1046 3737 1100 est,
3770 1048 3829 1092 ut
3848 1038 3895 1095 id

2312 1135 2411 1191 pro
2440 1137 2548 1191 quo
2573 1122 2824 1177 destinati
2855 1139 3075 1192 sumus,
3121 1125 3471 1184 ordiuemus:
3524 1141 3753 1196 cumque
3800 1130 3894 1187 hoc

2311 1210 2588 1279 dixissent,
2614 1225 2978 1285 apparuerunt
3001 1217 3053 1271 in
3078 1229 3378 1288 conspectu
3398 1232 3588 1274 eorum
3615 1219 3895 1292 Ethiopes

2310 1304 2438 1358 tetri
2460 1305 2793 1376 nimiumque
2816 1308 3102 1374 terribiles,
3134 1323 3366 1378 quorum
3392 1319 3597 1365 statura
3623 1312 3896 1369 videbatur

2310 1409 2431 1449 esse
2475 1395 2746 1465 gigantea,
2776 1397 2999 1467 nigredo
3029 1412 3289 1469 perquam
3320 1400 3620 1463 teterrima.
3651 1401 3722 1455 ita
3755 1411 3895 1459 utex

2311 1484 2429 1553 ipso
2459 1500 2645 1540 eorum
2677 1495 2794 1542 toto
2819 1488 3016 1543 intuitu
3046 1489 3378 1560 nimiumque
3406 1500 3527 1546 atro
3556 1491 3700 1547 vultu
3726 1494 3895 1563 palam

2311 1578 2553 1631 cernenti
2582 1577 2802 1633 daretur
2824 1579 3047 1649 intelligi
3082 1580 3228 1650 ipsos
3255 1582 3611 1651 proculdubio
3640 1590 3897 1639 tartareos

2312 1685 2430 1725 esse
2459 1671 2732 1726 ministros
2757 1689 2771 1738 ;
2812 1674 3012 1742 quique
3041 1674 3203 1729 etiam
3230 1676 3532 1744 romphaeas
3563 1691 3611 1728 ac
3631 1675 3897 1732 ntissimas

609 1767 677 1822 ad
704 1768 819 1823 lucc
864 1768 950 1822 ille
983 1768 1190 1838 inquit:
1236 1768 1513 1838 lndulgeat
1544 1771 1637 1825 tibi
1686 1771 1962 1835 Dominus,
2016 1773 2203 1845 frater,
2234 1776 2283 1838 B
2308 1761 2420 1817 θυῖε
2447 1763 2730 1831 Βεδιίιδθηι
2756 1764 2808 1818 in
2840 1766 3107 1831 mallibus:
3138 1767 3333 1837 (ιυίιιυε
3374 1783 3499 1822 11ιοί
3539 1769 3710 1823 δθηειί
3753 1768 3896 1823 diter

608 1872 716 1914 non
748 1872 899 1914 recte
930 1859 1121 1924 fecisti,
1164 1861 1278 1915 scio
1310 1860 1468 1932 igitur
1495 1863 1619 1931 quia
1649 1863 1741 1917 tibi
1772 1864 1825 1919 in
1854 1861 2035 1920 futuro
2058 1865 2207 1936 judi-

606 1950 693 2006 cio
719 1966 828 2005 non
858 1953 1193 2021 reputabitur
1222 1952 1288 2005 ad
1320 1953 1534 2023 culpam
1566 1972 1578 2007 :
1622 1955 1833 2009 interim
1863 1957 2022 2026 vade,
2050 1973 2208 2012 com-

606 2042 845 2107 munTca,
871 2050 927 2097 et
954 2043 1019 2097 da
1053 2044 1209 2098 nobis
1239 2045 1481 2099 osculum
1509 2062 1524 2110 ;
1554 2046 1762 2101 valefac
1786 2048 2057 2109 omnibus.
2081 2050 2208 2119 quia

606 2133 781 2189 iturus
808 2150 867 2189 es
900 2144 1100 2201 tamen,
1131 2144 1185 2189 et
1212 2136 1394 2191 domui
1424 2148 1529 2192 tua:
1556 2140 1655 2194 sub
1682 2141 1828 2195 ornni
1860 2139 2211 2198 festinatione

607 2223 854 2293 dispone,
886 2234 941 2279 et
968 2227 1012 2279 si
1052 2226 1327 2281 desideras
1357 2229 1650 2283 remedium
1679 2231 2009 2297 poenitentia:
2037 2233 2211 2302 perci-

606 2331 694 2388 pe.
731 2317 830 2384 Qui
864 2335 989 2372 mox
1035 2327 1256 2390 accepta
1302 2320 1617 2389 pmnitentia
1648 2320 2015 2392 dispositaque
2044 2324 2208 2381 domo

607 2423 723 2473 sua,
750 2408 1074 2466 valefaciens
1115 2411 1344 2479 cunctis,
1394 2412 1642 2480 sequenti
1694 2421 1854 2469 nocte
1900 2414 2210 2484 migravite

608 2514 855 2573 corpore.
1416 2512 1419 2515 ‘
2200 2504 2205 2517 ‘

1201 2614 1429 2672 CAPUT
1472 2615 1603 2671 VIII.

608 2702 806 2760 Fidelis
831 2709 1103 2783 episcopus
1138 2710 1331 2783 visione
1370 2708 1665 2783 admonitus
1696 2709 1844 2783 bonis
1872 2728 1929 2765 tn
1956 2727 2204 2783 pauperes

929 2779 1223 2833 distributis
1252 2780 1444 2850 migrat
1473 2781 1540 2832 ad
1575 2779 1874 2836 Dominum.
1942 2794 1945 2797 '

677 2866 902 2922 Cuidam
932 2869 1051 2922 viro
1075 2869 1327 2939 religioso
1351 2870 1546 2925 iterum
1570 2870 1853 2928 intendere
1877 2872 1945 2928 ad
1968 2872 2205 2930 officium

510 2951 515 2956 ’
607 2959 1027 3015 ecclesiasticum
1057 2962 1355 3016 recurrenti
1381 2963 1613 3033 quadam
1644 2974 1805 3021 nocte
1842 2965 1967 3021 dum
2009 2968 2061 3021 in
2092 2968 2205 3023 lec-

607 3051 720 3108 tulo
750 3068 847 3107 suo
885 3053 1225 3122 intempesta:
1251 3054 1423 3109 noctis
1447 3055 1663 3111 silentio
1686 3073 1887 3129 sopore
1916 3056 2207 3130 depressus

2310 1863 2437 1909 runt
2462 1872 2474 1907 :
2518 1853 2629 1910 Sub
2659 1856 2805 1910 omni
2835 1856 3117 1911 celeritate
3147 1867 3435 1927 pergentes
3465 1859 3530 1913 ad
3562 1860 3785 1926 atrium,
3824 1861 3896 1915 iu-

2311 1946 2593 2013 gredimini
2635 1948 2824 2001 cellam
2851 1991 2864 2012 ,
2898 1949 2952 2001 in
2997 1963 3102 2017 qua
3133 1960 3351 2007 sanctus
3398 1952 3591 2008 Fidelis
3616 1953 3897 2024 episc0pus

2305 2034 2476 2105 jacet,
2506 2047 2561 2091 et
2590 2038 2857 2108 percutite
2882 2054 3006 2093 eum
3037 2040 3263 2097 vulnere
3303 2043 3449 2110 gravi
3481 2043 3532 2097 in
3562 2059 3816 2113 corpore,
3847 2053 3897 2099 ut

2312 2130 2491 2183 anima
2521 2128 2640 2199 ejus
2678 2132 3001 2199 quantocius
3031 2133 3313 2201 egrediens
3345 2149 3375 2188 e
3413 2134 3679 2202 corporali
3711 2143 3897 2189 catena

2314 2221 2596 2277 nobiscum
2628 2221 2694 2274 ad
2727 2220 3012 2276 Dominum
3046 2234 3287 2278 nostrum
3318 2222 3502 2278 Jesum
3529 2223 3824 2289 Christum,
3852 2235 3898 2279 et

2312 2313 2380 2367 ad
2429 2324 2781 2384 prmparatam
2824 2314 2927 2369 sibi
2973 2317 3143 2385 possit
3183 2318 3467 2386 pervenire
3494 2332 3779 2373 coronam.
3805 2317 3897 2382 Qui

2310 2401 2456 2457 illico
2475 2404 2643 2471 jussui
2662 2403 2771 2476 [AL
2785 2402 2919 2472 jussi
2933 2403 2945 2475 Ι
2967 2406 3428 2475 obtemperantes,
3454 2409 3896 2474 ambulaverunt;

2309 2496 2403 2551 sed
2433 2512 2555 2551 eum
2581 2497 2800 2552 minimc
2822 2500 3191 2568 percutientcs
3213 2502 3416 2555 reversi
3448 2511 3593 2565 sunt,
3617 2503 3893 2558 dicentes:

2306 2586 2368 2642 In
2393 2586 2582 2643 cellam
2631 2590 2748 2657 ejus
2777 2590 3000 2644 minime
3029 2590 3234 2658 ingredi
3282 2607 3590 2661 possumus,
3615 2595 3746 2662 quia
3798 2609 3896 2649 non

2308 2678 2529 2742 dormit,
2562 2681 2655 2736 sed
2686 2682 2738 2736 in
2765 2690 2909 2737 terra
2934 2691 3239 2751 prostratus
3260 2682 3408 2753 jacet
3434 2694 3489 2739 et
3509 2696 3658 2753 orat;
3684 2687 3895 2757 insuper

2248 2814 2251 2819 μ
2311 2780 2462 2828 tanto
2514 2774 2878 2845 thymiamatis
2924 2776 3247 2831 suavrssimo
3276 2776 3446 2832 odore
3492 2777 3626 2832 cella
3676 2778 3793 2845 ipsa
3822 2795 3895 2835 re-

2307 2864 2478 2931 dolet,
2510 2873 2570 2918 ut
2614 2865 2759 2920 nitor
2799 2874 2960 2920 tanta:
3014 2864 3322 2934 fragrantiuc
3363 2868 3569 2923 incensi
3608 2870 3703 2938 qui
3742 2870 3811 2925 ab
3837 2885 3895 2925 eo

2309 2956 2526 3012 oblatus
2547 2965 2631 3012 est
2658 2956 2890 3013 Domino
2921 2974 3021 3015 nos
3050 2958 3176 3015 illuc
3205 2962 3421 3030 penitus
3450 2960 3651 3015 intrare
3674 2978 3806 3043 _nou
3832 2961 3895 3016 si-

2309 3058 2420 3103 nat.
2452 3047 2656 3115 Quibus
2700 3049 2880 3105 denuo
2931 3060 3324 3121 praeceperunt,
3384 3052 3624 3107 dicentes
3652 3071 3666 3106 :
3698 3053 3781 3110 ite
3805 3097 3819 3121 ,
3849 3061 3895 3110 et

606 3144 827 3215 iaceret,
860 3145 1033 3199 visum
1059 3154 1157 3210 est,
1187 3154 1211 3182 ι
1238 3146 1385 3215 quod
1417 3146 1627 3215 signum
1657 3147 1724 3202 ad
1754 3148 2079 3204 matutinum
2110 3150 2205 3206 de-
2233 3155 2281 3220 ς
2309 3142 2575 3212 percutite
2613 3155 2758 3207 eum,
2788 3142 2913 3211 quia
2941 3142 3111 3211 jussio
3164 3143 3377 3198 Domini
3401 3153 3487 3199 est
3535 3145 3891 3217 adimplenda.

608 3234 814 3302 disset;
855 3236 945 3305 qui
974 3236 1154 3291 statim
1194 3251 1523 3307 consurgens
1562 3239 1709 3293 omni
1759 3238 2105 3297 festinatione
2134 3241 2202 3296 ad

606 3322 925 3390 Ecclesiam,
958 3340 1025 3380 ne
1065 3326 1115 3380 ei
1146 3336 1358 3396 tempus
1386 3328 1631 3383 sacrilicii
1660 3331 1980 3399 pneteriret,
2014 3348 2204 3388 occur-

606 3417 696 3480 rit,
754 3432 1024 3486 cursuque
1065 3419 1405 3487 rapidissimo
1448 3435 1762 3489 properans,
1795 3421 2203 3478 anhelabundus

606 3505 731 3561 illuc
759 3506 1040 3576 pervenit:
1072 3516 1126 3560 at
1156 3507 1181 3545 δ
1214 3508 1301 3563 ubi
1352 3510 1622 3577 ingressus
1650 3520 1733 3566 est
1762 3513 2044 3567 ecclesiam
2072 3528 2200 3569 san-

606 3612 709 3654 cta:
739 3598 939 3663 Maria),
987 3614 1106 3669 qur.
1152 3599 1348 3654 Sancta
1376 3599 1711 3658 Hierusalem
1742 3619 1883 3658 nunc
1914 3619 2086 3675 usque
2114 3621 2205 3661 v0-

605 3701 779 3757 catur,
813 3692 1016 3747 audivit
1044 3708 1202 3748 voces
1249 3693 1398 3748 mira:
1442 3695 1822 3751 modulationis
1864 3699 2198 3768 canentium,

605 3785 999 3857 inspiciensquc
1026 3787 1093 3842 ad
1114 3788 1358 3851 chorum,
1392 3787 1524 3842 vidit
1546 3796 1777 3843 stantem
1803 3789 2203 3847 multitudinem

604 3884 959 3943 sanctorum;
1006 3877 1098 3947 qui
1147 3878 1310 3932 nimio
1362 3893 1563 3948 pavore
1605 3895 1900 3935 concussus
1929 3890 2093 3951 atque
2141 3882 2197 3936 in

607 3976 897 4024 tremorem
930 3984 1115 4024 versus
1161 3986 1281 4025 sese
1327 3971 1377 4025 in
1409 3970 1661 4038 angulum
1704 3972 1936 4026 basilica:
1979 3972 2203 4028 siientcr

606 4059 851 4125 contulit,
881 4067 1044 4128 atque
1102 4060 1261 4114 tacite
1290 4061 1689 4130 contemplans,
1721 4063 1949 4117 sollicite
1989 4064 2202 4119 auscul-

607 4162 744 4220 tans,
776 4152 979 4207 audivit
1007 4160 1271 4207 consueto
1314 4152 1507 4208 ordine
1533 4168 1695 4209 omne
1738 4155 1804 4209 ab
1834 4155 1911 4209 eis
1940 4155 2058 4225 ejus
2085 4154 2203 4210 olli-

676 4301 701 4328 ι
736 4289 886 4357 Quod
912 4290 1113 4360 signum
1143 4288 1213 4342 ad
1242 4289 1548 4341 matutinum
1574 4288 1818 4360 dedisset.
1845 4287 1934 4360 Sic
1962 4290 2202 4360 inferius,

605 4359 739 4415 Ecce
775 4358 1016 4415 continuo
1056 4361 1183 4414 hora
1221 4368 1378 4412 estut
1413 4360 1618 4428 signum
1659 4358 1772 4412 dari
1803 4359 2004 4414 debeat.
2051 4358 2205 4416 Anti-

605 4432 889 4500 quissimus
911 4432 997 4485 llic
1025 4432 1074 4485 in
1101 4429 1343 4484 Ecclesia
1365 4430 1517 4498 signo
1541 4431 1667 4483 dato
1689 4430 1752 4481 ad
1788 4430 1946 4485 liores
1975 4447 2203 4500 congre-

604 4502 761 4570 gandi
791 4503 1182 4556 ecclesiasticos
1221 4501 1366 4555 viros
1412 4516 1529 4554 mos
1567 4510 1669 4555 est.
1702 4500 1809 4554 Sed
1839 4512 2073 4569 quatuor
2097 4505 2200 4557 hoc

607 4572 780 4627 modis
820 4588 915 4641 pro
963 4573 1273 4626 diversitate
1315 4581 1617 4639 temporum
1658 4571 1910 4626 elfectmn
1952 4573 2195 4627 animad-

608 4643 761 4705 verti,
797 4642 960 4707 ligno,
988 4659 1112 4704 mre,
1144 4658 1297 4706 voco,
1324 4658 1545 4697 cursore
1599 4641 1675 4696 De
1706 4645 1866 4710 ligno,
1898 4643 2197 4697 Amniarius

608 4729 657 4767 tv
682 4713 748 4767 de
769 4712 919 4766 Ollic.
952 4713 1085 4768 rliul.
1108 4710 1178 4763 25
1206 4731 1216 4764 :
1252 4714 1430 4782 Liqnei
1460 4716 1784 4767 instrumenti
1813 4730 1939 4767 sono
1962 4713 2197 4766 utebatur

607 4783 843 4837 Ecclesia
879 4782 1026 4837 Rom.
1069 4784 1292 4853 antiquis
1323 4785 1666 4850 temporibus,
1711 4784 1915 4853 quando
1957 4785 2197 4838 latitabat

606 4871 697 4924 per
725 4863 929 4923 cryptas
961 4864 1168 4924 propter
1197 4866 1563 4922 persecutores.
1617 4854 1775 4909 Liber
1815 4855 2195 4909 miraculorum

606 4925 869 4996 {annstnsii
911 4924 1156 4995 Murtyris
1196 4927 1247 4977 in
1284 4941 1355 4980 vrt
1389 4929 1604 4994 synoL,
1656 4936 1762 4979 act.
1800 4924 1859 4988 4,
1905 4925 2194 4996 recitatos,

606 4993 873 5066 Lignaque
911 4993 1061 5048 sacra
1102 4997 1362 5065 pulsantes
1404 4993 1617 5050 invicem
1655 4998 1853 5050 obviam
1892 4996 2016 5066 facti
2054 4993 2192 5048 sunt.

608 5066 684 5135 De
724 5082 859 5127 :ore,
891 5066 1066 5120 notius
1112 5077 1223 5129 est,
1252 5083 1411 5132 quam
1458 5078 1515 5121 ut
1543 5069 1628 5121 hic
1652 5067 1910 5135 exemplis
1958 5070 2195 5133 pateliat.

607 5134 724 5190 Vid.
756 5136 904 5205 plura
934 5137 1073 5200 apud
1106 5138 1260 5191 .loan.
1291 5138 1550 5207 Steplian.
1579 5134 1854 5190 Durandu
1886 5135 2065 5207 derit.
2086 5135 2202 5207 Ec-

607 5204 936 5262 cles.’(}ath.
980 5207 1067 5261 22.
1118 5207 1191 5261 De
1230 5204 1405 5274 voce,
1441 5207 1661 5262 llieron.
1705 5207 1861 5275 epist.
1909 5204 1977 5258 Ξῖ
2018 5223 2031 5262 ;
2076 5206 2203 5262 Post

606 5278 831 5350 Alleluia
856 5286 1139 5343 cantatum,
1171 5296 1268 5350 quo
1300 5282 1445 5349 signo
1472 5277 1789 5350 pocabantur
1817 5277 1885 5330 ad
1914 5277 2199 5350 collectam,

612 5356 716 5403 etc.
749 5349 803 5401 in
842 5347 1193 5405 monasterio
1217 5347 1413 5403 Paulm.
1466 5349 1541 5403 De
1577 5349 1918 5411 cursoribus,
1968 5347 2203 5415 lgnatius

610 5418 813 5490 Martyr
850 5421 1007 5489 epist.
1031 5421 1097 5474 ad
1129 5421 1406 5490 Polycarp.
1440 5435 1455 5484 ;
1488 5419 1551 5473 iis
1573 5420 1860 5473 utebantur
1886 5418 2194 5484 Christiani,

613 5490 688 5561 uti
719 5489 889 5557 ligno,
928 5502 1151 5561 propter
1176 5489 1580 5561 perseeutores,
1606 5492 1718 5561 sed
1747 5490 1899 5543 initio
1926 5490 2198 5547 nascentis

614 5559 880 5615 Ecclesiae.
928 5559 1089 5632 Signa
1136 5559 1286 5623 vero,
1336 5562 1449 5614 sive
1496 5560 1873 5632 tintinnabula,
1916 5570 2011 5632 aut
2056 5570 2196 5632 nota:

613 5644 825 5699 semper
866 5632 918 5686 in
950 5629 1315 5695 eminentiori
1368 5632 1508 5687 loco.
1564 5629 1863 5687 Einhardus
1915 5631 2004 5685 lib.
2030 5648 2085 5686 nt
2127 5631 2197 5686 de

616 5700 965 5760 translatione
1005 5704 1102 5761 SS.
1144 5703 1437 5759 Marcellini
1476 5711 1532 5759 et
1575 5702 1719 5759 Petri
1754 5718 1873 5769 cap.
1921 5703 2008 5756 iii.
2060 5701 2196 5755 Tur-

616 5771 793 5841 rcula,
832 5791 947 5850 qua
974 5778 1125 5852 signa
1156 5776 1382 5836 basilij
1422 5774 1744 5848 continebat,
1777 5774 1841 5832 ab
1869 5775 1941 5832 eis
1965 5773 2192 5851 conspici

1390 5878 1419 5887 ⁸*
1438 5890 1441 5893 .

2309 3236 2413 3303 Qui
2442 3252 2563 3291 cum
2590 3233 2837 3302 fuissent,
2870 3251 2971 3290 nec
2993 3237 3194 3291 intrare
3217 3236 3539 3305 potuissent,
3568 3248 3894 3294 revertentes

2306 3327 2503 3383 iterum
2533 3327 2785 3381 dixerunt
2808 3344 2820 3380 :
2848 3326 3013 3381 Vacat
3033 3327 3209 3382 oratio
3237 3327 3454 3397 quando
3475 3328 3620 3382 venit
3652 3329 3893 3384 vocatio:

2306 3419 2403 3475 sed
2435 3420 2510 3474 ite
2561 3428 2616 3474 et
2643 3419 2863 3490 implete
2894 3427 3219 3489 pratceptum
3252 3419 3484 3486 Domini,
3537 3420 3682 3490 quod
3735 3420 3892 3476 semel

2306 3509 2496 3566 datum
2524 3518 2607 3567 est
2631 3525 2973 3581 nequaquam
3002 3508 3308 3564 transcendi
3340 3518 3535 3580 potest.
3568 3510 3638 3563 At
3669 3510 3761 3565 ubi
3793 3520 3892 3566 ter-

2307 3604 2382 3659 tio
2411 3602 2645 3671 fuerunt,
2672 3605 3018 3674 permittente
3048 3600 3179 3668 Deo,
3210 3602 3434 3670 ingressi
3459 3610 3608 3668 sunt,
3634 3611 3744 3657 tam
3777 3604 3891 3659 forti

2305 3695 2512 3750 scilicet
2542 3710 2704 3749 manu
2753 3694 2952 3751 crudeli
2992 3709 3118 3749 eum
3167 3704 3570 3765 percusserunt,
3622 3704 3683 3749 ut
3709 3712 3890 3752 vocem

2305 3802 2466 3858 quam
2495 3788 2676 3842 emisit
2704 3802 2826 3843 cum
2856 3787 3046 3842 dolore
3075 3787 3226 3856 gravi
3276 3786 3561 3855 simulque,
3592 3796 3649 3842 et
3674 3789 3889 3855 gemitu,

2306 3882 2351 3936 is
2400 3882 2491 3952 qui
2541 3881 2596 3935 in
2653 3880 2882 3935 ecclesia
2933 3879 3112 3934 stabat
3163 3878 3446 3947 religiosus
3495 3878 3643 3933 clare
3671 3878 3887 3933 audivit.

2306 3975 2471 4030 Facto
2495 3989 2626 4029 vero
2652 3972 2884 4026 diluculo
2938 3970 3002 4025 ad
3033 3979 3277 4025 sanctum
3301 3969 3613 4039 episcOpum
3645 3971 3889 4034 accessit,

2306 4074 2363 4120 et
2385 4073 2574 4119 cuncta
2604 4078 2724 4131 qua:
2754 4062 2958 4116 viderat
2986 4075 3217 4130 qumque
3245 4061 3408 4114 etiam
3436 4059 3681 4113 audierat
3702 4060 3753 4114 ei
3776 4060 3890 4114 inti-

2307 4159 2493 4224 mavit,
2524 4157 2610 4212 cui
2636 4157 2728 4212 ille
2774 4156 2881 4209 ait:
2914 4153 3061 4222 Scio,
3117 4152 3192 4208 fili
3239 4152 3332 4218 tni,
3363 4155 3496 4220 scio,
3526 4162 3695 4209 etme
3749 4152 3890 4207 nullo

2306 4291 2572 4359 potuisset.
2599 4288 3011 4357 Campanarium
3042 4297 3186 4341 vocat
3208 4287 3607 4359 MalaxusNid.
3634 4286 3680 4342 Ι.
3705 4288 3771 4345 C.
3794 4288 3891 4344 Bu-

2307 4357 2636 4428 cengerinm,
2668 4359 2755 4412 lilr.
2789 4376 2859 4425 ιν,
2891 4374 3011 4427 cap.
3044 4359 3129 4420 57,
3164 4359 3231 4414 de
3266 4357 3523 4427 Templis.

2381 4431 2403 4467 υ
2440 4428 2535 4483 Ubi
2565 4431 2823 4501 ingressus
2853 4439 2929 4482 est
2956 4430 3221 4483 ecclesiam
3252 4428 3531 4502 S._Mariaz
3551 4447 3688 4502 quae,
3714 4441 3891 4486 sancta

2310 4502 2643 4556 Hierusalem
2695 4518 2987 4567 truncusque
3032 4511 3259 4553 vocatur.
3308 4500 3398 4555 Sic
3449 4500 3611 4556 etiam
3657 4518 3782 4571 cap.
3806 4502 3887 4558 12.

2308 4576 2371 4628 In
2404 4573 2643 4625 thesauro
2666 4573 2891 4625 ecclesia:
2918 4572 3160 4636 senioris,
3192 4587 3305 4639 qua:
3334 4580 3542 4626 vocatur
3570 4586 3753 4626 sancta
3775 4572 3889 4628 Ilie-

2305 4645 2559 4703 rusalem;
2579 4644 2875 4709 lconcrlium
2894 4640 3227 4696 Emeritense
3260 4650 3503 4710 tempore
3516 4642 3891 4700 Reccesuiutlti

2305 4717 2474 4785 rrgis,
2510 4716 2623 4781 ipso
2658 4714 2841 4785 initio,
2873 4712 3215 4784 Congregatis
3244 4711 3389 4785 nobis
3427 4714 3661 4766 onmibus
3688 4716 3890 4783 procin—

2305 4783 2399 4842 cid:
2428 4784 2714 4838 Lusitania:
2740 4783 3009 4853 Episcopis
3037 4786 3091 4837 in
3123 4784 3331 4837 nomine
3362 4783 3588 4845 Domini.
3621 4785 3891 4839 insidenti-

2306 4858 2395 4911 bus
2427 4857 2479 4908 in
2515 4854 2845 4908 Hierusalem
2869 4856 3085 4907 ecclesia
3110 4897 3125 4921 ,
3165 4872 3280 4924 qua:
3309 4855 3361 4907 in
3399 4856 3705 4908 limen'tensi
3729 4856 3852 4908 urbe
3872 4891 3888 4919 ,

2306 4944 2419 4999 qua:
2449 4934 2600 4990 caput
2631 4924 2780 4999 lrujus
2808 4927 3082 4999 provincia:
3109 4928 3478 4999 noscitur‘esse
3502 4966 3516 4987 ,
3546 4936 3593 4999 et
3624 4929 3718 4999 :nb
3745 4928 3891 4999 prin-

2302 4995 2711 5067 cipalirnrinine
2759 5004 2929 5048 manet
2959 4996 3152 5055 dicata.
3184 5006 3291 5051 etc.
3338 4995 3452 5067 Non
3484 4997 3799 5052 absiln‘tlitrr
3841 4997 3890 5053 in
3926 5020 3939 5063 ί

2304 5065 2533 5125 concilio
2565 5065 2738 5120 Tolet.
2781 5082 2953 5128 Lxxn,
2983 5070 3221 5136 episc0p.
3249 5069 3398 5136 jussu
3432 5066 3723 5121 Reccaredi
3752 5068 3889 5135 regis
3928 5072 3945 5105 τ

2305 5144 2632 5206 congregato
2658 5137 2709 5189 in
2741 5138 2927 5207 templo
2956 5135 3182 5192 maximo
3208 5140 3267 5191 S.
3295 5135 3501 5196 Μανίαν.
3534 5140 3586 5190 in
3616 5140 3887 5193 secretario

2308 5213 2442 5266 dicto
2475 5207 2798 5262 Hiemsu’em
2853 5210 2991 5277 apud
3041 5207 3110 5262 M.
3157 5207 3446 5263 Maximum
3476 5208 3543 5260 ad
3575 5225 3703 5262 ann.
3745 5208 3886 5276 590,

2308 5290 2362 5337 et
2409 5282 2461 5334 iu
2520 5278 2748 5334 concilio
2797 5279 3040 5349 Spalensi
3086 5280 3195 5349 (sic
3249 5281 3301 5332 in
3337 5279 3570 5345 antiquis
3617 5279 3887 5349 codicibus

2314 5352 2507 5417 legitur
2533 5366 2568 5404 ll
2600 5358 2839 5418 tempore
2870 5348 3101 5404 Sisebuti
3131 5351 3287 5417 regis,
3320 5348 3701 5403 considentibus
3741 5348 3884 5403 nobis

2299 5424 2353 5476 in
2380 5422 2656 5475 secretario
2687 5431 3033 5474 sacrosancta:
3064 5419 3391 5474 Hierusalem
3422 5419 3691 5484 Spalensis
3723 5419 3884 5474 eccle-

2302 5496 2410 5555 siae,
2430 5500 2549 5545 ‘ctc.
2582 5490 2691 5545 Nec
2717 5491 2875 5545 aliter
2904 5492 2954 5544 in
2980 5507 2995 5544 ι
3040 5492 3119 5559 (si
3150 5492 3433 5545 concilium
3465 5491 3590 5544 illud
3621 5501 3707 5545 est
3727 5532 3743 5559 ,
3790 5504 3883 5545 seu

2299 5565 2477 5633 potius
2506 5577 2537 5617 e
2562 5561 2793 5633 concilio
2822 5561 3049 5633 epistola
3080 5562 3456 5633 episcoporum
3486 5561 3554 5615 ad
3583 5559 3882 5633 Pegasium)

2297 5631 2418 5704 cap.
2455 5633 2502 5688 l.
2560 5632 2693 5687 Nam
2741 5632 2854 5686 lucc
2901 5631 3305 5704 absquerdubio
3350 5632 3885 5704 metropolitauarmn

2297 5701 2644 5832 efiilgsrarum
2663 5701 3023 5775 prerogetiva.’
3039 5701 3157 5759 για.
3186 5701 3371 5762 Padill.
3396 5712 3538 5761 cent.
3572 5703 3602 5756 7
3625 5745 3639 5772 ,
3671 5719 3797 5777 cap.
3820 5701 3885 5761 li

2297 5793 2326 5832 e
2448 5813 2463 5832 .

2297 5785 2349 5834 et
2374 5785 2463 5838 47.

3304 5908 3311 5915 ,
3339 5905 3369 5912 μ
3406 5907 3412 5911 .

4018 3368 4029 3393 f
