4118 6332
888 252 986 262 ~~->

282 328 381 389 1-31

1339 316 1428 383 DE
1466 322 1627 383 VITA
1670 318 1950 382 PATRUM
1991 316 2525 383 EMEIllTENSlUM.

3442 322 3540 391 liis

268 448 436 507 modo
486 445 658 516 latet;
712 458 942 517 cumque
994 441 1100 503 hoc
1148 443 1391 511 dixisset,
1445 452 1500 500 et
1553 440 1848 499 imminenti
1875 444 2171 503 Asanctus
2190 451 2401 508 sancto,
2430 440 2550 510 pius
2579 440 2690 511 pio,
2715 441 2888 500 bonus
2913 443 3166 515 benigno,
3210 452 3370 517 atque
3402 458 3540 499 cun-

266 537 587 609 :egritudine
602 536 822 593 artubus
832 538 945 608 jam
972 537 1342 592 fatiscentibus
1370 552 1429 592 se
1459 545 1630 593 totum
1661 535 1852 591 dissol-

264 631 326 687 vi
354 638 580 701 repente
618 630 899 698 sensisset,
947 630 1016 685 ab
1049 628 1325 685 basilicam
1364 628 1716 685 sanctissimae
1745 628 1853 682 vir-

266 723 410 794 ginis
434 722 653 777 Eulalie
678 736 738 776 se
775 720 967 776 deferri
1014 721 1289 793 praecepit,
1319 736 1414 775 sua
1445 720 1640 775 ibidem
1670 718 1855 788 impri-

267 817 372 872 mis
418 815 600 870 multis
629 814 984 885 lacrymarum
1029 812 1480 867 satisfactionibus
1518 810 1731 866 deflevit
1761 811 1857 867 de-

265 907 417 970 licta,
446 904 646 961 deinde
676 904 859 960 multis
886 904 1113 974 captivis
1140 914 1194 959 et
1222 905 1406 973 egenis
1445 906 1666 960 multant
1695 904 1858 972 largi-

175 1008 181 1017 ‘
264 1008 357 1052 tus
401 1003 487 1052 est
538 996 769 1066 stipem;
824 995 892 1049 ad
939 996 1182 1050 ultimum
1231 995 1455 1051 redditis
1484 996 1867 1065 chirographis

264 1090 556 1143 multorum
584 1086 766 1142 debita
813 1086 1096 1141 relaxavit.
1128 1085 1238 1142 Sed
1279 1086 1408 1142 dum
1441 1087 1691 1144 omnibus
1731 1086 1857 1142 red-

262 1179 516 1245 didisset,
544 1180 730 1233 cautio
770 1177 1047 1248 cujusdam
1098 1179 1273 1235 vidute
1322 1190 1687 1246 remanserat,
1736 1195 1856 1249 qua:

261 1271 495 1327 necdum
547 1270 722 1327 fuerat
751 1270 978 1338 reddita,
1026 1285 1187 1342 quam
1214 1271 1307 1326 ille
1354 1279 1692 1342 exspectaret
1721 1282 1778 1326 ut
1805 1272 1855 1327 ei

259 1359 553 1423 redderet,
581 1360 674 1415 sed
708 1359 1160 1431 quemadmodum
1182 1362 1515 1426 muliercula,
1547 1378 1655 1431 pne
1688 1362 1856 1417 turba:

256 1447 559 1515 densitate,
592 1464 696 1519 qua
727 1450 1122 1519 circumseptus
1163 1462 1301 1520 erat,
1336 1460 1395 1506 ιιι
1433 1452 1718 1508 accederet
1744 1469 1851 1509 non

258 1539 538 1597 habebat:
563 1555 685 1609 quae
713 1557 837 1596 cum
877 1558 975 1612 per
1003 1544 1244 1614 singulos
1274 1545 1390 1600 dies
1431 1546 1655 1610 veniret,
1689 1558 1741 1601 et
1770 1548 1853 1603 lo-

255 1648 385 1689 ctrm
428 1634 647 1689 minime
671 1636 953 1704 reperiret,
978 1645 1035 1691 et
1063 1636 1283 1691 nimium
1313 1637 1649 1693 tute-tilitata
1673 1648 1854 1697 mtnte

255 1726 576 1780 anxiaretur
603 1726 737 1781 nihil
765 1741 950 1797 agens,
982 1741 1212 1784 maerore
1237 1729 1434 1785 alllicta
1454 1731 1520 1785 ad
1541 1746 1698 1785 suurn
1729 1732 1855 1788 hos-

1954 530 2056 586 ctis
2080 530 2490 588 charismatibus
2512 532 2801 603 refulgens,
2843 538 3080 593 rutilauti
3126 536 3401 592 immensis
3429 536 3540 589 vir-

1954 622 2160 678 tutibus
2186 622 2504 679 sacerdotali
2528 624 2717 681 ordine
2735 623 2760 662 ι³
2780 625 3027 685 Massona
3057 629 3315 687 successit
3335 627 3537 683 Fideli:

1956 710 2352 779 pmdecessot‘c
2376 729 2474 768 suo
2498 714 2749 772 nimirum
2770 718 3042 787 astrigeris
3059 720 3264 776 civibus
3289 726 3544 775 conserto

1958 801 2012 857 in
2041 804 2189 859 caelis
2210 806 2535 861 successoris
2569 810 2764 864 mansit
2790 810 3045 881 dulcedo,
3086 814 3310 885 ejusque
3332 812 3545 881 insigne

1958 894 2205 949 meritum
2231 905 2546 952 cunctorum
2570 900 2767 955 civium
2814 918 3100 960 maerorem
3135 905 3322 960 lenivit
3349 905 3403 961 in
3433 913 3541 960 ter-

1957 989 2051 1054 ris,
2082 998 2141 1044 ut
2187 990 2436 1047 omnibus
2467 1006 2566 1061 pro
2603 994 2753 1049 obitu
2806 998 2977 1052 sancti
3025 999 3294 1068 pontificis
3341 1014 3544 1054 mteror

1958 1096 2068 1137 non
2082 1081 2255 1136 solum
2272 1082 2652 1152 discuteretur,
2669 1101 2854 1141 verum
2875 1088 3035 1143 etiam
3057 1088 3224 1144 instar
3244 1089 3541 1159 priscorum

1957 1170 2176 1228 Patrum
2203 1172 2333 1231 Elite
2360 1176 2647 1245 quemdam
2672 1176 2787 1250 (sic)
2816 1187 2872 1233 et
2892 1179 3054 1236 Elisei
3080 1178 3132 1252 (1
3148 1180 3186 1234 V
3214 1179 3341 1252 Reg.
3370 1196 3427 1249 ιι,
3454 1177 3545 1248 15)

1958 1265 2224 1336 duplicata
2256 1264 2518 1323 Paracleti
2545 1268 2778 1338 Spiritus
2798 1274 2971 1341 gratia
2992 1273 3167 1343 palam
3197 1274 3405 1328 cunctis
3427 1288 3546 1329 cer-

1959 1358 2207 1415 nentibus
2234 1358 2292 1415 S.
2342 1358 2539 1415 Fidelis
2567 1362 2825 1419 antistitis
2870 1365 2923 1420 in
2955 1364 3256 1421 Massonam
3298 1374 3544 1420 sanclu'n

1957 1449 2270 1520 episcopum
2302 1452 2634 1522 requievisse
2663 1454 2954 1521 videretur,
2999 1464 3055 1511 et
3085 1457 3235 1526 plebs
3263 1455 3545 1511 sublevate

1956 1552 2175 1611 pastore
2222 1558 2330 1597 non
2361 1557 2742 1615 usquequaque
2773 1545 2996 1602 taederet
3035 1545 3229 1604 afﬂicta
3260 1548 3540 1617 languore.

1956 1632 2052 1688 sed
2077 1633 2348 1704 geminato
2397 1637 2594 1703 gaudio
2641 1638 3026 1705 congauderet,
3058 1639 3239 1695 divina
3272 1640 3542 1696 tribuente

1957 1724 2324 1791 miseratione,
2378 1726 2502 1780 dum
2532 1736 2589 1781 et
2633 1728 2781 1782 illum
2813 1744 2913 1798 pro
2959 1731 3042 1786 sui
3088 1734 3263 1787 salute
3286 1731 3543 1802 praemisit

258 1819 455 1891 pitium
486 1830 773 1885 remearet,
806 1821 856 1876 ei
899 1821 1133 1890 quadam
1173 1830 1330 1878 nocte
1355 1824 1723 1879 sanctissimus
1748 1824 1854 1897 Cy-
1886 1835 1932 1894 Β
1956 1816 2025 1871 ad
2053 1816 2243 1886 caelos,
2284 1826 2340 1872 et
2375 1818 2535 1873 istum
2586 1836 2654 1875 ex
2678 1823 2796 1876 mite
2843 1823 3059 1880 virtutis
3101 1825 3275 1879 virum
3305 1824 3547 1896 suscepit

256 1910 484 1982 prianus
512 1922 569 1967 et
615 1910 934 1968 Laurentius
978 1914 1031 1969 in
1064 1914 1180 1970 visu
1210 1915 1516 1984 astiterunt,
1559 1917 1799 1973 dicentes
1834 1935 1847 1972 :

255 2003 438 2069 Nosti,
485 2018 654 2072 quare
682 2004 860 2060 locum
903 2021 1008 2060 non
1055 2007 1309 2065 invenis?
1336 2017 1390 2062 at
1418 2010 1507 2063 illa
1535 2011 1849 2080 respondit:

257 2094 478 2151 Nescio.
513 2095 698 2164 Etdic,
728 2098 998 2169 inquiunt,
1024 2113 1193 2169 quare
1222 2116 1316 2171 per
1343 2102 1578 2171 reliquas
1607 2104 1855 2164 basilicas

256 2186 486 2242 fratrum
519 2198 827 2245 nostrorum
865 2200 1187 2247 caeterorum
1218 2202 1513 2265 martyrum
1546 2196 1855 2267 frequenter

256 2280 564 2349 concurris,
591 2281 656 2336 ad
684 2296 782 2338 nos
806 2297 938 2339 vero
957 2284 1142 2339 venire
1167 2287 1486 2342 contemnis.
1518 2287 1647 2355 Quae
1671 2289 1853 2345 statim

255 2386 489 2440 surgens
515 2373 581 2428 ad
602 2387 791 2430 eorum
814 2372 1067 2431 basilicas
1087 2377 1375 2444 concurrit,
1408 2379 1710 2435 orationem
1732 2396 1852 2436 curn

256 2461 512 2534 lacryuiis
536 2465 692 2528 rudit,
716 2480 816 2536 pro
838 2468 1163 2536 negligentia
1187 2471 1445 2528 retroaeti
1470 2474 1729 2543 temporis
1757 2490 1853 2530 ve-

256 2553 408 2609 niam
437 2555 763 2627 imploravit,
795 2566 959 2629 atque
985 2560 1110 2616 inde
1137 2560 1207 2616 ad
1233 2562 1512 2620 basilicam
1541 2564 1598 2621 S.
1631 2565 1852 2623 Eulalia:

255 2646 441 2711 rediit,
495 2649 628 2702 mira
658 2649 938 2705 celeritate
983 2652 1159 2707 locum
1188 2655 1408 2724 reperit,
1439 2655 1852 2728 chirographum

256 2753 425 2795 suum
463 2743 667 2813 absque
692 2742 1012 2799 difﬁcultate
1039 2747 1263 2817 recepit,
1296 2746 1408 2804 Deo
1445 2757 1502 2804 et
1523 2759 1710 2805 sancto
1739 2749 1855 2820 ejus

253 2832 425 2888 miras
446 2835 645 2903 gratias
675 2836 881 2902 retulit,
931 2853 1030 2907 pro
1057 2853 1167 2907 quo
1197 2854 1306 2895 non
1335 2840 1511 2896 solum
1542 2840 1719 2897 locum
1753 2859 1850 2913 pa-

252 2931 437 2979 ratum
466 2925 710 2983 invenire
751 2928 949 2984 meruit
987 2929 1341 3000 ingrediendi,
1372 2946 1557 2988 verum
1588 2934 1749 2988 etiam
1778 2935 1852 2990 ita

254 3013 465 3071 sanctis
494 3016 587 3073 Dei
627 3017 1037 3089 disponentibus
1060 3030 1273 3089 gestum
1300 3030 1404 3092 est,
1436 3032 1494 3079 ut
1522 3026 1738 3095 quando
1768 3027 1851 3081 iu-

253 3119 443 3175 gressa
475 3117 576 3173 est,
599 3117 821 3165 sanctus
841 3111 1127 3182 episcopus
1148 3113 1457 3169 cautionem
1490 3114 1660 3185 ipsam
1691 3132 1852 3173 manu

1956 1906 2289 1976 gratulanter
2327 1906 2377 1961 in
2412 1909 2586 1965 terris.
2639 1910 2877 1983 Denique
2903 1922 3124 1970 sanctus
3173 1913 3419 1970 Massona
3444 1930 3544 1968 an-

1956 2001 2131 2068 tistes,
2169 2011 2190 2039 ε
2224 2001 2390 2056 nobili
2419 2012 2569 2058 ortus
2598 2004 2647 2057 in
2673 2006 2777 2060 huc
2823 2008 3021 2062 sarculo
3049 2008 3278 2077 origine,
3299 2022 3339 2061 si
3363 2007 3395 2062 d
3426 2009 3545 2062 vita:
3572 2074 3575 2077 _

1957 2090 2165 2145 meritis
2195 2090 2399 2145 exstitit
2426 2093 2595 2147 multo
2648 2095 2911 2162 nobilior;
2938 2110 3139 2165 genere
3188 2098 3404 2167 quidem
3435 2095 3544 2153 Go-

1956 2181 2101 2246 thus,
2133 2181 2227 2236 sed
2255 2190 2439 2237 mente
2488 2184 2911 2254 promptissima,
2958 2200 3082 2256 erga
3114 2186 3395 2243 Dominum
3424 2202 3546 2258 per-

1956 2287 2119 2343 quam
2140 2271 2386 2339 devotus,
2414 2282 2577 2345 atque
2615 2275 2839 2331 viriliter
2867 2276 3124 2334 Altissimi
3156 2279 3359 2334 virtute
3400 2293 3545 2350 prte-

1956 2362 2187 2433 cinctus,
2235 2364 2478 2421 rnoribus
2526 2368 2729 2422 sanctis
2757 2378 3003 2438 ornatus,
3036 2368 3331 2438 habituque
3367 2370 3546 2441 magni

1955 2454 2170 2512 decoris
2217 2458 2636 2528 pulchriticatus,
2681 2461 2959 2517 cbaritatis
3006 2462 3430 2534 ltutnilttatisque
3475 2464 3546 2519 ab

1958 2548 2178 2606 ineunte
2215 2561 2376 2606 aetate
2405 2553 2687 2623 refulgenti
2716 2556 2850 2610 stola
2882 2555 3330 2620 circumatnictus,
3364 2556 3544 2611 balteo

1959 2642 2081 2697 fidei
2111 2643 2335 2700 firmiter
2358 2646 2796 2715 circumcinetns,
2820 2649 3103 2719 prudentia
3150 2649 3356 2705 scilicet
3379 2658 3435 2705 et
3455 2649 3545 2719 ju-

1956 2736 2100 2792 stitia
2133 2736 2412 2806 insigniter
2456 2739 2865 2809 circumseptus,
2894 2740 3184 2796 dilectione
3212 2742 3407 2796 summi
3450 2740 3544 2795 Dei

1957 2837 2014 2883 et
2043 2829 2272 2898 proximi
2317 2828 2542 2885 mirilice
2570 2830 2875 2898 decoratus,
2907 2831 3135 2887 dilectus
3166 2848 3397 2903 namque
3432 2831 3546 2888 Deo

1956 2929 2013 2976 et
2041 2922 2349 2976 hominibus
2388 2930 2525 2989 erat,
2570 2932 2626 2977 et
2659 2923 2829 2991 gloria
2858 2924 3136 2991 mirabilis,
3181 2934 3392 2980 amator
3443 2922 3545 2979 fra-

1958 3021 2119 3078 trum,
2146 3012 2374 3068 multum
2414 3029 2576 3069 orans
2605 3030 2703 3084 pro
2736 3016 2937 3087 populo
2956 3057 2971 3084 ,
3000 3015 3153 3086 cujus
3184 3032 3379 3072 nomen
3407 3014 3544 3071 mul-

1961 3105 2031 3161 tis
2073 3106 2407 3161 coruscando
2458 3106 2733 3162 miraculis
2780 3122 2877 3178 per
2920 3123 3133 3164 omnem
3184 3118 3383 3166 terram
3424 3124 3544 3181 per-

254 3198 480 3268 propria
508 3207 718 3267 tenens,
743 3201 1144 3273 praestolaretur
1164 3203 1252 3261 cui
1273 3203 1570 3261 reformare
1596 3206 1848 3275 deberet;

1960 3199 2224 3254 transivit.
2252 3198 2421 3268 Hujus
2445 3200 2629 3269 itaque
2652 3202 2983 3271 temporibus
3007 3203 3319 3258 morborum
3340 3212 3545 3273 pestem

255 3294 429 3356 atque
456 3288 527 3344 ita
557 3289 756 3346 iactum
788 3298 893 3360 est,
923 3301 983 3347 ut
1010 3292 1101 3349 illo
1129 3293 1361 3364 benigne
1384 3296 1666 3364 reddente,
1690 3307 1853 3371 atque

257 3379 352 3435 illa
382 3396 506 3436 cum
546 3382 762 3453 gaudio,
794 3399 914 3454 quae
941 3384 1034 3440 diu
1073 3385 1492 3452 desideraverat,
1534 3389 1850 3462 recipiente,

257 3470 423 3542 paulo
452 3481 575 3544 post
599 3472 679 3528 vir
704 3483 924 3530 sanctus
954 3476 1380 3546 prtrcedentibus
1408 3487 1716 3537 sanctorum
1741 3497 1853 3539 cm-

257 3561 425 3631 tibus,
452 3566 997 3638 exspectantibusque
1021 3567 1282 3638 angelicis
1311 3570 1493 3626 choris
1521 3571 1590 3627 ad
1614 3573 1852 3631 :etherea

258 3665 429 3723 regna
457 3654 799 3725 tripudiando
825 3657 1103 3727 migraret,
1127 3658 1542 3733 ctelestibusque
1573 3664 1856 3734 phalangis

257 3752 547 3802 consertus
584 3762 706 3803 cum
736 3749 1100 3806 exsultatione
1127 3759 1389 3822 perpetua
1430 3756 1695 3825 perpetim
1720 3771 1854 3813 con-

260 3838 473 3908 globari
506 3840 557 3895 in
587 3841 813 3898 sidereis
845 3844 1234 3910 mansionibus,
1266 3844 1394 3901 Jesu
1425 3846 1652 3903 Domino
1681 3850 1857 3919 perci-

260 3932 467 4003 piente,
496 3935 785 4002 meruerit;
816 3938 1192 4007 corpusculum
1215 3953 1343 3995 vero
1364 3937 1640 4009 ejusjuxta
1660 3956 1858 4013 corpus

260 4023 589 4079 sanctissimi
621 4025 1034 4095 praedecessoris
1067 4028 1152 4083 sui
1195 4042 1302 4084 uno
1332 4029 1631 4101 eodemque
1670 4047 1857 4089 sarco-

261 4113 445 4184 phago
476 4116 755 4186 traditum,
789 4118 935 4175 velut
965 4120 1018 4175 iit
1046 4136 1155 4177 uno
1206 4120 1427 4191 lectulo,
1458 4124 1752 4182 houorilice
1777 4134 1860 4183 est

263 4208 610 4266 tumulatum.

888 4306 1118 4363 CAPUT
1157 4307 1250 4364 IX.

261 4392 522 4452 llassona
574 4399 786 4454 natione
829 4397 1059 4468 Col/ms,
1089 4405 1315 4459 nutritus
1340 4405 1395 4459 in
1421 4405 1637 4461 ecclesia
1667 4417 1861 4465 sancte

335 4486 566 4545 Eulaliae
591 4532 608 4558 ,
651 4493 876 4546 succedit
926 4492 1095 4549 Fideli
1146 4497 1203 4551 in
1249 4499 1584 4570 episcopatu:
1629 4502 1863 4557 tenedo-

343 4583 516 4639 chium
535 4595 584 4639 et
613 4589 932 4641 monasteria
970 4589 1220 4661 wdi/icat.

341 4671 479 4729 Huic
523 4679 744 4745 praelato
801 4680 945 4736 almo
1008 4682 1125 4738 viro
1175 4682 1243 4739 ad
1288 4700 1575 4756 supernam
1623 4689 1852 4758 patriam

259 4769 668 4840 transmigranti
700 4773 1039 4843 providentia
1069 4776 1262 4832 divinae
1292 4778 1507 4850 pietatis
1534 4781 1857 4849 subrogatur

258 4878 374 4917 non
398 4861 570 4934 impar
596 4866 836 4921 omnium
885 4868 1139 4926 virtutum
1181 4872 1365 4941 glorise
1386 4873 1468 4929 vir
1497 4874 1853 4945 orthodoxus,

254 4952 348 5008 cui
390 4969 588 5011 nomen
618 4965 736 5012 erat
765 4957 1012 5016 Massona
1041 4969 1091 5028 ιι,
1112 4962 1319 5019 scilicet
1346 4965 1534 5022 beatus
1574 4966 1752 5035 beato,
1802 4975 1859 5023 et

336 5114 383 5190 ι.
406 5107 694 5190 ῌςεεοηαη
715 5110 1143 5190 ᾼΙίἱξΜᾏαιιεοηα
1160 5123 1293 5190 et;
1324 5116 1389 5172 de
1418 5133 1543 5190 quo
1563 5121 1856 5190 scriptrires

261 5180 438 5250 nostri
464 5178 624 5250 donli1
649 5180 812 5238 abbas
844 5182 1129 5240 Biclarens.
1158 5188 1208 5241 in
1238 5178 1473 5250 Chronf;
1500 5188 1568 5244 Μ.
1596 5178 1855 5245 Μτίιιίιιιιις

262 5245 337 5326 ait
376 5246 653 5326 ann.§79,
684 5250 809 5326 sse,
839 5252 964 5320 ass,
986 5254 1112 5326 597.
1146 5256 1395 5314 Rodcric.
1427 5245 1546 5314 Tol.
1576 5276 1635 5326 ιι.
1665 5278 1713 5317 c.
1749 5261 1849 5325 tt,

261 5317 471 5399 Chron.
517 5318 782 5399 Hispania!
825 5317 1078 5399 generale
1127 5326 1280 5396 jussu
1336 5328 1593 5399 Alphonsi
1623 5317 1855 5398 'cogno;

260 5397 451 5468 mento
478 5392 1044 5468 sapientiscollcctutn
1069 5413 1110 5468 ιι
1129 5392 1276 5468 ’ρει-ι.
1297 5438 1313 5465 ,
1356 5392 1477 5468 cap.
1508 5400 1603 5467 40;
1634 5392 1853 5458 Vaéteus

260 5416 451 5444 ult:qu
478 5416 734 5454 sapientis
761 5416 1044 5449 tztrrtccwm
1072 5416 1110 5451 ll
1139 5416 1276 5468 part.
1297 5438 1313 5465 ,
1356 5416 1416 5455 ea
1462 5443 1477 5462 ,
1508 5416 1603 5467 au;
1641 5416 1845 5458 Vasteus

257 5457 334 5513 ad
363 5475 514 5539 arm“.
542 5459 637 5539 511
744 5462 807 5528 9;
828 5464 1009 5539 tiariu.
1029 5467 1119 5521 lib.
1142 5484 1255 5531 vnr,
1274 5486 1392 5539 cap.
1419 5416 1517 5530 £5;
1544 5472 1732 5527 Moral.
1755 5475 1845 5527 lib.

259 5531 790 5608 ιιιἎεθϐςΑΜΞτὶςιιν.
844 5536 1038 5608 lib._v,
1062 5554 1181 5608 cap.
1214 5539 1282 5593 15
1309 5531 1362 5594 ei
1394 5540 1479 5594 id.
1505 5543 1692 5598 Loaisa
1725 5544 1846 5598 Not.

260 5600 579 5680 adConcjl.
615 5602 788 5680 Tolet.
817 5622 892 5661 nt.
935 5600 1312 5665 PadillfCent.
1347 5627 1433 5677 vt,
1474 5628 1522 5667 c.
1550 5612 1619 5665 45
1664 5627 1715 5668 et
1747 5614 1845 5680 55,

258 5670 386 5753 alii,
428 5672 527 5753 sed
576 5676 905 5753 recentiores
947 5692 1012 5732 ex
1042 5695 1151 5753 uno
1182 5680 1345 5753 Paulo
1372 5724 1386 5745 ,
1416 5670 1576 5753 quem
1609 5700 1674 5737 ex
1725 5670 1849 5753 ipsis

260 5744 468 5865 Eolla-it
523 5745 641 5811 quis
692 5744 995 5801 illustrare:
1040 5750 1104 5804 iis
1153 5751 1292 5807 adde
1346 5744 1611 5809 illustriss.
1655 5744 1847 5810 Annal.

348 5807 476 5864 cies.
518 5814 782 5865 Cursarem
814 5820 878 5865 ml
928 5835 1054 5865 nitu-
1107 5821 1238 5865 Bitti-
1294 5837 1342 5865 m
1381 5843 1497 5865 nn-n
1529 5828 1590 5865 ml
1632 5845 1729 5865 ιη...
1785 5830 1847 5865 -τιι

348 5807 476 5864 0108.
518 5807 782 5871 Cursarem
814 5820 878 5872 ad
928 5835 1054 5874 ann.
1107 5821 1240 5887 569;
1294 5837 1342 5879 et
1381 5807 1497 5899 ιιιιςιι
1529 5807 1608 5881 ad
1632 5807 1746 5897 «55,1
1785 5807 1853 5881 {ti

554 5944 828 6010 Ρηιωι..
880 5954 1041 6011 ωςχ
1060 5958 1139 6021 Χ,

1958 3291 2259 3362 mediaeque
2283 3291 2517 3361 inopiam
2548 3292 2616 3346 ab
2641 3290 2775 3347 urbe
2812 3289 3128 3349 Emeritensi
3150 3301 3204 3348 et
3230 3292 3373 3349 ornni
3394 3290 3545 3350 Lusi-

1958 3389 2103 3447 tania
2125 3387 2244 3458 ejus
2261 3389 2509 3461 precibus
2521 3387 2781 3445 Dominus
2801 3392 2986 3460 procul
3010 3389 3206 3459 abegit,
3232 3388 3547 3458 meritisque

1955 3490 2319 3538 sacrosancta:
2363 3478 2586 3536 Eulalize
2635 3480 2855 3551 virginis
2901 3481 3112 3551 longius
3168 3480 3395 3552 pepulit,
3430 3492 3547 3538 tau-

1956 3581 2175 3643 tamque
2196 3573 2423 3630 salutem
2454 3582 2508 3630 et
2536 3574 2777 3630 omnium
2820 3575 3033 3645 co‘piam
3062 3574 3371 3630 deliciarum
3414 3590 3548 3632 cun-

1958 3674 2047 3723 clo
2076 3667 2278 3737 populo
2307 3667 2585 3739 impertire
2605 3668 2857 3738 dignatus
2879 3677 2980 3734 est,
3004 3676 3064 3723 ut
3092 3669 3267 3724 nullus
3290 3683 3545 3738 unquam,

1958 3759 2205 3830 quamvis
2226 3758 2403 3830 inops,
2427 3758 2628 3828 aliquid
2650 3759 2851 3814 habere
2876 3759 3167 3825 videretur,
3199 3765 3293 3813 aut
3312 3758 3548 3827 qualibet

1960 3854 2283 3910 necessitate
2314 3853 2644 3922 fatigaretur,
2676 3853 2769 3908 sed
2800 3852 3254 3924 quemadmodum
3286 3852 3548 3923 opulenti,

1959 3944 2035 4001 ita
2056 3953 2114 3999 et
2141 3944 2334 4014 inopes
2355 3943 2603 4000 omnibus
2631 3943 2788 3999 bonis
2817 3944 3173 4010 abundarent,
3202 3953 3256 3999 et
3283 3943 3553 4014 quadarn-

1960 4036 2126 4092 modo
2156 4037 2324 4091 instar
2347 4036 2585 4093 ctelestis
2609 4036 2785 4105 gaudii
2817 4038 2870 4091 in
2899 4036 3057 4092 terris
3107 4037 3240 4092 tanti
3282 4037 3549 4108 pontificis

1960 4129 2156 4184 merito
2186 4127 2627 4198 congauderent;
2652 4128 2901 4183 omnibus
2924 4127 3100 4184 inerat
3117 4128 3390 4197 gaudium,
3416 4143 3549 4185 cun-

1961 4222 2172 4293 ctisque
2191 4222 2381 4279 aderat
2403 4237 2530 4294 pax,
2562 4222 2692 4277 nulli
2715 4221 2904 4277 aberat
2933 4221 3184 4290 felicitas,
3223 4222 3277 4276 in
3307 4222 3548 4276 omnium

1962 4314 2128 4371 corda
2157 4312 2385 4370 ﬂorebat
2415 4313 2652 4385 perfecta
2708 4316 2967 4383 Charitas,
3013 4317 3067 4371 in
3119 4315 3359 4370 omnium
3387 4329 3549 4372 sensu

1964 4407 2465 4479 poilebatjucuuda
2519 4409 2897 4479 tranquillitas,
2950 4410 3024 4463 ita
3052 4408 3327 4474 nimirum,
3360 4416 3419 4462 ut
3448 4408 3546 4463 de-

1963 4502 2107 4559 victo
2154 4501 2530 4572 antiquissimo
2579 4502 2776 4567 hoste,
2828 4517 2892 4557 ac
2955 4511 3209 4571 superato
3264 4511 3551 4559 veternoso

1889 4613 1943 4671 ο
1964 4593 2219 4659 dracone,
2253 4609 2413 4649 neruo
2435 4608 2669 4648 moerere
2699 4601 3098 4663 consternatus,
3119 4608 3277 4649 nemo
3305 4593 3552 4663 angustia

1963 4683 2212 4751 alflictus,
2254 4701 2412 4739 nemo
2439 4685 2684 4753 quolibet
2734 4694 2943 4740 terrore
2972 4686 3271 4756 perculsus,
3299 4687 3384 4741 vel
3413 4703 3552 4756 quo-

1965 4776 2096 4830 libet
2143 4776 2259 4830 zelo
2288 4786 2381 4829 aut
2415 4777 2610 4831 invidia
2654 4785 2830 4832 tactus
2853 4777 3031 4833 callidi
3056 4780 3245 4848 anguis
3271 4779 3553 4835 virulentis
3582 4812 3586 4821 -

1962 4867 2196 4924 stimulis
2249 4876 2598 4937 quateretur;
2631 4870 2724 4924 sed
2776 4868 3017 4939 perfecta
3059 4871 3329 4926 cbarit-tte
3356 4873 3551 4942 repleti

1966 4958 2169 5026 cuncti,
2194 4957 2304 5014 Deo
2326 4958 2668 5027 admittente,
2691 4959 2764 5030 pii
2788 4957 2961 5015 Patris
2987 4960 3553 5030 gratiajucundautes,

1962 5126 2231 5175 notamus.

2036 5189 2061 5228 δ
2099 5188 2351 5245 Massona
2397 5192 2639 5246 successit
2672 5191 2861 5247 Fideli.
2916 5192 2987 5247 Μ.
3017 5191 3281 5249 Maximus
3317 5192 3385 5247 ad
3418 5207 3549 5252 ann.

1960 5260 2335 5332 5607ortlinem
2368 5263 2599 5332 invertit,
2632 5280 2752 5319 cum
2784 5266 2858 5318 ait
2885 5282 2900 5319 :
2933 5266 2995 5320 S.
3028 5266 3278 5319 Messana
3305 5266 3548 5319 successit

1958 5333 2014 5385 in
2064 5331 2375 5387 Emeritensi
2424 5333 2541 5388 sede
2589 5331 2791 5400 Paulo;
2827 5344 2882 5390 et
2935 5339 3000 5390 ad
3047 5352 3172 5391 ann.
3218 5334 3325 5388 566
3353 5334 3550 5390 Paulus

1960 5400 2297 5457 Emeritensis
2343 5405 2607 5477 episcopus
2654 5409 2890 5477 episwpa
2942 5408 3184 5460 successit
3236 5404 3458 5477 Fideli;
3516 5423 3550 5461 θ

1960 5483 2147 5527 nostro
2201 5475 2591 5539 emendandus;
2647 5475 2770 5532 nEtnt
2808 5475 2973 5531 Paulo
3020 5478 3277 5531 successit
3324 5475 3545 5542 Fidelis,

1957 5544 2404 5619 Ij‘i‘drlidlmsona
2436 5565 2449 5599 :
2480 5547 2807 5619 vitl._ltlural.
2840 5548 2930 5601 lib.
2966 5563 3035 5614 ιι,
3076 5562 3199 5619 cap.
3228 5545 3329 5616 73,
3360 5556 3413 5603 et
3443 5548 3549 5605 Pas

1957 5615 2080 5669 dilla
2114 5618 2201 5667 the.
2232 5628 2267 5670 t.
2302 5632 2349 5671 ιι
2373 5656 2390 5683 ,
2421 5634 2541 5689 cap.
2568 5616 2654 5673 50.

2035 5702 2054 5723 ιτ
2102 5688 2432 5746 Nobilior-lus
2458 5688 2512 5744 in
2537 5689 2634 5745 hoc
2661 5688 2849 5744 seculo
2876 5690 3301 5762 origine.Moral.
3332 5692 3422 5749 lib.
3452 5706 3547 5761 κεῖ,

1958 5774 2071 5813 (‘n‘r
2113 5761 2162 5811 li.
