4118 6332
547 312 649 401 ηδ

1707 314 1909 382 mum
1951 312 2327 380 "summa:
2367 317 2641 378 DIACONI
3370 274 3373 277 λ
3728 298 3817 356 ut

543 435 783 490 ἶιιῖυῑθιοδ
803 429 1019 488 ﬁnem“
1029 430 1226 498 ιθηυῖπν
1245 441 1476 500 cumque
1500 424 1704 491 είιετθίν
1722 430 1744 460 ⁸
1761 419 2138 477 ἣπτθῑίοονυω
2162 418 2214 481 Α
2242 439 2586 496 induraverat
2613 434 2805 493 hostis.
2840 434 2969 491 Post
2993 426 3112 489 haec
3133 436 3445 504 superatum
3473 445 3536 489 se
3575 429 3630 488 in
3658 436 3820 490 omni-

542 526 726 584 Snna
773 526 1057 598 episcopus
1095 526 1243 598 prius
1288 522 1429 594 loqui
1460 534 1684 576 exorsus
1721 525 1840 584 est,
1866 513 2138 586 coepitque

548 617 759 673 nefandi
791 620 902 675 oris
952 617 1243 689 stuepentia
1292 628 1480 683 aspera
1502 654 1517 680 ,
1559 608 1781 676 scabra,
1812 614 1866 662 et
1903 605 2137 661 obscena

548 726 759 765 summo
805 726 928 767 cum
976 710 1188 781 fragore
1238 706 1535 776 producere
1563 702 1747 757 verba.
1780 698 1875 755 Cui
1904 714 2027 755 cum
2056 694 2139 750 vir

553 803 641 857 Dei
667 802 953 874 patienter.
977 802 1187 868 leniter,
1212 800 1555 866 suaviterque
1582 792 1951 864 responderet,
1977 798 2140 860 atque

549 892 637 951 ille
660 903 846 949 contra
872 893 1272 963 procacioribus
1301 890 1498 954 verbis,
1528 893 1718 958 utpote
1741 899 1835 955 per
1864 898 1926 939 os
1949 881 2141 937 draco-

550 989 628 1042 nis
661 986 977 1049 insibilaret,
1007 991 1289 1054 cmperunt
1337 982 1552 1051 utrique
1596 981 1737 1034 inter
1764 991 1823 1032 se
1852 973 2137 1031 verborum

548 1078 733 1145 ingens
774 1077 972 1132 habere
1020 1084 1333 1140 certamen,
1374 1073 1468 1128 sed
1516 1070 1661 1127 nulla
1708 1067 1918 1124 ratione
1966 1062 2141 1135 potuit

546 1173 718 1229 moles
762 1187 958 1229 carnea
997 1172 1276 1243 sapientia:
1305 1170 1400 1225 Dei
1429 1177 1725 1236 sanctoque
1771 1162 2015 1235 Spiritui,
2044 1160 2139 1230 qui

549 1279 641 1335 per
667 1279 731 1320 os
771 1264 912 1320 servi
955 1263 1037 1319 sui
1084 1262 1342 1319 Massona:
1393 1261 1629 1332 episcopi
1671 1258 2020 1329 loquebatur,
2050 1270 2141 1309 re-

516 1357 755 1412 ‘sistere.
790 1356 926 1424 Quid
956 1357 1158 1412 multa?
1198 1356 1345 1413 omni
1374 1356 1585 1410 ratione
1611 1353 1888 1409 convictus
1920 1364 2142 1418 supera-

546 1458 739 1520 tusque
759 1449 1040 1518 conticuit,
1062 1463 1127 1505 ac
1154 1450 1363 1520 pudore
1393 1446 1558 1503 nimio
1582 1451 1873 1512 coupe'tus
1903 1442 2139 1507 erubuit,

544 1549 601 1597 et
629 1556 736 1595 non
767 1548 976 1596 tantum
1007 1540 1096 1595 ille
1138 1549 1396 1610 quantum
1427 1538 1752 1593 mediatores
1777 1534 2016 1606 perversi
2048 1532 2141 1603 qui

544 1633 662 1704 e'jus
707 1633 950 1705 partibus
978 1632 1285 1704 importune
1322 1632 1632 1687 nitebantur
1661 1629 1799 1684 ferre
1842 1624 2139 1682 adminicu-

546 1726 680 1792 lum,
711 1734 768 1781 et
795 1741 903 1781 non
932 1724 1107 1780 solum
1137 1723 1345 1780 confusi
1385 1723 1735 1786 erubuerunt,
1761 1734 1949 1775 verum
1976 1716 2141 1773 etiam

2241 530 2339 586 bus
2368 530 2576 595 videns,
2606 529 2771 599 ccepit
2797 526 2968 597 magis
2997 524 3277 596 magisque
3307 532 3488 581 mente
3526 523 3688 580 etl'era
3732 529 3820 581 ad~

2238 639 2429 679 versus
2470 621 2729 677 famulum
2774 620 2867 675 Dei
2912 618 3318 675 criminationes
3345 624 3399 672 et
3428 615 3640 685 objecta
3681 633 3818 673 cum-

2239 718 2440 773 mercia
2503 714 2713 772 callidis
2788 711 3085 769 machinari
3140 710 3619 781 dispositionibus,
3674 719 3822 782 atque

2239 817 2429 867 contra
2455 807 2679 863 militem
2718 804 2921 860 Christi
2951 803 3099 860 omni
3127 816 3327 873 genere
3362 811 3548 873 septus
3569 801 3822 870 telorum,

2238 901 2474 970 seipsum
2506 899 2688 971 potius
2712 903 3121 969 expugnaturus
3145 894 3371 961 advehi,
3401 894 3684 964 ipsumque
3712 894 3821 949 bea-

2241 992 2507 1048 tissimum
2552 994 2727 1046 virum
2787 990 3091 1045 Massonarn
3143 988 3457 1059 episcopum
3514 987 3567 1041 in
3620 987 3826 1045 auribus

2241 1084 2499 1155 principis
2543 1081 2839 1152 Leovigildi
2883 1080 3066 1136 Ariani
3112 1079 3253 1136 clam
3299 1077 3484 1134 multis
3527 1078 3829 1135 criminibus

2242 1191 2530 1241 accusare;
2563 1175 2695 1230 nihil
2720 1189 2853 1230 sane
2879 1172 3150 1229 calliditas
3176 1172 3516 1228 adversantis
3537 1172 3827 1242 praevaluit,

2242 1267 2373 1323 nihil
2398 1267 2517 1323 viro
2545 1265 2639 1322 Dei
2666 1266 2980 1322 calamitosa
3021 1264 3258 1335 nequitia
3287 1265 3492 1331 nocuit,
3524 1279 3685 1334 quem
3715 1279 3826 1335 gra-

2242 1363 2321 1417 tia
2346 1361 2721 1432 Redemptoris
2745 1357 3111 1432 spiritualibus
3134 1360 3298 1415 armis
3318 1360 3566 1414 armavit.
3601 1359 3826 1414 Tandem

2242 1454 2462 1526 spiritus
2490 1469 2720 1523 nequam
2744 1451 3004 1523 compulit
3039 1465 3183 1522 saepe
3211 1450 3545 1507 nominatum
3583 1451 3827 1506 Arianum

2244 1559 2455 1616 regem,
2498 1553 2557 1600 ut
2600 1554 2849 1600 sanctum
2877 1543 3052 1598 virum
3085 1556 3117 1597 a
3149 1541 3366 1613 propria
3404 1542 3533 1598 sede
3560 1551 3825 1610 moveret,

2243 1638 2461 1708 suisque
2488 1637 2763 1693 obtutibus
2790 1642 3121 1707 praesentare
3160 1634 3375 1704 juberet
3406 1651 3419 1688 :
3450 1635 3711 1705 ociusque
3739 1635 3830 1690 ml-

2244 1731 2400 1790 nistri
2444 1744 2726 1800 compares
2758 1728 3000 1785 criminis
3039 1728 3186 1799 ejus,
3228 1728 3607 1800 praeceptionis
3634 1728 3827 1785 dictum

547 1820 831 1876 audientes
861 1817 1289 1874 inexistimabilis
1315 1817 1572 1871 doctrina:
1595 1814 1860 1883 loquelam
1883 1807 2141 1866 mellilluo

2252 1822 2536 1893 implentes
2553 1859 2572 1887 ,
2600 1828 2764 1890 atque
2790 1818 2858 1874 ad
2897 1817 3288 1874 Emeritensem
3315 1818 3500 1874 urbem
3528 1819 3828 1889 venientes,

544 1926 798 1968 sermone
816 1911 883 1966 de
906 1909 1022 1978 ejus
1041 1924 1136 1965 ore
1158 1907 1564 1979 procedentem,
1585 1914 1764 1960 mente
1787 1901 2143 1970 consternati,

543 2014 708 2076 atque
746 2004 800 2059 in
846 2012 1069 2073 stupore
1113 2001 1278 2057 nimio
1307 1999 1588 2063 conversi,
1622 2012 1744 2054 cum
1774 1995 1942 2051 multa
1974 1992 2144 2048 admi-

543 2096 755 2153 ratione
775 2110 936 2165 quem
958 2109 1269 2164 expugnare
1297 2103 1425 2148 ante
1444 2098 1709 2146 venerant
1730 2086 2142 2153 collaudabant;

544 2204 670 2245 nam
714 2195 920 2243 tantam
957 2187 1186 2256 gratiam
1236 2186 1288 2240 in
1330 2183 1442 2241 suis
1487 2182 1642 2237 labiis
1671 2197 1737 2237 eo
1766 2180 1853 2235 die
1884 2178 2145 2233 Dominus

546 2280 796 2337 cunl‘erre
822 2279 1070 2348 dignatus
1096 2286 1219 2344 est,
1270 2283 1328 2329 ut
1380 2289 1651 2344 nunquam
1700 2288 1822 2327 eum
1862 2272 2143 2342 quisquam

547 2372 741 2427 viderit
789 2370 938 2443 prius
974 2378 1083 2424 tam
1133 2368 1281 2425 claro
1329 2366 1546 2436 eloquio
1595 2363 1905 2422 facundum.
1938 2369 1994 2417 et
2023 2360 2147 2417 licet

545 2478 762 2535 semper
780 2462 1030 2519 docuerit
1053 2476 1148 2517 ore
1172 2458 1421 2523 facundo,
1447 2466 1576 2513 tunc
1602 2466 1781 2511 tamen
1802 2469 1911 2524 pra:
1935 2453 2147 2509 czcteris

545 2556 734 2613 diebus'
756 2553 1099 2625 eloquentior
1124 2552 1355 2619 exstitit,
1384 2557 1511 2605 tunc
1536 2549 1680 2605 enim
1709 2546 1958 2604 viderunt
1987 2545 2143 2612 recti,

546 2657 602 2705 et
632 2648 795 2704 laetati
822 2655 973 2714 sunt,
995 2654 1053 2702 et
1080 2644 1256 2701 omnis
1285 2642 1537 2712 iniquitas
1586 2638 1857 2696 obturavit
1901 2654 1962 2693 os
1990 2652 2145 2693 suum

549 2738 787 2813 (l’salm.
827 2754 916 2797 cvt
940 2780 956 2809 ,
985 2737 1129 2808 42):
1163 2735 1417 2805 quoniam
1464 2731 1733 2788 obstruxit
1782 2730 2041 2786 Dominus
2084 2744 2146 2785 os

547 2833 884 2904 loquentium
936 2830 1118 2902 iniqua
1168 2827 1414 2899 (Psalm.
1448 2840 1592 2894 Lxu,
1623 2822 1749 2892 12).
1794 2820 1987 2878 Cuncti
2014 2836 2147 2892 ergo

549 2924 735 2981 Sidetes
761 2927 1113 2980 vehementer
1153 2920 1401 2977 admirati
1450 2927 1609 2987 sunt,
1637 2916 1762 2988 quia
1787 2916 2032 2985 quamvis
2065 2915 2146 2971 vi-

552 3034 668 3074 rum
694 3018 836 3074 hunc
857 3026 1015 3072 antea
1039 3014 1314 3070 novissent
1334 3010 1850 3080 eloquentissimum,
1884 3022 2149 3077 umquam

552 3122 733 3170 tamen
763 3119 871 3167 tam
892 3109 1216 3168 scholastico
1241 3120 1493 3164 sermone
1512 3147 1528 3172 ,
1550 3114 1659 3159 tam
1691 3102 1860 3158 nitido
1880 3144 1896 3170 ,
1929 3110 2149 3171 tamque

2247 1915 2419 1970 virum
2458 1914 2677 1969 beatum
2705 1911 2805 1967 sub
2834 1911 2983 1967 omni
3010 1911 3288 1968 celeritate
3311 1909 3338 1948 ι)
3368 1911 3435 1967 ad
3466 1912 3651 1968 urbem
3685 1912 3830 1970 Tole-

2249 2018 2452 2071 tanam,
2484 2007 2539 2062 in
2567 2020 2673 2075 qua
2702 2020 2795 2061 rex
2820 2013 2958 2072 erat,
2988 2020 3286 2076 properare
3313 2006 3648 2077 compellunt
3673 2024 3688 2061 :
3718 2007 3831 2065 hinc

2245 2114 2368 2154 cum
2412 2097 2589 2152 subito
2634 2095 3004 2151 sanctissimus
3026 2095 3129 2157 vir,
3165 2094 3413 2151 Massona
3458 2096 3776 2169 episcopus,
3801 2113 3830 2154 o

2245 2188 2451 2258 gremio
2482 2195 2668 2257 raptus
2696 2184 2945 2242 Ecclesiae
2973 2185 3276 2254 tolleretur,
3306 2196 3361 2244 et
3393 2187 3662 2245 indemnis
3688 2190 3827 2260 quasi

2246 2296 2371 2337 reus
2399 2279 2466 2334 ad
2495 2279 2743 2335 exsilium
2771 2278 3078 2344 duceretur,
3112 2278 3351 2333 omnium
3391 2280 3585 2336 civium
3639 2280 3826 2338 Emeri-

2247 2371 2479 2426 tensium
2508 2386 2614 2426 vox
2654 2368 2856 2439 ejulatu
2904 2383 3100 2439 magno
3137 2385 3260 2425 cum
3291 2370 3719 2430 intolerabilibus
3762 2374 3831 2429 la-

2247 2465 2446 2537 crymis
2473 2463 2865 2535 perstrepebat,
2905 2462 3037 2518 tanti
3083 2462 3292 2533 patroni
3339 2463 3587 2534 abrogari
3620 2466 3722 2522 sibi
3750 2483 3829 2523 re-

2248 2556 2446 2622 media,
2474 2555 2750 2611 immensis
2794 2554 3101 2625 gemitibus,
3143 2557 3524 2627 immensisque
3553 2559 3832 2617 ululatibus

2247 2646 2689 2717 proclamabant,
2740 2646 2824 2701 bis
2889 2647 3139 2702 nimirum
3190 2648 3411 2703 vocibus
3460 2650 3828 2707 clamitantes:

2247 2735 2357 2792 Cur
2385 2736 2528 2792 ovile
2564 2744 2735 2800 tuum,
2768 2735 2855 2806 pie
2883 2735 3087 2794 deseris
3117 2736 3312 2794 Pater?
3338 2754 3436 2795 cur
3454 2754 3674 2809 gregem
3702 2745 3831 2813 peri-

2250 2839 2429 2885 turum
2478 2830 2777 2899 relinquis?
2825 2845 3001 2899 neque
3054 2831 3301 2902 luporum
3356 2849 3455 2889 nos
3498 2835 3552 2889 in
3600 2835 3831 2892 faucibus

2249 2920 2460 2985 mittas,
2504 2935 2572 2975 ne
2598 2935 2727 2976 oves
2753 2928 2880 2988 tum,
2907 2920 3169 2978 hactenus
3195 2923 3465 2979 nectareis
3508 2923 3732 2981 floribus
3758 2942 3832 2981 re-

2251 3009 2439 3077 fecta),
2478 3011 2795 3068 mortalibus
2838 3011 3089 3069 dentibus
3118 3028 3147 3068 a
3187 3016 3529 3073 mordacibus
3574 3018 3832 3076 lanientur

2253 3104 2429 3175 lupis?
2461 3103 2617 3158 nimis
2664 3113 2990 3173 procurante
3037 3103 3309 3175 pontifice,
3351 3114 3479 3164 tunc
3528 3109 3618 3164 ille
3666 3119 3833 3167 motus

552 3203 806 3260 dulcilluo
859 3201 1075 3272 eloquio
1129 3197 1612 3256 reminiscebantur
1664 3194 1826 3250 fuisse
1881 3193 2142 3249 locutum.
2173 3196 2219 3260 Ο
2253 3205 2333 3251 tot
2360 3196 2592 3261 ﬂetibus,
2624 3205 2682 3250 ut
2708 3212 2924 3266 seraper
2966 3197 3018 3251 in
3050 3195 3276 3253 Domino
3305 3199 3519 3269 pietatis
3548 3201 3833 3257 visceribus

551 3292 705 3355 Tunc
740 3296 985 3369 protinus
1008 3309 1200 3351 omnes
1225 3289 1512 3349 orthodoxi
1543 3304 1840 3357 omnesque
1870 3287 2148 3354 catholici,

554 3390 838 3462 prostratis
865 3389 1241 3460 superatisque
1280 3385 1555 3449 hostibus,
1598 3383 1652 3438 in
1693 3381 1937 3436 laudibus
1974 3381 2146 3437 accla-

557 3489 880 3547 maverttnt,
926 3479 1207 3535 dicentes:
1245 3478 1371 3545 Quis
1418 3477 1603 3532 similis
1653 3476 1723 3528 tui
1767 3475 1821 3528 in
1865 3474 1997 3536 diis,
2045 3473 2151 3527 Do-

556 3574 733 3630 mine?
760 3575 875 3646 quis
922 3573 1109 3629 similis
1157 3571 1283 3626 tibi?
1322 3581 1372 3626 et
1419 3587 1522 3624 non
1568 3578 1644 3624 est
1673 3568 1950 3624 secundum
1997 3584 2155 3639 opera

560 3677 648 3722 tua
696 3664 928 3737 (Psalm.
960 3680 1161 3727 Lxxxv,
1193 3662 1257 3729 ὓς
1287 3678 1423 3729 Lxx,
1456 3661 1551 3726 l9;
1585 3676 1795 3726 Lxxxu,
1820 3659 1907 3730 2).
1954 3658 2157 3716 Deinde

557 3757 624 3813 ad
669 3756 945 3814 basilicam
992 3754 1240 3825 gloriosae
1267 3753 1486 3823 virginis
1516 3750 1754 3816 Eulalim,
1787 3766 1890 3805 una
1930 3765 2051 3805 cum
2076 3751 2154 3806 vi-

556 3859 707 3908 ctore
744 3849 987 3906 antistite
1017 3846 1267 3904 Massona
1304 3845 1631 3901 unanimiter
1676 3853 2065 3916 perrexerunt,
2101 3844 2154 3899 in

557 3942 653 3999 Dei
684 3942 935 3999 nimirum
976 3939 1220 3996 laudibus
1249 3938 1584 3995 exsultantes
1613 3945 1899 4005 venerunt,
1931 3937 2156 3992 immen-

558 4036 741 4104 sisque
773 4031 1078 4103 fragoribus
1101 4031 1394 4102 jubilantes
1430 4028 1850 4085 sacratissimum
1876 4027 1992 4098 ejus
2020 4035 2157 4084 tem-

559 4125 710 4196 plum
761 4124 1116 4191 introierunt,
1158 4122 1393 4178 infinitas
1420 4120 1618 4191 gratias
1659 4118 1769 4175 Deo
1798 4120 2157 4189 omnipotenti

558 4215 813 4284 retulere,
838 4218 929 4288 qui
957 4224 1157 4273 sanctae
1185 4231 1295 4271 suae
1327 4214 1550 4284 virginis
1571 4213 1820 4284 precibus
1847 4212 1899 4267 in
1927 4212 2157 4268 sublime

561 4319 811 4366 erexerat
847 4307 1098 4373 famulos,
1123 4317 1180 4364 et
1207 4306 1275 4363 ad
1300 4306 1528 4361 nihilum
1557 4320 1685 4361 suos
1726 4303 2011 4374 redegerat
2054 4304 2155 4361 ini-

563 4402 757 4460 micos.

1160 4491 1391 4551 CAPUT
1441 4490 1553 4547 XII.

2253 3289 2538 3355 influebat,
2594 3290 2921 3361 laerymasse
2972 3290 3316 3360 perhibetur;
3365 3293 3559 3348 deinde
3608 3294 3835 3364 plurimis

2253 3396 2349 3436 eos
2387 3381 2665 3450 alloquens
2706 3381 2922 3445 verbis,
2964 3381 3419 3441 mira.subtilitate
3447 3385 3718 3440 consolari
3763 3385 3835 3441 di-

2252 3480 2447 3543 gnatus
2488 3481 2602 3538 est;
2653 3481 2773 3543 post
2804 3472 2918 3529 haec
2939 3472 3263 3530 valelaciens
3291 3476 3520 3541 cunctis,
3553 3478 3837 3533 comitante

2254 3564 2355 3621 sibi
2386 3564 2639 3633 suffragio
2668 3565 2871 3632 divino,
2912 3565 3184 3636 profectus
3208 3576 3294 3623 est
3326 3567 3610 3638 tranquilla
3642 3578 3836 3637 mente,

2257 3657 2525 3713 constanti
2566 3657 2764 3716 animo.
2794 3656 2950 3713 hilari
2973 3657 3143 3723 vultu,
3168 3667 3226 3714 ut
3253 3674 3468 3730 semper
3493 3659 3687 3716 solitus
3706 3668 3837 3715 erat.

2256 3749 2502 3819 Cumque
2524 3749 2858 3821 pervenisset
2883 3749 2949 3805 ad
2970 3750 3242 3807 civitatem
3260 3751 3594 3816 Toletanam,
3614 3762 3671 3807 et
3698 3759 3837 3808 atro-

2258 3842 2459 3898 eissimi
2490 3842 2697 3913 tyranni
2727 3843 3106 3913 conspectibus
3143 3845 3422 3910 astitisset,
3451 3846 3696 3917 plurimis
3725 3864 3839 3905 eunt

2258 3950 2357 3991 rex
2382 3934 2649 3991 lacessens
2671 3936 2948 4003 conviciis,
2965 3936 3257 4007 multisque
3282 3938 3578 3995 terroribus
3604 3940 3840 4010 pulsans,

2258 4027 2325 4081 ad
2356 4027 2601 4084 haeresim
2626 4027 2882 4085 Arianam
2920 4030 3069 4085 omni
3096 4029 3294 4087 adnixu
3332 4047 3508 4103 prava:
3536 4033 3843 4090 intentionis

2257 4121 2575 4190 pertrahere
2623 4122 2911 4192 cupiebat:
2945 4123 3039 4178 sed
3090 4139 3211 4179 cum
3248 4124 3333 4180 vir
3380 4124 3477 4181 Dei
3518 4141 3710 4184 omnes
3750 4126 3842 4183 sibi

2258 4214 2432 4270 illatas
2478 4214 2834 4271 contumelias
2878 4215 3109 4272 libenter
3155 4218 3431 4285 toleraret,
3461 4220 3626 4291 cmpit
3668 4230 3844 4276 tamen

2258 4304 2513 4361 adversus
2533 4321 2616 4373 ea,
2646 4321 2767 4377 qua:
2791 4307 3007 4364 rabidus
3034 4309 3183 4365 canis
3208 4309 3534 4378 oblatrabat,
3561 4326 3683 4367 cum
3702 4310 3843 4366 omni

2258 4400 2669 4455 mansuetudine
2718 4401 3094 4475 incunctanter
3130 4402 3497 4474 respondere,
3542 4413 3597 4459 et
3636 4406 3845 4463 omissis

2258 4491 2489 4561 propriis
2519 4493 2875 4555 contumeliis.
2901 4509 3000 4564 pro
3031 4492 3236 4563 injuriis
3257 4494 3537 4551 catholicae
3561 4494 3684 4553 ﬁdei
3715 4515 3846 4555 con-

566 4588 815 4647 lassona
844 4588 1076 4645 Toletum
1111 4606 1144 4643 a
1170 4605 1290 4661 rege
1317 4596 1547 4653 uocatur,
1579 4602 1823 4640 recusans
1865 4585 1991 4640 dare
2021 4586 2153 4639 tuni-
2185 4578 2233 4639 ι)
2260 4582 2470 4650 dolens,
2503 4584 2604 4655 ipsi
2652 4592 2879 4656 tyranno
2919 4585 3197 4641 audaciter
3234 4586 3506 4654 resistere,
3536 4589 3689 4659 cujus
3718 4606 3848 4645 con-

637 4700 753 4738 cam
794 4692 992 4738 sancta
1020 4680 1281 4750 Eulalia,
1323 4681 1377 4736 in
1428 4680 1669 4736 exsiliunt
1716 4680 1921 4744 missus,
1970 4694 2153 4751 equum

640 4777 864 4848 ferocem
891 4775 1093 4833 domat.

635 4886 803 4959 Igitur
858 4885 1200 4959 supradictus
1258 4885 1546 4942 haereticus
1596 4886 1814 4953 Sunna,
1862 4884 2158 4956 quamlibet

565 4980 711 5037 muni
742 4973 952 5034 ratione
976 4986 1028 5034 et
1049 4976 1277 5033 veritate
1304 4976 1465 5031 fuerit
1485 4977 1786 5044 convictus,
1810 4975 2158 5046 pertinaciter

580 5070 635 5128 in
664 5071 821 5130 [idem
863 5068 1144 5144 pristinam
1195 5066 1539 5137 perduravit,
1572 5082 1673 5123 nec
1717 5075 1928 5137 poterat
1976 5064 2158 5120 liberis

564 5158 841 5229 gressibus
870 5158 935 5215 ad
975 5167 1192 5231 portum
1238 5172 1533 5229 properare
1584 5156 1806 5222 salutis,
1860 5154 2011 5223 cujus
2065 5169 2161 5209 cor

567 5252 839 5323 ιειιιῑάρυιιι
868 5251 1033 5307 instar
1053 5245 1347 5306 Pharaonis
1368 5247 1637 5318 antiquus.
1661 5246 2005 5316 permittente
2028 5244 2158 5311 Deo,

646 5431 671 5459 ⁸
714 5423 1091 5494 Hmaticorum
1115 5422 1300 5480 Sunna
1330 5426 1555 5494 episcop.
1596 5423 1741 5491 prius
1772 5421 1911 5493 loqui
1946 5436 2160 5494 exorsus

573 5501 680 5557 est,
713 5503 821 5550 etc.
852 5492 1033 5550 Habes
1064 5496 1170 5561 hic,
1200 5497 1285 5566 pie
1319 5492 1535 5557 Lex-tor,
1567 5496 1767 5566 graphi‘
1791 5509 1876 5566 :tttl
1909 5492 2160 5545 cathclici

574 5575 631 5621 et
657 5566 887 5637 haeretici
917 5566 1134 5637 spiritus
1164 5561 1603 5637 tlesCriptiuuem.
1636 5561 1695 5637 Ui
1722 5564 1920 5617 verita»
1951 5577 2163 5629 semper

577 5652 682 5691 una
714 5635 1012 5708 eademque
1039 5635 1364 5701 celebratur,
1392 5636 1470 5708 sic
1500 5635 1719 5708 haeresis
1749 5649 2019 5708 nunquam
2052 5648 2163 5687 sua:

575 5708 792 5761 malitia:
836 5704 1072 5763 colorem
1119 5708 1367 5763 mutavit.
1420 5704 1802 5777 lntemperiem
1867 5706 2162 5777 etulastum

578 5778 694 5834 falsi
731 5779 840 5834 oris
887 5778 974 5834 hic
1021 5780 1210 5845 vides,
1263 5774 1675 5847 temperantiam
1733 5787 1787 5831 et
1833 5774 2161 5830 soliditatem

579 5847 865 5905 Clu°i~tinni
893 5850 1129 5922 pectoris
1160 5846 1559 5916 contetnplaris.
1592 5846 1732 5914 Quot
1760 5847 1903 5901 inter
1931 5847 2161 5901 catholi-

2260 4676 2459 4732 stantia
2496 4677 2666 4745 magis
2711 4676 2986 4748 magisque
3025 4687 3301 4749 permotus
3332 4678 3700 4735 insanissimus
3728 4696 3845 4745 rex,

2263 4770 2433 4823 multo
2461 4769 2630 4839 magis
2668 4768 2831 4838 coepit
2867 4768 3056 4824 rabido
3083 4783 3181 4824 ore
3216 4768 3571 4825 rabidioribus
3598 4772 3847 4825 adversus

2262 4860 2356 4916 Dei
2379 4860 2635 4916 tantulum
2658 4860 2943 4917 infremere
2967 4861 3274 4929 latratibus;
3302 4860 3515 4928 deinde,
3538 4870 3596 4917 ut
3619 4863 3847 4917 tunicam

2265 4955 2615 5011 sanctissima:
2661 4954 2878 5024 virginis
2926 4953 3147 5011 Eulalia:
3191 4964 3579 5025 prmenmret;
3606 4970 3767 5027 quam
3797 4953 3847 5009 in

2264 5047 2537 5104 basilicam
2566 5047 2778 5102 Ariana:
2817 5047 3095 5117 pravitatis
3124 5045 3320 5102 ibidem
3351 5046 3406 5102 in
3433 5046 3623 5102 Toleto
3651 5045 3847 5101 habere

2264 5139 2512 5206 deberet,
2558 5138 2723 5209 erepit
2769 5138 2926 5193 minis
2975 5137 3378 5208 terroribusque
3424 5136 3722 5209 impellere.
3771 5129 3847 5188 Ad

2266 5234 2381 5289 hinc
2400 5232 2481 5288 vir
2508 5232 2604 5289 Dei
2632 5232 2946 5300 respondit:
2980 5230 3327 5303 Compertum
3354 5229 3449 5285 tibi
3478 5237 3579 5298 est,
3606 5228 3732 5300 quia
3758 5238 3848 5283 cor

2273 5434 2367 5474 cos
2394 5425 2449 5473 et
2486 5416 2770 5472 lircreticos
2798 5429 3126 5487 congressus
3164 5412 3391 5487 olimAet
3419 5425 3585 5487 nunc
3605 5407 3847 5487 legimus,

2270 5498 2379 5544 tam
2422 5489 2624 5541 similes
2680 5479 3009 5542 admiramur
3073 5499 3234 5555 quam
3310 5483 3394 5540 lac
3460 5481 3626 5547 lacti;
3668 5479 3847 5550 itaque

2269 5559 2531 5628 exemplis
2563 5560 2909 5629 supersedeo.

2339 5629 2365 5668 ι)
2406 5614 2487 5684 Ad
2516 5614 2688 5685 urbem
2726 5627 3048 5683 Toletanam.
3082 5626 3158 5682 De
3195 5625 3367 5681 accitu
3397 5623 3453 5680 S.
3499 5622 3757 5677 Massonae
3784 5614 3846 5671 ad

2270 5720 2386 5759 eam
2419 5702 2607 5757 Moral.
2636 5719 2739 5765 xu,
2771 5716 2890 5770 cap.
2916 5699 2977 5766 6,
3010 5708 3065 5753 et
3091 5696 3278 5752 Padill.
3314 5696 3470 5770 Ceu}.
3492 5711 3577 5770 »\'|,
3610 5708 3729 5770 cap.

2272 5778 2345 5831 De
2367 5776 2477 5846 ipsa
2503 5774 2636 5831 urbe
2656 5763 2755 5828 nos
2779 5763 3172 5844 copiosissime,
3199 5770 3287 5824 lib.
3316 5769 3383 5824 de
3407 5768 3523 5821 'l’ol.
3559 5767 3669 5817 nell.
3715 5763 3840 5812 tuti.

2270 5860 2402 5917 imit.
