4118 6332
275 348 382 409 ίέ5

1334 346 1424 402 DE
1463 345 1623 403 \llTA
1663 344 1945 403 PATRUM
1991 342 2513 398 tliltlit't'i..\$lli.\l.

3446 330 3557 401 ιιιῖ

274 474 455 521 meum
484 456 730 514 sordibus
765 457 974 511 Arianae
1013 457 1412 527 superstitionis
1446 473 1718 528 nunquam
1748 473 1856 515 nui-
1890 464 1933 521 Α
1962 455 2038 515 sis
2055 454 3124 526 suppliciisfaelambdivaricarimembra
3150 464 3259 513 tua.
3275 454 3375 515 Cui
3398 457 3557 515 miles

274 553 500 619 culabo;
532 560 640 606 tam
681 564 934 621 perverso
963 550 1235 619 dogmatei
1258 560 1494 607 mentem
1525 567 1699 607 meam
1730 567 1866 606 nun-

270 664 436 720 quam
482 647 805 717 inquinabo;
838 644 1069 700 tunicam
1109 644 1339 699 domina:
1375 660 1509 699 mea:
1535 641 1752 699 Eulalia:
1778 659 1864 699 sa-

271 740 488 810 crilegis
515 738 886 793 haereticorum
914 736 1161 792 manibus
1190 735 1531 805 polluendam
1548 776 1563 802 ,
1588 736 1674 792 vel
1702 737 1862 791 etiam

269 834 497 891 summis
519 832 699 901 digitis
726 830 1168 887 cnntrectandam
1209 845 1480 900 nunquam
1511 831 1737 900 tradam,
1765 847 1864 888 nec

270 940 304 980 a
352 935 408 981 te
454 933 668 995 reperta
715 938 1036 994 quocunque
1081 934 1329 993 tempore
1366 925 1627 995 possideri
1665 934 1861 997 potest.

272 1015 400 1074 Hac
430 1014 682 1086 profanus
713 1024 971 1087 tyrannus
1014 1014 1238 1071 audiens
1274 1015 1328 1070 in
1368 1015 1603 1071 furorem
1647 1017 1866 1073 insanize

268 1120 461 1161 versus
488 1105 823 1169 festinanter,
851 1105 1101 1161 celeriter
1137 1105 1205 1160 ad
1260 1104 1646 1164 Emeritensem
1676 1109 1865 1164 urbem

268 1200 448 1266 misit,
491 1197 583 1269 qui
630 1198 827 1267 ubique
873 1198 1040 1267 ipsam
1082 1207 1321 1255 salictam
1370 1200 1606 1256 tunicam
1636 1200 1868 1257 sollicite

269 1292 631 1360 requirerent,
660 1299 715 1344 et
743 1298 852 1344 tam
883 1290 936 1343 in
966 1290 1220 1345 thesauro
1260 1289 1317 1346 S.
1361 1289 1576 1348 Eulalia:
1602 1307 1764 1365 quam
1810 1292 1866 1347 in

197 1391 203 1397 ‘
268 1380 528 1436 thesauro
553 1380 794 1435 ecclesiae
834 1379 1081 1446 senioris,
1114 1396 1234 1450 qua:
1262 1390 1486 1436 vocatur
1508 1380 1707 1439 Sancta
1734 1381 1864 1439 Hiev

268 1468 526 1532 rusalein,
554 1469 821 1537 sagaciter
843 1475 1151 1526 scrutantes
1179 1485 1245 1525 eo
1275 1484 1443 1540 usque
1471 1472 1865 1542 perquirerent,

268 1558 554 1634 quousque
582 1574 698 1614 eam
730 1567 1000 1630 repertam
1028 1560 1093 1615 ad
1123 1576 1248 1617 eum
1275 1560 1580 1630 deferrent;
1609 1578 1716 1633 quo
1741 1579 1865 1620 cum

269 1654 583 1721 venissent,
625 1661 681 1708 et
724 1654 923 1724 ubique
960 1663 1180 1711 strenue
1226 1655 1603 1725 requisissent,
1644 1657 1868 1715 minime

268 1752 623 1815 repererunt.
654 1758 719 1799 ac
763 1745 839 1799 sic
868 1745 1026 1801 vacui
1064 1746 1130 1800 ad
1175 1759 1354 1814 regem
1381 1761 1538 1803 suum
1566 1748 1863 1806 redierunt.

1968 548 2062 606 Dei
2097 549 2169 606 ita
2199 551 2592 620 imperterritus
2631 550 2942 621 respondit:
2967 549 3085 607 Jam
3125 550 3235 608 dixi
3265 550 3359 606 tibi
3384 549 3557 609 semel

1965 650 2023 699 et
2067 642 2284 711 iterum,
2311 642 2436 712 quia
2466 644 2640 697 minas
2673 651 2793 698 tuas
2839 658 2946 698 non
2987 641 3322 707 formidabo.
3368 642 3463 698 sed
3505 641 3555 701 si

1964 731 2093 804 quid
2122 733 2265 789 valet
2311 749 2460 789 mens
2492 743 2580 788 tua
2610 749 2886 805 perversa,
2915 734 3145 805 amplius
3176 734 3432 791 adversus
3460 747 3552 792 me

1966 828 2263 896 excogitet;
2303 841 2404 896 ego
2432 836 2611 883 tamen
2644 844 2743 884 nec
2771 837 2827 885 te
2872 827 3197 898 pertimesco
3218 871 3235 897 ,
3278 843 3376 886 nec
3404 835 3557 885 metu

1965 917 2187 973 territus
2209 917 2261 973 id
2287 916 2429 989 quod
2458 919 2688 990 requiris
2714 919 3080 990 prmsentabo;
3130 919 3224 976 sed
3263 921 3367 977 hoc
3393 920 3556 987 scito,

1965 1011 2092 1078 quia
2125 1010 2357 1065 tunicam
2388 1010 2558 1081 ipsam
2604 1011 2726 1080 igne
2767 1011 3059 1081 combussi,
3088 1012 3446 1083 pulveresque
3483 1028 3554 1070 ex

1965 1118 2030 1160 ea
2061 1103 2183 1169 feci,
2210 1112 2266 1160 et
2293 1105 2346 1161 in
2377 1104 2638 1174 liquorem
2662 1118 2814 1175 aquae
2834 1105 3128 1177 permixtos
3154 1105 3295 1171 bibi;
3325 1113 3380 1160 et
3401 1113 3552 1162 tactu

1967 1212 2161 1254 manus
2203 1204 2307 1257 ture
2352 1199 2729 1267 (contrectans
2769 1199 3104 1256 stomachum
3152 1199 3400 1270 dicebat)
3440 1199 3552 1254 evi-

1966 1288 2157 1344 denter
2200 1289 2648 1359 cognosce,quia
2695 1289 2750 1344 in
2789 1288 3036 1360 pulveres
3087 1286 3358 1345 redactam
3404 1288 3559 1343 illam

1966 1377 2096 1444 bibi,
2125 1385 2181 1434 et
2202 1390 2224 1419 ο
2252 1392 2382 1435 ecce
2414 1378 2498 1435 hic
2527 1379 2669 1435 intus
2698 1379 2749 1434 in
2780 1388 2965 1435 ventre
2990 1393 3112 1434 meo
3140 1388 3250 1445 est,
3282 1393 3558 1450 nunquam

1967 1470 2063 1527 tibi
2108 1469 2253 1525 illam
2294 1470 2596 1527 reddidero.
2642 1470 2758 1527 Hoc
2795 1480 2975 1527 autem
3020 1471 3143 1527 ideo
3171 1471 3406 1538 dicebat,
3432 1471 3558 1542 quia

1969 1561 2117 1617 nullo
2157 1561 2361 1617 sciente
2405 1561 2507 1617 sibi
2552 1577 2672 1619 eam
2722 1562 2776 1617 in
2806 1562 3086 1619 stomacho
3117 1561 3368 1633 plicatam
3417 1560 3560 1617 infra

1965 1667 2061 1709 sua
2089 1652 2397 1709 indumenta
2430 1652 2609 1709 linteis
2637 1652 2933 1709 involutam
2979 1653 3369 1725 praecinxerat,
3397 1660 3454 1708 et
3483 1651 3562 1708 ita

1968 1744 2081 1801 Deo
2117 1744 2235 1801 solo
2279 1745 2497 1800 conscio
2543 1736 2816 1814 gestabat;
2861 1759 2985 1800 nam
3032 1744 3112 1801 sic
3152 1742 3375 1801 caecavit
3421 1741 3564 1799 Deus

267 1834 427 1902 Quod
455 1850 575 1891 cum
596 1834 645 1888 ei
674 1835 1005 1902 nuntiarent,
1038 1836 1214 1891 acrius
1251 1836 1556 1896 infrendere
1583 1854 1703 1897 cum
1734 1840 1868 1896 den-
1899 1837 1945 1898 Β
1971 1836 2157 1894 oculos
2178 1836 2345 1907 ipsius
2375 1835 2535 1904 regis,
2560 1844 2616 1891 et
2640 1836 2879 1891 omnium
2901 1834 3286 1897 assistentium,
3304 1840 3363 1887 ut
3386 1831 3563 1888 nullus

269 1926 406 1980 tium
434 1924 663 1980 stridore
690 1933 878 1980 contra
901 1926 1075 1980 virum
1099 1925 1194 1982 Dei
1224 1926 1470 1984 diabolus
1496 1931 1687 2000 caepit;
1720 1946 1871 1987 cum-

267 2031 379 2088 que
426 2017 542 2097 ejus
581 2015 855 2072 obtutibus
902 2018 1212 2085 sisteretur,
1245 2020 1320 2073 ait
1348 2019 1414 2074 ad
1456 2035 1579 2077 eum
1607 2040 1620 2074 :
1652 2021 1748 2077 Dic
1778 2023 1873 2078 ubi

269 2117 359 2165 est
394 2106 537 2178 quod
585 2109 840 2177 requiro?
884 2117 977 2165 aut
1022 2110 1066 2165 si
1108 2125 1215 2165 non
1254 2111 1488 2178 dixeris,
1516 2126 1785 2184 cognosce
1816 2126 1870 2170 te

270 2199 490 2270 gravius
517 2197 855 2255 aﬂiciendum
885 2216 1006 2257 esse
1027 2202 1257 2273 injuriis,
1288 2211 1342 2259 et
1371 2213 1495 2275 post
1516 2206 1568 2261 in
1592 2206 1871 2277 regionem

273 2291 623 2362 longinquam
645 2291 701 2347 in
721 2292 965 2347 exsilium
986 2292 1275 2364 proficisci,
1296 2294 1384 2350 ubi
1416 2296 1598 2352 multis
1621 2300 1872 2354 :erumnis

272 2384 500 2440 allectus
554 2385 910 2456 omnibusque
981 2387 1394 2443 necessitatibus
1462 2389 1873 2446 intolerabiliter

271 2476 567 2543 cruciatus,
615 2476 817 2533 crudeli
860 2486 1037 2533 morte
1084 2478 1323 2535 delicias.
1362 2480 1438 2535 Ad
1484 2480 1599 2537 hiec
1647 2483 1730 2537 vir
1776 2482 1872 2540 Dei

274 2570 385 2624 tale
408 2567 573 2623 fertur
593 2568 804 2625 dedisse
824 2585 1140 2642 reSponsum
1160 2588 1174 2625 :
1199 2570 1459 2627 Exsilium
1479 2572 1609 2627 mihi
1630 2574 1868 2638 minaris,

274 2670 614 2731 compertum
638 2662 731 2716 tibi
757 2662 828 2717 sit
852 2662 978 2732 quia
1016 2662 1191 2719 minas
1229 2672 1349 2720 tuas
1373 2678 1484 2719 non
1513 2665 1872 2734 pertimesco,

274 2754 527 2811 exsilium
577 2754 878 2811 nullatenus
924 2770 1155 2826 pavesco
1178 2796 1195 2821 ,
1216 2763 1273 2812 et
1311 2756 1431 2813 ideo
1452 2756 1679 2814 obsecro
1710 2766 1785 2825 te,
1815 2766 1875 2814 ut

275 2848 328 2906 si
358 2848 502 2903 nosti
526 2848 805 2918 regionem
846 2848 1079 2918 aliquam
1119 2849 1211 2904 ubi
1240 2848 1381 2905 Deus
1410 2866 1517 2907 non
1546 2859 1652 2922 est,
1682 2852 1757 2909 ibi
1787 2868 1876 2910 me

276 2942 474 2998 exsilio
498 2940 631 2996 tradi
655 2940 867 3009 jubeas.
891 2938 988 2996 Cui
1018 2939 1108 2997 ille
1136 2941 1246 2996 ait:
1278 2941 1344 2996 Et
1365 2942 1420 2996 in
1445 2956 1554 3011 quo
1581 2942 1702 2999 loco
1731 2942 1877 2999 Deus

277 3049 388 3094 non
420 3042 569 3105 est,t
611 3033 883 3093 biuteuate
931 3032 1118 3108 |Fort.
1150 3032 1511 3112 hiodonate]?
1552 3033 1626 3093 Et
1652 3037 1739 3097 vir
1778 3036 1875 3099 Dei

276 3130 597 3202 respondit:
628 3128 686 3185 Si
738 3130 879 3186 nosti
909 3131 1054 3201 quod
1104 3130 1158 3186 in
1202 3132 1349 3187 omni
1404 3132 1526 3188 loco
1564 3132 1707 3189 Deus
1751 3143 1873 3201 est,

1974 1929 2297 1997 intelligeret
2349 1926 2806 1997 quemadmodum
2857 1926 2938 1982 vir
2974 1926 3071 1982 Dei
3116 1926 3218 1981 ista
3264 1937 3561 1996 proseque-

1971 2028 2138 2075 retur.
2172 2019 2307 2075 Dum
2353 2020 2468 2077 haec
2504 2027 2561 2075 et
2588 2018 2671 2075 bis
2710 2018 2905 2076 similia
2934 2018 3305 2089 loquerentur,
3335 2025 3393 2073 et
3419 2023 3565 2071 esset

1972 2116 2139 2172 multa
2162 2116 2286 2173 cmli
2310 2116 2593 2183 serenitas,
2622 2115 2880 2185 majestas
2906 2114 3087 2171 divina
3111 2115 3326 2171 crelitus
3350 2113 3565 2184 fragore

1973 2223 2168 2278 magno
2189 2219 2414 2280 repente
2433 2209 2684 2275 intonuit,
2704 2209 2777 2264 ita
2799 2217 2859 2262 ut
2878 2205 3262 2265 tremebundus
3280 2205 3347 2263 de
3366 2205 3561 2261 throno

1973 2316 2073 2355 suo
2126 2298 2463 2370 Leovigildus
2508 2315 2606 2355 rex
2650 2298 2704 2353 in
2749 2306 2948 2355 terram
2976 2312 3097 2353 cum
3136 2311 3339 2368 pavore
3366 2308 3565 2363 magno

1974 2392 2299 2464 procideret.
2320 2391 2460 2450 Tum
2480 2393 2563 2449 vir
2578 2392 2671 2449 Dei
2692 2408 2814 2448 cum
2836 2390 3197 2448 exsultatione
3224 2404 3418 2460 magna
3447 2388 3524 2444 ait
3549 2404 3563 2442 :

1974 2485 2031 2541 Si
2060 2501 2155 2541 rex
2183 2486 2286 2541 es?
2312 2500 2442 2542 ecce
2486 2483 2688 2556 Regem
2734 2498 2895 2553 quem
2943 2483 3118 2538 timeri
3159 2488 3408 2552 Oportet,
3440 2494 3569 2536 nam

1978 2592 2084 2633 non
2115 2576 2240 2634 talis
2266 2575 2442 2646 qualis
2471 2583 2527 2631 tu
2556 2584 2658 2631 est.
2689 2574 2841 2630 Tunc
2861 2573 3057 2631 deinde
3088 2572 3308 2644 spiritus
3336 2586 3570 2642 nequam

1976 2666 2251 2738 extemplo
2293 2665 2597 2722 noxialibns
2646 2664 2823 2720 verbis
2867 2678 2929 2719 os
2981 2662 3300 2731 sacrilegum
3354 2661 3570 2731 tyranni

1977 2759 2236 2817 conviciis
2263 2772 2479 2828 semper
2503 2764 2768 2811 armatum
2796 2753 3092 2819 reseravit;
3134 2761 3191 2808 et
3229 2752 3386 2808 istam
3435 2765 3569 2822 pro.

1979 2850 2122 2907 tinus
2146 2848 2440 2921 impietatis
2462 2861 2571 2905 suae
2595 2845 2919 2901 sententiam
2950 2843 3241 2901 oblatravit
3268 2841 3400 2921 [Al.,
3423 2847 3574 2904 obla-

1980 2937 2203 3011 teravit]
2228 2956 2244 3000 :
2274 2936 2580 2995 Massonam
2627 2935 2869 2996 moribus
2904 2934 3104 2998 nostris
3140 2949 3357 3011 semper
3381 2946 3572 2995 contra

1980 3045 2081 3092 nos
2121 3028 2397 3101 infestum,
2425 3035 2482 3088 et
2510 3025 2634 3087 ndei
2664 3040 2861 3086 nostrae
2886 3030 3183 3097 inimicum,
3222 3029 3575 3101 religionique

1980 3122 2310 3178 contrarium
2334 3160 2352 3187 ,
2398 3120 2553 3178 ocius
2574 3117 2599 3157 ἀ
2628 3135 2661 3175 a
2708 3120 3084 3190 conspectibus
3124 3120 3321 3176 nostris
3356 3120 3574 3175 subtra-

280 3239 381 3279 cur
408 3223 537 3279 mibi
578 3223 824 3280 exsilium
876 3224 1132 3281 minaris?
1160 3239 1285 3280 nam
1333 3224 1639 3293 ubicunque
1675 3239 1763 3281 me
1788 3226 1872 3281 di-
1902 3230 1953 3294 ς,
1985 3222 2131 3269 clum
2160 3210 2354 3268 exsilio
2381 3210 2611 3280 relesari
2634 3209 2907 3280 iubemus-
2933 3209 3177 3280 Cumque
3205 3207 3579 3279 huiuscemodi

280 3312 521 3378 rexeris,
555 3313 676 3368 novi
708 3314 833 3382 quia
876 3328 1150 3383 nunquam
1192 3314 1363 3383 pietas
1389 3311 1485 3368 Dei
1528 3329 1612 3369 me
1640 3315 1874 3373 derelin-

282 3414 434 3475 quct,
477 3405 572 3461 sed
611 3414 668 3461 et
703 3407 806 3461 hoc
832 3414 1038 3461 certum
1078 3406 1255 3462 habeo
1282 3406 1407 3476 quia
1433 3416 1693 3477 quantum
1723 3417 1783 3464 tu
1821 3410 1877 3465 in

282 3510 372 3551 me
420 3495 689 3551 crudelius
742 3494 904 3551 fueris
949 3495 1345 3562 debacchatus,
1379 3505 1529 3551 tanto
1578 3498 1750 3567 magis
1792 3514 1879 3554 me

284 3584 651 3641 misericordia
692 3584 809 3654 ejus
846 3585 1239 3654 subsequetnr,
1271 3592 1323 3640 et
1359 3585 1727 3642 consolabitur
1765 3587 1877 3643 cle-

284 3660 490 3731 mentia
530 3673 667 3743 ejus.
694 3672 774 3729 Ob
803 3673 955 3743 cujus
986 3674 1345 3730 constantiam
1384 3674 1577 3744 majori
1619 3677 1880 3749 supplicio

284 3765 534 3835 pessima:
572 3765 767 3820 mentis
803 3779 913 3820 suae
960 3765 1333 3822 insanissimus
1360 3774 1618 3838 tyrannus
1656 3768 1882 3824 interius

285 3854 538 3922 afﬂictus,
560 3854 684 3910 felle
711 3862 766 3909 et
790 3855 1145 3911 amaritudine
1167 3855 1332 3911 nimia
1356 3866 1655 3925 permotus,
1674 3859 1738 3913 ad
1760 3874 1883 3914 eum

285 3949 401 4003 ait:
436 3946 543 4001 Aut
570 3954 834 4017 prasenta
877 3947 1008 4001 mihi
1047 3947 1218 4018 ipsam
1262 3948 1521 4014 tunicam,
1548 3963 1710 4018 quam
1741 3948 1885 4003 frau-

286 4038 537 4096 dulenter
560 4036 890 4109 subripuisti,
913 4046 1006 4094 aut
1029 4038 1074 4096 si
1103 4054 1212 4095 non
1252 4040 1682 4110 praesentaveris,
1709 4039 1887 4097 diver-

366 4223 393 4252 ι
429 4214 719 4289 Βὶοεεηαιε.
756 4229 912 4271 anne
959 4217 1230 4289 βιοϐανὰτε
1254 4216 1278 4270 ?
1305 4230 1446 4271 anne
1472 4231 1502 4271 a
1530 4231 1666 4272 voce
1699 4220 1890 4289 βροτὸς

292 4293 357 4361 εει
399 4286 652 4341 miserum
682 4295 869 4361 vocet,
892 4286 976 4361 vel
1007 4302 1039 4341 a
1058 4289 1245 4361 βρᾷτος
1262 4326 1277 4350 ,
1311 4296 1373 4361 ut
1397 4296 1680 4361 cruentum
1698 4286 1889 4361 dicat?

292 4308 357 4340 Ill.
399 4308 652 4341 ωιδεηιω
682 4308 869 4355 νυεει,
893 4308 976 4343 γει
1007 4308 1039 4341 ιι
1058 4308 1093 4361 ρ
1130 4308 1277 4350 στος,
1312 4308 1373 4341 ιιι
1397 4308 1680 4342 (ιι-ιιεῐιιιιῐιι
1708 4308 1888 4343 (11εᾶιέ

292 4355 552 4413 Fortasse
584 4374 597 4409 :
626 4358 719 4412 sed
773 4357 943 4428 magis
981 4308 1303 4414 crediderim
1352 4357 1636 4428 legendum
1686 4355 1890 4414 Burdo-

297 4438 426 4482 nate
448 4469 463 4495 ,
494 4435 606 4481 tum
635 4429 760 4497 quia
807 4426 1021 4484 Graecas
1053 4443 1212 4485 voces
1238 4428 1293 4482 in
1324 4426 1425 4483 ore
1462 4427 1757 4496 Leovigildi
1796 4430 1890 4484 vix

291 4513 458 4570 posse
476 4499 707 4570 reperiri
738 4499 1078 4570 existimem;
1129 4506 1240 4570 tum
1267 4498 1433 4570 etiam
1460 4500 1585 4567 quia
1626 4500 1888 4570 antiquis-

1982 3304 2227 3361 inimicus
2248 3301 2593 3373 impiissimus
2612 3316 2708 3357 rex
2729 3301 2922 3358 malam
2948 3315 3081 3357 sane
3098 3301 3418 3357 sententiam
3438 3315 3543 3356 con
3557 3327 3577 3342 -

1981 3404 2066 3452 tra
2093 3395 2363 3452 insontem
2391 3392 2660 3455 dedisset,
2685 3393 2851 3450 totius
2886 3392 3117 3450 ministri
3160 3407 3445 3466 compares
3474 3392 3581 3450 cri-

1981 3487 2141 3542 minis
2162 3500 2286 3542 eum
2302 3500 2333 3541 a
2353 3484 2729 3556 conspectibus
2747 3485 2867 3556 ejus
2888 3485 3286 3553 abstraxerunt,
3307 3495 3333 3524 ο
3355 3500 3582 3559 equum-

1983 3593 2090 3649 que
2159 3573 2395 3633 ferocem
2452 3575 2503 3631 ei
2564 3574 2633 3631 ad
2686 3575 2981 3633 sedendum
3046 3577 3395 3649 prmeipiente
3452 3590 3582 3648 rege

1985 3676 2353 3738 paraverunt,
2395 3668 2487 3738 qui
2540 3681 2665 3724 eum
2717 3667 2792 3724 ita
2846 3670 3234 3741 praecipitaret,
3283 3677 3341 3725 ut
3387 3669 3583 3726 cadens

1984 3741 2169 3815 fractis
2211 3758 2511 3816 cervicibus
2551 3758 2841 3817 crudeliter
2879 3761 3156 3829 interiret;
3188 3770 3350 3817 tantse
3378 3761 3586 3820 scilicet

1986 3848 2286 3908 ferocitatis
2331 3864 2502 3919 equus
2548 3858 2703 3919 erat,
2732 3850 2878 3920 quod
2923 3850 3101 3907 nullus
3129 3866 3311 3908 sessor
3348 3852 3488 3924 (pro
3517 3868 3586 3907 eo

1988 3943 2135 4016 quod
2179 3944 2293 4013 jam
2341 3941 2543 3999 multos
2597 3957 2695 4013 per
2710 3956 2988 4024 _pr:eceps
3040 3959 3295 4001 corruere
3346 3944 3587 4015 fecerat)

1991 4036 2286 4097 ascendere
2331 4035 2712 4109 praesumebat.
2758 4034 3004 4111 Cumque
3031 4038 3148 4095 viro
3185 4036 3318 4106 Dei,
3349 4045 3407 4093 ut
3438 4039 3487 4091 in
3518 4052 3588 4093 eo

1993 4219 2047 4288 6,
2079 4218 2304 4275 Marian.
2335 4234 2371 4275 v
2395 4260 2411 4286 ,
2441 4232 2562 4288 cap.
2592 4215 2682 4282 l3,
2712 4224 2768 4272 et
2797 4213 3000 4288 Padilla
3031 4214 3188 4272 Cent.
3220 4232 3295 4282 vr,
3339 4232 3461 4287 cap.
3489 4218 3583 4273 (58.

2063 4288 2091 4327 ἀ
2133 4291 2178 4342 Α
2203 4285 2559 4359 conspectibus
2589 4288 2780 4359 n_ostris
2809 4285 3127 4359 abstractum
3154 4288 3339 4359 exsilio
3366 4285 3589 4357 relegari

1985 4359 2254 4434 jubemus.
2277 4356 2578 4434 Dedericns
2605 4356 2783 4434 Tol‘et.
2812 4374 2849 4413 ιι
2867 4373 3013 4434 ,ςερτ
3047 4357 3127 4434 l4.
3160 4356 3585 4434 Qeniqtte‘Ai‘ia—

1993 4427 2077 4487 ita:
2127 4431 2363 4501 perﬁdia:
2413 4430 2642 4499 repletus
2683 4428 2710 4501 _(
2746 4427 3131 4501 Lenvigildus)
3189 4428 3245 4483 in
3292 4427 3588 4501 Catltolr‘cos

2029 4496 2349 4556 ersecutione
2386 4496 2643 4555 commota
2673 4496 2968 4552 Leandrum
3015 4497 3172 4568 Hisp.
3205 4508 3253 4553 et
3284 4497 3590 4555 Messanam

289 4568 421 4623 simi
476 4567 832 4636 Hispanorum
880 4568 1135 4625 dicebant
1157 4568 1343 4661 cB-orde
1370 4584 1494 4623 eum
1542 4585 1700 4661 unem
1750 4567 1885 4624 obli-
1916 4602 1967 4661 υ
1993 4567 2371 4661 Εηιεζὶιεηεςηι
2406 4570 3311 4661 sanctissimoslepisfopfsketIulios
3333 4570 3584 4661 ptuliﬂtos

333 4654 454 4709 nuru
482 4654 514 4691 a
558 4648 702 4704 patre
742 4655 902 4709 genus
952 4649 1116 4695 vocat
1157 4639 1396 4705 Statius,
1447 4648 1504 4693 et
1555 4640 1881 4709 degenerum.

332 4706 441 4783 .C.
467 4708 670 4783 quique
695 4706 1086 4783 in'Enripidzeis
1114 4710 1406 4764 thnissis
1449 4706 1886 4783 pur-pilarum,

289 4782 483 4852 μάσμα
512 4780 727 4852 «usus;
759 4781 913 4832 matri
942 4782 1103 4850 turpis
1132 4788 1313 4852 partus
1360 4789 1409 4833 et
1451 4780 1594 4851 'patri
1643 4780 1888 4850 probrum

292 4848 362 4902 'ac
390 4848 653 4919 piaculum
681 4860 755 4903 est
780 4866 796 4903 :
826 4865 926 4904 nec
955 4848 1112 4904 aliter
1134 4848 1338 4905 nothos
1384 4859 1439 4904 et
1458 4848 1681 4919 'spuriOs
1706 4852 1888 4906 vocari

294 4920 545 4991 hodiekin
594 4920 772 4974 multis
818 4919 1086 4991 Hispaniae
1111 4921 1355 4991 partibus
1395 4921 1544 4979 scio.
1588 4930 1644 4976 et
1671 4922 1885 4987 merito,

294 5006 428 5069 cuin
456 4988 809 5069 Bordequasi
835 4988 1010 5069 βὸρδος
1030 4988 1191 5069 ,“sive
1216 4989 1412 5069 βόρδωγ
1432 5029 1447 5054 ,
1482 4991 1621 5069 unde
1650 5001 1891 5069 nos__stu-

295 5061 487 5132 pidum
519 5060 681 5115 burdo
708 5060 867 5132 vulgo
898 5060 1351 5132 appellamus,'et
1377 5060 1632 5117 burdones
1656 5064 1787 5118 muli
1815 5079 1884 5117 ex

290 5130 451 5186 asina
493 5139 649 5196 sunt;
680 5130 760 5186 sic
805 5131 893 5187 ubi
935 5130 1225 5188 burdonuns
1249 5148 1382 5188 onus
1427 5132 1488 5186 ιν
1539 5133 1671 5196 Reg.
1702 5148 1735 5187 v
1761 5133 1885 5187 Vul-

291 5209 459 5268 gaius
476 5202 738 5271 interpres
765 5201 912 5271 legit,
943 5201 1175 5268 Hebraei,
1204 5200 1439 5257 Chaldaei
1462 5211 1515 5258 et
1542 5200 1694 5258 LXX
1719 5205 1886 5259 muto-

294 5288 420 5326 rum
449 5269 670 5343 habent.
706 5269 892 5341 Itaque
912 5273 1021 5341 vel,
1049 5284 1106 5326 ut
1137 5274 1375 5343 spurium
1403 5282 1572 5335 notet,
1604 5285 1696 5328 aut
1739 5274 1889 5329 blen-

293 5358 434 5398 num
456 5341 608 5414 dicat
639 5340 954 5414 impiusrex
990 5340 1137 5414 pium
1168 5340 1506 5414 episcopum,
1540 5344 1891 5400 Boraonatum

293 5421 399 5483 aut
445 5411 797 5483 Burdonatnm
826 5411 1005 5480 ﬁnxit,
1030 5413 1184 5483 quasi
1214 5411 1640 5483 burddnenatum.

376 5482 403 5519 ⁸)
450 5481 739 5537 Divaricari
803 5484 979 5538 Cicer.
1036 5481 1102 5538 de
1156 5484 1254 5554 sig.
1308 5482 1584 5552 Sapatrum
1638 5487 1894 5541 hominem

293 5570 508 5609 summa
532 5555 840 5626 magistratu
863 5555 1087 5625 peditum
1112 5554 1386 5626 divarica‘ri
1410 5572 1469 5607 ac
1482 5555 1707 5626 deligari
1728 5556 1893 5626 jubet;

296 5626 413 5679 hoc
462 5632 543 5679 est
573 5623 802 5680 distendi
827 5644 838 5677 :
864 5623 941 5681 de
968 5625 1253 5680 arbOribus
1294 5623 1432 5680 dixit
1462 5623 1619 5693 Cato,
1656 5623 1791 5681 rami
1819 5627 1897 5681 di-

294 5696 634 5750 varicantur.

388 5777 411 5803 ε
431 5763 564 5838 Ecce
576 5766 721 5838 Iricin
740 5774 909 5821 ventre
922 5784 1031 5821 meo
1046 5776 1140 5821 est.
1158 5766 1355 5838 Tunica
1370 5767 1643 5838 scilicetS.
1663 5768 1896 5838 Eulalia},

294 5852 477 5909 quain
507 5834 848 5908 Lcovigildus
889 5839 1217 5909 requirebat,
1247 5837 1315 5895 de
1343 5854 1448 5910 qua
1490 5837 1681 5895 Mora].
1714 5856 1782 5894 xu
1805 5882 1822 5905 ,
1847 5834 1899 5897 c.

1995 4642 2180 4697 exsilio
2224 4642 2494 4713 relegavit.
2522 4711 2529 4713 ξ
2561 4637 2701 4713 Quid
2753 4636 3002 4693 deinde?
3043 4636 3306 4713 Ecclesia:
3357 4641 3590 4696 redditus

1994 4712 2298 4784 inﬁscarit,
2337 4708 2393 4784 et
2447 4709 2718 4784 privilegia
2769 4723 2948 4784 earum
3000 4708 3251 4784 abstult,
3303 4713 3590 4784 multosque

1995 4777 2276 4838 terroribus
2304 4777 2514 4835 Arianae
2554 4777 2860 4853 pestilentia:
2889 4780 3169 4850 applicarit
3189 4782 3455 4853 plerosque
3480 4777 3592 4838 sine

1994 4853 2347 4921 persecutione
2377 4868 2505 4904 auro
2532 4849 2780 4920 rebusque
2805 4851 3016 4923 decipit.
3052 4849 3216 4923 Ausus
3241 4849 3436 4923 quoque
3459 4856 3591 4907 inter

1994 4932 2184 4979 cwtera
2216 4923 2426 4976 haeresis
2472 4936 2581 4975 sua:
2625 4922 2867 4993 contagia
2897 4921 3177 4993 catholscos
3224 4921 3591 4988 rebamizarc;

1996 5002 2053 5048 et
2074 4994 2178 5048 alia
2209 5008 2329 5063 quae
2354 4994 2576 5063 longum
2612 5006 2755 5063 easy
2782 4990 3108 5048 recensere.
3138 4990 3337 5047 Eadem
3384 4993 3548 5047 hanct
3575 5031 3589 5054 ,

1996 5080 2096 5119 suo
2120 5058 2297 5125 more.
2340 5058 2649 5116 Chronicon
2690 5058 2844 5130 Hisp.
2875 5063 3127 5130 generale
3171 5079 3206 5117 ιι
3254 5072 3420 5132 part..
3466 5077 3591 5129 cap.

1997 5133 2085 5188 39.
2112 5135 2187 5189 De
2215 5135 2549 5202 relegatione
2571 5133 2947 5201 episcoporum
2978 5134 3170 5189 eodem
3201 5136 3361 5187 modo
3389 5132 3586 5187 lsidor.

1998 5206 2053 5259 in
2103 5204 2300 5272 Leovig
2345 5220 2359 5256 :
2412 5202 2659 5272 Per/ﬁdite
2716 5205 2888 5275 lurore
2931 5204 3153 5275 repletus
3197 5205 3253 5257 in
3301 5202 3588 5258 catholicos

1998 5276 2349 5345 persecutione
2394 5282 2648 5345 commota
2695 5274 2947 5343 plurimos
3000 5275 3592 5345 episcoporum_ea:silie

2000 5341 2247 5416 relegavit
2270 5385 2293 5416 ε
2316 5354 2365 5399 et
2412 5341 2743 5416 ecclesiarum
2792 5341 3121 5416 redditugEet
3154 5341 3418 5416 privilegia
3450 5344 3566 5397 tulit

2004 5415 2080 5468 De
2107 5410 2228 5469 aliis
2257 5411 2787 5484 GregoriusTuron.
2817 5428 2871 5480 γ,
2917 5429 2967 5469 c.
3000 5412 3068 5467 38
3090 5454 3104 5478 ,
3162 5413 3316 5484 hist.
3336 5410 3537 5484 Franc.

2004 5484 2201 5553 Magna
2223 5503 2282 5539 eo
2313 5480 2450 5539 an'no
2479 5487 2533 5539 in
2552 5482 2815 5553 Hispania
2836 5484 3118 5553 persecutio
3141 5481 3236 5553 fuit
3256 5480 3589 5551 Christianis,

2002 5553 2146 5611 multi
2174 5557 2369 5610 exsiliis
2401 5555 2656 5620 d.mtnati,
2682 5554 3016 5624 facultatibus
3045 5553 3266 5623 privati,
3294 5569 3355 5607 ac
3377 5554 3595 5610 diversis

2003 5628 2269 5752 ῧιρμιὶεἱὶε
2314 5627 2554 5751 ιῖιιοὶάιιιὶ
2583 5635 2724 5680 sum.
2754 5624 3223 5679 Consentieutibus
3246 5624 3541 5681 Biclarcusi
3573 5664 3591 5691 ,

2060 5714 2238 5752 axuno
2264 5736 2280 5752 .
2308 5713 2337 5750 a
2366 5712 2451 5751 us.

2060 5714 2238 5752 axunu
2264 5736 2280 5763 ,
2308 5712 2451 5751 atus.

2079 5779 2103 5807 ο
2144 5767 2445 5841 Είιιιιιρῃᾳιιε
2489 5771 2743 5841 feracem.
2797 5766 2932 5823 Rem
2982 5766 3286 5825 distinctius
3330 5773 3595 5828 enarraul

2004 5836 2261 5917 Mortales.
2287 5836 2515 5894 hiat-ian}
2533 5879 2549 5905 ,
2578 5836 2766 5893 Padill.
