4118 6332
70 6004 79 6095 [

70 6098 83 6237 Ξ

496 218 594 274 ni
1668 214 1866 269 l'.\l'L|
1908 208 2284 268 susurnam
2332 203 2601 264 DlACONl
3667 224 3766 284 ,εί

487 307 721 393 (amilum
762 324 1026 383 universis
1052 330 1243 385 urbem
1280 332 1549 401 ingressus
1578 341 1680 389 est.
1712 331 1791 389 ita
1822 333 2072 389 nimirum
2103 335 2155 397 Α
2180 333 2360 391 omnia
2406 332 2704 389 catholicus
2726 373 2741 397 ,
2791 347 2882 405 qm
2939 348 3044 389 non
3088 342 3296 403 patrem
3341 335 3637 405 perﬁdum.
3678 337 3771 392 sed

484 422 727 481 Ecciesia
755 421 1103 478 Emeritensis
1134 423 1410 479 exsultans
1438 438 1561 480 cum
1589 439 1798 480 summa
1816 424 2072 495 jucundio

488 526 601 577 tate
645 532 801 571 suum
849 517 1265 585 gubernatorem
1314 516 1521 587 recepit
1557 534 1572 571 :
1620 517 1889 590 gaudebat
1928 518 2071 574 enim

483 609 630 681 quod
677 608 969 678 reperisset
1015 617 1249 676 aegrotus
1300 606 1603 678 medelam,
1630 609 1879 666 solatium
1931 611 2072 679 quod

482 700 777 761 invenisset
820 713 1141 769 oppressus,
1186 699 1499 755 alimentum
1544 700 1686 770 quod
1727 716 1833 755 non
1862 700 2075 758 deesset

481 802 676 861 egeno.
725 789 863 857 Quid
912 788 1115 845 multa?
1145 789 1354 845 reddita
1383 798 1510 846 sunt
1544 805 1574 844 a
1611 790 1839 846 Domino
1868 789 2074 846 Emeri-

482 881 626 939 tensi
663 881 907 938 ecclesiae
952 882 1174 953 copiosa
1214 882 1463 950 suffragia
1493 899 1508 948 ;
1541 898 1665 938 nam
1708 883 2072 939 calamitatum

483 977 760 1049 peuurias,
786 987 839 1032 et
863 975 1082 1033 crebras
1103 976 1421 1048 pestilentiae
1443 976 1645 1045 clades,
1673 976 2073 1047 insolentesque

483 1071 649 1126 totius
679 1070 827 1125 urbis
860 1070 1124 1140 procellas
1153 1072 1326 1128 sancti
1361 1070 1463 1126 viri
1492 1070 1769 1141 praesentia
1796 1111 1811 1138 ,
1843 1069 2072 1127 Domino

482 1160 807 1226 miserante,
839 1163 1155 1233 suspendit,
1183 1179 1321 1235 quos
1359 1163 1579 1220 indubie
1605 1173 1817 1220 remoto
1852 1173 2074 1237 pastore

478 1268 643 1311 causa
674 1252 793 1324 ejus
821 1254 1079 1311 absentia:
1104 1255 1395 1326 oppressit.

1071 1372 1299 1441 CAPUT
1336 1384 1474 1441 XVI.

477 1492 779 1569 Leovigildo
826 1497 937 1570 regi
977 1498 1035 1552 in
1081 1498 1265 1553 haeresi
1299 1507 1505 1555 mortuo
1555 1498 1874 1554 Reccaredus
1928 1500 2069 1570 [ilius

974 1588 1256 1645 catholicus
1279 1593 1541 1647 successit.
1616 1609 1622 1616 '

2176 423 2451 481 Christum
2500 421 2786 480 Dominum
2840 439 3072 497 sequens
3127 424 3195 479 ab
3250 424 3444 482 Ariana
3500 429 3770 487 haereseos

2175 519 2443 590 pravitate
2486 533 2780 576 conversus
2826 527 2909 574 est
2932 559 2948 585 ,
3009 528 3290 591 totamque
3347 517 3774 591 Wisigotharum

2174 620 2390 681 gentem
2413 614 2545 668 mira
2568 612 2954 684 praedicatione
2982 613 3048 667 ad
3078 627 3262 668 veram
3290 611 3448 669 fidem
3475 614 3769 683 perduxit:

2176 710 2293 757 erat
2336 702 2482 758 enim
2526 702 2798 771 religionis
2842 703 3033 757 divinae
3080 711 3349 769 assertor,
3394 711 3556 759 rectae
3591 703 3775 773 gloria

2175 796 2495 866 prmdtcator
2516 805 2572 850 et
2591 794 2861 859 defensor,
2901 796 3225 852 omnimodis
3249 796 3574 852 catholicam
3619 795 3777 853 [idem

2179 895 2204 924 ο
2235 896 2582 956 sanctamque
2606 886 2919 942 Trinitatem
2956 897 3279 943 comteruam
3297 895 3352 942 et
3387 888 3546 943 unius
3566 887 3780 948 virtutis

2175 987 2232 1035 et
2258 980 2567 1035 substantia:
2598 979 2928 1050 praedicans,
2955 987 3117 1049 atque
3169 980 3220 1035 in
3266 996 3620 1050 personarum
3655 996 3775 1053 pm

2174 1073 2408 1143 prietate
2427 1071 2777 1143 distinguens,
2806 1072 2858 1127 in
2873 1080 3061 1127 natura
3096 1089 3259 1128 unum
3284 1072 3453 1129 Deum
3477 1074 3779 1139 aftirmans,

2176 1165 2392 1222 Patrem
2438 1166 2736 1235 ingenitum
2776 1168 2981 1231 dicens,
3018 1166 3210 1222 Filium
3239 1182 3306 1222 ex
3339 1165 3501 1221 Patre
3529 1166 3773 1235 genitum

2175 1267 2425 1314 astruens
2448 1299 2463 1325 ,
2497 1256 2756 1331 Spiritum
2786 1275 2918 1315 vero
2946 1268 3194 1315 sanetum
3225 1273 3292 1314 ex
3325 1266 3555 1319 utroque
3585 1272 3781 1327 proce-

2175 1350 2305 1408 dere
2334 1359 2580 1406 credens.
2611 1349 2704 1405 His
2729 1350 2981 1407 videlicet
3027 1350 3312 1406 virtutibus
3352 1357 3577 1405 ornatus
3615 1349 3784 1418 coepit

2176 1456 2366 1497 omnes
2408 1456 2549 1510 quos
2577 1442 2776 1498 charos
2800 1442 2913 1497 Deo
2954 1441 3225 1498 sentiebat
3269 1439 3525 1510 diligere,
3554 1440 3784 1495 horrere

2176 1534 2399 1590 omnino
2446 1541 2504 1589 et
2551 1533 2823 1590 exsecrari
2852 1548 3044 1589 omnes
3069 1548 3207 1604 quos
3253 1532 3365 1588 Deo
3417 1531 3781 1601 cognoscebat

2178 1624 2422 1691 odibiles,
2457 1632 2621 1694 atque
2644 1625 3019 1682 haereticorum
3052 1623 3296 1681 nefanda:
3325 1624 3619 1695 impietatis
3649 1639 3785 1680 con-

550 1703 715 1775 (Βίων
741 1719 863 1762 cum
892 1718 999 1760 ηοη
1027 1712 1302 1775 Places-ie"
1332 1705 1426 1761 Sed
1457 1705 1677 1761 Obessel
1697 1744 1713 1771 ο
1740 1706 1913 1775 magis
1940 1720 2067 1777 Per"
2104 1726 2150 1784 B
2177 1716 2433 1773 demnare
2488 1732 2764 1781 errorem;
2819 1715 2965 1788 quod
2996 1718 3125 1773 dum
3176 1718 3440 1774 instanter
3486 1717 3676 1779 ﬁeret,
3718 1723 3786 1771 et

480 1799 635 1855 deret
688 1812 850 1867 quam
905 1807 1120 1867 regeret
1170 1798 1513 1867 Leovigildus
1571 1798 1915 1869 Hispaniam,
1970 1816 2074 1856 nec

480 1888 757 1961 quidpiam
785 1887 852 1944 de
882 1887 1093 1959 ﬂagitiis
1119 1890 1204 1945 vel
1226 1889 1553 1945 facinoribus
1594 1901 1901 1947 remaneret
1930 1893 2077 1962 quod

478 1999 587 2040 non
619 1983 893 2055 proprium
916 1983 1020 2038 sibi
1048 1982 1383 2051 defenderet,
1410 1984 1666 2040 deserens
1688 1999 2078 2055 usquequaque

480 2076 651 2132 Deum
674 2116 689 2142 ,
722 2075 832 2131 imo
877 2074 1169 2130 derelictus
1208 2075 1323 2144 ipse
1361 2090 1392 2129 a
1436 2075 1566 2141 Deo,
1597 2085 1622 2111 ³·
1650 2089 1873 2145 regnum
1915 2076 2077 2131 simul

482 2182 603 2223 cum
644 2167 754 2221 vita
794 2165 1083 2222 infeliciter
1130 2165 1398 2236 perdidit,
1430 2166 1858 2236 gravissimoque
1885 2166 2078 2223 morbo

483 2258 579 2313 Dei
602 2257 805 2330 judicio
851 2266 1134 2329 correptus
1156 2300 1174 2329 ,
1204 2258 1368 2312 vitam
1398 2257 1753 2315 foedissimam
1783 2260 1992 2325 amisit,
2023 2269 2081 2314 et

484 2361 716 2409 mortem
764 2352 862 2408 sibi
915 2359 1229 2423 perpetuam
1265 2351 1589 2422 acquisivit,
1622 2351 2020 2424 crudeliterque
2046 2368 2079 2408 e

483 2464 545 2502 co
555 2461 714 2517 rpore
742 2444 861 2516 ejus
885 2444 1063 2500 anima
1084 2444 1346 2508 resoluta,
1375 2444 1650 2515 perpetuis
1671 2445 1843 2515 pinnis
1858 2444 2082 2501 detenta

483 2537 793 2609 perenniter
837 2534 996 2591 Erebi
1045 2535 1350 2607 mancipata
1392 2536 1607 2592 tartaris
1654 2552 1764 2592 non
1808 2536 2082 2593 immerito

482 2628 719 2700 relegata
746 2635 963 2684 tenetur
986 2665 1002 2693 ,
1032 2627 1239 2698 picibus
1266 2642 1454 2683 arsura
1488 2642 1703 2700 semper
1730 2627 2082 2685 bullientibus

482 2720 661 2778 undis.
688 2721 713 2759 δ
737 2719 865 2777 Post
884 2719 1039 2790 cujus
1059 2718 1483 2777 crudelissimam
1512 2728 1742 2775 mortem
1759 2718 2084 2775 venerabilis

484 2817 565 2870 vir
595 2812 935 2870 Reccaredus
963 2813 1216 2883 princeps
1245 2810 1389 2867 illius
1418 2811 1561 2882 ejus,
1587 2810 1712 2882 jure
1740 2810 2083 2867 administra-

484 2912 689 2967 tionem
717 2909 871 2979 regni
898 2908 1125 2978 adeptus
1155 2915 1276 2975 est,
1308 2906 1611 2975 meritoque
1638 2906 1706 2961 ad
1735 2905 1947 2961 culmen
1977 2903 2084 2961 sibi

486 3004 722 3061 debitum
767 3002 1100 3075 principatus
1141 3008 1362 3057 evectus
1392 3008 1509 3067 est,
1544 2999 1831 3070 praecipuis
1870 2998 2084 3055 meritis

2187 1809 2355 1865 multa
2385 1810 2662 1865 catholica:
2704 1807 2959 1864 Ecclesia:
3000 1806 3214 1865 favente
3260 1808 3373 1864 Deo
3425 1807 3788 1876 tranquillitas

2182 1901 2528 1967 redderetur,
2561 1910 2617 1957 et
2644 1900 2859 1956 Arianae
2882 1901 3208 1955 calamitatis
3253 1915 3407 1955 error
3438 1899 3505 1955 ab
3536 1899 3787 1957 omnibus

2183 2010 2322 2065 pene
2348 1995 2616 2050 mentibus
2642 1994 3019 2059 discuteretur,
3065 2002 3121 2048 et
3161 1993 3370 2050 cunctis
3416 1991 3789 2047 simultatibus

2182 2089 2353 2161 pulsis
2378 2089 2504 2144 urbs
2530 2086 2766 2143 Emerita
2797 2102 2903 2142 una
2937 2101 3061 2142 cum
3089 2083 3116 2123 ἰ
3150 2094 3342 2142 sancto
3364 2083 3618 2140 Massona
3645 2083 3789 2153 epis-

2183 2195 2326 2251 copo
2358 2196 2457 2249 pro
2479 2188 2642 2234 tantae
2672 2177 3072 2249 tranquillitatis
3101 2176 3273 2247 gratia
3302 2175 3703 2246 congauderet,
3731 2184 3790 2230 et

2186 2272 2416 2327 Domino
2455 2269 2821 2326 indesinenter
2861 2270 3064 2338 gratias
3090 2266 3362 2335 referret;
3412 2282 3600 2323 rursus
3648 2265 3789 2321 anti-

2185 2379 2323 2434 quus
2352 2364 2521 2419 hostis
2566 2362 2763 2418 invidia
2798 2371 3014 2418 assueta
3062 2362 3321 2419 incitatus
3346 2404 3363 2430 ,
3392 2360 3638 2417 rediviva
3690 2356 3790 2414 Dei

2184 2455 2386 2511 famulo
2414 2469 2512 2525 per
2538 2468 2670 2511 suos
2693 2453 2972 2509 ministros
3001 2453 3183 2509 intulit
3212 2452 3416 2524 prelis.

2762 2588 2992 2647 CAPUT
3031 2587 3192 2647 XVII.

2189 2708 2389 2765 Sunna:
2408 2708 2829 2780 pseudoepiscOpi
2867 2707 3053 2780 fraude
3098 2723 3211 2762 cum
3241 2724 3273 2762 a
3299 2705 3573 2762 Witterica
3600 2704 3789 2764 comite

2320 2801 2573 2858 Masscna
2597 2802 2769 2874 gladio
2801 2811 3081 2874 peteretur,
3111 2801 3367 2857 miraculo
3389 2800 3657 2857 liberatus.

2192 2950 2230 2963 »η
2259 2917 2444 2974 Sunna
2495 2932 2728 2987 namque
2763 2917 3027 2974 Gothicus
3055 2917 3382 2988 episcopus,
3425 2914 3580 2987 cujus
3623 2930 3792 2988 supra

2187 3011 2505 3070 memoriam
2554 3010 2799 3075 fecimus,
2826 3010 3067 3067 irritatus
3122 3024 3153 3064 a
3210 3008 3461 3075 diabolo,
3518 3006 3792 3078 quosdam

485 3096 726 3168 legitime
776 3094 1198 3165 solemniterque
1263 3092 1444 3163 regale
1496 3092 1709 3148 culmen
1734 3134 1751 3160 ,
1810 3092 2083 3150 tribuente

2193 3100 2398 3159 Gothos
2444 3102 2653 3158 nobiles
2681 3116 2882 3173 genere
2910 3102 3214 3173 opibusque
3244 3100 3542 3157 ditissimos
3564 3140 3580 3165 ,
3610 3115 3644 3156 e
3666 3099 3794 3169 qui-

490 3188 623 3257 Deo,
677 3189 1006 3261 promeruit;
1065 3188 1148 3245 vir
1196 3186 1431 3258 denique
1460 3184 1829 3252 orthodoxus,
1886 3194 1942 3242 et
1983 3201 2083 3258 per

557 3337 584 3365 ⁸
617 3324 851 3398 Regnum
879 3327 1032 3381 simul
1074 3340 1199 3398 cum;
1230 3325 1337 3398 vita
1361 3321 1641 3395 infeliciter
1669 3322 1918 3398 perdidit.
1944 3321 2086 3377 Leo-

490 3393 750 3466 vigildus;
780 3398 849 3452 de
877 3400 1030 3464 cujus
1057 3395 1374 3467 paenitentia
1404 3393 1459 3448 et
1484 3408 1613 3449 vera
1642 3393 1967 3467 publicaque
1993 3407 2085 3448 er-

491 3463 675 3527 rorum
702 3463 1038 3536 abjuratione
1061 3463 1314 3536 dubitant
1353 3479 1475 3521 cum
1516 3471 1703 3536 nostro
1740 3463 2004 3536 scriptore
2030 3471 2091 3517 et

489 3532 973 3607 Gregorio'Magno
1015 3537 1105 3592 lib.
1146 3551 1203 3592 tu
1250 3534 1434 3607 Dial.,_
1466 3533 1737 3607 cap._5i,
1764 3532 1876 3607 _alii
1909 3533 2089 3607 etiam

491 3601 685 3666 nostri.
730 3605 836 3662 Pro
867 3601 957 3662 illo
996 3616 1175 3661 tamen
1204 3614 1349 3661 stant
1395 3601 1685 3673 Gregorius
1732 3603 1868 3658 alter
1909 3601 2086 3659 Turo-

491 3694 646 3735 nens.
668 3694 761 3734 vtu
824 3676 960 3733 Hist.
1009 3677 1229 3741 Franc.,
1259 3692 1380 3743 cap.
1410 3677 1532 3739 ult.,
1577 3682 1631 3729 et
1670 3673 1739 3728 M.
1770 3674 1987 3729 Maxim.
2019 3673 2091 3729 ad

491 3766 620 3807 ann.
652 3748 793 3813 585,
823 3750 1053 3821 quiiejus
1083 3749 1433 3818 paenitentiam
1463 3747 1817 3816 lacrgmasque
1854 3747 2050 3801 notavit
2071 3786 2088 3812 ,

494 3830 557 3877 ut
584 3822 654 3877 de
679 3837 738 3876 se
770 3820 884 3890 ipse
912 3820 1132 3875 fatetur.
1515 3887 1543 3890 _
1759 3886 1768 3890 _
1881 3872 1895 3885 ,

567 3890 594 3932 δ
627 3891 752 3946 Post
781 3886 925 3961 cujus
954 3890 1223 3945 crudeliss.
1257 3898 1473 3944 mortem
1504 3886 1899 3961 Reccaredus...
1922 3887 2093 3961 admi-

494 3958 857 4032 nistrationem
884 3963 1032 4032 regni
1062 3961 1278 4031 adeptus
1306 3970 1413 4025 est,
1442 3959 1529 4031 qui
1570 3974 1675 4032 non
1702 3967 1900 4028 patrem
1931 3958 2091 4032 perfi-

496 4035 640 4096 dum,
670 4032 760 4086 sed
789 4029 1049 4085 Clarisium
1076 4029 1277 4086 secutus
1307 4032 1371 4084 ab
1404 4029 1599 4084 Ariana
1634 4029 1885 4083 hwreseos
1923 4030 2095 4098 pravi-

497 4114 603 4159 tate
647 4118 918 4157 conversus
947 4110 1043 4167 est,
1074 4110 1332 4170 totamque
1361 4098 1701 4171 Wisigothqr.
1731 4108 1933 4171 gentem
1960 4099 2097 4152 mira

498 4173 870 4246 prwdicatione
896 4172 966 4225 ad
987 4168 1341 4246 veramﬁdem
1365 4168 1595 4246 reduatit.
1621 4168 1999 4246 Omninonhtec
2028 4184 2097 4224 ex

499 4236 762 4314 Eregorio
790 4242 984 4314 Magno
1010 4259 1067 4297 lli
1121 4236 1282 4314 DiaL,
1311 4258 1431 4312 cap.
1465 4241 1565 4314 '51_,
1604 4240 1830 4314 sumpsit
1860 4236 2094 4302 Paulus;

499 4311 632 4372 naui
668 4316 783 4372 haec
811 4311 920 4381 ille,
953 4312 1081 4369 Post
1126 4313 1237 4385 ejus
1263 4311 1481 4368 mortem
1514 4311 1833 4366 Reccaredus
1861 4325 1954 4363 rea:
1993 4324 2099 4385 non

499 4396 697 4461 patrem
741 4380 1026 4461 per/idum,
1058 4380 1162 4439 sed'
1180 4387 1395 4457 fratrem
1434 4391 1715 4454 martyrem
1752 4389 1989 4461 sefutus,
2013 4380 2100 4461 ‘ab

499 4448 700 4513 'Ariana
726 4448 978 4523 inanitate
1004 4448 1300 4523 conversus,
1356 4464 1517 4527 totam
1534 4526 1539 4527 γ
1556 4448 1753 4527 quoque
1778 4448 2098 4527 Wisigotha-

2191 3194 2293 3251 bus
2322 3195 2484 3252 etiam
2516 3194 2758 3249 nonnulli
2793 3203 2815 3230 υ
2846 3196 2899 3248 in
2930 3193 3252 3263 quibusdam
3283 3192 3595 3249 civitatibus
3622 3192 3794 3247 comi-

2192 3328 2351 3398 fuerit
2380 3336 2650 3398 generatus
2668 3328 2870 3398 ,°_unius
2903 3334 3074 3381 tamen
3102 3335 3313 3398 uterque
3334 3325 3643 3382 substantia
3663 3326 3794 3379 divi-

2192 3396 2356 3470 nitate
2382 3396 2622 3470 subsistat
2635 3396 2843 3470 ._Pater
2872 3412 2938 3470 ea:
2958 3414 3066 3470 quo
3095 3396 3410 3470 sit_Filius;
3460 3399 3713 3470 ipseivero
3734 3413 3797 3470 ea

2195 3468 2344 3524 nullo
2373 3468 2438 3521 sit
2461 3468 2603 3539 alio;
2640 3466 2807 3522 Filius
2837 3469 2921 3539 qui
2946 3466 3133 3523 habeat
3152 3468 3391 3539 Patgem:
3423 3468 3515 3521 sed
3541 3468 3797 3539 sineﬂini-

2195 3539 2291 3604 tio,
2321 3548 2370 3593 et
2399 3538 2509 3592 sine
2533 3537 2891 3612 diminutione.
2924 3540 2980 3593 in
3019 3555 3233 3612 ea,qua
3259 3537 3411 3612 Patri
3437 3538 3718 3612 coargualis
3744 3545 3797 3591 et

2195 3617 2482 3664 cowternus
2537 3617 2653 3674 est,
2717 3610 2983 3664 divinitate
3035 3608 3299 3665 subsistat.
3369 3608 3597 3680 Spiritus
3659 3624 3802 3680 a'gue

2198 3689 2407 3733 sanctus
2441 3680 2765 3749 conﬁtendus
2789 3697 2819 3732 a
2847 3680 2995 3735 nobis
3024 3689 3073 3734 et
3105 3680 3471 3749 prtedicandus
3490 3687 3589 3749 est,
3616 3694 3649 3730 a
3690 3680 3800 3732 Pa-

2197 3758 2277 3804 tre
2315 3759 2364 3804 et
2389 3768 2421 3803 a
2466 3748 2608 3805 Filio
2636 3751 2928 3820 procedere,
2955 3760 3005 3805 et
3032 3748 3150 3804 cum
3198 3749 3358 3820 Patre
3397 3759 3446 3803 et
3477 3748 3615 3820 Filio
3645 3750 3801 3820 unius

2195 3836 2309 3875 esse
2358 3817 2678 3876 substantiae.
2730 3819 2960 3876 Tertiam
3002 3838 3116 3877 rero
3164 3822 3219 3875 in
3270 3819 3529 3875 Trinitate
3569 3817 3801 3887 Spiritus

2197 3892 2391 3975 sancti“
2393 3908 2504 3946 esse
2552 3908 2825 3975 personam
2849 3931 2881 3975 ,_
2909 3892 2996 3975 qui
3027 3903 3196 3974 tamen
3246 3905 3565 3975 communem
3610 3888 3801 3971 habent

2199 3978 2314 4015 cum
2347 3960 2504 4015 Patre
2551 3958 2600 4015 et
2646 3961 2786 4016 Filio
2830 3958 3114 4017 divinitatis
3154 3961 3451 4017 essentiam.
3501 3958 3632 4013 Haec
3661 3960 3798 4013 enim

2198 4040 2382 4086 sancta
2414 4030 2642 4086 Trinitas
2672 4048 2803 4086 unus
2833 4044 2904 4086 est
2939 4031 3082 4088 Deus
3123 4032 3281 4087 Pater
3308 4040 3356 4085 et
3396 4030 3569 4085 Filius
3590 4038 3641 4083 et
3673 4029 3802 4100 Spi-

2199 4103 2331 4174 ritus
2357 4112 2609 4165 sanctus;
2641 4104 2788 4174 cujus
2819 4103 3045 4158 bonitate
3069 4104 3236 4159 omnis
3274 4104 3392 4158 licet
3418 4100 3552 4174 bona
3583 4102 3653 4174 sit
3679 4116 3803 4174 coni-

2204 4173 2314 4243 dita
2344 4182 2603 4243 creatura,
2650 4170 2741 4243 per
2767 4182 3087 4243 assumptum
3129 4183 3301 4229 tamen
3330 4191 3362 4227 a
3412 4171 3553 4227 Filio
3585 4170 3804 4243 humani

2202 4242 2406 4316 habitus
2424 4240 2659 4316 formam
2680 4284 2693 4305 ,
2736 4260 2767 4316 tt
2796 4240 3041 4316 dammam
3085 4245 3329 4316 progenie
3356 4246 3713 4316 reformantur:
3735 4240 3801 4294 ad

2202 4311 2569 4386 beatitudinem
2607 4314 2901 4386 pristinam.
2934 4313 3002 4367 Et
3030 4311 3153 4384 post
3183 4311 3324 4386 hanc
3353 4311 3494 4370 vera:
3530 4313 3657 4367 fidei
3689 4311 3801 4366 for-

2202 4383 2401 4440 mulam
2435 4383 2619 4447 atldit,
2659 4385 2885 4439 Proinde
2906 4383 3286 4438 anathematizo
3316 4386 3498 4439 Arium
3539 4400 3656 4438 cum
3684 4400 3801 4437 om-

2202 4453 2705 4526 nibusjogmatibus
2735 4464 2784 4511 et
2813 4456 3144 4524 complicibus
3195 4457 3324 4521 suis,
3356 4456 3443 4526 qui
3481 4453 3805 4526 unigenitum

500 4545 617 4583 rum
646 4514 848 4597 gentem
884 4528 962 4580 ita
1012 4528 1081 4580 ad
1109 4514 1299 4582 veram,
1323 4514 1580 4597 perduxit.
1607 4514 1787 4597 ﬁdem,
1823 4514 1937 4597 e_tc:_
1970 4519 2093 4576 Vid.
2128 4514 2179 4571 Ι)
2202 4523 2302 4579 Dei
2345 4514 2542 4579 Filium
2584 4544 2617 4582 α
2657 4535 2876 4597 paterna
2908 4514 3207 4595 degenerem
3248 4514 3527 4597 assereret;
3552 4514 3664 4597 esse
3694 4522 3807 4597 sub-

503 4589 688 4654 eumd.
722 4596 812 4651 lib.
842 4614 880 4661 ι,
914 4597 1070 4666 epist.
1102 4597 1167 4652 ad
1190 4589 1391 4654 Learid.
1418 4596 1507 4661 41,
1537 4605 1592 4651 et
1613 4593 1814 4666 Roder.
1840 4589 2024 4666 ΤοιςξῑΔ
2038 4607 2098 4666 rt,

504 4686 555 4723 e.
589 4666 677 4738 ‘25,
714 4660 925 4738 necnOn
950 4660 1121 4738 ipsius
1150 4667 1446 4738 Recearedi
1478 4664 1863 4738 allocutio_nem
1894 4660 2095 4738 ad‘PP.

506 4737 724 4794 concilii
752 4736 874 4793 Tol.
903 4730 994 4800 ιιιξ
1027 4746 1082 4793 et
1132 4739 1290 4808 epist.
1322 4737 1445 4799 126,
1479 4738 1583 4808 Iib_._
1607 4750 1679 4808 vn
1720 4732 1921 4808 Regist.
1959 4730 2099 4808 Gre-

506 4823 623 4881 gor.
659 4808 724 4881 ad
752 4809 925 4881 ipsum
959 4804 1335 4881 Reccaredum
1349 4809 1487 4881 _(no_n
1530 4805 2016 4881 Necharedunhpt
2046 4804 2101 4858 in

510 4874 797 4934 t’arisicns’i
835 4878 1072 4935 editione
1111 4896 1237 4934 ann.
1274 4874 1412 4933 1586
1442 4878 1678 4946 legitur)
1711 4890 1823 4944 reg.
1852 4874 2103 4943 Wisego-

508 4949 677 5013 thor.,
707 4954 757 5005 et
788 4948 879 5016 4i,
908 4951 997 5016 l_ib.
1031 4967 1079 5013 ι,
1107 4959 1163 5005 et
1189 4949 1314 5014 125,
1343 4948 1434 5003 lib.
1468 4964 1540 5003 vu
1593 4947 1660 5001 ad
1681 4947 1744 5001 Ι).
1778 4945 2098 5016 Leandrum.

498 5072 503 5086 ,
586 5031 608 5058 ο
638 5008 891 5097 Sanctam
919 5008 1244 5097 Trinitatem,
1275 5008 1588 5097 cowternam
1614 5020 1862 5089 uniusque
1900 5014 2101 5097 virtutis

510 5102 557 5147 et
589 5090 893 5147 substantia
919 5092 1233 5163 prtedicans,
1256 5099 1410 5163 atque
1431 5091 1487 5144 in
1512 5090 2107 5163 per_sonarum_propric-

512 5173 619 5236 t_ate
646 5156 969 5235 distinguens
991 5202 1006 5229 ,
1052 5163 1109 5218 in
1159 5156 1555 5236 natura__unum
1582 5158 1747 5236 Deum
1774 5156 2063 5236 amrmans
2084 5193 2102 5218 ,

514 5231 730 5288 Patrem
772 5228 1057 5299 ingenitum
1087 5236 1281 5299 dicens,
1330 5231 1379 5286 F
1383 5230 1530 5286 ilium
1574 5245 1639 5283 ea:
1680 5228 1835 5280 Patre
1878 5228 2107 5299 genitum

514 5314 774 5380 astruens,
807 5295 1061 5380 Spiritum
1089 5295 1465 5380 nero_sanctum
1502 5317 1569 5355 ea:
1594 5295 2107 5380 utroqueprocedere

515 5368 885 5443 credens,'etc.
916 5374 1176 5430 Distimte
1206 5375 1321 5443 ipse
1350 5370 1689 5443 Reccaredus
1725 5368 1877 5422 initio
1906 5368 2105 5423 concil.

516 5442 695 5501 Tolet.
748 5462 802 5501 m
851 5466 863 5499 :
925 5442 1368 5510 Quemadmodum
1424 5459 1518 5511 per
1572 5442 1871 5510 Scripturas
1910 5454 2111 5511 sacras

518 5516 746 5584 seipsum
768 5516 992 5587 intelligi
1021 5518 1303 5587 (Dominus
1341 5510 1693 5587 Deus)_voluit
1719 5518 1768 5564 et
1795 5510 1936 5587 credi
1974 5525 2113 5587 prte-

518 5581 678 5657 cepit,
717 5586 773 5640 id
796 5598 873 5657 est
900 5581 962 5641 ut
982 5581 1333 5657 conﬁteamini
1358 5601 1469 5639 esse
1486 5581 1726 5657 Patrem,
1764 5581 1852 5654 qui
1880 5581 2111 5652 genuerit

523 5654 592 5712 (at
618 5673 716 5711 sua
741 5655 1026 5713 substantia
1053 5654 1248 5712 Filium
1271 5655 1365 5711 sibi
1379 5654 1687 5726 corequalem
1710 5663 1759 5707 et
1775 5664 2108 5726 coartet-num,

523 5742 632 5783 non
661 5735 832 5781 tamen
859 5738 913 5782 ut
949 5732 1058 5798 ipse
1085 5729 1222 5784 idem
1245 5729 1312 5782 sit
1350 5723 1508 5782 natus
1540 5736 1589 5781 et
1617 5727 1816 5798 genitor
1830 5723 1967 5798 ;_sed
1996 5740 2108 5798 μετέ

530 5813 661 5857 Iona
690 5798 824 5855 alius
850 5800 919 5855 sit
962 5793 1123 5856 Pater
1166 5799 1253 5869 qui
1291 5798 1495 5873 genuit,
1529 5793 1678 5862 alius
1725 5798 1790 5853 sit
1834 5793 2000 5850 Filius
2027 5795 2111 5867 qui

2204 4596 2440 4659 stantia;
2485 4614 2575 4650 nec
2604 4615 2635 4651 a
2657 4593 2826 4651 'Patre
2856 4593 3083 4666 genitum
3107 4637 3120 4659 ,
3167 4596 3258 4649 sed
3306 4612 3370 4649 ex
3400 4594 3563 4666 nihilo
3599 4593 3807 4666 dicebat

2205 4683 2316 4721 esse
2344 4674 2591 4738 creatum,
2624 4678 2729 4722 etc.
2762 4661 3058 4735 Ampleclor
3079 4668 3252 4738 itaque
3280 4674 3327 4719 et
3359 4675 3505 4719 teneo
3533 4664 3691 4738 ﬁdem

2204 4738 2364 4807 episc.
2398 4732 2871 4809 (ionstantinopoli
2898 4732 3365 4809 congregatarum,
3413 4751 3528 4806 qua
3557 4732 3809 4787 Macedo.

2205 4809 2370 4868 nium,
2405 4806 2631 4876 Spiritus
2675 4806 2843 4861 sancti
2886 4806 3229 4861 substantiam
3265 4808 3614 4861 minorantem
3639 4844 3656 4876 ,
3701 4813 3809 4876 et}!

2206 4871 2474 4953 Patris‘et
2495 4876 2622 4932 Filii
2650 4879 2848 4953 unitate
2873 4889 2920 4931 et
2933 4879 3158 4953 essentia
3186 4886 3544 4953 segregantem
3564 4915 3599 4953 ,_
3620 4871 3810 4953 jugulo

2208 4948 2437 5001 veritatis
2457 4948 2731 5003 interemit.
2764 4948 2886 5003 Haec
2917 4950 2981 5002 de
3003 4964 3063 5003 se
3092 4949 3197 5003 ille.
3230 4945 3412 5002 Adibis
3439 4945 3808 5001 Scholastico-

2212 5033 2329 5096 inim
2356 5018 2701 5096 cnrzphteurn
2729 5014 2864 5096 Ga_b_.
2892 5016 3168 5096 Vazquez,
3203 5026 3331 5096 toni.
3356 5032 3425 5096 _n,
3452 5017 3503 5070 in
3531 5032 3545 5069 ι
3576 5021 3808 5096 βένθη)

2213 5087 2353 5157 disp.
2380 5088 2489 5171 .127
2515 5089 2582 5145 ad
2612 5089 2734 5154 i7l,
2767 5089 2811 5144 si
2835 5088 3144 5157 ingeniosis,
3176 5088 3399 5144 eruditis
3443 5096 3498 5142 et
3526 5087 3809 5154 exquisitis

2212 5173 2691 5306 Ϋὲεὲῗοῇξαεεοηα
2726 5231 2887 5306 episc._
2917 5228 3015 5285 Cui
3044 5229 3205 5283 etiam
3241 5228 3311 5282 M.
3347 5227 3610 5306 Maximus
3640 5224 3807 5306 filium

2216 5297 2581 5356 Reccaredum
2607 5296 3041 5370 commendatum
3080 5315 3109 5354 a
3157 5308 3309 5370 patre
3339 5298 3605 5353 moriente
3637 5296 3809 5370 tradi-

2217 5371 2313 5435 dit,
2344 5374 2407 5425 ad
2452 5387 2578 5426 ann.
2610 5369 2731 5425 587.
2763 5370 2878 5425 Rea:
2905 5372 3058 5426 morti
3088 5367 3356 5440 proximus
3399 5369 3723 5440 commenth
3754 5367 3807 5419 in

2215 5448 2519 5512 testamento
2547 5458 2640 5497 suo
2666 5458 2737 5506 se,
2763 5459 2976 5512 regnum
3001 5452 3048 5495 et
3081 5436 3431 5496 Reccaredum
3466 5440 3631 5509 [ilium
3657 5436 3808 5512 Mas-

2216 5527 2397 5579 sonte,
2450 5511 2688 5567 Leandre
2734 5508 3107 5583 Fulgentioque
3154 5512 3455 5576 exsulibus,
3508 5527 3635 5583 quos
3698 5508 3808 5580 ﬁlio

2212 5585 2429 5637 mandat
2457 5584 2756 5652 suppliciter
2782 5582 2955 5636 statim
2985 5582 3047 5635 ab
3078 5584 3260 5639 exsilio
3292 5582 3542 5639 revocari.

2290 5665 2312 5693 ο
2342 5653 2409 5709 In
2434 5650 2740 5728 quibusdam
2763 5653 3051 5707 civitatibus
3078 5656 3287 5709 cantites
3315 5672 3348 5707 a
3376 5670 3493 5728 rege
3515 5650 3805 5728 constituti.

2212 5724 2455 5781 Cottiites
2476 5727 2640 5797 etiam
2664 5724 3031 5780 Romanorum
3058 5736 3303 5797 tempore
3326 5724 3809 5797 proYincLaruuLet

2216 5798 2423 5853 urbium
2473 5788 2861 5867 gubernatores
2905 5788 3495 5867 appellari'attestutur
3547 5792 3654 5850 Tit.
3702 5788 3803 5857 Qui
