  <div class='ocr_page' id='page_1' title='image "/cluster/home/n/w/nwhite01/storage/ocr_20150623/80/hvd.32044015469422/082.png"; bbox 0 0 4118 6332; ppageno 0'>
   <div class='ocr_carea' id='block_1_1' title="bbox 244 342 349 396">
    <p class='ocr_par' dir='ltr' id='par_1_1' title="bbox 244 342 349 396">
     <span class='ocr_line' id='line_1_1' title="bbox 244 342 349 396; baseline -0.019 -1"><span class='ocrx_word' id='word_1_1' title='bbox 244 342 349 396; x_wconf 64' lang='grc' dir='ltr'><strong>ίξῧ</strong></span> 
     </span>
    </p>
   </div>
   <div class='ocr_carea' id='block_1_2' title="bbox 1277 326 2466 410">
    <p class='ocr_par' dir='ltr' id='par_1_2' title="bbox 1277 326 2466 410">
     <span class='ocr_line' id='line_1_2' title="bbox 1277 326 2466 410; baseline 0.009 -10"><span class='ocrx_word' id='word_1_2' title='bbox 1277 346 1365 400; x_wconf 73' lang='lat' dir='ltr'><strong>ne</strong></span> <span class='ocrx_word' id='word_1_3' title='bbox 1412 342 1561 396; x_wconf 62' lang='lat' dir='ltr'><strong>ms</strong></span> <span class='ocrx_word' id='word_1_4' title='bbox 1610 326 2466 410; x_wconf 52' lang='lat' dir='ltr'><strong>Palmill.lllll‘IRll‘ENSlUM.</strong></span> 
     </span>
    </p>
   </div>
   <div class='ocr_carea' id='block_1_3' title="bbox 3330 356 3529 417">
    <p class='ocr_par' dir='ltr' id='par_1_3' title="bbox 3330 356 3529 417">
     <span class='ocr_line' id='line_1_3' title="bbox 3330 356 3529 417; baseline -0.01 0"><span class='ocrx_word' id='word_1_5' title='bbox 3330 362 3333 363; x_wconf 54' lang='grc'><strong><em>⁷</em></strong></span> <span class='ocrx_word' id='word_1_6' title='bbox 3430 356 3529 417; x_wconf 56' lang='lat' dir='ltr'><strong>liii</strong></span> 
     </span>
    </p>
   </div>
   <div class='ocr_carea' id='block_1_4' title="bbox 244 455 3531 543">
    <p class='ocr_par' dir='ltr' id='par_1_4' title="bbox 244 455 3531 543">
     <span class='ocr_line' id='line_1_4' title="bbox 244 455 3531 543; baseline 0.004 -26"><span class='ocrx_word' id='word_1_7' title='bbox 244 470 329 517; x_wconf 87' lang='lat' dir='ltr'><strong>tes</strong></span> <span class='ocrx_word' id='word_1_8' title='bbox 356 474 386 514; x_wconf 87' lang='lat' dir='ltr'><strong>a</strong></span> <span class='ocrx_word' id='word_1_9' title='bbox 410 472 535 528; x_wconf 79' lang='lat' dir='ltr'><strong>rege</strong></span> <span class='ocrx_word' id='word_1_10' title='bbox 560 458 772 514; x_wconf 82' lang='lat' dir='ltr'><strong>fuerant</strong></span> <span class='ocrx_word' id='word_1_11' title='bbox 798 455 1103 522; x_wconf 88' lang='lat' dir='ltr'><strong>constituti,</strong></span> <span class='ocrx_word' id='word_1_12' title='bbox 1133 457 1367 514; x_wconf 88' lang='lat' dir='ltr'><strong>consilio</strong></span> <span class='ocrx_word' id='word_1_13' title='bbox 1410 457 1681 514; x_wconf 89' lang='lat' dir='ltr'><strong>diabolico</strong></span> <span class='ocrx_word' id='word_1_14' title='bbox 1709 464 1913 528; x_wconf 77' lang='lat' dir='ltr'><strong>per-&#39;A&#39;</strong></span> <span class='ocrx_word' id='word_1_15' title='bbox 1943 462 2122 531; x_wconf 63' lang='lat' dir='ltr'><strong>atria,</strong></span> <span class='ocrx_word' id='word_1_16' title='bbox 2146 470 2305 522; x_wconf 51' lang='lat' dir='ltr'><strong>mox?</strong></span> <span class='ocrx_word' id='word_1_17' title='bbox 2328 470 2451 524; x_wconf 81' lang='lat' dir='ltr'><strong>cum</strong></span> <span class='ocrx_word' id='word_1_18' title='bbox 2500 462 2704 536; x_wconf 82' lang='lat' dir='ltr'><strong>ingenti</strong></span> <span class='ocrx_word' id='word_1_19' title='bbox 2752 465 3096 523; x_wconf 73' lang='lat' dir='ltr'><strong>multitudine</strong></span> <span class='ocrx_word' id='word_1_20' title='bbox 3151 471 3531 543; x_wconf 78' lang='lat' dir='ltr'><strong>perspicaciter</strong></span> 
     </span>
    </p>
   </div>
   <div class='ocr_carea' id='block_1_5' title="bbox 239 549 1832 620">
    <p class='ocr_par' dir='ltr' id='par_1_5' title="bbox 239 549 1832 620">
     <span class='ocr_line' id='line_1_5' title="bbox 239 549 1832 620; baseline -0.003 -11"><span class='ocrx_word' id='word_1_21' title='bbox 239 553 436 615; x_wconf 82' lang='lat' dir='ltr'><strong>suasit,</strong></span> <span class='ocrx_word' id='word_1_22' title='bbox 465 563 672 619; x_wconf 87' lang='lat' dir='ltr'><strong>eosque</strong></span> <span class='ocrx_word' id='word_1_23' title='bbox 715 550 785 605; x_wconf 90' lang='lat' dir='ltr'><strong>de</strong></span> <span class='ocrx_word' id='word_1_24' title='bbox 835 549 1227 605; x_wconf 84' lang='lat' dir='ltr'><strong>catholicorum</strong></span> <span class='ocrx_word' id='word_1_25' title='bbox 1276 550 1494 620; x_wconf 90' lang='lat' dir='ltr'><strong>agmine</strong></span> <span class='ocrx_word' id='word_1_26' title='bbox 1531 565 1597 605; x_wconf 85' lang='lat' dir='ltr'><strong>ac</strong></span> <span class='ocrx_word' id='word_1_27' title='bbox 1624 550 1832 619; x_wconf 87' lang='lat' dir='ltr'><strong>gremio</strong></span> 
     </span>
    </p>
   </div>
   <div class='ocr_carea' id='block_1_6' title="bbox 239 640 1836 703">
    <p class='ocr_par' dir='ltr' id='par_1_6' title="bbox 239 640 1836 703">
     <span class='ocr_line' id='line_1_6' title="bbox 239 640 1836 703; baseline -0.004 0"><span class='ocrx_word' id='word_1_28' title='bbox 239 644 525 703; x_wconf 76' lang='lat' dir='ltr'><strong>catholica:</strong></span> <span class='ocrx_word' id='word_1_29' title='bbox 578 640 830 698; x_wconf 74' lang='lat' dir='ltr'><strong>Ecclesia:</strong></span> <span class='ocrx_word' id='word_1_30' title='bbox 882 656 1007 697; x_wconf 86' lang='lat' dir='ltr'><strong>cum</strong></span> <span class='ocrx_word' id='word_1_31' title='bbox 1059 641 1435 697; x_wconf 64' lang='lat' dir='ltr'><strong>innumerabili</strong></span> <span class='ocrx_word' id='word_1_32' title='bbox 1492 640 1836 697; x_wconf 82' lang='lat' dir='ltr'><strong>multitudine</strong></span> 
     </span>
    </p>
   </div>
   <div class='ocr_carea' id='block_1_7' title="bbox 239 731 1832 809">
    <p class='ocr_par' dir='ltr' id='par_1_7' title="bbox 239 731 1832 809">
     <span class='ocr_line' id='line_1_7' title="bbox 239 731 1832 809; baseline -0.004 -17"><span class='ocrx_word' id='word_1_33' title='bbox 239 735 433 809; x_wconf 78' lang='lat' dir='ltr'><strong>populi</strong></span> <span class='ocrx_word' id='word_1_34' title='bbox 461 734 754 804; x_wconf 70' lang='lat' dir='ltr'><strong>separavit.</strong></span> <span class='ocrx_word' id='word_1_35' title='bbox 780 740 835 789; x_wconf 89' lang='lat' dir='ltr'><strong>et</strong></span> <span class='ocrx_word' id='word_1_36' title='bbox 862 740 887 770; x_wconf 81' lang='grc'><strong>⁸</strong></span> <span class='ocrx_word' id='word_1_37' title='bbox 909 739 1098 788; x_wconf 84' lang='lat' dir='ltr'><strong>contra</strong></span> <span class='ocrx_word' id='word_1_38' title='bbox 1124 731 1381 789; x_wconf 86' lang='lat' dir='ltr'><strong>famulum</strong></span> <span class='ocrx_word' id='word_1_39' title='bbox 1406 733 1502 787; x_wconf 87' lang='lat' dir='ltr'><strong>Dei</strong></span> <span class='ocrx_word' id='word_1_40' title='bbox 1530 731 1832 789; x_wconf 84' lang='lat' dir='ltr'><strong>Massonam</strong></span> 
     </span>
    </p>
   </div>
   <div class='ocr_carea' id='block_1_8' title="bbox 238 820 1835 896">
    <p class='ocr_par' dir='ltr' id='par_1_8' title="bbox 238 820 1835 896">
     <span class='ocr_line' id='line_1_8' title="bbox 238 820 1835 896; baseline -0.003 -15"><span class='ocrx_word' id='word_1_41' title='bbox 238 826 556 896; x_wconf 78' lang='lat' dir='ltr'><strong>episcopum</strong></span> <span class='ocrx_word' id='word_1_42' title='bbox 586 820 926 877; x_wconf 89' lang='lat' dir='ltr'><strong>fraudulenta</strong></span> <span class='ocrx_word' id='word_1_43' title='bbox 974 821 1221 886; x_wconf 89' lang='lat' dir='ltr'><strong>consilia,</strong></span> <span class='ocrx_word' id='word_1_44' title='bbox 1252 822 1489 893; x_wconf 84' lang='lat' dir='ltr'><strong>qualiter</strong></span> <span class='ocrx_word' id='word_1_45' title='bbox 1511 837 1636 877; x_wconf 91' lang='lat' dir='ltr'><strong>eum</strong></span> <span class='ocrx_word' id='word_1_46' title='bbox 1665 822 1835 876; x_wconf 89' lang='lat' dir='ltr'><strong>inter-</strong></span> 
     </span>
    </p>
   </div>
   <div class='ocr_carea' id='block_1_9' title="bbox 246 910 1839 984">
    <p class='ocr_par' dir='ltr' id='par_1_9' title="bbox 246 910 1839 984">
     <span class='ocr_line' id='line_1_9' title="bbox 246 910 1839 984; baseline -0.001 -15"><span class='ocrx_word' id='word_1_47' title='bbox 246 916 501 980; x_wconf 70' lang='lat' dir='ltr'><strong>ﬁcerent,</strong></span> <span class='ocrx_word' id='word_1_48' title='bbox 552 912 954 969; x_wconf 82' lang='lat' dir='ltr'><strong>commentarit.</strong></span> <span class='ocrx_word' id='word_1_49' title='bbox 987 910 1141 968; x_wconf 88' lang='lat' dir='ltr'><strong>Tunc</strong></span> <span class='ocrx_word' id='word_1_50' title='bbox 1174 912 1371 968; x_wconf 90' lang='lat' dir='ltr'><strong>deinde</strong></span> <span class='ocrx_word' id='word_1_51' title='bbox 1396 914 1464 968; x_wconf 87' lang='lat' dir='ltr'><strong>ad</strong></span> <span class='ocrx_word' id='word_1_52' title='bbox 1488 928 1609 969; x_wconf 90' lang='lat' dir='ltr'><strong>eum</strong></span> <span class='ocrx_word' id='word_1_53' title='bbox 1640 928 1839 984; x_wconf 88' lang='lat' dir='ltr'><strong>pueros</strong></span> 
     </span>
    </p>
   </div>
   <div class='ocr_carea' id='block_1_10' title="bbox 238 1005 1839 1074">
    <p class='ocr_par' dir='ltr' id='par_1_10' title="bbox 238 1005 1839 1074">
     <span class='ocr_line' id='line_1_10' title="bbox 238 1005 1839 1074; baseline -0.003 -7"><span class='ocrx_word' id='word_1_54' title='bbox 238 1022 374 1067; x_wconf 85' lang='lat' dir='ltr'><strong>suos</strong></span> <span class='ocrx_word' id='word_1_55' title='bbox 402 1008 548 1066; x_wconf 75' lang='lat' dir='ltr'><strong>misit</strong></span> <span class='ocrx_word' id='word_1_56' title='bbox 571 1045 591 1072; x_wconf 87' lang='lat'><strong>,</strong></span> <span class='ocrx_word' id='word_1_57' title='bbox 617 1014 675 1064; x_wconf 85' lang='lat' dir='ltr'><strong>et</strong></span> <span class='ocrx_word' id='word_1_58' title='bbox 709 1006 862 1074; x_wconf 83' lang='lat' dir='ltr'><strong>quasi</strong></span> <span class='ocrx_word' id='word_1_59' title='bbox 886 1021 956 1063; x_wconf 89' lang='lat' dir='ltr'><strong>ex</strong></span> <span class='ocrx_word' id='word_1_60' title='bbox 985 1005 1180 1063; x_wconf 79' lang='lat' dir='ltr'><strong>allecto</strong></span> <span class='ocrx_word' id='word_1_61' title='bbox 1208 1008 1489 1063; x_wconf 86' lang='lat' dir='ltr'><strong>cbaritatis</strong></span> <span class='ocrx_word' id='word_1_62' title='bbox 1519 1009 1589 1063; x_wconf 90' lang='lat' dir='ltr'><strong>ad</strong></span> <span class='ocrx_word' id='word_1_63' title='bbox 1615 1007 1839 1063; x_wconf 85' lang='lat' dir='ltr'><strong>domum</strong></span> 
     </span>
    </p>
   </div>
   <div class='ocr_carea' id='block_1_11' title="bbox 236 1097 1840 1173">
    <p class='ocr_par' dir='ltr' id='par_1_11' title="bbox 236 1097 1840 1173">
     <span class='ocr_line' id='line_1_11' title="bbox 236 1097 1840 1173; baseline -0.003 -14"><span class='ocrx_word' id='word_1_64' title='bbox 236 1116 395 1159; x_wconf 81' lang='lat' dir='ltr'><strong>suam</strong></span> <span class='ocrx_word' id='word_1_65' title='bbox 439 1115 539 1173; x_wconf 88' lang='lat' dir='ltr'><strong>pro</strong></span> <span class='ocrx_word' id='word_1_66' title='bbox 578 1098 780 1155; x_wconf 77' lang='lat' dir='ltr'><strong>eisdem</strong></span> <span class='ocrx_word' id='word_1_67' title='bbox 822 1098 1010 1153; x_wconf 84' lang='lat' dir='ltr'><strong>venire</strong></span> <span class='ocrx_word' id='word_1_68' title='bbox 1039 1098 1279 1167; x_wconf 79' lang='lat' dir='ltr'><strong>rogavit,</strong></span> <span class='ocrx_word' id='word_1_69' title='bbox 1321 1106 1380 1153; x_wconf 89' lang='lat' dir='ltr'><strong>ut</strong></span> <span class='ocrx_word' id='word_1_70' title='bbox 1425 1097 1622 1155; x_wconf 82' lang='lat' dir='ltr'><strong>ibidem</strong></span> <span class='ocrx_word' id='word_1_71' title='bbox 1666 1098 1840 1154; x_wconf 89' lang='lat' dir='ltr'><strong>virum</strong></span> 
     </span>
    </p>
   </div>
   <div class='ocr_carea' id='block_1_12' title="bbox 239 1190 1843 1262">
    <p class='ocr_par' dir='ltr' id='par_1_12' title="bbox 239 1190 1843 1262">
     <span class='ocr_line' id='line_1_12' title="bbox 239 1190 1843 1262; baseline -0.001 -13"><span class='ocrx_word' id='word_1_72' title='bbox 239 1195 339 1249; x_wconf 86' lang='lat' dir='ltr'><strong>Dei</strong></span> <span class='ocrx_word' id='word_1_73' title='bbox 386 1190 757 1250; x_wconf 88' lang='lat' dir='ltr'><strong>crudelissima</strong></span> <span class='ocrx_word' id='word_1_74' title='bbox 805 1199 980 1245; x_wconf 89' lang='lat' dir='ltr'><strong>morte</strong></span> <span class='ocrx_word' id='word_1_75' title='bbox 1025 1190 1349 1260; x_wconf 77' lang='lat' dir='ltr'><strong>perimeret;</strong></span> <span class='ocrx_word' id='word_1_76' title='bbox 1378 1191 1471 1262; x_wconf 90' lang='lat' dir='ltr'><strong>qui</strong></span> <span class='ocrx_word' id='word_1_77' title='bbox 1510 1206 1635 1247; x_wconf 90' lang='lat' dir='ltr'><strong>cum</strong></span> <span class='ocrx_word' id='word_1_78' title='bbox 1663 1192 1843 1248; x_wconf 85' lang='lat' dir='ltr'><strong>venis-</strong></span> 
     </span>
    </p>
   </div>
   <div class='ocr_carea' id='block_1_13' title="bbox 1938 563 3530 633">
    <p class='ocr_par' dir='ltr' id='par_1_13' title="bbox 1938 563 3530 633">
     <span class='ocr_line' id='line_1_13' title="bbox 1938 563 3530 633; baseline 0.006 -19"><span class='ocrx_word' id='word_1_79' title='bbox 1938 576 2237 631; x_wconf 87' lang='lat' dir='ltr'><strong>properans</strong></span> <span class='ocrx_word' id='word_1_80' title='bbox 2263 563 2459 631; x_wconf 83' lang='lat' dir='ltr'><strong>adfuit,</strong></span> <span class='ocrx_word' id='word_1_81' title='bbox 2487 563 2740 633; x_wconf 88' lang='lat' dir='ltr'><strong>idemque</strong></span> <span class='ocrx_word' id='word_1_82' title='bbox 2768 578 2888 619; x_wconf 89' lang='lat' dir='ltr'><strong>cum</strong></span> <span class='ocrx_word' id='word_1_83' title='bbox 2920 563 3001 618; x_wconf 89' lang='lat' dir='ltr'><strong>vir</strong></span> <span class='ocrx_word' id='word_1_84' title='bbox 3029 564 3253 620; x_wconf 84' lang='lat' dir='ltr'><strong>illustris</strong></span> <span class='ocrx_word' id='word_1_85' title='bbox 3278 565 3530 624; x_wconf 81' lang='lat' dir='ltr'><strong>Claudius</strong></span> 
     </span>
    </p>
   </div>
   <div class='ocr_carea' id='block_1_14' title="bbox 1937 648 3531 723">
    <p class='ocr_par' dir='ltr' id='par_1_14' title="bbox 1937 648 3531 723">
     <span class='ocr_line' id='line_1_14' title="bbox 1937 648 3531 723; baseline 0.006 -21"><span class='ocrx_word' id='word_1_86' title='bbox 1937 648 2134 704; x_wconf 83' lang='lat' dir='ltr'><strong>atrium</strong></span> <span class='ocrx_word' id='word_1_87' title='bbox 2163 651 2441 707; x_wconf 83' lang='lat' dir='ltr'><strong>introisset</strong></span> <span class='ocrx_word' id='word_1_88' title='bbox 2466 691 2483 715; x_wconf 89' lang='lat'><strong>,</strong></span> <span class='ocrx_word' id='word_1_89' title='bbox 2511 651 2757 721; x_wconf 85' lang='lat' dir='ltr'><strong>protinus</strong></span> <span class='ocrx_word' id='word_1_90' title='bbox 2785 659 2841 705; x_wconf 88' lang='lat' dir='ltr'><strong>et</strong></span> <span class='ocrx_word' id='word_1_91' title='bbox 2868 651 2944 706; x_wconf 89' lang='lat' dir='ltr'><strong>illi</strong></span> <span class='ocrx_word' id='word_1_92' title='bbox 2969 692 2985 717; x_wconf 93' lang='lat'><strong>,</strong></span> <span class='ocrx_word' id='word_1_93' title='bbox 3015 653 3109 723; x_wconf 87' lang='lat' dir='ltr'><strong>qui</strong></span> <span class='ocrx_word' id='word_1_94' title='bbox 3136 669 3295 722; x_wconf 81' lang='lat' dir='ltr'><strong>supra</strong></span> <span class='ocrx_word' id='word_1_95' title='bbox 3325 670 3531 711; x_wconf 89' lang='lat' dir='ltr'><strong>memo-</strong></span> 
     </span>
    </p>
   </div>
   <div class='ocr_carea' id='block_1_15' title="bbox 1938 739 3530 815">
    <p class='ocr_par' dir='ltr' id='par_1_15' title="bbox 1938 739 3530 815">
     <span class='ocr_line' id='line_1_15' title="bbox 1938 739 3530 815; baseline 0.006 -22"><span class='ocrx_word' id='word_1_96' title='bbox 1938 739 2040 794; x_wconf 83' lang='lat' dir='ltr'><strong>rati</strong></span> <span class='ocrx_word' id='word_1_97' title='bbox 2065 749 2209 804; x_wconf 88' lang='lat' dir='ltr'><strong>sunt,</strong></span> <span class='ocrx_word' id='word_1_98' title='bbox 2239 757 2361 796; x_wconf 92' lang='lat' dir='ltr'><strong>cum</strong></span> <span class='ocrx_word' id='word_1_99' title='bbox 2392 742 2696 810; x_wconf 79' lang='lat' dir='ltr'><strong>ingentibus</strong></span> <span class='ocrx_word' id='word_1_100' title='bbox 2723 742 2958 799; x_wconf 85' lang='lat' dir='ltr'><strong>catervis</strong></span> <span class='ocrx_word' id='word_1_101' title='bbox 2977 744 3162 814; x_wconf 82' lang='lat' dir='ltr'><strong>populi</strong></span> <span class='ocrx_word' id='word_1_102' title='bbox 3184 745 3530 815; x_wconf 76' lang='lat' dir='ltr'><strong>introierunt,</strong></span> 
     </span>
    </p>
   </div>
   <div class='ocr_carea' id='block_1_16' title="bbox 1940 830 3533 907">
    <p class='ocr_par' dir='ltr' id='par_1_16' title="bbox 1940 830 3533 907">
     <span class='ocr_line' id='line_1_16' title="bbox 1940 830 3533 907; baseline 0.009 -25"><span class='ocrx_word' id='word_1_103' title='bbox 1940 845 2005 885; x_wconf 88' lang='lat' dir='ltr'><strong>ac</strong></span> <span class='ocrx_word' id='word_1_104' title='bbox 2034 830 2225 885; x_wconf 82' lang='lat' dir='ltr'><strong>deinde</strong></span> <span class='ocrx_word' id='word_1_105' title='bbox 2253 832 2486 888; x_wconf 83' lang='lat' dir='ltr'><strong>salutato</strong></span> <span class='ocrx_word' id='word_1_106' title='bbox 2508 833 2629 888; x_wconf 89' lang='lat' dir='ltr'><strong>viro</strong></span> <span class='ocrx_word' id='word_1_107' title='bbox 2649 848 2714 889; x_wconf 80' lang='lat' dir='ltr'><strong>ex</strong></span> <span class='ocrx_word' id='word_1_108' title='bbox 2737 849 2889 890; x_wconf 89' lang='lat' dir='ltr'><strong>more</strong></span> <span class='ocrx_word' id='word_1_109' title='bbox 2922 836 3237 892; x_wconf 87' lang='lat' dir='ltr'><strong>resederunt</strong></span> <span class='ocrx_word' id='word_1_110' title='bbox 3261 854 3277 904; x_wconf 89' lang='lat'><strong>;</strong></span> <span class='ocrx_word' id='word_1_111' title='bbox 3300 851 3533 907; x_wconf 87' lang='lat' dir='ltr'><strong>cumque</strong></span> 
     </span>
    </p>
   </div>
   <div class='ocr_carea' id='block_1_17' title="bbox 1940 919 3529 997">
    <p class='ocr_par' dir='ltr' id='par_1_17' title="bbox 1940 919 3529 997">
     <span class='ocr_line' id='line_1_17' title="bbox 1940 919 3529 997; baseline 0.006 -22"><span class='ocrx_word' id='word_1_112' title='bbox 1940 919 2063 989; x_wconf 89' lang='lat' dir='ltr'><strong>diu,</strong></span> <span class='ocrx_word' id='word_1_113' title='bbox 2096 923 2430 991; x_wconf 89' lang='lat' dir='ltr'><strong>multumque</strong></span> <span class='ocrx_word' id='word_1_114' title='bbox 2472 923 2772 979; x_wconf 88' lang='lat' dir='ltr'><strong>residentes</strong></span> <span class='ocrx_word' id='word_1_115' title='bbox 2796 924 2863 981; x_wconf 89' lang='lat' dir='ltr'><strong>ad</strong></span> <span class='ocrx_word' id='word_1_116' title='bbox 2892 925 3121 983; x_wconf 80' lang='lat' dir='ltr'><strong>invicem</strong></span> <span class='ocrx_word' id='word_1_117' title='bbox 3150 926 3529 997; x_wconf 85' lang='lat' dir='ltr'><strong>loquerentur,</strong></span> 
     </span>
    </p>
   </div>
   <div class='ocr_carea' id='block_1_18' title="bbox 1942 1010 3532 1085">
    <p class='ocr_par' dir='ltr' id='par_1_18' title="bbox 1942 1010 3532 1085">
     <span class='ocr_line' id='line_1_18' title="bbox 1942 1010 3532 1085; baseline 0.005 -18"><span class='ocrx_word' id='word_1_118' title='bbox 1942 1010 2085 1081; x_wconf 88' lang='lat' dir='ltr'><strong>idem</strong></span> <span class='ocrx_word' id='word_1_119' title='bbox 2103 1012 2215 1083; x_wconf 88' lang='lat' dir='ltr'><strong>jam</strong></span> <span class='ocrx_word' id='word_1_120' title='bbox 2238 1014 2412 1068; x_wconf 90' lang='lat' dir='ltr'><strong>dictus</strong></span> <span class='ocrx_word' id='word_1_121' title='bbox 2433 1012 2767 1079; x_wconf 87' lang='lat' dir='ltr'><strong>Wittericus,</strong></span> <span class='ocrx_word' id='word_1_122' title='bbox 2787 1014 2999 1083; x_wconf 85' lang='lat' dir='ltr'><strong>juvenis</strong></span> <span class='ocrx_word' id='word_1_123' title='bbox 3021 1013 3361 1085; x_wconf 87' lang='lat' dir='ltr'><strong>fortissimus,</strong></span> <span class='ocrx_word' id='word_1_124' title='bbox 3386 1029 3532 1075; x_wconf 89' lang='lat' dir='ltr'><strong>stans</strong></span> 
     </span>
    </p>
   </div>
   <div class='ocr_carea' id='block_1_19' title="bbox 1943 1103 3529 1178">
    <p class='ocr_par' dir='ltr' id='par_1_19' title="bbox 1943 1103 3529 1178">
     <span class='ocr_line' id='line_1_19' title="bbox 1943 1103 3529 1178; baseline 0.004 -19"><span class='ocrx_word' id='word_1_125' title='bbox 1943 1114 2069 1175; x_wconf 86' lang='lat' dir='ltr'><strong>post</strong></span> <span class='ocrx_word' id='word_1_126' title='bbox 2095 1103 2368 1177; x_wconf 85' lang='lat' dir='ltr'><strong>scapulam</strong></span> <span class='ocrx_word' id='word_1_127' title='bbox 2394 1105 2596 1173; x_wconf 81' lang='lat' dir='ltr'><strong>egregii</strong></span> <span class='ocrx_word' id='word_1_128' title='bbox 2625 1104 2722 1159; x_wconf 89' lang='lat' dir='ltr'><strong>viri</strong></span> <span class='ocrx_word' id='word_1_129' title='bbox 2752 1103 2959 1159; x_wconf 79' lang='lat' dir='ltr'><strong>Claudii</strong></span> <span class='ocrx_word' id='word_1_130' title='bbox 2988 1106 3175 1174; x_wconf 88' lang='lat' dir='ltr'><strong>ducis,</strong></span> <span class='ocrx_word' id='word_1_131' title='bbox 3203 1114 3263 1161; x_wconf 90' lang='lat' dir='ltr'><strong>ut</strong></span> <span class='ocrx_word' id='word_1_132' title='bbox 3292 1116 3419 1178; x_wconf 87' lang='lat' dir='ltr'><strong>pote</strong></span> <span class='ocrx_word' id='word_1_133' title='bbox 3442 1109 3529 1177; x_wconf 88' lang='lat' dir='ltr'><strong>ju-</strong></span> 
     </span>
    </p>
   </div>
   <div class='ocr_carea' id='block_1_20' title="bbox 1942 1196 3535 1268">
    <p class='ocr_par' dir='ltr' id='par_1_20' title="bbox 1942 1196 3535 1268">
     <span class='ocr_line' id='line_1_20' title="bbox 1942 1196 3535 1268; baseline 0.001 -15"><span class='ocrx_word' id='word_1_134' title='bbox 1942 1198 2133 1253; x_wconf 88' lang='lat' dir='ltr'><strong>venior</strong></span> <span class='ocrx_word' id='word_1_135' title='bbox 2163 1198 2340 1253; x_wconf 90' lang='lat' dir='ltr'><strong>adhuc</strong></span> <span class='ocrx_word' id='word_1_136' title='bbox 2366 1207 2548 1264; x_wconf 66' lang='lat' dir='ltr'><strong>aetate,</strong></span> <span class='ocrx_word' id='word_1_137' title='bbox 2579 1196 2807 1252; x_wconf 88' lang='lat' dir='ltr'><strong>reddens</strong></span> <span class='ocrx_word' id='word_1_138' title='bbox 2835 1198 3152 1268; x_wconf 86' lang='lat' dir='ltr'><strong>obsequium</strong></span> <span class='ocrx_word' id='word_1_139' title='bbox 3180 1200 3535 1266; x_wconf 88' lang='lat' dir='ltr'><strong>seniorl,&#39;imo</strong></span> 
     </span>
    </p>
   </div>
   <div class='ocr_carea' id='block_1_21' title="bbox 237 1281 3533 1359">
    <p class='ocr_par' dir='ltr' id='par_1_21' title="bbox 237 1281 3533 1359">
     <span class='ocr_line' id='line_1_21' title="bbox 237 1281 3533 1359; baseline 0.001 -15"><span class='ocrx_word' id='word_1_140' title='bbox 237 1294 399 1351; x_wconf 87' lang='lat' dir='ltr'><strong>sent,</strong></span> <span class='ocrx_word' id='word_1_141' title='bbox 430 1286 591 1355; x_wconf 87' lang='lat' dir='ltr'><strong>eique</strong></span> <span class='ocrx_word' id='word_1_142' title='bbox 645 1283 1063 1354; x_wconf 64' lang='lat' dir='ltr'><strong>suggessisseni.</strong></span> <span class='ocrx_word' id='word_1_143' title='bbox 1092 1298 1218 1338; x_wconf 72' lang='lat' dir='ltr'><strong>m0!</strong></span> <span class='ocrx_word' id='word_1_144' title='bbox 1259 1284 1344 1337; x_wconf 73' lang='lat' dir='ltr'><strong>Vir</strong></span> <span class='ocrx_word' id='word_1_145' title='bbox 1390 1282 1485 1339; x_wconf 70' lang='grc' dir='ltr'><strong>θεῖ</strong></span> <span class='ocrx_word' id='word_1_146' title='bbox 1531 1282 1721 1353; x_wconf 64' lang='lat' dir='ltr'><strong>Spiritu</strong></span> <span class='ocrx_word' id='word_1_147' title='bbox 1747 1281 1844 1339; x_wconf 78' lang='lat' dir='ltr'><strong>Dei</strong></span> <span class='ocrx_word' id='word_1_148' title='bbox 1945 1290 2196 1346; x_wconf 86' lang='lat' dir='ltr'><strong>nutritori</strong></span> <span class='ocrx_word' id='word_1_149' title='bbox 2243 1305 2385 1357; x_wconf 89' lang='lat' dir='ltr'><strong>suo;</strong></span> <span class='ocrx_word' id='word_1_150' title='bbox 2427 1289 2662 1359; x_wconf 88' lang='lat' dir='ltr'><strong>gladium</strong></span> <span class='ocrx_word' id='word_1_151' title='bbox 2689 1303 2798 1357; x_wconf 90' lang='lat' dir='ltr'><strong>quo</strong></span> <span class='ocrx_word' id='word_1_152' title='bbox 2830 1289 3101 1345; x_wconf 84' lang='lat' dir='ltr'><strong>accinctus</strong></span> <span class='ocrx_word' id='word_1_153' title='bbox 3129 1299 3246 1346; x_wconf 88' lang='lat' dir='ltr'><strong>erat</strong></span> <span class='ocrx_word' id='word_1_154' title='bbox 3271 1300 3389 1346; x_wconf 91' lang='lat' dir='ltr'><strong>toto</strong></span> <span class='ocrx_word' id='word_1_155' title='bbox 3415 1293 3533 1347; x_wconf 89' lang='lat' dir='ltr'><strong>nisu</strong></span> 
     </span>
    </p>
   </div>
   <div class='ocr_carea' id='block_1_22' title="bbox 238 1372 1842 1451">
    <p class='ocr_par' dir='ltr' id='par_1_22' title="bbox 238 1372 1841 1446">
     <span class='ocr_line' id='line_1_22' title="bbox 238 1372 1841 1446; baseline -0.003 -14"><span class='ocrx_word' id='word_1_156' title='bbox 238 1377 516 1446; x_wconf 87' lang='lat' dir='ltr'><strong>repletus,</strong></span> <span class='ocrx_word' id='word_1_157' title='bbox 551 1375 839 1433; x_wconf 81' lang='lat' dir='ltr'><strong>consilium</strong></span> <span class='ocrx_word' id='word_1_158' title='bbox 868 1389 1057 1429; x_wconf 92' lang='lat' dir='ltr'><strong>eorum</strong></span> <span class='ocrx_word' id='word_1_159' title='bbox 1086 1372 1389 1439; x_wconf 82' lang='lat' dir='ltr'><strong>intellexit,</strong></span> <span class='ocrx_word' id='word_1_160' title='bbox 1420 1381 1475 1429; x_wconf 87' lang='lat' dir='ltr'><strong>et</strong></span> <span class='ocrx_word' id='word_1_161' title='bbox 1511 1372 1691 1430; x_wconf 85' lang='lat' dir='ltr'><strong>statim</strong></span> <span class='ocrx_word' id='word_1_162' title='bbox 1722 1374 1800 1429; x_wconf 89' lang='lat' dir='ltr'><strong>ait</strong></span> <span class='ocrx_word' id='word_1_163' title='bbox 1826 1390 1841 1427; x_wconf 91' lang='lat'><strong>:</strong></span> 
     </span>
    </p>
   </div>
   <div class='ocr_carea' id='block_1_23' title="bbox 1946 1372 3537 1451">
    <p class='ocr_par' dir='ltr' id='par_1_23' title="bbox 1947 1379 3537 1451">
     <span class='ocr_line' id='line_1_23' title="bbox 1947 1379 3537 1451; baseline 0.001 -14"><span class='ocrx_word' id='word_1_164' title='bbox 1947 1397 1980 1437; x_wconf 87' lang='lat' dir='ltr'><strong>e</strong></span> <span class='ocrx_word' id='word_1_165' title='bbox 2004 1380 2194 1451; x_wconf 85' lang='lat' dir='ltr'><strong>vagina</strong></span> <span class='ocrx_word' id='word_1_166' title='bbox 2212 1395 2310 1437; x_wconf 88' lang='lat' dir='ltr'><strong>sua</strong></span> <span class='ocrx_word' id='word_1_167' title='bbox 2327 1380 2559 1436; x_wconf 86' lang='lat' dir='ltr'><strong>educere</strong></span> <span class='ocrx_word' id='word_1_168' title='bbox 2573 1379 2784 1447; x_wconf 90' lang='lat' dir='ltr'><strong>maluit,</strong></span> <span class='ocrx_word' id='word_1_169' title='bbox 2801 1387 2861 1434; x_wconf 94' lang='lat' dir='ltr'><strong>ut</strong></span> <span class='ocrx_word' id='word_1_170' title='bbox 2877 1389 3119 1435; x_wconf 88' lang='lat' dir='ltr'><strong>sanctum</strong></span> <span class='ocrx_word' id='word_1_171' title='bbox 3135 1381 3435 1437; x_wconf 82' lang='lat' dir='ltr'><strong>Massonam</strong></span> <span class='ocrx_word' id='word_1_172' title='bbox 3465 1384 3537 1438; x_wconf 89' lang='lat' dir='ltr'><strong>si-</strong></span> 
     </span>
    </p>
   </div>
   <div class='ocr_carea' id='block_1_24' title="bbox 238 1458 3537 1541">
    <p class='ocr_par' dir='ltr' id='par_1_24' title="bbox 238 1458 3537 1541">
     <span class='ocr_line' id='line_1_24' title="bbox 238 1458 3537 1541; baseline 0.002 -19"><span class='ocrx_word' id='word_1_173' title='bbox 238 1467 356 1537; x_wconf 86' lang='lat' dir='ltr'><strong>Ego</strong></span> <span class='ocrx_word' id='word_1_174' title='bbox 389 1466 514 1521; x_wconf 91' lang='lat' dir='ltr'><strong>illuc</strong></span> <span class='ocrx_word' id='word_1_175' title='bbox 538 1465 689 1520; x_wconf 84' lang='lat' dir='ltr'><strong>abire</strong></span> <span class='ocrx_word' id='word_1_176' title='bbox 716 1464 879 1520; x_wconf 87' lang='lat' dir='ltr'><strong>modo</strong></span> <span class='ocrx_word' id='word_1_177' title='bbox 902 1463 1122 1519; x_wconf 83' lang='lat' dir='ltr'><strong>minime</strong></span> <span class='ocrx_word' id='word_1_178' title='bbox 1144 1479 1387 1534; x_wconf 76' lang='lat' dir='ltr'><strong>possum.</strong></span> <span class='ocrx_word' id='word_1_179' title='bbox 1419 1465 1545 1535; x_wconf 87' lang='lat' dir='ltr'><strong>quia</strong></span> <span class='ocrx_word' id='word_1_180' title='bbox 1571 1472 1675 1528; x_wconf 65' lang='lat' dir='ltr'><strong>est.</strong></span> <span class='ocrx_word' id='word_1_181' title='bbox 1699 1464 1846 1535; x_wconf 83' lang='lat' dir='ltr'><strong>quod</strong></span> <span class='ocrx_word' id='word_1_182' title='bbox 1926 1458 2168 1541; x_wconf 3' lang='lat' dir='ltr'><strong>imulque</strong></span> <span class='ocrx_word' id='word_1_183' title='bbox 2188 1479 2245 1527; x_wconf 91' lang='lat' dir='ltr'><strong>et</strong></span> <span class='ocrx_word' id='word_1_184' title='bbox 2264 1470 2545 1527; x_wconf 90' lang='lat' dir='ltr'><strong>Claudium</strong></span> <span class='ocrx_word' id='word_1_185' title='bbox 2566 1469 2881 1541; x_wconf 88' lang='lat' dir='ltr'><strong>(secundum</strong></span> <span class='ocrx_word' id='word_1_186' title='bbox 2895 1470 3038 1540; x_wconf 90' lang='lat' dir='ltr'><strong>quod</strong></span> <span class='ocrx_word' id='word_1_187' title='bbox 3052 1471 3327 1527; x_wconf 74' lang='lat' dir='ltr'><strong>definitum</strong></span> <span class='ocrx_word' id='word_1_188' title='bbox 3340 1471 3537 1539; x_wconf 87' lang='lat' dir='ltr'><strong>fuerat)</strong></span> 
     </span>
    </p>
   </div>
   <div class='ocr_carea' id='block_1_25' title="bbox 239 1554 3541 1632">
    <p class='ocr_par' dir='ltr' id='par_1_25' title="bbox 239 1554 3541 1632">
     <span class='ocr_line' id='line_1_25' title="bbox 239 1554 3541 1632; baseline 0.002 -22"><span class='ocrx_word' id='word_1_189' title='bbox 239 1572 342 1627; x_wconf 86' lang='lat' dir='ltr'><strong>pro</strong></span> <span class='ocrx_word' id='word_1_190' title='bbox 370 1555 695 1611; x_wconf 87' lang='lat' dir='ltr'><strong>utilitatibus</strong></span> <span class='ocrx_word' id='word_1_191' title='bbox 707 1554 987 1611; x_wconf 75' lang='lat' dir='ltr'><strong>catholica:</strong></span> <span class='ocrx_word' id='word_1_192' title='bbox 1011 1554 1266 1611; x_wconf 61' lang='lat' dir='ltr'><strong>Ecclesia:</strong></span> <span class='ocrx_word' id='word_1_193' title='bbox 1286 1555 1574 1626; x_wconf 85' lang='lat' dir='ltr'><strong>disponere</strong></span> <span class='ocrx_word' id='word_1_194' title='bbox 1587 1556 1843 1622; x_wconf 87' lang='lat' dir='ltr'><strong>debeam;</strong></span> <span class='ocrx_word' id='word_1_195' title='bbox 1952 1561 2376 1631; x_wconf 54' lang='lat' dir='ltr'><strong>trucidaretﬁsed</strong></span> <span class='ocrx_word' id='word_1_196' title='bbox 2390 1570 2524 1618; x_wconf 90' lang='lat' dir='ltr'><strong>nutu</strong></span> <span class='ocrx_word' id='word_1_197' title='bbox 2552 1562 2648 1616; x_wconf 87' lang='lat' dir='ltr'><strong>Dei</strong></span> <span class='ocrx_word' id='word_1_198' title='bbox 2679 1563 2750 1617; x_wconf 92' lang='lat' dir='ltr'><strong>ita</strong></span> <span class='ocrx_word' id='word_1_199' title='bbox 2768 1562 2976 1632; x_wconf 87' lang='lat' dir='ltr'><strong>gladius</strong></span> <span class='ocrx_word' id='word_1_200' title='bbox 2999 1563 3051 1617; x_wconf 92' lang='lat' dir='ltr'><strong>in</strong></span> <span class='ocrx_word' id='word_1_201' title='bbox 3076 1563 3266 1631; x_wconf 87' lang='lat' dir='ltr'><strong>vagina</strong></span> <span class='ocrx_word' id='word_1_202' title='bbox 3286 1566 3541 1618; x_wconf 81' lang='lat' dir='ltr'><strong>astrictus</strong></span> 
     </span>
    </p>
   </div>
   <div class='ocr_carea' id='block_1_26' title="bbox 238 1647 3537 1724">
    <p class='ocr_par' dir='ltr' id='par_1_26' title="bbox 238 1647 3537 1724">
     <span class='ocr_line' id='line_1_26' title="bbox 238 1647 3537 1724; baseline 0.001 -19"><span class='ocrx_word' id='word_1_203' title='bbox 238 1661 297 1705; x_wconf 87' lang='lat' dir='ltr'><strong>at</strong></span> <span class='ocrx_word' id='word_1_204' title='bbox 344 1652 391 1704; x_wconf 64' lang='lat' dir='ltr'><strong>si</strong></span> <span class='ocrx_word' id='word_1_205' title='bbox 443 1665 529 1706; x_wconf 89' lang='lat' dir='ltr'><strong>me</strong></span> <span class='ocrx_word' id='word_1_206' title='bbox 575 1648 849 1706; x_wconf 87' lang='lat' dir='ltr'><strong>desiderat</strong></span> <span class='ocrx_word' id='word_1_207' title='bbox 891 1648 1109 1717; x_wconf 89' lang='lat' dir='ltr'><strong>videre,</strong></span> <span class='ocrx_word' id='word_1_208' title='bbox 1139 1648 1246 1705; x_wconf 90' lang='lat' dir='ltr'><strong>huc</strong></span> <span class='ocrx_word' id='word_1_209' title='bbox 1283 1649 1337 1705; x_wconf 91' lang='lat' dir='ltr'><strong>in</strong></span> <span class='ocrx_word' id='word_1_210' title='bbox 1367 1649 1560 1704; x_wconf 87' lang='lat' dir='ltr'><strong>atrium</strong></span> <span class='ocrx_word' id='word_1_211' title='bbox 1591 1647 1849 1705; x_wconf 72' lang='lat' dir='ltr'><strong>Ecclesiae</strong></span> <span class='ocrx_word' id='word_1_212' title='bbox 1950 1661 2139 1718; x_wconf 91' lang='lat' dir='ltr'><strong>est,ut</strong></span> <span class='ocrx_word' id='word_1_213' title='bbox 2153 1661 2434 1724; x_wconf 84' lang='lat' dir='ltr'><strong>putaretur</strong></span> <span class='ocrx_word' id='word_1_214' title='bbox 2456 1653 2621 1709; x_wconf 85' lang='lat' dir='ltr'><strong>clavis</strong></span> <span class='ocrx_word' id='word_1_215' title='bbox 2637 1651 2826 1709; x_wconf 80' lang='lat' dir='ltr'><strong>ferreis</strong></span> <span class='ocrx_word' id='word_1_216' title='bbox 2840 1668 2963 1708; x_wconf 91' lang='lat' dir='ltr'><strong>cum</strong></span> <span class='ocrx_word' id='word_1_217' title='bbox 2982 1669 3044 1707; x_wconf 89' lang='lat' dir='ltr'><strong>ea</strong></span> <span class='ocrx_word' id='word_1_218' title='bbox 3062 1652 3224 1708; x_wconf 87' lang='lat' dir='ltr'><strong>fuisse</strong></span> <span class='ocrx_word' id='word_1_219' title='bbox 3246 1653 3537 1719; x_wconf 73' lang='lat' dir='ltr'><strong>conlisum,</strong></span> 
     </span>
    </p>
   </div>
   <div class='ocr_carea' id='block_1_27' title="bbox 240 1736 3541 1815">
    <p class='ocr_par' dir='ltr' id='par_1_27' title="bbox 240 1736 3541 1815">
     <span class='ocr_line' id='line_1_27' title="bbox 240 1736 3541 1815; baseline -0 -16"><span class='ocrx_word' id='word_1_220' title='bbox 240 1745 453 1815; x_wconf 88' lang='lat' dir='ltr'><strong>veniat,</strong></span> <span class='ocrx_word' id='word_1_221' title='bbox 502 1752 558 1799; x_wconf 88' lang='lat' dir='ltr'><strong>et</strong></span> <span class='ocrx_word' id='word_1_222' title='bbox 606 1741 1063 1814; x_wconf 78' lang='lat' dir='ltr'><strong>quemadmodum</strong></span> <span class='ocrx_word' id='word_1_223' title='bbox 1106 1743 1252 1809; x_wconf 84' lang='lat' dir='ltr'><strong>vult,</strong></span> <span class='ocrx_word' id='word_1_224' title='bbox 1296 1742 1501 1797; x_wconf 84' lang='lat' dir='ltr'><strong>ita.mc</strong></span> <span class='ocrx_word' id='word_1_225' title='bbox 1530 1740 1777 1797; x_wconf 89' lang='lat' dir='ltr'><strong>videbit:</strong></span> <span class='ocrx_word' id='word_1_226' title='bbox 1810 1742 1849 1797; x_wconf 92' lang='lat' dir='ltr'><strong>ii</strong></span> <span class='ocrx_word' id='word_1_227' title='bbox 1930 1736 2182 1812; x_wconf 80' lang='lat' dir='ltr'><strong>cumque</strong></span> <span class='ocrx_word' id='word_1_228' title='bbox 2197 1744 2288 1800; x_wconf 89' lang='lat' dir='ltr'><strong>diu</strong></span> <span class='ocrx_word' id='word_1_229' title='bbox 2320 1744 2651 1812; x_wconf 88' lang='lat' dir='ltr'><strong>multumque</strong></span> <span class='ocrx_word' id='word_1_230' title='bbox 2694 1758 2879 1799; x_wconf 90' lang='lat' dir='ltr'><strong>ensem</strong></span> <span class='ocrx_word' id='word_1_231' title='bbox 2920 1743 3152 1799; x_wconf 90' lang='lat' dir='ltr'><strong>educere</strong></span> <span class='ocrx_word' id='word_1_232' title='bbox 3177 1744 3456 1809; x_wconf 82' lang='lat' dir='ltr'><strong>voluisset,</strong></span> <span class='ocrx_word' id='word_1_233' title='bbox 3487 1754 3541 1811; x_wconf 87' lang='lat' dir='ltr'><strong>et</strong></span> 
     </span>
    </p>
   </div>
   <div class='ocr_carea' id='block_1_28' title="bbox 214 1828 3539 1913">
    <p class='ocr_par' dir='ltr' id='par_1_28' title="bbox 214 1828 3539 1913">
     <span class='ocr_line' id='line_1_28' title="bbox 214 1828 3539 1913; baseline -0.001 -20"><span class='ocrx_word' id='word_1_234' title='bbox 214 1851 375 1893; x_wconf 71' lang='lat' dir='ltr'><strong>.veto</strong></span> <span class='ocrx_word' id='word_1_235' title='bbox 424 1835 516 1905; x_wconf 82' lang='lat' dir='ltr'><strong>qui</strong></span> <span class='ocrx_word' id='word_1_236' title='bbox 563 1833 712 1890; x_wconf 84' lang='lat' dir='ltr'><strong>missi</strong></span> <span class='ocrx_word' id='word_1_237' title='bbox 758 1832 973 1889; x_wconf 69' lang='lat' dir='ltr'><strong>fuerant</strong></span> <span class='ocrx_word' id='word_1_238' title='bbox 1002 1831 1291 1889; x_wconf 73' lang='lat' dir='ltr'><strong>redeuntes</strong></span> <span class='ocrx_word' id='word_1_239' title='bbox 1315 1848 1378 1889; x_wconf 81' lang='lat' dir='ltr'><strong>ea</strong></span> <span class='ocrx_word' id='word_1_240' title='bbox 1407 1846 1531 1903; x_wconf 77' lang='lat' dir='ltr'><strong>quae</strong></span> <span class='ocrx_word' id='word_1_241' title='bbox 1558 1832 1847 1888; x_wconf 58' lang='lat' dir='ltr'><strong>audierunt</strong></span> <span class='ocrx_word' id='word_1_242' title='bbox 1880 1828 2175 1913; x_wconf 17' lang='lat' dir='ltr'><strong>B‘omnino</strong></span> <span class='ocrx_word' id='word_1_243' title='bbox 2217 1836 3175 1906; x_wconf 73' lang='lat' dir='ltr'><strong>nonvaluisset,coeperuntauctores</strong></span> <span class='ocrx_word' id='word_1_244' title='bbox 3204 1837 3363 1907; x_wconf 87' lang='lat' dir='ltr'><strong>hujus</strong></span> <span class='ocrx_word' id='word_1_245' title='bbox 3392 1837 3539 1908; x_wconf 88' lang='lat' dir='ltr'><strong>pravi</strong></span> 
     </span>
    </p>
   </div>
   <div class='ocr_carea' id='block_1_29' title="bbox 240 1922 1840 1993">
    <p class='ocr_par' dir='ltr' id='par_1_29' title="bbox 240 1922 1840 1993">
     <span class='ocr_line' id='line_1_29' title="bbox 240 1922 1840 1993; baseline -0.004 -10"><span class='ocrx_word' id='word_1_246' title='bbox 240 1926 690 1983; x_wconf 85' lang='lat' dir='ltr'><strong>renuntiaverunt</strong></span> <span class='ocrx_word' id='word_1_247' title='bbox 710 1964 727 1990; x_wconf 90' lang='lat'><strong>,</strong></span> <span class='ocrx_word' id='word_1_248' title='bbox 756 1938 990 1993; x_wconf 87' lang='lat' dir='ltr'><strong>cumque</strong></span> <span class='ocrx_word' id='word_1_249' title='bbox 1015 1923 1131 1979; x_wconf 69' lang='lat' dir='ltr'><strong>haec</strong></span> <span class='ocrx_word' id='word_1_250' title='bbox 1154 1922 1468 1985; x_wconf 89' lang='lat' dir='ltr'><strong>audivisset,</strong></span> <span class='ocrx_word' id='word_1_251' title='bbox 1498 1922 1840 1992; x_wconf 90' lang='lat' dir='ltr'><strong>supradictos</strong></span> 
     </span>
    </p>
   </div>
   <div class='ocr_carea' id='block_1_30' title="bbox 241 1997 1843 2084">
    <p class='ocr_par' dir='ltr' id='par_1_30' title="bbox 241 1997 1843 2084">
     <span class='ocr_line' id='line_1_30' title="bbox 241 1997 1843 2084; baseline -0.006 -10"><span class='ocrx_word' id='word_1_252' title='bbox 241 2017 501 2083; x_wconf 84' lang='lat' dir='ltr'><strong>comites,</strong></span> <span class='ocrx_word' id='word_1_253' title='bbox 533 2030 654 2073; x_wconf 89' lang='lat' dir='ltr'><strong>cum</strong></span> <span class='ocrx_word' id='word_1_254' title='bbox 685 2014 881 2084; x_wconf 87' lang='lat' dir='ltr'><strong>quibus</strong></span> <span class='ocrx_word' id='word_1_255' title='bbox 908 2022 1155 2070; x_wconf 87' lang='lat' dir='ltr'><strong>sanctum</strong></span> <span class='ocrx_word' id='word_1_256' title='bbox 1182 1997 1365 2068; x_wconf 28' lang='lat' dir='ltr'><strong>virum.</strong></span> <span class='ocrx_word' id='word_1_257' title='bbox 1387 2008 1693 2067; x_wconf 81' lang='lat' dir='ltr'><strong>interﬁcere</strong></span> <span class='ocrx_word' id='word_1_258' title='bbox 1721 2010 1843 2065; x_wconf 86' lang='lat' dir='ltr'><strong>dis-</strong></span> 
     </span>
    </p>
   </div>
   <div class='ocr_carea' id='block_1_31' title="bbox 241 2103 1845 2180">
    <p class='ocr_par' dir='ltr' id='par_1_31' title="bbox 241 2103 1845 2180">
     <span class='ocr_line' id='line_1_31' title="bbox 241 2103 1845 2180; baseline -0.005 -16"><span class='ocrx_word' id='word_1_259' title='bbox 241 2111 502 2180; x_wconf 87' lang='lat' dir='ltr'><strong>ponebat,</strong></span> <span class='ocrx_word' id='word_1_260' title='bbox 532 2106 602 2161; x_wconf 91' lang='lat' dir='ltr'><strong>ad</strong></span> <span class='ocrx_word' id='word_1_261' title='bbox 623 2106 844 2162; x_wconf 90' lang='lat' dir='ltr'><strong>domum</strong></span> <span class='ocrx_word' id='word_1_262' title='bbox 871 2120 1023 2161; x_wconf 91' lang='lat' dir='ltr'><strong>suam</strong></span> <span class='ocrx_word' id='word_1_263' title='bbox 1054 2106 1301 2177; x_wconf 89' lang='lat' dir='ltr'><strong>protinus</strong></span> <span class='ocrx_word' id='word_1_264' title='bbox 1329 2103 1542 2173; x_wconf 85' lang='lat' dir='ltr'><strong>ascivit,</strong></span> <span class='ocrx_word' id='word_1_265' title='bbox 1568 2103 1758 2173; x_wconf 88' lang='lat' dir='ltr'><strong>eisque</strong></span> <span class='ocrx_word' id='word_1_266' title='bbox 1783 2109 1845 2158; x_wconf 90' lang='lat' dir='ltr'><strong>ut</strong></span> 
     </span>
    </p>
   </div>
   <div class='ocr_carea' id='block_1_32' title="bbox 242 2194 1843 2268">
    <p class='ocr_par' dir='ltr' id='par_1_32' title="bbox 242 2194 1843 2268">
     <span class='ocr_line' id='line_1_32' title="bbox 242 2194 1843 2268; baseline -0.006 -12"><span class='ocrx_word' id='word_1_267' title='bbox 242 2201 312 2256; x_wconf 90' lang='lat' dir='ltr'><strong>ad</strong></span> <span class='ocrx_word' id='word_1_268' title='bbox 341 2200 538 2256; x_wconf 91' lang='lat' dir='ltr'><strong>atrium</strong></span> <span class='ocrx_word' id='word_1_269' title='bbox 568 2214 674 2255; x_wconf 90' lang='lat' dir='ltr'><strong>una</strong></span> <span class='ocrx_word' id='word_1_270' title='bbox 717 2213 838 2253; x_wconf 90' lang='lat' dir='ltr'><strong>cum</strong></span> <span class='ocrx_word' id='word_1_271' title='bbox 879 2211 946 2253; x_wconf 90' lang='lat' dir='ltr'><strong>eo</strong></span> <span class='ocrx_word' id='word_1_272' title='bbox 991 2202 1281 2268; x_wconf 90' lang='lat' dir='ltr'><strong>pergerent</strong></span> <span class='ocrx_word' id='word_1_273' title='bbox 1319 2194 1497 2263; x_wconf 90' lang='lat' dir='ltr'><strong>dixit;</strong></span> <span class='ocrx_word' id='word_1_274' title='bbox 1546 2195 1621 2250; x_wconf 89' lang='lat' dir='ltr'><strong>ita</strong></span> <span class='ocrx_word' id='word_1_275' title='bbox 1663 2203 1843 2248; x_wconf 89' lang='lat' dir='ltr'><strong>tamen</strong></span> 
     </span>
    </p>
   </div>
   <div class='ocr_carea' id='block_1_33' title="bbox 241 2285 1843 2361">
    <p class='ocr_par' dir='ltr' id='par_1_33' title="bbox 241 2285 1843 2361">
     <span class='ocr_line' id='line_1_33' title="bbox 241 2285 1843 2361; baseline -0.007 -12"><span class='ocrx_word' id='word_1_276' title='bbox 241 2307 370 2349; x_wconf 88' lang='lat' dir='ltr'><strong>cum</strong></span> <span class='ocrx_word' id='word_1_277' title='bbox 399 2291 480 2347; x_wconf 89' lang='lat' dir='ltr'><strong>eis</strong></span> <span class='ocrx_word' id='word_1_278' title='bbox 508 2290 659 2361; x_wconf 88' lang='lat' dir='ltr'><strong>prius</strong></span> <span class='ocrx_word' id='word_1_279' title='bbox 689 2287 935 2345; x_wconf 81' lang='lat' dir='ltr'><strong>deﬁnivit</strong></span> <span class='ocrx_word' id='word_1_280' title='bbox 954 2292 982 2352; x_wconf 65' lang='lat'><strong>,‘</strong></span> <span class='ocrx_word' id='word_1_281' title='bbox 1002 2295 1061 2342; x_wconf 92' lang='lat' dir='ltr'><strong>ut</strong></span> <span class='ocrx_word' id='word_1_282' title='bbox 1088 2287 1215 2343; x_wconf 91' lang='lat' dir='ltr'><strong>dum</strong></span> <span class='ocrx_word' id='word_1_283' title='bbox 1263 2286 1458 2341; x_wconf 89' lang='lat' dir='ltr'><strong>atrium</strong></span> <span class='ocrx_word' id='word_1_284' title='bbox 1510 2285 1843 2352; x_wconf 87' lang='lat' dir='ltr'><strong>introirent,</strong></span> 
     </span>
    </p>
   </div>
   <div class='ocr_carea' id='block_1_34' title="bbox 246 2376 1845 2446">
    <p class='ocr_par' dir='ltr' id='par_1_34' title="bbox 246 2376 1845 2446">
     <span class='ocr_line' id='line_1_34' title="bbox 246 2376 1845 2446; baseline -0.006 -7"><span class='ocrx_word' id='word_1_285' title='bbox 246 2398 388 2439; x_wconf 87' lang='lat' dir='ltr'><strong>unus</strong></span> <span class='ocrx_word' id='word_1_286' title='bbox 442 2396 509 2436; x_wconf 84' lang='lat' dir='ltr'><strong>ex</strong></span> <span class='ocrx_word' id='word_1_287' title='bbox 555 2381 691 2445; x_wconf 89' lang='lat' dir='ltr'><strong>illis,</strong></span> <span class='ocrx_word' id='word_1_288' title='bbox 720 2379 809 2436; x_wconf 89' lang='lat' dir='ltr'><strong>cui</strong></span> <span class='ocrx_word' id='word_1_289' title='bbox 837 2378 865 2417; x_wconf 69' lang='grc' dir='ltr'>δ</span> <span class='ocrx_word' id='word_1_290' title='bbox 889 2378 1205 2434; x_wconf 86' lang='lat' dir='ltr'><strong>Wittericns</strong></span> <span class='ocrx_word' id='word_1_291' title='bbox 1256 2390 1451 2433; x_wconf 90' lang='lat' dir='ltr'><strong>nomen</strong></span> <span class='ocrx_word' id='word_1_292' title='bbox 1508 2386 1665 2443; x_wconf 90' lang='lat' dir='ltr'><strong>erat,</strong></span> <span class='ocrx_word' id='word_1_293' title='bbox 1696 2388 1717 2415; x_wconf 74' lang='grc' dir='ltr'><strong>ο</strong></span> <span class='ocrx_word' id='word_1_294' title='bbox 1749 2376 1845 2446; x_wconf 86' lang='lat' dir='ltr'><strong>qui</strong></span> 
     </span>
    </p>
   </div>
   <div class='ocr_carea' id='block_1_35' title="bbox 244 2466 1844 2543">
    <p class='ocr_par' dir='ltr' id='par_1_35' title="bbox 244 2466 1844 2543">
     <span class='ocr_line' id='line_1_35' title="bbox 244 2466 1844 2543; baseline -0.005 -14"><span class='ocrx_word' id='word_1_295' title='bbox 244 2473 409 2531; x_wconf 89' lang='lat' dir='ltr'><strong>etiam</strong></span> <span class='ocrx_word' id='word_1_296' title='bbox 441 2482 565 2543; x_wconf 89' lang='lat' dir='ltr'><strong>post</strong></span> <span class='ocrx_word' id='word_1_297' title='bbox 609 2487 705 2526; x_wconf 89' lang='lat' dir='ltr'><strong>rex</strong></span> <span class='ocrx_word' id='word_1_298' title='bbox 759 2468 1062 2526; x_wconf 85' lang='lat' dir='ltr'><strong>Gothorum</strong></span> <span class='ocrx_word' id='word_1_299' title='bbox 1110 2467 1213 2525; x_wconf 89' lang='lat' dir='ltr'><strong>fuit</strong></span> <span class='ocrx_word' id='word_1_300' title='bbox 1257 2474 1512 2539; x_wconf 86' lang='lat' dir='ltr'><strong>exempto</strong></span> <span class='ocrx_word' id='word_1_301' title='bbox 1558 2466 1739 2538; x_wconf 88' lang='lat' dir='ltr'><strong>gladio</strong></span> <span class='ocrx_word' id='word_1_302' title='bbox 1788 2468 1844 2522; x_wconf 90' lang='lat' dir='ltr'><strong>iu</strong></span> 
     </span>
    </p>
   </div>
   <div class='ocr_carea' id='block_1_36' title="bbox 240 2548 1845 2628">
    <p class='ocr_par' dir='ltr' id='par_1_36' title="bbox 240 2548 1845 2628">
     <span class='ocr_line' id='line_1_36' title="bbox 240 2548 1845 2628; baseline -0.005 -6"><span class='ocrx_word' id='word_1_303' title='bbox 240 2565 617 2623; x_wconf 88' lang='lat' dir='ltr'><strong>beatissimum</strong></span> <span class='ocrx_word' id='word_1_304' title='bbox 654 2548 849 2619; x_wconf 20' lang='lat' dir='ltr'><strong>vvirum</strong></span> <span class='ocrx_word' id='word_1_305' title='bbox 906 2578 1017 2618; x_wconf 89' lang='lat' dir='ltr'><strong>uno</strong></span> <span class='ocrx_word' id='word_1_306' title='bbox 1062 2562 1172 2618; x_wconf 92' lang='lat' dir='ltr'><strong>ictu</strong></span> <span class='ocrx_word' id='word_1_307' title='bbox 1230 2561 1736 2628; x_wconf 86' lang='lat' dir='ltr'><strong>transverberaret,</strong></span> <span class='ocrx_word' id='word_1_308' title='bbox 1787 2567 1845 2614; x_wconf 91' lang='lat' dir='ltr'><strong>ut</strong></span> 
     </span>
    </p>
   </div>
   <div class='ocr_carea' id='block_1_37' title="bbox 243 2650 1845 2725">
    <p class='ocr_par' dir='ltr' id='par_1_37' title="bbox 243 2650 1845 2725">
     <span class='ocr_line' id='line_1_37' title="bbox 243 2650 1845 2725; baseline -0.005 -12"><span class='ocrx_word' id='word_1_309' title='bbox 243 2657 489 2713; x_wconf 89' lang='lat' dir='ltr'><strong>secundo</strong></span> <span class='ocrx_word' id='word_1_310' title='bbox 518 2670 657 2725; x_wconf 84' lang='lat' dir='ltr'><strong>opus</strong></span> <span class='ocrx_word' id='word_1_311' title='bbox 688 2669 794 2710; x_wconf 91' lang='lat' dir='ltr'><strong>non</strong></span> <span class='ocrx_word' id='word_1_312' title='bbox 823 2662 985 2710; x_wconf 89' lang='lat' dir='ltr'><strong>esset.</strong></span> <span class='ocrx_word' id='word_1_313' title='bbox 1012 2650 1145 2709; x_wconf 88' lang='lat' dir='ltr'><strong>Cum</strong></span> <span class='ocrx_word' id='word_1_314' title='bbox 1170 2660 1350 2708; x_wconf 90' lang='lat' dir='ltr'><strong>autem</strong></span> <span class='ocrx_word' id='word_1_315' title='bbox 1373 2650 1679 2720; x_wconf 85' lang='lat' dir='ltr'><strong>hujusmedi</strong></span> <span class='ocrx_word' id='word_1_316' title='bbox 1708 2664 1845 2706; x_wconf 86' lang='lat' dir='ltr'><strong>con-</strong></span> 
     </span>
    </p>
   </div>
   <div class='ocr_carea' id='block_1_38' title="bbox 224 2741 1844 2817">
    <p class='ocr_par' dir='ltr' id='par_1_38' title="bbox 224 2741 1844 2817">
     <span class='ocr_line' id='line_1_38' title="bbox 224 2741 1844 2817; baseline -0.005 -12"><span class='ocrx_word' id='word_1_317' title='bbox 224 2742 368 2806; x_wconf 81' lang='lat' dir='ltr'><strong>silio</strong></span> <span class='ocrx_word' id='word_1_318' title='bbox 390 2748 500 2817; x_wconf 86' lang='lat' dir='ltr'><strong>jam</strong></span> <span class='ocrx_word' id='word_1_319' title='bbox 530 2747 732 2804; x_wconf 86' lang='lat' dir='ltr'><strong>dictum</strong></span> <span class='ocrx_word' id='word_1_320' title='bbox 759 2744 1102 2802; x_wconf 87' lang='lat' dir='ltr'><strong>Wittericum</strong></span> <span class='ocrx_word' id='word_1_321' title='bbox 1143 2742 1508 2811; x_wconf 88' lang='lat' dir='ltr'><strong>informasset,</strong></span> <span class='ocrx_word' id='word_1_322' title='bbox 1552 2741 1620 2799; x_wconf 91' lang='lat' dir='ltr'><strong>ad</strong></span> <span class='ocrx_word' id='word_1_323' title='bbox 1648 2742 1844 2797; x_wconf 87' lang='lat' dir='ltr'><strong>atrium</strong></span> 
     </span>
    </p>
   </div>
   <div class='ocr_carea' id='block_1_39' title="bbox 242 2834 1841 2909">
    <p class='ocr_par' dir='ltr' id='par_1_39' title="bbox 242 2834 1841 2909">
     <span class='ocr_line' id='line_1_39' title="bbox 242 2834 1841 2909; baseline -0.005 -13"><span class='ocrx_word' id='word_1_324' title='bbox 242 2839 421 2896; x_wconf 89' lang='lat' dir='ltr'><strong>sancti</strong></span> <span class='ocrx_word' id='word_1_325' title='bbox 493 2837 736 2909; x_wconf 87' lang='lat' dir='ltr'><strong>episcopi</strong></span> <span class='ocrx_word' id='word_1_326' title='bbox 791 2851 902 2892; x_wconf 89' lang='lat' dir='ltr'><strong>uno</strong></span> <span class='ocrx_word' id='word_1_327' title='bbox 957 2834 1139 2892; x_wconf 88' lang='lat' dir='ltr'><strong>animo</strong></span> <span class='ocrx_word' id='word_1_328' title='bbox 1197 2834 1497 2904; x_wconf 88' lang='lat' dir='ltr'><strong>eademque</strong></span> <span class='ocrx_word' id='word_1_329' title='bbox 1569 2834 1841 2891; x_wconf 82' lang='lat' dir='ltr'><strong>sententia</strong></span> 
     </span>
    </p>
   </div>
   <div class='ocr_carea' id='block_1_40' title="bbox 242 2926 1845 3001">
    <p class='ocr_par' dir='ltr' id='par_1_40' title="bbox 242 2926 1845 3001">
     <span class='ocr_line' id='line_1_40' title="bbox 242 2926 1845 3001; baseline -0.003 -12"><span class='ocrx_word' id='word_1_330' title='bbox 242 2946 440 2989; x_wconf 87' lang='lat' dir='ltr'><strong>omnes</strong></span> <span class='ocrx_word' id='word_1_331' title='bbox 467 2929 625 2986; x_wconf 90' lang='lat' dir='ltr'><strong>simul</strong></span> <span class='ocrx_word' id='word_1_332' title='bbox 655 2939 1041 3001; x_wconf 81' lang='lat' dir='ltr'><strong>perrexerunt;</strong></span> <span class='ocrx_word' id='word_1_333' title='bbox 1066 2928 1302 2998; x_wconf 86' lang='lat' dir='ltr'><strong>quicum</strong></span> <span class='ocrx_word' id='word_1_334' title='bbox 1322 2928 1598 2985; x_wconf 87' lang='lat' dir='ltr'><strong>venissent</strong></span> <span class='ocrx_word' id='word_1_335' title='bbox 1618 2935 1673 2984; x_wconf 90' lang='lat' dir='ltr'><strong>et</strong></span> <span class='ocrx_word' id='word_1_336' title='bbox 1700 2926 1845 2984; x_wconf 89' lang='lat' dir='ltr'><strong>illico</strong></span> 
     </span>
    </p>
   </div>
   <div class='ocr_carea' id='block_1_41' title="bbox 243 3019 1848 3092">
    <p class='ocr_par' dir='ltr' id='par_1_41' title="bbox 243 3019 1848 3092">
     <span class='ocr_line' id='line_1_41' title="bbox 243 3019 1848 3092; baseline -0.001 -14"><span class='ocrx_word' id='word_1_337' title='bbox 243 3022 458 3092; x_wconf 87' lang='lat' dir='ltr'><strong>ingredi</strong></span> <span class='ocrx_word' id='word_1_338' title='bbox 513 3022 832 3087; x_wconf 87' lang='lat' dir='ltr'><strong>voluissent,</strong></span> <span class='ocrx_word' id='word_1_339' title='bbox 869 3020 1124 3092; x_wconf 87' lang='lat' dir='ltr'><strong>prohibiti</strong></span> <span class='ocrx_word' id='word_1_340' title='bbox 1171 3027 1331 3086; x_wconf 87' lang='lat' dir='ltr'><strong>sunt,</strong></span> <span class='ocrx_word' id='word_1_341' title='bbox 1378 3027 1433 3075; x_wconf 90' lang='lat' dir='ltr'><strong>et</strong></span> <span class='ocrx_word' id='word_1_342' title='bbox 1462 3028 1522 3075; x_wconf 89' lang='lat' dir='ltr'><strong>ut</strong></span> <span class='ocrx_word' id='word_1_343' title='bbox 1573 3019 1848 3091; x_wconf 85' lang='lat' dir='ltr'><strong>paulisper</strong></span> 
     </span>
    </p>
   </div>
   <div class='ocr_carea' id='block_1_42' title="bbox 244 3112 1847 3186">
    <p class='ocr_par' dir='ltr' id='par_1_42' title="bbox 244 3112 1847 3186">
     <span class='ocr_line' id='line_1_42' title="bbox 244 3112 1847 3186; baseline 0 -16"><span class='ocrx_word' id='word_1_344' title='bbox 244 3131 348 3186; x_wconf 86' lang='lat' dir='ltr'><strong>pro</strong></span> <span class='ocrx_word' id='word_1_345' title='bbox 378 3113 581 3171; x_wconf 86' lang='lat' dir='ltr'><strong>foribus</strong></span> <span class='ocrx_word' id='word_1_346' title='bbox 610 3121 987 3185; x_wconf 77' lang='lat' dir='ltr'><strong>exspectarent</strong></span> <span class='ocrx_word' id='word_1_347' title='bbox 1012 3112 1275 3170; x_wconf 85' lang='lat' dir='ltr'><strong>admoniti</strong></span> <span class='ocrx_word' id='word_1_348' title='bbox 1294 3121 1421 3169; x_wconf 88' lang='lat' dir='ltr'><strong>sunt</strong></span> <span class='ocrx_word' id='word_1_349' title='bbox 1444 3153 1459 3180; x_wconf 91' lang='lat'><strong>,</strong></span> <span class='ocrx_word' id='word_1_350' title='bbox 1492 3113 1847 3185; x_wconf 90' lang='lat' dir='ltr'><strong>quoadusque</strong></span> 
     </span>
    </p>
   </div>
   <div class='ocr_carea' id='block_1_43' title="bbox 1952 1922 3542 2000">
    <p class='ocr_par' dir='ltr' id='par_1_43' title="bbox 1952 1922 3542 2000">
     <span class='ocr_line' id='line_1_43' title="bbox 1952 1922 3542 2000; baseline -0.001 -16"><span class='ocrx_word' id='word_1_351' title='bbox 1952 1929 2163 1984; x_wconf 90' lang='lat' dir='ltr'><strong>consilii</strong></span> <span class='ocrx_word' id='word_1_352' title='bbox 2195 1929 2356 1983; x_wconf 89' lang='lat' dir='ltr'><strong>tacite</strong></span> <span class='ocrx_word' id='word_1_353' title='bbox 2368 1922 2621 1982; x_wconf 81' lang='lat' dir='ltr'><strong>admirari</strong></span> <span class='ocrx_word' id='word_1_354' title='bbox 2640 1943 2735 1983; x_wconf 89' lang='lat' dir='ltr'><strong>cur</strong></span> <span class='ocrx_word' id='word_1_355' title='bbox 2753 1927 3063 1982; x_wconf 87' lang='lat' dir='ltr'><strong>Witlericus</strong></span> <span class='ocrx_word' id='word_1_356' title='bbox 3078 1927 3221 1997; x_wconf 89' lang='lat' dir='ltr'><strong>quod</strong></span> <span class='ocrx_word' id='word_1_357' title='bbox 3238 1926 3412 1983; x_wconf 84' lang='lat' dir='ltr'><strong>fuerat</strong></span> <span class='ocrx_word' id='word_1_358' title='bbox 3428 1932 3542 2000; x_wconf 75' lang='lat' dir='ltr'><strong>pol;-</strong></span> 
     </span>
    </p>
   </div>
   <div class='ocr_carea' id='block_1_44' title="bbox 1948 2018 3539 2089">
    <p class='ocr_par' dir='ltr' id='par_1_44' title="bbox 1948 2018 3539 2089">
     <span class='ocr_line' id='line_1_44' title="bbox 1948 2018 3539 2089; baseline 0.001 -15"><span class='ocrx_word' id='word_1_359' title='bbox 1948 2020 2134 2075; x_wconf 89' lang='lat' dir='ltr'><strong>licitus</strong></span> <span class='ocrx_word' id='word_1_360' title='bbox 2153 2019 2375 2074; x_wconf 87' lang='lat' dir='ltr'><strong>minime</strong></span> <span class='ocrx_word' id='word_1_361' title='bbox 2388 2018 2724 2089; x_wconf 86' lang='lat' dir='ltr'><strong>adimpleret,</strong></span> <span class='ocrx_word' id='word_1_362' title='bbox 2742 2033 2973 2088; x_wconf 90' lang='lat' dir='ltr'><strong>eumque</strong></span> <span class='ocrx_word' id='word_1_363' title='bbox 2985 2019 3253 2073; x_wconf 89' lang='lat' dir='ltr'><strong>subtiliter</strong></span> <span class='ocrx_word' id='word_1_364' title='bbox 3274 2018 3444 2074; x_wconf 90' lang='lat' dir='ltr'><strong>oculis</strong></span> <span class='ocrx_word' id='word_1_365' title='bbox 3458 2019 3539 2074; x_wconf 84' lang='lat' dir='ltr'><strong>in—</strong></span> 
     </span>
    </p>
   </div>
   <div class='ocr_carea' id='block_1_45' title="bbox 1947 2109 3540 2180">
    <p class='ocr_par' dir='ltr' id='par_1_45' title="bbox 1947 2109 3540 2180">
     <span class='ocr_line' id='line_1_45' title="bbox 1947 2109 3540 2180; baseline 0.001 -15"><span class='ocrx_word' id='word_1_366' title='bbox 1947 2118 2160 2167; x_wconf 86' lang='lat' dir='ltr'><strong>tuentes</strong></span> <span class='ocrx_word' id='word_1_367' title='bbox 2172 2110 2341 2180; x_wconf 86' lang='lat' dir='ltr'><strong>magis</strong></span> <span class='ocrx_word' id='word_1_368' title='bbox 2353 2110 2629 2178; x_wconf 87' lang='lat' dir='ltr'><strong>magisque</strong></span> <span class='ocrx_word' id='word_1_369' title='bbox 2650 2110 3004 2164; x_wconf 88' lang='lat' dir='ltr'><strong>hortabantur</strong></span> <span class='ocrx_word' id='word_1_370' title='bbox 3021 2117 3078 2163; x_wconf 91' lang='lat' dir='ltr'><strong>ut</strong></span> <span class='ocrx_word' id='word_1_371' title='bbox 3096 2117 3298 2164; x_wconf 87' lang='lat' dir='ltr'><strong>tantum</strong></span> <span class='ocrx_word' id='word_1_372' title='bbox 3320 2109 3469 2166; x_wconf 81' lang='lat' dir='ltr'><strong>nefas</strong></span> <span class='ocrx_word' id='word_1_373' title='bbox 3488 2116 3540 2167; x_wconf 83' lang='lat' dir='ltr'><strong>et</strong></span> 
     </span>
    </p>
   </div>
   <div class='ocr_carea' id='block_1_46' title="bbox 1946 2200 3535 2271">
    <p class='ocr_par' dir='ltr' id='par_1_46' title="bbox 1946 2200 3535 2271">
     <span class='ocr_line' id='line_1_46' title="bbox 1946 2200 3535 2271; baseline 0 -14"><span class='ocrx_word' id='word_1_374' title='bbox 1946 2210 2058 2257; x_wconf 87' lang='lat' dir='ltr'><strong>tam</strong></span> <span class='ocrx_word' id='word_1_375' title='bbox 2086 2201 2320 2256; x_wconf 87' lang='lat' dir='ltr'><strong>immane</strong></span> <span class='ocrx_word' id='word_1_376' title='bbox 2350 2200 2621 2270; x_wconf 86' lang='lat' dir='ltr'><strong>piaculum</strong></span> <span class='ocrx_word' id='word_1_377' title='bbox 2654 2201 3033 2256; x_wconf 86' lang='lat' dir='ltr'><strong>incunctanter</strong></span> <span class='ocrx_word' id='word_1_378' title='bbox 3060 2210 3273 2271; x_wconf 90' lang='lat' dir='ltr'><strong>patrare</strong></span> <span class='ocrx_word' id='word_1_379' title='bbox 3310 2201 3535 2257; x_wconf 90' lang='lat' dir='ltr'><strong>deberet</strong></span> 
     </span>
    </p>
   </div>
   <div class='ocr_carea' id='block_1_47' title="bbox 1947 2287 3540 2363">
    <p class='ocr_par' dir='ltr' id='par_1_47' title="bbox 1947 2287 3540 2363">
     <span class='ocr_line' id='line_1_47' title="bbox 1947 2287 3540 2363; baseline 0.002 -19"><span class='ocrx_word' id='word_1_380' title='bbox 1947 2291 2051 2363; x_wconf 81' lang='lat' dir='ltr'><strong>[An</strong></span> <span class='ocrx_word' id='word_1_381' title='bbox 2082 2287 2361 2361; x_wconf 88' lang='lat' dir='ltr'><strong>auderet?]</strong></span> <span class='ocrx_word' id='word_1_382' title='bbox 2393 2300 2449 2346; x_wconf 88' lang='lat' dir='ltr'><strong>et</strong></span> <span class='ocrx_word' id='word_1_383' title='bbox 2479 2289 2763 2359; x_wconf 76' lang='lat' dir='ltr'><strong>prmdictos</strong></span> <span class='ocrx_word' id='word_1_384' title='bbox 2801 2289 2949 2345; x_wconf 90' lang='lat' dir='ltr'><strong>viros</strong></span> <span class='ocrx_word' id='word_1_385' title='bbox 2977 2289 3156 2359; x_wconf 84' lang='lat' dir='ltr'><strong>gladio</strong></span> <span class='ocrx_word' id='word_1_386' title='bbox 3186 2290 3540 2347; x_wconf 87' lang='lat' dir='ltr'><strong>animadverti</strong></span> 
     </span>
    </p>
   </div>
   <div class='ocr_carea' id='block_1_48' title="bbox 1949 2380 3539 2451">
    <p class='ocr_par' dir='ltr' id='par_1_48' title="bbox 1949 2380 3539 2451">
     <span class='ocr_line' id='line_1_48' title="bbox 1949 2380 3539 2451; baseline 0 -14"><span class='ocrx_word' id='word_1_387' title='bbox 1949 2382 2257 2439; x_wconf 89' lang='lat' dir='ltr'><strong>nullatenus</strong></span> <span class='ocrx_word' id='word_1_388' title='bbox 2287 2380 2605 2436; x_wconf 79' lang='lat' dir='ltr'><strong>formidaret</strong></span> <span class='ocrx_word' id='word_1_389' title='bbox 2630 2398 2644 2447; x_wconf 90' lang='lat'><strong>;</strong></span> <span class='ocrx_word' id='word_1_390' title='bbox 2671 2381 2736 2435; x_wconf 86' lang='lat' dir='ltr'><strong>ad</strong></span> <span class='ocrx_word' id='word_1_391' title='bbox 2761 2395 2991 2451; x_wconf 90' lang='lat' dir='ltr'><strong>quorum</strong></span> <span class='ocrx_word' id='word_1_392' title='bbox 3022 2380 3202 2451; x_wconf 90' lang='lat' dir='ltr'><strong>itaque</strong></span> <span class='ocrx_word' id='word_1_393' title='bbox 3229 2380 3539 2437; x_wconf 87' lang='lat' dir='ltr'><strong>crudelissi-</strong></span> 
     </span>
    </p>
   </div>
   <div class='ocr_carea' id='block_1_49' title="bbox 1947 2458 3541 2543">
    <p class='ocr_par' dir='ltr' id='par_1_49' title="bbox 1947 2458 3541 2543">
     <span class='ocr_line' id='line_1_49' title="bbox 1947 2458 3541 2543; baseline 0.001 -16"><span class='ocrx_word' id='word_1_394' title='bbox 1947 2488 2089 2527; x_wconf 86' lang='lat' dir='ltr'><strong>mam</strong></span> <span class='ocrx_word' id='word_1_395' title='bbox 2116 2472 2553 2528; x_wconf 80' lang='lat' dir='ltr'><strong>exhortationem</strong></span> <span class='ocrx_word' id='word_1_396' title='bbox 2600 2472 2795 2528; x_wconf 90' lang='lat' dir='ltr'><strong>iterum</strong></span> <span class='ocrx_word' id='word_1_397' title='bbox 2824 2480 2984 2542; x_wconf 89' lang='lat' dir='ltr'><strong>atque</strong></span> <span class='ocrx_word' id='word_1_398' title='bbox 3017 2471 3209 2527; x_wconf 88' lang='lat' dir='ltr'><strong>iterum</strong></span> <span class='ocrx_word' id='word_1_399' title='bbox 3245 2485 3266 2509; x_wconf 73' lang='grc' dir='ltr'>ε</span> <span class='ocrx_word' id='word_1_400' title='bbox 3296 2458 3541 2543; x_wconf 85' lang='lat' dir='ltr'><strong>spatham</strong></span> 
     </span>
    </p>
   </div>
   <div class='ocr_carea' id='block_1_50' title="bbox 1946 2564 3540 2632">
    <p class='ocr_par' dir='ltr' id='par_1_50' title="bbox 1946 2564 3540 2632">
     <span class='ocr_line' id='line_1_50' title="bbox 1946 2564 3540 2632; baseline 0 -12"><span class='ocrx_word' id='word_1_401' title='bbox 1946 2578 2101 2620; x_wconf 83' lang='lat' dir='ltr'><strong>suam</strong></span> <span class='ocrx_word' id='word_1_402' title='bbox 2130 2580 2162 2620; x_wconf 93' lang='lat' dir='ltr'><strong>e</strong></span> <span class='ocrx_word' id='word_1_403' title='bbox 2191 2564 2383 2631; x_wconf 88' lang='lat' dir='ltr'><strong>vagina</strong></span> <span class='ocrx_word' id='word_1_404' title='bbox 2415 2564 2542 2619; x_wconf 89' lang='lat' dir='ltr'><strong>totis</strong></span> <span class='ocrx_word' id='word_1_405' title='bbox 2574 2564 2775 2618; x_wconf 88' lang='lat' dir='ltr'><strong>viribus</strong></span> <span class='ocrx_word' id='word_1_406' title='bbox 2805 2565 3035 2621; x_wconf 89' lang='lat' dir='ltr'><strong>educere</strong></span> <span class='ocrx_word' id='word_1_407' title='bbox 3060 2566 3252 2632; x_wconf 87' lang='lat' dir='ltr'><strong>voluit,</strong></span> <span class='ocrx_word' id='word_1_408' title='bbox 3278 2565 3371 2620; x_wconf 88' lang='lat' dir='ltr'><strong>sed</strong></span> <span class='ocrx_word' id='word_1_409' title='bbox 3400 2582 3540 2620; x_wconf 83' lang='lat' dir='ltr'><strong>nun-</strong></span> 
     </span>
    </p>
   </div>
   <div class='ocr_carea' id='block_1_51' title="bbox 1946 2658 3540 2730">
    <p class='ocr_par' dir='ltr' id='par_1_51' title="bbox 1946 2658 3540 2730">
     <span class='ocr_line' id='line_1_51' title="bbox 1946 2658 3540 2730; baseline 0.003 -17"><span class='ocrx_word' id='word_1_410' title='bbox 1946 2673 2107 2729; x_wconf 88' lang='lat' dir='ltr'><strong>quam</strong></span> <span class='ocrx_word' id='word_1_411' title='bbox 2134 2659 2340 2728; x_wconf 89' lang='lat' dir='ltr'><strong>potuit;</strong></span> <span class='ocrx_word' id='word_1_412' title='bbox 2368 2673 2597 2727; x_wconf 84' lang='lat' dir='ltr'><strong>cumque</strong></span> <span class='ocrx_word' id='word_1_413' title='bbox 2630 2660 2732 2712; x_wconf 90' lang='lat' dir='ltr'><strong>hoc</strong></span> <span class='ocrx_word' id='word_1_414' title='bbox 2754 2658 3094 2728; x_wconf 83' lang='lat' dir='ltr'><strong>supradictus</strong></span> <span class='ocrx_word' id='word_1_415' title='bbox 3115 2660 3330 2730; x_wconf 83' lang='lat' dir='ltr'><strong>juvenis</strong></span> <span class='ocrx_word' id='word_1_416' title='bbox 3355 2678 3540 2718; x_wconf 87' lang='lat' dir='ltr'><strong>cerne-</strong></span> 
     </span>
    </p>
   </div>
   <div class='ocr_carea' id='block_1_52' title="bbox 1946 2749 3537 2824">
    <p class='ocr_par' dir='ltr' id='par_1_52' title="bbox 1946 2749 3537 2824">
     <span class='ocr_line' id='line_1_52' title="bbox 1946 2749 3537 2824; baseline 0.003 -19"><span class='ocrx_word' id='word_1_417' title='bbox 1946 2759 2072 2817; x_wconf 89' lang='lat' dir='ltr'><strong>ret,</strong></span> <span class='ocrx_word' id='word_1_418' title='bbox 2096 2750 2265 2805; x_wconf 89' lang='lat' dir='ltr'><strong>sensit</strong></span> <span class='ocrx_word' id='word_1_419' title='bbox 2295 2750 2477 2804; x_wconf 81' lang='lat' dir='ltr'><strong>divino</strong></span> <span class='ocrx_word' id='word_1_420' title='bbox 2507 2765 2729 2804; x_wconf 86' lang='lat' dir='ltr'><strong>munere</strong></span> <span class='ocrx_word' id='word_1_421' title='bbox 2755 2749 2990 2819; x_wconf 85' lang='lat' dir='ltr'><strong>gladium</strong></span> <span class='ocrx_word' id='word_1_422' title='bbox 3021 2751 3185 2807; x_wconf 87' lang='lat' dir='ltr'><strong>fuisse</strong></span> <span class='ocrx_word' id='word_1_423' title='bbox 3218 2753 3498 2809; x_wconf 88' lang='lat' dir='ltr'><strong>astrictum</strong></span> <span class='ocrx_word' id='word_1_424' title='bbox 3519 2795 3537 2824; x_wconf 88' lang='lat'><strong>,</strong></span> 
     </span>
    </p>
   </div>
   <div class='ocr_carea' id='block_1_53' title="bbox 1947 2841 3541 2914">
    <p class='ocr_par' dir='ltr' id='par_1_53' title="bbox 1947 2841 3541 2914">
     <span class='ocr_line' id='line_1_53' title="bbox 1947 2841 3541 2914; baseline 0.001 -15"><span class='ocrx_word' id='word_1_425' title='bbox 1947 2850 2007 2899; x_wconf 86' lang='lat' dir='ltr'><strong>ut</strong></span> <span class='ocrx_word' id='word_1_426' title='bbox 2033 2857 2194 2914; x_wconf 89' lang='lat' dir='ltr'><strong>quem</strong></span> <span class='ocrx_word' id='word_1_427' title='bbox 2221 2856 2434 2912; x_wconf 87' lang='lat' dir='ltr'><strong>semper</strong></span> <span class='ocrx_word' id='word_1_428' title='bbox 2454 2841 2566 2896; x_wconf 90' lang='lat' dir='ltr'><strong>suis</strong></span> <span class='ocrx_word' id='word_1_429' title='bbox 2588 2842 2770 2897; x_wconf 89' lang='lat' dir='ltr'><strong>usibus</strong></span> <span class='ocrx_word' id='word_1_430' title='bbox 2796 2851 2977 2913; x_wconf 85' lang='lat' dir='ltr'><strong>aptqu</strong></span> <span class='ocrx_word' id='word_1_431' title='bbox 3006 2844 3257 2910; x_wconf 86' lang='lat' dir='ltr'><strong>habebat,</strong></span> <span class='ocrx_word' id='word_1_432' title='bbox 3289 2853 3417 2901; x_wconf 88' lang='lat' dir='ltr'><strong>tunc</strong></span> <span class='ocrx_word' id='word_1_433' title='bbox 3445 2845 3541 2901; x_wconf 82' lang='lat' dir='ltr'><strong>Ini-</strong></span> 
     </span>
    </p>
   </div>
   <div class='ocr_carea' id='block_1_54' title="bbox 1951 2934 3541 3007">
    <p class='ocr_par' dir='ltr' id='par_1_54' title="bbox 1951 2934 3541 3007">
     <span class='ocr_line' id='line_1_54' title="bbox 1951 2934 3541 3007; baseline 0.003 -16"><span class='ocrx_word' id='word_1_434' title='bbox 1951 2936 2093 2992; x_wconf 90' lang='lat' dir='ltr'><strong>nime</strong></span> <span class='ocrx_word' id='word_1_435' title='bbox 2125 2934 2360 2991; x_wconf 89' lang='lat' dir='ltr'><strong>educere</strong></span> <span class='ocrx_word' id='word_1_436' title='bbox 2387 2936 2651 3006; x_wconf 64' lang='lat' dir='ltr'><strong>potuisset</strong></span> <span class='ocrx_word' id='word_1_437' title='bbox 2677 2975 2694 3004; x_wconf 92' lang='lat'><strong>,</strong></span> <span class='ocrx_word' id='word_1_438' title='bbox 2726 2946 2781 2991; x_wconf 88' lang='lat' dir='ltr'><strong>ct</strong></span> <span class='ocrx_word' id='word_1_439' title='bbox 2809 2936 2895 2992; x_wconf 88' lang='lat' dir='ltr'><strong>hic</strong></span> <span class='ocrx_word' id='word_1_440' title='bbox 2924 2937 2976 2992; x_wconf 91' lang='lat' dir='ltr'><strong>in</strong></span> <span class='ocrx_word' id='word_1_441' title='bbox 3009 2945 3287 3007; x_wconf 87' lang='lat' dir='ltr'><strong>stuporem</strong></span> <span class='ocrx_word' id='word_1_442' title='bbox 3318 2938 3541 2995; x_wconf 89' lang='lat' dir='ltr'><strong>nimium</strong></span> 
     </span>
    </p>
   </div>
   <div class='ocr_carea' id='block_1_55' title="bbox 1948 3025 3541 3098">
    <p class='ocr_par' dir='ltr' id='par_1_55' title="bbox 1948 3025 3541 3098">
     <span class='ocr_line' id='line_1_55' title="bbox 1948 3025 3541 3098; baseline -0.001 -15"><span class='ocrx_word' id='word_1_443' title='bbox 1948 3041 2241 3083; x_wconf 90' lang='lat' dir='ltr'><strong>conversus</strong></span> <span class='ocrx_word' id='word_1_444' title='bbox 2267 3026 2557 3098; x_wconf 83' lang='lat' dir='ltr'><strong>expalluit;</strong></span> <span class='ocrx_word' id='word_1_445' title='bbox 2585 3036 2836 3086; x_wconf 87' lang='lat' dir='ltr'><strong>auctores</strong></span> <span class='ocrx_word' id='word_1_446' title='bbox 2862 3042 2990 3083; x_wconf 90' lang='lat' dir='ltr'><strong>vero</strong></span> <span class='ocrx_word' id='word_1_447' title='bbox 3016 3026 3171 3097; x_wconf 87' lang='lat' dir='ltr'><strong>hujus</strong></span> <span class='ocrx_word' id='word_1_448' title='bbox 3192 3025 3401 3083; x_wconf 57' lang='lat' dir='ltr'><strong>nefandi</strong></span> <span class='ocrx_word' id='word_1_449' title='bbox 3426 3042 3541 3084; x_wconf 77' lang='lat' dir='ltr'><strong>sce-</strong></span> 
     </span>
    </p>
   </div>
   <div class='ocr_carea' id='block_1_56' title="bbox 1948 3117 3533 3188">
    <p class='ocr_par' dir='ltr' id='par_1_56' title="bbox 1948 3117 3533 3188">
     <span class='ocr_line' id='line_1_56' title="bbox 1948 3117 3533 3188; baseline 0 -17"><span class='ocrx_word' id='word_1_450' title='bbox 1948 3117 2104 3183; x_wconf 88' lang='lat' dir='ltr'><strong>leris,</strong></span> <span class='ocrx_word' id='word_1_451' title='bbox 2162 3126 2220 3173; x_wconf 92' lang='lat' dir='ltr'><strong>ut</strong></span> <span class='ocrx_word' id='word_1_452' title='bbox 2256 3119 2507 3174; x_wconf 88' lang='lat' dir='ltr'><strong>viderunt</strong></span> <span class='ocrx_word' id='word_1_453' title='bbox 2540 3118 2557 3157; x_wconf 73' lang='grc' dir='ltr'><em>τ</em></span> <span class='ocrx_word' id='word_1_454' title='bbox 2589 3119 3035 3175; x_wconf 87' lang='lat' dir='ltr'><strong>concinnatioues</strong></span> <span class='ocrx_word' id='word_1_455' title='bbox 3082 3119 3166 3175; x_wconf 90' lang='lat' dir='ltr'><strong>sui</strong></span> <span class='ocrx_word' id='word_1_456' title='bbox 3217 3118 3533 3188; x_wconf 89' lang='lat' dir='ltr'><strong>nequissimi</strong></span> 
     </span>
    </p>
   </div>
   <div class='ocr_carea' id='block_1_57' title="bbox 243 3205 3627 3301">
    <p class='ocr_par' dir='ltr' id='par_1_57' title="bbox 243 3205 3627 3301">
     <span class='ocr_line' id='line_1_57' title="bbox 243 3205 3627 3301; baseline 0 -38"><span class='ocrx_word' id='word_1_457' title='bbox 243 3216 465 3264; x_wconf 88' lang='lat' dir='ltr'><strong>sanctus</strong></span> <span class='ocrx_word' id='word_1_458' title='bbox 487 3207 735 3264; x_wconf 76' lang='lat' dir='ltr'><strong>Massona</strong></span> <span class='ocrx_word' id='word_1_459' title='bbox 778 3206 845 3263; x_wconf 88' lang='lat' dir='ltr'><strong>ad</strong></span> <span class='ocrx_word' id='word_1_460' title='bbox 870 3205 893 3245; x_wconf 77' lang='grc' dir='ltr'>ἀ</span> <span class='ocrx_word' id='word_1_461' title='bbox 923 3206 1206 3263; x_wconf 85' lang='lat' dir='ltr'><strong>Claudium</strong></span> <span class='ocrx_word' id='word_1_462' title='bbox 1233 3206 1408 3262; x_wconf 90' lang='lat' dir='ltr'><strong>virum</strong></span> <span class='ocrx_word' id='word_1_463' title='bbox 1453 3206 1840 3272; x_wconf 87' lang='lat' dir='ltr'><strong>clarissimum,</strong></span> <span class='ocrx_word' id='word_1_464' title='bbox 1871 3236 1918 3301; x_wconf 68' lang='grc' dir='ltr'><strong>ο</strong></span> <span class='ocrx_word' id='word_1_465' title='bbox 1950 3210 2168 3265; x_wconf 91' lang='lat' dir='ltr'><strong>consilii</strong></span> <span class='ocrx_word' id='word_1_466' title='bbox 2219 3211 2401 3266; x_wconf 87' lang='lat' dir='ltr'><strong>divino</strong></span> <span class='ocrx_word' id='word_1_467' title='bbox 2426 3211 2629 3280; x_wconf 87' lang='lat' dir='ltr'><strong>judicio</strong></span> <span class='ocrx_word' id='word_1_468' title='bbox 2675 3210 2837 3267; x_wconf 87' lang='lat' dir='ltr'><strong>luisse</strong></span> <span class='ocrx_word' id='word_1_469' title='bbox 2884 3208 3194 3278; x_wconf 86' lang='lat' dir='ltr'><strong>frustratas,</strong></span> <span class='ocrx_word' id='word_1_470' title='bbox 3236 3208 3380 3264; x_wconf 91' lang='lat' dir='ltr'><strong>illico</strong></span> <span class='ocrx_word' id='word_1_471' title='bbox 3420 3224 3533 3264; x_wconf 87' lang='lat' dir='ltr'><strong>sur-</strong></span> <span class='ocrx_word' id='word_1_472' title='bbox 3624 3208 3627 3211; x_wconf 67' lang='grc'><strong><em>⁷</em></strong></span> 
     </span>
    </p>
   </div>
   <div class='ocr_carea' id='block_1_58' title="bbox 244 3297 1841 3369">
    <p class='ocr_par' dir='ltr' id='par_1_58' title="bbox 244 3297 1841 3369">
     <span class='ocr_line' id='line_1_58' title="bbox 244 3297 1841 3369; baseline -0.002 -11"><span class='ocrx_word' id='word_1_473' title='bbox 244 3299 439 3358; x_wconf 87' lang='lat' dir='ltr'><strong>ducem</strong></span> <span class='ocrx_word' id='word_1_474' title='bbox 470 3297 823 3356; x_wconf 86' lang='lat' dir='ltr'><strong>Emeritensis</strong></span> <span class='ocrx_word' id='word_1_475' title='bbox 854 3298 1090 3356; x_wconf 87' lang='lat' dir='ltr'><strong>civitatis</strong></span> <span class='ocrx_word' id='word_1_476' title='bbox 1119 3298 1377 3365; x_wconf 84' lang='lat' dir='ltr'><strong>mitteret,</strong></span> <span class='ocrx_word' id='word_1_477' title='bbox 1411 3306 1470 3354; x_wconf 90' lang='lat' dir='ltr'><strong>ut</strong></span> <span class='ocrx_word' id='word_1_478' title='bbox 1485 3312 1553 3357; x_wconf 91' lang='lat' dir='ltr'><strong>eo</strong></span> <span class='ocrx_word' id='word_1_479' title='bbox 1574 3305 1841 3369; x_wconf 84' lang='lat' dir='ltr'><strong>praesente</strong></span> 
     </span>
    </p>
   </div>
   <div class='ocr_carea' id='block_1_59' title="bbox 244 3388 1841 3461">
    <p class='ocr_par' dir='ltr' id='par_1_59' title="bbox 244 3388 1841 3461">
     <span class='ocr_line' id='line_1_59' title="bbox 244 3388 1841 3461; baseline -0.003 -12"><span class='ocrx_word' id='word_1_480' title='bbox 244 3406 308 3449; x_wconf 81' lang='lat' dir='ltr'><strong>se</strong></span> <span class='ocrx_word' id='word_1_481' title='bbox 350 3392 551 3447; x_wconf 85' lang='lat' dir='ltr'><strong>mutuis</strong></span> <span class='ocrx_word' id='word_1_482' title='bbox 595 3390 925 3461; x_wconf 90' lang='lat' dir='ltr'><strong>alternisque</strong></span> <span class='ocrx_word' id='word_1_483' title='bbox 972 3398 1261 3447; x_wconf 90' lang='lat' dir='ltr'><strong>cernerent</strong></span> <span class='ocrx_word' id='word_1_484' title='bbox 1312 3389 1641 3461; x_wconf 88' lang='lat' dir='ltr'><strong>aspectibus.</strong></span> <span class='ocrx_word' id='word_1_485' title='bbox 1694 3388 1841 3445; x_wconf 89' lang='lat' dir='ltr'><strong>Idem</strong></span> 
     </span>
    </p>
   </div>
   <div class='ocr_carea' id='block_1_60' title="bbox 246 3479 1843 3550">
    <p class='ocr_par' dir='ltr' id='par_1_60' title="bbox 246 3479 1843 3550">
     <span class='ocr_line' id='line_1_60' title="bbox 246 3479 1843 3550; baseline -0.003 -12"><span class='ocrx_word' id='word_1_486' title='bbox 246 3494 380 3538; x_wconf 84' lang='lat' dir='ltr'><strong>vero</strong></span> <span class='ocrx_word' id='word_1_487' title='bbox 434 3479 691 3537; x_wconf 87' lang='lat' dir='ltr'><strong>Claudius</strong></span> <span class='ocrx_word' id='word_1_488' title='bbox 733 3479 901 3537; x_wconf 87' lang='lat' dir='ltr'><strong>nobili</strong></span> <span class='ocrx_word' id='word_1_489' title='bbox 954 3494 1154 3550; x_wconf 89' lang='lat' dir='ltr'><strong>genere</strong></span> <span class='ocrx_word' id='word_1_490' title='bbox 1207 3488 1379 3547; x_wconf 91' lang='lat' dir='ltr'><strong>ortus,</strong></span> <span class='ocrx_word' id='word_1_491' title='bbox 1430 3479 1691 3537; x_wconf 83' lang='lat' dir='ltr'><strong>Romanis</strong></span> <span class='ocrx_word' id='word_1_492' title='bbox 1742 3480 1843 3534; x_wconf 83' lang='lat' dir='ltr'><strong>luit</strong></span> 
     </span>
    </p>
   </div>
   <div class='ocr_carea' id='block_1_61' title="bbox 246 3570 1845 3645">
    <p class='ocr_par' dir='ltr' id='par_1_61' title="bbox 246 3570 1845 3645">
     <span class='ocr_line' id='line_1_61' title="bbox 246 3570 1845 3645; baseline -0.002 -14"><span class='ocrx_word' id='word_1_493' title='bbox 246 3574 564 3645; x_wconf 80' lang='lat' dir='ltr'><strong>parentibus</strong></span> <span class='ocrx_word' id='word_1_494' title='bbox 582 3574 929 3645; x_wconf 84' lang='lat' dir='ltr'><strong>progenitus;</strong></span> <span class='ocrx_word' id='word_1_495' title='bbox 948 3573 1214 3629; x_wconf 83' lang='lat' dir='ltr'><strong>existebat</strong></span> <span class='ocrx_word' id='word_1_496' title='bbox 1232 3589 1457 3645; x_wconf 84' lang='lat' dir='ltr'><strong>prorsus</strong></span> <span class='ocrx_word' id='word_1_497' title='bbox 1486 3570 1590 3630; x_wconf 86' lang='lat' dir='ltr'><strong>ﬁde</strong></span> <span class='ocrx_word' id='word_1_498' title='bbox 1616 3572 1845 3631; x_wconf 79' lang='lat' dir='ltr'><strong>catholi-</strong></span> 
     </span>
    </p>
   </div>
   <div class='ocr_carea' id='block_1_62' title="bbox 247 3663 1846 3736">
    <p class='ocr_par' dir='ltr' id='par_1_62' title="bbox 247 3663 1846 3736">
     <span class='ocr_line' id='line_1_62' title="bbox 247 3663 1846 3736; baseline -0.001 -12"><span class='ocrx_word' id='word_1_499' title='bbox 247 3681 365 3733; x_wconf 89' lang='lat' dir='ltr'><strong>cus,</strong></span> <span class='ocrx_word' id='word_1_500' title='bbox 397 3673 453 3722; x_wconf 91' lang='lat' dir='ltr'><strong>et</strong></span> <span class='ocrx_word' id='word_1_501' title='bbox 481 3665 755 3736; x_wconf 88' lang='lat' dir='ltr'><strong>religionis</strong></span> <span class='ocrx_word' id='word_1_502' title='bbox 774 3663 1006 3720; x_wconf 88' lang='lat' dir='ltr'><strong>vinculis</strong></span> <span class='ocrx_word' id='word_1_503' title='bbox 1028 3664 1238 3723; x_wconf 83' lang='lat' dir='ltr'><strong>fortiter</strong></span> <span class='ocrx_word' id='word_1_504' title='bbox 1258 3666 1532 3727; x_wconf 90' lang='lat' dir='ltr'><strong>astrictus.</strong></span> <span class='ocrx_word' id='word_1_505' title='bbox 1564 3666 1617 3720; x_wconf 93' lang='lat' dir='ltr'><strong>in</strong></span> <span class='ocrx_word' id='word_1_506' title='bbox 1649 3664 1846 3735; x_wconf 69' lang='lat' dir='ltr'><strong>prteliis</strong></span> 
     </span>
    </p>
   </div>
   <div class='ocr_carea' id='block_1_63' title="bbox 246 3755 1842 3828">
    <p class='ocr_par' dir='ltr' id='par_1_63' title="bbox 246 3755 1842 3828">
     <span class='ocr_line' id='line_1_63' title="bbox 246 3755 1842 3828; baseline 0.001 -15"><span class='ocrx_word' id='word_1_507' title='bbox 246 3767 543 3826; x_wconf 89' lang='lat' dir='ltr'><strong>strenuus,</strong></span> <span class='ocrx_word' id='word_1_508' title='bbox 587 3757 643 3813; x_wconf 91' lang='lat' dir='ltr'><strong>in</strong></span> <span class='ocrx_word' id='word_1_509' title='bbox 680 3756 877 3813; x_wconf 89' lang='lat' dir='ltr'><strong>timore</strong></span> <span class='ocrx_word' id='word_1_510' title='bbox 918 3755 1014 3813; x_wconf 88' lang='lat' dir='ltr'><strong>Dei</strong></span> <span class='ocrx_word' id='word_1_511' title='bbox 1060 3756 1217 3814; x_wconf 88' lang='lat' dir='ltr'><strong>valde</strong></span> <span class='ocrx_word' id='word_1_512' title='bbox 1264 3758 1737 3828; x_wconf 90' lang='lat' dir='ltr'><strong>promptissimus,</strong></span> <span class='ocrx_word' id='word_1_513' title='bbox 1789 3758 1842 3815; x_wconf 88' lang='lat' dir='ltr'><strong>in</strong></span> 
     </span>
    </p>
   </div>
   <div class='ocr_carea' id='block_1_64' title="bbox 247 3849 1846 3925">
    <p class='ocr_par' dir='ltr' id='par_1_64' title="bbox 247 3849 1846 3925">
     <span class='ocr_line' id='line_1_64' title="bbox 247 3849 1846 3925; baseline 0.003 -20"><span class='ocrx_word' id='word_1_514' title='bbox 247 3849 443 3905; x_wconf 87' lang='lat' dir='ltr'><strong>bellica</strong></span> <span class='ocrx_word' id='word_1_515' title='bbox 474 3849 649 3905; x_wconf 86' lang='lat' dir='ltr'><strong>studia</strong></span> <span class='ocrx_word' id='word_1_516' title='bbox 696 3850 938 3908; x_wconf 88' lang='lat' dir='ltr'><strong>eruditus</strong></span> <span class='ocrx_word' id='word_1_517' title='bbox 957 3890 973 3917; x_wconf 90' lang='lat'><strong>,</strong></span> <span class='ocrx_word' id='word_1_518' title='bbox 1001 3852 1055 3907; x_wconf 92' lang='lat' dir='ltr'><strong>in</strong></span> <span class='ocrx_word' id='word_1_519' title='bbox 1083 3854 1261 3910; x_wconf 88' lang='lat' dir='ltr'><strong>causis</strong></span> <span class='ocrx_word' id='word_1_520' title='bbox 1290 3852 1469 3925; x_wconf 82' lang='lat' dir='ltr'><strong>(Fort.</strong></span> <span class='ocrx_word' id='word_1_521' title='bbox 1493 3854 1663 3925; x_wconf 84' lang='lat' dir='ltr'><strong>ausis)</strong></span> <span class='ocrx_word' id='word_1_522' title='bbox 1693 3853 1846 3910; x_wconf 88' lang='lat' dir='ltr'><strong>belli-</strong></span> 
     </span>
    </p>
   </div>
   <div class='ocr_carea' id='block_1_65' title="bbox 248 3939 1839 4014">
    <p class='ocr_par' dir='ltr' id='par_1_65' title="bbox 248 3939 1839 4014">
     <span class='ocr_line' id='line_1_65' title="bbox 248 3939 1839 4014; baseline 0.003 -20"><span class='ocrx_word' id='word_1_523' title='bbox 248 3939 333 3996; x_wconf 83' lang='lat' dir='ltr'><strong>cis</strong></span> <span class='ocrx_word' id='word_1_524' title='bbox 360 3939 708 3996; x_wconf 88' lang='lat' dir='ltr'><strong>nihilominus</strong></span> <span class='ocrx_word' id='word_1_525' title='bbox 736 3944 1099 4009; x_wconf 87' lang='lat' dir='ltr'><strong>exercitatus;</strong></span> <span class='ocrx_word' id='word_1_526' title='bbox 1151 3958 1382 4014; x_wconf 90' lang='lat' dir='ltr'><strong>cumque</strong></span> <span class='ocrx_word' id='word_1_527' title='bbox 1410 3943 1582 4000; x_wconf 88' lang='lat' dir='ltr'><strong>eidem</strong></span> <span class='ocrx_word' id='word_1_528' title='bbox 1628 3945 1839 4000; x_wconf 88' lang='lat' dir='ltr'><strong>nuntia-</strong></span> 
     </span>
    </p>
   </div>
   <div class='ocr_carea' id='block_1_66' title="bbox 252 4026 1846 4104">
    <p class='ocr_par' dir='ltr' id='par_1_66' title="bbox 252 4026 1846 4104">
     <span class='ocr_line' id='line_1_66' title="bbox 252 4026 1846 4104; baseline 0.001 -19"><span class='ocrx_word' id='word_1_529' title='bbox 252 4036 368 4085; x_wconf 87' lang='lat' dir='ltr'><strong>tum</strong></span> <span class='ocrx_word' id='word_1_530' title='bbox 420 4026 637 4097; x_wconf 82' lang='lat' dir='ltr'><strong>fuisset,</strong></span> <span class='ocrx_word' id='word_1_531' title='bbox 669 4029 795 4103; x_wconf 86' lang='lat' dir='ltr'><strong>quia</strong></span> <span class='ocrx_word' id='word_1_532' title='bbox 840 4029 1031 4089; x_wconf 88' lang='lat' dir='ltr'><strong>domus</strong></span> <span class='ocrx_word' id='word_1_533' title='bbox 1059 4032 1178 4102; x_wconf 87' lang='lat' dir='ltr'><strong>ejus</strong></span> <span class='ocrx_word' id='word_1_534' title='bbox 1225 4031 1382 4089; x_wconf 86' lang='lat' dir='ltr'><strong>valde</strong></span> <span class='ocrx_word' id='word_1_535' title='bbox 1427 4032 1682 4104; x_wconf 90' lang='lat' dir='ltr'><strong>contigua</strong></span> <span class='ocrx_word' id='word_1_536' title='bbox 1728 4039 1846 4089; x_wconf 85' lang='lat' dir='ltr'><strong>erat</strong></span> 
     </span>
    </p>
   </div>
   <div class='ocr_carea' id='block_1_67' title="bbox 248 4165 1844 4247">
    <p class='ocr_par' dir='ltr' id='par_1_67' title="bbox 248 4165 1844 4247">
     <span class='ocr_line' id='line_1_67' title="bbox 248 4165 1844 4247; baseline 0.003 -28"><span class='ocrx_word' id='word_1_537' title='bbox 248 4165 555 4247; x_wconf 64' lang='lat' dir='ltr'><strong>prouincias</strong></span> <span class='ocrx_word' id='word_1_538' title='bbox 587 4167 903 4247; x_wconf 47' lang='lat' dir='ltr'><strong>reguntnlib.</strong></span> <span class='ocrx_word' id='word_1_539' title='bbox 946 4184 1003 4234; x_wconf 88' lang='grc' dir='ltr'><strong>ιι,</strong></span> <span class='ocrx_word' id='word_1_540' title='bbox 1050 4167 1111 4224; x_wconf 87' lang='lat' dir='ltr'><strong>C.</strong></span> <span class='ocrx_word' id='word_1_541' title='bbox 1146 4168 1226 4223; x_wconf 87' lang='lat' dir='ltr'><strong>tit.</strong></span> <span class='ocrx_word' id='word_1_542' title='bbox 1262 4168 1349 4247; x_wconf 55' lang='lat' dir='ltr'><strong>id.</strong></span> <span class='ocrx_word' id='word_1_543' title='bbox 1490 4169 1804 4247; x_wconf 70' lang='lat' dir='ltr'><strong>Wisigothis</strong></span> <span class='ocrx_word' id='word_1_544' title='bbox 1827 4210 1844 4237; x_wconf 90' lang='lat'><strong>,</strong></span> 
     </span>
    </p>
   </div>
   <div class='ocr_carea' id='block_1_68' title="bbox 250 4236 1846 4307">
    <p class='ocr_par' dir='ltr' id='par_1_68' title="bbox 250 4236 1846 4307">
     <span class='ocr_line' id='line_1_68' title="bbox 250 4236 1846 4307; baseline 0.001 -15"><span class='ocrx_word' id='word_1_545' title='bbox 250 4236 493 4307; x_wconf 88' lang='lat' dir='ltr'><strong>ipsorum</strong></span> <span class='ocrx_word' id='word_1_546' title='bbox 541 4236 716 4301; x_wconf 81' lang='lat' dir='ltr'><strong>legum</strong></span> <span class='ocrx_word' id='word_1_547' title='bbox 760 4236 945 4307; x_wconf 78' lang='lat' dir='ltr'><strong>codex</strong></span> <span class='ocrx_word' id='word_1_548' title='bbox 989 4254 1099 4295; x_wconf 91' lang='lat' dir='ltr'><strong>non</strong></span> <span class='ocrx_word' id='word_1_549' title='bbox 1146 4240 1315 4296; x_wconf 90' lang='lat' dir='ltr'><strong>semel</strong></span> <span class='ocrx_word' id='word_1_550' title='bbox 1342 4241 1566 4295; x_wconf 80' lang='lat' dir='ltr'><strong>civitatis</strong></span> <span class='ocrx_word' id='word_1_551' title='bbox 1607 4236 1846 4295; x_wconf 78' lang='lat' dir='ltr'><strong>comitem</strong></span> 
     </span>
    </p>
   </div>
   <div class='ocr_carea' id='block_1_69' title="bbox 251 4306 1846 4378">
    <p class='ocr_par' dir='ltr' id='par_1_69' title="bbox 251 4306 1846 4378">
     <span class='ocr_line' id='line_1_69' title="bbox 251 4306 1846 4378; baseline 0.003 -18"><span class='ocrx_word' id='word_1_552' title='bbox 251 4306 414 4378; x_wconf 51' lang='lat' dir='ltr'><strong>vincat</strong></span> <span class='ocrx_word' id='word_1_553' title='bbox 441 4321 555 4377; x_wconf 89' lang='lat' dir='ltr'><strong>arg.</strong></span> <span class='ocrx_word' id='word_1_554' title='bbox 586 4307 639 4362; x_wconf 80' lang='grc'><strong>5.</strong></span> <span class='ocrx_word' id='word_1_555' title='bbox 672 4307 780 4366; x_wconf 87' lang='lat' dir='ltr'><strong>Tit.</strong></span> <span class='ocrx_word' id='word_1_556' title='bbox 812 4306 846 4360; x_wconf 78' lang='grc'>4</span> <span class='ocrx_word' id='word_1_557' title='bbox 876 4309 968 4365; x_wconf 88' lang='lat' dir='ltr'><strong>lib.</strong></span> <span class='ocrx_word' id='word_1_558' title='bbox 999 4326 1128 4374; x_wconf 87' lang='lat' dir='ltr'><strong>xvn,</strong></span> <span class='ocrx_word' id='word_1_559' title='bbox 1158 4310 1334 4378; x_wconf 88' lang='lat' dir='ltr'><strong>qualis</strong></span> <span class='ocrx_word' id='word_1_560' title='bbox 1355 4310 1657 4368; x_wconf 87' lang='lat' dir='ltr'><strong>Waldricus</strong></span> <span class='ocrx_word' id='word_1_561' title='bbox 1675 4327 1846 4365; x_wconf 84' lang='lat' dir='ltr'><strong>comes</strong></span> 
     </span>
    </p>
   </div>
   <div class='ocr_carea' id='block_1_70' title="bbox 256 4375 1843 4451">
    <p class='ocr_par' dir='ltr' id='par_1_70' title="bbox 256 4375 1843 4451">
     <span class='ocr_line' id='line_1_70' title="bbox 256 4375 1843 4451; baseline 0.003 -20"><span class='ocrx_word' id='word_1_562' title='bbox 256 4375 523 4451; x_wconf 63' lang='lat' dir='ltr'><strong>Toletanis</strong></span> <span class='ocrx_word' id='word_1_563' title='bbox 546 4379 817 4451; x_wconf 77' lang='lat' dir='ltr'><strong>civitatis,_</strong></span> <span class='ocrx_word' id='word_1_564' title='bbox 838 4380 925 4448; x_wconf 89' lang='lat' dir='ltr'><strong>qui</strong></span> <span class='ocrx_word' id='word_1_565' title='bbox 962 4381 1154 4436; x_wconf 90' lang='lat' dir='ltr'><strong>concil.</strong></span> <span class='ocrx_word' id='word_1_566' title='bbox 1176 4375 1365 4451; x_wconf 18' lang='lat' dir='ltr'><strong>&#39;Toliet.</strong></span> <span class='ocrx_word' id='word_1_567' title='bbox 1399 4397 1458 4437; x_wconf 87' lang='grc' dir='ltr'><strong>ιιι</strong></span> <span class='ocrx_word' id='word_1_568' title='bbox 1487 4380 1805 4451; x_wconf 79' lang='lat' dir='ltr'><strong>subscripsit</strong></span> <span class='ocrx_word' id='word_1_569' title='bbox 1829 4400 1843 4446; x_wconf 85' lang='lat'><strong>;</strong></span> 
     </span>
    </p>
   </div>
   <div class='ocr_carea' id='block_1_71' title="bbox 254 4446 1848 4520">
    <p class='ocr_par' dir='ltr' id='par_1_71' title="bbox 254 4446 1848 4520">
     <span class='ocr_line' id='line_1_71' title="bbox 254 4446 1848 4520; baseline 0.003 -19"><span class='ocrx_word' id='word_1_570' title='bbox 254 4446 410 4515; x_wconf 86' lang='lat' dir='ltr'><strong>cujus</strong></span> <span class='ocrx_word' id='word_1_571' title='bbox 439 4449 603 4520; x_wconf 85' lang='lat' dir='ltr'><strong>moris</strong></span> <span class='ocrx_word' id='word_1_572' title='bbox 630 4446 865 4520; x_wconf 83' lang='lat' dir='ltr'><strong>vestigia</strong></span> <span class='ocrx_word' id='word_1_573' title='bbox 887 4452 1047 4505; x_wconf 91' lang='lat' dir='ltr'><strong>etiam</strong></span> <span class='ocrx_word' id='word_1_574' title='bbox 1078 4451 1218 4520; x_wconf 91' lang='lat' dir='ltr'><strong>apud</strong></span> <span class='ocrx_word' id='word_1_575' title='bbox 1250 4449 1628 4507; x_wconf 82' lang='lat' dir='ltr'><strong>Misti-Arabes</strong></span> <span class='ocrx_word' id='word_1_576' title='bbox 1649 4446 1848 4505; x_wconf 78' lang='lat' dir='ltr'><strong>Mauris</strong></span> 
     </span>
    </p>
   </div>
   <div class='ocr_carea' id='block_1_72' title="bbox 254 4518 1846 4587">
    <p class='ocr_par' dir='ltr' id='par_1_72' title="bbox 254 4518 1846 4587">
     <span class='ocr_line' id='line_1_72' title="bbox 254 4518 1846 4587; baseline 0.003 -16"><span class='ocrx_word' id='word_1_577' title='bbox 254 4531 437 4571; x_wconf 87' lang='lat' dir='ltr'><strong>rerum</strong></span> <span class='ocrx_word' id='word_1_578' title='bbox 485 4518 813 4587; x_wconf 89' lang='lat' dir='ltr'><strong>potientibus</strong></span> <span class='ocrx_word' id='word_1_579' title='bbox 854 4518 1177 4575; x_wconf 80' lang='lat' dir='ltr'><strong>remansisse</strong></span> <span class='ocrx_word' id='word_1_580' title='bbox 1218 4522 1369 4576; x_wconf 88' lang='lat' dir='ltr'><strong>testis</strong></span> <span class='ocrx_word' id='word_1_581' title='bbox 1418 4528 1501 4576; x_wconf 88' lang='lat' dir='ltr'><strong>est</strong></span> <span class='ocrx_word' id='word_1_582' title='bbox 1549 4521 1846 4577; x_wconf 76' lang='lat' dir='ltr'><strong>Servandus</strong></span> 
     </span>
    </p>
   </div>
   <div class='ocr_carea' id='block_1_73' title="bbox 254 4587 1842 4658">
    <p class='ocr_par' dir='ltr' id='par_1_73' title="bbox 254 4587 1842 4658">
     <span class='ocr_line' id='line_1_73' title="bbox 254 4587 1842 4658; baseline 0.003 -19"><span class='ocrx_word' id='word_1_583' title='bbox 254 4602 427 4641; x_wconf 83' lang='lat' dir='ltr'><strong>comes</strong></span> <span class='ocrx_word' id='word_1_584' title='bbox 444 4587 583 4658; x_wconf 88' lang='lat' dir='ltr'><strong>apud</strong></span> <span class='ocrx_word' id='word_1_585' title='bbox 606 4589 957 4658; x_wconf 88' lang='lat' dir='ltr'><strong>Sampsonem</strong></span> <span class='ocrx_word' id='word_1_586' title='bbox 976 4590 1220 4645; x_wconf 90' lang='lat' dir='ltr'><strong>abbatem</strong></span> <span class='ocrx_word' id='word_1_587' title='bbox 1234 4590 1636 4646; x_wconf 89' lang='lat' dir='ltr'><strong>Cordubensem</strong></span> <span class='ocrx_word' id='word_1_588' title='bbox 1653 4590 1842 4647; x_wconf 85' lang='lat' dir='ltr'><strong>eodem</strong></span> 
     </span>
    </p>
   </div>
   <div class='ocr_carea' id='block_1_74' title="bbox 255 4657 1843 4729">
    <p class='ocr_par' dir='ltr' id='par_1_74' title="bbox 255 4657 1843 4729">
     <span class='ocr_line' id='line_1_74' title="bbox 255 4657 1843 4729; baseline 0.003 -18"><span class='ocrx_word' id='word_1_589' title='bbox 255 4657 502 4725; x_wconf 85' lang='lat' dir='ltr'><strong>tempore</strong></span> <span class='ocrx_word' id='word_1_590' title='bbox 540 4657 757 4729; x_wconf 68' lang='lat' dir='ltr'><strong>prtefat.</strong></span> <span class='ocrx_word' id='word_1_591' title='bbox 799 4660 889 4715; x_wconf 89' lang='lat' dir='ltr'><strong>lib.</strong></span> <span class='ocrx_word' id='word_1_592' title='bbox 936 4676 970 4714; x_wconf 88' lang='grc' dir='ltr'><strong>ιι</strong></span> <span class='ocrx_word' id='word_1_593' title='bbox 1022 4658 1249 4729; x_wconf 86' lang='lat' dir='ltr'><strong>Apolog.</strong></span> <span class='ocrx_word' id='word_1_594' title='bbox 1297 4659 1432 4716; x_wconf 81' lang='lat' dir='ltr'><strong>Hinc</strong></span> <span class='ocrx_word' id='word_1_595' title='bbox 1478 4661 1631 4715; x_wconf 87' lang='lat' dir='ltr'><strong>initio</strong></span> <span class='ocrx_word' id='word_1_596' title='bbox 1672 4668 1843 4715; x_wconf 85' lang='lat' dir='ltr'><strong>tracta</strong></span> 
     </span>
    </p>
   </div>
   <div class='ocr_carea' id='block_1_75' title="bbox 254 4727 1844 4809">
    <p class='ocr_par' dir='ltr' id='par_1_75' title="bbox 254 4727 1844 4809">
     <span class='ocr_line' id='line_1_75' title="bbox 254 4727 1844 4809; baseline 0 -26"><span class='ocrx_word' id='word_1_597' title='bbox 254 4727 593 4809; x_wconf 72' lang='lat' dir='ltr'><strong>consuetudo</strong></span> <span class='ocrx_word' id='word_1_598' title='bbox 641 4729 782 4809; x_wconf 81' lang='lat' dir='ltr'><strong>apud</strong></span> <span class='ocrx_word' id='word_1_599' title='bbox 830 4744 986 4798; x_wconf 87' lang='lat' dir='ltr'><strong>reges</strong></span> <span class='ocrx_word' id='word_1_600' title='bbox 1020 4727 1250 4809; x_wconf 66' lang='lat' dir='ltr'><strong>nostros</strong></span> <span class='ocrx_word' id='word_1_601' title='bbox 1292 4731 1518 4809; x_wconf 75' lang='lat' dir='ltr'><strong>comites</strong></span> <span class='ocrx_word' id='word_1_602' title='bbox 1576 4730 1844 4809; x_wconf 87' lang='lat' dir='ltr'><strong>eligendi,</strong></span> 
     </span>
    </p>
   </div>
   <div class='ocr_carea' id='block_1_76' title="bbox 250 4801 1843 4869">
    <p class='ocr_par' dir='ltr' id='par_1_76' title="bbox 250 4801 1843 4869">
     <span class='ocr_line' id='line_1_76' title="bbox 250 4801 1843 4869; baseline 0.004 -21"><span class='ocrx_word' id='word_1_603' title='bbox 250 4812 393 4869; x_wconf 11' lang='lat' dir='ltr'><strong>qum,</strong></span> <span class='ocrx_word' id='word_1_604' title='bbox 423 4801 642 4852; x_wconf 91' lang='lat' dir='ltr'><strong>nimium</strong></span> <span class='ocrx_word' id='word_1_605' title='bbox 680 4801 790 4865; x_wconf 89' lang='lat' dir='ltr'><strong>jam</strong></span> <span class='ocrx_word' id='word_1_606' title='bbox 820 4801 1089 4865; x_wconf 86' lang='lat' dir='ltr'><strong>excrevit,</strong></span> <span class='ocrx_word' id='word_1_607' title='bbox 1118 4814 1343 4869; x_wconf 66' lang='lat' dir='ltr'><strong>quaeque</strong></span> <span class='ocrx_word' id='word_1_608' title='bbox 1372 4801 1550 4857; x_wconf 87' lang='lat' dir='ltr'><strong>notior</strong></span> <span class='ocrx_word' id='word_1_609' title='bbox 1574 4808 1658 4856; x_wconf 90' lang='lat' dir='ltr'><strong>est</strong></span> <span class='ocrx_word' id='word_1_610' title='bbox 1684 4814 1843 4869; x_wconf 90' lang='lat' dir='ltr'><strong>quam</strong></span> 
     </span>
    </p>
   </div>
   <div class='ocr_carea' id='block_1_77' title="bbox 255 4868 881 4936">
    <p class='ocr_par' dir='ltr' id='par_1_77' title="bbox 255 4868 881 4936">
     <span class='ocr_line' id='line_1_77' title="bbox 255 4868 881 4936; baseline 0.008 -17"><span class='ocrx_word' id='word_1_611' title='bbox 255 4876 315 4920; x_wconf 89' lang='lat' dir='ltr'><strong>ut</strong></span> <span class='ocrx_word' id='word_1_612' title='bbox 345 4868 431 4936; x_wconf 82' lang='lat' dir='ltr'><strong>hic</strong></span> <span class='ocrx_word' id='word_1_613' title='bbox 461 4870 629 4936; x_wconf 90' lang='lat' dir='ltr'><strong>repeti</strong></span> <span class='ocrx_word' id='word_1_614' title='bbox 668 4870 881 4924; x_wconf 88' lang='lat' dir='ltr'><strong>debeat.</strong></span> 
     </span>
    </p>
   </div>
   <div class='ocr_carea' id='block_1_78' title="bbox 331 4934 1845 5012">
    <p class='ocr_par' dir='ltr' id='par_1_78' title="bbox 331 4934 1845 5012">
     <span class='ocr_line' id='line_1_78' title="bbox 331 4934 1845 5012; baseline 0.007 -24"><span class='ocrx_word' id='word_1_615' title='bbox 331 4948 353 4969; x_wconf 74' lang='grc' dir='ltr'><strong>υ</strong></span> <span class='ocrx_word' id='word_1_616' title='bbox 385 4934 579 5012; x_wconf 55' lang='grc' dir='ltr'><strong>ςρηιζα</strong></span> <span class='ocrx_word' id='word_1_617' title='bbox 626 4939 876 5009; x_wconf 81' lang='lat' dir='ltr'><strong>famulum</strong></span> <span class='ocrx_word' id='word_1_618' title='bbox 922 4940 1020 4994; x_wconf 88' lang='lat' dir='ltr'><strong>Dei</strong></span> <span class='ocrx_word' id='word_1_619' title='bbox 1072 4941 1240 5012; x_wconf 74' lang='lat' dir='ltr'><strong>Mass.</strong></span> <span class='ocrx_word' id='word_1_620' title='bbox 1294 4942 1451 5012; x_wconf 87' lang='lat' dir='ltr'><strong>episc.</strong></span> <span class='ocrx_word' id='word_1_621' title='bbox 1513 4943 1845 5012; x_wconf 79' lang='lat' dir='ltr'><strong>fraudulenta</strong></span> 
     </span>
    </p>
   </div>
   <div class='ocr_carea' id='block_1_79' title="bbox 252 5005 1840 5083">
    <p class='ocr_par' dir='ltr' id='par_1_79' title="bbox 252 5005 1840 5083">
     <span class='ocr_line' id='line_1_79' title="bbox 252 5005 1840 5083; baseline 0.006 -26"><span class='ocrx_word' id='word_1_622' title='bbox 252 5006 500 5083; x_wconf 66' lang='lat' dir='ltr'><strong>consilia.</strong></span> <span class='ocrx_word' id='word_1_623' title='bbox 526 5005 661 5062; x_wconf 80' lang='lat' dir='ltr'><strong>Rem</strong></span> <span class='ocrx_word' id='word_1_624' title='bbox 681 5019 1173 5083; x_wconf 67' lang='lat' dir='ltr'><strong>accuratenarrant</strong></span> <span class='ocrx_word' id='word_1_625' title='bbox 1194 5005 1380 5067; x_wconf 79' lang='lat' dir='ltr'><strong>Mora].</strong></span> <span class='ocrx_word' id='word_1_626' title='bbox 1410 5005 1620 5078; x_wconf 49' lang='lat' dir='ltr'><strong>libfxn,</strong></span> <span class='ocrx_word' id='word_1_627' title='bbox 1646 5030 1764 5083; x_wconf 88' lang='lat' dir='ltr'><strong>cap.</strong></span> <span class='ocrx_word' id='word_1_628' title='bbox 1785 5014 1840 5081; x_wconf 75' lang='lat'><strong>‘2;</strong></span> 
     </span>
    </p>
   </div>
   <div class='ocr_carea' id='block_1_80' title="bbox 257 5075 1838 5153">
    <p class='ocr_par' dir='ltr' id='par_1_80' title="bbox 257 5075 1838 5153">
     <span class='ocr_line' id='line_1_80' title="bbox 257 5075 1838 5153; baseline 0.007 -27"><span class='ocrx_word' id='word_1_629' title='bbox 257 5075 637 5153; x_wconf 82' lang='lat' dir='ltr'><strong>l’adilla_cent.</strong></span> <span class='ocrx_word' id='word_1_630' title='bbox 667 5094 737 5142; x_wconf 87' lang='grc' dir='ltr'>νι,</span> <span class='ocrx_word' id='word_1_631' title='bbox 769 5095 890 5153; x_wconf 64' lang='grc' dir='ltr'><strong>(κῃ).</strong></span> <span class='ocrx_word' id='word_1_632' title='bbox 918 5080 1007 5153; x_wconf 68' lang='lat'><strong>55,</strong></span> <span class='ocrx_word' id='word_1_633' title='bbox 1038 5083 1364 5153; x_wconf 12' lang='lat' dir='ltr'><strong>atq-Mariana</strong></span> <span class='ocrx_word' id='word_1_634' title='bbox 1396 5083 1487 5137; x_wconf 90' lang='lat' dir='ltr'><strong>lib.</strong></span> <span class='ocrx_word' id='word_1_635' title='bbox 1520 5099 1571 5149; x_wconf 82' lang='grc' dir='ltr'>ν,</span> <span class='ocrx_word' id='word_1_636' title='bbox 1597 5075 1838 5153; x_wconf 59' lang='grc' dir='ltr'><strong>ἀφίης</strong></span> 
     </span>
    </p>
   </div>
   <div class='ocr_carea' id='block_1_81' title="bbox 255 5147 1206 5208">
    <p class='ocr_par' dir='ltr' id='par_1_81' title="bbox 255 5147 1206 5208">
     <span class='ocr_line' id='line_1_81' title="bbox 255 5147 1206 5208; baseline 0.008 -8"><span class='ocrx_word' id='word_1_637' title='bbox 255 5147 519 5201; x_wconf 71' lang='lat' dir='ltr'><strong>mutilatis</strong></span> <span class='ocrx_word' id='word_1_638' title='bbox 547 5156 725 5203; x_wconf 89' lang='lat' dir='ltr'><strong>tamen</strong></span> <span class='ocrx_word' id='word_1_639' title='bbox 755 5164 785 5203; x_wconf 76' lang='grc' dir='ltr'><strong>ιι</strong></span> <span class='ocrx_word' id='word_1_640' title='bbox 819 5147 982 5205; x_wconf 84' lang='lat' dir='ltr'><strong>Paulo</strong></span> <span class='ocrx_word' id='word_1_641' title='bbox 1007 5150 1206 5208; x_wconf 88' lang='lat' dir='ltr'><strong>verbis.</strong></span> 
     </span>
    </p>
   </div>
   <div class='ocr_carea' id='block_1_82' title="bbox 335 5213 1843 5292">
    <p class='ocr_par' dir='ltr' id='par_1_82' title="bbox 335 5213 1843 5292">
     <span class='ocr_line' id='line_1_82' title="bbox 335 5213 1843 5292; baseline 0.009 -25"><span class='ocrx_word' id='word_1_642' title='bbox 335 5214 361 5292; x_wconf 62' lang='grc' dir='ltr'>ξι</span> <span class='ocrx_word' id='word_1_643' title='bbox 393 5213 710 5292; x_wconf 54' lang='lat' dir='ltr'><strong>Witterieus.</strong></span> <span class='ocrx_word' id='word_1_644' title='bbox 724 5216 813 5292; x_wconf 84' lang='lat' dir='ltr'><strong>Sic</strong></span> <span class='ocrx_word' id='word_1_645' title='bbox 833 5236 900 5275; x_wconf 88' lang='lat' dir='ltr'><strong>ex</strong></span> <span class='ocrx_word' id='word_1_646' title='bbox 914 5224 1144 5277; x_wconf 90' lang='lat' dir='ltr'><strong>nummis</strong></span> <span class='ocrx_word' id='word_1_647' title='bbox 1156 5238 1292 5292; x_wconf 90' lang='lat' dir='ltr'><strong>quos</strong></span> <span class='ocrx_word' id='word_1_648' title='bbox 1311 5223 1486 5278; x_wconf 88' lang='lat' dir='ltr'><strong>habeo</strong></span> <span class='ocrx_word' id='word_1_649' title='bbox 1524 5223 1663 5292; x_wconf 74' lang='lat' dir='ltr'><strong>lego,</strong></span> <span class='ocrx_word' id='word_1_650' title='bbox 1679 5225 1843 5280; x_wconf 89' lang='lat' dir='ltr'><strong>etiam</strong></span> 
     </span>
    </p>
   </div>
   <div class='ocr_carea' id='block_1_83' title="bbox 1946 3302 3539 3367">
    <p class='ocr_par' dir='ltr' id='par_1_83' title="bbox 1946 3302 3539 3367">
     <span class='ocr_line' id='line_1_83' title="bbox 1946 3302 3539 3367; baseline -0.001 -10"><span class='ocrx_word' id='word_1_651' title='bbox 1946 3311 2229 3367; x_wconf 70' lang='lat' dir='ltr'><strong>reseruat,</strong></span> <span class='ocrx_word' id='word_1_652' title='bbox 2262 3318 2326 3357; x_wconf 88' lang='lat' dir='ltr'><strong>ac</strong></span> <span class='ocrx_word' id='word_1_653' title='bbox 2352 3302 2734 3359; x_wconf 79' lang='lat' dir='ltr'><strong>valefacientes</strong></span> <span class='ocrx_word' id='word_1_654' title='bbox 2763 3302 2830 3357; x_wconf 85' lang='lat' dir='ltr'><strong>ad</strong></span> <span class='ocrx_word' id='word_1_655' title='bbox 2860 3302 3051 3357; x_wconf 92' lang='lat' dir='ltr'><strong>domos</strong></span> <span class='ocrx_word' id='word_1_656' title='bbox 3079 3317 3205 3358; x_wconf 86' lang='lat' dir='ltr'><strong>suas</strong></span> <span class='ocrx_word' id='word_1_657' title='bbox 3234 3316 3356 3357; x_wconf 90' lang='lat' dir='ltr'><strong>cum</strong></span> <span class='ocrx_word' id='word_1_658' title='bbox 3387 3316 3539 3356; x_wconf 86' lang='lat' dir='ltr'><strong>ama-</strong></span> 
     </span>
    </p>
   </div>
   <div class='ocr_carea' id='block_1_84' title="bbox 1944 3395 2520 3454">
    <p class='ocr_par' dir='ltr' id='par_1_84' title="bbox 1944 3395 2520 3454">
     <span class='ocr_line' id='line_1_84' title="bbox 1944 3395 2520 3454; baseline -0.002 -1"><span class='ocrx_word' id='word_1_659' title='bbox 1944 3395 2189 3454; x_wconf 87' lang='lat' dir='ltr'><strong>ritudine</strong></span> <span class='ocrx_word' id='word_1_660' title='bbox 2218 3397 2520 3453; x_wconf 90' lang='lat' dir='ltr'><strong>redierunt.</strong></span> 
     </span>
    </p>
   </div>
   <div class='ocr_carea' id='block_1_85' title="bbox 2515 3505 2969 3565">
    <p class='ocr_par' dir='ltr' id='par_1_85' title="bbox 2515 3505 2969 3565">
     <span class='ocr_line' id='line_1_85' title="bbox 2515 3505 2969 3565; baseline -0.007 0"><span class='ocrx_word' id='word_1_661' title='bbox 2515 3506 2745 3565; x_wconf 81' lang='lat' dir='ltr'><strong>CAPUT</strong></span> <span class='ocrx_word' id='word_1_662' title='bbox 2782 3505 2969 3563; x_wconf 71' lang='grc' dir='ltr'>Χνιιι.</span> 
     </span>
    </p>
   </div>
   <div class='ocr_carea' id='block_1_86' title="bbox 1945 3642 3541 3717">
    <p class='ocr_par' dir='ltr' id='par_1_86' title="bbox 1945 3642 3541 3717">
     <span class='ocr_line' id='line_1_86' title="bbox 1945 3642 3541 3717; baseline -0.002 -15"><span class='ocrx_word' id='word_1_663' title='bbox 1945 3642 2147 3702; x_wconf 82' lang='lat' dir='ltr'><strong>Iterum</strong></span> <span class='ocrx_word' id='word_1_664' title='bbox 2176 3645 2427 3703; x_wconf 77' lang='lat' dir='ltr'><strong>Massona</strong></span> <span class='ocrx_word' id='word_1_665' title='bbox 2455 3646 2705 3702; x_wconf 78' lang='lat' dir='ltr'><strong>liberatur</strong></span> <span class='ocrx_word' id='word_1_666' title='bbox 2730 3645 2793 3701; x_wconf 91' lang='lat' dir='ltr'><strong>ab</strong></span> <span class='ocrx_word' id='word_1_667' title='bbox 2819 3646 3023 3717; x_wconf 83' lang='lat' dir='ltr'><strong>insi_diis</strong></span> <span class='ocrx_word' id='word_1_668' title='bbox 3046 3644 3243 3700; x_wconf 76' lang='lat' dir='ltr'><strong>Sumne</strong></span> <span class='ocrx_word' id='word_1_669' title='bbox 3270 3662 3365 3717; x_wconf 85' lang='lat' dir='ltr'><strong>ope</strong></span> <span class='ocrx_word' id='word_1_670' title='bbox 3389 3645 3541 3701; x_wconf 81' lang='lat' dir='ltr'><strong>Clau-</strong></span> 
     </span>
    </p>
   </div>
   <div class='ocr_carea' id='block_1_87' title="bbox 1954 3708 3542 3806">
    <p class='ocr_par' dir='ltr' id='par_1_87' title="bbox 1954 3708 3542 3806">
     <span class='ocr_line' id='line_1_87' title="bbox 1954 3708 3542 3806; baseline 0 -16"><span class='ocrx_word' id='word_1_671' title='bbox 1954 3786 1957 3789; x_wconf 38' lang='grc' dir='ltr'><strong><em>λ</em></strong></span> <span class='ocrx_word' id='word_1_672' title='bbox 2017 3737 2091 3791; x_wconf 83' lang='lat' dir='ltr'><strong>dii</strong></span> <span class='ocrx_word' id='word_1_673' title='bbox 2139 3736 2281 3791; x_wconf 82' lang='lat' dir='ltr'><strong>ducis</strong></span> <span class='ocrx_word' id='word_1_674' title='bbox 2333 3736 2711 3803; x_wconf 82' lang='lat' dir='ltr'><strong>Emeritensis;</strong></span> <span class='ocrx_word' id='word_1_675' title='bbox 2779 3708 2964 3792; x_wconf 48' lang='lat' dir='ltr'><strong>Samia</strong></span> <span class='ocrx_word' id='word_1_676' title='bbox 3015 3736 3254 3806; x_wconf 72' lang='lat' dir='ltr'><strong>pertinax</strong></span> <span class='ocrx_word' id='word_1_677' title='bbox 3299 3750 3350 3788; x_wconf 89' lang='lat' dir='ltr'><strong>et</strong></span> <span class='ocrx_word' id='word_1_678' title='bbox 3399 3735 3542 3790; x_wconf 75' lang='lat' dir='ltr'><strong>exsul</strong></span> 
     </span>
    </p>
   </div>
   <div class='ocr_carea' id='block_1_88' title="bbox 2016 3827 3543 3898">
    <p class='ocr_par' dir='ltr' id='par_1_88' title="bbox 2016 3827 3543 3898">
     <span class='ocr_line' id='line_1_88' title="bbox 2016 3827 3543 3898; baseline -0.003 -13"><span class='ocrx_word' id='word_1_679' title='bbox 2016 3828 2141 3885; x_wconf 87' lang='lat' dir='ltr'><strong>obiit</strong></span> <span class='ocrx_word' id='word_1_680' title='bbox 2189 3831 2245 3884; x_wconf 87' lang='lat' dir='ltr'><strong>in</strong></span> <span class='ocrx_word' id='word_1_681' title='bbox 2294 3827 2661 3894; x_wconf 71' lang='lat' dir='ltr'><strong>Mauritania;</strong></span> <span class='ocrx_word' id='word_1_682' title='bbox 2720 3828 2930 3884; x_wconf 82' lang='lat' dir='ltr'><strong>Vacrila</strong></span> <span class='ocrx_word' id='word_1_683' title='bbox 2995 3829 3163 3883; x_wconf 85' lang='lat' dir='ltr'><strong>socius</strong></span> <span class='ocrx_word' id='word_1_684' title='bbox 3209 3828 3437 3882; x_wconf 77' lang='lat' dir='ltr'><strong>criminis</strong></span> <span class='ocrx_word' id='word_1_685' title='bbox 3484 3828 3543 3898; x_wconf 82' lang='lat' dir='ltr'><strong>ﬁt</strong></span> 
     </span>
    </p>
   </div>
   <div class='ocr_carea' id='block_1_89' title="bbox 1950 3919 2635 3992">
    <p class='ocr_par' dir='ltr' id='par_1_89' title="bbox 1950 3919 2635 3992">
     <span class='ocr_line' id='line_1_89' title="bbox 1950 3919 2635 3992; baseline 0 -15"><span class='ocrx_word' id='word_1_686' title='bbox 1950 3974 1953 3977; x_wconf 72' lang='grc'><strong>,</strong></span> <span class='ocrx_word' id='word_1_687' title='bbox 2016 3922 2331 3992; x_wconf 84' lang='lat' dir='ltr'><strong>mancipium</strong></span> <span class='ocrx_word' id='word_1_688' title='bbox 2368 3919 2635 3977; x_wconf 71' lang='lat' dir='ltr'><strong>Ecclesite.</strong></span> 
     </span>
    </p>
   </div>
   <div class='ocr_carea' id='block_1_90' title="bbox 2018 4030 3541 4104">
    <p class='ocr_par' dir='ltr' id='par_1_90' title="bbox 2018 4030 3541 4104">
     <span class='ocr_line' id='line_1_90' title="bbox 2018 4030 3541 4104; baseline -0.001 -16"><span class='ocrx_word' id='word_1_689' title='bbox 2018 4031 2233 4104; x_wconf 90' lang='lat' dir='ltr'><strong>lllisque</strong></span> <span class='ocrx_word' id='word_1_690' title='bbox 2258 4032 2486 4089; x_wconf 82' lang='lat' dir='ltr'><strong>reversis</strong></span> <span class='ocrx_word' id='word_1_691' title='bbox 2517 4030 2830 4089; x_wconf 86' lang='lat' dir='ltr'><strong>Wittericus</strong></span> <span class='ocrx_word' id='word_1_692' title='bbox 2868 4048 2990 4090; x_wconf 91' lang='lat' dir='ltr'><strong>cum</strong></span> <span class='ocrx_word' id='word_1_693' title='bbox 3021 4033 3099 4089; x_wconf 90' lang='lat' dir='ltr'><strong>eis</strong></span> <span class='ocrx_word' id='word_1_694' title='bbox 3127 4032 3348 4089; x_wconf 90' lang='lat' dir='ltr'><strong>minime</strong></span> <span class='ocrx_word' id='word_1_695' title='bbox 3390 4032 3541 4103; x_wconf 80' lang='lat' dir='ltr'><strong>abiit,</strong></span> 
     </span>
    </p>
   </div>
   <div class='ocr_carea' id='block_1_91' title="bbox 1947 4165 3542 4253">
    <p class='ocr_par' dir='ltr' id='par_1_91' title="bbox 1947 4165 3542 4253">
     <span class='ocr_line' id='line_1_91' title="bbox 1947 4165 3542 4253; baseline -0.003 -28"><span class='ocrx_word' id='word_1_696' title='bbox 1947 4183 2127 4253; x_wconf 55' lang='lat' dir='ltr'><strong>venint</strong></span> <span class='ocrx_word' id='word_1_697' title='bbox 2154 4184 2296 4253; x_wconf 71' lang='lat' dir='ltr'><strong>more</strong></span> <span class='ocrx_word' id='word_1_698' title='bbox 2325 4165 2615 4253; x_wconf 43' lang='lat' dir='ltr'><strong>Gothorum-</strong></span> <span class='ocrx_word' id='word_1_699' title='bbox 2638 4166 2834 4253; x_wconf 48' lang='lat' dir='ltr'><strong>sedem.</strong></span> <span class='ocrx_word' id='word_1_700' title='bbox 2854 4168 2951 4222; x_wconf 85' lang='lat' dir='ltr'><strong>sibi</strong></span> <span class='ocrx_word' id='word_1_701' title='bbox 2985 4167 3143 4249; x_wconf 72' lang='lat' dir='ltr'><strong>legit,</strong></span> <span class='ocrx_word' id='word_1_702' title='bbox 3165 4183 3337 4253; x_wconf 48' lang='lat' dir='ltr'><strong>.suum</strong></span> <span class='ocrx_word' id='word_1_703' title='bbox 3366 4168 3542 4253; x_wconf 55' lang='lat' dir='ltr'><strong>cuique</strong></span> 
     </span>
    </p>
   </div>
   <div class='ocr_carea' id='block_1_92' title="bbox 1946 4236 3541 4389">
    <p class='ocr_par' dir='ltr' id='par_1_92' title="bbox 1946 4236 3541 4389">
     <span class='ocr_line' id='line_1_92' title="bbox 1946 4236 3540 4310; baseline -0.002 -15"><span class='ocrx_word' id='word_1_704' title='bbox 1946 4239 2062 4295; x_wconf 86' lang='lat' dir='ltr'><strong>urbi</strong></span> <span class='ocrx_word' id='word_1_705' title='bbox 2107 4240 2466 4310; x_wconf 82' lang='lat' dir='ltr'><strong>magistratum</strong></span> <span class='ocrx_word' id='word_1_706' title='bbox 2496 4238 2660 4307; x_wconf 83' lang='lat' dir='ltr'><strong>dedit,</strong></span> <span class='ocrx_word' id='word_1_707' title='bbox 2687 4238 2777 4308; x_wconf 81' lang='lat' dir='ltr'><strong>qui</strong></span> <span class='ocrx_word' id='word_1_708' title='bbox 2800 4239 2950 4292; x_wconf 82' lang='lat' dir='ltr'><strong>duces</strong></span> <span class='ocrx_word' id='word_1_709' title='bbox 2991 4236 3366 4292; x_wconf 69' lang='lat' dir='ltr'><strong>recitabantur.</strong></span> <span class='ocrx_word' id='word_1_710' title='bbox 3409 4236 3540 4292; x_wconf 80' lang='lat' dir='ltr'><strong>Nam</strong></span> 
     </span>
     <span class='ocr_line' id='line_1_93' title="bbox 1950 4306 3541 4389; baseline -0.003 -24"><span class='ocrx_word' id='word_1_711' title='bbox 1950 4309 2092 4389; x_wconf 76' lang='lat' dir='ltr'><strong>apud</strong></span> <span class='ocrx_word' id='word_1_712' title='bbox 2104 4308 2477 4389; x_wconf 50' lang='lat' dir='ltr'><strong>Gothos&#39;inter</strong></span> <span class='ocrx_word' id='word_1_713' title='bbox 2493 4311 2794 4389; x_wconf 67' lang='lat' dir='ltr'><strong>praecipuos</strong></span> <span class='ocrx_word' id='word_1_714' title='bbox 2804 4309 3071 4389; x_wconf 81' lang='lat' dir='ltr'><strong>palatinos</strong></span> <span class='ocrx_word' id='word_1_715' title='bbox 3091 4309 3197 4389; x_wconf 65' lang='lat' dir='ltr'><strong>duit</strong></span> <span class='ocrx_word' id='word_1_716' title='bbox 3219 4307 3345 4389; x_wconf 73' lang='lat' dir='ltr'><strong>;_sic_</strong></span> <span class='ocrx_word' id='word_1_717' title='bbox 3360 4306 3541 4361; x_wconf 84' lang='lat' dir='ltr'><strong>Wam-</strong></span> 
     </span>
    </p>
   </div>
   <div class='ocr_carea' id='block_1_93' title="bbox 1952 4376 3536 4461">
    <p class='ocr_par' dir='ltr' id='par_1_93' title="bbox 1952 4376 3536 4461">
     <span class='ocr_line' id='line_1_94' title="bbox 1952 4376 3536 4461; baseline -0.003 -25"><span class='ocrx_word' id='word_1_718' title='bbox 1952 4376 2293 4461; x_wconf 52' lang='lat' dir='ltr'><strong>baatempore</strong></span> <span class='ocrx_word' id='word_1_719' title='bbox 2317 4376 2519 4461; x_wconf 79' lang='lat' dir='ltr'><strong>Paulus</strong></span> <span class='ocrx_word' id='word_1_720' title='bbox 2543 4376 3200 4461; x_wconf 37' lang='lat' dir='ltr'><strong>dux&#39;lfiar‘bonensisap‘ud</strong></span> <span class='ocrx_word' id='word_1_721' title='bbox 3231 4376 3536 4461; x_wconf 39' lang='lat' dir='ltr'><strong>Tuden‘seiii</strong></span> 
     </span>
    </p>
   </div>
   <div class='ocr_carea' id='block_1_94' title="bbox 1950 4447 3541 4590">
    <p class='ocr_par' dir='ltr' id='par_1_94' title="bbox 1950 4447 3541 4590">
     <span class='ocr_line' id='line_1_95' title="bbox 1950 4447 3540 4519; baseline -0.003 -12"><span class='ocrx_word' id='word_1_722' title='bbox 1950 4459 2007 4507; x_wconf 89' lang='lat' dir='ltr'><strong>et</strong></span> <span class='ocrx_word' id='word_1_723' title='bbox 2034 4447 2359 4505; x_wconf 77' lang='lat' dir='ltr'><strong>Rudericum</strong></span> <span class='ocrx_word' id='word_1_724' title='bbox 2385 4451 2624 4519; x_wconf 90' lang='lat' dir='ltr'><strong>episcop.</strong></span> <span class='ocrx_word' id='word_1_725' title='bbox 2656 4457 2711 4505; x_wconf 90' lang='lat' dir='ltr'><strong>et</strong></span> <span class='ocrx_word' id='word_1_726' title='bbox 2755 4447 3046 4504; x_wconf 78' lang='lat' dir='ltr'><strong>Reccaredi</strong></span> <span class='ocrx_word' id='word_1_727' title='bbox 3094 4447 3350 4502; x_wconf 88' lang='lat' dir='ltr'><strong>Claudius</strong></span> <span class='ocrx_word' id='word_1_728' title='bbox 3385 4447 3540 4503; x_wconf 75' lang='lat' dir='ltr'><strong>Ente-</strong></span> 
     </span>
     <span class='ocr_line' id='line_1_96' title="bbox 1951 4516 3541 4590; baseline 0 -15"><span class='ocrx_word' id='word_1_729' title='bbox 1951 4520 2167 4576; x_wconf 86' lang='lat' dir='ltr'><strong>ritensis</strong></span> <span class='ocrx_word' id='word_1_730' title='bbox 2216 4521 2361 4575; x_wconf 89' lang='lat' dir='ltr'><strong>urbis</strong></span> <span class='ocrx_word' id='word_1_731' title='bbox 2406 4522 2551 4590; x_wconf 90' lang='lat' dir='ltr'><strong>apud</strong></span> <span class='ocrx_word' id='word_1_732' title='bbox 2588 4529 2848 4574; x_wconf 89' lang='lat' dir='ltr'><strong>nostrum.</strong></span> <span class='ocrx_word' id='word_1_733' title='bbox 2893 4518 3009 4573; x_wconf 87' lang='lat' dir='ltr'><strong>Vid.</strong></span> <span class='ocrx_word' id='word_1_734' title='bbox 3052 4532 3169 4587; x_wconf 66' lang='lat' dir='ltr'><strong>qute</strong></span> <span class='ocrx_word' id='word_1_735' title='bbox 3209 4516 3277 4571; x_wconf 87' lang='lat' dir='ltr'><strong>ad</strong></span> <span class='ocrx_word' id='word_1_736' title='bbox 3326 4534 3449 4589; x_wconf 89' lang='lat' dir='ltr'><strong>cap.</strong></span> <span class='ocrx_word' id='word_1_737' title='bbox 3479 4520 3541 4575; x_wconf 84' lang='lat' dir='ltr'><strong>l9</strong></span> 
     </span>
    </p>
   </div>
   <div class='ocr_carea' id='block_1_95' title="bbox 1878 4591 2145 4685">
    <p class='ocr_par' dir='ltr' id='par_1_95' title="bbox 1878 4591 2145 4685">
     <span class='ocr_line' id='line_1_97' title="bbox 1878 4591 2145 4685; baseline 0 0"><span class='ocrx_word' id='word_1_738' title='bbox 1878 4624 1930 4685; x_wconf 90' lang='lat' dir='ltr'><strong>D</strong></span> <span class='ocrx_word' id='word_1_739' title='bbox 1952 4591 2145 4685; x_wconf 68' lang='lat' dir='ltr'><strong>dic3&quot;{31</strong></span> 
     </span>
    </p>
   </div>
   <div class='ocr_carea' id='block_1_96' title="bbox 2027 4658 3538 4730">
    <p class='ocr_par' dir='ltr' id='par_1_96' title="bbox 2027 4658 3538 4730">
     <span class='ocr_line' id='line_1_98' title="bbox 2027 4658 3538 4730; baseline -0.003 -16"><span class='ocrx_word' id='word_1_740' title='bbox 2027 4670 2050 4698; x_wconf 76' lang='grc' dir='ltr'><strong>ο</strong></span> <span class='ocrx_word' id='word_1_741' title='bbox 2081 4660 2356 4730; x_wconf 79' lang='lat' dir='ltr'><strong>Spatham.</strong></span> <span class='ocrx_word' id='word_1_742' title='bbox 2408 4658 2523 4725; x_wconf 86' lang='lat' dir='ltr'><strong>Qua</strong></span> <span class='ocrx_word' id='word_1_743' title='bbox 2564 4658 2914 4730; x_wconf 83' lang='lat' dir='ltr'><strong>Wittericus,</strong></span> <span class='ocrx_word' id='word_1_744' title='bbox 2942 4664 3001 4712; x_wconf 91' lang='lat' dir='ltr'><strong>ut</strong></span> <span class='ocrx_word' id='word_1_745' title='bbox 3028 4670 3213 4713; x_wconf 87' lang='lat' dir='ltr'><strong>comes</strong></span> <span class='ocrx_word' id='word_1_746' title='bbox 3238 4699 3254 4727; x_wconf 91' lang='lat'><strong>,</strong></span> <span class='ocrx_word' id='word_1_747' title='bbox 3300 4673 3367 4713; x_wconf 89' lang='lat' dir='ltr'><strong>ex</strong></span> <span class='ocrx_word' id='word_1_748' title='bbox 3397 4674 3538 4728; x_wconf 71' lang='lat' dir='ltr'><strong>prm-</strong></span> 
     </span>
    </p>
   </div>
   <div class='ocr_carea' id='block_1_97' title="bbox 1951 4727 3538 4799">
    <p class='ocr_par' dir='ltr' id='par_1_97' title="bbox 1951 4727 3538 4799">
     <span class='ocr_line' id='line_1_99' title="bbox 1951 4727 3538 4799; baseline -0.001 -13"><span class='ocrx_word' id='word_1_749' title='bbox 1951 4727 2153 4799; x_wconf 84' lang='lat' dir='ltr'><strong>scripto</strong></span> <span class='ocrx_word' id='word_1_750' title='bbox 2195 4731 2373 4799; x_wconf 89' lang='lat' dir='ltr'><strong>legum</strong></span> <span class='ocrx_word' id='word_1_751' title='bbox 2404 4730 2760 4799; x_wconf 82' lang='lat' dir='ltr'><strong>Gothicarum</strong></span> <span class='ocrx_word' id='word_1_752' title='bbox 2781 4727 3012 4799; x_wconf 81' lang='lat' dir='ltr'><strong>debebat</strong></span> <span class='ocrx_word' id='word_1_753' title='bbox 3059 4742 3179 4785; x_wconf 85' lang='lat' dir='ltr'><strong>esse</strong></span> <span class='ocrx_word' id='word_1_754' title='bbox 3227 4727 3538 4784; x_wconf 81' lang='lat' dir='ltr'><strong>instructus.</strong></span> 
     </span>
    </p>
   </div>
   <div class='ocr_carea' id='block_1_98' title="bbox 1952 4798 3540 4869">
    <p class='ocr_par' dir='ltr' id='par_1_98' title="bbox 1952 4798 3540 4869">
     <span class='ocr_line' id='line_1_100' title="bbox 1952 4798 3540 4869; baseline -0.002 -13"><span class='ocrx_word' id='word_1_755' title='bbox 1952 4798 2077 4856; x_wconf 67' lang='lat' dir='ltr'><strong>Lib.</strong></span> <span class='ocrx_word' id='word_1_756' title='bbox 2120 4817 2191 4863; x_wconf 85' lang='lat' dir='ltr'><strong>Ix,</strong></span> <span class='ocrx_word' id='word_1_757' title='bbox 2226 4798 2305 4854; x_wconf 88' lang='lat' dir='ltr'><strong>tit.</strong></span> <span class='ocrx_word' id='word_1_758' title='bbox 2354 4800 2408 4867; x_wconf 80' lang='lat'><strong>2,</strong></span> <span class='ocrx_word' id='word_1_759' title='bbox 2440 4801 2543 4868; x_wconf 79' lang='lat' dir='ltr'><strong>leg.</strong></span> <span class='ocrx_word' id='word_1_760' title='bbox 2573 4799 2667 4853; x_wconf 92' lang='lat' dir='ltr'><strong>ult.</strong></span> <span class='ocrx_word' id='word_1_761' title='bbox 2697 4798 2923 4868; x_wconf 83' lang='lat' dir='ltr'><strong>Wiseg.,</strong></span> <span class='ocrx_word' id='word_1_762' title='bbox 2967 4798 3097 4858; x_wconf 70' lang='lat' dir='ltr'><strong>dux,</strong></span> <span class='ocrx_word' id='word_1_763' title='bbox 3141 4813 3309 4853; x_wconf 86' lang='lat' dir='ltr'><strong>comes</strong></span> <span class='ocrx_word' id='word_1_764' title='bbox 3336 4841 3352 4864; x_wconf 92' lang='lat'><strong>,</strong></span> <span class='ocrx_word' id='word_1_765' title='bbox 3394 4807 3540 4869; x_wconf 75' lang='lat' dir='ltr'><strong>atque</strong></span> 
     </span>
    </p>
   </div>
   <div class='ocr_carea' id='block_1_99' title="bbox 1950 4869 3538 4942">
    <p class='ocr_par' dir='ltr' id='par_1_99' title="bbox 1950 4869 3538 4942">
     <span class='ocr_line' id='line_1_101' title="bbox 1950 4869 3538 4942; baseline -0.002 -17"><span class='ocrx_word' id='word_1_766' title='bbox 1950 4872 2256 4942; x_wconf 83' lang='lat' dir='ltr'><strong>gardingus,</strong></span> <span class='ocrx_word' id='word_1_767' title='bbox 2286 4878 2420 4936; x_wconf 68' lang='grc' dir='ltr'><strong>εις..</strong></span> <span class='ocrx_word' id='word_1_768' title='bbox 2450 4870 2631 4935; x_wconf 82' lang='lat' dir='ltr'><strong>scutis,</strong></span> <span class='ocrx_word' id='word_1_769' title='bbox 2663 4869 3146 4942; x_wconf 63' lang='lat' dir='ltr'><strong>spat/tis,serantis,</strong></span> <span class='ocrx_word' id='word_1_770' title='bbox 3178 4870 3373 4923; x_wconf 82' lang='lat' dir='ltr'><strong>lanceis</strong></span> <span class='ocrx_word' id='word_1_771' title='bbox 3400 4909 3412 4931; x_wconf 86' lang='lat'><strong>,</strong></span> <span class='ocrx_word' id='word_1_772' title='bbox 3449 4889 3538 4922; x_wconf 82' lang='lat' dir='ltr'><strong>sa-</strong></span> 
     </span>
    </p>
   </div>
   <div class='ocr_carea' id='block_1_100' title="bbox 1948 4939 3538 5014">
    <p class='ocr_par' dir='ltr' id='par_1_100' title="bbox 1948 4939 3538 5014">
     <span class='ocr_line' id='line_1_102' title="bbox 1948 4939 3538 5014; baseline -0.002 -19"><span class='ocrx_word' id='word_1_773' title='bbox 1948 4939 2188 5014; x_wconf 59' lang='lat' dir='ltr'><strong>gittisque</strong></span> <span class='ocrx_word' id='word_1_774' title='bbox 2208 4941 2312 5014; x_wconf 70' lang='lat' dir='ltr'><strong>sint</strong></span> <span class='ocrx_word' id='word_1_775' title='bbox 2329 4942 2586 5014; x_wconf 73' lang='lat' dir='ltr'><strong>instructi.</strong></span> <span class='ocrx_word' id='word_1_776' title='bbox 2606 4942 2743 4995; x_wconf 81' lang='lat' dir='ltr'><strong>Sunt</strong></span> <span class='ocrx_word' id='word_1_777' title='bbox 2761 4941 2852 5009; x_wconf 88' lang='lat' dir='ltr'><strong>qui</strong></span> <span class='ocrx_word' id='word_1_778' title='bbox 2878 4939 3118 5014; x_wconf 80' lang='lat' dir='ltr'><strong>Latinam</strong></span> <span class='ocrx_word' id='word_1_779' title='bbox 3140 4954 3328 5014; x_wconf 80' lang='lat' dir='ltr'><strong>vocem</strong></span> <span class='ocrx_word' id='word_1_780' title='bbox 3345 4948 3538 5014; x_wconf 82' lang='lat' dir='ltr'><strong>putent</strong></span> 
     </span>
    </p>
   </div>
   <div class='ocr_carea' id='block_1_101' title="bbox 1949 5010 3538 5082">
    <p class='ocr_par' dir='ltr' id='par_1_101' title="bbox 1949 5010 3538 5082">
     <span class='ocr_line' id='line_1_103' title="bbox 1949 5010 3538 5082; baseline -0.001 -16"><span class='ocrx_word' id='word_1_781' title='bbox 1949 5010 2087 5082; x_wconf 81' lang='lat' dir='ltr'><strong>apud</strong></span> <span class='ocrx_word' id='word_1_782' title='bbox 2105 5010 2243 5066; x_wconf 29' lang='lat' dir='ltr'><strong>‘lsid.</strong></span> <span class='ocrx_word' id='word_1_783' title='bbox 2303 5026 2449 5066; x_wconf 83' lang='lat' dir='ltr'><strong>xvtu.</strong></span> <span class='ocrx_word' id='word_1_784' title='bbox 2498 5010 2641 5080; x_wconf 84' lang='lat' dir='ltr'><strong>Orig.</strong></span> <span class='ocrx_word' id='word_1_785' title='bbox 2676 5014 2729 5073; x_wconf 82' lang='lat'><strong>6,</strong></span> <span class='ocrx_word' id='word_1_786' title='bbox 2770 5026 2829 5065; x_wconf 88' lang='lat' dir='ltr'><strong>eo</strong></span> <span class='ocrx_word' id='word_1_787' title='bbox 2867 5010 3002 5082; x_wconf 71' lang='lat' dir='ltr'><strong>quod</strong></span> <span class='ocrx_word' id='word_1_788' title='bbox 3041 5011 3270 5082; x_wconf 75' lang='lat' dir='ltr'><strong>spatiosa</strong></span> <span class='ocrx_word' id='word_1_789' title='bbox 3309 5012 3409 5074; x_wconf 84' lang='lat' dir='ltr'><strong>sit,</strong></span> <span class='ocrx_word' id='word_1_790' title='bbox 3439 5012 3538 5064; x_wconf 87' lang='lat' dir='ltr'><strong>hoc</strong></span> 
     </span>
    </p>
   </div>
   <div class='ocr_carea' id='block_1_102' title="bbox 1948 5079 3533 5150">
    <p class='ocr_par' dir='ltr' id='par_1_102' title="bbox 1948 5079 3533 5150">
     <span class='ocr_line' id='line_1_104' title="bbox 1948 5079 3533 5150; baseline -0.001 -14"><span class='ocrx_word' id='word_1_791' title='bbox 1948 5079 2047 5148; x_wconf 83' lang='lat' dir='ltr'><strong>est,</strong></span> <span class='ocrx_word' id='word_1_792' title='bbox 2080 5084 2190 5136; x_wconf 84' lang='lat' dir='ltr'><strong>lata</strong></span> <span class='ocrx_word' id='word_1_793' title='bbox 2213 5092 2262 5135; x_wconf 87' lang='lat' dir='ltr'><strong>et</strong></span> <span class='ocrx_word' id='word_1_794' title='bbox 2290 5082 2504 5150; x_wconf 83' lang='lat' dir='ltr'><strong>ampla:</strong></span> <span class='ocrx_word' id='word_1_795' title='bbox 2533 5097 2638 5150; x_wconf 85' lang='lat' dir='ltr'><strong>qua</strong></span> <span class='ocrx_word' id='word_1_796' title='bbox 2667 5079 2889 5135; x_wconf 84' lang='lat' dir='ltr'><strong>utuntur</strong></span> <span class='ocrx_word' id='word_1_797' title='bbox 2919 5079 3170 5149; x_wconf 86' lang='lat' dir='ltr'><strong>Vegetius</strong></span> <span class='ocrx_word' id='word_1_798' title='bbox 3198 5080 3293 5150; x_wconf 88' lang='lat' dir='ltr'><strong>lib.</strong></span> <span class='ocrx_word' id='word_1_799' title='bbox 3325 5095 3381 5144; x_wconf 89' lang='grc' dir='ltr'>ιι,</span> <span class='ocrx_word' id='word_1_800' title='bbox 3412 5094 3533 5149; x_wconf 80' lang='lat' dir='ltr'><strong>cap.</strong></span> 
     </span>
    </p>
   </div>
   <div class='ocr_carea' id='block_1_103' title="bbox 1946 5149 3537 5222">
    <p class='ocr_par' dir='ltr' id='par_1_103' title="bbox 1946 5149 3537 5222">
     <span class='ocr_line' id='line_1_105' title="bbox 1946 5149 3537 5222; baseline 0.001 -16"><span class='ocrx_word' id='word_1_801' title='bbox 1946 5152 2037 5221; x_wconf 85' lang='grc'><strong>15,</strong></span> <span class='ocrx_word' id='word_1_802' title='bbox 2069 5162 2124 5208; x_wconf 88' lang='lat' dir='ltr'><strong>et</strong></span> <span class='ocrx_word' id='word_1_803' title='bbox 2148 5168 2227 5217; x_wconf 88' lang='grc' dir='ltr'>ιιι,</span> <span class='ocrx_word' id='word_1_804' title='bbox 2251 5149 2489 5222; x_wconf 76' lang='lat' dir='ltr'><strong>cap.M;</strong></span> <span class='ocrx_word' id='word_1_805' title='bbox 2519 5149 2813 5221; x_wconf 68' lang='lat' dir='ltr'><strong>Apuleius:</strong></span> <span class='ocrx_word' id='word_1_806' title='bbox 2843 5158 2899 5222; x_wconf 89' lang='lat' dir='ltr'><strong>e_t</strong></span> <span class='ocrx_word' id='word_1_807' title='bbox 2927 5166 2963 5206; x_wconf 76' lang='grc' dir='ltr'><strong>ιι</strong></span> <span class='ocrx_word' id='word_1_808' title='bbox 2988 5150 3161 5204; x_wconf 86' lang='lat' dir='ltr'><strong>miles.</strong></span> <span class='ocrx_word' id='word_1_809' title='bbox 3188 5149 3457 5222; x_wconf 58' lang='lat' dir='ltr'><strong>Spagian.</strong></span> <span class='ocrx_word' id='word_1_810' title='bbox 3476 5150 3537 5222; x_wconf 71' lang='lat' dir='ltr'><strong>in</strong></span> 
     </span>
    </p>
   </div>
   <div class='ocr_carea' id='block_1_104' title="bbox 1946 5218 3532 5290">
    <p class='ocr_par' dir='ltr' id='par_1_104' title="bbox 1946 5218 3532 5290">
     <span class='ocr_line' id='line_1_106' title="bbox 1946 5218 3532 5290; baseline -0.002 -13"><span class='ocrx_word' id='word_1_811' title='bbox 1946 5218 2188 5288; x_wconf 81' lang='lat' dir='ltr'><strong>Adrian.;</strong></span> <span class='ocrx_word' id='word_1_812' title='bbox 2221 5218 2473 5278; x_wconf 78' lang='lat' dir='ltr'><strong>Claudius</strong></span> <span class='ocrx_word' id='word_1_813' title='bbox 2500 5218 2725 5286; x_wconf 82' lang='lat' dir='ltr'><strong>epistola</strong></span> <span class='ocrx_word' id='word_1_814' title='bbox 2756 5222 2821 5275; x_wconf 87' lang='lat' dir='ltr'><strong>ad</strong></span> <span class='ocrx_word' id='word_1_815' title='bbox 2857 5220 3090 5275; x_wconf 83' lang='lat' dir='ltr'><strong>Ebornm</strong></span> <span class='ocrx_word' id='word_1_816' title='bbox 3130 5218 3269 5290; x_wconf 85' lang='lat' dir='ltr'><strong>apud</strong></span> <span class='ocrx_word' id='word_1_817' title='bbox 3300 5218 3532 5275; x_wconf 80' lang='lat' dir='ltr'><strong>Trebell.</strong></span> 
     </span>
    </p>
   </div>
   <div class='ocr_carea' id='block_1_105' title="bbox 261 5286 3537 5362">
    <p class='ocr_par' dir='ltr' id='par_1_105' title="bbox 261 5286 3537 5362">
     <span class='ocr_line' id='line_1_107' title="bbox 261 5286 3537 5362; baseline 0.009 -22"><span class='ocrx_word' id='word_1_818' title='bbox 261 5286 310 5341; x_wconf 89' lang='lat' dir='ltr'><strong>si</strong></span> <span class='ocrx_word' id='word_1_819' title='bbox 341 5286 395 5340; x_wconf 92' lang='lat' dir='ltr'><strong>in</strong></span> <span class='ocrx_word' id='word_1_820' title='bbox 422 5288 538 5362; x_wconf 76' lang='lat' dir='ltr'><strong>aliis</strong></span> <span class='ocrx_word' id='word_1_821' title='bbox 567 5286 832 5343; x_wconf 85' lang='lat' dir='ltr'><strong>Witiricus</strong></span> <span class='ocrx_word' id='word_1_822' title='bbox 877 5300 928 5344; x_wconf 87' lang='lat' dir='ltr'><strong>et</strong></span> <span class='ocrx_word' id='word_1_823' title='bbox 969 5286 1245 5348; x_wconf 64' lang='grc' dir='ltr'><strong>γίειενξεὶω</strong></span> <span class='ocrx_word' id='word_1_824' title='bbox 1276 5293 1525 5349; x_wconf 86' lang='lat' dir='ltr'><strong>distincte</strong></span> <span class='ocrx_word' id='word_1_825' title='bbox 1543 5335 1559 5362; x_wconf 93' lang='lat'><strong>,</strong></span> <span class='ocrx_word' id='word_1_826' title='bbox 1578 5286 1695 5350; x_wconf 71' lang='lat' dir='ltr'><strong>&#39;se&#39;d</strong></span> <span class='ocrx_word' id='word_1_827' title='bbox 1722 5311 1846 5351; x_wconf 87' lang='lat' dir='ltr'><strong>cor-</strong></span> <span class='ocrx_word' id='word_1_828' title='bbox 1945 5286 2190 5359; x_wconf 64' lang='lat' dir='ltr'><strong>Pollioni</strong></span> <span class='ocrx_word' id='word_1_829' title='bbox 2218 5293 2327 5347; x_wconf 80' lang='lat' dir='ltr'><strong>alii-</strong></span> <span class='ocrx_word' id='word_1_830' title='bbox 2360 5291 2495 5349; x_wconf 80' lang='lat' dir='ltr'><strong>Hinc</strong></span> <span class='ocrx_word' id='word_1_831' title='bbox 2519 5290 2741 5362; x_wconf 74' lang='lat' dir='ltr'><strong>Hispani</strong></span> <span class='ocrx_word' id='word_1_832' title='bbox 2765 5301 2783 5345; x_wconf 83' lang='grc' dir='ltr'><strong>ι</strong></span> <span class='ocrx_word' id='word_1_833' title='bbox 2816 5293 2867 5346; x_wconf 77' lang='lat' dir='ltr'><strong>in</strong></span> <span class='ocrx_word' id='word_1_834' title='bbox 2896 5286 3306 5362; x_wconf 51' lang='lat' dir='ltr'><strong>deminutum</strong></span> <span class='ocrx_word' id='word_1_835' title='bbox 3331 5297 3386 5343; x_wconf 74' lang='grc' dir='ltr'>εί</span> <span class='ocrx_word' id='word_1_836' title='bbox 3406 5298 3537 5362; x_wconf 58' lang='grc' dir='ltr'>ἒιιίο</span> 
     </span>
    </p>
   </div>
   <div class='ocr_carea' id='block_1_106' title="bbox 261 5357 672 5427">
    <p class='ocr_par' dir='ltr' id='par_1_106' title="bbox 261 5357 672 5427">
     <span class='ocr_line' id='line_1_108' title="bbox 261 5357 672 5427; baseline 0 -14"><span class='ocrx_word' id='word_1_837' title='bbox 261 5364 434 5427; x_wconf 67' lang='lat' dir='ltr'><strong>rapte</strong></span> <span class='ocrx_word' id='word_1_838' title='bbox 446 5357 672 5426; x_wconf 85' lang='lat' dir='ltr'><strong>legatur.</strong></span> 
     </span>
    </p>
   </div>
   <div class='ocr_carea' id='block_1_107' title="bbox 340 5424 1839 5497">
    <p class='ocr_par' dir='ltr' id='par_1_107' title="bbox 340 5424 1839 5497">
     <span class='ocr_line' id='line_1_109' title="bbox 340 5424 1839 5497; baseline 0.008 -18"><span class='ocrx_word' id='word_1_839' title='bbox 340 5424 361 5464; x_wconf 64' lang='grc' dir='ltr'>ἒ</span> <span class='ocrx_word' id='word_1_840' title='bbox 398 5424 637 5497; x_wconf 67' lang='grc' dir='ltr'><strong>ρυϊροιι</strong></span> <span class='ocrx_word' id='word_1_841' title='bbox 665 5432 820 5484; x_wconf 87' lang='lat' dir='ltr'><strong>etiam</strong></span> <span class='ocrx_word' id='word_1_842' title='bbox 846 5446 939 5484; x_wconf 78' lang='lat' dir='ltr'><strong>rea:</strong></span> <span class='ocrx_word' id='word_1_843' title='bbox 964 5430 1116 5486; x_wconf 79' lang='lat' dir='ltr'><strong>Goth.</strong></span> <span class='ocrx_word' id='word_1_844' title='bbox 1153 5434 1269 5497; x_wconf 76' lang='lat' dir='ltr'><strong>fuit.</strong></span> <span class='ocrx_word' id='word_1_845' title='bbox 1303 5430 1431 5488; x_wconf 80' lang='lat' dir='ltr'><strong>Post</strong></span> <span class='ocrx_word' id='word_1_846' title='bbox 1473 5433 1670 5488; x_wconf 86' lang='lat' dir='ltr'><strong>Liwam</strong></span> <span class='ocrx_word' id='word_1_847' title='bbox 1702 5435 1839 5491; x_wconf 80' lang='lat' dir='ltr'><strong>Rec-</strong></span> 
     </span>
    </p>
   </div>
   <div class='ocr_carea' id='block_1_108' title="bbox 260 5497 1843 5571">
    <p class='ocr_par' dir='ltr' id='par_1_108' title="bbox 260 5497 1843 5571">
     <span class='ocr_line' id='line_1_110' title="bbox 260 5497 1843 5571; baseline 0.003 -17"><span class='ocrx_word' id='word_1_848' title='bbox 260 5497 447 5571; x_wconf 70' lang='lat' dir='ltr'><strong>caredi</strong></span> <span class='ocrx_word' id='word_1_849' title='bbox 478 5497 660 5565; x_wconf 87' lang='lat' dir='ltr'><strong>lilium,</strong></span> <span class='ocrx_word' id='word_1_850' title='bbox 691 5517 837 5571; x_wconf 85' lang='lat' dir='ltr'><strong>quem</strong></span> <span class='ocrx_word' id='word_1_851' title='bbox 862 5502 915 5554; x_wconf 85' lang='lat' dir='ltr'><strong>in</strong></span> <span class='ocrx_word' id='word_1_852' title='bbox 940 5504 1106 5571; x_wconf 80' lang='lat' dir='ltr'><strong>primo</strong></span> <span class='ocrx_word' id='word_1_853' title='bbox 1130 5497 1258 5571; x_wconf 78' lang='lat' dir='ltr'><strong>ﬂore</strong></span> <span class='ocrx_word' id='word_1_854' title='bbox 1279 5503 1636 5559; x_wconf 77' lang='lat' dir='ltr'><strong>adolescentia:</strong></span> <span class='ocrx_word' id='word_1_855' title='bbox 1661 5504 1843 5560; x_wconf 83' lang='lat' dir='ltr'><strong>Witte-</strong></span> 
     </span>
    </p>
   </div>
   <div class='ocr_carea' id='block_1_109' title="bbox 256 5569 1845 5646">
    <p class='ocr_par' dir='ltr' id='par_1_109' title="bbox 256 5569 1845 5646">
     <span class='ocr_line' id='line_1_111' title="bbox 256 5569 1845 5646; baseline 0.004 -23"><span class='ocrx_word' id='word_1_856' title='bbox 256 5569 406 5624; x_wconf 71' lang='lat' dir='ltr'><strong>ficus</strong></span> <span class='ocrx_word' id='word_1_857' title='bbox 427 5580 628 5646; x_wconf 82' lang='lat' dir='ltr'><strong>sumpta</strong></span> <span class='ocrx_word' id='word_1_858' title='bbox 656 5569 1231 5646; x_wconf 30' lang='lat' dir='ltr'><strong>tyrannide-innocuum</strong></span> <span class='ocrx_word' id='word_1_859' title='bbox 1255 5590 1410 5646; x_wconf 77' lang='lat' dir='ltr'><strong>regno</strong></span> <span class='ocrx_word' id='word_1_860' title='bbox 1428 5575 1634 5646; x_wconf 18' lang='lat' dir='ltr'><strong>Adejecit,</strong></span> <span class='ocrx_word' id='word_1_861' title='bbox 1658 5577 1845 5646; x_wconf 66' lang='lat' dir='ltr'><strong>praeci-</strong></span> 
     </span>
    </p>
   </div>
   <div class='ocr_carea' id='block_1_110' title="bbox 259 5641 1841 5711">
    <p class='ocr_par' dir='ltr' id='par_1_110' title="bbox 259 5641 1841 5711">
     <span class='ocr_line' id='line_1_112' title="bbox 259 5641 1841 5711; baseline 0.006 -20"><span class='ocrx_word' id='word_1_862' title='bbox 259 5655 426 5711; x_wconf 76' lang='lat' dir='ltr'><strong>s_aque</strong></span> <span class='ocrx_word' id='word_1_863' title='bbox 472 5641 580 5711; x_wconf 76' lang='lat' dir='ltr'><strong>ejus</strong></span> <span class='ocrx_word' id='word_1_864' title='bbox 632 5642 838 5696; x_wconf 63' lang='lat' dir='ltr'><strong>dextera</strong></span> <span class='ocrx_word' id='word_1_865' title='bbox 887 5643 1109 5709; x_wconf 80' lang='lat' dir='ltr'><strong>occidit,</strong></span> <span class='ocrx_word' id='word_1_866' title='bbox 1161 5641 1541 5699; x_wconf 54' lang='lat' dir='ltr'><strong>teste&#39;lsidoro</strong></span> <span class='ocrx_word' id='word_1_867' title='bbox 1587 5641 1713 5699; x_wconf 86' lang='lat' dir='ltr'><strong>ann.</strong></span> <span class='ocrx_word' id='word_1_868' title='bbox 1742 5645 1841 5700; x_wconf 87' lang='grc'><strong>611</strong></span> 
     </span>
    </p>
   </div>
   <div class='ocr_carea' id='block_1_111' title="bbox 260 5708 719 5767">
    <p class='ocr_par' dir='ltr' id='par_1_111' title="bbox 260 5708 719 5767">
     <span class='ocr_line' id='line_1_113' title="bbox 260 5708 719 5767; baseline 0 -2"><span class='ocrx_word' id='word_1_869' title='bbox 260 5708 469 5766; x_wconf 81' lang='lat' dir='ltr'><strong>Chron.</strong></span> <span class='ocrx_word' id='word_1_870' title='bbox 494 5708 719 5767; x_wconf 77' lang='lat' dir='ltr'><strong>Gothor.</strong></span> 
     </span>
    </p>
   </div>
   <div class='ocr_carea' id='block_1_112' title="bbox 338 5779 1845 5841">
    <p class='ocr_par' dir='ltr' id='par_1_112' title="bbox 338 5779 1845 5841">
     <span class='ocr_line' id='line_1_114' title="bbox 338 5779 1845 5841; baseline 0.005 -8"><span class='ocrx_word' id='word_1_871' title='bbox 338 5779 364 5818; x_wconf 71' lang='grc' dir='ltr'><strong><em>ἀ</em></strong></span> <span class='ocrx_word' id='word_1_872' title='bbox 392 5782 471 5834; x_wconf 82' lang='lat' dir='ltr'><strong>Ad</strong></span> <span class='ocrx_word' id='word_1_873' title='bbox 495 5780 766 5837; x_wconf 88' lang='lat' dir='ltr'><strong>Claudium</strong></span> <span class='ocrx_word' id='word_1_874' title='bbox 801 5782 860 5838; x_wconf 85' lang='lat' dir='ltr'><strong>V.</strong></span> <span class='ocrx_word' id='word_1_875' title='bbox 890 5783 967 5839; x_wconf 81' lang='lat' dir='ltr'><strong>Cl.</strong></span> <span class='ocrx_word' id='word_1_876' title='bbox 1002 5786 1181 5841; x_wconf 83' lang='lat' dir='ltr'><strong>ducem</strong></span> <span class='ocrx_word' id='word_1_877' title='bbox 1225 5783 1560 5839; x_wconf 73' lang='lat' dir='ltr'><strong>Emeritensis</strong></span> <span class='ocrx_word' id='word_1_878' title='bbox 1600 5785 1845 5840; x_wconf 78' lang='lat' dir='ltr'><strong>civitatis.</strong></span> 
     </span>
    </p>
   </div>
   <div class='ocr_carea' id='block_1_113' title="bbox 263 5848 1843 5926">
    <p class='ocr_par' dir='ltr' id='par_1_113' title="bbox 263 5848 1843 5926">
     <span class='ocr_line' id='line_1_115' title="bbox 263 5848 1843 5926; baseline 0.002 -19"><span class='ocrx_word' id='word_1_879' title='bbox 263 5848 468 5911; x_wconf 83' lang='lat' dir='ltr'><strong>Paulus</strong></span> <span class='ocrx_word' id='word_1_880' title='bbox 510 5850 732 5910; x_wconf 80' lang='lat' dir='ltr'><strong>Emilius</strong></span> <span class='ocrx_word' id='word_1_881' title='bbox 761 5854 812 5910; x_wconf 89' lang='lat' dir='ltr'><strong>in</strong></span> <span class='ocrx_word' id='word_1_882' title='bbox 841 5855 1171 5914; x_wconf 83' lang='lat' dir='ltr'><strong>Chereberto</strong></span> <span class='ocrx_word' id='word_1_883' title='bbox 1197 5856 1265 5914; x_wconf 83' lang='lat' dir='ltr'><strong>de</strong></span> <span class='ocrx_word' id='word_1_884' title='bbox 1293 5855 1534 5925; x_wconf 88' lang='lat' dir='ltr'><strong>Longino</strong></span> <span class='ocrx_word' id='word_1_885' title='bbox 1559 5897 1575 5924; x_wconf 88' lang='lat'><strong>,</strong></span> <span class='ocrx_word' id='word_1_886' title='bbox 1617 5857 1701 5926; x_wconf 81' lang='lat' dir='ltr'><strong>qui</strong></span> <span class='ocrx_word' id='word_1_887' title='bbox 1736 5854 1843 5910; x_wconf 80' lang='lat' dir='ltr'><strong>Ru-</strong></span> 
     </span>
    </p>
   </div>
   <div class='ocr_carea' id='block_1_114' title="bbox 1944 5359 3528 5435">
    <p class='ocr_par' dir='ltr' id='par_1_114' title="bbox 1944 5359 3528 5435">
     <span class='ocr_line' id='line_1_116' title="bbox 1944 5359 3528 5435; baseline -0.004 -18"><span class='ocrx_word' id='word_1_888' title='bbox 1944 5380 1999 5417; x_wconf 88' lang='lat' dir='ltr'><strong>se</strong></span> <span class='ocrx_word' id='word_1_889' title='bbox 2026 5363 2208 5435; x_wconf 74' lang='lat' dir='ltr'><strong>addito</strong></span> <span class='ocrx_word' id='word_1_890' title='bbox 2232 5403 2247 5428; x_wconf 85' lang='lat'><strong>,</strong></span> <span class='ocrx_word' id='word_1_891' title='bbox 2279 5370 2464 5435; x_wconf 84' lang='lat' dir='ltr'><strong>nostro</strong></span> <span class='ocrx_word' id='word_1_892' title='bbox 2494 5359 2663 5435; x_wconf 66' lang='lat' dir='ltr'><strong>more,</strong></span> <span class='ocrx_word' id='word_1_893' title='bbox 2691 5364 2885 5435; x_wconf 86' lang='lat' dir='ltr'><strong>espadu</strong></span> <span class='ocrx_word' id='word_1_894' title='bbox 2907 5361 3130 5435; x_wconf 82' lang='lat' dir='ltr'><strong>dicimus</strong></span> <span class='ocrx_word' id='word_1_895' title='bbox 3159 5375 3335 5426; x_wconf 88' lang='lat' dir='ltr'><strong>nunc;</strong></span> <span class='ocrx_word' id='word_1_896' title='bbox 3366 5359 3528 5413; x_wconf 86' lang='lat' dir='ltr'><strong>olim-</strong></span> 
     </span>
    </p>
   </div>
   <div class='ocr_carea' id='block_1_115' title="bbox 1944 5430 3533 5502">
    <p class='ocr_par' dir='ltr' id='par_1_115' title="bbox 1944 5430 3533 5502">
     <span class='ocr_line' id='line_1_117' title="bbox 1944 5430 3533 5502; baseline -0.001 -14"><span class='ocrx_word' id='word_1_897' title='bbox 1944 5449 2053 5502; x_wconf 84' lang='lat' dir='ltr'><strong>que</strong></span> <span class='ocrx_word' id='word_1_898' title='bbox 2096 5432 2284 5487; x_wconf 85' lang='lat' dir='ltr'><strong>Isidor.</strong></span> <span class='ocrx_word' id='word_1_899' title='bbox 2329 5433 2456 5488; x_wconf 89' lang='lat' dir='ltr'><strong>ibid.</strong></span> <span class='ocrx_word' id='word_1_900' title='bbox 2491 5451 2503 5486; x_wconf 90' lang='lat'><strong>:</strong></span> <span class='ocrx_word' id='word_1_901' title='bbox 2538 5430 2765 5487; x_wconf 80' lang='lat' dir='ltr'><strong>Framea</strong></span> <span class='ocrx_word' id='word_1_902' title='bbox 2802 5449 2918 5487; x_wconf 83' lang='lat' dir='ltr'><strong>vero</strong></span> <span class='ocrx_word' id='word_1_903' title='bbox 2961 5430 3163 5501; x_wconf 63' lang='lat' dir='ltr'><strong>gl&#39;lddﬂ</strong></span> <span class='ocrx_word' id='word_1_904' title='bbox 3206 5444 3272 5481; x_wconf 75' lang='lat' dir='ltr'><strong>ea:</strong></span> <span class='ocrx_word' id='word_1_905' title='bbox 3318 5440 3533 5501; x_wconf 81' lang='lat' dir='ltr'><strong>utraque</strong></span> 
     </span>
    </p>
   </div>
   <div class='ocr_carea' id='block_1_116' title="bbox 1944 5505 3172 5586">
    <p class='ocr_par' dir='ltr' id='par_1_116' title="bbox 1944 5505 3172 5586">
     <span class='ocr_line' id='line_1_118' title="bbox 1944 5505 3172 5586; baseline -0.006 -27"><span class='ocrx_word' id='word_1_906' title='bbox 1944 5512 2321 5586; x_wconf 47' lang='lat' dir='ltr'><strong>parte‘acutus,</strong></span> <span class='ocrx_word' id='word_1_907' title='bbox 2363 5520 2516 5586; x_wconf 78' lang='lat' dir='ltr'><strong>quam</strong></span> <span class='ocrx_word' id='word_1_908' title='bbox 2552 5505 2698 5586; x_wconf 69' lang='lat' dir='ltr'><strong>vulgo</strong></span> <span class='ocrx_word' id='word_1_909' title='bbox 2744 5514 2945 5586; x_wconf 71' lang='lat' dir='ltr'><strong>epotam</strong></span> <span class='ocrx_word' id='word_1_910' title='bbox 2974 5508 3172 5586; x_wconf 52' lang='lat' dir='ltr'><strong>vocant.</strong></span> 
     </span>
    </p>
   </div>
   <div class='ocr_carea' id='block_1_117' title="bbox 2025 5570 3533 5645">
    <p class='ocr_par' dir='ltr' id='par_1_117' title="bbox 2025 5570 3533 5645">
     <span class='ocr_line' id='line_1_119' title="bbox 2025 5570 3533 5645; baseline 0.001 -17"><span class='ocrx_word' id='word_1_911' title='bbox 2025 5574 2041 5613; x_wconf 75' lang='grc' dir='ltr'><strong>ί</strong></span> <span class='ocrx_word' id='word_1_912' title='bbox 2084 5570 2515 5645; x_wconf 64' lang='lat' dir='ltr'><strong>Qoncinnationes</strong></span> <span class='ocrx_word' id='word_1_913' title='bbox 2536 5575 2615 5645; x_wconf 79' lang='lat' dir='ltr'><strong>sui</strong></span> <span class='ocrx_word' id='word_1_914' title='bbox 2636 5570 2935 5645; x_wconf 64' lang='lat' dir='ltr'><strong>nequissimi</strong></span> <span class='ocrx_word' id='word_1_915' title='bbox 2981 5570 3204 5645; x_wconf 70' lang='lat' dir='ltr'><strong>consilii.</strong></span> <span class='ocrx_word' id='word_1_916' title='bbox 3236 5571 3325 5645; x_wconf 77' lang='lat' dir='ltr'><strong>Sic</strong></span> <span class='ocrx_word' id='word_1_917' title='bbox 3357 5571 3408 5627; x_wconf 89' lang='lat' dir='ltr'><strong>in</strong></span> <span class='ocrx_word' id='word_1_918' title='bbox 3437 5587 3533 5629; x_wconf 88' lang='lat' dir='ltr'><strong>sa-</strong></span> 
     </span>
    </p>
   </div>
   <div class='ocr_carea' id='block_1_118' title="bbox 1946 5641 3525 5712">
    <p class='ocr_par' dir='ltr' id='par_1_118' title="bbox 1946 5641 3525 5712">
     <span class='ocr_line' id='line_1_120' title="bbox 1946 5641 3525 5712; baseline -0.002 -12"><span class='ocrx_word' id='word_1_919' title='bbox 1946 5645 2073 5700; x_wconf 89' lang='lat' dir='ltr'><strong>cris.</strong></span> <span class='ocrx_word' id='word_1_920' title='bbox 2107 5642 2299 5698; x_wconf 85' lang='lat' dir='ltr'><strong>Psalm.</strong></span> <span class='ocrx_word' id='word_1_921' title='bbox 2328 5660 2480 5710; x_wconf 80' lang='lat' dir='ltr'><strong>xux,</strong></span> <span class='ocrx_word' id='word_1_922' title='bbox 2514 5644 2579 5698; x_wconf 83' lang='grc'><strong>19</strong></span> <span class='ocrx_word' id='word_1_923' title='bbox 2603 5663 2614 5698; x_wconf 87' lang='grc'>;</span> <span class='ocrx_word' id='word_1_924' title='bbox 2643 5641 2845 5712; x_wconf 82' lang='lat' dir='ltr'><strong>Lingua</strong></span> <span class='ocrx_word' id='word_1_925' title='bbox 2877 5652 2960 5694; x_wconf 89' lang='lat' dir='ltr'><strong>tua</strong></span> <span class='ocrx_word' id='word_1_926' title='bbox 2985 5641 3329 5697; x_wconf 67' lang='lat' dir='ltr'><strong>concinnabat</strong></span> <span class='ocrx_word' id='word_1_927' title='bbox 3357 5646 3525 5712; x_wconf 79' lang='lat' dir='ltr'><strong>dolos,</strong></span> 
     </span>
    </p>
   </div>
   <div class='ocr_carea' id='block_1_119' title="bbox 1947 5714 3530 5784">
    <p class='ocr_par' dir='ltr' id='par_1_119' title="bbox 1947 5714 3530 5784">
     <span class='ocr_line' id='line_1_121' title="bbox 1947 5714 3530 5784; baseline 0.001 -14"><span class='ocrx_word' id='word_1_928' title='bbox 1947 5725 2004 5770; x_wconf 84' lang='lat' dir='ltr'><strong>et</strong></span> <span class='ocrx_word' id='word_1_929' title='bbox 2025 5731 2151 5777; x_wconf 81' lang='lat' dir='ltr'><strong>Lvn,</strong></span> <span class='ocrx_word' id='word_1_930' title='bbox 2175 5714 2208 5768; x_wconf 79' lang='grc'>5</span> <span class='ocrx_word' id='word_1_931' title='bbox 2240 5733 2251 5767; x_wconf 88' lang='lat'><strong>:</strong></span> <span class='ocrx_word' id='word_1_932' title='bbox 2279 5714 2572 5784; x_wconf 80' lang='lat' dir='ltr'><strong>lnjuslitius</strong></span> <span class='ocrx_word' id='word_1_933' title='bbox 2597 5732 2776 5768; x_wconf 83' lang='lat' dir='ltr'><strong>manus</strong></span> <span class='ocrx_word' id='word_1_934' title='bbox 2805 5722 2987 5765; x_wconf 72' lang='lat' dir='ltr'><strong>vestra:</strong></span> <span class='ocrx_word' id='word_1_935' title='bbox 3001 5715 3310 5769; x_wconf 81' lang='lat' dir='ltr'><strong>concinnant</strong></span> <span class='ocrx_word' id='word_1_936' title='bbox 3335 5731 3352 5768; x_wconf 91' lang='lat'><strong><em>:</em></strong></span> <span class='ocrx_word' id='word_1_937' title='bbox 3383 5714 3530 5771; x_wconf 68' lang='lat' dir='ltr'><strong>Isaia:</strong></span> 
     </span>
    </p>
   </div>
   <div class='ocr_carea' id='block_1_120' title="bbox 1950 5784 3527 5857">
    <p class='ocr_par' dir='ltr' id='par_1_120' title="bbox 1950 5784 3527 5857">
     <span class='ocr_line' id='line_1_122' title="bbox 1950 5784 3527 5857; baseline 0.001 -18"><span class='ocrx_word' id='word_1_938' title='bbox 1950 5802 2114 5857; x_wconf 62' lang='grc' dir='ltr'>χχχιι,</span> <span class='ocrx_word' id='word_1_939' title='bbox 2147 5787 2177 5839; x_wconf 84' lang='lat'><strong>7</strong></span> <span class='ocrx_word' id='word_1_940' title='bbox 2205 5804 2215 5838; x_wconf 91' lang='lat'>:</span> <span class='ocrx_word' id='word_1_941' title='bbox 2250 5784 2372 5854; x_wconf 84' lang='lat' dir='ltr'><strong>Ipse</strong></span> <span class='ocrx_word' id='word_1_942' title='bbox 2390 5790 2527 5839; x_wconf 85' lang='lat' dir='ltr'><strong>enim</strong></span> <span class='ocrx_word' id='word_1_943' title='bbox 2555 5785 2903 5857; x_wconf 66' lang='grc' dir='ltr'><strong>εοθίιιιιίυηιξε⁸</strong></span> <span class='ocrx_word' id='word_1_944' title='bbox 2925 5785 3251 5857; x_wconf 80' lang='lat' dir='ltr'><strong>concinnavit</strong></span> <span class='ocrx_word' id='word_1_945' title='bbox 3290 5786 3362 5841; x_wconf 78' lang='lat' dir='ltr'><strong>ml</strong></span> <span class='ocrx_word' id='word_1_946' title='bbox 3408 5800 3527 5857; x_wconf 39' lang='lat' dir='ltr'><strong>pars</strong></span> 
     </span>
    </p>
   </div>
   <div class='ocr_carea' id='block_1_121' title="bbox 1952 5852 3002 5912">
    <p class='ocr_par' dir='ltr' id='par_1_121' title="bbox 1952 5852 3002 5912">
     <span class='ocr_line' id='line_1_123' title="bbox 1952 5852 3002 5912; baseline 0.005 -5"><span class='ocrx_word' id='word_1_947' title='bbox 1952 5856 2172 5911; x_wconf 78' lang='lat' dir='ltr'><strong>dendum</strong></span> <span class='ocrx_word' id='word_1_948' title='bbox 2204 5852 2349 5909; x_wconf 72' lang='lat' dir='ltr'><strong>mitis</strong></span> <span class='ocrx_word' id='word_1_949' title='bbox 2392 5857 2444 5908; x_wconf 76' lang='lat' dir='ltr'><strong>in</strong></span> <span class='ocrx_word' id='word_1_950' title='bbox 2490 5852 2723 5910; x_wconf 73' lang='lat' dir='ltr'><strong>sermone</strong></span> <span class='ocrx_word' id='word_1_951' title='bbox 2750 5852 3002 5912; x_wconf 74' lang='lat' dir='ltr'><strong>mendaci.</strong></span> 
     </span>
    </p>
   </div>
  </div>
