4118 6332
528 278 645 336 155
1698 282 1894 335 mm
1940 284 2024 338 Eu
2359 244 2627 325 DMle
3734 242 3845 301 ’56

533 398 628 456 sed
677 395 857 450 statim
908 388 1290 448 tremebundus
1338 384 1407 442 ad
1451 382 1622 457 pedes
1658 345 2231 443 M'Wil
2250 345 2375 425 cum
2433 367 2681 423 similiter
2731 367 3043 437 episcopum
3098 363 3229 419 nihil
3278 363 3471 418 horum
3527 360 3851 429 opinantem

533 502 798 561 lassouae
835 495 1070 566 episcopi
1101 491 1325 555 corruit,
1365 499 1637 558 omneque
1675 483 1963 541 consilium
2012 490 2143 548 pro-

532 597 707 663 didit,
757 603 815 649 et
859 585 1313 662 quemadmodum
1360 596 1485 637 eum
1534 585 1819 652 percutere
1867 571 2138 637 voluerat,

534 705 638 748 nec
675 685 915 757 gladium
945 685 1175 738 educere
1204 677 1443 731 valuerat
1468 715 1483 740 ,
1516 671 1800 728 sinceriter
1826 664 2139 737 enarravit;

534 799 662 864 post
709 791 822 844 huic
873 800 995 842 cum
1045 782 1298 852 lacrymis
1346 778 1424 833 ait
1470 795 1483 830 :
1526 772 1803 832 Confiteor
1856 776 2139 841 peccatum

536 894 740 948 meum,
787 878 909 948 quia
962 882 1075 929 tota
1126 870 1423 926 intentione
1454 868 1554 920 hoc
1585 865 1781 918 malum
1827 870 2141 933 perpetrare

537 971 703 1035 volui,
750 967 846 1024 sed
893 978 999 1020 non
1052 975 1140 1019 me
1183 960 1429 1031 permisit
1456 957 1631 1021 Deus;
1663 963 1717 1010 et
1746 951 1982 1020 adjecit:
2014 963 2138 1004 nam

539 1073 593 1119 et
623 1061 764 1118 aliud
794 1060 1054 1115 adversus
1084 1067 1136 1110 te
1163 1056 1541 1124 disposuerunt
1570 1047 1872 1113 consilium,
1925 1054 1983 1098 ut
2012 1044 2140 1113 quia

539 1164 662 1218 dum
707 1161 760 1217 in
807 1161 1001 1216 atrium
1048 1155 1211 1212 modo
1252 1170 1357 1209 non
1394 1149 1820 1223 prmvaluerunt,
1857 1145 2047 1202 saltem
2086 1143 2138 1198 in

539 1257 680 1311 diem
708 1253 1130 1309 sacratissimum
1164 1248 1381 1302 Paschm
1434 1242 1758 1314 praevaleant
1786 1259 1797 1294 :
1823 1241 1964 1295 hanc
2008 1250 2141 1291 vero

540 1344 944 1415 dispositionem
975 1339 1199 1406 habent,
1240 1346 1296 1391 ut
1328 1350 1447 1391 cum
1480 1346 1546 1387 ex
1575 1344 1727 1386 more
1757 1328 1977 1384 Pascha‘.
2026 1326 2145 1381 Mis.

541 1453 653 1494 sam
700 1431 1102 1490 celebraveritis
1132 1431 1182 1484 in
1215 1427 1443 1484 ecclesia
1478 1424 1711 1487 seniore,
1762 1429 1885 1493 post
1920 1422 2140 1475 missam

542 1528 716 1600 (juxta
767 1522 910 1596 quod
959 1538 1077 1578 mos
1121 1522 1225 1588 est)
1255 1520 1319 1573 ad
1350 1516 1621 1572 baiilicam
1652 1513 1709 1569 S.
1748 1510 1965 1567 Eulaliae
1996 1508 2139 1579 pszil-

544 1630 705 1686 lendo
749 1643 867 1683 cum
899 1626 1042 1681 omni
1078 1624 1274 1697 populo
1302 1622 1571 1679 catholico
1612 1616 2007 1689 processeritis,
2043 1614 2142 1671 ho-

2246 458 2678 529 comprehendit,
2709 469 2946 528 eumque
2971 457 3139 511 ardue
3173 454 3581 510 custodiendum
3612 450 3673 507 8.
3704 450 3855 505 Mas-

2245 567 2396 609 ιοιιω
2421 550 2678 621 episcOpo
2705 549 2993 617 delegavit,
3043 548 3313 617 similique
3356 546 3519 600 modo
3564 544 3857 599 coiremus

2247 644 2484 713 collegas
2511 640 2627 710 ejus
2653 639 2913 695 custodite
2941 638 3287 709 maneipavit,
3319 630 3661 691 Wittericum
3690 640 3851 697 vero,

2246 737 2338 805 qui
2397 734 2751 788 nefandorum
2810 732 3093 787 consilium
3159 730 3561 797 manifestam,
3614 729 3855 784 liberum

2246 828 2396 881 abire
2426 826 2709 897 praecepit;
2760 832 2817 879 et
2860 824 3041 879 omnia
3090 823 3251 893 igitur
3291 837 3411 891 quae
3459 820 3671 877 fuerant
3699 831 3857 887 gesta

2243 918 2549 973 orthmloxo
2599 916 2823 987 principi
2873 915 3184 971 Roccaredo
3211 910 3467 969 Claudius
3492 910 3599 967 dus
3630 912 3856 966 intima-

2243 1012 2343 1076 vit,
2376 1020 2540 1080 atque
2568 1016 2627 1065 ut
2655 1015 2901 1080 porrecta
2931 1006 3217 1063 confestim
3264 1004 3469 1061 decreti
3503 1004 3775 1058 sententia
3808 1002 3859 1053 ei

2245 1104 2565 1174 prmciperet
2614 1100 2741 1171 quid
2787 1100 2857 1155 de
2906 1099 3150 1153 hostibus
3202 1094 3416 1152 Domini
3468 1092 3595 1148 Iesu
3651 1091 3865 1145 Christi

2245 1194 2365 1248 lieri
2414 1193 2657 1257 deberet,
2707 1191 2995 1260 suggessit.
3047 1189 3161 1245 ilex
3209 1196 3339 1243 vero
3388 1183 3694 1253 huiusmodi
3727 1194 3865 1245 sngo

2245 1293 2547 1357 gesttonem
2611 1284 2901 1355 accipiens,
2952 1283 3114 1337 talem
3162 1280 3310 1335 dedit
3355 1277 3682 1333 sententiam
3727 1291 3740 1326 :
3794 1271 3865 1326 Ut

2245 1378 2449 1445 cuncti,
2498 1376 2746 1432 omnibus
2786 1375 3123 1448 patrimoniis
3172 1373 3255 1428 vel
3295 1370 3590 1427 honoribus
3635 1365 3860 1439 privati.

2246 1470 2437 1526 exsilio
2468 1470 2650 1525 multis
2697 1468 2921 1525 vinculis
2969 1466 3157 1523 ferreis
3183 1463 3463 1522 constricti
3512 1464 3865 1532 legarentur;

2244 1561 2486 1617 Bunuam
2532 1576 2662 1617 vero
2711 1560 3234 1632 pseudoepiscopum
3275 1556 3691 1611 exhortarentur
3718 1569 3868 1609 con-

2246 1652 2384 1707 verti
2414 1652 2479 1707 ad
2513 1652 2678 1706 iidem
2702 1650 3027 1707 catholicam
3052 1667 3066 1703 :
3093 1659 3166 1713 et,
3195 1648 3240 1703 si
3270 1654 3701 1713 converteretur,
3726 1654 3870 1699 tunc

543 1737 721 1780 mines
749 1736 933 1777 eorum
978 1718 1044 1773 ad
1088 1726 1296 1787 portam
1344 1713 1576 1770 civitatis
1606 1728 1726 1765 cum
1761 1708 1941 1763 multis
1987 1707 2137 1815 plau-
2173 1739 2222 1797 Β
2248 1745 2465 1799 demum
2511 1746 2560 1799 ei
2613 1745 2927 1815 mmmam,
2956 1749 3013 1795 m
3043 1707 3414 1811 pmimmiam
3456 1746 3655 1806 ageret,
3776 1748 3873 1788 ει.

544 1817 670 1875 stris
698 1816 903 1871 onustis
948 1813 1159 1884 gladiis,
1208 1818 1262 1866 et
1300 1808 1543 1865 vectibus
1571 1804 1900 1860 dissimulata
1934 1800 2141 1856 cailidi-

545 1919 677 1975 tate,
710 1909 859 1980 quasi
892 1907 1156 1963 frumenta
1189 1904 1449 1965 deferant,
1499 1900 1684 1955 statuti
1717 1908 1861 1961 sunt,
1913 1909 2143 1963 cumque

544 2016 642 2055 vos
690 2001 921 2055 inermes
968 1996 1281 2068 simpliciter
1310 1991 1702 2067 processeritis,
1753 1987 1927 2040 omnis
1955 1980 2142 2043 eorum

544 2096 746 2169 repleta
776 2113 939 2168 super
965 2112 1061 2159 vos
1090 2095 1259 2149 irruat
1301 2091 1610 2158 multitudo,
1653 2088 1987 2158 arreptisque
2032 2086 2146 2154 gia-

545 2188 646 2245 diis
691 2188 772 2243 vel
814 2188 1040 2245 fustibus
1077 2202 1266 2243 omnes
1304 2184 1508 2255 pariter
1555 2183 1701 2237 viros
1748 2196 1812 2236 ac
1858 2180 2142 2246 mulieres,

546 2296 703 2337 senes
757 2290 808 2335 et
858 2280 1143 2349 parvulos,
1192 2277 1395 2335 crudeli
1441 2283 1615 2331 morte.
1658 2270 1983 2328 interimant.
2038 2271 2146 2341 Ego

547 2392 676 2431 vero
732 2374 937 2444 infelix,
981 2374 1069 2446 qui
1110 2388 1204 2431 me
1233 2372 1286 2429 in
1316 2380 1524 2427 tantum
1555 2368 1761 2424 facinus
1790 2366 1999 2429 miscui,
2032 2380 2061 2418 a
2093 2372 2147 2419 te

547 2467 786 2537 piissimo
835 2466 1056 2521 domino
1107 2464 1490 2533 indulgentiam
1534 2469 1679 2531 peto,
1713 2467 1767 2513 et
1796 2468 1852 2513 ιιι
1882 2458 2012 2513 mihi
2045 2456 2148 2515 tuis

548 2556 797 2626 precibus
854 2552 1064 2612 veniam
1118 2556 1373 2610 Dominus
1423 2554 1623 2608 tribuat
1670 2567 1910 2623 precor;
1968 2551 2146 2605 omnia

548 2660 734 2702 eorum
765 2662 883 2717 quae
912 2647 1033 2702 novi
1066 2645 1293 2702 ﬁdeliter
1320 2659 1573 2715 suggero,
1622 2651 1676 2697 et
1717 2642 2004 2713 purissime
2034 2656 2146 2695 uta-

548 2735 762 2803 nifesto,
795 2745 850 2791 et
878 2752 1005 2792 ecce
1035 2739 1085 2792 in
1116 2738 1357 2791 manilius
1386 2736 1580 2791 vestris
1608 2749 1747 2799 sum,
1793 2732 1950 2788 facite
1980 2734 2032 2786 in
2063 2745 2150 2787 me

550 2828 693 2895 quod
726 2827 923 2883 bonum
955 2837 1055 2895 est,
1086 2837 1142 2883 et
1170 2837 1373 2883 rectum
1402 2826 1612 2882 videtur
1642 2827 1693 2880 in
1725 2824 1894 2881 oculis
1924 2823 2146 2889 vestris;

550 2935 613 2975 ac
643 2934 708 2975 ne
740 2918 960 2975 forsitan
993 2936 1079 2976 me
1107 2930 1131 2955 ιι
1164 2929 1253 2975 tua
1280 2921 1534 2977 sanctitas
1564 2919 1808 2975 fallacem
1840 2926 1933 2973 aut
1967 2917 2151 2972 illuso-

552 3038 663 3079 rem
694 3024 984 3089 existimet,
1019 3039 1123 3079 non
1153 3039 1237 3078 me
1267 3023 1548 3094 permittas
1573 3022 1777 3091 egredi,
1816 3021 1909 3077 sed
1959 3023 2011 3075 in
2054 3036 2153 3076 cu.

2250 1838 2554 1893 tisfactione
2603 1837 2961 1908 lacryntarum
3009 1848 3104 1889 sua
3139 1833 3332 1888 delicta
3378 1830 3618 1895 defieret,
3652 1838 3705 1883 ut
3738 1834 3873 1882 acta

2247 1931 2620 2003 paenitudine,
2670 1942 2792 1985 cum
2840 1938 2963 1983 eum
3002 1928 3113 1997 jam
3162 1932 3523 1995 agnoscerent
3560 1924 3873 1995 perlectum

2249 2034 2370 2079 esse
2399 2024 2751 2087 catholicum,
2782 2036 2905 2077 eum
2934 2021 3277 2091 postmodum
3310 2019 3361 2074 in
3390 2032 3705 2090 quacunque
3756 2018 3875 2072 alia

2251 2113 2473 2169 civitate
2519 2113 2833 2168 ordinarent
2884 2112 3222 2183 episcopum.
3277 2110 3521 2181 Cquue
3568 2110 3615 2166 ei
3662 2108 3876 2165 crebro

2249 2202 2493 2259 dicerent
2539 2214 2598 2257 ut
2642 2204 3013 2273 paenitentiam
3063 2203 3225 2257 tantis
3253 2216 3349 2273 pro
3380 2198 3604 2273 piaculis
3652 2207 3876 2268 ageret,

2246 2306 2307 2353 et
2356 2298 2589 2352 furorem
2639 2297 2873 2365 Domini,
2926 2312 3087 2375 quem
3115 2294 3475 2373 delinquendo
3506 2294 3876 2359 excitarent,

2249 2388 2500 2444 deflendo
2530 2389 2833 2457 mitigaret;
2867 2388 3010 2458 quod
3040 2400 3202 2457 agere
3232 2386 3431 2454 noluit;
3462 2387 3554 2442 sed
3583 2386 3878 2455 pristinam

2251 2496 2360 2536 non
2403 2481 2661 2535 omittens
2693 2479 3051 2553 tyrannidem,
3086 2479 3200 2536 hate
3229 2479 3507 2549 respondit
3535 2495 3548 2530 :
3576 2474 3686 2547 Ego
3731 2477 3878 2546 quid

2246 2573 2322 2629 sit
2368 2574 2680 2642 poenitentia
2734 2573 2941 2643 ignoro,
2974 2570 3044 2628 oh
3079 2573 3183 2629 hoc
3212 2574 3547 2642 compertum
3596 2571 3662 2625 sit
3686 2567 3877 2637 vobis,

2249 2665 2373 2735 quia
2401 2664 2771 2734 paenitentiam
2802 2664 3006 2731 nescio,
3037 2672 3092 2719 et
3117 2658 3417 2719 catholicus
3441 2674 3708 2731 nunquam
3740 2676 3877 2725 ero,

2250 2754 2346 2811 sed
2378 2770 2444 2809 eo
2471 2756 2578 2808 ritu
2605 2770 2713 2824 quo
2745 2754 2849 2809 vixi
2879 2756 3076 2818 vivam,
3128 2763 3219 2809 aut
3250 2766 3350 2824 pro
3378 2754 3641 2819 religione
3672 2752 3721 2806 iu
3756 2766 3877 2820 qua

2251 2858 2398 2899 nunc
2447 2845 2513 2898 ab
2560 2846 2778 2899 ineunte
2824 2853 2982 2900 :etate
3033 2859 3151 2899 mea
3201 2846 3471 2915 permansi
3513 2842 3881 2899 libentissime

2250 2936 2473 2991 moriar.
2516 2935 2681 3005 Cujus
2726 2939 2851 2992 dum
2882 2942 3117 2993 mentem
3146 2936 3471 2992 obstinatam
3504 2935 3882 3006 pertinacem-

2252 3042 2364 3097 quo
2410 3027 2464 3081 in
2512 3027 2669 3081 malis
2715 3034 3025 3096 cernerent,
3071 3028 3214 3083 hunc
3259 3025 3507 3096 protinus
3558 3025 3624 3081 de
3673 3025 3883 3081 finibus

552 3116 725 3172 studia
772 3131 877 3186 qua
923 3114 1115 3184 jnbeas
1164 3117 1334 3182 trade,
1374 3116 1550 3171 donec
1580 3115 1758 3170 omnia
1786 3123 2001 3173 strenue.
2031 3130 2154 3184 per-
2181 3108 2232 3174 Ω
2263 3117 2558 3188 Ηίεριιηίω,
2601 3132 2669 3171 ne
2713 3118 2848 3172 alios
2879 3117 3134 3188 pestifero
3160 3118 3350 3172 morbo
3379 3116 3691 3181 macularet,
3741 3130 3882 3173 cum

554 3208 754 3276 quiras,
786 3217 879 3264 aut
907 3209 1207 3264 certissime
1237 3222 1554 3279 cognoscas,
1586 3218 1658 3274 et,
1691 3209 1735 3264 si
1766 3224 1852 3263 me
1893 3209 2157 3264 mentien-

556 3307 663 3354 tem
716 3300 873 3354 aliter
924 3302 1236 3371 repereris,
1290 3302 1416 3355 nolo
1469 3302 1670 3355 vivere.
1728 3300 1861 3355 Cum
1914 3299 2028 3355 lucc
2078 3300 2160 3359 vir

557 3386 767 3443 Domini
813 3389 1079 3455 Massona,
1110 3391 1204 3461 qui
1232 3405 1447 3460 semper
1471 3391 1667 3445 virtute
1699 3391 1915 3460 pietatis
1944 3391 2156 3454 enituit,

558 3481 811 3547 audisset,
858 3497 978 3535 eum
1011 3490 1069 3536 ut
1100 3482 1233 3536 nihil
1279 3481 1501 3536 omnino
1547 3488 1814 3535 metueret
1844 3481 2037 3534 blande
2067 3479 2161 3533 ad-

558 3571 800 3633 monuit;
849 3571 1049 3638 gratias
1086 3571 1443 3639 omnipotenti
1494 3570 1605 3624 Deo
1654 3572 1783 3639 egit,
1835 3566 1925 3638 qui
1975 3582 2163 3625 servos

560 3676 689 3718 suos
713 3663 781 3718 de
810 3637 972 3721 tantis
1001 3637 1254 3732 ρεξτίοῶἰᾴ
1282 3663 1552 3727 liberavit,
1594 3677 1660 3717 ac
1682 3637 1877 3716 deinde
1905 3660 1969 3715 ad
1999 3661 2162 3716 Clau-

560 3750 708 3808 diunt
754 3751 948 3815 ducem
996 3753 1179 3818 misit,
1237 3753 1397 3822 eique
1444 3752 1627 3808 omnia
1678 3750 1961 3806 intimavit.
2010 3750 2164 3818 Quod

562 3859 685 3901 cum
732 3844 820 3898 ille
866 3844 1174 3911 audivisset,
1222 3847 1477 3917 priet'epit
1500 3852 1563 3901 ut
1589 3860 1749 3902 causa
1793 3846 2067 3916 paululum
2093 3846 2165 3900 si-

564 3944 732 4000 lentio
770 3953 1065 4017 tegeretur,
1107 3948 1153 4002 si
1201 3948 1421 4007 forsitan
1465 3959 1853 4016 cognoscentes
1893 3949 2164 4020 proditum

567 4030 732 4089 fuisse
762 4050 948 4090 eorum
980 4038 1283 4109 consilium,
1311 4038 1489 4110 fugam
1531 4040 1853 4108 arriperent,
1902 4041 1997 4095 sed
2043 4040 2166 4096 dum

567 4127 834 4196 sagaciter
873 4128 1231 4198 investigzivit,
1278 4126 1713 4211 manifestissime
1758 4131 1958 4201 reperit
2005 4125 2169 4189 fuisse

570 4232 756 4273 verum
786 4216 925 4289 quod
956 4217 1059 4273 fuci
1073 4229 1130 4274 at
1149 4222 1472 4275 nuntiatum.
1504 4222 1747 4290 Cumque
1774 4237 1837 4276 ea
1867 4237 1987 4291 qum
2013 4239 2171 4293 expo-

570 4317 790 4365 suerant
836 4312 1062 4366 comites
1107 4312 1401 4382 supradicti
1452 4312 1631 4367 Ariani
1684 4314 2054 4381 prmbnissent,
2104 4320 2170 4371 ex

572 4412 724 4455 more
755 4401 805 4454 in
838 4416 1121 4456 occursum
1151 4402 1405 4474 disposita
1438 4404 1857 4477 circumquaque
1887 4406 2171 4469 multitudo

2258 3226 2474 3268 summo
2515 3210 2784 3266 dedecore
2829 3210 3113 3265 infeliciter
3154 3212 3508 3280 pepulerunt,
3555 3218 3718 3279 atque
3742 3223 3883 3267 eum

2261 3302 2530 3359 modicam
2558 3314 2720 3372 supra
2754 3302 3053 3359 naviculam
3084 3302 3441 3371 ignominioso
3472 3302 3881 3372 imposuerunt,

2261 3397 2422 3466 eique
2445 3392 2836 3450 comminantes
2866 3398 3254 3466 prxceperunt,
3307 3398 3365 3450 ut
3407 3395 3458 3449 in
3498 3404 3885 3464 quemcunque

2263 3488 2445 3543 locum
2478 3486 2558 3542 vel
2588 3488 2864 3555 regionem
2895 3494 3230 3542 transmeare
3258 3484 3457 3549 vellet,
3512 3484 3737 3539 liberum
3768 3480 3883 3539 ha-

2262 3580 2419 3636 beret
2447 3580 2749 3646 arbitrium,
2780 3590 3106 3650 quocunque
3132 3594 3262 3635 vero
3295 3584 3538 3650 tempore
3582 3576 3633 3632 in
3678 3570 3884 3646 iiiSpa-

2265 3672 2351 3729 nia
2380 3674 2568 3729 luisset
2592 3682 2857 3744 repertus,
2882 3673 3113 3742 graviori
3143 3688 3200 3729 se
3229 3681 3584 3744 cognosceret
3610 3670 3887 3727 mulctan-

2266 3765 2397 3821 dum
2444 3769 2733 3822 sententia.
2787 3764 2937 3821 Tunc
2987 3766 3185 3821 deinde
3232 3764 3491 3834 navigans
3541 3758 3888 3821 Mauritania

2267 3857 2505 3925 regionis
2549 3857 2812 3926 contingit
2848 3857 3019 3923 littus,
3068 3863 3229 3926 atque
3264 3856 3318 3910 in
3356 3852 3548 3910 eadem
3594 3844 3885 3927 provincia

2269 3948 2581 4017 aliquandiu
2602 3956 2987 4012 commoratus,
3011 3947 3212 4002 multos
3233 3944 3457 4016 perfidia
3480 3945 3630 4016 impii
3660 3930 3886 4014 dogma-

2272 4039 2341 4094 tis
2391 4039 2718 4103 maculavit;
2787 4038 2981 4095 deinde
3032 4038 3278 4111 protinus
3327 4037 3541 4093 Averno
3588 4036 3887 4092 mulctatus

2267 4126 2492 4202 judicio,
2542 4116 2747 4191 crudeli
2796 4130 2943 4185 exitu
2993 4114 3155 4185 vitam
3204 4128 3396 4183 linivlt.
3440 4126 3698 4183 Basilicas
3725 4140 3884 4191 vero.

2272 4225 2468 4293 quibus
2492 4222 2552 4277 8.
2581 4219 2827 4276 Messena
2854 4221 3053 4276 dudum
3080 4219 3275 4288 injuste
3295 4226 3564 4301 caruerat,
3588 4217 3737 4287 justo
3756 4232 3887 4272 cum

2276 4308 2524 4369 omnibus
2573 4306 2865 4382 privilegiis
2908 4311 3146 4380 recipere
3190 4308 3410 4378 meruit,
3441 4314 3495 4363 et
3524 4323 3685 4362 otune
3715 4304 3889 4378 patri~

2279 4406 2516 4462 monium
2543 4396 2837 4477 supradicti
2870 4402 3102 4461 haeretici
3148 4394 3485 4457 concedente
3513 4408 3536 4439 ⁸
3568 4399 3888 4455 clementia-

574 4492 626 4546 iu
658 4490 879 4559 insidiis,
913 4503 1135 4563 repente
1174 4498 1336 4564 super
1362 4512 1458 4551 eos
1486 4492 1593 4551 dux
1623 4496 1777 4550 irruit
1806 4497 2078 4564 Claudius,
2117 4508 2173 4553 et
2201 4491 2250 4550 1)
2276 4499 2413 4553 siuto
2457 4497 2697 4567 principe
2744 4493 3052 4549 [iecoaredo
3078 4491 3308 4562 adeptus
3347 4497 3430 4545 est
3454 4500 3467 4540 ε
3491 4496 3721 4544 caeteros
3750 4500 3888 4544 vero

577 4586 666 4641 alii
714 4602 783 4649 ex
821 4587 900 4644 eis
944 4588 1087 4657 capti
1131 4597 1276 4651 sunt.
1323 4591 1585 4644 alii'vero
1613 4588 1704 4659 qui
1734 4591 1921 4656 gladiis
1955 4592 2169 4662 operari

578 4680 883 4745 voluerunt,
914 4680 1091 4747 gladio
1120 4682 1297 4735 statim
1330 4683 1633 4750 perierunt;
1684 4688 1811 4738 tunc
1858 4682 2054 4737 deinde
2102 4678 2169 4737 ad

576 4771 795 4826 domum
846 4766 873 4809 δ
926 4764 1200 4828 Sulmonis
1254 4771 1437 4829 Ariani
1497 4770 1737 4846 episcopi
1791 4790 1914 4829 cum
1972 4774 2170 4843 ingenti

576 4865 918 4921 mttltitudine
943 4864 1050 4921 dux
1077 4863 1334 4921 Claudius
1362 4868 1616 4936 perrexit,
1650 4868 1934 4937 ipsumque
1970 4866 2175 4921 ita-reti-

654 5077 675 5103 ³
713 5064 823 5121 Tua
849 5067 1121 5131 sanctitas.
1159 5064 1519 5138 Contpellatio
1552 5067 1925 5138 sacerdotibus
1953 5064 2172 5138 propria

579 5136 740 5209 etiam
762 5138 913 5209 apud
942 5137 1220 5209 ethnicos,
1252 5135 1388 5194 teste
1418 5137 1705 5209 Plutarcho
1747 5137 1814 5191 ad
1839 5138 2045 5209 calcem
2078 5135 2170 5209 lib.

580 5209 648 5263 de
674 5206 877 5264 Defect.
912 5209 1122 5264 oracul.
1158 5208 1274 5265 Viti.
1305 5224 1427 5280 quas
1467 5208 1535 5263 ad
1572 5208 1830 5264 Dextrum
1878 5208 1993 5277 ipso
2020 5206 2174 5260 initio

586 5289 737 5333 nolo.

654 5351 679 5388 δ
707 5346 976 5406 Sunnonis
1004 5350 1211 5411 Ariani.
1243 5352 1411 5418 Quem
1440 5349 1681 5405 Sunnam
1713 5362 1933 5419 semper
1974 5346 2174 5403 Paulus

582 5417 731 5474 dicit.
787 5420 939 5475 Anne
989 5422 1075 5477 hic
1130 5417 1388 5477 Sinonem
1453 5435 1521 5475 ex
1567 5420 1753 5474 Sunna
1801 5417 1868 5475 de
1912 5419 2176 5475 industria

581 5492 816 5561 scriptor
840 5502 1025 5548 uoster
1053 5494 1337 5558 continuit,
1368 5501 1424 5546 et
1450 5492 1518 5545 ad
1550 5491 1721 5557 illum,
1754 5492 1842 5560 qui

712 5621 726 5633 .
764 5622 773 5633 .
814 5620 827 5633 .
864 5619 878 5634 .
917 5623 929 5634 .
970 5585 1149 5635 Fidens
1168 5589 1329 5645 animi,
1357 5586 1573 5646 atquein
1601 5594 1861 5646 utrumque
1890 5588 2086 5645 paratus

709 5649 808 5698 Seu
836 5661 1034 5698 versare
1057 5648 1209 5705 dolos,
1235 5662 1323 5695 seu
1349 5652 1501 5695 certae
1520 5650 1814 5695 occumbere
1838 5649 1979 5697 morti
2007 5680 2022 5705 ,

587 5731 728 5805 apud
752 5731 990 5787 divinum
1016 5737 1227 5795 vatem,
1271 5742 1309 5785 ιι
1358 5729 1538 5800 operis
1564 5729 1790 5796 cterni,
1829 5728 2047 5801 Trojaui
2076 5729 2180 5787 im-

2272 4592 2531 4647 scelestos
2559 4591 2715 4660 (quos
2738 4600 2897 4659 supra
2921 4582 3357 4653 memoravimus)
3375 4582 3528 4653 justa
3553 4587 3889 4654 praeceptum

2274 4683 2415 4751 regis
2461 4683 2654 4736 exsilio
2703 4679 3008 4749 relegarunt
3038 4695 3050 4731 :
3075 4694 3108 4745 β
3150 4676 3347 4747 quibus
3378 4680 3516 4733 unus
3544 4673 3890 4731 vocitabatur

2274 4774 2299 4811 ά
2333 4775 2566 4836 Vacrila,
2598 4773 2665 4826 de
2696 4787 2880 4827 eorum
2930 4772 3177 4825 manibus
3206 4768 3445 4824 evadens
3492 4766 3559 4821 ad
3604 4766 3889 4821 basilicam

2273 4867 2331 4922 S.
2365 4866 2583 4921 Eulalia:
2605 4865 2673 4919 ob
2696 4864 2988 4920 remedium
3011 4855 3411 4935 percipiendum
3436 4852 3700 4930 confugit.
3726 4856 3891 4926 Quod

2279 5070 2414 5141 perii
2443 5068 2596 5141 ruina
2628 5067 2770 5141 fuit_?_
2784 5068 2873 5141 Au,
2895 5065 3165 5141 Salmaltis
3194 5056 3757 5141 legengpm,.993hi¢3
3786 5056 3891 5141 ᾁε-

2281 5120 2596 5201 δίεῆέιιὶὸιιέζ
2622 5120 3035 5197 utWamlianis,
3064 5120 3330 5205 Egicariis.
3352 5120 3694 5197 Ghintilanis,
3719 5120 3890 5184 Suin-

2283 5212 2481 5273 tilanis,
2515 5218 2569 5264 et
2596 5209 2645 5261 id
2674 5220 2843 5276 genus
2868 5209 3113 5276 aliorum.

2358 5292 2379 5318 α
2405 5268 2724 5334 Clementis}.
2752 5279 2982 5347 principe
3010 5274 3324 5347 Reccqredo.
3348 5271 3428 5347 Qb
3456 5270 3718 5342 insignem
3742 5268 3889 5325 hanc

2286 5351 2577 5407 Reccaretli
2612 5342 2830 5417 regis‘it‘t
2871 5342 3471 5417 rebeilesielementiant
3503 5354 3754 5417 nummus
3780 5357 3887 5417 au-

2280 5438 2405 5478 reus
2434 5436 2592 5475 cusus
2616 5408 2696 5474 esi
2723 5432 2843 5473 cum
2876 5418 3041 5485 ipsius
3067 5414 3243 5482 effigie
3283 5420 3337 5468 et
3373 5412 3588 5468 nomine
3618 5410 3766 5485 hisce
3794 5408 3890 5485 lit-

2280 5494 2411 5613 ἵξις
2455 5492 2826 5613 Ιὶεηρλιιιέιιυε.
2864 5478 3130 5542 Εἰιειιιτιι.
3162 5478 3338 5553 Ῥιυς,
3384 5490 3443 5537 ιιι
3484 5490 3636 5554 putat
3685 5478 3881 5533 Morai.

2311 5580 2322 5613 Ι
2370 5604 2383 5613 .
2419 5580 2508 5613 XII.
2541 5578 2659 5613 (Ἧι).
2730 5602 2741 5613 .
3224 5598 3227 5601 λ
3490 5572 3493 5573 ν

2288 5564 2383 5620 lib.
2419 5580 2508 5626 xu,
2541 5578 2659 5626 cap.
2688 5564 2741 5613 ‘2.
3310 5625 3317 5626 γ
3397 5623 3424 5626 Α,
3451 5572 3493 5626 __'

2355 5583 2383 5671 ii
2796 5646 2901 5701 quo
2966 5629 3106 5685 idem
3156 5598 3345 5683 Moral.
3394 5620 3520 5679 ibid.
3552 5627 3609 5678 et
3648 5614 3887 5677 larisa.

2355 5728 2380 5755 ι.
2411 5720 2464 5755 v.
2497 5719 2617 5755 can.
2685 5744 2698 5755 .

2284 5706 2380 5762 lib.
2411 5720 2465 5774 v,
2497 5719 2617 5774 cap.
2649 5706 2698 5757 2.
