4118 6332
46 6052 61 6173 i

46 6180 63 6295 ii

601 268 704 325 {59
1771 279 1973 336 PAULI
2017 278 2389 340 EMEIilTANI
2434 284 2706 343 DIACONI
3798 287 3901 342 160

594 386 664 440 de
730 384 959 441 inimicis
1020 386 1300 442 miriﬁcam
1383 386 1507 440 fecit
1572 386 1828 440 ultionem
1890 404 1903 439 :
1966 385 2197 456 denique
2225 394 2485 453 Aeorum
2536 386 2810 444 libertates
2858 387 3089 458 aliquam
3135 389 3449 460 particulam
3478 393 3902 463 pecunioLctri-

595 473 881 545 prostratis
930 475 1393 544 eonsternatisque
1441 474 1705 530 universis
1747 473 1866 529 lldei
1914 474 2192 529 catholicae

594 567 828 625 inimicis
879 576 905 606 ι
950 577 1169 624 sanctus
1217 566 1462 622 Massona
1528 566 1815 637 episcopus
1878 583 2002 622 cum
2048 569 2195 624 omni

594 659 750 730 plebe
794 674 892 716 sua
937 657 1246 731 psalmodiis
1296 658 1563 713 canticum
1615 673 1841 714 exorsus
1881 655 1909 696 δ
1939 660 2195 729 mysticas

589 748 782 808 laudes
829 751 1057 807 Domino
1082 749 1302 818 cecinit,
1333 750 1397 804 ad
1427 750 1606 806 aulam
1635 749 1791 805 alnus
1835 749 2054 819 virginis
2082 749 2192 803 Eu-

544 919 549 924 .
589 844 730 900 latim
784 845 929 899 omni
976 858 1096 899 eum
1156 842 1312 912 plebe
1363 842 1664 911 laudantes,
1716 842 2195 914 hymnizantesque

588 943 886 1001 venerunt;
920 949 983 989 ac
1008 933 1204 990 deinde
1234 932 1546 989 Paschalem
1577 933 1972 989 solemnitatem
2002 946 2193 987 omnes

587 1041 711 1083 cum
741 1042 807 1082 eo
836 1027 980 1081 cives
1004 1025 1393 1095 iucundissime
1442 1024 1779 1080 celebrantes
1808 1040 1959 1080 more
1988 1026 2192 1095 prisco-

586 1136 707 1175 rum
738 1135 836 1189 per
863 1120 1069 1190 plateas
1097 1119 1312 1189 fragore
1342 1134 1536 1189 magno
1560 1119 1853 1189 jubilantes
1881 1122 1932 1176 in
1962 1121 2190 1190 gloriam

586 1192 800 1264 Domini
847 1208 1259 1271 clamaverunt,
1311 1205 1893 1263 dicentes:Cautemus
1940 1208 2186 1275 Domino,

584 1302 808 1373 gloriose
852 1303 990 1355 enim
1018 1301 1382 1371 magniﬁcatus
1434 1309 1549 1365 est;
1604 1308 1659 1356 et
1705 1302 1936 1356 iterum:
1967 1299 2190 1355 Dextera

585 1404 694 1459 tua,
722 1393 963 1460 Domine,
993 1393 1286 1463 gloriﬁcata
1312 1402 1409 1459 est,
1457 1397 1511 1445 in
1539 1392 1722 1446 virtute
1752 1392 1977 1447 dextera:
2004 1408 2190 1446 manus

584 1495 686 1539 ture
714 1484 968 1555 confregit
996 1482 1234 1537 inimicos
1256 1498 1274 1534 :
1296 1494 1345 1536 et
1388 1498 1498 1553 pra:
1544 1482 1874 1538 multitudine
1901 1484 2189 1554 majeslalis

586 1585 690 1631 tua:
729 1575 1015 1630 contrivisti
1042 1574 1368 1628 adversaries
1407 1573 1603 1644 (Exod.
1641 1589 1727 1641 xv,
1762 1573 1815 1640 l,
1846 1572 1901 1640 6,
1935 1574 2009 1644 7').
2061 1572 2190 1629 Post

584 1667 700 1725 hate
740 1650 984 1723 remotis
1004 1666 1073 1722 ab
1115 1665 1260 1721 omni
1292 1674 1443 1736 parte
1472 1665 1884 1735 tempestatibus
1911 1667 2186 1736 copiosam

2300 476 2509 544 bueret,
2541 487 2634 533 aut
2672 487 2822 534 certe
2854 479 3074 549 exiguas
3104 480 3558 549 possessiunculas
3584 486 3860 543 conterret
3884 514 3900 547 :

2300 575 2355 622 at
2393 567 2484 622 ubi
2527 568 2909 625 archidiacono
2934 569 3043 640 jam
3084 570 3230 626 dicto
3259 572 3560 629 nuntiatum
3606 584 3711 643 est,
3752 577 3903 633 illico

2298 662 2491 716 atrium
2522 663 2697 731 petiit,
2743 664 3193 733 quemadmodum
3238 674 3455 721 sanctus
3483 667 3770 741 episcopus
3800 670 3902 725 hs-

2296 749 2448 804 beret
2475 749 2799 817 sciscitavit;
2845 752 2930 805 cui
2976 767 3097 807 cum
3134 753 3335 809 dictum
3366 764 3469 823 est,
3502 757 3629 825 quia
3660 757 3903 815 invales-

2296 849 2453 896 cente
2511 843 2768 913 languore
2824 848 2983 901 morti
3035 848 3144 916 jam
3204 850 3424 921 jamque
3486 853 3900 926 propinquaret,

2295 932 2477 986 statim
2525 936 2855 1002 supradictas
2900 939 3150 1007 puerulos
3190 941 3495 1009 accersivit,
3536 946 3750 1013 etquid
3795 946 3903 1001 illis

2294 1018 2482 1079 fuisset
2526 1025 2791 1083 veraciter
2820 1044 2848 1081 a
2880 1038 3069 1085 sancto
3111 1030 3366 1101 episcopo
3414 1032 3619 1087 illatum
3663 1037 3901 1102 requisi-

2293 1112 2407 1177 vit;
2452 1113 2537 1168 cui
2586 1130 2706 1170 cum
2757 1116 2833 1171 illi
2882 1119 3147 1174 veraciter
3194 1118 3477 1188 dixissent,
3523 1123 3794 1178 excitatus
3849 1126 3901 1178 in

2292 1206 2430 1262 furia
2471 1210 2635 1280 erepit
2662 1212 2742 1267 eis
2769 1212 2984 1271 minans
3029 1215 3362 1271 turbulenter
3409 1219 3745 1286 praetendere
3789 1231 3823 1273 ti
3849 1238 3901 1274 r-

2294 1314 2466 1368 rores,
2509 1310 2565 1355 et
2602 1302 2786 1360 dicere
2810 1322 2822 1355 :
2848 1303 3038 1360 Videte
3065 1307 3209 1375 quod
3239 1308 3545 1378 accepistis,
3592 1309 3734 1366 bene
3772 1322 3906 1367 c0n°

2292 1396 2524 1456 servate,
2555 1407 2677 1446 nam
2721 1394 2765 1449 si
2808 1396 2987 1450 omnia
3010 1388 3157 1452 'mihi
3189 1398 3529 1464 intemerata,
3562 1415 3686 1455 cum
3718 1402 3903 1470 requi—

2291 1480 2454 1544 siero,
2506 1498 2614 1537 non
2664 1487 3135 1554 praesentaveritis,
3185 1487 3381 1544 scitote
3425 1505 3523 1544 vos
3567 1491 3904 1558 gravissimis

2291 1572 2565 1643 suppliciis
2595 1572 2709 1631 fore
2740 1578 3160 1642 excruciandos;
3194 1588 3248 1634 et
3276 1580 3359 1634 his
3379 1580 3538 1637 dictis
3563 1597 3685 1636 cum
3713 1583 3902 1637 lurore

2290 1664 2357 1719 ad
2386 1665 2602 1720 domum
2652 1681 2803 1722 suam
2851 1683 3098 1725 reversus
3141 1678 3244 1725 est.
3288 1670 3439 1727 Tunc
3476 1671 3672 1727 deinde
3697 1689 3901 1744 supra-

585 1756 843 1817 Dominus
863 1756 1062 1829 populo
1103 1755 1575 1850 catholico—largiri
1598 1756 1848 1827 dignatus
1869 1765 1952 1813 est
1975 1772 2181 1828 pacem.
2218 1789 2265 1850 Β
2291 1760 2419 1816 dicti
2448 1761 2621 1830 pueri,
2654 1761 2846 1818 cellam
2876 1762 2929 1817 in
2958 1776 3064 1832 qua
3101 1763 3470 1821 sanctissimus
3515 1766 3599 1819 vir
3644 1764 3901 1822 Massona

1181 1846 1413 1903 CAPUT
1451 1846 1568 1902 XX.

2290 1852 2579 1923 episcopus
2606 1866 2746 1922 niger
2774 1853 2827 1908 in
2854 1854 3051 1909 lectulo
3078 1854 3393 1923 recubabat,
3441 1856 3689 1927 ingressi,
3741 1873 3899 1912 ama-

581 1940 837 1999 Hassona
853 1940 1003 1995 valde
1020 1940 1347 2010 senexfactis
1362 1939 1699 2011 eleemosynis
1713 1939 2188 2006 moritur,Eleuthe'
2285 1944 2498 2000 rissime
2539 1959 2722 1999 coram
2762 1959 2829 2001 eo
2869 1943 2999 2001 ﬂere
3025 1957 3324 2017 creperum,
3373 1949 3652 2006 dicentes:
3683 1949 3891 2008 Miseri-

576 2072 579 2075 ν
625 2035 706 2089 rio
718 2031 1087 2088 archidiacouo
1101 2031 1620 2103 exprwdictioneviri
1636 2033 1803 2087 sancti
1817 2043 2149 2102 praemortuo.
2286 2033 2526 2088 cordiam
2560 2034 2612 2089 in
2643 2048 2741 2089 nos
2771 2034 3015 2104 indignos
3045 2051 3143 2106 pro
3174 2045 3263 2092 tua
3292 2038 3494 2108 pietate
3524 2038 3721 2105 fecisti,
3745 2041 3897 2111 quod

648 2126 878 2181 Sanctus
931 2125 1115 2194 itaque
1168 2123 1419 2180 Massona
1474 2124 1600 2181 dum
1663 2125 1845 2179 multis
1902 2126 2184 2181 curriculis
2287 2123 2473 2194 utique
2502 2122 2697 2179 melius
2724 2123 2878 2180 nobis
2908 2135 3256 2194 convenerat,
3284 2127 3330 2183 si
3357 2144 3465 2183 non
3496 2128 3731 2195 fecisses,
3765 2147 3898 2187 ecce

575 2231 838 2273 annorum
860 2215 1279 2271 adminiculante
1299 2216 1480 2279 divino
1506 2215 1760 2288 suﬂragio
1788 2215 2183 2274 Emeritensem
2285 2216 2461 2272 adhuc
2488 2225 2544 2271 tu
2577 2217 2729 2285 vivis,
2758 2225 2813 2272 et
2842 2226 3015 2273 tantas
3040 2218 3195 2275 nobis
3237 2220 3407 2274 minas
3437 2222 3808 2290 przetendunt,
3844 2231 3899 2276 te

579 2314 790 2378 regeret
836 2306 1134 2365 Ecclesiam
1156 2349 1171 2375 ,
1225 2307 1506 2377 fessusque
1540 2309 1649 2377 jam
1688 2308 1853 2364 nimia
1900 2318 2182 2367 senectute
2283 2305 2538 2362 defuncto
2564 2308 2686 2376 quis
2711 2322 2742 2363 e
2772 2308 2926 2364 nobis
2963 2309 3030 2365 de
3072 2324 3258 2365 eorum
3287 2311 3532 2367 manibus
3557 2322 3723 2384 queat
3752 2314 3897 2369 libeo

577 2403 633 2458 in
662 2401 854 2458 febrim
884 2408 1171 2471 correptus
1201 2409 1304 2466 est,
1336 2402 1607 2472 cmpitqne
1632 2402 1835 2457 viribus
1865 2403 2029 2458 totius
2058 2418 2179 2459 cor-

576 2493 725 2565 poris
765 2501 991 2565 repente
1016 2491 1271 2557 destitui;
1298 2499 1423 2546 tunc
1449 2492 1641 2549 deinde
1669 2507 1975 2550 convocans
2004 2494 2180 2551 archi-

575 2586 865 2643 tliaconum
917 2603 1070 2645 suum
1120 2587 1341 2643 nomine
1386 2585 1772 2654 Eleutherium,
1822 2589 1897 2643 ait
1928 2588 2177 2647 illi:Co-

574 2691 796 2751 gnosce,
848 2678 943 2747 lili,
990 2680 1134 2749 quod
1183 2687 1397 2751 tempus
1445 2695 1580 2735 mea:
1626 2678 1972 2738 resolutionis
2017 2681 2179 2737 instat

575 2768 666 2841 (11
698 2769 831 2827 Tim.
866 2786 938 2838 tv,
968 2771 1023 2843 6)
1053 2787 1068 2825 :
1093 2781 1147 2827 et
1188 2769 1310 2827 ideo
1339 2770 1563 2827 obsecro
1596 2780 1667 2837 te,
1699 2779 1861 2842 atque
1889 2771 2175 2840 admoneo,

575 2869 636 2919 ut
658 2863 770 2933 jam
798 2862 960 2919 modo
1010 2863 1080 2917 ita
1125 2877 1307 2919 curam
1337 2873 1536 2921 sanctae
1584 2861 1856 2931 Ecclesiae,
1905 2865 2178 2937 totiusque

573 2960 774 3010 sancta:
801 2954 1232 3025 congregationis
1258 2954 1487 3011 sollicite
1509 2969 1689 3026 geras,
1721 2964 1781 3011 ut
1808 2970 1893 3011 me
1920 2956 1972 3011 in
2002 2957 2177 3013 omni-

574 3044 674 3102 bus
719 3059 968 3103 securum
1016 3044 1232 3111 reddas,
1262 3053 1317 3101 et
1344 3046 1474 3101 mihi
1505 3046 1663 3101 liceat
1708 3046 1762 3101 in
1807 3045 1927 3103 loco
1966 3058 2175 3103 secreto

574 3135 822 3194 maeroris
848 3176 864 3203 ,
914 3137 1078 3192 animi
1132 3150 1250 3193 mea
1275 3175 1291 3203 ,
1338 3136 1651 3209 priusquam
1695 3137 1906 3205 abeam,
1947 3136 2172 3193 deﬂeam
2203 3175 2249 3237 ε

572 3226 788 3284 delicta.
833 3225 927 3283 His
968 3226 1191 3295 auditis,
1230 3225 1344 3297 jam
1381 3226 1558 3283 dictus
1595 3226 2011 3284 archidiaconus
2054 3228 2175 3299 ejus

572 3336 680 3378 non
731 3320 1027 3378 inllrmitati
1074 3328 1130 3378 et
1174 3322 1439 3378 senectuti
1489 3336 1803 3393 compassus
1845 3330 1947 3389 est,
1978 3338 2087 3380 non
2115 3338 2175 3382 se

573 3413 807 3471 desolari
834 3413 971 3469 tanti
1002 3410 1177 3470 Patris
1199 3414 1397 3470 solatio
1440 3412 1655 3481 doluit,
1702 3413 1799 3470 sed
1848 3414 2029 3485 potius
2080 3429 2177 3485 per

574 3507 692 3577 eius
737 3506 942 3564 obitum
986 3505 1183 3576 gaudio
1232 3520 1427 3576 magno
1468 3504 1686 3577 gavisus
1723 3514 1828 3575 est,
1877 3521 1974 3563 cor
2018 3521 2173 3563 suum

575 3597 759 3658 latitia
806 3595 1128 3653 transitoria;
1173 3596 1458 3666 potestatis
1508 3595 1746 3663 inllavit;
1796 3595 1871 3652 ita
1924 3595 2173 3652 nimirum

575 3700 636 3751 ut
680 3706 804 3749 cum
851 3705 1050 3762 magno
1079 3689 1341 3746 comitatu
1386 3704 1676 3760 puerorum
1724 3688 1989 3759 superbus
2033 3702 2175 3759 equo

574 3786 805 3843 vehente
859 3785 965 3841 huc
1020 3783 1252 3853 illucque
1301 3789 1617 3854 pr0peraret
1663 3801 1677 3836 :
1721 3792 1844 3853 post
1890 3782 2176 3852 aliquantis

573 3880 755 3931 autem
782 3874 969 3930 diebus
997 3872 1212 3938 accidit,
1248 3881 1307 3927 ut
1337 3880 1558 3927 sanctus
1599 3869 1844 3928 Massona
1890 3872 2177 3943 episcopus

578 3978 601 4006 ο
634 3966 891 4038 puerulis,
921 3968 1013 4036 qui
1044 3966 1094 4022 ei
1126 3963 1281 4021 ﬁdele
1310 3964 1639 4021 exhibebant
1667 3964 1965 4031 servitium,
2012 3963 2175 4020 liber-

574 4059 703 4116 tatis
757 4057 1031 4114 chartulas
1076 4056 1476 4123 conscriberet,
1533 4065 1589 4111 et
1636 4071 1736 4127 per
1781 4054 2175 4113 conlirmandas

574 4212 710 4252 rum.
761 4193 861 4251 Cui
909 4194 1050 4250 inter
1097 4193 1235 4262 alia,
1276 4193 1412 4259 Quia
1456 4195 1703 4265 unguenti
1745 4210 1887 4250 more
1924 4194 2172 4251 bonorum

579 4268 782 4339 fragrat
811 4265 1010 4339 opinio,
1038 4273 1221 4339 vestris
1248 4266 1429 4339 gloria:
1449 4265 1513 4319 de
1532 4262 1909 4339 'Occidentibus
1937 4267 2173 4336 partibus

578 4333 1263 4409 hucusque'odorteteuditf
1294 4334 1361 4409 Et
1394 4345 1517 4408 post
1545 4351 1744 4409 pauca,
1769 4333 1966 4409 Magna
1998 4347 2171 4409 autem

576 4404 761 4464 vestrm
776 4407 947 4461 laudis
971 4407 1127 4461 datur
1153 4404 1408 4470 assertio,
1425 4404 1561 4470 quod
1584 4404 2168 4463 excellenti'Gothorum

577 4480 685 4549 regi
728 4487 895 4551 vestra
929 4477 1099 4551 gloria
1140 4477 1318 4532 sedulo
1360 4477 1624 4551 adhrerere
1653 4475 1946 4551 perhibetur
1984 4494 2003 4531 :
2051 4481 2173 4551 quia

2283 2399 2438 2453 rare?
2466 2396 2591 2455 Haec
2619 2409 2675 2455 et
2699 2399 2783 2456 his
2810 2400 3002 2456 similia
3031 2399 3198 2455 multa
3224 2416 3407 2457 coram
3452 2418 3520 2459 eo
3567 2405 3896 2477 lacrymabi-

2283 2487 2406 2544 liter
2445 2488 2590 2545 allati
2633 2499 2791 2558 sunt;
2836 2499 2891 2546 at
2919 2490 3008 2546 ille
3037 2490 3122 2545 his
3149 2491 3345 2549 auditis
3375 2509 3484 2550 non
3513 2492 3669 2551 facile
3709 2496 3897 2551 credi-

2277 2579 2381 2650 dit,
2412 2580 2504 2637 sed
2550 2583 2719 2653 prius,
2767 2591 2824 2637 ut
2868 2598 2977 2638 sua:
3015 2583 3265 2653 gravitati
3308 2586 3659 2654 condecebat,
3706 2596 3896 2644 utrum

2281 2686 2465 2729 verum
2520 2689 2587 2727 an
2648 2675 2838 2729 falsum
2887 2684 3028 2731 esset
3069 2676 3214 2748 quod
3266 2677 3570 2745 dicebatur,
3619 2680 3896 2749 sagaciter

2280 2765 2569 2836 exquisivit
2599 2784 2612 2820 :
2644 2781 2765 2823 cum
2794 2776 2974 2823 autem
3005 2770 3355 2842 comperisset
3383 2786 3569 2827 verum
3595 2786 3714 2827 esse
3735 2772 3894 2841 quod

2280 2856 2547 2928 audierat,
2592 2858 2916 2931 lacrymatus
2952 2871 3056 2930 est,
3087 2864 3377 2935 statimque
3423 2863 3477 2918 in
3524 2864 3771 2920 cellulam
3806 2866 3889 2920 le-

2279 2949 2417 3019 vari,
2465 2960 2521 3006 et
2564 2951 2633 3006 ad
2679 2951 2951 3008 basilicam
2982 2964 3181 3011 sancta
3208 2954 3425 3012 Eulaliae
3474 2958 3692 3028 virginis
3741 2960 3893 3029 (cui

2277 3061 2492 3118 semper
2534 3044 2728 3105 devota
2776 3057 2957 3105 mente
2998 3051 3303 3119 servierat)
3346 3049 3543 3107 deferri
3585 3052 3892 3122 przecepit:

2278 3154 2508 3210 cumque
2544 3139 2740 3195 ibidem
2780 3140 3148 3197 sanctissimus
3185 3155 3353 3198 senex
3396 3142 3740 3211 pervenisset,
3778 3158 3891 3199 co-

2279 3244 2395 3284 ram
2424 3229 2578 3285 altari
2605 3244 2762 3286 sacro
2792 3245 2983 3286 manus
3012 3230 3347 3302 expandens,
3376 3232 3638 3302 simulque
3659 3247 3893 3289 venera-

2278 3319 2413 3378 biles
2438 3322 2624 3378 oculos
2649 3338 2772 3378 cutn
2804 3322 3053 3395 lacrymis
3097 3324 3166 3379 ad
3192 3324 3387 3381 caelum
3415 3324 3720 3392 sustollens,
3749 3340 3892 3381 cum

2279 3425 2473 3483 magno
2511 3414 2712 3484 gemitu
2759 3429 2881 3471 sese
2904 3415 2958 3470 in
2989 3423 3189 3471 terram
3233 3416 3543 3487 prostravit,
3590 3427 3647 3471 et
3689 3431 3893 3486 preces

2278 3519 2403 3560 suas
2446 3505 2536 3559 diu
2585 3504 2920 3576 multumque
2967 3507 3019 3561 in
3063 3514 3411 3577 conspectum
3456 3505 3667 3563 Domini
3712 3505 3892 3565 fudit.

2279 3597 2556 3669 Completa
2586 3614 2716 3655 vero
2744 3600 2990 3656 oratione
3015 3599 3158 3657 clara
3186 3615 3322 3657 voce
3364 3600 3571 3655 cunctis
3615 3598 3892 3655 audienti-

2276 3687 2379 3746 bus
2419 3689 2495 3745 ait
2522 3708 2534 3744 :
2558 3688 2770 3748 Gratias
2802 3690 2895 3747 tibi
2923 3691 3119 3757 refero,
3145 3690 3395 3759 Domine,
3422 3691 3675 3761 quoniam
3703 3705 3891 3747 exau-

2277 3779 2400 3836 disti
2427 3796 2533 3847 me,
2579 3781 2894 3838 benedictus
2923 3782 2975 3837 in
3004 3782 3197 3838 secula
3238 3782 3578 3845 saeculorum,
3608 3781 3730 3852 quia
3762 3798 3891 3841 non

2278 3874 2526 3929 amovisti
2583 3874 3018 3946 deprecationem
3071 3889 3289 3942 meam,
3345 3882 3399 3930 et
3451 3873 3889 3931 misericordiam

2278 3976 2424 4024 tuam
2453 3982 2486 4023 a
2512 3983 2600 4024 me
2623 3986 2637 4024 :
2660 3975 2714 4023 et
2751 3968 2835 4024 his
2862 3968 3021 4024 dictis
3047 3968 3114 4023 ad
3142 3965 3169 4005 ἀ
3198 3968 3527 4039 episcopium
3574 3967 3748 4033 rediit,
3800 3967 3889 4024 ita

2277 4061 2528 4117 nimirum
2571 4060 2810 4117 redditus
2851 4061 3076 4132 pristino
3114 4061 3319 4129 robori,
3369 4069 3427 4116 ut
3472 4069 3686 4132 putares
3727 4061 3888 4118 hunc

2279 4195 2546 4255 Toletum.
2575 4195 2785 4264 imperii
2811 4194 3026 4251 Gothici
3054 4194 3212 4251 sedes
3256 4193 3404 4250 illum
3445 4195 3885 4264 triumphantem

2279 4264 2570 4336 exceperit.
2620 4265 2690 4319 M.
2722 4264 2941 4320 Maxim.
2993 4265 3059 4320 ad
3104 4281 3232 4336 ann.
3281 4264 3386 4319 686
3419 4264 3814 4319 :Reccaredum
3852 4286 3884 4322 e

2279 4335 2468 4391 Galliis
2518 4337 2812 4390 redeuutem
2856 4338 3097 4391 uictorem
3143 4335 3379 4392 Toletani
3420 4343 3688 4407 gratanter
3724 4340 3884 4392 exci-

2278 4407 2445 4476 piunt,
2479 4409 2599 4461 ιωια
2630 4408 2811 4461 victori
2840 4413 3242 4476 comprecantes.

2354 4476 2655 4546 IUlli/sticus
2706 4477 2885 4532 laudes
2934 4476 3156 4531 Domino
3208 4479 3486 4542 cecinit,...
3544 4493 3659 4530 cum
3717 4476 3885 4544 plebe

578 4537 702 4605 dum
741 4547 892 4629 malis
929 4537 1051 4629 horti
1093 4564 1294 4629 semper
1327 4537 1672 4629 displiceant}
1725 4546 1883 4629 bonos
1924 4565 2024 4629 nos
2046 4537 2169 4629 esse
2200 4569 2246 4627 ο
2275 4537 2588 4629 laudarunt
2628 4548 3097 4629 hymnizantesqae.
3122 4537 3483 4629 “Crediderint
3536 4537 3729 4629 laudes.
3758 4549 3883 4629 ita!

576 4630 770 4674 certum
810 4628 903 4685 est,
948 4620 1071 4690 quia
1114 4618 1244 4674 bona
1286 4617 1573 4688 placuistis.
1621 4617 1903 4689 Propterea
1942 4619 2167 4675 debitum

577 4690 906 4745 salutationis
952 4690 1234 4761 alloquium
1261 4690 1510 4761 solvens,
1555 4697 1697 4761 opto_
1723 4706 1808 4746 vos
1856 4692 1909 4745 in
1950 4692 2031 4745 his
2056 4707 2169 4757 qua:

578 4761 800 4832 cwpistis
838 4758 1083 4832 exerceri,
1121 4758 1704 4832 etchrcquensapud
1741 4761 2043 4832 Scriptores
2072 4777 2169 4832 no-

576 4830 720 4887 stros
745 4830 813 4887 de
839 4830 1061 4887 Claudio
1092 4830 1312 4900 ruentia.
1351 4830 1593 4885 Concilio
1624 4830 1889 4888 Toletano
1931 4832 2000 4885 7:2
2027 4831 2169 4900 epis-

578 4917 769 4983 c0por.
820 4900 1109 4984 Hispanae
1130 4911 1184 4984 et
1230 4899 1416 4955 Gallia:
1459 4901 1823 4959 Narbonensis
1851 4899 2168 4983 subscripsit

579 4972 831 5044 Claudius
857 4988 1024 5044 captes
1048 4970 1366 5044 Ltmttaueus
1386 4980 1434 5044 et
1462 4973 1570 5044 dua:
1590 4973 1731 5044 apud
1759 4972 1830 5027 bl.
1860 4972 2077 5044 gramm.
2101 4972 2168 5026 ad

530 5076 533 5079 -
578 5059 705 5099 ann.
738 5040 862 5097 590.
893 5040 1197 5098 Eutrandus
1226 5043 1340 5096 sive
1386 5040 1743 5113 Luitprandus
1777 5044 1832 5097 in
1859 5040 2164 5113 Chronico,

578 5115 722 5186 quod
750 5113 923 5186 primo
943 5113 1326 5186 evulgavimus,
1377 5112 1636 5186 aemuli"
1686 5113 1837 5186 illum
1879 5112 2167 5186 cum__lilio

579 5180 820 5243 celebrat
850 5180 1333 5254 Flavirrs'Claudius
1376 5184 1436 5239 S.
1469 5182 1732 5239 Massona:
1758 5184 1985 5254 episcopi
2010 5182 2166 5237 Eme-

578 5257 787 5313 ritensis
829 5271 896 5310 ea:
927 5262 1105 5310 so‘rore
1130 5264 1179 5309 et
1222 5251 1424 5310 Claudii
1470 5251 1806 5309 Emeritensis
1848 5251 1994 5308 dubia
2018 5296 2033 5321 ,
2068 5254 2165 5308 uiri

580 5327 860 5405 clarissimi
888 5326 1030 5405 [ilius
1059 5326 1230 5405 ﬂoret:
1261 5324 1635 5405 l’lura‘mhnabes
1672 5324 1813 5405 apud
1841 5322 2031 5405 plural.
2066 5324 2160 5379 lib.

584 5414 677 5456 xu.
713 5413 763 5453 c.
795 5393 863 5464 5;
888 5393 1136 5452 Vasmum
1167 5396 1233 5452 ad
1261 5412 1386 5451 ann.
1418 5393 1557 5462 588;
1588 5393 1811 5449 Marian.
1842 5395 2003 5459 lib.v,
2037 5409 2159 5465 cap.

586 5469 688 5535 ll;
717 5466 904 5537 Padi".
933 5478 1077 5524 cent.
1107 5483 1178 5534 vt,
1208 5483 1328 5537 cap.
1359 5465 1448 5521 66.

655 5550 681 5575 ’⁸
709 5535 774 5595 S.
802 5535 1052 5595 Hassona
1072 5540 1231 5609 episc.
1260 5535 1374 5591 cum
1398 5539 1538 5609 omni
1565 5538 1711 5609 plelge
1736 5552 1833 5609 sua
1855 5535 2171 5593 Psalmodia:

584 5612 840 5665 canticum
860 5606 1110 5663 exorsus;
1125 5607 1255 5662 Nam
1275 5624 1398 5663 eum
1419 5606 1631 5662 Claudii
1662 5606 2009 5664 Emeritensfs
2021 5609 2171 5663 ducis

587 5679 896 5736 lurtitudine
926 5679 1041 5735 haec
1066 5689 1215 5748 gesta
1244 5686 1443 5744 e-sent,
1476 5677 1718 5734 Emeriun
1748 5678 1990 5735 laudibus
2012 5694 2172 5749 opor-

588 5753 736 5808 tebat
762 5749 1130 5812 adnumerari;
1164 5748 1303 5803 unde
1335 5750 1385 5804 in
1415 5752 1590 5805 aureis
1616 5748 1905 5804 Rcccaredi
1936 5748 2169 5804 nummis

587 5821 856 5897 legimus,
910 5819 1282 5877 Rcccsnanrs.
1333 5818 1595 5879 Euamu.
1647 5821 1886 5888 Vicros;
1955 5821 2167 5880 etiamsi

2276 4620 2382 4689 illis
2409 4633 2511 4673 non
2542 4616 2844 4686 absimiles,
2875 4616 3007 4689 quas
3037 4618 3088 4671 in
3117 4617 3324 4689 Concil.
3360 4616 3534 4672 Tole'.
3571 4633 3623 4672 lll
3674 4617 3877 4674 Patres

2278 4688 2588 4746 Reccaredo
2610 4693 2859 4744 accinuut
2890 4687 2904 4741 Ξ
2931 4687 3074 4743 Tunc
3098 4688 3439 4742 acclamatum
3459 4698 3534 4741 est
3554 4689 3606 4741 in
3626 4689 3877 4745 laudibus

2276 4760 2394 4823 Det,
2420 4772 2470 4814 et
2496 4759 3085 4830 ittgfavoremiprincipis
3126 4757 3189 4811 ab
3229 4761 3465 4813 uniuerso
3491 4759 3646 4814 clero.
3677 4757 3873 4814 Gloria

2274 4830 2385 4885 Deo
2420 4830 2482 4884 P.
2528 4828 2597 4883 F.
2630 4839 2678 4883 et
2708 4829 2767 4884 S.
2800 4829 2889 4894 8.,
2924 4831 3005 4883 cui
3050 4845 3176 4882 cura
3214 4838 3290 4883 est
3321 4846 3498 4894 pacem
3524 4838 3584 4884 .et
3618 4832 3877 4884 unitatem

2272 4900 2523 4955 Ecclesia:
2550 4916 2659 4955 suae
2686 4911 2881 4955 sancta:
2909 4900 3181 4954 catholica:
3207 4899 3538 4969 providere...
3574 4898 3664 4953 Cui
3695 4917 3726 4951 α
3763 4900 3878 4953 De.

2274 4982 2519 5041 retentum
2540 4973 2801 5039 meritum,
2824 4972 2925 5025 nisi
2956 4987 3072 5025 vero
3098 4967 3349 5024 catholico
3378 4967 3831 5041 Reccaredohregi
3854 4974 3878 5024 ?

2275 5040 2371 5095 Cui
2395 5060 2427 5094 a
2461 5041 2568 5096 Deo
2597 5052 2795 5097 aeterna
2837 5057 3027 5097 corona
3060 5043 3161 5096 nisi
3191 5056 3307 5095 vero
3335 5042 3625 5095 orthodoxa
3672 5038 3874 5093 Recrm

2274 5113 2398 5183 reda
2416 5113 2569 5183 fregi?
2609 5110 2703 5166 Cui
2732 5128 2961 5183 praesens
2979 5112 3148 5183 gloria
3178 5122 3228 5166 et
3257 5121 3471 5183 aeterna,
3505 5114 3605 5166 nisi
3635 5114 3871 5183 uitiatori

2275 5181 2371 5236 Dei
2402 5179 2693 5236 Reccaredo
2723 5179 2868 5254 regi?
2891 5179 3011 5252 Ipse
3032 5199 3277 5237 novarum
3304 5182 3528 5250 plebium
3548 5184 3602 5235 in
3629 5181 3875 5236 Ecclesia

2272 5255 2526 5308 catholica
2556 5254 2907 5324 conquisitor;
2938 5254 3047 5323 ipse
3076 5261 3333 5306 mereatur
3362 5254 3610 5306 ueraciter
3648 5264 3870 5322 aposto-

2271 5324 2426 5378 licum
2456 5323 2727 5390 meritum,
2754 5325 2843 5394 qui
2862 5324 3213 5394 apostolicum
3230 5323 3457 5392 implevit
3484 5324 3720 5392 cilicium,
3754 5332 3868 5394 etc.

2347 5408 2367 5434 ο
2398 5394 2663 5461 Puerulis,
2689 5392 2842 5464 qui‘ei
2872 5392 3025 5464 ﬁdele
3054 5393 3364 5448 exhibebant
3391 5394 3673 5457 servitium,
3704 5392 3872 5446 liber-

2276 5467 2396 5519 tatis
2408 5466 2672 5519 chartulas
2694 5463 3050 5519 c'onscriberet.
3068 5464 3254 5518 Exstat
3278 5465 3327 5517 iu
3345 5466 3541 5519 eoucil.
3565 5464 3811 5533 Spaieusi
3824 5480 3868 5532 ι,

2273 5550 2367 5617 ter.
2395 5536 2522 5619 .628,
2551 5552 2746 5619 canon.
2771 5536 2835 5591 de
2855 5534 3137 5619 ancipiis
3158 5536 3223 5617 alt
3238 5536 3488 5618 episc0pis
3508 5536 3865 5619 manumissis,

2272 5607 2363 5676 qui
2395 5608 2497 5662 huc
2526 5616 2734 5678 spectat
2766 5623 2780 5660 :
2822 5616 2876 5661 et
2902 5607 2993 5676 qui
3015 5605 3269 5678 Ecclesia:
3293 5608 3455 5670 servi,
3483 5617 3668 5663 notum
3697 5606 3867 5663 etiam

2272 5693 2340 5732 ex
2364 5676 2759 5733 roncil."l‘oiel.
2788 5693 2863 5745 lx,
2889 5692 3007 5746 cap.
3046 5676 3132 5734 η.

2344 5749 2367 5784 ά
2400 5748 2751 5819 Episcopium.
2774 5746 2928 5814 Quod
2951 5747 3076 5803 alibi
3102 5749 3293 5802 atrium
3316 5748 3472 5804 dicit:
3495 5764 3616 5804 nam
3642 5752 3832 5807 imus

2274 5830 2416 5878 πεῑον
2441 5819 2843 5878 tabernaculum
2873 5821 3051 5891 ipsum
3072 5827 3129 5876 et
3156 5821 3319 5877 statio
3344 5821 3582 5892 episcopi
3613 5828 3716 5877 est.
