4118 6332
187 332 286 405 iet

1215 336 1301 402 ut:
1344 338 1498 403 VITA
1543 345 1824 404 Psrnuu
1868 320 2425 405 susurrsusmul

2576 272 2717 315 ἰξές
2810 270 2893 284 λ’

3380 344 3486 406 169

182 478 297 517 non
343 473 573 531 regrum,
616 471 723 516 non
764 475 991 529 senem,
1028 459 1122 514 sed
1159 460 1452 516 redivivum
1497 462 1791 532 sumpsisse
1820 466 1866 525 Α
1896 467 2157 530 tempore,
2194 476 2300 533 quo
2327 460 2606 517 ordinatus
2636 467 2718 517 cst
2745 461 2827 533 (ut
2852 460 3043 531 fertur)
3072 458 3124 514 in
3156 456 3345 515 ordine
3372 460 3491 516 dia-

185 544 448 623 vigorem,
488 552 849 624 juvenemque
879 568 998 609 esse
1037 552 1497 621 robustissimum;
1540 554 1632 624 qui
1668 570 1786 609 cum

184 662 252 701 ex
278 659 433 701 more
466 653 489 681 α
517 643 584 700 ad
615 646 978 716 vespertinum
1013 644 1257 701 Ofﬁcium
1286 646 1447 701 vellet
1473 645 1790 716 procedere,

183 736 386 792 mirum
413 736 468 792 in
498 736 717 793 modum
738 736 1096 807 gaudentibus
1117 738 1354 804 cunctis;
1384 735 1794 793 archidiaconus

184 830 303 883 hac
348 828 572 884 audiens
620 836 772 883 reatu
818 842 919 883 suo
964 843 1255 899 oppressus
1304 828 1599 899 obstupuit,
1648 827 1793 897 quod

184 917 443 975 audiebat
490 917 557 973 ad
609 932 886 988 vesperam
940 932 1319 988 processurum
1366 933 1527 987 quem
1570 918 1796 988 putabat

183 1010 382 1066 eodem
429 1010 519 1066 die
565 1010 903 1075 moriturum,
946 1009 1261 1066 confusione
1313 1020 1367 1065 et
1392 1008 1599 1081 pudore
1641 1008 1794 1064 faciei

184 1112 413 1175 opertus
457 1103 750 1160 secundum
803 1102 1245 1159 consuetudinem
1292 1118 1413 1158 cum
1460 1102 1607 1158 omni
1648 1100 1796 1157 clero

181 1197 357 1263 venit,
387 1210 569 1251 coram
598 1195 855 1267 episcopo
882 1194 1070 1261 astitit,
1103 1194 1262 1264 eique
1304 1210 1373 1250 ex
1412 1208 1563 1249 more
1608 1192 1797 1248 incen-

182 1304 305 1345 sum
337 1288 552 1352 obtulit,
606 1288 694 1344 cui
724 1288 806 1342 vir
838 1287 1046 1343 Domini
1090 1288 1206 1342 ait:
1234 1285 1509 1357 Praeceges
1557 1301 1663 1342 me.
1716 1285 1799 1340 llli

185 1397 318 1437 vero
349 1382 662 1451 ignorantes
689 1397 907 1437 causam
938 1380 1373 1453 responderunt:
1396 1379 1513 1434 Non
1545 1393 1643 1449 pro
1690 1376 1799 1432 alio

187 1471 284 1543 libi
311 1471 509 1527 dictum
535 1481 634 1537 est,
664 1470 762 1526 nisi
791 1472 915 1541 quia
942 1487 1066 1527 eum
1092 1469 1362 1541 przecedes
1382 1469 1448 1524 ad
1471 1466 1756 1525 ecclesiam
1782 1485 1795 1520 :

186 1580 422 1635 cumque
449 1568 812 1635 vespertinum
853 1565 1106 1637 coepisset
1131 1564 1354 1637 implere
1377 1561 1644 1629 Officium,
1691 1570 1802 1618 sta-

187 1656 285 1709 tim
352 1657 698 1727 supradictus
759 1656 1171 1712 archidiaconus
1231 1655 1550 1723 gravissimo
1613 1653 1802 1710 dolore

189 1746 391 1803 ibidem
422 1748 474 1802 in
504 1749 672 1805 choro
720 1748 1062 1820 psallentium
1106 1762 1394 1818 percussus
1439 1757 1541 1812 est,
1588 1745 1656 1801 ad
1704 1744 1804 1800 do-

1892 563 2152 604 couorum
2185 549 2402 605 ultimus
2429 549 2751 617 habebatur,
2784 558 2946 606 tantae
2975 548 3208 620 denique
3229 551 3492 605 sanctita-

1895 643 1983 709 tis,
2018 651 2180 699 tantze
2200 644 2629 714 compunctionis
2657 644 2818 700 fuisse
2846 643 3179 715 perhibetur,
3202 649 3259 698 ut
3280 643 3497 713 quoties

1893 738 2072 809 pluvia
2121 738 2328 805 deerat,
2378 747 2435 793 et
2479 746 2612 794 testu
2644 738 2809 793 nimio
2860 745 3003 792 terra
3049 736 3206 805 longa
3251 734 3499 792 siccitate

1896 834 2178 901 exarehat,
2208 834 2416 889 collecti
2450 834 2502 889 in
2536 850 2698 889 unum
2729 834 2874 890 cives
2904 832 3009 889 loci
3040 832 3181 888 illius
3227 846 3352 889 cum
3399 847 3502 886 eo-

1895 927 2017 983 dem
2045 942 2142 998 per
2169 926 2417 983 basilicas
2444 936 2751 983 sanctorum
2780 927 3029 998 precibus
3055 925 3341 981 Dominum
3365 940 3500 981 exo-

1897 1026 2079 1075 rantes
2126 1019 2451 1088 pergebant;
2504 1027 2727 1088 repente
2773 1033 2904 1074 vero
2930 1058 2946 1083 ,
2996 1016 3208 1086 quoties
3257 1031 3380 1071 cum
3432 1030 3500 1071 eo

1897 1110 2297 1181 procedebant,
2349 1111 2527 1180 pluvia
2576 1111 2788 1166 cmlitus
2843 1108 3085 1187 la‘rgillua
3137 1106 3501 1162 tribuebatur:

1899 1214 2019 1269 qua:
2067 1200 2377 1269 plenissime
2407 1208 2606 1254 terram
2636 1198 2834 1255 satiare
2862 1198 3156 1269 potuisset;
3205 1195 3346 1252 unde
3396 1212 3499 1252 non

1899 1290 2120 1345 dubium
2149 1298 2283 1355 erat,
2316 1290 2459 1359 quod
2490 1289 2610 1358 ejus
2640 1289 2887 1361 lacrymae
2912 1303 2981 1344 ex
3009 1296 3119 1343 tam
3149 1288 3334 1343 humili
3370 1287 3499 1343 sim—

1900 1383 2134 1455 plicique
2162 1391 2341 1438 mente
2370 1382 2525 1437 edita:
2556 1381 2696 1452 apud
2727 1382 3151 1451 omnipotentem
3193 1380 3501 1446 Dominum,

1903 1491 2012 1533 non
2060 1476 2237 1533 solum
2283 1476 2421 1541 haec,
2468 1490 2655 1532 verum
2702 1474 2866 1531 etiam
2910 1472 3124 1545 potiora
3167 1472 3231 1527 iis
3258 1471 3509 1528 obtinere

1903 1567 2231 1639 potuissent.
2279 1566 2396 1634 Quo
2438 1566 2602 1621 etiam
2648 1566 2904 1622 defuncto
2932 1562 2957 1602 ά
2989 1564 3300 1620 Renovatus
3326 1578 3508 1620 sacer-

1906 1661 2041 1718 dotii
2072 1661 2288 1717 culmen
2318 1660 2530 1717 cunctis
2561 1660 2847 1716 virtutibus
2872 1659 3159 1715 decoratus
3187 1673 3295 1739 non
3324 1657 3509 1714 imme-

1905 1753 2012 1808 rito
2036 1752 2365 1821 promeruit:
2390 1751 2472 1806 vir
2492 1751 2724 1821 denique
2746 1750 2965 1805 natione
2987 1749 3215 1815 Gothus,
3240 1763 3509 1818 generoso

188 1854 451 1910 tuumque
479 1856 631 1895 suam
656 1856 779 1895 cum
808 1841 958 1909 gravi
984 1840 1302 1910 aegritudine
1328 1838 1608 1904 remeavit,
1654 1836 1801 1907 quod
1830 1853 1882 1915 Β
1908 1850 2192 1899 stemmate
2221 1849 2553 1913 procreatus,
2588 1839 2799 1896 familia:
2827 1837 3114 1911 splendore
3155 1839 3505 1911 conspicuus;

187 1932 319 1985 dum
347 1931 578 2001 genitrix
617 1932 734 2001 ejus
762 1932 1103 1988 sanctissima
1153 1931 1364 1987 scilicet
1409 1930 1606 1986 femina
1635 1941 1804 1997 agno-

194 2022 385 2086 visset,
420 2022 565 2077 illico
591 2022 657 2077 ad
684 2022 1045 2078 venerabilem
1076 2025 1251 2078 virum
1273 2021 1614 2093 rapidissimo
1641 2034 1803 2076 cursu

192 2112 529 2182 properavit,
560 2128 792 2184 eumque
818 2114 1102 2184 deprecari
1132 2130 1255 2170 cum
1295 2114 1546 2186 lacrymis
1573 2121 1630 2168 et
1672 2111 1803 2168 lletu

193 2218 394 2273 magno
416 2204 599 2276 carpit,
624 2214 685 2260 ut
706 2220 804 2276 pro
826 2204 934 2260 lilio
954 2205 1072 2275 ejus
1098 2214 1282 2261 oraret
1302 2205 1367 2261 ad
1398 2204 1701 2262 Dominum.
1720 2203 1804 2258 Ad

192 2295 313 2350 inec
334 2293 423 2349 ille
441 2302 648 2349 tantum
673 2295 991 2365 respondit:
1018 2296 1169 2362 Quod
1195 2296 1366 2362 oravi,
1390 2293 1657 2351 oravi.Ex
1678 2294 1804 2352 hinc

192 2385 283 2440 die
313 2385 470 2440 tertia
498 2384 908 2442 archidiaconus
937 2387 1094 2443 obiit.
1134 2385 1365 2443 Sanctus
1390 2401 1524 2443 vero
1553 2385 1803 2442 Massona

193 2477 484 2549 episcopus
530 2478 815 2549 plurimis,
867 2481 1063 2549 quibus
1110 2492 1387 2550 superstes
1434 2480 1534 2536 fuit
1582 2479 1800 2546 diebus,

193 2567 422 2622 multam
452 2568 856 2642 eleemosynam
884 2571 1070 2640 egenis
1099 2570 1418 2642 impertivit,
1466 2586 1532 2627 ac
1558 2570 1805 2629 fidelibus

197 2656 245 2712 fa
253 2657 414 2715 mulis
427 2660 630 2729 majora
641 2676 753 2716 sua
771 2664 955 2731 gratiae
976 2662 1234 2718 beneficia
1247 2662 1553 2733 conferens,
1568 2664 1803 2733 largiora

193 2749 462 2820 stipendia
489 2767 767 2809 munerum
790 2755 1027 2809 tribuere
1055 2762 1138 2810 est
1158 2754 1433 2824 dignatus;
1459 2754 1485 2793 ι’
1507 2753 1700 2811 deinde
1715 2770 1803 2811 se-

195 2852 304 2894 nex
315 2840 539 2897 nimium
558 2851 719 2898 aetate
728 2845 1053 2914 decrepitus,
1066 2844 1381 2915 dierumque
1392 2846 1706 2912 multorum,
1721 2846 1803 2901 ul-

197 2930 390 2987 timum
404 2933 543 2990 inter
562 2935 726 2992 verba
742 2937 1003 2993 orationis
1017 2954 1140 2993 cum
1155 2954 1289 3009 pace
1305 2937 1508 2995 elllavit
1526 2939 1793 3010 spiritum.

792 3028 1023 3087 CAPUT
1060 3029 1200 3087 XXI.

201 3119 333 3177 Post
382 3119 687 3177 Massonam
744 3119 1077 3179 Innocentius
1132 3124 1383 3180 diaconus
1433 3124 1496 3195 ﬁt
1532 3124 1800 3196 episcopus

1908 1941 2028 1987 erat
2072 1932 2215 1987 enim
2261 1946 2519 2002 procerus
2549 1945 2799 2001 corpore,
2829 1929 3002 1986 forma
3038 1929 3371 2001 perspicuus,
3400 1938 3510 1993 sta:

1908 2032 2030 2079 tura
2061 2024 2309 2088 decorus,
2356 2023 2549 2078 obtutu
2591 2028 2794 2090 gratus,
2827 2028 3056 2076 venusto
3100 2020 3269 2086 vultu,
3311 2020 3508 2075 decora

1907 2115 2066 2182 facie,
2103 2114 2432 2185 nimiumque
2460 2112 2794 2167 admirabilis
2824 2119 3081 2181 aspectu;
3130 2110 3226 2166 sed
3266 2109 3509 2181 quamvis

1908 2214 2187 2261 extrorsus
2216 2204 2430 2261 habitus
2457 2203 2539 2260 sui
2567 2202 2737 2272 gloria
2780 2209 2923 2257 esset
2960 2199 3267 2267 decoratus,
3314 2200 3510 2258 intror-

1906 2315 2001 2356 sus
2046 2300 2322 2370 pulchrior
2365 2299 2682 2363 babebatur,
2714 2294 2913 2351 lumine
2956 2294 3129 2351 sancti
3174 2293 3404 2365 Spiritus
3446 2294 3510 2349 il-

1909 2393 2187 2461 lustratus,
2216 2392 2400 2448 multis
2432 2392 2682 2447 nimirum
2704 2391 2897 2445 artium
2922 2387 3217 2459 disciplinis
3247 2387 3510 2445 existebat

1909 2486 2170 2551 eruditus,
2202 2486 2492 2556 multisque
2533 2484 2790 2540 virtutum
2837 2483 2997 2538 variis
3040 2482 3344 2552 generibus,
3393 2489 3509 2537 erat

1908 2577 2051 2633 enim
2081 2579 2327 2649 egregius
2358 2579 2412 2632 in
2441 2577 2691 2632 omnibus
2719 2575 2972 2646 operibus
2992 2575 3124 2642 suis,
3146 2575 3509 2646 requissimus,

1903 2661 2252 2735 iustissimus,
2287 2670 2617 2739 nimiumque
2645 2669 2787 2725 acris
2816 2668 3052 2738 ingenii,
3094 2676 3150 2724 et
3179 2668 3232 2722 in
3262 2669 3511 2724 omnibus

1908 2762 2207 2833 disciplinis
2234 2761 2610 2820 ecclesiasticis
2638 2761 2987 2817 vehementer
3007 2760 3323 2828 instructus,
3347 2769 3510 2832 atque

1906 2855 1963 2911 in
1993 2854 2187 2911 divinis
2214 2855 2576 2911 voluminibus
2603 2869 2861 2925 perquam
2889 2854 3242 2910 exercitatus:
3269 2854 3355 2910 hic
3382 2853 3509 2911 dum

1905 2945 2088 3001 multis
2116 2946 2403 3002 virtutibus
2430 2954 2742 3002 coruscaret
2770 2960 2922 3002 sacra
2951 2945 3191 3001 doctrina
3221 2944 3510 3001 nonnullos

1903 3036 2201 3107 discipulos
2246 3038 2496 3094 erudiens
2524 3079 2542 3107 ,
2589 3037 3037 3107 sanctissimoque
3089 3038 3335 3109 exemplo
3383 3039 3508 3096 vita

1906 3141 2017 3184 suae
2063 3128 2367 3193 instituens,
2413 3128 2696 3199 prudentia
2741 3128 3011 3195 videlicet,
3061 3130 3369 3196 sanctitate,
3408 3144 3506 3200 pa-

270 3213 635 3284 Emeritensis,
657 3224 708 3270 et
727 3224 841 3286 post
868 3216 1017 3271 illum
1047 3214 1362 3284 Renovatus,
1391 3227 1600 3290 uterque
1628 3219 1799 3272 clarus
1828 3228 1875 3289 ς
1908 3218 2115 3285 tientia,
2150 3218 2580 3284 mansuetudine,
2629 3215 3016 3282 misericordia,
3060 3219 3323 3288 plurimos
3350 3218 3505 3277 tach

271 3307 559 3363 miraculis.
1374 3364 1379 3367 μ

277 3397 405 3455 Post
447 3399 739 3454 discessum
770 3413 1005 3469 namque
1040 3398 1335 3471 supradicti
1372 3400 1695 3457 sanctissimi
1737 3415 1803 3458 ac

200 3490 526 3547 venerabilis
556 3489 815 3547 Massonre
841 3493 1079 3563 episcopi
1119 3492 1443 3563 subrogatur
1473 3494 1552 3549 vir
1577 3510 1802 3550 summa:

199 3581 520 3637 humilitatis
540 3596 604 3636 ac
618 3581 995 3653 simplicitatis,
1023 3597 1043 3624 ε
1074 3581 1416 3641 Innocentius
1436 3586 1673 3649 nomine,
1706 3603 1802 3642 cu-

198 3674 290 3745 ius
315 3673 565 3729 meritum
595 3674 826 3729 nominis
855 3674 1108 3731 indicavit
1152 3675 1490 3742 vocabulum,
1541 3678 1801 3734 innocens

199 3765 395 3833 utique
421 3774 475 3820 et
501 3764 747 3835 simplex,
779 3766 1047 3822 neminem
1073 3767 1337 3838 judicans,
1369 3770 1634 3825 neminem
1664 3786 1800 3827 con-

197 3856 490 3925 demnans,
516 3856 716 3912 nemini
747 3872 969 3926 nocens,
1019 3859 1284 3917 innocuus
1323 3875 1554 3932 semper,
1604 3871 1657 3919 et
1681 3862 1802 3933 pius

198 3948 418 4004 cunctis
442 3962 555 4006 suae
581 3947 704 4004 vitae
748 3951 1079 4022 temporibus
1106 3952 1313 4009 exstitit
1338 3969 1351 4007 :
1375 3953 1466 4024 qui
1510 3962 1565 4011 et
1608 3955 1801 4011 eodem

280 4115 308 4143 ⁸
336 4107 420 4181 4d
446 4108 1059 4181 uespertinumoﬁicium.
1092 4108 1254 4165 Teste
1293 4108 1483 4167 Isidor.
1519 4127 1592 4178 vr,
1621 4111 1797 4181 0rig..

209 4176 301 4231 l9.
333 4174 430 4264 ξιτ
460 4178 514 4260 in
532 4174 707 4264 noctis
735 4174 908 4264 initio,
933 4189 1163 4262 vocatum
1190 4182 1401 4264 a‘stel'lu
1425 4174 1652 4264 vespere,
1686 4174 1801 4264 qua:

202 4248 376 4321 surgit
405 4249 601 4303 oriente
647 4258 835 4305 nocte:
878 4249 945 4321 de
975 4251 1128 4319 cujus
1148 4252 1474 4321 antiquitate
1506 4248 1561 4308 et
1589 4248 1800 4308 institu-

206 4320 362 4388 tione
387 4332 566 4387 operze
597 4321 827 4388 pretium
863 4320 989 4375 duxi
1024 4336 1110 4375 me
1136 4320 1419 4387 facturum,
1449 4323 1494 4377 si
1540 4323 1798 4379 lectorem

207 4387 701 4463 adnionuerimuiti
730 4392 887 4463 adeat
912 4391 1219 4463 notationes
1235 4391 1461 4463 doctiss.
1481 4409 1545 4447 ac
1571 4394 1799 4463 piissimi

211 4457 317 4533 viri
345 4458 704 4533 amicinostri
732 4460 795 4533 D.
825 4460 1040 4533 Antonii
1065 4461 1363 4533 Caraccioli
1402 4462 1468 4517 ad
1503 4457 1623 4533 cap.
1656 4463 1795 4518 Cou-

206 4530 338 4613 s‘t‘it.
384 4527 580 4613 Qleric.
640 4532 808 4613 reg-ul.
855 4530 1169 4612 religionis,
1222 4546 1358 4613 .qum
1415 4527 1609 4613 magno
1660 4535 1795 4613 reip.

208 4598 532 4675 libristiante
552 4598 1021 4675 bono‘ilispauiajn
1048 4598 1564 4675 noyisjricrement'is
1585 4598 1805 4675 incepit
1837 4616 1882 4675 υ

206 4670 323 4742 jam
352 4667 838 4742 beare,_corypluco
868 4681 921 4724 et
943 4670 1079 4725 duce
1111 4671 1168 4723 D.
1204 4669 1419 4742 Placido
1444 4671 1617 4742 Myrto
1642 4667 1804 4727 Fran-

210 4739 414 4807 gipane
432 4738 498 4794 ν.
520 4738 603 4793 Cl.
636 4738 810 4796 amico
841 4743 1000 4796 etiam
1033 4752 1237 4811 nostro,
1261 4742 1345 4797 cui
1372 4738 1623 4811 Hispania
1645 4751 1803 4799 aster-

214 4823 477 4880 nugm_pro
503 4818 612 4864 tam
640 4811 894 4880 singulari
924 4809 1185 4866 beneﬁcio
1211 4812 1313 4865 erit
1336 4809 1586 4871 obnoxia.

290 4877 329 4955 b_
348 4878 547 4934 Deinde
569 4877 964 4955 seuex'niinium
986 4891 1136 4955 rotate
1174 4881 1479 4955 decrepitus,
1509 4883 1807 4955 dierumque

213 4951 498 5023 multorum
528 4954 800 5023 ultimum
833 4952 967 5006 inter
1010 4950 1163 5006 verba
1207 4954 1458 5023 orationis
1514 4970 1627 5007 cum
1678 4950 1808 5023 puce

212 5014 713 5091 emovigsp‘iritum.
744 5021 893 5076 Diem
939 5023 1177 5090 assignat
1217 5022 1286 5076 Μ.
1332 5022 1593 5079 Maximus
1622 5014 1690 5076 ad
1716 5041 1803 5079 an.

215 5088 331 5147 (ἱῡῖ
361 5108 374 5143 :
406 5088 747 5162 S.Hassona
777 5088 1199 5162 metropolilanus
1222 5091 1560 5148 Emeritensis
1588 5095 1809 5149 moritur

218 5166 392 5217 otium
420 5160 502 5216 die
531 5163 761 5218 novemb.
789 5202 805 5229 ,
853 5172 907 5216 ut
936 5160 1146 5216 sanctus
1176 5164 1408 5225 habetur,
1440 5174 1490 5217 et
1516 5166 1568 5218 in
1597 5166 1707 5219 (vile
1742 5165 1805 5220 S.

218 5231 451 5287 Eulalia
476 5235 739 5302 sepelitur.
787 5234 952 5301 Cujus
998 5233 1244 5288 laudibus
1291 5249 1396 5287 nou
1437 5236 1702 5302 gravabor
1728 5245 1811 5288 at-

218 5314 412 5358 texere
439 5303 768 5373 epigramma
798 5319 829 5357 e
873 5319 999 5357 mss.
1035 5305 1229 5358 nostris
1260 5305 1603 5359 emendatum
1647 5306 1702 5359 S.
1738 5305 1812 5358 ll-

216 5373 491 5442 ilephonsi
514 5374 830 5445 archiepisc.
856 5373 1029 5445 Tolet.
1055 5376 1196 5444 apud
1223 5373 1488 5429 Juliauuin
1509 5376 1814 5445 archipres-

216 5445 471 5514 byterum
499 5444 740 5514 ejusdem
763 5443 969 5501 Eccles.
1001 5443 1123 5500 cum
1149 5445 1248 5499 hac
1277 5445 1624 5515 inscriptione
1650 5464 1663 5501 :

256 5555 485 5615 Camn
511 5575 607 5630 pro
632 5560 696 5616 S.
729 5558 970 5614 Leandro
998 5567 1045 5614 et
1075 5559 1329 5630 Hassona
1350 5559 1783 5628 metropolitanis,

487 5628 582 5684 hoc
611 5629 940 5691 Emeritensi.
974 5632 1064 5684 illo
1093 5647 1212 5684 vero
1243 5628 1565 5698 Hispalensi.

356 5742 580 5792 Leander
606 5751 743 5803 pater
770 5743 1042 5803 excellens,
1073 5754 1219 5803 quem
1244 5742 1439 5799 suscipit
1462 5740 1617 5789 aether

425 5802 665 5853 Laudibus
686 5814 927 5861 ornatum,
953 5802 1263 5864 conspicuum
1287 5802 1444 5853 titulis

360 5866 503 5919 lucus
523 5869 715 5917 Arianae
743 5870 925 5929 genus,
948 5866 1211 5917 medicator
1233 5870 1285 5915 et
1308 5864 1437 5914 Hem

1910 3308 2085 3382 qualis
2113 3310 2343 3377 exstitit,
2374 3309 2555 3363 limina
2580 3308 2826 3377 jnstitian,
2866 3308 3237 3378 sequendique
3280 3308 3504 3380 dogma-

1910 3404 1980 3457 tis
2034 3400 2416 3472 prazdicatione
2469 3398 2687 3466 effecit;
2750 3400 2903 3469 cujus
2948 3399 3196 3457 doctrina
3247 3399 3505 3458 hactenus

1910 3492 2097 3548 rutilat
2140 3507 2203 3548 ac
2250 3491 2479 3560 refulget
2527 3489 2768 3548 Ecclesia
2818 3491 2874 3548 in
2922 3491 3039 3547 sole
3086 3501 3142 3548 et
3190 3491 3336 3548 luna.
3371 3492 3502 3549 Dein

1908 3609 2034 3649 cum
2077 3608 2174 3666 per
2216 3593 2480 3664 plurimos
2506 3607 2680 3648 annos
2706 3592 3256 3664 irreprehensihiliter
3294 3595 3504 3653 rexisse

1908 3683 2207 3740 Ecclesiam
2231 3683 2486 3753 angelicis
2504 3684 2731 3741 ctetibus
2751 3684 3119 3754 copulaturus,
3148 3685 3504 3758 omnibusque

1908 3774 2220 3832 caelestibus
2262 3774 2492 3845 partium
2542 3789 2892 3845 supernaruin
2943 3776 3238 3845 legionibus
3277 3777 3504 3848 conjun-

1905 3876 2117 3935 cturus,
2146 3866 2466 3922 mirabiliter
2503 3866 2723 3922 artubus
2760 3865 3012 3922 resolutis
3039 3881 3071 3921 e
3098 3882 3327 3938 corpore
3354 3881 3505 3939 egre-

1908 3966 2067 4023 diens
2126 3965 2343 4037 superni
2401 3964 2552 4035 regni
2614 3964 2792 4020 aulam
2846 3978 2969 4021 cum
3025 3964 3240 4023 Christo
3294 3982 3507 4040 semper

2099 4121 2278 4172 Doctor
2301 4119 2490 4181 Isidori,
2518 4131 2668 4182 quem
2691 4124 2902 4181 generat
2928 4120 3135 4171 Domino

2034 4183 2107 4235 Tu
2129 4196 2315 4239 quoque
2336 4196 2427 4232 τε.
2468 4180 2601 4231 rem:
2628 4180 2916 4231 MsnrrsrtSis
2932 4195 3104 4233 GLOIIA
3124 4196 3291 4235 omnis

2102 4246 2328 4296 Msssoru
2352 4244 2569 4304 consilio,
2596 4251 2818 4305 pectore,
2842 4252 2958 4293 note
2984 4244 3100 4295 fide.

2039 4310 2195 4371 Ambo
2219 4319 2362 4371 pares
2383 4308 2572 4368 animis,
2596 4308 2788 4371 pietate
2816 4313 2871 4355 et
2894 4305 3115 4371 laudibus
3133 4308 3300 4371 ambo,

2103 4368 2257 4431 inque
2278 4370 2421 4431 domo
2443 4369 2608 4431 magni
2632 4379 2797 4417 murus
2815 4374 3027 4428 uterque
3052 4368 3162 4417 Dei.

2036 4428 2232 4481 Vicistis
2256 4428 2507 4480 tolerando
2530 4428 2705 4487 minas,
2729 4433 3037 4488 animumque
3058 4429 3302 4481 rebellem

2103 4492 2413 4556 Regis,_eum
2434 4488 2646 4556 sceleris
2669 4490 2960 4556 pmnituisse
2981 4489 3161 4556 ferunt.

2039 4553 2143 4617 Vos
2160 4551 2312 4602 soboli
2338 4553 2474 4617 regis
2494 4551 2705 4617 biforem
2728 4552 2991 4617 reserastis
3015 4551 3294 4617 Olympum;

2106 4616 2203 4664 Per
2227 4629 2317 4664 nos
2337 4614 2462 4664 alter
2487 4616 2616 4660 enim
2639 4620 2820 4672 martyr
2842 4614 2899 4659 ad
2920 4621 3048 4661 astra
3075 4614 3204 4664 volat
3225 4630 3236 4662 :

2040 4677 2182 4739 Alter
2208 4683 2259 4725 et
2283 4677 2340 4739 ad
2365 4687 2532 4724 roseas
2556 4679 2772 4739 emergit
2796 4672 2990 4739 luminis
3010 4687 3172 4739 auras,

2107 4738 2164 4787 Et
2186 4750 2279 4800 qua
2302 4736 2412 4785 luce
2436 4743 2592 4800 caret,
2614 4743 2729 4800 tunc
2743 4736 2896 4800 jubar
2912 4736 3021 4796 ejus
3043 4736 3211 4789 habet.

2040 4794 2435 4864 Vqsrm'emoraut
2455 4797 2596 4864 genti
2624 4794 2793 4864 Gothus
2821 4794 3053 4864 tribuisse
3075 4800 3285 4849 salutem
3304 4838 3319 4864 ,

2107 4861 2306 4923 Linqutt
2323 4872 2431 4923 cum
2451 4860 2658 4923 invisum
2683 4858 2876 4920 dogma,
2906 4861 3140 4922 piumque
3162 4858 3322 4913 tenet'.

2043 4922 2142 4972 Vos
2156 4919 2340 4985 merito
2362 4920 2531 4985 victrix
2559 4919 2745 4985 laurus,
2773 4919 3095 4985 sequiturque
3115 4926 3354 4985 perennis

2107 4984 2289 5043 Gloria,
2314 4990 2387 5032 tot
2411 4983 2600 5046 uternis
2622 4981 2787 5031 debita
2813 4981 3100 5046 magniﬁcis.

2042 5046 2251 5107 Semper
2278 5052 2442 5094 vester
2468 5043 2643 5105 honos,
2664 5052 2824 5108 atque
2844 5043 3017 5106 inclyta
3041 5045 3161 5094 fama
3184 5047 3423 5108 manebit,

2108 5104 2303 5169 vosque
2328 5113 2503 5153 canent
2530 5104 2713 5169 p0puli,
2737 5104 2826 5169 sed
2847 5104 3000 5167 magis
3022 5114 3150 5157 astra
3169 5117 3381 5169 canunt;

2043 5170 2173 5222 Estis
2192 5167 2321 5217 enim
2347 5173 2535 5217 reterns
2560 5167 2807 5231 praecincti
2828 5175 3046 5231 tempora
3074 5169 3241 5219 fronde

2108 5231 2245 5280 Inter
2269 5232 2494 5300 doctores
2516 5227 2851 5300 splendidiore
2864 5227 3001 5300 loco.

1996 5305 2019 5333 ο
2047 5291 2402 5346 Innocentius.
2453 5289 2555 5356 Qui
2602 5289 2820 5344 decreto
2859 5289 3180 5345 Gundcmari
3225 5292 3368 5359 regis
3407 5304 3505 5346 ter.

1921 5361 2027 5418 648
2079 5363 2157 5417 sic
2200 5361 2513 5429 subscripsit
2554 5376 2569 5412 :
2627 5359 2737 5430 Ego
2791 5359 3120 5415 Innocentius
3168 5360 3507 5416 Emeritensis

1926 5435 2202 5500 provincia:
2232 5431 2513 5486 Lusitania:
2541 5430 2964 5498 metropolitmms
2993 5432 3278 5500 episcopus,
3305 5432 3426 5491 dum
3456 5435 3508 5487 in

1928 5494 2106 5558 strbem
2135 5501 2437 5557 Toletanam
2462 5516 2557 5573 pro
2582 5494 2794 5556 occursu
2824 5504 2969 5571 regio
2989 5494 3328 5573 edocuissent,
3359 5505 3512 5573 agni-

1929 5577 1996 5628 tis
2024 5573 2089 5628 iis
2118 5571 2565 5643 constitutionibus
2595 5586 2860 5643 assensum
2880 5570 3091 5643 frtrbyi
3125 5570 3510 5643 etnsubscripsi.

1930 5643 2090 5699 Plura
2121 5643 2188 5697 de
2208 5659 2273 5697 eo
2305 5641 2490 5697 Mora].
2521 5642 2612 5695 lib.
2640 5656 2733 5703 xu,
2762 5655 2810 5693 c.
2834 5638 2924 5699 29.,
2958 5648 3006 5692 et
3040 5638 3228 5695 l'ailill.
3257 5638 3509 5706 ccutfvu,

1929 5731 2047 5787 cap.
2074 5715 2159 5787 47.

2001 5782 2027 5825 λε
2064 5785 2373 5840 Renovatus.
2406 5782 2481 5841 De
2520 5800 2625 5857 quo
2656 5784 2760 5838 viil.
2786 5799 2905 5853 qum
2937 5782 2997 5835 ad
3044 5798 3163 5853 cap.
3206 5786 3241 5837 ι).
3286 5788 3509 5841 nutaba-

1931 5894 2066 5926 υνυς,
