4118 6332
202 350 205 355 ’
292 380 400 440 ica

1171 372 1733 435 APOSPASMATION
1772 371 1864 426 DE
1896 366 2119 426 REBUS
2161 369 2727 429 EMERITENSIBUS.

3454 372 3550 429 l70

288 514 323 553 II
356 493 645 552 Prudentia
684 493 897 550 dicitur.
930 492 1141 547 Parum.
1170 492 1438 547 Ausonius
1477 490 1530 544 in
1555 488 1672 546 0rd.
1706 486 1873 543 nobil.
1909 490 1950 547 Α
1982 484 2297 539 maritimum
2348 494 2583 552 tractum,
2616 496 2664 539 et
2705 502 2859 554 usque
2897 486 2964 538 ad
3004 484 3299 549 Columnas,
3350 494 3455 541 cto.
3485 486 3555 543 In

296 566 506 622 urbium
534 576 624 621 vm
648 565 754 619 hoc
781 564 955 629 titulo,
987 562 1065 618 De
1094 562 1338 617 Euenus
1365 579 1376 613 :

418 654 544 704 Jure
566 654 680 703 mihi
703 660 809 715 post
829 653 917 701 has
940 652 1278 701 memorabere
1300 662 1478 715 nomen
1495 649 1692 715 Iberum

416 717 661 775 Euenus;
687 712 944 776 aequoreus
965 726 1105 776 quam
1128 712 1483 776 praeterlabitur
1507 714 1692 771 amnis;

418 772 675 827 Submitti't
697 772 773 824 cui
798 782 894 825 tota
918 772 1033 825 suos
1054 772 1280 836 Hispania
1297 772 1479 836 riasgges.

419 838 640 888 Corduba
668 850 780 898 non,
807 850 901 886 non
926 850 1040 886 arce
1063 827 1343 898 potensitibi
1361 827 1569 898 Tarraco
1588 838 1796 891 certant,

422 901 643 960 Quasque
664 895 775 947 simi
798 898 961 961 pelagi
981 895 1128 960 jaclat
1150 910 1205 947 se
1227 897 1430 945 Bracara
1450 895 1606 946 dives.

290 979 449 1047 Quod
473 980 670 1035 frustra
700 978 903 1048 Hispali
931 986 1196 1048 conantur
1230 975 1614 1048 attribuereAE.
1654 975 1877 1030 Vinetus

288 1044 505 1105 Comm.
536 1050 607 1104 ad
661 1044 864 1104 Ausdn.
914 1057 970 1104 et
1015 1047 1077 1101 P.
1108 1049 1312 1116 Merula
1360 1061 1479 1116 cap.
1511 1044 1601 1110 24,
1649 1055 1788 1114 part.
1818 1061 1874 1109 ιι,

288 1118 390 1175 lib.
422 1118 865 1190 nCosmwiquod
904 1118 973 1190 ιιι⁸
1000 1118 1205 1190 aliquot
1231 1115 1400 1190 Codd.
1428 1115 1769 1190 reperiatur,
1823 1127 1878 1170 et

289 1190 436 1259 quod
465 1189 670 1260 Hispali
697 1184 905 1260 Iberum
931 1184 1429 1260 Hispahumquesit
1471 1184 1691 1260 nomen,
1719 1184 1876 1260 Eme-

287 1255 394 1313 rita
423 1255 602 1315 autem
652 1258 919 1313 Latinum.
966 1255 1130 1325 Quasi
1175 1272 1301 1310 vero
1345 1255 1572 1325 llispalis
1614 1256 1875 1324 originem

290 1327 538 1382 Latinam
569 1330 795 1384 nesciat.
823 1327 1058 1382 Isidorus
1086 1344 1154 1381 xv
1184 1325 1329 1395 Orig.
1363 1343 1401 1394 ι,
1445 1326 1679 1394 Hispalis
1707 1341 1738 1377 a
1771 1327 1874 1378 situ

288 1401 661 1470 cognominata
700 1408 889 1470 est,_eo
916 1399 1051 1470 quod
1095 1399 1151 1450 in
1181 1398 1290 1451 solo
1329 1397 1548 1470 palustri
1579 1395 1781 1470 sufﬁxis
1818 1397 1873 1448 in

288 1465 550 1541 pri-tundo
562 1471 710 1541 palis
724 1465 977 1523 collocata
989 1468 1064 1541 sit
1084 1485 1099 1522 :
1126 1465 1476 1541 quametiam
1493 1465 1872 1541 etymologiam

290 1534 529 1609 respexit
560 1534 744 1604 Rasis,
784 1553 905 1609 cum
953 1538 1029 1590 ait
1069 1555 1082 1609 :_
1117 1535 1338 1599 Quando
1380 1535 1624 1609 Hercules
1664 1534 1813 1609 poblo
1841 1552 1874 1588 α

292 1605 510 1672 δειῖἱηα,
544 1610 761 1679 fundata
786 1606 1173 1679 sobre_made_ra
1194 1622 1221 1660 e
1241 1608 1420 1679 pusola
1447 1605 1657 1679 nombre
1684 1606 1747 1657 de
1772 1606 1873 1657 ista

289 1680 357 1731 de
383 1674 609 1748 palos'“.
639 1679 705 1732 Et
731 1692 899 1748 quare
935 1675 1168 1748 Hispalis
1213 1674 1306 1748 aut
1350 1674 1532 1748 Hispal
1580 1674 1871 1743 Hispanum

292 1743 606 1812 sit’nomen,
641 1743 954 1802 non-video.
987 1743 1321 1801 Phoenicium
1348 1754 1441 1799 aut
1485 1743 1744 1798 Punicum
1771 1760 1870 1812 po-

290 1819 400 1873 tius
430 1834 537 1873 non
564 1818 705 1872 male
732 1818 1082 1886 argutabatur
1098 1816 1182 1870 vir
1208 1829 1431 1882 magnus
1456 1814 1516 1867 B.
1538 1814 1692 1869 Arias
1714 1812 1867 1867 Mon-

2048 572 2133 608 am
2178 558 2479 627 rnaritima;_
2498 566 2713 627 partem
2742 566 2789 607 et
2822 556 2976 609 Baetis
3001 566 3050 609 et
3086 556 3227 609 Anas
3257 558 3552 627 erumpunt,

2038 642 2100 678 nc
2128 628 2404 680 novissima
2430 625 2776 696 Mauritania;
2794 627 2947 696 plaga
2971 628 3105 680 inter
3129 625 3443 680 Atlanticum
3473 629 3555 685 itt-

1979 695 2152 749 cidens
2178 697 2429 767 pelagus,
2440 698 2624 766 fretum
2653 695 2720 748 ad
2739 692 3015 767 Calumnas
3056 698 3224 767 effigit,
3253 714 3349 767 quo
3378 707 3560 752 extra-

1980 781 2130 818 neum
2156 782 2270 818 cum
2294 765 2676 836 Mediterraneo
2702 766 2833 818 mari
2847 765 3108 836 jungitur.
3134 765 3201 819 Et
3223 765 3379 835 paulo
3402 776 3548 834 ante,

1978 836 2237 888 Australis
2268 835 2577 905 (Hispanite)
2624 836 2799 888 lateris
2845 835 3047 905 initium
3088 836 3156 889 ad
3200 837 3359 890 alium
3398 854 3558 905 usque

1979 905 2171 975 ﬂunien
2196 907 2365 959 Anam
2413 914 2462 957 et
2489 906 2599 975 ejus
2628 921 2906 975 egressum.
2954 904 3030 956 Ab
3074 907 3409 960 orientalibus
3437 904 3555 963 vero

1980 974 2209 1044 partibus
2235 985 2443 1043 uterque
2464 974 2707 1045 defertur.
2748 976 2892 1027 Alter
2919 976 3123 1045 quidem
3153 985 3290 1030 retro
3316 978 3370 1030 in
3402 994 3555 1031 occa-

1979 1060 2091 1097 sum
2120 1060 2272 1098 cursu
2315 1045 2533 1098 elabitur
2576 1044 2735 1098 altero
2784 1044 2939 1114 longe
2968 1046 3155 1115 major.
3198 1045 3385 1100 Verum
3412 1048 3557 1102 Anas

1979 1130 2090 1167 sese
2116 1115 2274 1183 ﬂectit
2300 1115 2353 1169 in
2381 1117 2645 1185 Austrum,
2675 1114 2895 1167 mediam
2924 1114 3059 1169 inter
3088 1132 3269 1169 amnes
3294 1118 3558 1185 regionem

1981 1185 2367 1256 disterminans,
2409 1201 2560 1255 quam
2592 1182 2745 1237 Cella:
2785 1186 2990 1256 majori?
3018 1201 3081 1238 ex
3108 1194 3266 1256 parte
3302 1182 3554 1251 incolunt,

1977 1264 2026 1328 et
2048 1254 2409 1328 Lusitanorum
2422 1254 2673 1328 plerique,
2699 1271 2823 1328 quos
2854 1270 2917 1307 ex
2935 1254 3183 1328 ulterio‘ri‘
3197 1254 3324 1328 Tagi
3351 1259 3560 1328 regione

1978 1325 2029 1376 in
2058 1324 2315 1378 coloniam
2342 1322 2888 1377 Romani‘traduxere.
2923 1322 2987 1376 In
3012 1322 3359 1391 superioribus
3389 1322 3559 1381 autem

1978 1393 2206 1468 partibus
2228 1393 2524 1468 Carpet_ani,
2549 1393 2878 1468 Cg'ettanique
2899 1402 2948 1446 et
2980 1394 3245 1468 Vettonum
3268 1398 3557 1468 frequentes

1978 1412 2206 1461 paruous
2228 1412 2524 1464 uarpetam,
2549 1412 2878 1516 Lreuamlque
2899 1412 2948 1446 ει
2981 1412 3245 1448 veuonum
3268 1412 3557 1468 {reqttentes

1977 1464 2233 1524 habitant,
2262 1472 2368 1517 etc.
2396 1463 2459 1517 Et
2483 1463 2698 1517 tandem
2716 1505 2729 1527 ,
2819 1465 2865 1516 ic
2903 1472 2979 1517 est
3006 1481 3151 1533 quem
3180 1466 3370 1533 ﬂumen
3403 1467 3560 1522 Baetis

1977 1533 2125 1609 alluit
2146 1533 2330 1609 iisdem
2354 1536 2406 1587 in
2435 1534 2560 1587 locis
2582 1550 2821 1597 nascens,
2846 1550 2912 1609 ea:
2939 1534 3118 1609 quibus
3142 1538 3280 1609 Anus
3308 1547 3357 1590 et
3385 1536 3558 1609 Tagus

1978 1604 2160 1657 media:
2190 1604 2326 1674 inter
2368 1614 2635 1673 utrumque
2683 1605 3055 1674 magnitudinis
3095 1607 3322 1660 existens
3369 1608 3431 1660 ab
3465 1604 3559 1662 'sui

1976 1673 2289 1740 primordio,
2342 1674 2634 1727 sicutAnas
2673 1674 2729 1727 in
2775 1673 3013 1728 occasum
3052 1675 3303 1743 ﬂuitans,
3356 1678 3477 1731 inde
3504 1680 3557 1731 in

1976 1752 2208 1796 austrum
2238 1744 2543 1810 deﬂectens,
2571 1746 2625 1797 in
2656 1745 2789 1797 idem
2818 1746 2958 1798 littus
2989 1746 3234 1798 excurrit.

2046 1811 2171 1867 Haec
2192 1828 2260 1867 ex
2288 1812 2485 1879 ﬂuviis,
2517 1829 2583 1867 ex
2610 1814 2828 1869 urbibus
2855 1814 3021 1868 etiam
3060 1814 3382 1880 deducenda
3426 1832 3557 1872 con—

290 1862 1743 1954 ἰέἱῖυέῖἆὲἴέῦέιὶιῗιῖἁὲὂᾝιέὶπὲ
1774 1900 1869 1937 va-
1906 1862 1947 1919 Β
1971 1880 2178 1954 jectura
2201 1890 2303 1954 e_st.
2329 1862 2674 1954 Magdaiolim
2704 1891 2752 1937 el
2786 1884 3015 1954 celebris
3044 1874 3290 1954 llispalis,
3320 1886 3413 1939 sed
3427 1862 3555 1942 vnvon

289 1956 610 2011 lidissimum
649 1966 799 2026 putet
846 1955 914 2010 ν.
963 1954 1046 2011 CI.
1091 1955 1327 2026 Merula,
1356 1970 1499 2026 cum
1548 1969 1655 2007 non
1694 1954 1868 2007 solum

291 2026 485 2095 fragile
510 2027 600 2091 sit,
648 2024 743 2080 sed
784 2026 946 2081 etiam
988 2040 1200 2079 vanum.
1243 2024 1870 2095 Astipulatorestamen

287 2093 498 2150 invenit
523 2096 676 2158 alios,
707 2096 803 2151 sed
842 2096 1091 2162 Baeticos,
1120 2094 1208 2165 qui
1238 2093 1701 2165 Jos._Scaligerum
1732 2094 1871 2147 osci-

290 2168 476 2235 tantize
507 2174 714 2231 notant,
744 2166 887 2235 quod
914 2182 930 2219 ι
960 2163 1161 2219 Διιδοιι.
1193 2164 1318 2218 lect.
1342 2163 1414 2217 25
1461 2172 1526 2235 et
1546 2164 1638 2217 lib.
1664 2179 1720 2227 ιι,
1746 2178 1867 2232 cap.

290 2234 386 2302 '50,
442 2235 711 2302 vulgatam
760 2233 984 2290 Ausonii
1040 2235 1327 2290 lectionem
1381 2233 1587 2288 erudite
1637 2242 1869 2287 tueatur.

291 2305 422 2361 Scio
451 2304 635 2359 Baetim
659 2306 726 2359 ab
747 2306 982 2373 antiquis
1003 2306 1193 2359 merito
1222 2304 1479 2358 celebrari
1509 2312 1562 2357 et
1584 2303 1872 2373 navigabili

291 2376 619 2430 commercio
646 2371 894 2437 divitem}
924 2376 1017 2429 sed
1040 2390 1146 2428 non
1176 2375 1362 2442 ignoro
1382 2373 1449 2427 ab
1477 2373 1663 2427 iisdem
1686 2371 1875 2441 Hispa-

292 2444 386 2514 lim
416 2445 527 2499 sive
555 2445 757 2514 Spalim
789 2445 915 2499 Baeti
958 2443 1012 2497 ﬂ.
1048 2445 1314 2514 prmcipue
1345 2458 1449 2498 non
1498 2442 1783 2514 designari,
1812 2450 1875 2496 ut

291 2512 751 2583 Emeritam—Ana.
784 2515 859 2570 De
889 2530 996 2583 qua
1041 2512 1241 2583 Plipius
1268 2513 1329 2577 4,
1368 2528 1487 2583 cap.
1522 2513 1609 2567 15.
1640 2512 1875 2583 Augusta

293 2582 531 2638 Emerita
578 2585 708 2638 Ana:
732 2585 789 2654 ﬂ.
821 2580 1079 2653 apposita.
1113 2580 1446 2638 Prudentius
1461 2582 1529 2638 de
1556 2580 1762 2647 eadem,

608 2680 760 2733 Quam
785 2675 1113 2725 memorabilis
1137 2676 1288 2724 amnis
1312 2674 1386 2723 An
1403 2687 1443 2723 es

608 2739 853 2788 Praeterit.
892 2773 906 2787 .
943 2772 957 2786 .
995 2775 1006 2786 .
1040 2774 1052 2787 .

288 2823 467 2886 Quem
508 2820 703 2874 Paulus
730 2819 1074 2875 Emeritensis
1104 2827 1289 2872 noster
1316 2818 1610 2887 expressit,
1665 2832 1784 2885 cap.
1818 2815 1871 2879 2,

294 2890 651 2945 Hcmorabilis
695 2891 863 2945 amnis
914 2892 1056 2944 Anus
1096 2890 1307 2942 nimium
1335 2903 1650 2942 excrescens.
1679 2888 1769 2942 Sic
1806 2887 1873 2941 ab

296 2964 503 3015 Auson.
535 2962 624 3015 hic

296 2964 503 3016 Auson.
535 2964 624 3015 hic

420 3051 652 3111 Emerita,
677 3064 934 3115 aequoreus
957 3064 1098 3113 quam
1124 3049 1481 3114 praeterlabitur
1503 3050 1656 3098 amnis
1674 3087 1686 3110 ,

288 3133 363 3189 Et
382 3136 616 3206 epistola
646 3135 711 3190 ad
744 3134 1042 3205 Paulinum,

419 3228 749 3291 Emeritazque
772 3242 953 3278 amnes.
992 3263 1004 3277 .
1043 3264 1054 3276 .
1094 3261 1109 3277 .

292 3307 319 3344 ι)
353 3306 507 3363 Addo
540 3311 806 3365 notiorem
852 3310 977 3363 hinc
1016 3307 1303 3363 Emeritam
1334 3316 1389 3363 et
1418 3310 1586 3362 Anam
1630 3308 1869 3363 Ausonio

292 3376 480 3449 fuisse,
511 3395 633 3434 cum
660 3380 939 3449 utriusque
967 3379 1052 3434 bis
1078 3379 1399 3449 meminerit,
1427 3394 1585 3447 quam
1611 3376 1869 3448 Hispalim

293 3457 353 3519 et
398 3448 598 3519 Bmtin,
633 3448 861 3517 quorum
895 3465 1188 3519 nunquam.
1224 3448 1411 3517 Itaque
1450 3450 1618 3516 magis
1663 3450 1775 3519 haec
1804 3465 1871 3503 ex

290 3516 628 3573 familiaribri
653 3516 874 3574 Ausonii
905 3516 1230 3587 cognitione,
1252 3516 1413 3587 quam
1442 3534 1507 3572 ex
1537 3519 1638 3571 alia
1663 3518 1873 3587 ratione

292 3589 589 3657 pensanda,
617 3588 771 3643 Bze‘tis
796 3592 926 3658 (non
951 3585 1109 3658 nego)
1136 3585 1415 3657 aequdrens
1435 3590 1521 3652 sit,
1555 3604 1677 3642 nam
1708 3585 1873 3643 Ocea-

292 3659 352 3729 ni
384 3667 637 3729 naturam
662 3675 787 3727 erga
826 3661 1025 3728 fluxum
1053 3660 1406 3729 reﬂuxuimque
1443 3659 1695 3725 declarat,
1734 3667 1873 3714 teste

293 3725 624 3783 Philostrato
654 3730 703 3783 in
722 3725 983 3799 Apellen.
1012 3746 1062 3794 v,
1094 3725 1212 3797 eap.
1243 3728 1295 3789 2,

422 3817 483 3867 Et
502 3820 703 3869 celebre
724 3822 915 3869 Oceano
939 3826 1085 3881 atque
1110 3820 1308 3868 alternis
1327 3819 1524 3868 testibus
1542 3819 1726 3881 Hispal,

289 3898 429 3955 Silio
459 3909 643 3955 nostro
672 3900 857 3956 Punic.
890 3918 965 3955 ιιι.
999 3900 1135 3967 Quid
1161 3901 1329 3968 ergo?
1374 3916 1512 3954 anne
1545 3917 1649 3954 non
1680 3916 1868 3970 sequo—

290 3985 419 4024 reus
448 3969 624 4037 Anas,
654 3972 807 4040 cujus
838 3971 1255 4039 magnitudinem
1287 3972 1523 4040 omnium
1553 3969 1870 4040 saeculorum

290 4043 659 4095 monumentis
712 4039 1069 4096 contestatam
1125 4039 1623 4095 noscimus?Btetis
1676 4039 1871 4109 (Plinio

287 4118 513 4164 auctore
541 4126 617 4173 ιιι,
648 4126 769 4180 cap.
802 4111 857 4175 1)
886 4111 1115 4163 modicus
1144 4111 1329 4177 primo,
1353 4110 1443 4163 sed
1473 4112 1746 4164 multorum
1771 4112 1872 4177 ﬂu-

290 4180 488 4233 minum
527 4197 712 4250 capax,
758 4180 937 4251 quibus
978 4183 1089 4249 ipse
1127 4182 1322 4250 famam
1371 4198 1401 4231 a
1438 4196 1629 4249 nasque
1680 4185 1869 4250 aufert.

291 4246 449 4303 Unde
468 4250 735 4303 immerito
761 4252 1114 4303 renrehensus
1137 4266 1167 4302 a
1194 4198 1644 4303 οιὶιιιιίεἵδὶιιοιιιε
1666 4261 1869 4303 noster.

291 4246 449 4320 Unde
468 4246 735 4320 immerito
761 4246 1167 4320 reprehensusa
1194 4250 1393 4304 criticis
1412 4246 1644 4303 Isidorus
1666 4246 1869 4314 noéter,

288 4319 380 4390 cui
428 4334 520 4373 xm
560 4319 706 4388 (lrig.
738 4319 832 4382 9|,
862 4320 1017 4390 Bcetis
1047 4320 1234 4381 dictus,
1259 4336 1331 4390 eo
1380 4320 1515 4390 quod
1547 4320 1725 4373 humili
1763 4322 1873 4375 solo

288 4388 560 4451 decurrat;
592 4393 716 4444 Βαθὺ
743 4391 875 4443 enim
900 4388 1078 4443 Crrece
1107 4388 1296 4442 humile
1317 4388 1401 4443 vel
1422 4406 1643 4443 mersum
1669 4401 1867 4443 vocant.

289 4461 440 4511 Anas
469 4474 594 4513 vero
625 4469 767 4513 ortus
810 4458 1141 4512 Laminitano
1182 4475 1309 4528 agro
1360 4459 1610 4512 citerioris
1640 4459 1794 4527 llisp.
1826 4470 1875 4513 et

287 4528 445 4600 modo
461 4544 515 4581 se
543 4530 597 4581 in
620 4540 804 4600 stagna
832 4531 1070 4599 fundens,
1088 4529 1238 4600 modo
1266 4530 1320 4581 in
1350 4531 1617 4598 angustias
1638 4530 1869 4595 sorbens,

1895 3239 1944 3304 ρ
1977 3236 2088 3290 Jos.

1974 1952 2339 2020 magnitudine
2367 1961 2421 2006 et
2459 1952 2770 2011 celebritate
2799 1952 3021 2007 inferior
3065 1952 3319 2009 Emerita.
3369 1955 3442 2011 De
3471 1959 3557 2012 illa

1973 2035 2082 2093 non
2112 2021 2163 2093 in
2197 2021 2459 2091 Hispania
2504 2022 2677 2083 solum
2725 2025 2959 2093 antiqua,
3006 2023 3100 2093 sed
3136 2023 3287 2079 Notis
3316 2027 3379 2078 ad
3412 2026 3557 2083 Festi

1974 2090 2158 2145 Avieni
2190 2090 2363 2146 nostri
2387 2108 2533 2146 oram
2560 2090 2873 2147 maritimam
2900 2092 3167 2162 prteripna
3195 2094 3323 2148 dixi.
3349 2095 3425 2150 De
3453 2099 3555 2153 hac

1974 2176 2135 2226 nunc,
2154 2170 2355 2215 tantam
2385 2162 2512 2215 olim
2544 2162 2723 2227 luisse,
2754 2172 2812 2216 nt
2840 2178 2983 2228 cum,
3022 2180 3037 2199 τ
3068 2163 3329 2227 Corduba,
3364 2165 3557 2220 Tarra-

1972 2246 2099 2285 cane
2144 2240 2198 2285 et
2249 2230 2538 2285 Barcinone
2567 2231 2655 2285 vix
2705 2232 2871 2286 vellet
2910 2240 3137 2296 certare,
3188 2246 3246 2288 ut
3288 2235 3556 2291 Ausonius

1974 2300 2179 2371 scribit.
2216 2300 2283 2354 Et
2312 2312 2459 2356 certe
2489 2316 2551 2356 ea
2579 2302 2948 2370 magnitudine
2979 2302 3104 2357 uvbs
3135 2303 3248 2357 inec
3286 2306 3557 2371 quondam

1973 2368 2091 2435 fuit,
2127 2379 2185 2425 ut
2230 2371 2440 2442 fabulis,
2474 2386 2652 2425 rerum
2680 2368 2919 2425 omnium
2970 2374 3070 2442 lide
3123 2368 3385 2441 majorum
3426 2377 3554 2442 ritu,

1974 2455 2083 2494 non
2113 2442 2258 2509 apud
2281 2441 2502 2507 Arabes,
2526 2443 2618 2495 sed
2648 2446 2807 2495 etiam
2830 2442 2966 2510 apud
2991 2441 3296 2508 Scriptores
3318 2441 3555 2510 nostros,

1974 2510 2150 2582 locum
2178 2510 2485 2582 praebuerit.
2508 2510 2710 2576 Quibus
2738 2512 2780 2564 si
2802 2511 3124 2582 credendum
3150 2513 3367 2581 impune
3391 2525 3553 2582 esset,

1976 2580 2174 2634 moenia
2207 2580 2365 2634 trium
2393 2580 2503 2635 fere
2536 2583 2802 2635 leucarum
2835 2581 3037 2635 ambitu
3067 2580 3268 2636 circum
3292 2587 3427 2647 lata.
3459 2580 3557 2641 de?-

1976 2664 2093 2723 cem
2123 2658 2184 2723 et_
2203 2660 2408 2723 septem
2441 2651 2798 2723 cubitislata,
2849 2657 2904 2705 et
2932 2652 3283 2723 quadraginta
3315 2655 3554 2723 quinque

1976 2718 2085 2771 alta
2120 2736 2131 2771 :
2164 2718 2302 2772 15ου
2340 2720 2572 2773 turribus
2600 2720 2850 2774 distincta
2871 2763 2884 2784 ,
2938 2720 3005 2773 44
3036 2718 3228 2789 praeter
3264 2718 3552 2779 maximam

1976 2789 2148 2912 portis
2177 2798 2382 2859 patens.
2433 2791 2603 2855 Quam
2642 2792 2855 2856 quidem
2905 2791 3306 2858 amplitudinem
3354 2794 3550 2849 civium

2015 2858 2296 2912 ellatorum
2329 2875 2577 2912 numerus
2607 2860 2948 2912 adimulebat.
3005 2860 3078 2912 Ex
3112 2862 3250 2912 illivs
3281 2862 3416 2912 fama
3452 2863 3548 2912 lli-

2015 2858 2296 2913 ellatorum
2329 2875 2577 2913 numerus
2607 2860 2948 2929 adimplebat.
3005 2860 3078 2914 Ex
3112 2862 3250 2915 illivs
3280 2862 3417 2917 fama
3451 2863 3548 2919 lli-

1977 2942 2201 2997 spanum
2234 2929 2361 2984 illud
2389 2931 2875 2985 decantatissimum

2378 3023 2582 3087 Mentori,
2606 3037 2703 3087 que
2728 3038 2788 3087 en
2816 3025 2884 3072 las
2907 3009 3117 3087 Εεριῆἶεις

2378 3085 2494 3135 Olt‘o
2520 3085 2702 3149 licinio
2727 3086 2868 3135 fuisle
2892 3085 3057 3144 itania,

1979 3167 2106 3221 olim
2136 3167 2275 3235 apud
2313 3176 2558 3235 posteros
2588 3171 2874 3223 emanavit.
2928 3167 3079 3223 Unde
3125 3184 3231 3225 non
3283 3171 3550 3229 immerito

2195 3237 2653 3308 oletius'insignis
2704 3239 2785 3292 sui
2839 3240 3094 3308 temporis
3140 3242 3554 3300 mathematicus

1976 3322 2097 3361 cum
2133 3306 2484 3379 Ptolemaeum
2516 3307 2804 3379 illustraret
2846 3306 3031 3375 libfn,
3079 3324 3198 3379 cap.
3229 3309 3278 3373 5,
3312 3311 3408 3379 ait,
3447 3312 3552 3365 Au-

1974 3385 2123 3446 gusta
2145 3375 2396 3442 Emerita,
2433 3376 2636 3430 Merida
2665 3377 2834 3447 vulgo,
2857 3378 2978 3432 olim
3007 3375 3172 3432 altera
3195 3379 3358 3435 Roma
3382 3375 3403 3434 ἑ
3430 3396 3552 3437 nam

1974 3461 2096 3501 cum
2126 3462 2188 3500 ea
2216 3462 2335 3519 quae
2362 3448 2555 3519 digna,
2585 3462 2704 3515 quae
2746 3463 2869 3519 cum
2914 3448 3155 3519 llomana
3185 3451 3554 3519 magnitudine

1974 3516 2337 3586 comparanda
2368 3518 2709 3584 censebatur,
2761 3518 2878 3573 alia:
2916 3518 3088 3574 Roma
3125 3516 3412 3578 inferiores
3437 3521 3553 3578 inu-

1974 3585 2139 3641 tiliter
2165 3595 2437 3641 certarent
2469 3605 2481 3640 :
2512 3589 2689 3657 potius

2157 3676 2405 3726 Submittit
2426 3679 2505 3727 cui
2528 3685 2628 3728 tota
2650 3690 2763 3727 suos
2783 3678 3009 3741 Hispania
3036 3678 3207 3731 fasces.

1978 3757 2111 3815 Hinc
2139 3758 2369 3814 Emerita
2402 3760 2585 3833 Romae
2612 3768 2668 3814 et
2692 3759 2947 3817 Romanis
2976 3778 3045 3833 ne
3070 3762 3345 3833 videretur
3371 3762 3552 3833 ingra-

1977 3836 2048 3894 ta,
2074 3838 2334 3901 quantum
2364 3831 2595 3901 maxime
2621 3833 2797 3899 potuit
2824 3847 2930 3886 non
2961 3832 3135 3888 solum
3164 3832 3233 3886 ad
3263 3831 3553 3901 urbis,’sed

1974 3914 2037 3953 ac
2068 3900 2263 3953 civium
2291 3900 2594 3968 exemplum
2635 3915 2756 3954 sese
2799 3909 2966 3955 totam
2999 3917 3271 3969 sermone,
3299 3900 3447 3957 veste
3500 3910 3555 3958 et

1975 3969 2210 4022 moribus
2239 3970 2561 4038 composuit.
2588 3969 2807 4035 Strabo,
2837 3987 2892 4024 ιιι
2923 3974 2989 4025 de
3018 3971 3327 4026 Turditanis
3350 3989 3362 4024 :
3385 3971 3556 4026 Plane

1977 4038 2241 4111 Romanos
2280 4055 2445 4092 mores
2492 4048 2898 4111 assumpserunt,
2952 4058 3016 4095 ne
3053 4044 3304 4095 sermonis
3351 4044 3556 4111 quidem

1974 4108 2235 4181 vernaculi
2283 4125 2548 4173 memores,
2580 4108 2673 4181 _ac'
2710 4109 2938 4181 plerique
2969 4113 3093 4181 facti
3122 4120 3240 4165 sunt
3284 4108 3461 4167 Latini
3506 4122 3557 4170 et

1975 4179 2182 4252 colonos
2216 4188 2519 4252 acceperunt
2571 4178 2863 4252 Romanos,
2908 4178 3189 4252 parumque
3237 4183 3379 4236 abest
3430 4183 3556 4252 quin

1975 4250 2186 4321 omnino
2218 4247 2438 4321 Romani
2479 4250 2602 4320 facti
2630 4252 2753 4321 sint,
2788 4260 2850 4321 et
2879 4266 2993 4321 qua:
3021 4247 3155 4304 nunc
3185 4252 3408 4321 cqnditat
3435 4247 3555 4305 sunt

1974 4317 2123 4389 urbes
2155 4318 2261 4372 Pes
2296 4317 2523 4389 Augusta
2566 4321 2622 4373 in
2664 4317 2900 4386 Celticis,
2945 4322 3195 4376 Ausus“
3226 4320 3467 4375 ΕιίειιιτΑ
3497 4323 3555 4375 in

1978 4386 2238 4463 Inrdulis,
2270 4386 2402 4463 etcf,
2432 4391 2588 4463 etqui
2617 4390 2751 4463 hanc
2778 4392 2998 4463 formam
3024 4400 3304 4463 sequuntur
3327 4390 3553 4463 Hispani

1979 4455 2169 4530 ξιφίαιὶ
2196 4475 2281 4512 seu
2315 4458 2499 4530 Togati
2512 4455 2870 4527 appellantur.
2894 4460 3003 4530 Nec
3026 4455 3238 4514 minore
3266 4476 3393 4515 cura
3422 4455 3553 4514 {edi-

1980 4524 2221 4581 ﬁciorum
2266 4524 2601 4596 publicorum
2627 4530 2797 4584 moles
2845 4529 2911 4583 ad
2960 4529 3145 4585 Roma:
3191 4531 3550 4585 imitationem

289 4607 382 4671 aut
412 4599 464 4650 in
497 4606 659 4671 totum
685 4597 935 4671 cuniculis
975 4599 1228 4659 condens,
1277 4606 1323 4651 et
1352 4597 1539 4671 saepius
1568 4600 1711 4671 nasci
1740 4617 1871 4670 gau-
1906 4614 1949 4671 ι)
1977 4607 2159 4671 curata
2183 4597 2714 4671 _ab__Emeritensibus
2742 4607 2842 4671 e_s_t,
2876 4601 3087 4671 theatro
3118 4600 3385 4664 nimirum,
3420 4616 3551 4654 arcu

289 4667 453 4730 dens,
521 4670 576 4721 in
627 4670 942 4721 Atlanticum
1001 4671 1260 4721 Oceanum
1311 4667 1613 4736 e/funditur,
1670 4667 1869 4735 ingenti

290 4751 489 4807 nempe
542 4752 755 4807 semper
807 4754 871 4792 ac
919 4739 1119 4807 ubique
1171 4739 1344 4790 alveo.
1399 4736 1534 4802 Quid
1589 4739 1870 4804 argutius?

288 4806 488 4859 Strabo
534 4806 686 4862 initio
728 4807 819 4861 lib.
853 4824 939 4871 ιιι,
989 4823 1108 4861 cum
1139 4809 1205 4860 de
1248 4807 1554 4861 Turditanis
1583 4818 1786 4873 ageret,
1815 4818 1871 4865 et

290 4875 462 4928 Anam
486 4876 776 4946 Bmtimquc
799 4876 1182 4944 coniunxisset,
1210 4877 1394 4931 Baetim
1418 4875 1530 4929 Ana
1561 4876 1866 4931 interiorem

290 4947 588 5017 proponit:
621 4946 749 5000 Haec
798 4959 966 4999 autem
1012 4949 1167 5017 plaga
1213 4946 1684 5017 (Turditannrum)
1734 4948 1868 5000 inter

286 5014 548 5098 Anam‘ad
567 5027 733 5098 ortum
761 5018 969 5098 quidem
992 5013 1149 5098 usque
1176 5017 1244 5069 ad
1267 5013 1569 5098 Oretaniam
1597 5013 1861 5098 protendi-

292 5092 399 5135 tur.
447 5085 489 5135 A
528 5086 740 5139 meridie
767 5085 881 5139 itero
918 5085 981 5137 ab
1019 5085 1129 5156 ejus
1156 5088 1422 5156 eruptione
1450 5085 1607 5155 usque
1628 5087 1695 5139 ad
1745 5089 1871 5141 Ana:

367 5223 392 5249 ⁸
425 5214 514 5269 Sic
554 5216 713 5270 etiam
758 5216 959 5270 Roder.
991 5215 1262 5281 Toletan.,
1314 5216 1405 5268 lih.
1437 5233 1483 5280 ι,
1531 5232 1650 5284 cap.
1686 5215 1749 5281 5,
1804 5218 1872 5272 de

288 5283 516 5357 Hispali,
571 5303 630 5340 eo
658 5288 792 5357 quod
818 5287 985 5354 prima
1013 5285 1303 5339 habitacula
1329 5288 1461 5356 palis
1483 5283 1758 5357 suppositis
1790 5304 1863 5342 re-

288 5354 465 5425 gimen
488 5354 835 5425 susceperunt.

368 5424 393 5461 δ
422 5424 777 5479 Snbscribunt
824 5424 1139 5480 Emeritensi
1190 5427 1329 5481 laudi
1390 5427 1450 5479 D.
1495 5425 1790 5481 Rodcricus
1837 5443 1865 5481 a

288 5492 479 5566 Cnnha
543 5495 889 5566 Bracarensis
948 5496 1197 5551 Ecclesia:
1253 5497 1686 5565 θιςιιίθρίεροιιιιε
1760 5498 1869 5566 pri-

288 5578 431 5635 mas,
462 5565 645 5632 ingens
685 5564 950 5634 Hispanim
980 5574 1373 5629 ornamentum,
1422 5564 1691 5633 singulare
1734 5564 1867 5635 piae-

286 5634 467 5687 snlum
497 5636 735 5689 omnium
757 5636 1053 5704 exemplar,
1078 5636 1229 5704 cujus
1250 5635 1479 5689 eruditio
1511 5634 1865 5704 nobilitatem,

287 5718 412 5773 quae
442 5706 610 5772 prima
642 5705 782 5758 inter
810 5704 1094 5760 Lusitanos
1141 5715 1241 5771 est,
1283 5712 1486 5773 mquat,
1519 5720 1638 5758 cum
1689 5715 1867 5760 tamen

288 5772 544 5830 nobilitas
573 5777 639 5827 ab
670 5776 1001 5829 humanitate
1047 5772 1370 5844 superetur}
1403 5782 1480 5844 iet
1509 5774 1558 5826 in
1592 5774 1680 5827 illo
1706 5776 1869 5829 heroe

287 5845 744 5912 priestantissimaz
760 5845 911 5899 dotes
927 5864 938 5899 :
955 5861 1072 5914 cap.
1087 5842 1129 5897 ἱ
1143 5853 1297 5900 tract.
1317 5843 1383 5899 de
1402 5842 1862 5900 PrimatuBraear.

582 5965 831 6026 Pvrnot.
886 5966 1047 6025 LXX
1068 5966 1144 6025 Χ.

1983 4668 2298 4740 triumphali
2335 4668 2448 4740 sive
2485 4678 2724 4740 tvopteo,
2762 4668 3089 4740 Nauinachia
3142 4680 3197 4724 et
3245 4680 3409 4740 ponte
3443 4671 3552 4725 Ro-

1978 4737 2122 4810 mani
2152 4737 2329 4805 operis
2370 4738 2679 4805 longissimo
2719 4739 3023 4810 nobilitata,
3057 4755 3174 4807 quae
3202 4737 3383 4795 multis
3412 4741 3552 4810 apud

1975 4806 2279 4875 {Scriptores
2323 4816 2535 4862 nostros
2580 4809 2869 4875 agitantur.
2910 4806 3141 4863 Tantum
3192 4811 3353 4864 verba
3400 4806 3547 4865 doct.

1976 4873 2110 4929 Ludi
2142 4875 2332 4941 Nonii,
2363 4891 2484 4945 quae
2510 4873 2800 4931 multorum
2830 4894 3092 4933 summam
3124 4880 3423 4945 continent,
3459 4881 3547 4934 hic

1975 4959 2241 5014 apponam
2269 4961 2334 5000 ex
2364 4963 2412 5001 c.
2446 4946 2505 4999 51
2537 4946 2684 5015 Bisp.
2718 4947 2836 5003 Sita
2862 4957 2936 5002 est
2990 4949 3218 5003 Emerita
3251 4951 3362 5004 loco
3407 4967 3551 5003 cam-

1972 5018 2128 5083 pestri
2142 5017 2297 5087 juxta
2318 5017 2375 5085 ﬂ.
2395 5017 2579 5083 Anam,
2602 5018 2749 5090 vulgo
2772 5016 3075 5083 Gaudiana;
3098 5022 3183 5090 qui
3209 5020 3550 5089 pulcherrimo

1972 5094 2163 5139 stratus
2185 5097 2354 5157 ponte,
2384 5096 2439 5139 ut
2462 5103 2528 5140 ea:
2556 5088 2913 5142 architectura
2929 5088 3274 5143 concinnitate
3297 5092 3550 5160 conjicere

1975 5218 2202 5292 Eccles.,
2228 5235 2327 5275 nec
2356 5236 2459 5274 non
2488 5220 2553 5279 γ.
2585 5219 2663 5275 Cl.
2699 5220 2831 5275 Lud.
2877 5223 3093 5291 Nonius,
3125 5240 3173 5278 c.
3206 5224 3268 5277 51
3303 5223 3546 5292 Hispan.,

1974 5297 2032 5341 ut
2060 5289 2322 5361 minorum
2352 5292 2586 5358 gentium
2616 5294 2902 5361 scriptores
2929 5289 3193 5348 oniittam.

2049 5372 2069 5432 ς
2112 5359 2348 5432 Mariana
2388 5376 2437 5412 ιιι
2467 5362 2532 5432 de
2574 5362 2688 5432 rel).
2729 5359 2910 5432 'llisp.,
2959 5380 3007 5417 c.
3038 5364 3125 5429 '25,
3175 5370 3445 5432 accurate,
3491 5370 3547 5415 ut

1974 5428 2138 5501 solet.
2194 5430 2260 5483 de
2310 5429 2545 5483 Emerita
2576 5448 2587 5481 :
2619 5428 2849 5485 Coloniav
2881 5436 3155 5486 constituta
3202 5433 3332 5501 Aug.
3369 5430 3543 5489 Emer.
3578 5428 3587 5439 Χ

1974 5499 2219 5572 nomine,
2242 5501 2619 5572 prieterﬂuente
2647 5502 2761 5553 Ana
2791 5504 2845 5569 [1.
2898 5504 2949 5555 in
2982 5504 3157 5572 paucis
3206 5499 3545 5556 nobilissimo.

1975 5568 2099 5641 Qum
2126 5569 2302 5621 ciritas
2323 5571 2504 5641 priscis
2527 5571 2832 5637 temporibus
2864 5568 3164 5641 {requentim
3187 5574 3543 5641 amplitudine,

1971 5639 2150 5712 copiis,
2172 5640 2476 5712 auctoritate
2498 5650 2600 5712 tum
2629 5643 2783 5703 civili,
2810 5639 2910 5694 tum
2933 5639 3104 5712 sacra,
3134 5660 3245 5696 cum
3274 5639 3546 5712 prwcipuis

1971 5706 2125 5783 llisp.
2157 5706 2364 5759 urbibus
2382 5709 2757 5783 deprincipatu
2784 5711 3029 5763 certabat.
3066 5706 3347 5767 Lusitania:
3372 5706 3544 5783 caput,

1960 5779 2102 5831 unde
2148 5788 2195 5829 et
2225 5792 2412 5831 nassa:
2447 5777 2689 5831 Emerita:
2720 5796 2901 5832 nomen
2952 5783 3085 5834 tulit.
3137 5783 3339 5838 Eodem
3383 5777 3544 5838 modo

1969 5845 2155 5912 Steph.
2196 5845 2488 5901 Garrunius
2519 5848 2607 5900 lib.
2645 5865 2691 5901 vi
2718 5848 2901 5919 Comp.
2938 5849 3097 5919 llist.,
3130 5871 3174 5907 (ι.
3211 5853 3295 5907 9.7.

3051 5974 3086 6030 6
