4052 6332
268 280 365 337 Nil

909 277 1303 333 GONDEMARI
1348 276 1549 331 REGIS
1590 274 1959 331 DECRETUM
2006 273 2092 329 DE
2134 272 2464 330 ECCLESIA
2504 273 2890 331 TOLETANA.

3435 262 3536 331 tua

260 390 373 461 phii
403 402 701 449 successor,
734 387 987 440 Aurasius
1016 386 1205 441 studiis
1233 387 1531 441 litterarum
1562 384 1850 440 doctrinae-
1885 389 1928 446 Α
1958 383 2127 451 Quam
2173 386 2492 440 sententiam
2537 394 2787 454 separato
2816 386 3062 442 cedit-illo
3099 387 3532 457 Carthagincnsis

259 497 389 556 que,
443 480 612 536 animi
662 479 1025 548 magnitudine
1053 487 1108 533 et
1154 479 1422 549 probitate
1475 493 1596 532 cum
1657 477 1847 546 quovis

258 574 503 646 priorum
559 570 971 640 comparandus.
1036 569 1115 625 Eo
1172 569 1426 639 pontiﬁce
1479 577 1640 636 atque
1710 566 1845 621 adeo

257 664 436 734 primo
465 676 607 715 anno
633 660 783 728 regni
813 657 1162 724 Gundemari,
1215 659 1400 727 viginti
1446 657 1681 727 quinque
1711 670 1846 725 prae-

257 752 408 809 sules
436 767 502 806 ex
534 752 692 808 variis
721 750 989 820 Hispaniae
1021 751 1261 820 partibus
1287 749 1532 804 Toletum
1560 747 1848 802 convocati

256 842 314 897 in
344 856 504 897 causa
535 841 779 896 Toletani
806 841 1043 911 episcopi
1072 849 1128 895 et
1152 842 1524 910 episcoporum
1556 838 1849 907 provinciae

260 932 718 1001 Carthaginensis,
746 939 1019 988 conventu
1042 947 1225 987 coram
1263 946 1388 1000 rege
1432 929 1656 998 ejusque
1692 928 1847 997 jussu

257 1024 487 1089 habito,
546 1023 939 1093 disceptarent.
996 1022 1309 1092 Euphimius
1369 1021 1511 1076 enim
1561 1019 1853 1074 Toletanus

257 1114 458 1185 praesul
488 1114 541 1168 in
565 1114 858 1184 superioris
884 1113 1128 1169 Toletani
1157 1112 1371 1168 concilii
1398 1112 1533 1166 actis
1556 1126 1613 1166 se
1654 1118 1853 1165 metro-

258 1206 560 1278 politanum
585 1221 683 1275 per
711 1206 1126 1274 imprudentiam
1170 1205 1383 1260 dixerat
1413 1204 1698 1273 provincia:
1725 1201 1853 1256 Car-

258 1296 512 1367 petaniae.
546 1295 756 1365 Reliqui
786 1296 1039 1365 praesules
1069 1296 1508 1364 Carthaginensis
1538 1294 1850 1364 provinciae,

257 1401 385 1455 quae
422 1386 731 1456 regionibus
778 1387 947 1441 multo
999 1387 1157 1442 latior
1208 1395 1353 1454 erat,
1410 1386 1681 1457 Euphimii
1729 1386 1855 1440 sub-

263 1480 621 1548 scriptionem
659 1488 930 1535 vertentes
960 1479 1024 1535 ad
1056 1479 1393 1535 occasionem
1426 1479 1708 1544 libertatis,
1754 1477 1858 1533 Ec-

266 1568 452 1624 clesiae
504 1567 779 1623 Toletanae
833 1584 1025 1639 parere
1077 1579 1423 1634 recusantes,
1473 1570 1540 1624 ad
1578 1568 1855 1624 dicendam

265 1674 489 1716 causam
518 1662 719 1722 vocati.
770 1662 1093 1716 sententiam
1142 1670 1353 1716 mutare
1396 1661 1657 1731 compulsi
1688 1669 1851 1715 sunt:

258 1766 387 1808 cum
409 1751 700 1808 secundum
724 1751 931 1808 Aurasii
954 1753 1097 1822 jura,
1117 1762 1226 1807 tum
1255 1767 1284 1806 a
1306 1767 1428 1819 rege
1453 1753 1851 1820 pronuntiatum

1953 474 2238 545 provinche
2259 474 2515 544 praesules
2534 475 2861 544 quindecim,
2885 491 3113 546 quorum
3142 490 3231 532 res
3254 477 3529 546 agebatur,

1948 561 2351 618 conﬁrmarunt.
2402 561 2749 633 Protogenes,
2781 574 2979 621 saneta:
3031 565 3288 622 Ecclesiae
3325 566 3531 636 Segon-

1951 655 2194 723 tineusis,
2220 654 2532 710 Theodorus
2556 655 2980 724 Castulonensis,
3025 657 3340 716 Minicianus
3366 659 3532 730 Sego-

1951 744 2174 811 biensis,
2218 745 2523 815 Stephanus
2567 746 2861 812 Oretanus,
2890 748 3121 805 Jacobus
3169 751 3531 818 Mentesanus,

1951 833 2285 904 Magnentius
2332 836 2688 903 Valeriensis,
2742 839 3075 897 Theodosius
3127 841 3530 909 Ercavicensis,

1954 925 2212 981 Martinus
2231 926 2559 995 Valentinus,
2580 928 2876 986 Tonentius
2898 930 3233 1002 Palentinus,
3256 932 3531 989 Portarius

1952 1014 2342 1084 Segobriensis,
2367 1017 2677 1075 Vincentius
2700 1020 3093 1090 Bigastriensis,
3118 1023 3330 1080 Eterius
3358 1024 3533 1081 Basti-

1954 1114 2131 1174 tanus,
2146 1106 2433 1176 Gregorius
2453 1108 2792 1179 Oxoniensis,
2816 1110 3099 1168 Praesidius
3118 1112 3532 1184 Complutensis,

1954 1199 2216 1255 Seuabilis
2240 1199 2517 1257 Elotanus.
2544 1198 2695 1258 Unde
2725 1205 3037 1274 intelligitur
3062 1206 3298 1261 l‘oletani
3330 1219 3532 1264 metro-

1954 1290 2175 1360 politani
2219 1290 2420 1346 ditione
2463 1292 2631 1348 multo
2680 1294 2861 1363 plures
2905 1295 3168 1351 Ecclesias
3212 1299 3340 1353 olim
3370 1313 3531 1367 quam

1954 1390 2138 1434 nostra
2177 1388 2337 1435 aetate
2379 1382 2663 1439 contineri.
2702 1383 2833 1437 Nam
2878 1384 2943 1439 de
2973 1385 3221 1454 primatu,
3268 1402 3427 1456 quem
3483 1390 3535 1441 in

1943 1461 2142 1525 omnes
2166 1467 2432 1541 Hispaniae
2454 1471 2717 1528 Ecclesias
2738 1473 2961 1538 obtinet,
2993 1490 3167 1546 neque
3188 1492 3329 1533 nunc
3354 1478 3535 1549 dispu-

1956 1569 2152 1628 tamus,
2188 1578 2362 1633 neque
2407 1572 2533 1619 tunc
2562 1564 2628 1619 de
2658 1565 2748 1619 illo
2778 1575 3027 1636 suscepta
3054 1575 3171 1621 erat
3197 1566 3535 1638 disceptatio.

1956 1653 2035 1708 Ex
2076 1653 2335 1720 Montani,
2384 1655 2526 1710 haud
2552 1656 2795 1723 dubium,
2838 1664 3084 1728 tempore
3136 1659 3262 1713 olim
3292 1659 3537 1715 Toletani

1956 1744 2216 1814 episcopi,
2247 1754 2516 1801 conventu
2556 1747 2607 1801 in
2639 1762 2701 1801 ea
2731 1746 2861 1801 urbe
2908 1748 3117 1814 habito,
3139 1748 3227 1817 jus
3264 1750 3319 1803 in
3350 1766 3536 1805 omnes

260 1852 429 1912 esset,
460 1852 570 1899 tum
596 1845 663 1899 ab
692 1817 977 1915 episcopis,
1008 1845 1058 1899 in
1082 1817 1278 1914 quibus
1302 1817 1547 1899 Leandre
1570 1843 1715 1898 fratri
1743 1844 1853 1913 jam
1885 1817 1933 1877 Β
1961 1836 2394 1905 Carthaginensis
2419 1839 2709 1907 provinciae
2738 1835 3008 1893 Ecclesias
3037 1841 3350 1909 praesulibus
3381 1842 3537 1899 Tole-

262 1934 521 1990 del’uncto
551 1951 829 1992 successor
854 1935 1089 1992 Isidorus
1123 1935 1475 2005 Hispalensis,
1513 1935 1855 1993 Innocentius

262 2024 636 2090 Emeritensis,
667 2026 926 2082 Eesebids
955 2027 1396 2094 Tarraconensis,
1436 2038 1491 2081 et
1519 2036 1711 2096 praeter
1733 2028 1851 2095 hos,

265 2116 371 2171 nisi
400 2117 614 2173 codices
653 2127 777 2174 sunt
802 2119 1003 2186 vitiati,
1037 2118 1313 2188 Benjamin
1345 2119 1645 2175 Dumiensis
1675 2128 1851 2175 erant.

274 2231 3162 2256 Μ

1963 1935 2099 1989 lanis
2122 1934 2328 2002 datum,
2352 1935 2451 2005 ipsi
2467 1951 2693 2005 quorum
2715 1953 2874 1993 causa
2904 1940 3162 2008 agebatur
3183 1938 3533 1995 conﬁtentur:

1962 2039 2021 2083 ut
2049 2029 2202 2097 hujus
2227 2037 2523 2084 conventus
2552 2038 2670 2085 acta
2699 2039 2752 2085 et
2780 2031 2971 2086 horum
3001 2032 3373 2102 episcoporum
3410 2046 3535 2085 san~

1965 2120 2075 2199 ctio
2107 2120 2394 2175 manifesto
2424 2120 2719 2176 declarant.

3168 2226 3535 2253 πιέν-ι*

982 2302 1634 2414 FLAVI!
1696 2298 2820 2418 GONDEMARI

1611 2467 1964 2520 GO'I'HORUM
2005 2468 2180 2519 REGIS

593 2594 1359 2711 DECRETUM
1426 2594 1605 2707 DE
1660 2591 2351 2785 ECETJESIA
2411 2595 3207 2714 TOLETANA.

1607 2808 1802 2873 (illaesi,
1826 2811 2034 2872 Concil.,
2060 2820 2093 2863 t.
2120 2810 2206 2876 Χ.)

1835 2901 2003 2915 _

331 2960 534 3017 Flavius
562 2960 919 3017 Gundemarus
945 2976 1037 3014 rea:
1065 2959 1430 3015 venerabilibus
1460 2957 1699 3016 Patribus
1728 2980 1819 3019 no-

557 3032 675 3086 stris
702 3031 1182 3101 Carthaginenaibus
1209 3030 1576 3084 sacerdotibus.

357 3146 505 3202 Licet
528 3146 679 3215 regni
708 3145 879 3200 nostri
899 3144 1095 3201 curain
1114 3143 1459 3215 disponendis
1480 3151 1642 3216 atque
1669 3146 1867 3215 guber-

278 3237 473 3293 ttaudis
492 3237 710 3293 humani
734 3237 947 3307 generis
971 3236 1145 3293 ’rebns
1189 3236 1588 3307 promptissima
1619 3252 1740 3292 esse
1784 3238 1866 3293 vi—

278 3332 496 3397 deatur,
530 3337 656 3385 tunc
683 3335 863 3385 tamen
891 3329 1148 3399 majestas
1189 3337 1373 3384 nostra
1401 3328 1633 3384 maxime
1661 3329 1865 3400 glorio-

278 3422 414 3478 siori
464 3420 749 3476 decoratur
777 3417 917 3474 fama
949 3419 1207 3475 virtutum
1230 3460 1246 3485 ,
1270 3435 1390 3476 cum
1418 3434 1483 3475 ea
1511 3434 1630 3490 quae
1683 3419 1751 3474 ad
1780 3420 1868 3475 Di-

279 3511 523 3567 vinitatis
570 3518 626 3566 et
654 3509 925 3578 religionis
966 3510 1208 3564 ordinem
1262 3510 1574 3581 pertinent,
1618 3510 1870 3581 aequitate

278 3601 571 3656 rectissimi
602 3599 830 3655 tramitis
866 3598 1257 3669 disponuntur;
1284 3600 1513 3655 scientes
1535 3600 1605 3655 ob
1632 3599 1737 3654 hoc
1756 3600 1871 3670 pie-

282 3703 454 3748 tatem
523 3700 762 3747 nostram
812 3706 916 3745 non
975 3690 1150 3745 solum
1198 3690 1508 3745 diuturnum
1563 3690 1871 3759 temporalis

280 3784 496 3857 imperii
525 3782 779 3851 consequi
809 3780 1040 3843 titulum,
1073 3780 1165 3835 sed
1214 3781 1374 3835 etiam
1403 3789 1723 3834 aeternorum
1755 3779 1871 3833 adi—

280 3875 419 3946 pisci
447 3873 666 3941 gloriam
706 3871 1038 3925 meritorum.
1066 3870 1316 3925 Nonnulli
1339 3871 1479 3925 enim
1500 3870 1550 3923 in
1576 3869 1874 3938 disciplinis

282 3963 706 4029 ecclesiasticis,
763 3970 951 4017 contra
998 3976 1265 4015 canonum
1317 3960 1691 4014 auctoritatem
1718 3998 1734 4023 ,
1779 3974 1875 4027 per

282 4070 473 4112 moras
529 4053 945 4125 praecedentium
1001 4062 1325 4122 temporum,
1358 4049 1627 4104 licentiam
1676 4048 1778 4104 sibi
1807 4050 1874 4102 de

283 4147 644 4215 usurpatione
680 4144 936 4215 praeteriti
976 4143 1233 4214 principis
1265 4141 1538 4198 fecerunt:
1574 4141 1645 4194 ita
1674 4140 1873 4208 utqui-

282 4238 413 4290 dam
436 4235 811 4305 episcoporum
843 4232 1279 4301 Carthaginensis
1326 4230 1615 4302 provinciae
1660 4247 1764 4285 non
1789 4246 1875 4285 re-

281 4335 605 4393 vereantur,
638 4334 823 4381 contra
855 4326 1129 4380 canonicae
1164 4324 1501 4380 auctoritatis
1530 4323 1872 4387 sententiam,

1974 2966 2158 3035 Neque
2179 2980 2421 3021 eamdem
2458 2965 2928 3037 Carthagincnsem
2972 2968 3299 3037 provinciam
3347 2968 3400 3022 in
3450 2984 3540 3022 an.

1895 3041 1941 3103 Ο
1973 3059 2122 3129 cipiti
2170 3059 2397 3113 duorum
2444 3060 2979 3129 metropolitanorum
3044 3060 3302 3129 regimine
3357 3068 3542 3118 contra

1973 3148 2195 3203 Patrum
2232 3146 2449 3203 decreta
2498 3149 2854 3217 permittimus
2881 3148 3260 3217 dividendam,
3286 3166 3380 3221 per
3403 3151 3544 3221 quod

1972 3238 2179 3291 oriatur
2205 3238 2436 3292 varietas
2462 3238 2808 3295 sehismatunt
2827 3282 2840 3306 ,
2871 3241 3064 3308 quibus
3106 3241 3448 3314 subvertantur
3488 3238 3545 3291 ﬁ-

1973 3326 2088 3393 des,
2120 3336 2175 3382 et
2206 3327 2379 3382 unitas
2409 3328 2723 3397 scindatur;
2766 3331 2859 3385 sed
2884 3330 2997 3385 haec
3027 3332 3139 3400 ipsa
3188 3331 3366 3393 sedes,
3409 3331 3547 3385 sicut

1971 3418 2283 3489 praedictum
2305 3430 2409 3487 est,
2440 3422 2659 3492 antiqua
2684 3422 2916 3477 nominis
2942 3423 3058 3487 sui,
3100 3437 3161 3477 ac
3207 3422 3374 3478 nostri
3399 3423 3548 3477 cultu

1973 3509 2204 3579 imperii,
2236 3512 2309 3565 ita
2331 3520 2385 3567 et
2414 3513 2576 3571 totius
2598 3514 2893 3583 provinciae
2947 3514 3147 3585 polleat
3191 3514 3431 3571 ecclesiae
3470 3514 3553 3568 dis

1973 3602 2201 3671 gnitate,
2236 3612 2292 3659 et
2320 3605 2624 3673 praecelleat
2652 3614 2937 3676 potestate.

2047 3694 2178 3749 Illud
2206 3704 2385 3750 autem
2417 3697 2561 3766 quod
2595 3697 2704 3766 jam
2729 3698 2929 3767 pridem
2959 3698 3013 3751 iu
3060 3698 3297 3768 generali
3345 3698 3551 3769 synodo

1978 3784 2190 3840 concilii
2224 3784 2466 3839 Toletani
2531 3801 2561 3841 a
2616 3787 2908 3842 venerabili
2955 3786 3252 3858 Euphemio
3295 3786 3550 3856 episcopo

1978 3890 2168 3927 manus
2198 3875 2593 3944 subscriptione
2628 3884 2870 3930 notatum
2902 3885 3003 3939 est,
3035 3874 3370 3945 Carpetania:
3426 3891 3551 3946 pro-

1977 3965 2167 4018 vinciae
2190 3965 2504 4019 Toletanam
2533 3982 2652 4022 esse
2682 3967 2864 4022 sedem
2894 3968 3256 4038 metropoliiu,
3286 3983 3381 4023 nos
3411 3968 3553 4038 ejus-

1978 4054 2098 4107 dem
2152 4054 2463 4122 ignorantia:
2520 4057 2840 4111 senteutiam
2891 4058 3205 4127 corrigimus
3249 4076 3261 4111 :
3322 4058 3552 4113 scientes

1980 4145 2163 4213 procul
2188 4144 2351 4199 dubio
2382 4144 2717 4215 Carpetania
2759 4149 3031 4216 regionem
3059 4163 3165 4202 non
3195 4162 3314 4202 esse
3336 4148 3555 4218 provin-

1980 4237 2137 4298 ciam,
2166 4234 2259 4289 sed
2320 4244 2523 4303 partem
2564 4236 3003 4306 Carthaginiensis
3048 4239 3357 4308 provinciae,
3403 4238 3556 4306 juxta

1981 4328 2119 4395 quod
2152 4334 2206 4378 et
2253 4326 2470 4395 antiqua
2500 4343 2675 4381 rerum
2701 4336 2968 4395 gestarum
3001 4337 3345 4389 monumenta
3375 4326 3556 4384 decla-

283 4419 493 4487 passim
524 4432 588 4472 ac
610 4416 798 4481 libere,
816 4425 1004 4472 contra
1036 4416 1465 4486 metropolitanaa
1496 4414 1747 4469 Ecclesim
1779 4428 1877 4484 po-
1907 4431 1949 4491 ρ
1983 4426 2120 4468 rant.
2155 4413 2234 4469 οι)
2265 4415 2397 4480 hoc,
2453 4416 2575 4483 quia
2610 4433 2711 4470 una
2758 4417 3055 4485 eademque
3104 4416 3377 4486 provincia
3434 4422 3518 4471 est
3541 4457 3556 4483 ,

283 4516 570 4573 testatem,
602 4522 698 4578 per
725 4508 982 4578 quasdam
1030 4506 1275 4572 fratrias,
1315 4517 1369 4561 et
1414 4506 1871 4576 conspirationes,

283 4598 643 4667 inexplorata:
669 4599 789 4652 vitm
846 4613 1033 4653 omnes
1090 4598 1384 4668 episcopali
1416 4596 1593 4653 ofﬁcio
1615 4597 1867 4666 provehi,

285 4698 459 4754 atque
490 4688 630 4743 hanc
656 4688 823 4758 ipsam
856 4687 1089 4758 praefatae
1118 4685 1371 4741 Ecclesia:
1417 4685 1734 4753 dignitatem
1778 4685 1869 4739 im-

284 4778 431 4849 perii
453 4778 619 4831 n‘oStri
634 4778 770 4833 solio
788 4778 1128 4832 sublimatam
1151 4787 1532 4841 contemnere;
1555 4774 1879 4845 perturban-

284 4878 378 4923 tes
409 4868 762 4923 ecclesiastici
790 4868 993 4923 ordinis
1013 4868 1316 4930 veritatem,
1341 4865 1565 4935 ejusque
1585 4866 1727 4920 sedis
1748 4879 1877 4920 auc-

285 4957 537 5022 toritate,
566 4972 727 5026 quam
768 4958 941 5027 prisca
997 4972 1261 5011 canonum
1287 4956 1525 5011 declarat
1574 4956 1875 5020 sententia,

287 5047 601 5102 abutentes.
650 5047 803 5113 Quod
847 5063 944 5103 nos
986 5048 1127 5101 ultra
1149 5048 1310 5102 modo
1362 5062 1530 5116 usque
1557 5048 1611 5101 in
1685 5061 1880 5118 perpe-

288 5148 451 5193 tuum
482 5138 595 5194 ﬁeri
642 5126 981 5209 nequaquam
1040 5140 1422 5211 permittimus,
1473 5139 1567 5194 sed
1620 5139 1883 5195 honorem

289 5228 581 5300 primatus,
610 5229 761 5298 juxta
805 5230 1078 5298 antiquam
1107 5231 1379 5302 synodalis
1399 5231 1616 5287 concilii
1646 5231 1882 5288 auctori-

294 5327 491 5387 tatem,
523 5335 618 5390 per
647 5336 834 5377 omnes
857 5322 1295 5392 Carthaginensis
1316 5323 1606 5392 provincia:
1629 5322 1884 5378 ecclesias

292 5408 580 5467 Toletanae
611 5413 852 5468 ecclesiae
880 5413 1028 5470 sedis
1056 5416 1367 5485 episcopum
1398 5415 1598 5470 habere
1626 5413 1880 5484 ,ostendi-

294 5517 459 5556 mus:
492 5516 723 5572 eumque
752 5504 891 5560 inter
916 5521 1045 5561 suos
1076 5507 1434 5577 coepiscopos
1453 5550 1468 5574 ,
1524 5515 1634 5562 tam
1665 5506 1885 5562 honoris

294 5592 616 5664 praecellere
661 5594 920 5665 dignitate
950 5612 1109 5667 quam
1163 5597 1427 5662 nominis;
1453 5597 1606 5665 juxta
1634 5598 1777 5665 quod
1818 5597 1885 5653 de

297 5685 731 5753 nietropolitanis
758 5702 856 5756 per
882 5689 1118 5757 singulas
1149 5688 1449 5760 provincias
1473 5690 1692 5759 antiqua
1719 5706 1883 5745 cano-

300 5788 439 5835 nutu
458 5776 673 5833 traditio
717 5779 914 5850 sanxit,
972 5788 1027 5836 et
1078 5781 1370 5837 auctoritas
1418 5789 1573 5836 vetus
1617 5780 1880 5848 permisit.

1980 4504 2315 4558 decernimus
2343 4514 2417 4568 ut,
2440 4506 2575 4559 sicut
2608 4505 2823 4572 Baetica,
2858 4505 3149 4571 Lusitania,
3180 4505 3263 4559 vel
3293 4504 3557 4560 Tarraco-

1983 4596 2164 4648 nensis
2194 4595 2491 4663 provincia,
2520 4594 2602 4649 vel
2628 4596 2847 4664 reliquae
2873 4595 2938 4650 ad
2966 4597 3115 4665 regni
3146 4595 3312 4650 nostri
3339 4595 3559 4664 regimi-

1985 4700 2051 4737 na
2093 4686 2444 4755 pertinentes,
2481 4686 2773 4738 secundum
2802 4686 3022 4758 antiqua
3067 4686 3281 4740 Patrum
3320 4685 3559 4751 decreta,

1986 4773 2227 4841 singulos
2266 4783 2560 4828 noscuntur
2609 4774 2811 4829 habere
2863 4776 3333 4847 metmpolitanos,
3386 4778 3459 4831 ita
3509 4783 3561 4831 et

1986 4863 2422 4933 Carthaginiensis
2460 4866 2733 4935 provincia
2765 4882 2929 4922 unum
2964 4868 3355 4937 eumdeinque,
3403 4882 3561 4937 quem

1985 4961 2162 5031 prisca
2216 4958 2488 5030 synodalis
2529 4958 2769 5014 declarat
2812 4964 3127 5026 auctoritas,
3180 4970 3235 5015 et
3282 4967 3562 5015 veneretur

1985 5055 2290 5126 peimatem,
2322 5060 2377 5107 et
2403 5051 2541 5107 inter
2562 5067 2749 5108 omnes
2782 5053 3269 5123 eomprovinciales
3296 5065 3563 5108 summum

1986 5146 2221 5201 honoret
2276 5142 2604 5207 antistitem;
2663 5158 2837 5213 neque
2914 5145 3202 5215 quidquam
3255 5151 3565 5211 contempto

1987 5235 2180 5291 eodem
2220 5233 2360 5289 ultra
2403 5234 2535 5301 ﬁat,
2565 5233 2743 5304 qualia
2768 5234 3032 5289 hactenus
3079 5232 3443 5301 arrogantium
3474 5245 3564 5285 sa-

1989 5327 2270 5383 cerdotum
2316 5326 2547 5396 superba
2596 5326 2822 5380 tentavit
2875 5323 3239 5397 praesumptio.
3283 5321 3425 5378 Sane
3473 5338 3568 5394 per

1993 5418 2100 5473 hoc
2127 5416 2462 5472 auctoritatis
2510 5424 2707 5472 nostrae
2728 5416 2980 5482 edictum,
3021 5412 3215 5469 amodo
3264 5421 3318 5467 et
3354 5412 3567 5489 vivendi

1993 5507 2184 5564 damus
2214 5517 2478 5575 tenorem,
2510 5514 2565 5561 et
2585 5505 2876 5576 religionis,
2908 5505 2992 5559 vel
3014 5502 3335 5556 innocentiae
3364 5501 3565 5569 legem;

1992 5614 2093 5655 nec
2120 5600 2259 5654 ultra
2279 5598 2622 5669 postmodum
2652 5597 2950 5651 inordinata
2970 5593 3182 5649 licentia
3212 5595 3279 5649 ab
3300 5593 3566 5665 episcopis

1991 5691 2186 5745 similia
2216 5690 2329 5745 ﬁeri
2374 5690 2630 5758 patimur,
2684 5686 2777 5741 sed
2806 5700 2902 5755 per
2939 5692 3177 5740 nostram
3231 5676 3568 5740 clementiam

1992 5781 2278 5851 praeteritm
2308 5779 2641 5850 negligentiae
2667 5816 2684 5844 ,
2735 5776 2949 5847 pietatis
3001 5776 3214 5842 intuitu,
3264 5781 3321 5829 et
3356 5771 3563 5833 veniam
