4052 6332
68 5844 79 6039 l

68 6048 81 6243 ξ

542 192 644 247 Ίὸἶ
710 194 711 197 “
1328 202 1541 261 MARCI
1580 198 2016 257 CtSSlNENSlS
2067 197 2348 258 CARMEN
2390 198 2476 255 DE
2512 200 2569 257 S.
2617 196 3020 258 BENEDICTO.
3709 201 3795 259 ςτξι

541 307 749 370 damus,
781 313 835 358 et
864 303 1202 372 indulgentiae
1230 318 1383 373 opem
1414 303 1784 358 concedimus:
1818 314 1873 359 et
1898 304 2025 369 dum
2044 305 2115 359 sit
2143 313 2192 370 Α
2219 308 2307 361 bio
2351 307 2663 362 inobcdiens
2712 317 2819 361 tam
2845 309 3264 378 degradationis,
3319 312 3403 365 vel
3434 317 3797 369 excommuni-

544 410 739 464 tnagna
769 395 923 465 culpa
951 394 1213 450 hactenus
1240 394 1560 465 deliquisse,
1590 396 1809 466 majoris
1836 404 2013 453 tamen
2054 414 2117 454 ac

540 488 880 557 inexpiabilis
907 503 1133 543 censura
1158 486 1362 542 tenebit
1389 488 1652 543 obnoxios
1676 530 1692 556 ,
1748 491 1839 558 qui
1869 491 1973 547 hoc
2021 508 2118 547 no-

538 588 711 637 strum
736 580 1032 646 decretum,
1053 596 1116 636 ex
1135 579 1448 634 auctoritate
1470 580 1766 650 priscorum
1788 580 2002 637 Patrum
2029 599 2120 639 ve-

539 674 711 739 niens,
743 672 1027 728 temerario
1046 687 1177 726 ausu
1202 670 1399 725 violare
1449 672 1802 726 tentaverint:
1835 688 1935 727 nec
1983 674 2120 728 ultra

540 765 752 820 veniam
777 764 959 820 delicti
987 762 1240 817 faciemus
1285 761 1524 826 admissi,
1549 762 1805 832 adempti,
1832 763 1877 817 si
1928 763 2121 818 dehinc

540 862 803 917 honorem
844 858 1081 929 ejusdem
1127 856 1381 912 Ecclesia:
1439 856 1666 925 quilibet
1714 856 2121 924 Carthaginien-

539 952 679 1009 cium
706 950 1038 1007 sacerdotum
1064 947 1479 1017 contempserit;
1505 948 1778 1003 subiturus
1808 947 1993 1016 procul
2021 946 2119 1000 du-

2226 399 2454 454 cationis
2484 399 2865 454 ecclesiasticae
2884 402 3238 469 sententiam,
3270 417 3432 470 quam
3484 406 3649 457 etiam
3684 421 3797 457 nos.

2223 499 2320 545 Ira:
2349 490 2649 545 severitatis
2674 505 2977 544 censuram.
3034 490 3142 545 Nos
3181 492 3324 545 enim
3356 494 3483 546 talia
3523 496 3574 547 in
3616 495 3798 548 divinis

2225 580 2482 636 Ecclesiis
2509 580 2855 649 disponentes
2883 580 3152 634 credimus
3182 579 3410 635 fideliter
3456 597 3680 650 regnum
3709 585 3796 636 in:—

2228 673 2364 743 perii
2391 673 2562 727 nostri
2589 673 2661 726 ita
2686 672 2867 727 divino
2894 672 3260 740 gubernaculo
3284 675 3419 742 regi,
3440 674 3581 729 sicut
3628 683 3681 729 et
3712 692 3799 728 nos

2229 765 2430 819 cultum
2479 764 2716 827 ordinis,
2787 763 2904 818 zelo
2948 763 3170 832 justitite
3220 765 3472 829 accensi,
3524 775 3579 819 et
3639 768 3797 819 enni.

2222 869 2350 925 gere
2391 854 2685 919 studemus,
2714 863 2769 910 et
2798 853 2851 908 in
2892 862 3207 925 perpetuum
3241 870 3589 925 perseverare
3632 856 3793 925 dispu-

2221 961 2396 1001 nimus

829 1082 1481 1098 ———q.-——_-‘W'
1492 1084 1513 1087 “”·
1526 1080 3629 1087 ψ’*ᾙ--ᾑ-ῂ-ν-ᾑῇ
3646 1080 3709 1083 ——
3728 1080 3769 1083 -τ

2498 1122 2505 1123 7
2528 1116 3515 1124 -7-_._.—____—_.7.._.---_-—..—._.__
3536 1118 3625 1122 ‘.*7
3652 1118 3671 1121 -ν
3694 1116 3778 1123 ..μ

1860 1121 1916 1124 νὴ.
1948 1122 1953 1123 7
1970 1122 1979 1123 7
2014 1120 2051 1123 ._
2068 1119 2477 1125 k—-—*-——_
2498 1122 2505 1123 7
2528 1116 3515 1125 —.7-—._—-——_———.—_-—.—..-.—“-——---——-—-——
3536 1118 3576 1122 έ-

1839 1206 2006 1249 ΔΧΝΟ
2050 1205 2279 1249 DOMINI‘
2317 1206 2521 1249 Βοιιι.

818 1350 1803 1516 MARCUS
1937 1339 3537 1532 CASSINENSIS,

1619 1602 1679 1660 S.
1730 1596 2149 1661 BENEDICTI
2193 1593 2668 1657 DlSCIPULUS.

1939 1741 2343 1758 —

772 1828 1256 1913 NOTITIA
1286 1825 1921 1912 HISTORICA
1972 1825 2091 1907 IN
2144 1822 2674 1907 MARCUM
2728 1821 3569 1907 CASSINENSEM.

1679 2006 1910 2068 (Fabricii
1949 2005 2072 2054 Bibl.
2108 2004 2235 2054 med.
2266 2013 2316 2053 et
2348 2003 2432 2055 inf.
2469 2005 2665 2065 aetatis.)

613 2138 824 2192 Marcus
850 2147 1035 2206 poeta,
1066 2136 1123 2192 S.
1152 2136 1421 2191 Benedicti
1451 2136 1783 2191 Cassinensis
1828 2136 1971 2190 circa
2022 2150 2111 2187 an.
2150 2137 2189 2195 Β
2221 2132 2357 2185 lecta
2391 2128 2559 2183 Paulo
2590 2127 2828 2180 Diaeono
2855 2133 2911 2181 et
2935 2123 3286 2187 Aldevraldo,
3335 2130 3395 2176 ut
3415 2119 3653 2175 Joannes
3682 2120 3799 2189 Bap

546 2229 654 2283 610
685 2227 980 2297 discipulus
1007 2236 1061 2281 et
1109 2227 1381 2281 familiaris
1406 2267 1420 2293 ,
1453 2234 1588 2280 teste
1627 2224 1907 2295 Sigcberto
1954 2240 2004 2279 c.
2028 2223 2119 2291 ⁸55,

560 2322 729 2375 Vitam
755 2321 816 2376 S.
843 2318 1105 2375 Benedicti
1134 2338 1165 2374 a
1187 2318 1432 2393 Gregorio
1456 2318 1647 2391 Magno
1667 2320 1778 2388 (lib.
1806 2334 1859 2373 ll.
1892 2317 2122 2386 Dialog.)

547 2413 851 2483 descriptam
868 2414 1135 2482 deﬂoravit
1165 2412 1366 2466 heroico
1400 2410 1727 2481 breviloquio,
1771 2418 1819 2463 et
1845 2423 2006 2477 pauca
2038 2405 2129 2477 (de

2226 2221 2349 2273 tista
2380 2217 2592 2271 Maurus
2622 2217 2686 2270 ad
2723 2214 2867 2270 Petri
2896 2212 3117 2269 Diaconi
3139 2228 3257 2282 (-ap.
3281 2212 3315 2266 5
3340 2212 3642 2267 annotavit.
3666 2210 3797 2264 Idem

2233 2308 2422 2362 Petrus
2449 2307 2607 2362 docet
2634 2305 2869 2359 Marcum
2898 2303 3177 2372 scripsisse
3220 2303 3283 2355 de
3311 2304 3411 2355 situ
3441 2311 3490 2354 et
3538 2308 3797 2353 construc-

2235 2400 2371 2454 tione
2391 2396 2604 2451 cwnobii
2632 2393 2974 2449 Cassinensis.
3016 2392 3195 2446 Edidit
3238 2391 3473 2459 Angelus
3515 2404 3547 2445 e
3572 2388 3714 2442 Nuce
3740 2386 3797 2440 ad

549 2477 815 2556 miraculis
842 2500 899 2555 S.
932 2477 1055 2555 llen'
1078 2501 1225 2571 dicti)
1248 2477 1622 2570 superaddidit.
1659 2498 1859 2553 Prodiit
1885 2498 1937 2551 in
1966 2495 2127 2551 Pros-
2229 2488 2430 2544 calcem
2461 2485 2712 2540 ειιτοηῖεί
2742 2482 2937 2571 ίιθοξῐίε
2956 2480 3238 2545 Οείίεθδίδν
3279 2482 3368 2551 ειυέ
3399 2477 3797 2571 h‘f,i_‘_'3__carmi‘_

548 2592 662 2659 peri
695 2592 1003 2661 liartinengi
1028 2592 1317 2645 Brixiensis
1340 2602 1487 2646 tomo
1511 2591 1668 2645 tertio
1690 2589 2001 2645 l’oematum
2032 2603 2122 2642 ve-

554 2692 728 2737 terum
756 2722 771 2749 ,
802 2691 1024 2737 curante
1054 2681 1290 2735 Arnoldo
1321 2680 1514 2735 Wiono
1535 2723 1549 2748 ,
1582 2680 1737 2734 Rom.
1773 2677 1929 2744 1590,
1955 2676 2122 2744 in-40,

548 2777 676 2834 etin
704 2776 992 2833 Mabillonii
1016 2776 1054 2831 S
1102 2793 1149 2831 c.
1184 2793 1199 2829 ι
1232 2774 1559 2830 Beucdictin.
1590 2790 1642 2841 ιι.
1665 2772 1758 2840 ‘28,
1786 2774 1891 2840 fam
1923 2772 2125 2842 pridem

554 2936 1247 2962 W

2228 2579 2309 2632 nis
2338 2576 2581 2631 meminit
2616 2591 2687 2638 Ill,
2735 2571 2825 2627 20.
2857 2570 3042 2627 Exstat
3070 2575 3231 2627 et‘am
3281 2580 3427 2625 temo
3454 2568 3519 2623 Ν
3550 2565 3797 2623 Thesauri

2190 2661 2197 2667 ’
2226 2666 2393 2723 Italia:
2416 2663 2779 2728 Muratoriani,
2811 2679 2863 2733 p.
2890 2660 3009 2717 605.

2500 2948 2775 2956 —~.—.———.——

1258 3073 1857 3234 manu:
1953 3068 3090 3185 cassmnnrsr-s

2028 3244 2307 3295 MONACHI

856 3382 1661 3505 ΙἣΟηΑΗΜΕΝ
1756 3381 1995 3503 DE
2092 3379 2121 3505 ξ

2227 3489 2229 3500 ,
2329 3379 3403 3515 BENEDICTO.

1789 3631 1879 3691 (Ex
1903 3629 2079 3681 mum.
2106 3632 2212 3683 Art.
2236 3633 2323 3684 ss.
2348 3633 2442 3685 BB.
2468 3643 2501 3686 t.
2531 3638 2590 3699 ι.)

547 3762 700 3818 Caeca
725 3761 1031 3833 profanatas
1059 3762 1262 3818 coleret
1293 3764 1418 3818 dum
1450 3764 1606 3820 turba
1636 3765 1861 3832 ﬁguras,

689 3848 757 3903 Et
783 3851 1028 3906 manibus
1049 3849 1219 3907 factos
1254 3852 1501 3907 cre‘deret
1529 3869 1645 3908 esse
1665 3853 1797 3909 deos
1817 3896 1832 3921 ,

550 3937 772 4009 Templa
802 3940 1034 3996 ruinosis
1062 3942 1176 3998 haec
1202 3943 1328 3998 olim
1369 3954 1639 4000 struxerat
1667 3946 1792 4007 aris.

692 4027 855 4094 Queis
882 4028 1044 4083 dabat
1064 4030 1296 4087 obsceno
1313 4049 1462 4089 sacra
1493 4044 1711 4089 cruenta
1741 4034 1879 4088 Iovi.

546 4118 651 4173 Sed
666 4117 847 4185 jussus
874 4120 1108 4186 veniens,
1135 4136 1422 4191 eremoque
1450 4132 1671 4179 vocatus
1699 4126 1766 4179 ab
1788 4124 1913 4185 alta.

691 4210 944 4281 Purgavit
963 4220 1179 4266 sanctus
1202 4212 1341 4268 hanc
1370 4213 1673 4270 Benedictus
1696 4217 1937 4270 humum.

548 4301 871 4371 Sculptaque
882 4300 1169 4358 confractis
1194 4302 1391 4371 dejecit
1418 4318 1683 4359 marmora
1698 4305 1879 4375 signis,

689 4390 756 4444 Et
778 4392 1036 4461 templum
1067 4392 1187 4445 vivo
1204 4392 1429 4462 prtebuit
1450 4408 1569 4449 esse
1588 4393 1713 4449 Deo.

549 4481 665 4536 lluc
692 4492 962 4552 properet,
991 4484 1159 4539 caelos
1187 4493 1340 4555 optat
1366 4487 1458 4554 qui
1492 4500 1714 4541 cernere
1746 4494 1963 4555 apertos

694 4572 804 4628 Nec
832 4584 1073 4630 removet
1098 4585 1284 4632 votum
1313 4577 1503 4632 semita
1531 4576 1662 4632 dura
1693 4578 1859 4647 pium.

549 4664 773 4730 Semper
799 4664 999 4720 difficili
1037 4677 1350 4737 qureruntur
1371 4683 1563 4738 magna
1592 4670 1775 4727 labore
1798 4710 1815 4735 ,

697 4759 910 4811 Arctam
934 4772 1144 4829 semper
1173 4761 1333 4816 habet
1356 4763 1467 4817 vita
1496 4763 1654 4818 beata
1675 4764 1836 4819 viam.

553 4845 670 4901 lluc
700 4862 830 4917 ergo
857 4864 977 4904 cum
1003 4851 1267 4907 scelerum
1289 4852 1572 4923 depressus
1604 4852 1745 4909 fasce
1771 4856 2053 4923 subissem,

696 4935 1002 5006 Depositum
1025 4942 1163 4995 sensi
1185 4942 1390 5011 pondus
1411 4944 1595 5000 abesse
1617 4946 1766 4999 mihi.

549 5020 726 5079 Credo
755 5026 897 5094 quod
918 5036 973 5082 et
999 5027 1123 5086 felix
1153 5030 1262 5084 vita
1282 5029 1428 5085 fruar
1456 5032 1674 5100 insuper
1694 5033 1780 5086 illa

693 5115 827 5173 Oras
847 5132 944 5187 pro
968 5117 1149 5173 Marco
1172 5120 1235 5185 si,
1273 5120 1561 5191 Benedicte,
1590 5130 1701 5176 tuo.

553 5202 704 5261 Hunc
726 5207 874 5277 plebs
901 5209 1060 5265 stulta
1080 5210 1256 5265 locum
1278 5212 1543 5281 quondam
1565 5211 1894 5266 vocitaverat
1924 5227 2121 5281 arcem,

708 5294 1132 5368 Marmoreisque
1160 5316 1372 5356 sacrum
1402 5300 1604 5356 fecerat
1625 5314 1745 5355 esse
1772 5300 1906 5355 deis.

556 5387 708 5458 Quod
738 5400 867 5446 tunc
902 5392 948 5446 si
976 5407 1106 5447 vero
1127 5392 1392 5460 signasset
1422 5393 1637 5447 nomine
1656 5392 1963 5463 quisquam,

698 5480 1009 5537 Tartareum
1039 5484 1213 5553 potuit
1234 5484 1355 5553 jure
1383 5498 1578 5538 vocare
1611 5482 1806 5539 Chaos.

555 5566 636 5621 Ad
666 5581 824 5637 quem
855 5569 1066 5623 cazcatis
1094 5577 1335 5625 errantes
1358 5568 1623 5624 mentibus
1656 5569 1801 5624 ibant

2365 3763 2611 3833 lmproba
2639 3766 2916 3822 mortifero
2943 3767 3168 3823 reddere
3198 3776 3319 3823 vota
3348 3768 3490 3824 Jovi.

2234 3853 2340 3907 Sed
2363 3862 2493 3923 puto
2522 3855 2758 3924 prmvisaa
2780 3855 2990 3910 culmen
3018 3856 3323 3924 signaverat
3347 3858 3482 3912 aulae
3501 3900 3517 3925 ,

2376 3943 2599 3999 Nomine
2621 3954 2747 3999 tunc
2772 3946 2908 4000 arcis
2934 3947 3131 4015 templa
3156 3946 3412 4001 moderua
3442 3963 3667 4005 vocans.

2232 4032 2287 4086 ln
2319 4033 2510 4103 quibus
2530 4042 2745 4088 aeterna:
2764 4034 3048 4089 damnatur
3068 4044 3220 4105 porta
3242 4035 3519 4103 gehennae,

2375 4126 2586 4193 Arxque
2612 4125 2772 4180 modo
2799 4126 2918 4179 vitae
2941 4133 3042 4189 est,
3070 4141 3186 4194 quae
3208 4125 3306 4179 fuit
3332 4134 3458 4180 ante
3489 4126 3656 4180 necis.

2232 4211 2307 4267 De
2335 4227 2437 4281 qua
2461 4212 2719 4281 stelligeri
2744 4214 2986 4284 pulsatur
3000 4214 3163 4282 janua
3193 4214 3348 4279 εαξη,

2370 4302 2504 4357 Dum
2536 4304 2682 4358 canit
2709 4304 2964 4374 angelicis
2993 4307 3149 4358 turba
3179 4305 3337 4358 beata
3365 4304 3556 4361 modis.

2233 4392 2306 4447 De
2332 4408 2436 4462 qua
2463 4393 2788 4463 colloqueris
2806 4409 2956 4461 vero,
2997 4393 3305 4461 Benedicte,
3337 4394 3589 4458 Tonanti,

2371 4481 2655 4537 Monticula
2680 4491 2735 4538 et
2761 4484 2900 4538 sacri
2932 4483 3036 4537 dux
3067 4483 3294 4538 eremita
3315 4483 3488 4537 chori.

2230 4572 2309 4628 Ad
2334 4588 2495 4643 quam
2526 4582 2582 4628 tu
2611 4590 2679 4629 ex
2709 4575 2814 4629 alio
2853 4575 3088 4631 monitus
3113 4590 3234 4631 cum
3267 4583 3449 4629 monte
3476 4575 3705 4637 venires,

2370 4663 2472 4719 Per
2499 4664 2712 4719 deserta
2744 4664 2860 4731 tibi,
2890 4665 3017 4730 dux,
3045 4666 3156 4734 via,
3186 4664 3430 4720 Chrlstus
3455 4673 3591 4719 erat.

2230 4754 2469 4822 Namque
2495 4754 2632 4810 duos
2656 4753 2880 4822 juvenes
2901 4756 3099 4810 bivium
3131 4755 3381 4825 perduxit
3410 4756 3475 4809 ad
3500 4769 3697 4823 omne,

2369 4845 2471 4909 Qui
2493 4852 2548 4899 te
2571 4844 2845 4899 firmarent
2867 4847 3009 4914 quod
3032 4848 3334 4914 sequereris
3363 4846 3483 4901 iter.

2230 4935 2327 4991 Hic
2355 4950 2571 5006 quoque
2591 4938 2788 4992 viventi
2814 4937 2956 5007 justo
2985 4939 3306 5009 praedixerat
3327 4941 3438 5004 uni,

2370 5024 2465 5079 His
2493 5034 2548 5079 tu
2573 5042 2732 5093 parce
2760 5027 2912 5093 locis,
2943 5029 3079 5083 alter
3102 5029 3302 5086 amicus
3331 5032 3501 5087 adest.

2160 5141 2209 5203 ι)
2233 5112 2309 5169 Te
2329 5114 2431 5203 sibi
2460 5114 2668 5171 sublato
2694 5117 2929 5173 tenebris
2950 5134 3105 5173 mons
3144 5121 3356 5174 ccelitus
3386 5122 3590 5185 horret,

2374 5202 2439 5258 Et
2466 5205 2627 5275 pallet
2651 5207 2859 5263 nebulis
2888 5209 3143 5263 concolor
3170 5210 3284 5279 ipse
3305 5212 3437 5266 suis.

2231 5293 2475 5361 Haerent,
2499 5304 2555 5352 et
2581 5296 2740 5366 largis
2769 5297 3023 5353 distillant
3060 5298 3271 5353 ﬂetibus
3295 5310 3467 5363 antra.

2371 5382 2612 5453 Cumque
2636 5386 2747 5441 suis
2764 5385 3024 5455 plangunt
3051 5387 3227 5441 tabida
3245 5388 3409 5444 lustra
3438 5387 3593 5443 focis.

2231 5473 2413 5544 Teque
2439 5475 2587 5530 lacus
2613 5476 2795 5544 liquidi
2822 5492 2954 5531 vero
2984 5476 3180 5532 ﬂevere
3207 5479 3394 5534 dolore
3413 5520 3428 5541 ,

2376 5565 2437 5618 Et
2464 5567 2656 5634 sparsit
2687 5567 2891 5621 laceras
2920 5570 3051 5623 silva
3076 5570 3248 5624 soluta
3282 5586 3487 5627 comas.
