4052 6332
189 304 288 362 185
779 299 1015 354 SANCTI
1055 296 1502 354 WAllNAll.tllll
1542 295 1718 351 ACTA
1760 294 1856 351 SS.
1896 294 2283 351 MARTYRUM
2324 286 2895 352 TERGEMINORUM.

189 413 381 471 Credar
409 409 530 466 ﬁcta
563 408 732 478 loqui,
752 409 853 464 nisi
885 418 955 474 te,
985 424 1052 463 ne
1072 408 1220 463 solus
1240 409 1438 475 abires,

323 503 458 559 Tres
486 501 661 557 subito
682 501 831 555 corvi
858 515 1206 572 promeruere
1232 500 1405 569 sequi.

189 594 285 651 llic
311 607 528 665 quoque
546 599 600 647 te
629 590 870 646 clausum
898 591 1078 661 populi
1109 600 1163 645 te
1186 598 1324 645 teste
1358 587 1655 657 requirunt.

328 683 625 752 Exspectas
646 681 820 736 noctis
842 696 961 735 cum
985 681 1072 751 pia
1092 679 1225 735 festa
1256 694 1443 735 sacrae.

192 772 288 839 Qui
316 771 463 825 velut
486 769 658 824 orbati
684 770 861 824 raucis
882 770 974 824 tibi
998 769 1124 823 flere
1144 769 1380 838 querelis

327 859 553 925 Instant,
583 859 838 914 convictu
857 859 1001 927 quod
1024 872 1247 913 caruere
1277 864 1367 911 tuo

192 949 284 1004 Ast
322 950 431 1003 huc
450 948 711 1019 perducto
734 947 938 1017 scopuli
967 961 1198 1009 cessere,
1225 946 1449 1015 rubique

330 1038 595 1108 Siccaque
623 1036 891 1092 mirandas
920 1045 1060 1091 terra
1090 1036 1285 1091 retexit
1313 1051 1497 1106 aquas.

193 1128 409 1183 Certum
433 1137 517 1183 est
540 1142 694 1183 mons
705 1125 902 1182 Christi
927 1124 1070 1196 quod
1084 1125 1356 1180 montibus
1381 1125 1609 1195 imperet
1625 1124 1769 1194 ipsis,

333 1214 815 1286 Subiecitpedibus
844 1230 1000 1269 mons
1037 1221 1200 1283 caput
1229 1214 1345 1284 ipse
1390 1214 1514 1268 tuis.

3351 292 3455 356 186

1789 416 1835 471 Α
1865 404 2007 461 Neve
2032 402 2318 473 fatigentur
2338 405 2427 472 qui
2450 414 2518 468 te,
2546 404 2838 467 Benedicta,
2863 404 3164 473 requirunt,

2011 492 2245 547 Molliter
2272 493 2545 563 obliquum
2575 491 2741 548 flectit
2784 494 2979 561 ubique
3006 493 3165 547 latus.

1867 583 2021 639 Hunc
2059 599 2214 638 mons
2242 585 2355 654 ipse
2379 593 2552 638 tamen
2582 584 2725 654 juste
2747 585 2840 638 tibi
2868 585 3043 640 reddit
3066 586 3328 639 honorem

2007 676 2108 742 Qui
2136 677 2331 730 meruit
2360 685 2568 730 tantum
2595 685 2645 730 te
2666 678 2957 731 decoraute
2993 676 3217 731 bonum.

1871 765 2029 821 Arida
2064 777 2120 820 tu
2143 766 2297 835 cujus
2320 766 2490 821 hortis
2515 767 2798 835 componis
2822 767 3072 829 amomis,

2006 854 2262 924 Nudaque
2284 854 2508 910 fecundo
2538 856 2754 926 palmite
2775 872 2903 910 saxa
2936 858 3090 924 tegis.

1878 943 2134 998 Mirantur
2152 943 2360 1013 scopuli
2392 942 2588 1011 fruges,
2612 953 2667 997 et
2694 959 2801 998 non
2825 959 2920 998 sua
2945 960 3124 1014 poma,

2017 1034 2404 1105 Pomiferisque
2426 1036 2562 1088 viret
2589 1034 2722 1089 silva
2752 1034 2965 1088 dumata
2993 1036 3181 1090 comis.

1877 1124 1967 1180 Sic
1996 1125 2269 1180 hominum
2293 1125 2503 1180 steriles
2531 1125 2584 1178 in
2609 1123 2840 1179 fructum
2870 1126 3054 1195 dirigis
3080 1134 3255 1189 actus,

2019 1215 2169 1270 Sicca
2197 1215 2416 1271 salutari
2450 1214 2671 1271 ﬂumine
2702 1217 2867 1271 corda
2913 1218 3115 1287 rigans.

195 1304 367 1376 thue
393 1321 547 1360 suum
573 1314 630 1360 tu
657 1312 841 1360 sancte
859 1313 1269 1375 supervegetere
1293 1318 1546 1359 cacumen
1569 1343 1584 1367 ,

334 1392 616 1449 Submisso
640 1392 901 1448 tumidam
932 1392 1135 1448 vertice
1154 1392 1338 1461 planat
1365 1392 1608 1447 humum.

1881 1303 1991 1373 Sic,
2014 1316 2171 1372 rogo,
2198 1320 2341 1359 nunc
2369 1306 2552 1374 spinas
2573 1306 2627 1359 in
2657 1305 2864 1374 frugem
2894 1315 3044 1360 verte
3072 1306 3352 1376 malignas,

2025 1392 2153 1460 Quae
2181 1394 2418 1448 lacerant
2442 1394 2604 1448 Marci
2635 1405 2853 1463 pectora
2885 1395 3040 1449 bruta
3071 1396 3167 1449 tui.

224 1592 3446 1644 Μ
2906 1637 2973 1643 ._
3023 1633 3210 1644 _____.._
3259 1598 3446 1643 _‘“"“

2976 1638 3020 1643 _-
3410 1638 3429 1643 -

2906 1633 3429 1645 _._-___._..__._._.._-

1485 1760 1649 1802 ANNO
1696 1759 1923 1803 BOMINI
1969 1760 2161 1803 DCXV.

320 1915 1106 2082 SANCT
1138 1924 1415 2082 US
1530 1919 3341 2088 WARNAHARIUS

1314 2189 1836 2253 LINGONENSIS
1879 2194 2362 2255 PRESBYTER.

586 2480 1067 2563 NOTITIA
1105 2478 1749 2566 HISTORICA
1804 2478 1925 2559 ΙΝ
1979 2480 2068 2562 S.
2117 2482 3095 2572 WARNAHARIUM.

1284 2662 1491 2722 (Fabric.
1522 2662 1747 2714 Biblioth.
1772 2665 1904 2713 med.
1932 2672 1984 2715 et
2003 2664 2089 2713 lnl‘.
2113 2664 2315 2725 aetatis.)

1760 2746 1913 2760 —

268 2812 697 2882 Warnaharius,
744 2810 832 2868 vel
878 2809 1334 2875 Warnacharius,
1366 2810 1647 2881 presbyter
1688 2824 1778 2864 ec-
1814 2813 1856 2870 Β
1882 2808 1963 2863 fer
2006 2824 2059 2878 p.
2094 2807 2181 2862 73.
2226 2808 2358 2863 Item
2410 2809 2543 2864 Acta
2592 2810 2649 2864 S.
2694 2811 2950 2868 Desiderii
2996 2816 3233 2886 episcOpi
3282 2817 3474 2888 Lingm

200 2908 383 2964 clesia:
436 2904 786 2975 Lingonensis
840 2903 893 2957 in
943 2902 1130 2957 Galliis
1154 2943 1170 2968 ,
1203 2900 1355 2955 initio
1400 2901 1579 2955 saeculi
1632 2916 1704 2954 vu
1754 2916 1782 2953 ει
1893 2900 2073 2955 nensis
2097 2942 2112 2964 ,
2142 2901 2230 2969 qui
2262 2915 2383 2955 smc.
2416 2917 2452 2955 ll
2483 2904 2793 2972 martyrium
2823 2907 3018 2974 subiit,
3038 2923 3154 2976 qun
3182 2917 3396 2964 exslanl
3426 2913 3473 2971 iu

201 2997 471 3054 Ceraunio
514 2996 768 3065 episcopo
808 2992 1093 3048 Parisiensi
1142 2999 1390 3058 rogatus,
1422 2990 1557 3045 Acta
1584 2989 1785 3060 Marty-
1892 2992 2042 3046 Actis
2089 2991 2185 3045 SS.
2230 2990 2389 3057 Maii,
2416 3000 2548 3047 tom.
2588 2993 2652 3058 V,
2685 3007 2804 3063 pag.
2854 2994 2978 3050 244.
3012 2995 3257 3053 Praefatio
3287 2999 3476 3055 horum

1893 3079 2151 3135 Actorum
2204 3080 2269 3135 ad
2316 3081 2638 3137 Cerauuium
2691 3082 2919 3138 habetur
2953 3087 3114 3140 etiam
3158 3088 3211 3142 in
3254 3088 3476 3146 Gerardi

1895 3173 2095 3228 Dubois
2124 3171 2257 3228 Hist.
2292 3173 2495 3229 Eccles.
2526 3174 2693 3229 Paris.
2728 3192 2812 3241 ut,
2844 3176 2905 3238 6.
2938 3195 2990 3231 ιι.
3026 3178 3113 3233 12.
3148 3179 3275 3235 Vide
3302 3180 3474 3236 [listoa

1896 3264 2033 3320 riam
2056 3264 2241 3321 Galliae
2270 3266 2581 3320 litterariam
2605 3309 2619 3333 ,
2644 3274 2772 3319 tom.
2806 3266 2869 3320 lll
2895 3308 2907 3333 ,
2940 3284 2989 3337 p.
3021 3266 3142 3322 5‘24.

201 3102 320 3142 rum
338 3086 639 3156 descripsit,
655 3100 722 3141 ex
742 3084 933 3153 quibus
945 3074 1119 3137 adhuc
1130 3087 1341 3136 exstant
1356 3097 1370 3133 :
1387 3080 1515 3133 Acta
1533 3079 1637 3135 SS.
1659 3079 1785 3133 Ter-

200 3178 563 3245 geminorum,
590 3176 643 3230 h.
695 3190 745 3230 e.
802 3171 1119 3243 Speusippi,
1165 3169 1436 3239 Eleusippi
1482 3176 1536 3222 et
1582 3168 1786 3223 Meleu-

202 3265 378 3336 sippi,
430 3265 570 3319 edita
612 3280 643 3320 a
687 3263 867 3328 Surio,
916 3262 1002 3318 die
1052 3261 1120 3314 17
1173 3258 1293 3314 Jan.
1322 3301 1338 3325 ,
1385 3272 1506 3328 pag.
1558 3256 1661 3312 592
1689 3299 1705 3326 ,
1735 3267 1791 3313 et

202 3353 466 3412 Bollando
494 3396 509 3423 ,
553 3364 686 3410 tom.
742 3353 785 3408 ll
834 3352 950 3408 Jan.
976 3392 991 3417 ,
1022 3366 1076 3421 p.
1138 3349 1205 3403 76
1228 3392 1243 3417 ,
1277 3364 1435 3419 quem
1468 3350 1629 3403 etiam
1658 3364 1790 3406 con:

774 3630 1499 3781 sana-1'1
1548 3631 2882 3774 QABNAHAMI

1429 3787 1841 3891 LINGOR’ENSIS
1876 3836 2269 3889 PRESBYTER]

186 3940 726 4106 ωίἏρΤΑ
821 3993 1025 4097 ss.
1117 3980 2040 4091 MARTYRUM
2120 3982 3365 4092 TEBGEMINORUM

780 4190 1415 4276 SPEUSIPPI,
1470 4179 2117 4283 ELEUSIPPI,
2174 4184 3033 4301 MELEUSIPPIV/

1768 4344 1939 4359 —d-

1352 4390 1440 4452 (Ex
1466 4387 1684 4439 Bolland.
1712 4386 1830 4435 Acta
1852 4387 2068 4439 Sanctor.
2098 4390 2204 4437 Jan.
2234 4396 2270 4441 t.
2295 4392 2383 4452 ll.)

1780 4475 1941 4487 ——

518 4586 525 4591 .
631 4537 994 4594 PROLOGUS
1031 4534 1389 4592 AUCTORIS.

284 4639 343 4695 1.
385 4636 585 4693 Sancto
614 4643 669 4689 et
707 4649 738 4687 a
782 4648 869 4689 me
916 4630 1210 4703 pontiﬁcali
1240 4631 1392 4701 apice
1421 4629 1757 4700 prmferendo
1783 4672 1800 4698 ,

206 4730 431 4786 Domno
461 4734 487 4761 δ
519 4724 785 4780 Ceraunio
812 4738 961 4793 papa:
987 4764 1003 4790 ,
1035 4720 1418 4776 Warnaharius
1446 4718 1696 4773 salutem.

287 4816 583 4887 Praecipuis
635 4815 1064 4870 beatissimorum
1118 4812 1495 4882 episcoporum
1563 4808 1807 4878 personis

207 4908 438 4966 assidue
486 4905 753 4976 coaequari
799 4903 1006 4959 meritis
1046 4919 1154 4957 non
1206 4900 1504 4963 desistens,
1560 4899 1613 4953 in
1659 4900 1806 4954 omni

206 4997 635 5055 conversatione
682 4994 999 5058 sacerdotii,
1039 4998 1224 5047 sancta
1266 4989 1509 5059 quotidie
1553 4989 1809 5043 exornari

206 5087 485 5155 religione
528 5084 785 5141 festinans
814 5122 831 5146 ,
888 5082 1187 5137 divinarum
1240 5079 1540 5134 litterarum
1596 5077 1808 5145 legendi

1826 4551 1871 4606 (ζ
1904 4543 2080 4597 studio
2110 4545 2355 4599 universa
2385 4544 2634 4612 dogmata
2662 4543 2983 4612 peragrasti:
3013 4557 3152 4596 uuuc
3177 4551 3482 4603 sanctorum

1908 4642 2202 4704 martyrum
2223 4641 2371 4703 gesta
2392 4674 2406 4699 ,
2438 4634 2502 4687 ad
2528 4634 2696 4687 laudis
2720 4644 2821 4686 tute
2846 4633 3152 4698 cumulum,
3177 4648 3273 4701 pro
3304 4649 3485 4689 amore

1911 4726 2178 4794 religionis
2226 4740 2556 4794 congregare
2606 4727 2659 4779 in
2689 4727 2821 4779 urbe
2858 4724 3121 4780 Parisiaca
3154 4725 3376 4780 devotus
3411 4726 3487 4778 iu-

1911 4818 2102 4871 tendis.
2129 4816 2281 4872 Unde
2305 4816 2332 4855 δ
2362 4827 2550 4873 sancto
2579 4818 2812 4872 Eusebio
2836 4819 3152 4872 Caesariensi
3186 4818 3237 4872 in
3269 4819 3489 4872 acutula-

1912 4909 2072 4964 tionis
2118 4909 2296 4964 studio
2341 4909 2703 4993 corquwdus
2730 4926 2788 4964 es
2815 4949 2828 4973 ,
2873 4920 2928 4965 et
2975 4912 3085 4980 pari
3137 4912 3320 4979 gloria:
3348 4912 3489 4965 dono

1914 5002 2296 5072 perpetualiter
2324 5003 2720 5056 memorandus.
2752 5002 2825 5056 Da
2862 5004 3072 5057 veniam
3101 5012 3296 5057 nostra:
3326 5004 3487 5071 impe-

1913 5094 2048 5149 ritiae
2070 5136 2085 5162 ,
2115 5093 2366 5164 quoniam
2416 5102 2467 5149 te
2513 5101 2719 5147 tantum
2762 5094 2980 5148 laudare
3015 5109 3121 5147 non
3158 5090 3451 5147 sullictmus
3473 5128 3485 5146 .

287 5228 321 5258 ιι
365 5218 444 5275 De
489 5231 555 5273 eo
601 5229 822 5285 agemus
874 5215 942 5269 27
992 5212 1511 5285 δθῃῑβωωίεηριιο
1567 5218 1809 5285 tempore

214 5289 422 5345 vixerit
444 5325 462 5352 ,
485 5281 718 5342 diximus
743 5300 906 5355 supra
936 5285 990 5339 in
1019 5281 1322 5355 Prolegom.
1353 5282 1380 5354 ᾗ
1408 5282 1435 5335 1
1461 5323 1475 5346 ,
1501 5297 1647 5355 num.
1680 5281 1733 5355 5τ

288 5360 321 5399 b
367 5351 655 5436 Pet-peram
678 5351 886 5436 sanctus
927 5351 1226 5436 appellatur
1272 5351 1396 5436 hic",
1428 5360 1485 5407 et
1523 5352 1577 5405 in
1626 5351 1809 5436 multis

205 5421 631 5499 martyrologiis
651 5424 719 5480 ad
744 5424 807 5499 ξι
843 5421 1012 5499 Junii
1034 5421 1284 5499 Eusebius
1324 5422 1665 5499 Qwsareeqsis
1695 5421 1810 5499 epi-

209 5492 446 5569 scopus,
475 5492 569 5566 qui
598 5495 722 5551 licet
749 5495 815 5549 de
842 5493 1085 5569 Ecclesia
1124 5508 1232 5569 non
1269 5492 1406 5545 male
1453 5493 1767 5569 meritussit
1790 5532 1805 5557 ,

207 5560 357 5625 dmin
409 5560 560 5635 gesta
616 5573 927 5635 sanctorum,
968 5563 1304 5635 descripsit,
1366 5570 1545 5635 tamen
1600 5560 1809 5635 Arianzn

207 5630 450 5692 ltmresis
488 5643 855 5707 propugnator
907 5630 1167 5707 fuit.‘Se_d‘
1212 5648 1329 5686 cum
1366 5632 1545 5707 sancti
1602 5630 1809 5707 Eusebii

211 5707 459 5774 episcom'
485 5701 687 5762 nomen
709 5705 760 5759 in
791 5705 956 5761 sacris
987 5704 1175 5756 tabulis
1206 5702 1528 5772 reperissent
1558 5701 1803 5767 quidam,

1914 5231 2288 5287 Cwsareensem
2309 5230 2799 5298 existimarunt,qui
2824 5229 3204 5285 Samosatensis
3225 5233 3325 5298 est,
3348 5231 3404 5275 ut
3426 5220 3484 5273 2i

1856 5334 1865 5341 -
1912 5300 2053 5356 Junii
2087 5303 2313 5356 dicimus
2340 5320 2350 5353 :
2380 5301 2619 5356 fortassis
2639 5296 2850 5368 quidam
2893 5296 3270 5372 Smnosatcnsis
3298 5308 3490 5372 nomen

1915 5374 1985 5426 ob
2019 5373 2239 5425 Paulum
2266 5372 2677 5425 haeresiarcltam
2712 5379 3018 5440 suspectam
3072 5368 3352 5440 habentes,
3379 5368 3490 5415 ausi

1913 5443 2059 5497 velut
2089 5444 2340 5496 mendum
2371 5442 2660 5510 corrigere.
2686 5435 2919 5494 Consule
2938 5437 3222 5510 Barouium
3248 5435 3298 5487 in
3320 5442 3489 5510 notat.

1915 5513 1979 5584 ad
2025 5512 2311 5584 martyrol.~
2334 5527 2400 5566 eo
2426 5500 2548 5575 die",
2582 5519 2638 5564 et
2668 5510 2856 5584 10,‘5,
2898 5524 2983 5560 an.
3017 5504 3161 5584 3m.
3200 5520 3344 5584 num.
3386 5500 3458 5584 β

1915 5583 2001 5637 ubi
2028 5572 2232 5637 Sixtum
2282 5572 2573 5642 Senem-cm
2622 5572 2834 5646 egregie
2883 5574 3339 5645 porstringit,qui
3386 5572 3463 5626 Eu

1913 5654 2115 5709 bublum
2142 5652 2533 5707 (ἶιυέῃγςιειιςριιι
2567 5668 2725 5705 ausus
2751 5650 2839 5702 full
2874 5668 2879 5693 :
2906 5649 2936 5699 Ι)
2964 5646 3086 5699 ΙΜῚἸ
3106 5647 3151 5699 si
3180 5660 3457 5700 CXCIISRTC.
