4052 6332
641 311 745 366 187

1892 298 2131 355 SANCTI
2175 297 2623 353 WAIlNAll.\llll
3792 304 3872 365 l88

640 430 897 495 quantum
938 434 1084 475 esses
1110 419 1259 475 cordi
1285 418 1329 474 si
1374 414 1618 470 facundia
1662 416 1999 467 succurreret
2026 407 2217 478 prmfe-
2247 408 2293 468 Α
2323 407 2519 463 Christi
2547 409 2937 464 confeSsionem
2989 411 3168 479 plures
3195 412 3583 467 commilitones
3610 416 3865 487 acquirite,

640 515 857 570 rendus.
876 512 1038 567 Gesta
1064 519 1367 566 sanctorum
1394 502 1854 574 geminorum,qui
1886 501 1937 553 in
1968 499 2222 553 subnrbio

642 603 947 673 Lingonica:
971 601 1199 657 civitatis
1220 598 1506 669 pretiosam
1528 593 1708 662 adepti
1737 600 1859 646 sunt
1881 603 2221 644 consumma-

642 693 844 747 tionem
875 690 1111 761 martyrii
1142 688 1227 742 vel
1270 684 1564 740 beatissimi
1609 690 1629 717 ι
1668 679 1930 735 Desiderii
1979 677 2226 747 martyris

643 791 699 838 et
726 783 976 836 antistitis
1014 780 1178 849 ipsius
1206 776 1434 832 civitatis
1458 815 1474 841 ,
1518 775 1658 829 sicut
1699 769 2002 826 devotionis
2048 768 2225 823 studio

643 875 965 942 imperastis,
990 873 1058 925 ita
1088 868 1579 924 desiderantissime
1607 879 1692 919 me
1715 861 2073 917 famulationis
2104 860 2228 914 obe-

644 963 853 1018 dientia:
881 961 1235 1030 cognoscatis.

1152 1048 1380 1105 CAPUT
1421 1046 1710 1102 PRIMUM.

933 1145 993 1199 S.
1029 1143 1249 1215 Benigni
1280 1145 1343 1196 ad
1379 1142 1639 1212 Lingonas
1665 1139 1930 1192 adventus.

712 1236 767 1290 2.
808 1232 1053 1289 Gloriosa
1094 1243 1385 1304 martyrum
1435 1231 1728 1286 certamina
1758 1227 2043 1283 studiosius
2083 1242 2231 1281 rese-

644 1341 763 1381 rare
814 1325 1027 1380 Christo
1081 1333 1303 1377 auctore
1352 1321 1745 1390 compellimur,
1792 1319 1845 1371 in
1902 1317 2053 1385 cujus
2108 1317 2229 1371 fidei

644 1432 829 1471 amore
874 1425 992 1469 acta
1041 1415 1204 1469 luisse
1259 1412 1443 1483 procul
1484 1411 1644 1466 dubio
1683 1408 2021 1463 confitemur.
2064 1407 2231 1475 Igitur

645 1508 814 1565 sancti
844 1515 952 1561 tres
977 1506 1169 1573 gemini
1220 1504 1407 1558 fratres
1434 1502 1763 1571 Speusippus
1788 1544 1800 1566 ,
1834 1498 2150 1567 Eleusippus
2178 1506 2232 1551 et

645 1598 1044 1667 Meleosippus,
1090 1612 1210 1652 cum
1260 1594 1473 1664 quantis
1522 1593 1587 1646 ad
1631 1590 1871 1661 martyrii
1919 1589 2228 1657 dignitatem

647 1691 881 1763 praemiis
929 1688 1308 1760 pervenerint,
1351 1686 1636 1754 explanare
1676 1684 1853 1752 potius
1904 1696 2064 1749 quam
2098 1694 2232 1749 prte-

2325 515 2445 553 cum
2473 500 2667 568 quibus
2694 499 2762 554 de
2787 500 3010 555 victoria
3046 501 3438 571 triumphantes
3463 544 3477 567 ,
3514 517 3705 557 nomen
3730 513 3779 559 et
3803 507 3871 562 di-

2324 590 2540 656 gnitatis
2568 590 2790 658 gloriam
2818 590 3033 660 possitis
3061 590 3280 660 adipisci
3311 593 3705 662 sempiternam.
3730 594 3871 653 Fruc-

2329 691 2411 734 tus
2442 682 2637 737 laboris
2681 684 2841 737 vestri
2895 684 3172 753 multiplici
3212 685 3487 754 opulentia
3519 689 3872 762 cumulentur;

2323 772 2587 840 jostorum
2616 774 2844 844 paradisi
2867 775 3020 828 sedes
3046 790 3140 843 per
3166 791 3261 829 vos
3288 776 3572 844 plurimum
3602 776 3667 830 de
3692 790 3875 833 sancta-

2330 876 2443 913 rum
2496 861 2792 915 animarum
2841 863 3190 930 acquisitione
3235 863 3499 918 ketentur.
3550 860 3643 917 His
3689 875 3742 919 et
3781 867 3874 923 aliis

2332 953 2512 1006 multis
2534 969 2627 1008 eos
2656 964 2876 1008 sanctus
2900 952 3224 1025 Polycarpus
3254 955 3679 1025 prosequebatur
3705 961 3875 1014 oratio-

2336 1045 2518 1097 nibus.

2402 1137 2452 1190 ὅ.
2496 1137 2572 1201 llli
2626 1154 2769 1202 vero,
2805 1139 3111 1206 navigantes
3141 1139 3383 1203 feliciter,
3413 1139 3788 1207 gubernatione
3810 1142 3875 1195 di-

2333 1229 2451 1280 vina
2475 1227 2541 1279 ad
2576 1227 2981 1281 Massiliensium
3017 1229 3189 1282 littora
3238 1231 3463 1284 celerius
3510 1239 3873 1296 pervenerunt:

2332 1318 2637 1386 egressique
2667 1318 2731 1370 ad
2764 1329 2928 1372 terras
2950 1361 2965 1386 ,
2999 1319 3091 1372 Dei
3140 1320 3328 1387 angelo
3375 1320 3707 1388 pnccedente
3734 1359 3749 1385 ,
3775 1335 3873 1389 pro-

2332 1424 2546 1476 sperum
2578 1410 2677 1462 iter
2706 1420 2949 1476 agentes,
2992 1408 3008 1446 ‘
3044 1409 3274 1463 :Eduam
3304 1413 3574 1466 civitatem
3605 1413 3877 1480 ingrediun-

2336 1511 2417 1550 tur
2445 1517 2457 1551 :
2492 1499 2669 1566 ibique
2700 1499 2904 1553 Domini
2932 1501 3236 1569 provisione
3264 1541 3277 1561 ,
3311 1510 3525 1568 reperto
3566 1500 3774 1565 Fausto,
3802 1514 3880 1554 no-

2334 1590 2603 1642 bilissimze
2632 1589 2840 1643 familias
2869 1591 2980 1643 viro
3000 1632 3012 1655 ,
3039 1591 3305 1643 senatoria
3329 1591 3585 1658 dignitate
3607 1592 3881 1660 conspicuo,

2336 1692 2385 1734 et
2417 1682 2750 1750 praetorianis
2782 1681 3010 1735 fascibus
3055 1683 3341 1735 sublimato
3364 1723 3378 1747 ,
3405 1684 3704 1751 gratissime
3732 1682 3789 1735 ab
3813 1696 3882 1736 eo-

652 1783 817 1837 terire
846 1780 1151 1850 plenissima
1180 1778 1431 1833 convenit
1459 1775 1687 1829 ratione.
1730 1771 2115 1826 Admirandum
2143 1786 2229 1824 sa-
2263 1778 2307 1838 ιι
2335 1776 2454 1829 dem
2479 1776 2710 1845 hospitio
2738 1786 2861 1829 sunt
2882 1776 3100 1844 recepti.
3121 1775 3266 1841 Quos
3287 1792 3407 1830 cum
3430 1776 3883 1844 comperissetesse

648 1870 717 1924 tis
746 1878 826 1925 est
854 1878 907 1924 et
932 1869 1024 1922 Dei
1054 1865 1437 1935 omnipotentis
1468 1861 1930 1933 prxdestinatione
1977 1859 2231 1928 multipli-

648 1962 782 2017 citer
810 1958 1217 2030 przeferendnm.
1258 1957 1399 2025 Ergo
1441 1955 1599 2024 hujus
1640 1955 1717 2008 rei
1758 1952 2000 2008 ordinem
2045 1966 2235 2020 prose-

648 2061 896 2123 quentes,
927 2059 981 2105 et
1016 2051 1306 2120 gratiarum
1336 2047 1593 2101 beneficia
1622 2044 1891 2113 largitoris
1930 2042 2235 2111 diligentius

649 2151 1058 2216 perpensantes,
1090 2140 1406 2210 principium
1435 2136 1789 2205 publicemus.

719 2235 774 2290 5.
814 2234 1055 2301 Denique
1101 2240 1316 2286 sanctus
1371 2228 1697 2299 Polycarpus
1752 2225 1777 2261 ι)
1836 2224 2030 2293 Ephesi
2090 2222 2235 2276 urbis

651 2325 957 2395 episcopus,
971 2320 1211 2376 doctrina
1228 2315 1750 2371 beatissimiJoannis
1766 2313 1991 2382 apostoli
2005 2321 2059 2365 et
2075 2326 2235 2364 evan,

651 2415 852 2485 gelislze
877 2411 1113 2483 perfecte
1156 2412 1477 2472 instructus,
1507 2405 1708 2475 Spiritu
1747 2411 1934 2460 sancto
1965 2402 2233 2470 repletus.

652 2504 774 2559 fidei
820 2504 1016 2558 ducatu
1058 2501 1279 2570 cupiens
1306 2496 1503 2552 Christi
1548 2496 1789 2550 militiam
1819 2494 2072 2563 ampliare
2096 2534 2110 2555 .
2143 2507 2237 2561 per

654 2593 898 2648 diversas
952 2590 1135 2645 mundi
1184 2597 1362 2658 partes
1415 2602 1541 2642 suos
1594 2585 1853 2654 dirigebat
1906 2582 2233 2652 discipulos,

655 2685 876 2738 verbum
925 2681 1131 2736 Domini
1163 2680 1329 2733 nostri
1359 2676 1485 2732 Jesn
1521 2677 1718 2731 Christi
1745 2675 1989 2744 gentibus
2018 2675 2237 2726 fiducia-

652 2772 781 2828 liter
826 2772 1137 2842 praedicare.
1178 2769 1414 2823 Audiens
1463 2768 1642 2835 itaque
1684 2764 2029 2819 Aurelianum
2075 2763 2233 2831 impe-

656 2870 891 2916 ratorem
923 2868 1043 2929 post
1075 2859 1368 2912 discessum
1424 2866 1445 2895 ε
1479 2854 1664 2910 Severi
1698 2854 1843 2922 impii
1881 2852 2238 2923 persecutoris

656 2952 1073 3007 crudelissimam
1104 2948 1279 3002 denuo
1310 2945 1653 3001 resuscitasse
1682 2943 2112 3012 persecutionem
2136 2982 2150 3007 ,
2184 2949 2238 2994 et

657 3042 803 3112 quod
852 3040 990 3094 malo
1038 3038 1189 3109 pejor
1236 3037 1483 3107 princeps
1526 3033 1747 3104 principi
1796 3031 2140 3086 successisset
2185 3030 2235 3084 in

2337 1869 2728 1938 prtcsbyteros,
2786 1868 3099 1936 suppliciter
3145 1866 3432 1935 postulavit
3490 1874 3547 1919 ut
3597 1867 3787 1919 amicos
3822 1866 3883 1918 vel

2337 1957 2587 2010 familiam
2619 1972 2768 2011 suam
2814 1972 2909 2027 per
2945 1957 3271 2010 ablutionem
3317 1957 3624 2024 baptimatis
3652 1956 3883 2010 emo-rent

2340 2046 2695 2101 Christianos.
2726 2046 2819 2101 llle
2848 2062 2997 2109 veto,
3020 2064 3030 2114 ι
3053 2046 3576 2114 r0ptercminen'em
3599 2046 3883 2114 persecutio-

2339 2153 2483 2202 nem,
2508 2137 2776 2189 Christum
2799 2134 3008 2190 colebat
3031 2135 3257 2189 occulte.
3276 2133 3479 2188 Obtulit
3500 2136 3664 2187 etiam
3686 2143 3735 2187 et
3756 2134 3882 2186 filiuni

2336 2244 2513 2292 suum,
2528 2238 2549 2273 Β
2576 2225 3020 2296 Sytnphorianum
3038 2225 3451 2289 adolescentem,
3465 2234 3763 2279 sanctorum
3784 2239 3882 2292 pra:-

2338 2319 2697 2374 dieationibus
2749 2316 2834 2371 vel
2892 2316 3070 2370 divina
3137 2316 3609 2384 przedestinatione
3660 2316 3883 2369 succiduis

2340 2410 2669 2480 temporibus
2693 2408 3004 2478 prteclarum
3029 2414 3319 2478 martyrem
3352 2406 3610 2459 futurum.
3643 2405 3704 2457 Et
3723 2405 3883 2459 sanctis

2342 2499 2555 2553 tradens
2585 2498 2828 2551 manibus
2851 2537 2864 2559 ,
2891 2503 2949 2549 ut
2977 2511 3005 2547 a
3035 2502 3221 2549 saneto
3252 2495 3615 2563 baptizaretur
3643 2494 3882 2560 Benigno,

2339 2602 2394 2645 et
2444 2590 2512 2644 de
2556 2604 2712 2643 sacro
2766 2586 2926 2641 fontis
2975 2587 3187 2641 lavacro
3239 2602 3269 2640 a
3324 2595 3511 2639 sancto
3566 2586 3883 2653 susciperetur

2340 2681 2649 2745 Andochio,
2674 2680 2929 2733 attentius
2956 2678 3275 2745 deprecatus
3304 2686 3403 2732 est.
3435 2676 3514 2731 Illi
3541 2693 3673 2732 vero
3693 2692 3811 2747 Opus
3832 2676 3880 2728 ad

2339 2772 2480 2841 quod
2504 2780 2757 2826 venerant
2778 2771 2981 2826 alacres
3007 2778 3340 2839 peragentes,
3363 2777 3416 2823 et
3439 2770 3573 2824 tanti
3593 2770 3688 2823 viri
3716 2769 3881 2823 obtem-

2340 2872 2592 2934 perantes
2619 2863 2865 2933 precibus
2891 2903 2907 2929 ,
2941 2876 3034 2931 per
3060 2862 3307 2932 baptismi
3332 2861 3557 2931 gratiam
3587 2902 3603 2926 ,
3637 2857 3883 2916 voluntatis

2342 2971 2451 3011 sua:
2478 2954 2760 3009 desideriis
2787 2953 2839 3007 in
2869 2953 3117 3008 omnibus
3142 2951 3536 3007 satisfecerunt.

2410 3044 2462 3098 6.
2505 3043 2628 3099 POSt
2660 3044 2773 3098 hmo
2798 3058 2919 3098 cum
2945 3041 3195 3112 praefatus
3217 3040 3441 3098 Faustus
3468 3056 3685 3098 causam
3708 3039 3882 3110 petitio-

657 3148 860 3202 regno,
894 3140 947 3188 et
992 3130 1280 3184 Galliarum
1337 3125 1641 3197 provincias
1690 3139 1870 3179 coram
1920 3138 1978 3178 se
2019 3123 2234 3192 suisque

2342 3138 2424 3192 nis
2452 3152 2547 3207 per
2576 3135 2913 3191 collationem
2961 3147 3268 3188 sermonum
3312 3142 3621 3186 sanctorum
3669 3130 3879 3186 sacerdo-

658 3223 989 3289 rracsidibus,
1022 3236 1083 3276 ac
1109 3219 1430 3289 generaliter
1461 3219 1512 3272 in
1543 3224 1738 3272 cuncto
1764 3215 1961 3285 popqu
1983 3215 2080 3270 sibi
2112 3214 2237 3268 sub-

657 3316 770 3371 dito
814 3315 1178 3384 promulgasse
1218 3312 1450 3367 edictum
1491 3319 1546 3365 et
1585 3308 1883 3363 decrevisse
1925 3316 1982 3360 ut
2016 3306 2240 3361 diversis

656 3420 844 3463 omnes
906 3404 1121 3459 omnino
1184 3403 1501 3473 punirentur
1563 3399 1840 3468 suppliciis
1900 3396 2239 3460 Christiani,

658 3497 847 3551 beatus
888 3495 1211 3565 Polycarpus
1250 3502 1465 3548 sanctos
1513 3491 1607 3544 Dei
1647 3490 1955 3543 sacerdotes
1981 3528 1995 3552 ,
2028 3487 2076 3540 id
2116 3495 2194 3541 est
2226 3529 2240 3553 ,

660 3582 685 3619 ἀ
719 3584 1050 3637 Andoehium
1080 3593 1133 3636 et
1169 3596 1189 3619 ο
1226 3583 1513 3650 llenignum
1560 3580 1932 3649 presbyteros,
1966 3586 2020 3631 et
2066 3576 2241 3647 Thyr-

658 3689 772 3727 sutn
797 3673 1077 3728 diaconum
1103 3714 1116 3736 ,
1151 3674 1273 3727 illuc
1304 3671 1695 3739 praedicationis
1724 3685 1885 3724 causa
1918 3668 2236 3731 destinavit,

658 3766 800 3818 viros
824 3765 1024 3819 scilicet
1048 3765 1326 3819 virtutibus
1350 3762 1833 3833 prtestantissimos,
1860 3763 1911 3815 in
1936 3760 2026 3815 Dei
2057 3777 2241 3816 amore

658 3853 878 3909 diﬂusos
905 3897 919 3919 ,
951 3858 1015 3908 ad
1043 3853 1350 3908 certaminis
1380 3867 1604 3920 agonem
1635 3852 1854 3907 festinos
1876 3892 1889 3916 ,
1919 3867 2016 3921 pro
2044 3850 2239 3906 Christi

660 3946 877 4001 nomine
907 3948 1153 4000 itinerum
1187 3946 1395 3999 labores
1425 3960 1699 3999 assumere
1729 3945 1944 3999 omnino
1975 3944 2201 3999 devotos
2224 3984 2239 4009 ,

659 4037 896 4107 pericu‘a
924 4038 1084 4090 maris
1106 4038 1371 4090 sustinere
1411 4052 1514 4091 non
1540 4035 1719 4089 tardos
1741 4076 1756 4101 ,
1788 4035 2243 4104 peregrinationes

659 4126 958 4180 ambienter
983 4136 1237 4193 expetere
1271 4127 1466 4179 hilares
1488 4142 1547 4179 ac
1579 4134 1828 4194 parentes
1857 4140 1952 4192 pro
1980 4125 2242 4193 religione

658 4216 853 4273 Christi
882 4227 1152 4287 gratanter
1183 4219 1483 4288 relinquere
1514 4258 1527 4280 ,
1562 4235 1837 4287 pmnarnm
1873 4218 2129 4287 supplicia
2160 4221 2241 4274 vel

661 4310 832 4365 beata:
882 4310 1066 4362 mortis
1126 4308 1426 4377 pasionem
1484 4307 1786 4361 deiderare
1851 4307 2026 4376 potius
2080 4323 2239 4376 quam

662 4402 872 4456 timere.

2346 3238 2455 3282 tmn
2519 3226 2822 3295 diligentius
2871 3224 3243 3292 eitplorasset,
3299 3238 3541 3279 sororem
3592 3230 3881 3292 nepotesque

2342 3319 2459 3387 ejus
2487 3320 2538 3372 in
2589 3317 2901 3372 memoriam
2946 3316 3122 3369 divina
3173 3315 3345 3385 pietas
3372 3314 3641 3385 perduxit.
3672 3314 3807 3369 Tunc
3827 3312 3883 3365 ait

2342 3411 2448 3465 eis:
2472 3408 2565 3463 Est
2597 3408 2723 3462 mihi
2753 3421 2910 3462 soror
2935 3420 3209 3475 germana,
3244 3406 3481 3460 Leonilla
3511 3405 3747 3471 nomine,
3767 3403 3882 3457 illus-

2346 3501 2439 3554 tris
2468 3507 2709 3553 matrona
2737 3540 2751 3564 ,
2782 3497 2912 3553 civis
2944 3497 3091 3551 urbis
3121 3495 3460 3563 Lingoniczc;
3490 3497 3576 3550 cui
3606 3504 3726 3550 sunt
3751 3506 3883 3561 nepo-

2344 3597 2425 3643 tes
2451 3602 2517 3642 ex
2548 3585 2656 3641 filio
2688 3595 2797 3641 tres
2820 3585 3016 3654 gemini
3038 3584 3233 3639 fratres
3263 3600 3369 3640 uno
3391 3593 3543 3655 partu
3569 3584 3725 3638 simul
3751 3580 3881 3644 editi,

2344 3680 2533 3735 litteris
2582 3678 2889 3733 liberalibus
2918 3677 3148 3743 eruditi,
3179 3689 3398 3745 paterna
3431 3686 3608 3731 tamen
3638 3675 3885 3732 traditione

2343 3772 2516 3826 adhuc
2544 3770 2728 3840 gentili
2760 3784 2944 3824 errore
2968 3770 3208 3823 viventes
3234 3786 3248 3835 ;
3276 3783 3411 3837 quos
3454 3777 3631 3824 mater
3655 3768 3885 3824 desiderat

2343 3861 2409 3916 ad
2441 3862 2638 3917 Christi
2685 3860 2925 3915 militiam
2964 3861 3188 3915 sociare.
3238 3860 3529 3915 Subvenite
3553 3902 3568 3925 ,
3601 3856 3885 3913 sanctissimi

2341 3954 2647 4008 sacerdotes
2680 3993 2695 4017 ,
2722 3952 2834 4007 suis
2872 3951 3245 4007 devotionibus
3269 3990 3286 4017 ,
3311 3960 3366 4005 et
3408 3952 3782 4006 nobilissimam
3809 3963 3885 4002 nos

2342 4046 2548 4101 bilitate
2596 4046 2868 4109 familiam,
2901 4060 3062 4113 quam
3104 4045 3361 4113 crepistis.
3404 4042 3495 4096 llis
3524 4043 3705 4109 dictis,
3748 4041 3885 4097 sancti

2342 4137 2477 4202 viri,
2511 4151 2621 4191 rem
2654 4151 2753 4205 pro
2780 4149 2884 4203 qua
2914 4142 3171 4189 venerant
3202 4134 3467 4188 attentius
3492 4138 3883 4201 pertractantes.

2342 4229 2540 4300 placuit
2580 4229 2821 4296 utrisque
2866 4228 3147 4281 consilium
3172 4268 3185 4291 ,
3220 4234 3277 4280 ut
3319 4236 3536 4281 sanctus
3564 4224 3817 4293 Benignus
3838 4219 3885 4274 ad

2343 4320 2668 4377 territorium
2693 4317 3041 4387 Lingonicum
3070 4316 3443 4371 illustrandum
3464 4359 3478 4382 ,
3499 4317 3651 4385 juxta
3682 4316 3769 4370 Dei
3788 4327 3884 4368 sen-

2343 4411 2581 4475 tentiam,
2604 4415 2934 4479 properaret.
2970 4408 3149 4463 Sancti
3180 4422 3309 4463 vero
3340 4407 3646 4461 Andochius
3672 4415 3725 4461 et
3750 4404 3885 4472 Thyr-

729 4492 779 4544 4.
823 4492 921 4558 Qui
954 4492 1050 4547 viri
1082 4500 1188 4547 tres
1232 4492 1543 4545 obedientes
1571 4490 1766 4545 sanctis
1806 4491 2022 4544 monitis
2046 4530 2061 4555 ,
2093 4491 2234 4543 navi-

2343 4517 2453 4564 sus,
2504 4498 3037 4569 Augustodunensem
3077 4497 3256 4551 villam
3301 4497 3585 4566 plurimum
3631 4498 3682 4550 in
3732 4491 3885 4549 divinis

657 4584 831 4640 eulam
858 4586 1206 4641 ascendentes
1233 4626 1247 4652 ,
1272 4584 1474 4639 sanctis
1504 4591 1718 4638 sanctus
1755 4583 2059 4638 valedieens
2088 4582 2241 4655 Poly-

657 4691 851 4744 carpus
876 4720 890 4740 ,
921 4676 993 4730 ita
1024 4675 1243 4729 tradidit
1280 4676 1328 4727 in
1359 4674 1660 4728 mandatis:
1696 4674 1770 4728 lte
1791 4715 1804 4740 ,
1838 4674 1934 4728 viri
1969 4675 2160 4739 fortes,
2187 4675 2236 4729 in

657 4770 966 4825 fo:titudine
995 4771 1191 4825 Christi
1238 4770 1443 4825 lorliter
1484 4768 1833 4833 dimicantes,
1867 4783 1952 4837 pet
1997 4775 2235 4822 sanetam

730 4913 754 4939 ει
788 4905 969 4957 Sancti
1018 4904 1267 4973 Desirlerii
1314 4905 1477 4972 episc.
1514 4902 1861 4972 Lingonensis
1887 4912 1941 4957 et
1985 4904 2234 4973 martyris

657 4975 829 5028 Vitam
859 4976 1100 5029 dabimus
1129 4972 1198 5025 ‘25
1229 4975 1369 5027 niaii.

727 5043 754 5081 ι’
794 5044 911 5115 Non
962 5044 1151 5115 Ephesi
1183 5086 1196 5107 ,
1245 5045 1336 5098 sed
1370 5045 1607 5111 Smnrnw
1650 5044 1933 5115 episcopus
1963 5042 2234 5115 fuitsarc-

656 5125 741 5170 tus
786 5110 1110 5185 l’olyear'pus
1138 5155 1151 5177 ,
1187 5123 1243 5168 ut
1289 5115 1353 5167 ad
1396 5115 1511 5182 ejus
1562 5110 1723 5167 vitam
1778 5111 1846 5165 26
1873 5110 2112 5166 Januarii
2152 5113 2235 5166 di—

656 5202 861 5240 cemus.

735 5267 757 5295 ο
802 5256 965 5309 Annis
1011 5254 1079 5308 59
1127 5262 1248 5323 post
1292 5253 1464 5308 Severi
1513 5261 1737 5307 mortem
1779 5253 2042 5320 imperare
2068 5252 2233 5323 coepit

657 5328 999 5380 Aurelianus.
1037 5319 1275 5379 neutrius
1307 5333 1548 5393 tempora
1596 5324 1767 5392 attigit
1810 5319 2025 5375 sanctus
2071 5319 2231 5392 Poly-

690 5415 868 5449 ill'DllS.

917 5466 1106 5520 sanctis
1141 5464 1400 5519 dndoc/n'o
1428 5472 1481 5520 et
1523 5461 1719 5533 Thyrso
1749 5477 1965 5532 agemus
1992 5461 2061 5514 Ἡ
2101 5460 2233 5532 Sep-

687 5554 768 5588 ρει.
815 5576 828 5588 .

687 5554 828 5590 eum.

738 5618 761 5641 υ
805 5605 974 5659 Vitam
1013 5607 1176 5660 sancti
1224 5604 1437 5676 Benigni
1481 5602 1724 5676 dabimus
1756 5601 1777 5654 l
1810 5602 2067 5657 Novemb.
2093 5642 2107 5667 ,
2137 5600 2232 5676 sed

664 5679 831 5745 ipsam
862 5693 1073 5746 quoque
1100 5678 1166 5729 ah
1203 5671 1470 5746 incurioso
1496 5673 1812 5740 descriptam
1844 5682 2062 5746 a_uc_tore
2086 5710 2101 5735 ,
2144 5671 2235 5746 qui

665 5741 764 5805 sub
817 5741 1000 5801 una;
1053 5747 1269 5801 Antonio
1309 5745 1526 5800 missum
1568 5759 1595 5797 a
1642 5752 1827 5798 sancto
1862 5741 2155 5813 Polyearpo
2182 5743 2234 5794 in

2347 4591 2813 4663 praedicationibus
2839 4594 3263 4659 augmentantes,
3287 4602 3391 4640 non
3414 4594 3532 4656 post
3557 4585 3776 4639 multum
3796 4594 3883 4650 spa-

2347 4684 2477 4737 tium
2528 4680 2782 4750 temporis
2831 4678 2929 4734 sub
2976 4677 3264 4731 Aureliano
3317 4677 3557 4746 principe
3613 4675 3747 4730 felici
3789 4678 3884 4727 sunt

2342 4773 2585 4829 coronati
2621 4771 2896 4842 martyrio.
2942 4769 3194 4825 Sanctum
3241 4769 3419 4838 itaque
3459 4768 3746 4838 Benignum
3776 4776 3883 4836 pre

2339 4907 2539 4963 Gallias
2568 4907 2853 4977 Benignum
2877 4920 2996 4960 cum
3019 4904 3179 4960 sociis
3208 4902 3419 4977 tradat,
3469 4902 3732 4977 Severo‘in
3758 4895 3884 4977 Chri-

2338 4982 2543 5033 stianos
2584 4970 2836 5031 smviente
2880 4977 3186 5045 pervenisse
3211 4974 3529 5045 Lugdunum
3558 5012 3574 5037 ,
3603 4972 3700 5045 sub
3750 4970 3883 5022 Aure-

2340 5051 2480 5103 liano
2522 5048 2735 5101 tandem
2765 5043 3018 5115 martyrio
3045 5043 3401 5115 pel-functum.
3432 5044 3489 5097 ln
3538 5058 3602 5115 ea
3632 5044 3737 5095 vita
3764 5051 3882 5115 men-

2340 5122 2416 5172 tio
2439 5131 2651 5189 quoque
2681 5117 2739 5170 fit
2767 5113 2963 5172 sancta:
2991 5113 3242 5170 Leonilla:
3270 5123 3326 5169 et
3355 5113 3763 5181 tergeminorum
3788 5113 3880 5173 ejus

2339 5198 2708 5313 “Parin-bs
2725 5256 3147 5327 Augustodunum
3169 5254 3284 5309 sive
3307 5252 3703 5325 Augustodunus
3728 5241 3878 5317 appd'

2339 5329 2497 5383 latur.

2491 5421 2697 5482 Augusti
2723 5426 2934 5469 montem
2959 5418 3188 5468 transfert
3214 5417 3344 5481 quod
3368 5417 3541 5467 celtica
3560 5415 3743 5475 lingua,

2338 5527 2801 5595 utinterpretatur
2845 5524 3030 5579 Ericus
3061 5524 3113 5577 in
3156 5522 3274 5576 Vita
3322 5520 3493 5595 s_an_cti
3520 5515 3762 5595 ϐετωεεῃί
3797 5510 3862 5595 Att

2339 5584 2725 5652 tisiodorensis.
2762 5594 2911 5665 Unde
2958 5594 3194 5665 corrigas
3218 5592 3360 5665 quod
3388 5589 3665 5651 Cornelius
3685 5584 3874 5665 Crasiui

2340 5668 2522 5724 scribit
2548 5675 2762 5721 sanctos
2788 5664 2961 5718 ZEdua
2994 5657 3816 5733 Augustodununt‘contendisse.

2414 5750 2437 5783 κ
2481 5736 2554 5792 De
2584 5747 2760 5790 sancto
2790 5729 3165 5803 Symp/toritttto
3196 5746 3413 5802 agemus
3441 5729 3510 5781 22
3542 5729 3771 5796 Augusti.
