4052 6332
193 294 296 362 ise

1151 306 1327 360 ACTA
1367 304 1461 360 SS.
1505 302 1893 358 hlAliTYiiUM
1936 270 2509 361 TERGEMINURUM;

3362 306 3463 364 190

193 421 334 477 fatus
375 420 606 476 Faustus
646 418 818 474 sorori
846 434 957 473 suae
989 433 1082 488 pro
1125 434 1345 474 munere
1385 418 1565 471 divino
1592 456 1608 481 ,
1637 417 1775 471 sicut
1802 417 1852 477 Α
1878 430 2000 470 cum
2046 427 2233 473 sancto
2283 418 2517 487 Benigno
2568 418 2678 473 suis
2717 419 3004 489 nepotibus
3033 420 3386 490 prtedicaret,
3414 432 3469 482 et

193 521 311 570 erat
335 553 352 578 ,
380 512 449 567 de
477 511 727 582 przesenti
758 510 1069 566 transmisit.
1102 510 1197 566 llla
1228 527 1350 568 eum
1381 511 1587 565 scilicet
1617 508 1782 563 veluti

194 618 390 663 manna
412 642 427 667 ,
450 601 682 671 quod'de
708 601 847 657 cmlo
886 600 1198 666 descendit,
1227 617 1347 658 cum
1391 600 1536 656 omni
1558 613 1782 654 venera-

197 697 342 751 tione
363 694 600 764 suscepit

828 781 1058 838 CAPUT
1096 782 1159 839 ll.

200 876 519 948 Tergemini,
552 873 682 929 aviae
706 875 903 928 monitu
929 916 943 941 ,
975 884 1024 929 et
1054 876 1268 929 somniis
1292 875 1360 929 ad
1381 876 1539 946 [idem
1562 875 1781 929 invitati.

271 992 322 1044 7.
362 989 419 1043 lo
474 988 660 1043 eadem
708 988 870 1057 igitur
906 988 993 1043 dic
1034 988 1316 1042 memorati
1356 998 1579 1056 nepotes
1609 987 1691 1041 sui
1733 986 1787 1040 in

199 1094 328 1147 agro
357 1074 441 1132 cui
473 1076 767 1131 Palmasius
796 1092 991 1131 nomen
1024 1086 1126 1144 est,
1156 1078 1221 1131 ad
1248 1077 1597 1131 simulacrum
1618 1085 1642 1113 ε
1669 1076 1788 1131 Deae

200 1170 441 1227 Nemesis
486 1170 590 1223 ritu
634 1169 793 1223 solito
824 1168 1047 1238 profana
1096 1168 1354 1224 sacriﬁcia
1386 1168 1703 1230 offerebant,
1733 1178 1789 1223 et

200 1264 267 1319 de
294 1260 681 1331 superstitiosis
709 1260 1051 1315 libaminibus
1080 1260 1211 1314 avia:
1240 1275 1348 1316 suae
1379 1259 1588 1313 residua
1616 1273 1791 1312 roser-

200 1363 497 1409 vaverant:
552 1366 712 1421 quam
760 1350 1049 1405 invitantes
1096 1350 1163 1403 ad
1216 1349 1522 1404 convivium
1576 1358 1787 1403 servata

200 1444 561 1516 protulerunt.
620 1442 714 1495 illa
771 1457 918 1505 vero,
952 1441 1133 1495 omnia
1188 1440 1478 1510 projiciens
1529 1439 1790 1504 canibus,

202 1538 413 1608 respuit
445 1546 697 1605 tanquam
724 1545 952 1591 stcrcus.
977 1536 1126 1590 Tunc
1154 1536 1418 1591 accedens
1441 1534 1506 1588 ad
1536 1549 1631 1589 eos
1658 1535 1788 1588 emi-

201 1644 304 1685 nus
328 1646 449 1685 curn
478 1638 663 1682 sancto
684 1627 920 1695 Benigno
944 1626 1066 1679 talia
1094 1627 1256 1691 cmpit
1274 1627 1435 1681 verba
1461 1626 1790 1696 producere:

202 1720 517 1776 Charissimi
546 1728 786 1788 nepotes,
814 1719 1121 1786 cognoscite
1139 1718 1420 1772 Dominum
1445 1727 1682 1772 nostrum
1701 1716 1792 1772 Je-

204 1829 323 1869 sunt
346 1811 616 1865 Christum
647 1827 832 1865 verum
864 1811 1031 1865 Deum
1060 1826 1200 1873 esse,
1220 1811 1304 1865 cui
1334 1810 1506 1879 angeli
1538 1819 1592 1864 et
1620 1810 1795 1864 omnis

202 1911 450 1959 creatura
495 1901 691 1969 justam
741 1901 997 1955 exhibent
1042 1900 1350 1954 servitutem
1376 1941 1391 1964 ,
1419 1900 1507 1967 qni
1540 1900 1793 1955 mundum

203 2010 423 2049 omnem
451 1992 746 2057 constituit,
780 2006 1101 2059 omnemque
1122 2006 1299 2044 rerum
1330 1992 1606 2044 materiam
1638 1991 1797 2045 libra-

204 2092 317 2138 tarn
347 2085 495 2138 verbi
514 2083 687 2137 subita
716 2080 1066 2151 dispositione
1083 2081 1410 2151 composuit;
1466 2080 1585 2134 (ια)ιί
1616 2080 1797 2133 altitu-

204 2175 386 2230 dinem
417 2175 603 2229 eadem
632 2174 839 2229 visione
868 2171 1127 2234 extendit;
1153 2181 1415 2225 terrarum
1443 2172 1617 2241 spatia
1656 2171 1797 2225 mul-

207 2264 411 2335 tiplicia
446 2266 552 2318 late
582 2264 742 2317 latius
769 2262 1047 2326 dilatavit;
1078 2261 1394 2315 immensum
1447 2260 1622 2331 abySsi
1648 2260 1797 2330 pela-

205 2371 306 2428 gus
341 2356 651 2426 congregari
708 2364 763 2410 et
810 2355 1075 2410 littoribus
1113 2353 1379 2408 coarctari
1421 2359 1799 2406 momentanea

205 2452 475 2505 scutentia
523 2448 825 2502 ordinavit:
872 2447 1045 2515 pinxit
1088 2446 1284 2502 caelum
1336 2446 1545 2513 stellis,
1592 2451 1647 2500 et
1690 2445 1798 2499 duo

207 2538 491 2596 luminaria
537 2540 803 2609 praecipua
848 2539 1217 2605 constituens,
1246 2551 1364 2606 quae
1406 2534 1584 2591 omnia
1625 2535 1802 2590 succi-

207 2629 319 2686 dua
343 2629 711 2685 vicissitudine
738 2645 857 2699 qua:
885 2628 1089 2685 fecerat
1115 2637 1442 2684 exornarent
1462 2666 1479 2692 ,
1511 2643 1574 2683 ac
1602 2628 1796 2683 vestita

209 2720 413 2775 lumine
466 2728 660 2773 cuncta
694 2718 1030 2787 dcte-gerent,
1077 2718 1296 2774 omnino
1343 2717 1802 2782 decrevit;mare

210 2826 374 2867 omne
422 2812 473 2864 in
528 2812 748 2880 piscium
806 2812 1140 2865 habitatione
1191 2812 1256 2865 ad
1308 2809 1799 2880 praeambuiandum

211 2902 507 2967 concessit;
539 2901 762 2955 diversis
793 2901 1075 2957 arboribus
1102 2910 1160 2956 et
1197 2901 1528 2969 graminibus
1553 2900 1801 2955 tellurem

212 3009 428 3048 omnem
484 2993 737 3057 vestivit;
768 2994 946 3047 omnia
1002 3009 1121 3062 quae
1178 2994 1361 3048 mundi
1412 3009 1638 3063 quaeque
1681 2994 1800 3048 ani-

212 3085 416 3139 mantia
444 3085 739 3140 crescentia
771 3124 787 3148 ,
818 3086 902 3140 vel
933 3087 1165 3140 viventia
1197 3094 1321 3140 sunt
1346 3128 1361 3151 ,
1388 3087 1577 3141 eadem
1606 3087 1800 3141 consti-

215 3175 426 3230 tutione
463 3174 682 3229 creavit.
717 3173 999 3230 Postremo
1028 3176 1300 3230 hominem
1338 3149 1406 3230 ad
1434 3177 1716 3244 imaginem
1748 3188 1800 3231 et
1829 3149 1875 3213 Ο

214 3266 618 3321 similitudinem
646 3283 796 3321 suam
828 3267 1094 3334 formavit,
1119 3284 1278 3336 quem
1309 3269 1372 3323 ad
1397 3270 1499 3324 hoc
1527 3270 1803 3340 sapientia:

216 3366 272 3412 et
303 3358 667 3427 intelligentite
696 3360 954 3427 singulari
999 3359 1141 3415 dono
1185 3361 1566 3430 locupletavit,
1597 3370 1658 3415 ut
1687 3371 1804 3417 tan-

218 3455 331 3502 tam
358 3449 638 3503 mundante
668 3451 1049 3520 magnitudinis
1071 3451 1347 3515 fabricam,
1368 3454 1450 3508 vel
1476 3455 1655 3508 omnia
1683 3469 1803 3523 qua:

216 3540 454 3609 patravit
482 3539 784 3609 diligentius
832 3540 1101 3610 requirat,
1143 3549 1201 3595 ut
1228 3541 1498 3597 discernat
1542 3544 1740 3598 bonum
1771 3560 1801 3600 a

217 3628 366 3684 malo
402 3645 468 3685 ne
508 3645 605 3701 per
644 3631 958 3699 ignorantia:
985 3632 1244 3687 desidiam
1286 3642 1574 3704 postponat
1616 3645 1803 3693 aucto-

216 3734 375 3785 rem,
403 3720 496 3775 sed
542 3729 605 3775 ut
657 3721 957 3777 simulacris
1014 3722 1291 3777 hominum
1339 3739 1499 3779 manu
1547 3725 1698 3781 factis
1735 3741 1803 3781 ex

217 3813 446 3869 diversis
496 3814 727 3869 metallis
755 3854 769 3879 ,
818 3830 980 3869 sensu
1008 3816 1313 3871 carentibus
1345 3856 1361 3882 ,
1392 3824 1446 3870 et
1474 3818 1619 3872 onmi
1656 3818 1801 3873 vitali

217 3904 511 3975 spiramine
550 3905 805 3961 desolatis
828 3945 843 3970 ,
868 3906 932 3961 ad
962 3907 1246 3962 humanam
1294 3910 1663 3978 deceptioncm
1689 3909 1803 3965 dia-

219 3996 396 4051 bolica
429 3996 805 4052 adinventione
854 3997 1269 4067 ﬁguratis,,non
1317 4000 1492 4055 solum
1538 4001 1802 4057 culturam

219 4088 587 4144 venerationis
614 4088 678 4143 iis
727 4088 984 4143 exhibere
1014 4106 1119 4144 non
1159 4090 1394 4156 debeat,
1423 4106 1609 4145 verum
1640 4093 1801 4147 etiam

219 4183 283 4232 ut
323 4176 595 4231 immunda
626 4177 679 4231 in
706 4178 850 4231 omni
883 4178 1141 4233 abusione
1166 4180 1516 4249 despicienda
1539 4180 1798 4249 diﬁ'ugiat.

218 4264 394 4337 Ipsius
417 4267 558 4322 enim
589 4282 842 4336 perversa
872 4269 1177 4325 adinventio
1208 4272 1259 4326 in
1289 4272 1391 4327 hoc
1434 4274 1634 4329 mundo
1662 4275 1802 4330 idola

219 4358 507 4428 ﬁguravit,
539 4358 628 4427 qui
661 4359 829 4414 Adam
872 4360 1101 4429 primum
1151 4362 1421 4417 hominem
1464 4364 1515 4418 in
1554 4366 1803 4434 paradiso

220 4450 570 4506 consti'utum
599 4494 613 4519 ,
643 4468 741 4521 per
775 4455 1272 4522 prmvaricationem
1304 4457 1531 4527 decepit.
1562 4459 1803 4515 Derelin-

1887 507 1939 561 in
1992 509 2242 563 cordibus
2295 525 2479 564 corum
2530 524 2638 578 ja.n
2697 510 2952 579 inspirata
3000 512 3172 580 gratia
3218 512 3472 571 divinitus

1886 600 2307 665 convalesceret,
2340 600 2476 654 miro
2503 600 2700 669 pariter
2727 601 3011 655 astiterunt
3039 610 3258 672 stupore
3279 603 3471 674 defixi,

1888 698 1942 745 et
1995 704 2054 744 se
2106 690 2336 745 invicem
2388 690 2675 757 intuentes,
2727 692 3237 762 considerantesque
3291 693 3469 748 omnia

1887 796 2006 853 qua:
2048 782 2125 837 eis
2154 781 2296 836 dicta
2341 782 2552 836 fuerant
2581 821 2597 849 ,
2630 791 2684 837 et
2722 783 2965 837 conversi
3012 783 3077 837 ad
3117 785 3291 838 aviam
3322 798 3475 839 suam

1890 872 2140 926 unanime
2168 872 2416 926 dixerunt
2451 888 2555 926 una
2603 888 2770 927 voce:
2805 871 2983 939 Quare
3030 882 3234 929 tantam
3272 882 3327 928 et
3365 882 3471 931 tam

1889 964 2212 1033 preceipuam
2264 978 2376 1017 rem
2402 1004 2417 1028 ,
2452 974 2559 1016 tam
2602 963 2692 1016 diu
2732 971 2927 1018 tectam
2957 963 3172 1019 silentio
3215 963 3473 1019 tenuisti?

1890 1069 1987 1108 cur
2016 1052 2170 1109 nobis
2197 1053 2439 1108 veritatis
2471 1052 2607 1105 viam
2639 1062 2694 1106 et
2737 1053 2919 1107 lumen
2964 1053 3283 1122 pratclarum
3315 1049 3481 1106 tantis

1894 1149 2219 1217 temporibus
2267 1147 2583 1202 occultasti?
2622 1148 2823 1213 Quibus
2863 1149 2951 1201 illa
3003 1148 3198 1203 blando
3228 1162 3480 1204 sermone

1890 1238 2266 1308 respondens,
2321 1238 2538 1292 elevans
2594 1238 2888 1299 oculos‘et
2941 1255 3132 1293 manus
3189 1242 3255 1293 ad
3313 1240 3479 1296 caelos

1892 1332 2200 1402 expandens
2224 1372 2238 1397 ,
2274 1331 2384 1386 Deo
2434 1331 2632 1399 gratias
2679 1345 2842 1400 agens
2865 1371 2878 1393 ,
2912 1331 3025 1384 inﬁt
3052 1349 3064 1385 :
3092 1331 3255 1386 Filius
3285 1347 3435 1385 meus
3461 1370 3478 1396 ,

1892 1432 2046 1493 pater
2075 1432 2251 1478 vester
2293 1422 2345 1475 in
2376 1410 2524 1475 tanta
2564 1422 2739 1476 cordis
2777 1422 3143 1490 perseveravit
3170 1421 3361 1475 duritia
3384 1460 3397 1484 ,
3422 1429 3484 1474 ut

1872 1514 1947 1570 in
1980 1524 2215 1569 tartarea
2264 1515 2395 1568 sede
2425 1513 2702 1569 demersus
2729 1555 2743 1579 ,
2772 1514 3089 1567 delictorum
3135 1513 3483 1568 obumbratus

1893 1608 2143 1676 caligine,
2166 1606 2435 1662 desolatus
2462 1606 2606 1660 omni
2637 1605 2897 1674 sapientia
2924 1614 2978 1658 et
2997 1604 3481 1669 intellectu,cecca-

1896 1708 1982 1771 tus
2023 1699 2389 1769 perversitatis
2439 1698 2699 1765 consilio,
2731 1697 3004 1751 Christum
3056 1695 3339 1748 Dominum
3385 1707 3485 1747 nec

1826 1781 1868 1839 Β
1897 1792 2125 1848 credidit
2168 1806 2269 1845 nec
2317 1806 2553 1860 unquam
2584 1790 2753 1844 voluit
2806 1788 3071 1843 conﬁteri.
3107 1788 3241 1854 Quid
3275 1788 3323 1841 ei
3370 1802 3485 1856 pro-

1900 1881 2055 1935 desse
2082 1888 2293 1950 poterat
2334 1896 2512 1935 sermo
2541 1878 2751 1933 divinus
2777 1920 2791 1944 ,
2823 1879 2976 1946 cujus
3014 1878 3269 1932 interiora
3308 1876 3484 1931 cordis

1898 1970 2286 2025 incredulitatis
2334 1970 2535 2023 malitia
2591 1969 2657 2023 ad
2705 1969 2971 2035 integrum
3027 1967 3373 2036 possidebat,
3430 1974 3486 2020 et

1900 2067 2079 2117 lumen
2108 2076 2296 2115 verum
2334 2062 2719 2130 circumseptus
2750 2060 3012 2114 idolorum
3041 2057 3269 2125 caligine
3300 2056 3482 2110 videre

1900 2170 2009 2210 non
2052 2154 2306 2223 poterat?
2332 2152 2452 2222 Ipse
2482 2151 2607 2207 fecit
2649 2151 2779 2204 mihi
2814 2152 3074 2204 hactenus
3103 2146 3483 2202 taciturnitatis

1899 2246 2171 2302 silentium
2200 2244 2473 2300 custodire
2497 2285 2512 2311 ,
2545 2243 2669 2298 dum
2713 2243 2865 2297 timui
2895 2257 2962 2296 ne
2988 2256 3083 2295 sua
3115 2241 3326 2295 inimica
3355 2253 3482 2292 sua-

1900 2338 2053 2395 sione
2080 2353 2177 2394 vos
2219 2338 2421 2393 faceret
2467 2354 2496 2391 a
2524 2345 2675 2392 recto
2706 2336 2920 2391 tramite
2966 2334 3348 2403 perpetualiter
3389 2332 3486 2386 de-

1901 2430 2073 2484 viare.
2096 2429 2385 2484 Voluntate
2412 2429 2554 2483 enim
2585 2428 2680 2483 Dei
2707 2443 2773 2483 eo
2802 2426 3084 2481 deﬁciente
3114 2426 3291 2480 omnia
3321 2424 3490 2494 impe-

1901 2518 2136 2574 dimenta
2165 2520 2370 2574 sublata
2402 2528 2545 2573 sunt.
2576 2517 2710 2573 Ecce
2738 2533 2880 2572 nunc
2904 2525 3117 2585 tempus
3138 2514 3490 2584 acceptabile.

1902 2611 2124 2680 Aperite
2154 2624 2283 2680 ergo
2307 2609 2495 2664 oculos
2525 2609 2705 2664 cordis
2729 2617 2785 2663 et
2804 2608 3067 2677 corporis,
3087 2607 3281 2663 ρωιιιιη
3312 2606 3492 2675 potius

1904 2699 2218 2768 intuentes,
2263 2700 2526 2753 idolorum
2577 2698 2845 2752 inimicam
2873 2698 3033 2752 saluti
3079 2706 3270 2751 vestra:
3316 2696 3492 2749 cultu-

1904 2807 2018 2846 ram
2044 2833 2059 2857 ,
2090 2791 2298 2847 Domini
2336 2790 2532 2845 Christi
2579 2789 2768 2859 repleti
2809 2789 2984 2857 gratia
3009 2830 3023 2852 ,
3085 2789 3153 2842 ab
3182 2786 3372 2841 animis
3400 2800 3493 2840 ve-

1903 2883 2030 2938 stris
2056 2882 2313 2953 radicitus
2342 2881 2730 2957 exstirpate,ut
2759 2878 3052 2950 possitisad
3071 2886 3269 2932 mterna
3298 2875 3491 2946 gaudia

1904 2977 2206 3048 pervenire.

1976 3087 2025 3141 9.
2068 3087 2205 3142 Dum
2259 3088 2374 3142 haec
2415 3095 2470 3141 et
2516 3086 2620 3140 alia
2671 3086 2823 3155 plura
2872 3085 3030 3139 beata
3084 3081 3324 3138 Leonilla
3372 3096 3493 3134 cum

1905 3188 2094 3235 sancto
2125 3179 2362 3246 Benigno
2400 3178 2687 3247 nepotibus
2732 3176 2841 3231 suis
2872 3182 3179 3239 narrasset,
3211 3181 3267 3226 ut
3299 3172 3495 3227 credu-

1904 3268 2070 3323 litatis
2118 3268 2312 3322 indicia
2351 3267 2532 3321 divina
2582 3266 2752 3335 pietas
2791 3266 2843 3319 in
2885 3263 3087 3318 eisdem
3130 3260 3493 3330 patefaceret,

1904 3361 2139 3416 visiones
2185 3375 2321 3429 quas
2376 3366 2533 3413 nocte
2582 3356 2853 3426 praeterita
2897 3354 3143 3407 viderant
3188 3352 3239 3405 in
3288 3364 3494 3404 mimo-

1905 3456 2039 3509 riant
2069 3462 2482 3509 revocaverunt.
2518 3451 2724 3506 Primus
2752 3450 3083 3519 Speusippus
3120 3448 3292 3501 dixit:
3326 3445 3493 3499 Video

1905 3548 2029 3601 bam
2058 3560 2144 3600 me
2188 3546 2242 3599 in
2298 3545 2504 3599 visione
2551 3542 2724 3597 noctis
2776 3541 3089 3610 praeterire,
3126 3538 3177 3591 in
3218 3538 3337 3591 sinu
3368 3536 3497 3589 avia:

1905 3653 2073 3706 mem,
2106 3653 2224 3708 quae
2253 3636 2542 3691 rnatnillam
2574 3650 2727 3691 suam
2758 3635 2970 3704 plenam
3003 3633 3069 3686 lat
3089 3640 3142 3685 te
3172 3630 3323 3685 labiis
3361 3629 3498 3683 meis

1872 3740 1873 3743 ‘
1907 3730 2192 3786 infundens
2216 3772 2231 3798 ,
2258 3730 2473 3785 dicebat
2499 3748 2512 3783 :
2545 3727 2877 3799 Speusippe,
2910 3726 3034 3780 bibe
3080 3725 3165 3778 lac
3190 3766 3205 3790 ,
3236 3722 3493 3790 quoniam

1906 3824 1958 3879 in
1990 3838 2162 3893 agone
2208 3832 2266 3880 et
2311 3822 2607 3877 certamine
2656 3836 2776 3874 cum
2818 3818 3035 3872 veneris
3062 3857 3075 3877 ,
3117 3822 3320 3883 quanto
3376 3812 3495 3880 plus

1906 3914 2104 3969 biberis
2126 3952 2143 3979 ,
2165 3920 2315 3967 tanto
2337 3912 2528 3966 fortius
2548 3921 2603 3965 et
2622 3909 2859 3964 velocius
2890 3908 3085 3961 vinces.
3139 3903 3205 3956 Et
3233 3904 3345 3957 haec
3374 3916 3497 3955 cum

1906 4004 2129 4059 dixisset
2173 4002 2507 4073 Speusippus
2529 4040 2543 4064 ,
2576 3999 2896 4069 Eleusippus
2943 3998 3050 4051 ait:
3083 3994 3299 4051 Credite
3327 4001 3383 4047 et
3411 4005 3498 4046 me

1906 4094 2275 4165 hujuscemodi
2315 4093 2511 4148 vidisse
2560 4091 2859 4146 visionem:
2892 4088 3000 4143 vidi
3048 4088 3101 4142 in
3150 4086 3288 4142 cmlo
3332 4097 3497 4154 super

1906 4187 2089 4244 sedem
2121 4199 2367 4256 magnam
2396 4184 2672 4239 sedentem
2698 4223 2712 4249 ,
2746 4181 2899 4252 quasi
2927 4195 2994 4235 ex
3039 4179 3242 4233 electro
3271 4185 3326 4230 et
3346 4190 3496 4243 gent-

1906 4279 2007 4333 mis
2032 4320 2046 4343 ,
2079 4275 2374 4345 majestatis
2401 4274 2642 4345 potentia
2688 4272 3018 4334 radiantem,
3049 4268 3203 4336 cujus
3244 4263 3505 4334 Splendor

1909 4368 2202 4423 immensus
2241 4382 2422 4421 meum
2453 4364 2792 4421 obumbrabit
2841 4369 3116 4431 aspectum
3150 4398 3164 4421 ,
3198 4363 3251 4409 ct
3280 4357 3349 4409 ob
3382 4364 3499 4408 stu-

1910 4474 2099 4530 porem
2129 4460 2350 4513 nimium
2378 4474 2546 4529 pavor
2571 4458 2749 4513 cordis
2777 4455 2882 4509 mei
2914 4452 3106 4507 terruit
3137 4448 3491 4503 intellectum.

220 4541 373 4609 quite
402 4554 529 4608 ergo
558 4583 574 4607 ,
601 4543 890 4598 dulcissimi
931 4558 1154 4614 nepetes
1178 4588 1193 4614 ,
1226 4549 1402 4601 omnia
1433 4549 1574 4605 idola
1604 4551 1803 4606 dacmo-
1831 4537 1882 4597 Ι)
1910 4551 2060 4606 Tunc
2090 4552 2134 4604 is
2162 4550 2312 4605 vultu
2350 4564 2541 4604 sereno
2587 4562 2672 4601 me
2699 4560 2897 4600 vocans
2953 4541 3017 4595 ad
3056 4556 3133 4603 se,
3180 4539 3349 4593 dixit:
3381 4536 3503 4595 Noli

223 4632 385 4688 nibus
414 4641 726 4688 consecrata
748 4674 764 4699 ,
790 4644 845 4689 et
867 4643 1168 4691 creatorem
1217 4639 1455 4692 omnium
1483 4655 1664 4695 rerum
1694 4640 1803 4696 Do-

219 4722 427 4775 minum
467 4733 710 4778 nostrum
737 4722 914 4779 Jesum
946 4726 1219 4781 Christum
1258 4728 1374 4782 sine
1402 4730 1506 4784 ulla
1537 4730 1801 4800 ambigui-

218 4820 336 4869 tate
362 4815 709 4871 conﬁtemini.
738 4816 890 4893 Hunc
916 4816 944 4856 b
984 4818 1155 4871 virum
1198 4827 1438 4873 sanctum
1466 4820 1760 4889 Benignum
1785 4861 1801 4888 ,

219 4919 385 4974 quem
433 4915 663 4961 stantem
710 4924 894 4962 coram
940 4909 1089 4963 vobis
1118 4911 1371 4974 cernitis,
1404 4912 1469 4964 de
1515 4911 1801 4982 longinqua

218 4994 445 5062 regione
474 4996 540 5049 ad
580 5012 674 5051 vos
715 4997 917 5067 pietate
967 4999 1144 5053 divina
1194 5001 1393 5056 credite
1435 5002 1597 5057 fuisse
1626 5012 1805 5059 trans-

218 5085 466 5141 missum.
491 5088 764 5143 Attendite
791 5089 950 5156 igitur
970 5090 1035 5144 ad
1062 5092 1223 5147 verba
1253 5093 1361 5147 oris
1380 5093 1525 5163 ejus:
1548 5094 1644 5149 Dei
1666 5095 1809 5150 enim

218 5183 349 5230 sunt
385 5187 653 5248 praecepta
677 5218 692 5245 ,
720 5195 839 5249 quae
877 5180 945 5235 de
983 5196 1078 5237 ore
1116 5183 1235 5251 ejus
1268 5186 1594 5253 procedunt,
1622 5186 1812 5244 discite

219 5265 291 5320 ab
319 5267 511 5323 eodem
556 5269 858 5326 doctrinam
907 5273 1029 5342 plus
1072 5277 1218 5329 omni
1263 5292 1484 5332 munere
1532 5280 1808 5349 copiosam

218 5365 277 5412 et
304 5367 497 5414 vestrm
536 5361 818 5417 salvationi
848 5379 1010 5434 super
1038 5368 1217 5421 omnia
1249 5376 1627 5438 opportunam.

290 5446 348 5502 8.
389 5449 527 5505 Dum
558 5452 672 5509 haec
708 5454 1058 5511 saluberrima
1081 5457 1314 5527 alloquia
1343 5471 1527 5516 sancta
1564 5460 1807 5519 Leonilla

294 5612 322 5640 ⁸
344 5601 561 5681 Menzra
584 5604 700 5681 qui
722 5605 963 5681 Nemesio
986 5611 1314 5669 sacriﬁcasse
1336 5614 1677 5681 Tergeminos
1701 5624 1811 5672 tra-

218 5671 377 5758 tltmt,
398 5675 490 5755 qui
517 5677 919 5758 mythpgraphis
946 5681 1158 5750 ignotus
1176 5727 1190 5749 ,
1220 5682 1318 5758 nisi
1347 5685 1415 5739 sit
1440 5671 1633 5758 dictus,
1665 5671 1810 5758 quod

224 5739 490 5798 Nemesim
520 5739 672 5818 cygni
707 5739 899 5816 specie
940 5739 1257 5822 compressit
1286 5796 1299 5821 ,
1328 5770 1446 5809 cum
1492 5739 1603 5823 ipsa
1620 5739 1734 5814 've'l“
1749 5739 1805 5813 in

1908 4645 2097 4697 timere
2119 4683 2133 4705 .
2167 4656 2424 4697 coronam
2449 4640 2684 4694 victoria:
2715 4634 3129 4707 promereberis.
3157 4632 3341 4686 Tertio
3374 4632 3498 4685 loco

1905 4733 2269 4802 Meleusippus
2315 4731 2576 4787 visionem
2626 4744 2775 4784 suam
2820 4727 3110 4798 exposuit:
3142 4724 3261 4779 Vidi
3295 4732 3348 4779 et
3397 4736 3503 4787 ego

1908 4826 2090 4879 nescio
2116 4839 2275 4892 quem
2306 4836 2486 4890 regem
2519 4836 2768 4890 magnum
2816 4822 2948 4874 satis
2974 4862 2988 4886 ,
3022 4819 3311 4886 singularia
3343 4832 3499 4882 ερον-

1909 4925 1988 4972 tra
2020 4925 2313 4971 tenentem.
2352 4914 2450 4969 Hic
2479 4929 2576 4968 nos
2608 4922 2717 4968 tres
2746 4912 2949 4982 pariter
2970 4910 3035 4965 ad
3058 4925 3211 4964 suam
3252 4907 3493 4960 militiam

1914 5009 2279 5080 provocabat,
2333 5006 2603 5078 praeclaris
2653 5005 2844 5060 balteis
2894 5003 3244 5071 accingeliat,
3301 5011 3496 5065 magno

1913 5117 2014 5161 nos
2044 5102 2217 5172 pretio
2265 5116 2295 5154 a
2349 5098 2677 5169 captivitatis
2725 5097 2939 5152 vinculo
2988 5094 3321 5157 redimebat,
3368 5103 3493 5158 per-

1913 5202 2089 5262 petua:
2138 5190 2402 5247 libertatis
2449 5197 2646 5245 nostra?
2674 5189 2893 5257 praemia
2924 5187 3104 5241 aureis
3144 5182 3332 5237 litteris
3359 5178 3499 5232 scri-

1914 5284 2077 5339 bebat
2100 5326 2114 5348 ,
2145 5282 2300 5337 donis
2325 5298 2433 5336 non
2464 5279 2890 5335 indelicientibus
2911 5276 3066 5330 simul
3094 5270 3499 5328 remunerabat.

1912 5374 2087 5445 Super
2112 5374 2195 5429 his
2222 5373 2288 5429 ad
2312 5389 2399 5428 me
2428 5372 2748 5427 hortandum
2778 5367 3012 5429 addidit,
3036 5366 3218 5418 dicens
3242 5377 3257 5416 :
3287 5358 3494 5414 Melon-

1909 5466 2093 5535 sippe,
2117 5480 2212 5519 vos
2243 5472 2351 5519 tres
2391 5464 2583 5519 fratres
2630 5463 2684 5517 in
2731 5475 2852 5516 meo
2883 5457 3082 5528 palatio
3108 5454 3377 5510 collocare
3399 5451 3496 5507 de-

1912 5636 2159 5678 anserem
2211 5630 2356 5678 esset
2402 5629 2629 5683 mutata.
2687 5618 2767 5675 vel
2822 5616 3046 5683 decepta
3100 5628 3130 5668 a
3176 5611 3389 5669 Venere
3433 5607 3499 5668 itt.

1913 5694 2143 5771 aquilam
2172 5709 2346 5771 versa.
2380 5692 2509 5771 Eide
2532 5691 2722 5745 Lilium
2755 5690 2805 5743 in
2830 5683 3161 5743 Castoribus.

1986 5762 2011 5802 ι’
2054 5763 2166 5818 Alia
2198 5763 2348 5832 M.~s.,
2380 5762 2619 5816 Felicem.
