4052 6332
566 299 657 354 191

1815 291 2053 349 SANCTI
2096 289 2395 344 WARNAII
2418 289 2534 342 'tlill

3707 292 3811 347 1'32

562 412 740 478 crevi,
786 420 840 465 ει
889 410 1105 465 mnu-nis
1150 410 1378 480 pmmiis
1432 409 1628 477 ρηιτιςι·
1672 423 1949 463 coronare,
1992 407 2123 461 Avia
2154 403 2198 459 Α
2228 399 2659 453 manifestissime
2711 397 3050 467 declinasse,
3104 406 3158 454 et
3210 397 3333 455 Jt‘SU
3386 399 3583 456 Christi
3636 406 3809 458 omni-

564 510 742 556 vestra
770 500 976 556 cunctis
1004 500 1190 554 diebus
1217 514 1280 554 ac
1324 498 1568 552 noctibus
1593 512 1691 567 pro
1738 504 1912 552 vestra
1960 496 2133 552 salute

563 592 830 661 supplices
854 606 1039 661 preces
1066 588 1291 645 eti‘undit
1313 596 1368 643 ut
1388 597 1537 645 recto
1565 589 1778 643 tramite
1805 588 2130 657 gradientes,

563 682 772 737 liberali
796 683 863 738 de
892 682 1172 737 tenebrosa
1194 680 1440 749 caligine,
1472 694 1656 734 verum
1688 680 1864 734 lumen
1892 688 2135 733 contem-

566 779 697 847 plari
734 777 947 847 possitis
969 815 985 841 ,
1013 783 1067 830 et
1104 774 1169 829 de
1195 773 1637 830 condemnatione
1666 773 1852 828 mortis
1878 773 1942 827 ad
1969 775 2134 827 vitam

565 867 792 921 veniatis
812 874 1142 935 perpetuam.
1172 863 1295 919 Hrcc
1332 872 1387 919 et
1407 864 1509 919 alia
1537 864 1763 934 plurima
1801 864 2132 918 adhortatio-

536 970 688 1032 tnum
721 955 880 1008 verba
920 953 1045 1007 mihi
1100 968 1192 1007 rex
1222 995 1237 1020 ,
1264 968 1421 1021 quem
1449 953 1557 1007 dixi
1583 994 1599 1020 ,
1630 954 1873 1009 narravit
1914 956 1966 1009 in
1998 955 2133 1010 visu.

563 1045 608 1100 Ο
633 1059 792 1114 quam
833 1043 1171 1098 admirandas
1197 1084 1209 1108 ,
1240 1058 1400 1111 quam
1447 1044 1840 1100 concordantes
1885 1054 1939 1100 et
1977 1047 2135 1102 unius

564 1137 640 1191 rei
674 1135 866 1191 indicia
912 1134 1292 1201 designantes,
1338 1134 1423 1187 vel
1474 1135 1524 1187 in
1574 1143 1828 1204 perpetua
1877 1137 2138 1191 memoria

563 1225 870 1282 retinendas
892 1266 906 1289 ,
934 1225 985 1279 in
1016 1226 1188 1279 noctis
1216 1225 1449 1279 tenebris
1486 1224 1655 1280 adhuc
1684 1225 1839 1293 positi
1866 1266 1881 1288 ,
1937 1226 2135 1280 illumi-

563 1315 671 1369 nati
696 1316 808 1384 jam
838 1314 1308 1383 praedestinatione
1365 1329 1429 1367 ex
1471 1314 1636 1381 gratia
1667 1312 1896 1382 Spiritus
1937 1314 2139 1376 sancti,

563 1413 674 1458 tres
704 1403 896 1457 fratres
939 1403 1133 1472 gemini
1175 1411 1484 1457 meruerunt
1525 1403 1707 1458 videre
1752 1403 2012 1458 visiones!
2046 1404 2141 1460 His

564 1492 737 1547 tribus
764 1492 946 1562 pueris
968 1534 986 1560 ,
1011 1492 1234 1546 obtentu
1264 1492 1412 1558 aviaz,
1431 1500 1585 1547 antea
1616 1501 1697 1547 est
1728 1493 1958 1547 Trinitas
1987 1510 2142 1549 reve-

564 1580 674 1633 lata
721 1594 818 1650 per
861 1580 1121 1648 gratiam,
1152 1591 1434 1649 antequam
1480 1583 1689 1652 plenam
1739 1581 1934 1638 Christi
1977 1584 2144 1654 perci-

566 1678 761 1738 perent
802 1670 1151 1740 disciplinam.
1206 1670 1461 1726 Viderunt
1506 1673 1815 1728 illuminatis
1866 1690 1931 1728 ex
1990 1683 2140 1742 parte

2237 490 2467 558 potentis
2513 487 2737 555 ﬁducia,
2768 488 3000 543 Deorum
3042 488 3325 544 simulacra
3372 506 3471 559 pro
3518 492 3683 547 nihilo
3710 494 3809 549 du-

2236 590 2418 635 centes
2447 590 2501 635 et
2546 581 2601 634 in
2647 580 2792 635 omni
2840 580 3096 634 abusione
3141 580 3533 651 despicientes,
3565 597 3595 635 a
3631 583 3810 639 funda-

2236 672 2429 725 mentis
2457 687 2578 726 cum
2616 671 2744 742 ipsis
2764 670 2922 725 idolis
2942 670 3110 725 everti
3134 671 3373 740 jussisse.
3399 656 3601 728 Crescit
3629 690 3813 729 rumor

2237 760 2528 817 iunnensus
2554 762 2606 815 in
2634 761 2832 832 populo
2855 801 2869 825 ,
2902 760 3205 814 excitantur
3247 761 3298 813 in
3347 761 3677 816 iracundiam
3701 765 3815 833 pri-

2238 863 2436 919 mates,
2464 852 2675 922 judices
2727 860 2782 907 et
2826 850 3134 906 sacerdotes
3185 850 3448 905 idolorum
3477 892 3496 919 ,
3542 860 3598 906 et
3651 854 3814 910 nimio

2240 944 2420 998 furore
2449 941 2693 998 succensi
2722 939 2789 994 ad
2831 938 2920 994 Dei
2951 954 3149 1009 pueros
3171 940 3406 1010 undique
3447 943 3816 1012 conveniunt;

2241 1034 2653 1103 congregatiqtte
2681 1031 2736 1086 in
2782 1045 2947 1083 unum
2993 1029 3244 1083 dixerunt
3286 1031 3541 1100 primates
3578 1032 3643 1087 ad
3683 1048 3817 1091 eos:

2241 1123 2367 1190 Quae
2394 1138 2489 1177 vos
2520 1129 2626 1174 tam
2666 1117 2948 1188 repentina
2994 1116 3188 1171 invasit
3219 1120 3489 1173 temeritas
3513 1121 3536 1173 ?
3560 1119 3691 1186 Quis
3723 1136 3818 1176 vos

2240 1220 2503 1291 persuasit
2544 1219 2803 1274 culturam
2850 1216 3074 1272 deorum
3123 1226 3429 1272 nostrorum
3475 1218 3819 1288 relinquere,

2240 1311 2594 1381 quam‘nostri
2614 1310 2886 1377 vestrique
2910 1317 3116 1362 veteres
3137 1308 3203 1361 ab
3224 1308 3458 1377 antiquis
3488 1310 3820 1378 temporibus

2241 1403 2472 1459 coluisse
2495 1410 2806 1467 noscuntur,
2838 1400 3053 1455 decreta
3085 1399 3379 1469 principum
3412 1401 3780 1456 convellentes
3800 1403 3825 1454 ἲ

2248 1491 2516 1547 Christum
2544 1532 2561 1558 ,
2589 1509 2748 1563 quem
2781 1510 2879 1567 pro
2923 1495 3035 1549 Deo
3067 1493 3331 1557 adoratis,
3366 1490 3530 1546 Judaei
3562 1492 3738 1559 ipsum
3770 1492 3822 1546 in

2242 1581 2433 1636 mortis
2458 1582 2908 1639 condemnatione
2954 1582 3098 1638 cruci
3126 1582 3429 1636 allixerunt.
3475 1579 3613 1633 Tum
3650 1581 3825 1635 sancti

2242 1672 2433 1741 repleti
2459 1671 2658 1742 Spiritu
2686 1678 2873 1728 sancto
2913 1673 3166 1727 dixerunt
3204 1672 3272 1725 ad
3304 1686 3396 1726 eos
3425 1689 3437 1723 :
3469 1668 3513 1723 0
3543 1669 3822 1725 dementes

566 1759 734 1814 oculis
758 1760 904 1830 prius
932 1760 1210 1816 Dominum
1241 1761 1406 1816 Deum
1433 1804 1447 1827 ,
1485 1777 1642 1830 quam
1676 1779 1773 1833 per
1797 1764 1905 1818 oris
1930 1764 2141 1819 confes-
2174 1762 2218 1821 B
2248 1766 2300 1819 in
2352 1765 2612 1834 profunda
2665 1765 2894 1821 demersi
2949 1766 3175 1834 caligine
3195 1807 3212 1829 ,
3269 1765 3541 1835 perpetuis
3590 1765 3823 1818 tenebris

566 1849 769 1905 sionem
792 1850 1001 1920 plenius
1030 1860 1423 1919 cognoscerent
1451 1853 1811 1908 Salvatorem.

1182 1985 1407 2040 CAPUT
1445 1986 1528 2039 ΙΙΙ.

811 2096 1016 2151 Eversis
1042 2096 1223 2159 idolis,
1251 2098 1407 2165 ﬁdem
1437 2096 1629 2167 publice
1661 2100 1901 2169 professi.

641 2206 727 2260 10.
771 2204 1159 2275 Perpensantes
1188 2207 1415 2275 denique
1468 2208 1601 2262 infra
1640 2212 1810 2265 sancti
1841 2209 2051 2265 Gemini
2080 2212 2145 2265 de

568 2295 1069 2354 concordationihus
1114 2297 1405 2362 visionum,
1459 2298 1919 2365 prmdicationibns
1974 2300 2144 2353 sancti

570 2383 790 2453 Henigni
816 2400 877 2439 ac
898 2386 1065 2439 beata:
1092 2385 1342 2439 Leonillze
1366 2387 1695 2441 orationibus
1715 2388 2043 2443 incessanter
2067 2389 2146 2442 in-

569 2475 782 2541 structi,
804 2475 1113 2542 cogitabant
1140 2475 1395 2529 attentius
1417 2475 1541 2545 quid
1570 2490 1729 2544 agere
1758 2488 2143 2547 procurarent;

568 2564 935 2621 desiderantes
976 2566 1136 2620 etiam
1168 2575 1226 2619 ut
1266 2566 1473 2620 detersa
1519 2568 1745 2636 caligine
1777 2584 1966 2637 purum
1994 2569 2146 2624 clari-

570 2658 696 2712 tatis
724 2658 897 2714 lumen
929 2660 981 2714 in
1011 2661 1123 2715 visu
1147 2660 1281 2714 lucis
1327 2660 1604 2715 visibiliter
1628 2662 2143 2730 contemplarentur,

569 2758 625 2803 ct
656 2748 819 2802 Deum
847 2750 1021 2804 vivum
1052 2759 1105 2804 et
1154 2765 1336 2804 verum
1386 2750 1502 2804 sine
1529 2750 1632 2804 ulla
1671 2751 2014 2819 ambiguitate
2052 2766 2147 2805 co-

570 2846 911 2904 gnoscerent.
936 2838 1083 2893 Tunc
1129 2839 1375 2893 dixerunt
1422 2840 1487 2892 ad
1528 2840 1702 2893 aviam
1758 2855 1937 2893 suam:
1972 2838 2145 2894 Indica

572 2926 727 2980 nohis
756 2927 881 2995 quid
927 2926 1185 2981 faciamus
1215 2945 1227 2991 ;
1260 2936 1317 2981 ut
1354 2928 1658 2999 prtedicatio
1703 2937 1881 2983 vestra
1905 2970 1919 2994 ,
1974 2930 2147 2985 omni-

573 3018 672 3072 bus
704 3017 975 3072 erroribus
1018 3017 1282 3087 effugatis,
1314 3027 1553 3073 nostram
1592 3019 1759 3088 possit
1789 3020 2050 3088 proﬁcere
2077 3019 2145 3074 ad

572 3108 817 3162 salutem.
842 3106 936 3161 His
961 3107 1115 3163 dictis
1134 3107 1289 3163 beata
1321 3108 1559 3164 Leonilla
1581 3108 1853 3163 exsultans
1876 3108 1944 3164 de
1965 3117 2146 3165 sancta
2174 3127 2221 3190 ο

573 3196 909 3253 confessione
938 3206 1189 3268 nepotum
1211 3214 1431 3253 suorum
1457 3238 1472 3264 ,
1506 3209 1561 3255 et
1584 3201 1693 3255 Deo
1723 3202 1921 3269 gratias
1942 3215 2105 3269 agens
2130 3244 2144 3267 ,

573 3286 705 3341 dixit
757 3287 824 3341 ad
875 3302 968 3343 eos
1020 3304 1122 3342 una
1175 3304 1297 3343 cum
1340 3297 1529 3344 sancto
1579 3289 2151 3360 Benigno:Custodite

572 3391 701 3445 ergo
727 3378 903 3432 omnia
949 3386 1214 3449 prmecpta
1244 3379 1440 3447 divina,
1486 3387 1539 3435 et
1559 3381 1757 3450 Regem
1784 3398 1967 3453 regum
1996 3383 2151 3439 Chri-

574 3482 714 3528 stum
744 3473 909 3528 Deum
936 3490 1055 3530 esse
1083 3477 1198 3530 sine
1218 3476 1378 3533 dubio
1407 3478 1630 3546 credite,
1652 3481 1883 3549 separati
1905 3495 1934 3533 a
1962 3479 2149 3535 nefan-

576 3563 660 3618 dis
691 3562 846 3619 idolis
872 3606 886 3629 ,
916 3566 1269 3635 vosmetipsos
1317 3566 1557 3622 Creatori
1584 3578 1762 3623 vestro
1792 3569 1902 3624 Deo
1938 3568 2145 3625 oﬁ‘erte.

576 3653 767 3709 Docuit
794 3662 973 3709 autem
1002 3669 1095 3709 eos
1123 3667 1339 3710 sanctus
1368 3656 1635 3725 Benignus
1665 3674 1877 3714 omnem
1908 3669 2148 3715 sanctam

576 3743 895 3811 doctrinam,
920 3752 974 3799 et
1002 3746 1266 3815 perfectos
1293 3748 1345 3802 in
1394 3748 1497 3804 ﬁde
1537 3749 1733 3805 Christi
1763 3751 2150 3807 confessionem

578 3836 909 3913 credulitatis
952 3852 1131 3892 veram
1174 3846 1229 3892 et
1283 3838 1660 3907 manifestam,
1694 3856 1789 3912 per
1830 3843 2152 3897 inlusionem

577 3929 748 3982 sancti
798 3928 1067 3998 Spiritus,
1112 3939 1170 3985 ut
1222 3934 1469 4001 cognovit
1508 3934 1725 3989 eosdem
1779 3935 1843 3990 ad
1891 3936 2152 4005 integrum
2200 3928 2209 3947 '

578 4013 883 4081 recepisse,
912 4014 1247 4084 baptismatis
1296 4018 1458 4087 ipsius
1504 4021 1703 4088 pariter
1746 4022 1915 4088 gratia
1960 4037 2153 4078 conse-

580 4102 769 4157 cravit.
819 4102 1020 4158 Deinde
1061 4115 1275 4161 sanctus
1325 4107 1591 4176 Benignus
1622 4119 1647 4145 ο
1680 4110 1953 4165 Divionem
2003 4113 2156 4181 petiit

580 4204 813 4251 castrum
832 4236 847 4261 ,
880 4195 969 4249 ubi
999 4195 1178 4265 plures
1206 4198 1401 4253 laboris
1442 4200 1520 4254 sui
1552 4200 1755 4255 fruetus
1783 4215 2113 4271 congregans
2138 4244 2153 4268 ,

583 4303 689 4342 non
730 4294 850 4356 post
889 4287 1115 4341 multum
1144 4296 1349 4358 tempus
1378 4304 1477 4357 pro
1519 4291 1698 4345 multis
1727 4292 1930 4347 meritis
1969 4293 2154 4349 condi-

582 4393 738 4448 gnam
768 4379 1008 4450 martyrii
1043 4394 1294 4434 coronam
1326 4383 1638 4450 promeruit.

2246 1856 2547 1910 obumbrati
2574 1894 2588 1917 ,
2620 1865 2675 1911 et
2702 1856 2865 1910 nimia
2917 1855 3119 1925 gravati
3152 1855 3293 1910 mole
3334 1862 3679 1924 peccatorum
3708 1870 3823 1922 pae-

2248 1959 2435 1998 narmn
2490 1944 2908 1999 indelicientium
2948 1952 3121 2000 morte
3147 1950 3402 2014 perpetua
3441 1942 3825 2007 condemnati,

2248 2033 2448 2102 antiqui
2475 2033 2643 2088 hostis
2664 2048 2847 2088 errore
2880 2032 3114 2103 decepti,
3136 2032 3259 2102 quid
3289 2048 3387 2087 nos
3406 2047 3535 2086 saxa
3558 2040 3612 2085 et
3633 2041 3824 2086 czetera

2248 2124 2461 2177 metalla
2488 2165 2502 2189 ,
2529 2124 2579 2177 in
2611 2125 2885 2178 hominum
2911 2122 3115 2192 effigies
3136 2123 3202 2177 ab
3231 2122 3536 2177 hominibus
3560 2121 3785 2191 ﬁgurata
3810 2165 3827 2187 ,

2249 2213 2473 2268 adorare
2519 2213 2876 2282 compellitis,
2906 2227 3025 2281 qua:
3080 2211 3280 2265 nullum
3327 2211 3451 2265 vitae
3502 2211 3821 2281 spiraculum

2248 2301 2446 2356 habere
2474 2302 2753 2357 videntur?
2778 2318 2894 2371 que
2923 2301 3053 2356 nihil
3080 2308 3204 2355 sunt
3228 2342 3243 2368 ,
3272 2300 3398 2353 nihil
3430 2301 3701 2364 sentiunt,
3730 2315 3825 2369 pro

2251 2394 2418 2448 nihilo
2466 2395 2532 2448 ab
2584 2393 2760 2448 stultis
2813 2391 3032 2447 omnino
3075 2389 3341 2447 Culunlur.
3384 2389 3524 2444 Deus
3572 2404 3734 2446 verus
3776 2399 3826 2444 et

2246 2483 2401 2540 vivus
2452 2482 2611 2537 Pater
2641 2493 2695 2537 ct
2725 2482 2886 2537 Filius
2929 2491 2984 2536 et
3035 2481 3263 2551 Spiritus
3305 2492 3559 2547 sanctus,
3594 2497 3732 2535 unus
3774 2483 3821 2535 in

2250 2575 2485 2629 trinitate
2516 2573 2738 2627 Deitatis
2764 2581 2816 2626 et
2844 2573 3014 2626 trinus
3044 2573 3095 2625 in
3138 2572 3433 2640 maiestatis
3470 2573 3678 2625 unitate
3707 2587 3820 2626 cre-

2251 2664 2475 2719 dendus.
2510 2663 2766 2718 Dominus
2789 2671 2969 2716 noster
2994 2661 3147 2716 Jesus
3167 2661 3409 2717 Christus
3439 2663 3553 2731 ipse
3581 2671 3665 2716 est
3686 2661 3829 2717 Deus

2250 2754 2318 2808 de
2362 2753 2503 2820 Deo,
2532 2751 2735 2805 Lumen
2786 2751 2852 2806 de
2891 2751 3125 2816 lumine,
3158 2751 3422 2821 Splendor
3466 2766 3494 2804 a
3541 2750 3833 2819 splendore

2250 2844 2549 2913 procedens
2571 2882 2586 2908 ,
2619 2842 2710 2910 qui
2738 2856 2949 2909 semper
2976 2848 3058 2896 est
3094 2854 3409 2909 semperque
3440 2840 3539 2893 fuit
3563 2882 3577 2905 ,
3606 2848 3661 2894 et
3688 2854 3825 2893 seen-

2250 2947 2347 3001 per
2371 2933 2485 3002 ipse
2511 2933 2626 2986 sine
2657 2932 2763 2985 line
2794 2931 3045 2985 manebit.
3077 2930 3195 3001 Ipse
3224 2930 3348 2985 fecit
3375 2931 3554 2986 omnia
3583 2946 3705 3001 quae
3728 2932 3826 2986 hoc

2252 3021 2306 3075 in
2334 3021 2531 3075 mundo
2554 3031 2698 3075 sunt.

2328 3111 2414 3165 15.
2458 3110 2608 3167 Tunc
2638 3112 2869 3181 permoti
2902 3120 3028 3167 sunt
3067 3112 3323 3182 primates
3348 3111 3527 3181 populi
3552 3118 3605 3165 et
3624 3109 3827 3180 judices

2252 3214 2310 3260 et
2356 3205 2701 3271 sacerdotes,
2758 3205 2849 3273 qui
2903 3204 2969 3257 ad
3016 3204 3377 3273 spectaculum
3425 3212 3728 3268 venerant,
3779 3203 3830 3255 in

2227 3293 2416 3374 'nimia
2447 3292 2721 3347 iracundia
2768 3300 2953 3345 contra
2982 3299 3197 3345 sanctos
3227 3291 3318 3344 Dei
3358 3290 3603 3343 famulos.
3631 3288 3829 3343 Exsur-

2254 3398 2385 3451 gens
2415 3390 2592 3436 autem
2633 3380 2938 3447 Quadratus
2987 3381 3261 3435 iracundia
3299 3381 3532 3451 repletus
3578 3382 3829 3450 Speusip-

2254 3488 2378 3543 pum
2408 3481 2463 3527 et
2508 3470 2849 3541 Eleusippum
2891 3484 3070 3539 pugno
3119 3471 3383 3538 percussit
3428 3470 3479 3523 in
3525 3470 3661 3524 facie
3708 3470 3827 3538 quia

2252 3565 2350 3633 ipsi
2372 3563 2477 3619 duo
2507 3562 2880 3618 tantumlocuti
2906 3561 3450 3616 fucrant.Condolens
3475 3562 3832 3632 Meleusippus

2253 3656 2588 3722 exclamavit,
2610 3656 2822 3710 dicens:
2848 3655 2954 3709 Cur
2981 3669 3065 3707 me
3092 3654 3160 3707 de
3182 3654 3282 3708 isto
3305 3653 3662 3722 percussionis
3691 3654 3830 3707 dono

2254 3764 2374 3803 cum
2414 3747 2664 3801 fratribus
2712 3746 2844 3799 meis
2888 3760 2991 3799 non
3032 3743 3203 3797 fecisti
3245 3745 3599 3813 participem?
3628 3743 3687 3797 In
3734 3746 3831 3798 illis

2256 3835 2535 3892 ostendisti
2575 3834 2817 3901 optabile
2868 3832 3185 3901 principium
3216 3833 3476 3899 passionis
3499 3871 3514 3895 ,
3540 3845 3626 3885 me
3654 3840 3833 3885 autem

2254 3930 2405 3998 quasi
2442 3944 2540 3998 pro
2584 3928 2689 3981 tuis
2715 3924 3002 3981 incredulis
3031 3924 3234 3977 actibus
3272 3924 3542 3978 honorans
3573 3938 3603 3975 a
3643 3933 3830 3977 sancto

2255 4021 2523 4077 consortio
2569 4015 2939 4086 sequestrasti.
2992 4014 3284 4069 Unanimes
3342 4015 3392 4066 in
3450 4013 3646 4066 Christi
3705 4028 3831 4066 cono

2258 4113 2486 4168 fossione
2533 4126 2755 4171 sumus,
2810 4107 3088 4175 aequaliter
3133 4120 3230 4174 per
3278 4113 3508 4157 vestram
3554 4103 3830 4171 perﬁdiam

2257 4203 2323 4257 de
2353 4189 2548 4255 Chriin
2580 4197 3013 4252 remuneratione
3041 4194 3493 4261 congratulantur.
3530 4192 3831 4257 Quadratus

2257 4292 2389 4345 dixit
2414 4309 2427 4343 :
2466 4288 2635 4343 Hodie
2679 4304 2773 4341 vos
2802 4302 2896 4355 pro
2927 4293 3239 4352 contemptu
3268 4283 3491 4337 deorum
3520 4291 3828 4336 nostrorum

2258 4380 2482 4434 diversis
2530 4377 2847 4432 cruciatibus
2894 4375 3071 4444 puniri
3112 4374 3460 4443 disponimus.
3516 4371 3833 4443 Eleusippus

560 4500 563 4503 -
654 4467 740 4521 Η.
782 4469 963 4523 Sancti
1017 4485 1147 4525 vero
1196 4470 1392 4538 gemini
1448 4469 1682 4536 fratres,
1741 4476 2040 4529 conﬁrmati
2097 4476 2149 4529 in
2186 4470 2726 4543 Ddixit:Quantum
2768 4467 2921 4522 nobis
2976 4464 3177 4533 majora
3232 4474 3495 4518 tormenta
3542 4465 3831 4533 parabitis,

584 4558 729 4612 omni
769 4559 1079 4614 credulitate
1115 4559 1341 4625 Christi,
1379 4564 1549 4617 servis
1574 4564 1685 4618 suis
1711 4573 2079 4635 praeceperunt
2100 4574 2158 4621 ut

587 4648 928 4704 simulacrum
988 4649 1227 4707 Nemesis
1275 4652 1719 4721 confringerent,
1771 4664 1826 4710 et
1871 4656 2154 4712 duodecim

586 4737 803 4806 templa,
826 4753 942 4807 qum
972 4738 1023 4792 in
1063 4742 1224 4795 domo
1253 4758 1440 4796 eorum
1477 4753 1631 4798 erant
1674 4747 1963 4801 constituta
1988 4785 2004 4811 ,
2035 4746 2158 4800 fun-

585 4830 726 4885 ditus
751 4838 1083 4898 everterent;
1115 4832 1255 4901 ipsas
1280 4834 1439 4888 etiam
1478 4834 1741 4890 idolorum
1768 4845 1971 4893 statuas
1998 4837 2154 4893 simul

590 4923 642 4976 in
694 4921 1109 4977 confractionem
1164 4924 1446 4987 redactas,
1505 4928 1745 4995 protinus
1798 4929 2151 4999 dissiparent:

586 5013 937 5081 feceruntque
973 5013 1114 5067 servi
1143 5016 1320 5069 omnia
1349 5031 1466 5083 quae
1493 5015 1704 5073 fuerant
1747 5034 1778 5074 a
1805 5019 2034 5075 dominis
2062 5020 2159 5075 im-

592 5114 796 5173 perata.

662 5198 749 5252 η.
791 5196 1001 5254 Interea
1049 5199 1187 5253 fama
1236 5201 1396 5255 citata
1427 5216 1748 5271 percurrens
1795 5210 2022 5256 cunctos
2052 5209 2162 5255 ter-

590 5292 765 5345 minos
810 5292 1043 5347 civitatis
1072 5290 1373 5359 Lingonicae
1408 5294 1747 5363 peragravit,
1777 5295 2028 5347 nuntians
2055 5302 2163 5350 tres

591 5384 830 5450 geminos
865 5383 1053 5439 fratres
1098 5393 1322 5453 nepotes
1349 5385 1519 5439 beata:
1548 5383 1800 5439 Leonillzc
1825 5424 1839 5445 ,
1872 5384 2162 5440 illustribus

594 5483 741 5526 ortos
770 5475 1030 5531 natalibus
1050 5518 1064 5543 ,
1105 5479 1170 5532 ad
1198 5476 1390 5533 Christi
1434 5479 1631 5533 cultum
1664 5478 1961 5535 devotionis
1988 5478 2163 5535 studio

2264 4569 2411 4615 tanto
2442 4559 2672 4629 amplius
2720 4573 2819 4613 nos
2847 4560 2913 4611 de
2938 4556 3034 4611 Dei
3064 4556 3233 4623 gratia
3262 4554 3595 4609 confortatis.
3631 4554 3831 4609 Palma-

2260 4656 2364 4709 tius
2392 4654 2524 4708 dixit
2550 4671 2563 4705 :
2600 4652 2706 4707 Nisi
2735 4651 2941 4717 linguas
2970 4662 3160 4703 eorum
3189 4646 3442 4701 radicitus
3472 4656 3832 4715 amputemus.

2259 4764 2367 4802 non
2397 4747 2685 4801 cessabunt
2718 4744 2861 4812 loqui
2903 4742 3151 4812 injuriam
3183 4749 3417 4797 nostram
3441 4782 3455 4807 ,
3479 4741 3562 4795 vel
3612 4741 3833 4797 deomtn

2259 4846 2583 4894 nostrorum.
2647 4834 2971 4904 Speusippus
3020 4833 3200 4887 dixit:
3253 4831 3312 4886 Si
3366 4831 3570 4898 linguas
3628 4841 3835 4885 nostras

2261 4928 2547 4984 crudelitas
2574 4935 2749 4980 vestra
2779 4923 3025 4978 carnales
3057 4921 3343 4977 absciderit
3370 4959 3385 4985 ,
3417 4922 3467 4973 in
3495 4920 3836 4974 interioribus

2264 5019 2461 5075 nostris
2499 5017 2759 5085 magnalia
2790 5014 2888 5069 Dei
2914 5014 3248 5068 narrabimus
3276 5011 3416 5065 etde
3441 5020 3629 5065 sancta
3653 5011 3836 5065 credu-

2262 5114 2411 5167 litate
2440 5109 2635 5165 Christi
2676 5123 2945 5177 nunquam
2987 5122 3085 5161 nos
3116 5105 3315 5157 malitia
3344 5113 3518 5157 vestra
3549 5102 3833 5169 separabit.

2262 5205 2459 5259 lterum
2509 5199 2798 5254 Palmatius
2838 5207 2893 5252 et
2939 5196 3301 5262 Hermogenes
3348 5192 3536 5246 aiunt:
3597 5192 3839 5245 infelices

2266 5293 2587 5349 unanimiter
2632 5290 2697 5343 ad
2753 5290 2940 5342 mortis
2990 5293 3180 5339 vestrm
3234 5283 3515 5338 interitum
3559 5280 3834 5334 festinatis.

2268 5383 2595 5453 Spettsippus
2631 5378 2803 5432 dixit:
2842 5376 2973 5431 Mori
3023 5374 3164 5429 enim
3223 5388 3319 5441 pro
3376 5369 3576 5425 Christi
3628 5371 3834 5423 nomine

2270 5474 2557 5544 gloriosum
2586 5477 2704 5535 est;
2746 5467 2869 5522 inde
2916 5465 2983 5519 ad
3026 5465 3191 5519 vitam
3219 5462 3446 5517 celerius
3468 5463 3836 5531 perveniemus

666 5618 687 5643 ί¹
730 5608 909 5672 Divio,
945 5612 1139 5671 Gallice
1184 5615 1364 5681 Dijou;
1418 5616 1535 5667 urbs
1579 5617 1824 5680 prim/tria
1871 5616 2082 5671 ducatus
2128 5612 2434 5684 Bnrgunditt’
2459 5650 2472 5676 ,
2507 5606 2614 5674 {"3"
2648 5600 2947 5656 (ίθδθνίθίίυν
2975 5616 3005 5650 α
3036 5597 3249 5651 Claudio
3293 5594 3513 5651 Πθὺενίθ
3537 5636 3550 5659 ν
3581 5596 3637 5648 in
3671 5593 3840 5647 Cum"

594 5678 903 5736 Christiana.
