4052 6332
168 321 276 377 ξθὸ

1119 316 1297 373 ACTA
1336 316 1434 373 SS.
1479 313 1863 369 MARTYRUM
1906 313 2474 371 ’[ΕιιαΕΜιΝυιιυΜ.

3354 321 3451 374 198

164 446 420 491 teter-nam
445 477 458 499 ,
494 435 580 487 ubi
630 434 775 488 nulla
829 432 1044 489 tristitia
1086 442 1189 495 est,
1240 432 1336 488 sed
1391 430 1583 501 gaudia
1635 445 1757 498 qua:
1788 435 1831 487 Α
1867 429 2062 497 parari.
2092 426 2393 485 Confortati
2425 440 2602 487 tamen
2635 447 2664 485 a
2690 431 2937 498 Christo,
2988 441 3047 487 ut
3089 441 3297 489 Vtrtutts
3327 435 3463 490 tole-

166 524 319 579 nullo
342 532 585 595 tempore
618 524 893 579 linittntur.
956 568 963 575 .

786 615 1013 670 CAPUT
1054 615 1141 670 IV.

573 706 730 760 Varie
779 708 992 760 cruciati
1032 714 1369 760 coronantur.

239 794 330 848 ιι.
376 793 739 863 Videntesque
786 810 882 849 eos
930 794 1220 850 Palmatius
1269 804 1325 849 et
1360 793 1670 860 Quadratus
1711 801 1766 848 et

171 885 535 953 tlermogenes
568 886 618 939 in
650 885 850 941 Christi
899 885 1241 941 confessione
1289 893 1601 939 constanter
1637 901 1764 953 per-

172 976 403 1039 .lurare,
438 977 749 1044 cogitabant
792 978 1049 1030 attentius
1077 976 1203 1044 quid
1235 987 1482 1044 agerent,
1534 976 1615 1030 vel
1653 977 1769 1044 qui-

170 1068 275 1124 bus
301 1067 632 1136 gravissimis
663 1067 833 1136 poenis
861 1066 1243 1133 affligerentur,
1272 1081 1378 1134 quo
1405 1078 1601 1133 genere
1626 1082 1770 1120 mor-

171 1159 263 1217 tis.
298 1166 522 1226 propter
549 1166 572 1193 ⁸
604 1157 852 1211 meritum
876 1172 1062 1210 eorum
1088 1157 1178 1225 qui
1223 1156 1553 1211 advenerant
1579 1157 1769 1212 crude-

172 1250 386 1305 lissimo
439 1251 843 1304 damnarentur.
899 1249 1031 1302 Dum
1077 1250 1193 1303 haec
1230 1248 1536 1316 diligentius
1566 1261 1770 1318 pertra-

168 1347 384 1395 ctarent
408 1380 428 1408 ,
470 1339 678 1392 beatam
728 1338 1018 1392 Leonillam
1062 1353 1304 1393 seorsum
1332 1339 1397 1392 ad
1432 1353 1491 1393 se
1520 1338 1771 1394 accersiri

168 1430 523 1499 praecipiunt,
555 1430 599 1483 si
632 1429 853 1482 forsitan
881 1429 996 1497 ejus
1026 1430 1326 1492 blanditiis,
1354 1438 1404 1483 et
1433 1429 1772 1485 suasionibus

171 1519 545 1589 parentalibus
605 1534 861 1572 revocare
911 1534 1006 1572 eos
1066 1519 1329 1587 potuisset
1374 1517 1442 1571 ad
1502 1519 1769 1574 culturam

167 1608 432 1671 deorum,
464 1617 523 1662 ut
544 1608 739 1662 Christi
787 1606 1084 1676 majestatis
1133 1607 1395 1661 Deitatem
1444 1623 1542 1676 per
1588 1609 1769 1662 omnia

167 1698 520 1766 denegarem.
549 1697 792 1766 Cumque
821 1698 978 1752 beata
1022 1696 1261 1752 LeOnilla
1300 1696 1369 1751 ad
1401 1698 1616 1752 eosdem
1647 1714 1770 1767 per-

1874 522 2045 574 rantia
2094 522 2350 577 divinitus
2393 525 2615 579 interius
2666 526 2997 592 ministrata,
3028 527 3080 581 in
3121 529 3462 584 confessione

1873 618 1927 664 et
1972 611 2290 665 credulitate
2337 612 2533 668 Christi
2583 615 2809 670 viriliter
2837 617 3222 685 permanebant
3259 636 3272 672 :
3304 629 3357 674 et
3406 622 3457 674 itt

1874 700 2003 766 ipsis
2035 702 2316 756 tormentis
2343 717 2638 768 suspensus
2670 722 2790 759 cum
2824 706 3075 764 fratribus
3103 707 3462 780 Meleusippus

1870 787 2487 858 jttdicibusinsultabat,
2538 795 2767 850 dicens:
2815 795 3073 853 Dominus
3123 809 3307 855 noster
3343 801 3465 855 Sal-

1872 889 2027 934 vator
2055 880 2209 936 Jesus
2236 880 2481 938 Christus
2512 886 2675 940 clavis
2706 888 2927 952 allixus,
2960 889 3012 942 in
3058 888 3322 945 Trinitate
3370 909 3465 946 co-

1873 969 2085 1039 lendus,
2118 987 2215 1040 pro
2247 985 2427 1027 nostra
2476 974 2849 1045 redemptione
2896 986 3084 1033 sancto
3123 980 3376 1050 pependit
3408 983 3457 1035 iit

1873 1060 2039 1128 ligno,
2071 1063 2213 1118 unde
2240 1065 2413 1120 crucis
2438 1066 2769 1134 signaculum
2802 1069 3022 1138 adipisci
3047 1073 3456 1139 pronteruinttts.

1873 1151 1981 1207 Nos
2024 1170 2239 1224 quoque
2297 1166 2406 1211 tres
2446 1159 2529 1212 sui
2580 1159 2765 1212 famuli
2814 1160 2862 1213 iit
2898 1176 3003 1216 uno
3036 1162 3137 1216 hoc
3166 1162 3463 1231 pendentes

1870 1244 2053 1311 stipite
2100 1260 2198 1313 pro
2242 1246 2359 1315 ejus
2397 1249 2613 1303 nomine
2658 1250 2955 1303 efiiciamur
3001 1252 3223 1320 gloriosi
3259 1266 3465 1324 marty-

1872 1348 1979 1387 res.
2019 1333 2063 1385 Ο
2118 1334 2331 1391 beatum
2400 1338 2628 1393 fructum
2688 1342 2857 1410 ipsius
2897 1342 3126 1406 arboris,
3184 1359 3305 1413 qua:
3358 1356 3467 1401 tres

1873 1426 2108 1495 portavit
2136 1438 2425 1497 martyres,
2482 1430 2732 1482 trinitatis
2771 1431 2985 1486 nomine
3012 1437 3389 1490 consecratos!

1945 1522 2031 1574 l7.
2064 1520 2422 1586 thentesque
2451 1518 2545 1574 eos
2584 1518 2791 1587 judices
2835 1520 3155 1587 cnnfortari,
3189 1540 3296 1579 non
3321 1542 3457 1581 con-

1875 1618 2072 1673 tristari
2122 1617 2172 1669 in
2213 1614 2515 1685 suppliciis,
2546 1614 2797 1669 dixerunt
2847 1615 2912 1670 ad
2952 1632 3085 1671 cos:
3117 1617 3233 1670 Non
3282 1617 3333 1671 in
3366 1618 3464 1671 ista

1873 1710 2066 1762 arbore
2094 1707 2232 1759 sicut
2256 1720 2354 1758 vos
2382 1704 2519 1758 velle
2559 1704 2765 1770 dicitis,
2819 1706 3153 1771 moriemini,
3204 1706 3297 1760 sed
3345 1706 3467 1773 igne

166 1786 685 1849 vertisset,tlixeruttt
716 1789 761 1840 ei
782 1786 990 1854 judices
1020 1803 1031 1838 :
1071 1785 1240 1855 Perge
1271 1786 1336 1839 ad
1370 1796 1591 1854 nepotes
1620 1798 1759 1854 tuos,

1874 1800 2047 1853 ultoie
2078 1796 2339 1867 peribitis.
2372 1793 2733 1862 Meleusippus
2760 1794 2953 1847 iterum
2998 1793 3356 1862 respondens,
3391 1795 3467 1847 ait

167 1889 224 1933 et
254 1880 295 1932 si
328 1894 425 1933 eos
452 1877 662 1931 salvare
692 1877 997 1942 desideras,
1031 1887 1086 1931 et
1107 1892 1136 1929 a
1166 1892 1442 1946 pinnarum
1466 1877 1761 1946 suppliciis,

168 1972 255 2025 vel
315 1971 503 2024 mortis
546 1970 776 2024 liberare
826 1969 1073 2033 interitu,
1126 1969 1293 2024 suade
1342 1970 1419 2023 eis
1460 1976 1519 2022 ut
1570 1970 1766 2038 templa

167 2062 460 2115 restituant
503 2077 619 2130 qua:
675 2062 1089 2127 destruxertmt;
1151 2062 1283 2116 deos
1320 2071 1499 2115 autem
1553 2070 1768 2117 nostros

167 2150 460 2204 adorantes
480 2194 496 2217 ,
524 2151 997 2205 consuetudinaria
1043 2151 1273 2206 olierant
1319 2152 1612 2207 sacrificia.
1644 2152 1770 2208 lltec

167 2250 226 2295 et
256 2241 360 2294 alia
391 2241 542 2311 plura
572 2241 844 2308 dicentes,
869 2242 1003 2296 dixit
1032 2241 1098 2295 ad
1145 2256 1240 2297 eos
1280 2241 1434 2296 beata
1480 2240 1717 2297 Leonilla
1753 2260 1766 2296 :

164 2331 266 2386 Ibo
314 2341 369 2387 ct
415 2333 651 2388 suadebo
698 2334 776 2388 eis
804 2334 983 2388 omnia
1039 2349 1157 2403 quae
1209 2334 1367 2389 saluti
1417 2350 1603 2390 eorum
1633 2350 1767 2391 con-

166 2433 391 2490 grutmt.

224 2515 311 2569 15.
345 2515 572 2573 Veniens
586 2518 815 2589 denique
835 2519 991 2573 beata
1016 2518 1258 2575 Leonilla
1281 2518 1348 2573 ad
1373 2529 1598 2588 nepotes
1619 2538 1765 2585 suos,

165 2622 292 2661 cum
322 2611 664 2676 cognovisset
691 2625 788 2665 eos
836 2611 888 2664 itt
937 2620 1125 2665 sancta
1177 2626 1525 2680 perseverare
1553 2612 1768 2668 confes-

164 2701 323 2755 si0ne
345 2741 360 2766 ,
391 2703 558 2756 multa
586 2704 790 2757 exstitit
836 2704 1199 2758 exsultatione
1259 2704 1438 2771 gavisa
1463 2743 1477 2768 ,
1526 2707 1769 2772 prmbens

164 2793 419 2847 omnibus
464 2794 643 2848 dulcia
691 2796 910 2859 oscula,
960 2796 1258 2865 lacrymans
1307 2812 1417 2865 prae
1454 2796 1681 2863 gaudio,
1715 2806 1769 2851 et

164 2883 370 2937 multas
400 2884 511 2938 Deo
540 2885 898 2956 omnipotenti
924 2901 1113 2955 preces
1140 2884 1437 2950 effundens,
1471 2894 1524 2939 et
1569 2888 1769 2953 gratias

169 2986 341 3040 agens
360 2972 595 3037 Christo,
628 2975 761 3028 dixit
788 2975 1073 3043 nepotibus
1102 2976 1243 3028 suis:
1270 2975 1455 3028 Nullus
1479 2974 1545 3028 de
1571 2989 1769 3044 genere

160 3071 352 3119 vestro
380 3064 632 3132 nobilior,
687 3064 861 3119 nullus
889 3064 1081 3129 ditior,
1127 3064 1299 3117 nullus
1328 3064 1558 3131 gratior,
1606 3078 1765 3131 quam

1872 1890 1936 1945 ad
1972 1905 2066 1944 eos
2101 1905 2114 1939 :
2150 1887 2317 1956 Major
2348 1885 2502 1939 nobis
2545 1886 2648 1938 erit
2678 1883 3020 1939 beatitudinis
3062 1887 3463 1953 augmentatio,

1871 1982 1915 2036 si
1945 1996 2040 2051 per
2069 1980 2244 2049 ignem
2282 1977 2492 2047 probati
2538 1977 2907 2030 transierimus
2955 1976 3020 2029 ad
3068 1976 3264 2043 Deum,
3315 1987 3369 2032 et
3396 1979 3466 2033 de

1874 2070 2108 2125 tenebris
2135 2083 2253 2150 vper
2300 2068 2440 2120 hunc
2493 2067 2670 2132 ignem
2719 2074 3033 2134 perpetuam
3074 2069 3355 2121 veniamus
3394 2067 3463 2121 ad

1874 2160 2070 2215 lucem.
2130 2157 2264 2212 Tum
2303 2156 2534 2223 denique
2566 2154 2803 2222 judices,
2866 2170 3084 2223 propter
3129 2163 3329 2210 metum
3372 2156 3464 2224 qui

1872 2250 2096 2302 aderant
2125 2249 2469 2316 popu'orum,
2492 2244 2630 2311 ligna
2668 2251 2723 2297 et
2750 2243 2954 2312 reliqua
2983 2259 3101 2311 quze
3126 2246 3303 2300 solent
3330 2244 3464 2299 focis

1874 2340 2203 2393 increutenta
2259 2336 2498 2405 praebere
2537 2334 2863 2402 expediunt,
2916 2342 2969 2386 tt
3026 2335 3161 2401 ignis
3215 2335 3464 2404 c0piosus

1874 2432 2201 2486 accenditur.
2237 2429 2436 2496 Ligatis
2478 2428 2722 2481 manibus
2772 2435 2827 2480 et
2876 2427 3119 2495 pedibus,
3147 2438 3317 2482 sanctt
3358 2428 3463 2483 Ge-

1872 2525 2003 2577 mini
2031 2525 2084 2577 in
2115 2523 2289 2590 ignem
2334 2516 2749 2589 prﬁcipitantur.
2781 2518 2965 2572 Adfuit
3002 2518 3245 2573 Christus
3273 2518 3463 2573 Salva-

1874 2622 1958 2667 tor
1997 2615 2049 2667 in
2106 2614 2303 2676 medio,
2355 2620 2410 2665 et
2461 2610 2714 2676 disruptis
2737 2610 2962 2664 vinculis
2986 2610 3158 2665 sancti
3199 2621 3462 2681 martyres

1871 2708 2236 2777 gloriabantur
2284 2705 2337 2759 itt
2386 2705 2543 2772 igne,
2588 2711 2643 2757 et
2673 2702 2876 2756 nullum
2920 2702 2984 2756 de
3012 2703 3089 2756 eis
3115 2702 3461 2771 contingebat

1873 2799 2194 2853 iucentiunt.
2244 2795 2287 2850 0
2330 2796 2517 2851 beatus
2556 2796 2692 2863 ignis
2737 2794 2830 2862 qui
2883 2801 3087 2847 tantum
3141 2792 3167 2832 ι)
3198 2795 3461 2862 originale

1872 2892 2114 2962 purgatit
2144 2898 2421 2959 peccatum
2448 2897 2502 2941 et
2528 2887 2727 2940 nullum
2772 2886 2824 2939 in
2852 2893 3162 2939 Sanctorum
3203 2887 3460 2940 membris

1870 2982 2236 3036 diminutioiiis
2278 2979 2525 3033 incendio
2557 2978 2735 3031 intulit
2782 2976 3191 3030 detrimentum!
3244 2974 3460 3044 Ailjttvit

1873 3078 2052 3146 potius
2079 3075 2213 3142 ignis
2241 3084 2474 3135 sanctos,
2506 3087 2598 3141 per
2638 3085 2798 3140 quem
2845 3085 3043 3124 nocere
3074 3069 3243 3123 voluit
3267 3077 3322 3124 et
3349 3087 3457 3125 non

161 3168 282 3220 vos,
312 3154 365 3209 in
392 3151 608 3208 Christo
630 3154 921 3208 invenitur.
948 3152 1171 3207 Omnem
1202 3154 1509 3222 progeniem
1531 3161 1763 3205 vestram
1795 3186 1841 3248 Ο
1875 3168 2047 3237 [mum
2074 3166 2336 3220 ίηίηιίρυε,
2372 3164 2511 3231 Ignis
2552 3164 2616 3216 ab
2665 3160 2951 3217 incredulis
2980 3164 3157 3216 acrius
3204 3163 3454 3217 incende-

158 3242 422 3314 praeclara
446 3240 783 3296 confessione
811 3240 1010 3296 Christi
1035 3240 1417 3311 perpetualiter
1442 3240 1761 3294 illustrastis.

161 3333 222 3389 In
253 3342 441 3388 tenera
467 3343 629 3388 astate
667 3335 826 3403 positi
870 3343 1094 3388 cunctos
1144 3334 1387 3387 seniores
1426 3333 1644 3400 originis
1673 3349 1767 3388 ve-

161 3433 294 3479 stra:
335 3424 598 3493 sapientia
649 3424 1017 3493 prmcessistis.
1069 3422 1398 3476 Thesaurutn
1447 3421 1764 3476 immensum

159 3514 286 3585 plus
337 3515 482 3570 omni
511 3515 685 3585 pretio
724 3514 1000 3582 copiosum
1033 3529 1130 3583 per
1168 3512 1364 3567 Christi
1397 3512 1641 3566 militiam
1674 3528 1763 3567 ac-

158 3604 419 3674 quisistis.
471 3602 659 3659 Estote
716 3619 844 3673 ergo
897 3606 948 3656 itt
1006 3612 1190 3657 sancta
1246 3602 1443 3656 Christi
1502 3603 1763 3671 religione

156 3692 392 3746 viriliter
418 3702 846 3762 perseverantes.
879 3692 1031 3745 Nulla
1063 3707 1160 3746 vos
1209 3693 1410 3762 frangat
1443 3692 1762 3756 adversitas,

152 3782 326 3837 nulla:
366 3782 556 3849 minue,
614 3782 758 3836 nulla
809 3790 1200 3836 tormentorum
1251 3782 1509 3851 supplicia
1556 3791 1763 3837 vestros

156 3880 403 3930 teneant
445 3875 652 3928 animos
692 3873 906 3929 fortiter
937 3874 987 3927 in
1014 3874 1116 3928 fide
1141 3874 1339 3928 Christi
1367 3883 1622 3929 armatos.
1658 3873 1762 3927 Re-

150 3980 265 4036 gna
289 3966 454 4035 hujus
475 3966 660 4021 mundi
682 4006 698 4032 ,
724 3982 843 4037 quae
872 3967 1151 4031 videntur,
1180 3975 1377 4020 etcum
1406 3965 1510 4018 vita
1548 3972 1760 4033 tempo-

154 4056 350 4112 raliter
406 4054 690 4122 finiuntur,
745 4057 877 4111 nihil
936 4065 1062 4109 sunt
1122 4074 1134 4108 :
1185 4070 1410 4123 regnum
1463 4055 1607 4109 enim
1668 4054 1761 4109 Dei

156 4147 434 4204 invisibile
502 4155 557 4202 et
610 4148 997 4217 sempiternum
1057 4148 1441 4214 concupiscere
1503 4156 1761 4215 perpetua

153 4249 269 4304 est,
313 4249 476 4310 atque
528 4241 761 4310 perlecta
805 4249 860 4296 et
911 4256 1073 4311 super
1118 4242 1295 4294 omnia
1338 4250 1638 4309 opportuna
1674 4255 1764 4293 sa-

154 4331 377 4401 pientiae
429 4331 726 4400 plenitudo.
773 4330 875 4385 Per
927 4332 1026 4385 hos
1085 4334 1411 4400 temporales
1457 4332 1668 4386 labores
1709 4338 1764 4385 et

153 4422 343 4476 subito
386 4422 717 4476 transitorias
764 4437 953 4491 pmnas
980 4422 1046 4475 ad
1096 4431 1297 4476 aeterna
1325 4423 1518 4489 gaudia
1568 4438 1761 4493 perve-

152 4513 342 4568 nietis.
376 4512 570 4568 Videtis
599 4515 780 4583 itaque
810 4529 905 4568 eos
935 4514 1125 4583 plenos
1146 4515 1329 4581 gratiae.
1359 4513 1557 4568 Christi
1586 4517 1635 4568 itt
1665 4530 1761 4569 sua

154 4606 455 4663 stabilitate
483 4622 703 4663 manere
732 4618 787 4663 et
810 4610 1128 4679 promissam
1164 4607 1321 4663 ﬁdem
1347 4608 1557 4664 fortiter
1585 4626 1767 4665 serva-

152 4713 246 4764 re,
276 4696 392 4753 Deo
414 4700 797 4754 commendans
826 4715 945 4754 cum
978 4699 1182 4767 integra
1204 4699 1491 4754 devotione
1520 4710 1765 4769 nepotes,

155 4787 416 4844 discessit
443 4789 511 4843 ab
555 4790 655 4843 eis.

226 4877 322 4932 16.
347 4877 667 4950 interrogati
697 4890 876 4935 autem
910 4896 937 4933 a
978 4880 1251 4949 judicibus
1289 4881 1333 4935 si
1386 4880 1586 4936 vellent
1632 4898 1764 4938 con-

153 4971 367 5026 sentire
414 4971 492 5025 eis
538 4979 594 5025 et
636 4970 857 5025 deorum
887 4972 1171 5026 simulacra
1221 4973 1430 5041 publica
1462 4989 1592 5029 voce
1627 4990 1761 5029 con-

154 5060 342 5125 fiteri;
373 5075 504 5129 ergo
549 5076 671 5116 cum
720 5062 793 5116 illi
838 5063 1098 5132 pertinaci
1157 5064 1418 5118 sententia
1460 5064 1512 5117 in
1564 5063 1763 5119 Christi

153 5166 352 5209 amore
391 5154 771 5222 persisterent,
805 5163 860 5209 et
891 5155 1196 5209 nullatenus
1239 5154 1538 5210 voluissent
1577 5171 1763 5211 assen-

152 5258 279 5298 sum
339 5244 581 5312 praebere
631 5246 973 5315 petentibus,
1037 5247 1210 5324 ligatis
1239 5263 1448 5301 sursum
1497 5248 1761 5313 manibus,

152 5334 392 5405 pedibus
415 5335 852 5402 vere,deorsum,
880 5338 931 5390 in
964 5339 1158 5391 arbore
1186 5353 1293 5391 una
1320 5338 1564 5407 suspensi
1594 5348 1718 5392 sunt
1746 5358 1756 5391 :

154 5422 487 5481 tanta'vero
530 5434 922 5482 tormentorum
979 5427 1360 5483 adinventione
1407 5430 1650 5497 extensi,
1700 5442 1760 5484 ut

150 5511 305 5588 bene
334 5525 652 5586 putarentur
680 5520 747 5573 ab
796 5519 908 5590 ipsa
959 5519 1319 5573 membrorum
1360 5535 1618 5589 compage
1669 5538 1756 5576 se-

229 5662 257 5689 ει
292 5652 396 5722 Ms.
442 5654 642 5722 Ripot.,
691 5666 875 5708 metum
924 5655 1250 5710 Juda‘orum.

222 5723 254 5762 ι)
300 5721 590 5789 Quomodo
654 5727 905 5797 originale
967 5727 1203 5797 purgavit
1250 5735 1540 5797 precntum,
1587 5727 1630 5779 si
1650 5727 1759 5793 jam

150 5804 288 5852 ante
316 5804 471 5851 erant
500 5810 527 5849 a
558 5798 728 5851 sancti
761 5796 993 5867 Benigno
1025 5796 1333 5865 baptizato‘?
1371 5796 1494 5851 l‘ltcc
1524 5814 1589 5850 ex
1614 5798 1757 5867 ptio-

1871 3258 2050 3321 batur,
2081 3263 2139 3308 ttt
2161 3266 2472 3308 sanctorum
2494 3266 2724 3320 corpora
2754 3251 2869 3304 sine
2890 3266 3042 3305 mora
3069 3250 3457 3306 combureren-

1871 3358 1957 3403 tur
1984 3366 1996 3401 :
2022 3346 2114 3402 sed
2142 3360 2402 3400 conversa
2434 3342 2797 3396 misericordia
2818 3341 2997 3394 divina
3026 3342 3078 3395 iit
3101 3341 3312 3407 melius,
3331 3341 3457 3395 inde

1868 3441 2067 3496 sanctis
2108 3440 2287 3493 lumen
2332 3434 2763 3504 inexstinguibile
2809 3436 3151 3504 praeparavit.
3203 3434 3455 3490 Flamma:

1868 3535 2119 3591 ardentes
2170 3532 2329 3586 altius
2365 3530 2588 3585 elevatae
2631 3536 2785 3594 sunt;
2842 3527 2935 3581 sed
2993 3526 3190 3583 Christi
3241 3528 3456 3597 epiticio

1868 3625 2183 3679 famulantes
2211 3631 2522 3677 sanctorum
2552 3618 2876 3688 prtecipuam
2927 3616 3153 3684 gloriam
3202 3616 3456 3670 ostende-

1866 3717 2015 3781 bant,
2044 3731 2163 3784 quaa
2190 3714 2447 3769 damnose
2466 3727 2496 3767 a
2523 3710 2957 3782 persecutoribus
2986 3717 3294 3780 przeparatte
3334 3709 3453 3762 fne-

1866 3820 1987 3864 rant
2015 3809 2079 3863 ad
2110 3810 2337 3864 ruinam.
2390 3806 2529 3877 Ignis
2558 3805 2624 3859 ad
2670 3810 2973 3859 sanctorum
3003 3802 3240 3855 membra
3270 3816 3459 3855 consu-

1866 3902 2059 3955 menda
2089 3901 2228 3954 vires
2250 3900 2495 3969 preprias
2518 3896 2716 3950 habere
2741 3909 2844 3948 non
2861 3892 3054 3963 potuit,
3082 3893 3335 3960 quoniam
3361 3891 3455 3945 1)ιηί

1866 3994 2107 4063 potentia
2159 4005 2413 4063 vaporem
2463 3989 2659 4044 caloris
2700 4002 2799 4057 pro
2834 3986 2945 4042 suis
2992 3986 3192 4040 sanctis
3243 3985 3457 4055 pietatis

1864 4085 2042 4139 studio
2086 4082 2421 4152 temperavit.

1939 4173 2024 4227 18.
2084 4172 2340 4227 Viderunt
2385 4171 2530 4241 impii
2573 4179 2630 4225 et
2681 4168 2849 4239 iniqui
2899 4176 3276 4239 persecutores
3318 4167 3459 4224 inter

1866 4263 2152 4319 immensas
2199 4262 2442 4317 flammas
2502 4261 2769 4317 exsultare
2821 4269 3039 4316 sanctos
3092 4257 3349 4312 Geminos
3402 4266 3458 4311 et

1866 4371 2215 4428 perseverare
2244 4356 2458 4417 ilhcsos,
2506 4369 2642 4425 quos
2671 4360 2996 4425 putaverunt
3026 4359 3174 4404 tanto
3201 4350 3455 4405 incendio

1866 4449 2045 4504 subito
2101 4446 2283 4501 videre
2336 4454 2709 4514 consumptos.
2768 4443 3087 4498 Ambulatrti
3145 4441 3345 4496 sanctis
3402 4442 3456 4495 itt

1873 4538 1994 4608 igne
2022 4544 2101 4591 est
2126 4551 2156 4591 a
2186 4536 2399 4590 Christo
2431 4535 2686 4605 permissa
2712 4534 2947 4596 licentia,
2980 4539 3039 4585 ut
3068 4531 3241 4599 major
3269 4546 3456 4586 accre-

1871 4639 2046 4686 sceret
2076 4629 2365 4684 incredulis
2394 4629 2645 4697 mysteria
2686 4625 2862 4678 divina
2893 4623 3197 4677 videntibus
3226 4622 3294 4678 de
3321 4639 3456 4677 con-

1870 4723 2080 4776 fusione
2108 4719 2341 4775 tristitia.
2393 4718 2712 4771 Delecerunt
2756 4715 2935 4783 itaque
2984 4714 3125 4782 ligna
3173 4723 3228 4767 et
3272 4708 3455 4767 omnia

1869 4813 2068 4880 ignium
2099 4811 2447 4864 incrementa.
2483 4807 2665 4862 Sancti
2689 4821 2817 4861 vero
2839 4803 3072 4873 Gemini,
3091 4804 3459 4861 deﬁcientibus

1868 4901 2114 4966 flammis,
2175 4900 2226 4954 in
2275 4899 2453 4953 medio
2504 4906 2727 4963 stantes,
2780 4905 3183 4967 persecutorum
3225 4897 3458 4951 malitias

1869 4995 2195 5056 irridebant,
2226 4990 2462 5045 dicentes
2495 5007 2507 5042 :
2539 4988 2672 5043 Data
2700 4997 2782 5044 est
2805 4989 2960 5043 nobis
3003 4987 3046 5042 si
3088 4988 3357 5052 volumus,
3390 4990 3456 5042 de

1868 5085 2118 5156 praesenti
2147 5083 2213 5139 ad
2235 5082 2502 5138 Christum
2531 5082 2793 5151 migrandi
2824 5090 3092 5151 potestas;
3126 5089 3181 5135 et
3209 5083 3253 5136 si
3282 5080 3456 5134 adhuc

1872 5191 1891 5217 ε
1921 5180 1997 5234 de
2018 5179 2287 5233 ideramus
2305 5218 2320 5242 ,
2355 5184 2544 5231 vestrae
2570 5174 2852 5230 dementia:
2878 5175 3119 5228 viventes
3146 5173 3199 5227 in
3227 5172 3330 5226 hoc
3357 5185 3458 5225 εω-

1868 5273 1990 5327 culo
2020 5272 2277 5326 insultare
2304 5285 2618 5324 concessum
2649 5277 2750 5322 est.
2798 5266 2932 5321 Nam
2975 5266 3128 5321 nobis
3157 5263 3349 5318 melius
3374 5271 3457 5316 est

1867 5362 1932 5415 ad
1959 5362 2074 5431 ejus
2102 5362 2286 5431 epulas
2319 5360 2570 5415 festinare
2598 5360 2684 5415 ubi
2710 5359 2970 5413 feneratio
3001 5373 3108 5410 non
3135 5354 3315 5409 deficit
3346 5354 3452 5406 lar-

1867 5452 2073 5520 gitoris.
2108 5450 2237 5505 Post
2257 5452 2490 5519 sopitum
2520 5451 2696 5518 ignem
2723 5465 2844 5504 cum
2869 5446 3129 5501 increduli
3151 5446 3215 5498 ad
3239 5453 3458 5500 sanctos

1871 5543 1962 5598 Dei
2001 5541 2256 5597 Geminos
2286 5543 2493 5597 eminus
2523 5543 3065 5611 appropinquassent,
3111 5538 3285 5594 nullas
3307 5538 3456 5592 solli-

1868 5656 2015 5711 rihus
2067 5655 2211 5708 Actis
2278 5654 2548 5709 transtulit
2595 5651 3008 5714 Warrtaltarius,
3057 5666 3155 5706 nec
3203 5650 3458 5722 ettpentlit

1870 5741 1987 5796 qum
2019 5733 2141 5777 ante
2159 5724 2235 5796 de
2270 5740 2466 5796 eorum
2488 5724 2749 5790 baptismo
2798 5722 3130 5777 altexuisset.

1948 5808 1965 5834 ε
2014 5796 2125 5848 Αιὲίι
2156 5794 2311 5859 Mss,
2347 5792 2703 5847 deliberamus.
