4052 6332
641 309 742 366 195

1895 309 2138 364 SANCTI
2184 307 2628 362 WARNMMRH

3795 314 3813 368 Ι
3826 313 3886 368 3πῦ

633 425 727 481 citi
756 431 1044 494 potuerunt
1072 423 1252 478 videre
1283 424 1334 477 in
1383 422 1637 477 membris
1682 429 1988 477 sanctorum
2020 421 2087 475 de
2134 421 2215 475 in-
2243 425 2291 482 A
2317 418 2663 475 Geminorum
2693 420 2933 492 martyrii
2962 423 3493 488 consummationem,
3524 431 3700 493 spreto
3729 429 3886 481 mari-

635 516 823 570 cendio
851 514 1147 569 cicatrices.
1181 515 1285 569 Sed
1317 524 1370 568 ut
1396 514 1565 582 major
1588 529 1692 568 non
1718 512 1869 567 ﬁeret
1900 513 2209 568 desideran-

636 604 776 658 tibus
801 619 948 658 mora
981 603 1238 674 martyrii,
1265 612 1319 657 et
1349 613 1405 656 ut
1429 611 1756 673 prmparatas
1777 603 1974 657 dudum
1998 603 2210 656 immar-

631 693 910 748 ceseibiles
967 693 1077 761 jam
1130 693 1435 760 acciperent
1483 708 1510 746 a
1577 693 1792 747 Christo
1836 702 2212 748 remunerante

631 797 880 848 coronas,
922 781 1158 838 videntes
1205 783 1400 837 choros
1438 794 1462 819 ἰ
1503 783 1812 850 angelorum
1852 784 1916 836 ad
1969 798 2026 836 se
2068 784 2211 838 exci—

631 873 854 941 piendos
893 883 946 928 et
975 883 1098 926 ante
1128 874 1312 927 oculos
1359 889 1544 926 eorum
1577 883 1751 927 astare
1784 883 1998 942 paratos
2025 891 2039 938 ;
2088 881 2212 927 tunc

630 966 884 1019 continuo
926 965 1203 1019 ﬂectentes
1225 980 1396 1032 genua
1425 965 1475 1018 in
1516 973 1656 1018 terra
1676 1005 1690 1029 ,
1736 966 1786 1018 in
1816 965 2059 1018 oratione
2087 979 2211 1032 pro-

629 1055 804 1120 strati,
838 1055 976 1108 felici
1009 1055 1208 1109 Christi
1234 1055 1554 1109 evocatione
1585 1056 1788 1109 invitati
1814 1096 1828 1120 ,
1869 1063 2110 1108 sanctum
2135 1055 2209 1108 si-

628 1146 734 1198 mul
767 1145 1006 1199 elllautes
1036 1146 1315 1214 Spiritum,
1373 1146 1572 1215 pariter
1619 1147 1876 1213 migrasse
1921 1153 2210 1198 noscuntur

554 1299 557 1301 _
625 1234 689 1285 ad
738 1235 929 1288 caelos.

699 1323 785 1378 19.
823 1325 1009 1378 Delata
1041 1332 1164 1377 sunt
1194 1331 1374 1378 autem
1423 1339 1650 1392 corpora
1680 1339 1865 1378 eorum
1896 1337 1956 1376 ac
2001 1322 2208 1390 sepulta

624 1433 652 1468 a
684 1417 891 1473 devotis
931 1419 982 1471 in
1014 1416 1040 1453 ι)
1072 1418 1312 1472 secundo
1345 1418 1589 1471 milliario
1621 1419 1687 1471 ab
1739 1420 1866 1472 urbe
1899 1418 2204 1485 Lingonica,

626 1507 675 1558 in
707 1507 826 1562 vico
854 1509 945 1576 qui
977 1517 1201 1561 vocatur
1229 1506 1480 1572 Urbatus,
1508 1509 1593 1562 ubi
1617 1527 1672 1561 se
1694 1509 1810 1561 dum.
1839 1510 1935 1562 vi:e
1965 1509 2208 1564 maxima:

629 1597 839 1651 sociant
869 1606 923 1651 et
963 1597 1079 1650 alia:
1109 1605 1233 1651 ante
1262 1597 1358 1650 has
1386 1613 1416 1651 a
1465 1598 1673 1652 diversa
1705 1608 1856 1667 parte
1884 1613 1942 1653 se
1985 1597 2206 1668 subjun-

622 1693 754 1752 gunt
786 1704 798 1738 :
831 1695 888 1741 ut
918 1687 986 1740 ibi
1018 1696 1073 1741 et
1102 1687 1351 1754 expedita
1383 1689 1669 1742 voluntatis
1694 1688 1936 1753 devotio,
1970 1701 2024 1743 et
2050 1691 2202 1743 vian-

2319 509 2410 561 tali
2436 511 2729 573 consortio,
2757 511 2963 580 parvuli
2986 519 3040 565 et
3066 512 3205 566 unici
3237 511 3326 565 lilii
3357 513 3567 567 dulcem
3588 515 3885 586 relinquens

2317 599 2647 668 amplexum,
2694 602 2833 655 inter
2875 601 3172 656 incredulas
3222 605 3405 657 turbas
3433 603 3606 658 adhuc
3633 605 3684 658 iu
3713 621 3884 675 perse-

2316 691 2545 744 cutionis
2575 692 2767 746 ardore
2794 702 3090 748 commotas
3110 734 3125 758 ,
3153 695 3322 750 veloci
3371 711 3530 750 cursu
3579 713 3882 768 properans,

2316 781 2636 836 exclamavit.
2663 783 2846 837 dicens
2873 802 2884 835 :
2923 785 2983 836 lit
3012 798 3110 852 ego
3140 784 3331 838 Christi
3367 786 3556 840 ancilla
3583 802 3720 852 sum,
3747 787 3887 843 Chri-

2315 875 2453 920 st.m
2481 868 2646 922 Deum
2686 871 2861 924 vivum
2909 882 2964 926 et
3002 888 3182 927 verum
3229 874 3344 926 sine
3394 874 3500 927 ulla
3548 875 3884 942 ambiguitate

2317 955 2601 1025 pronuntio
2636 977 2648 1011 :
2684 961 2820 1014 idola
2852 973 3023 1016 vestra
3056 962 3405 1031 ignominiosa
3434 971 3489 1017 et
3510 979 3644 1017 vana
3674 965 3882 1018 omnino

2315 1063 2343 1099 a
2368 1055 2541 1103 'orare
2586 1051 2843 1118 despicio.
2875 1051 2967 1106 llis
2995 1052 3170 1118 dictis,
3210 1055 3463 1108 continuo
3506 1056 3881 1123 comprehensa

2313 1149 2413 1204 est,
2447 1150 2500 1195 et
2529 1153 2750 1212 propter
2775 1153 2974 1198 metutn
3005 1146 3464 1200 circumstantium
3510 1147 3827 1217 populorum
3854 1165 3880 1202 a

2313 1231 2516 1297 capillis
2570 1247 2826 1300 suspensa
2882 1243 2963 1288 est
3016 1235 3302 1306 multisque
3363 1236 3558 1291 alliieta
3598 1240 3879 1308 suppliciis,

2313 1336 2433 1374 cum
2477 1321 2746 1377 Christum
2796 1338 2992 1394 negare
3039 1337 3227 1382 coacta
3264 1330 3567 1384 nullatenus
3617 1311 3878 1395 voluisset,

2313 1428 2417 1467 u.:a
2467 1431 2587 1468 cum
2633 1415 2799 1470 Beata
2854 1416 3092 1472 Leonilla
3125 1421 3243 1474 avia
3288 1430 3591 1476 sanctorum
3620 1425 3686 1477 ad
3717 1424 3878 1479 locum

2310 1501 2535 1556 deducta
2569 1506 2830 1575 martyrii,
2876 1506 2945 1560 ad
2993 1517 3350 1562 memoratum
3399 1510 3573 1564 vicum
3639 1511 3880 1566 Urbatum

2309 1606 2341 1646 a
2371 1595 2801 1661 persecutoribus
2850 1596 3049 1664 pariter
3073 1597 3250 1666 gladio
3297 1607 3422 1652 sunt
3450 1609 3741 1670 peremptze
3775 1613 3818 1655 τ.

2380 1701 2468 1756 21.
2500 1703 2646 1758 Neon
2677 1721 2892 1776 quoque
2921 1717 3175 1776 exeeptor
3223 1720 3385 1777 gesta:
3427 1710 3583 1779 hujus
3626 1713 3704 1766 rei
3733 1721 3880 1782 atque

623 1784 754 1828 tzum
785 1785 1084 1844 opportuna
1115 1777 1245 1831 satis
1275 1778 1554 1846 subjuncta
1601 1779 1816 1833 collatio
1861 1795 2075 1848 semper
2100 1780 2204 1836 fre-

2307 1792 2566 1861 scriptor,
2600 1793 2817 1848 tradens
2849 1796 3061 1850 turboni
3092 1797 3350 1861 Codicem,
3383 1777 3520 1853 inter
3544 1801 3750 1854 medias
3778 1777 3879 1856 tur-

623 1879 793 1932 quens
825 1866 960 1920 adsit
991 1867 1338 1936 populorum,
1370 1879 1423 1921 et
1453 1867 1518 1920 ad
1548 1883 1731 1922 eorum
1764 1869 1995 1939 undique
2025 1870 2205 1925 limina

620 1957 684 2009 ad
715 1959 1011 2011 orationem
1040 1958 1343 2012 concursio.
1369 1958 1720 2026 lbiqueetiam
1739 1959 1996 2029 quidquid
2016 1961 2207 2018 devote

620 2053 928 2113 precantur,
964 2046 1186 2100 obtentu
1215 2057 1523 2102 sanctorum
1563 2062 1941 2116 germanorum
1969 2052 2206 2118 quotidie

623 2133 730 2186 Deo
755 2134 1032 2201 largiente,
1069 2145 1386 2203 praestatur:
1415 2137 1706 2190 sanitatum
1731 2137 1927 2191 ibidem
1955 2139 2203 2206 suffragia

619 2238 714 2290 per
741 2224 959 2277 eosdem
987 2224 1170 2278 sedule
1218 2223 1608 2279 inﬁrmantibus
1631 2227 1996 2281 min‘strautur
2022 2246 2033 2280 :
2069 2245 2204 2285 mce-

621 2313 857 2367 reutibus
883 2312 1292 2368 confortationis
1327 2315 1622 2368 consolatio
1661 2316 1778 2369 sine
1821 2331 1970 2369 mora
2013 2332 2205 2371 conce—

620 2403 789 2466 ditur,
829 2413 884 2455 et
915 2404 1223 2473 przceipuus
1251 2403 1391 2457 circa
1443 2403 1716 2457 basilicam
1770 2420 1952 2457 eorum
1992 2420 2205 2474 semper

619 2491 828 2545 additur
857 2493 1030 2547 cultus
1058 2501 1113 2545 et
1155 2508 1318 2562 opum
1365 2493 1582 2562 largitas
1626 2493 1678 2546 in
1709 2495 1898 2548 melius
1938 2509 1968 2546 a
1998 2496 2205 2552 devotis

619 2585 855 2654 quotidie
895 2585 1200 2655 ampliatur.

1254 2677 1482 2733 CAPUT
1522 2679 1584 2732 ν.

983 2768 1107 2821 Avia
1137 2770 1325 2839 aliique
1353 2772 1559 2822 comites
1589 2772 1844 2840 martyrii.

685 2854 772 2909 9.0.
804 2855 937 2909 Illud
963 2858 1123 2912 etiam
1153 2861 1486 2913 rationaliter
1507 2862 1755 2928 congruit
1783 2861 2199 2928 adneeteudum,

618 2948 758 3013 quod
789 2946 853 3000 ad
886 2946 1097 3004 laudem
1129 2958 1440 3007 sanctorum
1486 2948 1835 3006 Geminorum
1881 2952 2196 3021 augendam,

618 3040 698 3092 vel
747 3042 948 3096 cultum
972 3045 1240 3112 religionis
1269 3040 1603 3114 dignoscitur
1632 3043 1919 3120 pertinere,
1953 3061 2078 3104 nam
2107 3061 2200 3114 νει·

616 3146 798 3186 eorum
826 3145 1065 3190 sanctam
1116 3139 1526 3206 acquisitionem
1575 3157 1827 3198 numerus
1878 3155 1952 3199 est
1995 3147 2195 3215 martg-
2225 3159 2268 3224 ο
2302 3176 2456 3236 ob“):

615 3237 764 3288 rnm,
814 3227 1106 3298 inspirante
1167 3232 1306 3296 Deo,
1359 3233 1664 3304 ampliatus.
1723 3237 1920 3292 Videns
1968 3239 2206 3307 denique

616 3315 807 3374 .lonilla
851 3323 1094 3390 qumdam
1143 3326 1339 3380 mulier
1391 3335 1499 3381 tam
1548 3331 1837 3398 pretiosam
1886 3341 2194 3388 sanctorum

684 3449 938 3535 “hl’etrus
968 3455 1033 3510 de
1083 3455 1280 3535 :NataL,
1311 3458 1544 3535 __l_"isique
1590 3473 1710 3516 siml
1752 3467 1921 3535 angeli
1952 3482 2064 3520 cum
2088 3467 2197 3520 luce

618 3521 979 3600 ntnlta_eorn_r_n
1007 3527 1210 3600 animos
1224 3521 1556 3600 colligenies.

691 3597 712 3624 δ’
754 3590 878 3666 Mss.
913 3593 1186 3666 martyrol.
1219 3590 1414 3665 Brugi,
1446 3602 1500 3654 in
1542 3617 1664 3656 uno.

695 3670 714 3696 ε
756 3661 1034 3719 Saussaius
1052 3661 1109 3720 in
1139 3661 1524 3737 δυιινιρὶιιθηιο
1571 3672 1845 3744 Martyrol.
1887 3673 2200 3732 Gallicani!)

791 3827 1110 3839 ———_—.._.

637 3826 786 3843 νυ·-

2308 1883 2404 1937 bas
2431 1894 2830 1953 persecutorum
2862 1888 3158 1957 ingressus,
3198 1891 3420 1958 cupiens
3447 1900 3754 1945 sanctorum
3783 1890 3874 1946 Ge-

2309 1977 2570 2030 tuinormn
2617 1979 2817 2033 militia:
2846 1980 3165 2035 beatissima
3193 1982 3419 2046 sociari,
3465 1982 3664 2037 Christi
3696 1998 3878 2037 nomen

2306 2067 2580 2123 confessus
2619 2079 2720 2125 est.
2775 2070 2876 2136 Qui
2921 2072 3064 2126 illico
3118 2088 3148 2126 a
3189 2075 3623 2142 persecutoribus
3670 2074 3879 2128 diversis

2306 2160 2578 2228 suppliciis
2624 2161 2882 2224 alllictus,
2937 2170 2992 2214 et
3047 2162 3156 2216 vita
3205 2163 3485 2231 temporali
3537 2163 3876 2232 exspoliatus,

2307 2251 2563 2318 martyrio
2589 2252 2844 2305 continuo
2873 2251 3068 2306 meruit
3100 2251 3374 2307 honorari.
3429 2251 3648 2306 Turbon
3679 2268 3879 2321 quoque

2307 2357 2412 2394 non
2445 2351 2566 2410 post
2594 2343 2817 2396 multum
2863 2343 3153 2413 temporis,
3186 2344 3429 2398 doctrina
3461 2344 3877 2398 beatissimorum

2304 2429 2647 2484 Geminorum
2712 2430 2949 2500 perfecte
2994 2432 3316 2500 instructus,
3367 2449 3397 2486 a
3457 2449 3492 2503 p
3527 2435 3878 2488 rseeutor'tbus

2303 2528 2524 2588 captus,
2555 2531 2609 2575 et
2652 2521 2766 2591 ipse
2807 2523 3047 2592 martyrii
3079 2533 3158 2577 est
3187 2523 3618 2578 remuneratione
3649 2523 3877 2592 locuplca

2306 2619 2466 2666 tatus.

2372 2722 2460 2775 9.2.
2493 2723 2624 2776 Acta
2653 2733 2774 2778 sunt
2801 2726 2914 2780 hme
2944 2726 3042 2781 sub
3072 2726 3358 2781 Aureliano
3388 2727 3657 2796 principe,
3691 2725 3879 2780 Palma-

2305 2815 2399 2882 lio,
2427 2814 2704 2880 Quadrato
2725 2826 2778 2870 et
2795 2816 3128 2887 Hermogene
3150 2819 3475 2888 prtesidibus,
3503 2819 3602 2874 sub
3627 2818 3716 2873 die
3738 2827 3877 2873 sexta

2301 2905 2504 2960 decima
2532 2905 2885 2962 Kalendarum
2936 2909 3368 2964 Februariarum.
3416 2909 3740 2963 Adinventio
3767 2923 3879 2964 san-

2301 3005 2507 3048 ctorum
2539 3011 2823 3064 corporum
2853 2995 3218 3061 Geminorum,
3244 2998 3329 3051 vel
3357 2997 3625 3051 dedicatio
3655 2995 3877 3050 basilica:

2303 3091 2609 3137 sanctarum
2655 3085 3001 3140 Geminorum
3068 3086 3362 3141 excolenda
3413 3096 3494 3140 est
3546 3084 3571 3122 ά
3629 3101 3719 3139 nv
3770 3083 3874 3137 Kal.

2457 3194 2545 3248 ita,
2594 3187 2849 3252 regnante
2880 3178 3090 3236 Citrile
3117 3178 3226 3237 Deo
3276 3185 3459 3236 nostro
3487 3178 3538 3232 in
3569 3175 3766 3236 sa‘cula
3788 3190 3876 3230 sa:-

2302 3275 2569 3330 culorttm.
2601 3277 2786 3329 Amen.

2300 3471 2417 3524 Jan.
2450 3471 2636 3525 scribit
2664 3480 2896 3524 sanctam
2926 3468 3212 3524 Leonillam
3242 3468 3380 3536 apud
3416 3466 3687 3536 Divionern
3713 3459 3877 3536 sep-al:

2304 3552 2408 3594 tant
2460 3544 2512 3594 in
2566 3544 2751 3594 eadem
2804 3551 2988 3610 crypta
3036 3543 3087 3594 in
3133 3555 3238 3608 qua
3276 3529 3498 3593 sanctus
3527 3529 3794 3604 Benignus
3821 3529 3878 3584 ab

2304 3612 2417 3680 ipsa
2451 3611 2623 3664 fuerat
2655 3611 2968 3680 tumulatus.

2377 3681 2401 3717 ά
2446 3680 2675 3746 Mutul).,
2710 3697 2779 3734 tv.
2815 3679 2938 3733 Kal.

1111 3821 3876 3850 ———-—————____—_.__________3___________________———-

1225 3957 1894 4075 SANCTI
1967 3965 3278 4079 WABNAEARII

1852 4148 2270 4199 LINGUNENSIS
2307 4149 2594 4200 l‘Il‘lSCOPl

1240 4233 1695 4412 "/VITA
1782 4296 2297 4412 SANCTI
2391 4295 3290 4494 DESIDERIIV

1829 4539 2070 4600 (Bolland.
2096 4540 2210 4590 Acta
2237 4541 2349 4602 SS.,
2376 4539 2489 4588 Maii
2518 4545 2551 4588 t.
2584 4537 2666 4598 V.)

1220 4702 1596 4760 PROLOGUS.

694 4799 742 4852 Ι.
774 4797 995 4862 Quantae
1020 4801 1044 4828 ⁸
1076 4794 1182 4848 sint
1226 4797 1277 4850 in
1329 4796 1520 4851 electis
1569 4812 1632 4851 ac
1675 4795 2064 4865 prmdestinatis
2105 4794 2201 4850 Dei

621 4887 1002 4954 omnipotentis
1031 4887 1396 4940 sacerdotibus
1423 4888 1645 4942 virtutes
1665 4926 1679 4950 ,
1727 4887 2017 4941 beatissimi
2049 4886 2198 4940 Desi-

620 4978 749 5032 det-ii
775 4978 1052 5046 martyris,
1086 4984 1138 5030 et
1167 4978 1430 5045 pontilicis
1479 4976 1782 5046 Lingonica:
1824 4977 2000 5044 urbis,
2047 4976 2200 5045 cujus

619 5068 861 5125 redivivo
892 5069 1014 5121 anni
1045 5067 1242 5122 circulo
1291 5067 1422 5122 festa
1451 5068 1516 5121 de
1565 5083 1714 5121 more
1753 5067 2012 5121 solemnia
2052 5067 2196 5121 cele—

620 5161 868 5224 bramus,
917 5159 1180 5227 praeconia
1235 5159 1576 5213 manifestam
1626 5177 1638 5210 :
1689 5158 1842 5225 cujus
1895 5159 1995 5212 etsi
2047 5166 2196 5226 gesta

692 5307 714 5330 ει
748 5293 845 5346 Ms.
891 5303 1059 5346 sanet.
1089 5291 1228 5345 Max.
1272 5307 1526 5361 perquam
1559 5292 1846 5361 turbatum,
1876 5293 1972 5344 hoc
1995 5293 2159 5346 modo
2188 5311 2200 5342 :

626 5365 830 5430 Quanta
861 5366 924 5416 sit
954 5365 1006 5415 in
1036 5363 1100 5415 el.
1153 5379 1211 5414 ac
1261 5360 1422 5430 prrrd.
1463 5379 1582 5431 sur.
1635 5380 1664 5413 α
1703 5360 1826 5431 οπο
1863 5364 2206 5431 omnipotente

623 5437 790 5506 gratia
815 5434 1170 5506 largitionibus
1197 5433 1254 5484 Β.
1283 5432 1398 5506 Des.
1525 5441 1579 5506 et
1605 5431 1667 5483 Ρ.
1689 5430 1749 5485 L.
1775 5433 1866 5484 lin.
1887 5450 1967 5492 ur,
1985 5430 2092 5485 red.
2114 5452 2200 5487 an.

623 5500 746 5558 circ.
799 5500 925 5573 festa
986 5505 1046 5555 de
1091 5519 1229 5555 more
1284 5502 1382 5554 sol.
1447 5500 1798 5573 Celebrantes,
1848 5511 2199 5571 suggesta.....

624 5572 940 5640 republican
1005 5589 1105 5624 non
1161 5573 1319 5633 valet,
1389 5587 1498 5624 sese
1539 5572 1641 5623 suis
1693 5574 1960 5640 prwclnret
2006 5574 2204 5625 tirtnti-

624 5641 716 5693 bus
763 5642 868 5695 Deo
916 5644 1230 5712 opitulante,
1283 5657 1370 5710 per
1408 5657 1535 5710 quas
1578 5643 1902 5712 manifestari
1950 5660 2050 5696 non
2096 5656 2206 5697 ces-

624 5723 725 5765 εαι.

2223 4706 2547 4775 Dimperita
2577 4705 2679 4760 loci
2727 4705 2998 4759 rusticitas
3029 4719 3122 4773 per
3169 4704 3413 4760 ordinem
3463 4705 3742 4774 publicare
3785 4719 3881 4760 neu

2303 4797 2482 4860 valet;
2516 4797 2630 4864 ipse
2661 4804 2838 4849 tamen
2887 4796 2998 4850 suis
3050 4795 3210 4850 claris
3257 4795 3544 4850 virtutibus
3576 4797 3684 4850 Deo
3713 4795 3881 4864 opitu—

2305 4885 2450 4939 lante
2479 4900 2598 4940 sese
2628 4885 2969 4939 manifestare
2999 4900 3104 4939 non
3137 4893 3328 4939 cessat.
3367 4886 3389 4921 ιι
3418 4884 3703 4940 [enumera
3748 4887 3881 4940 enim

2303 4982 2428 5028 sunt
2475 4974 2729 5027 bonitatis
2776 4973 2892 5041 ejus
2917 4974 3169 5026 virtutum
3217 4974 3474 5043 insignia,
3510 4990 3680 5042 pauca
3709 4986 3882 5030 tamen

2302 5072 2480 5132 potest
2500 5079 2517 5102 (ε
2552 5064 2776 5118 dicendo
2801 5074 2996 5118 nostra:
3018 5065 3248 5117 tenuitas
3268 5064 3526 5118 facundia:
3551 5075 3608 5119 ut
3632 5065 3883 5121 condecet

2303 5155 2590 5210 dellorare.
2626 5155 2650 5190 ·¹
2684 5154 2895 5220 Quanto
2917 5171 3148 5224 namque
3175 5156 3457 5225 praedictus
3480 5167 3682 5229 martyr
3710 5160 3883 5213 divino

2389 5295 2412 5333 δ
2454 5295 2578 5348 Mss.
2610 5292 2741 5362 Reg.
2773 5293 2925 5347 Suec.
2947 5333 2960 5357 ,
2997 5290 3276 5345 Innumero
3305 5293 3438 5345 enim
3483 5303 3598 5346 sunt
3629 5294 3748 5348 boni
3775 5309 3884 5362 ope-

2315 5382 2406 5418 1'13.

2386 5445 2406 5472 ο
2439 5433 2536 5486 Ms.
2559 5441 2730 5486 sanet.
2760 5431 3147 5497 Max.,Dicendi
3163 5434 3216 5485 in
3241 5433 3406 5501 copia.
3434 5432 3528 5487 Ms.
3557 5432 3687 5501 Reg.
3705 5433 3882 5496 Suec,

2313 5504 2527 5557 dicendo
2555 5506 2703 5572 inops
2727 5509 2939 5567 Aro-as.,
2963 5504 3177 5556 dicendo
3206 5503 3382 5573 inapia
3422 5513 3600 5557 nostra
3633 5505 3884 5558 tenuitati:

2311 5575 2578 5642 facundia.

2383 5642 2407 5678 ιι
2451 5643 2543 5695 Ms.
2579 5649 2730 5714 sanet
2755 5639 2893 5694 Max.
2927 5650 2978 5695 et
3005 5643 3232 5702 Be'lon.,
3276 5642 3410 5706 Quia
3439 5654 3687 5714 quantum
3717 5643 3882 5697 divina

2312 5713 2412 5766 ritu
2444 5713 2720 5782 praedictus
2767 5722 2966 5783 martyr
2996 5716 3046 5766 in
3092 5731 3319 5766 munere.
