4052 6332
216 316 311 368 {87

1427 311 1577 366 VITA
1620 310 1864 367 SANCTI
1907 310 2256 366 DESIDERIL

3370 311 3471 366 193

214 426 493 500 ιιτωΐρτιιπ
522 441 741 482 munere
767 425 1048 494 gloriosus,
1074 432 1225 479 tanto
1250 424 1419 492 magis
1443 422 1785 492 dictatorZap-
1813 425 1858 481 Α
1891 421 2189 491 perditione
2218 418 2415 475 civium
2442 417 2696 489 pastorali
2733 416 3020 473 solitudine
3064 416 3251 473 dolore
3298 417 3475 487 reple-

212 526 369 590 paret
415 517 481 570 ad
524 516 814 571 narrandas
868 515 981 584 ejus
1029 516 1249 569 virtutes
1303 528 1398 582 per
1435 512 1786 582 ignorantiam

214 610 519 666 fastidiosus
536 618 583 662 ⁸.

712 696 938 751 CAPUT
998 696 1284 759 PRIMUM.

218 786 444 854 Irruptio
474 784 866 839 Wandalorum.
901 785 1214 855 Martyrium
1242 786 1408 838 sancti
1458 783 1711 838 Desideiii
1734 793 1790 855 et

868 877 1139 929 sociorum.

282 966 337 1019 2.
393 965 654 1034 Tempore
704 964 794 1018 illo
851 980 970 1018 cum
1029 963 1410 1018 Wandalorum
1466 962 1692 1017 barbara
1736 970 1791 1016 ct

215 1060 425 1128 gentilis
477 1058 724 1112 ferocitas
751 1058 815 1109 ad
846 1055 1138 1111 Galliarum
1169 1057 1400 1111 venisset
1447 1057 1791 1111 (lebellandas

208 1150 534 1220 provincias,
558 1156 629 1209 et,
650 1148 872 1202 devictis
914 1163 978 1201 ac
1004 1148 1265 1217 superatis
1287 1146 1469 1211 Gallis,
1501 1146 1789 1200 Galliarum

216 1242 374 1295 etiam
400 1240 558 1292 urbes
578 1237 916 1291 infestatione
940 1237 1128 1291 bellica
1159 1236 1445 1306 plurimum
1470 1236 1789 1298 devastaret,

216 1344 268 1388 et
298 1334 349 1387 in
378 1332 564 1400 rapina
596 1329 783 1399 praedae
811 1328 1180 1383 crudelissime
1205 1336 1393 1383 cuncta
1440 1327 1795 1397 depopulare-

215 1433 300 1476 tur
338 1420 650 1490 cupiditatis
692 1419 977 1483 instinctu;
1022 1426 1178 1471 nutus
1208 1417 1339 1483 Dei,
1370 1425 1593 1471 eventus
1630 1416 1790 1470 etiam

215 1513 287 1563 rei
312 1518 476 1577 atque
505 1509 732 1573 itineris,
763 1515 975 1575 gentem
1007 1507 1175 1575 ipsam
1206 1505 1487 1560 nefandam
1517 1521 1639 1559 cum
1669 1519 1793 1573 rege

156 1623 162 1627 <
216 1616 399 1654 eorum
428 1598 454 1637 δ
500 1599 701 1654 Cresco
748 1597 813 1651 ad
858 1597 1128 1652 civitatem
1175 1594 1440 1665 Lingonas
1478 1612 1645 1665 usque
1673 1610 1794 1663 per-

216 1689 380 1742 duxit.
417 1687 567 1742 Tune
602 1701 731 1741 vero
762 1686 1100 1739 beatissimus
1148 1684 1450 1739 Desiderius
1504 1685 1555 1737 in
1605 1685 1791 1739 eadem

1891 522 1997 579 tus,
2029 528 2128 582 pro
2174 526 2233 566 se
2252 511 2547 581 principem
2572 522 2764 578 rogare
2793 508 2961 564 noluit
2989 550 3004 575 ,
3030 508 3123 565 sed
3151 517 3209 563 ut
3245 522 3472 577 pereun-

1892 602 2030 656 tibus
2055 600 2261 655 civibus
2311 600 2621 654 subveniret
2660 598 2913 653 attentius
2952 598 3194 653 exoravit
3234 598 3418 654 dicens
3454 618 3468 653 :

1890 693 1947 749 Si
1975 695 2094 763 pius
2122 709 2180 748 es
2200 734 2215 760 ,
2241 692 2355 763 jam
2384 708 2576 762 parce,
2607 700 2786 746 rector
2812 691 3033 759 optime,
3066 706 3279 760 precor,
3311 692 3475 745 mise-

1890 787 1964 842 ris
1991 787 2196 842 civibus
2222 794 2278 840 et
2305 800 2335 838 a
2366 792 2510 839 tanta
2554 783 2889 849 crudelitatis
2917 784 3061 837 ccede
3106 783 3325 836 hostiles
3353 798 3471 835 ma-

1890 893 1991 932 nus
2016 886 2230 933 tuorum
2255 884 2312 930 ut
2340 891 2654 945 compescas
2676 875 2949 930 humiliter
2970 876 3188 930 omnino
3214 875 3467 945 deposco.

1893 967 1971 1021 Ad
1999 968 2112 1021 h1ec
2138 967 2385 1035 princeps
2426 964 2683 1018 barbarus
2705 964 2955 1030 immitis,
2988 964 3217 1017 naturali
3245 964 3476 1018 crudeli--

1894 1055 2016 1108 tatis
2045 1056 2333 1123 asperitate
2360 1053 2523 1106 durus
2545 1092 2559 1116 ,
2611 1062 2806 1106 eventu
2844 1053 3080 1107 victoria:
3134 1052 3470 1116 tumefactus,

1891 1144 2119 1198 barbara
2174 1142 2446 1196 locutione
2495 1141 2598 1195 hoc
2645 1149 2833 1196 sancto
2886 1141 3160 1196 Desiderio
3218 1142 3471 1211 despecta

1893 1233 2242 1301 responsione
2290 1230 2553 1294 narravit,
2607 1230 2749 1298 quod
2817 1230 3005 1284 beatus
3053 1232 3277 1285 antistes
3329 1230 3473 1284 nulla

1894 1327 2068 1398 potuit
2116 1326 2476 1395 intelligentia:
2524 1325 2823 1393 capacitate
2863 1337 3211 1392 cognoscere.
3244 1323 3477 1392 Ideoque

1893 1430 1947 1477 et
1974 1422 2116 1492 quod
2147 1423 2294 1491 prius
2321 1420 2573 1475 sacerdos
2603 1418 2694 1473 Dei
2735 1426 2986 1488 precatus
3032 1416 3205 1472 fuerat
3229 1433 3322 1471 rex
3353 1433 3476 1471 cru-

1893 1514 2194 1567 delissimus
2250 1511 2546 1579 ignorabat.
2612 1507 2816 1564 Obtulit
2867 1523 2927 1564 se
2989 1509 3152 1563 etiam
3212 1524 3310 1578 pro
3367 1509 3478 1562 suis

1896 1602 2130 1664 civibus,
2160 1602 2371 1655 cervice
2394 1607 2577 1668 parata
2609 1600 2725 1668 pius
2753 1606 2939 1667 pastor
2986 1598 3053 1652 ad
3088 1598 3389 1664 victimam,
3420 1605 3478 1651 ut

1895 1697 2133 1744 cessaret
2171 1690 2236 1743 de
2301 1688 2651 1757 pereuntibus
2701 1688 2905 1742 civibus
2952 1688 3037 1741 vel
3087 1688 3476 1756 aliquantulum

218 1778 346 1833 urbe
370 1775 663 1848 pontificali
698 1773 873 1829 ofﬁcio
905 1773 1253 1842 fungebatur,
1287 1772 1539 1826 sacerdos
1583 1772 1790 1825 virtuti-
1825 1790 1865 1847 Β
1888 1779 1998 1847 jam
2050 1779 2222 1832 ruina.
2274 1777 2425 1831 Nulla
2470 1785 2647 1831 rector
2691 1777 2884 1846 impius
2925 1785 3202 1845 permotus
3248 1784 3332 1830 est
3360 1774 3478 1845 pie-

219 1869 831 1940 bnspraestantissimus.
871 1865 935 1921 Et
987 1867 1111 1921 licet
1163 1878 1184 1905 ο
1231 1868 1478 1936 opposito
1522 1876 1702 1920 monte
1742 1868 1789 1919 in

220 1962 445 2017 sublime
475 1961 624 2015 firma
650 1961 723 2016 sit»
742 1974 808 2017 ex
838 1967 990 2028 parte
1019 1958 1247 2011 maxima
1281 1958 1534 2013 naturalis
1580 1960 1791 2028 exposi-

220 2053 381 2106 tionis
406 2051 653 2116 munitio,
684 2060 738 2105 et
790 2050 1113 2118 quadrarum
1146 2049 1375 2117 lapidum
1404 2048 1640 2103 studiose
1661 2049 1789 2103 sub-

222 2142 401 2210 iuncta
430 2154 689 2209 compago
718 2154 898 2194 muros
922 2139 1087 2207 ipsius
1128 2140 1358 2197 civitatis
1404 2138 1600 2193 efficiat
1630 2140 1793 2193 tutio-

223 2246 336 2294 res,
370 2231 442 2285 ad
468 2229 795 2300 probandam
826 2239 1001 2283 tamen
1034 2229 1186 2283 fidem
1211 2228 1709 2298 przefatixantistitis,
1742 2238 1797 2284 et

224 2336 406 2377 eorum
445 2321 533 2390 qui
586 2321 873 2391 gloriosum
920 2318 1232 2388 martyrium
1279 2318 1329 2371 in
1380 2325 1563 2372 sancta
1601 2318 1796 2379 Christi

214 2411 562 2467 confessione
609 2418 915 2472 manentes,
965 2424 1085 2462 cum
1146 2407 1335 2462 eodem
1384 2406 1566 2477 adepti
1634 2406 1813 2463 fuisse

226 2505 643 2573 dignoscuntur;
697 2498 1016 2555 circumfusa
1064 2496 1450 2551 Wandalorum
1508 2494 1795 2549 multitudo

227 2597 410 2649 urbem
439 2594 671 2661 undique
715 2589 1082 2646 circumvallat
1127 2596 1179 2642 et
1218 2588 1269 2641 in
1300 2587 1575 2641 obsidione
1621 2585 1797 2655 perdi-

220 2687 383 2743 tionis
430 2701 459 2739 a
503 2684 709 2739 cunctis
753 2682 991 2751 partibus
1038 2679 1225 2735 civitas
1265 2678 1645 2733 circumdatur.
1689 2676 1799 2731 Nec

228 2790 372 2830 mora
424 2773 738 2839 missilibus,
783 2770 992 2834 fundis,
1045 2769 1250 2839 sagittis
1310 2768 1638 2837 diversisque
1679 2767 1799 2821 telis

229 2870 472 2917 evertere
493 2860 717 2924 moenia,
749 2860 924 2914 acrius
963 2860 1336 2929 impugnantes
1363 2857 1610 2913 Wandali
1630 2898 1644 2921 ,
1676 2872 1797 2911 cru—

140 2992 143 2995 -
230 2954 460 3009 delitatis
489 2952 737 3007 instantia
761 2951 1133 3020 perurgebant.
1174 2949 1215 3003 E
1246 2957 1433 3004 contra
1465 2949 1799 3003 beatissimus

230 3044 469 3111 pontifex
520 3041 854 3103 Desiderius,
909 3055 1029 3094 cuin
1094 3040 1203 3093 suis
1248 3038 1650 3100 sacerdotibus,
1717 3038 1801 3092 vel

230 3133 435 3187 ceteris
485 3131 720 3196 civibus,
750 3130 815 3184 de
853 3144 1005 3182 muro
1044 3127 1309 3182 clamabat
1350 3125 1571 3180 dicens:
1603 3126 1795 3181 Christi
1827 3156 1869 3214 ρ

229 3225 365 3278 servi
422 3238 632 3287 smnus,
681 3221 951 3276 Christum
1010 3219 1292 3273 Dominum
1348 3225 1586 3271 nostrum
1634 3216 1800 3271 Deum

231 3317 409 3372 vivum
453 3326 508 3371 et
550 3330 733 3369 verum
784 3314 1037 3378 colimus,
1080 3312 1170 3380 qui
1212 3310 1520 3365 universum
1549 3309 1801 3364 mundum

232 3410 525 3465 constituit.
553 3407 727 3461 Nolite
772 3407 823 3459 in
856 3405 1008 3459 nobis
1037 3403 1249 3458 crudele
1285 3403 1458 3457 scelus
1501 3401 1799 3466 admittere,

232 3516 324 3571 per
350 3501 496 3571 quod
542 3497 636 3553 Dei
691 3497 983 3567 potentiam
1015 3504 1200 3551 contra
1246 3510 1342 3549 vos
1383 3494 1434 3547 in
1478 3492 1804 3547 iracundiam

232 3587 552 3660 provocetis.

300 3680 355 3733 5.
418 3677 521 3732 Sed
570 3677 822 3746 quoniam
871 3674 961 3730 Dei
1015 3675 1516 3745 prtedestinatione,
1566 3674 1804 3743 martyrii

232 3771 494 3840 prtefinita
519 3771 632 3824 dies
660 3769 983 3834 advenerat;
1018 3775 1194 3822 terror
1218 3775 1272 3821 et
1300 3774 1470 3820 metus
1498 3765 1620 3820 inde
1647 3764 1807 3819 simul

232 3863 377 3914 cives
408 3875 592 3913 omnes
620 3874 754 3913 unus
785 3859 1071 3923 invaserat,
1103 3870 1200 3910 nec
1246 3870 1303 3911 se
1333 3855 1469 3909 ultra
1503 3855 1607 3908 ulla
1636 3855 1807 3908 virtu-

234 3952 301 4007 tis
344 3950 568 4004 audacia
602 3948 884 4003 defendere
912 3948 1261 4009 conabantur,
1311 3946 1403 4000 sed
1434 3955 1578 4000 retro
1605 3945 1808 3999 redacti

234 4038 368 4094 infra
402 4038 597 4093 minuia
621 4036 885 4105 fugientes
906 4077 919 4101 ,
953 4051 1060 4103 quo
1080 4036 1305 4103 quisque
1334 4042 1577 4103 pergeret
1597 4033 1810 4103 ignora-

232 4132 342 4185 bat.
394 4128 641 4183 Wandali
697 4142 829 4182 vero
894 4126 1151 4195 praecipiti
1217 4141 1374 4180 cursu
1420 4124 1807 4192 irrumpentes,

234 4222 408 4292 ruptis
436 4221 602 4291 portis
647 4219 1078 4287 ingrediebantur
1124 4218 1339 4273 moenia.
1394 4216 1490 4271 Ast
1534 4216 1625 4270 alii
1654 4215 1811 4270 scalis

232 4314 494 4383 appositis
524 4312 576 4366 in
608 4327 787 4367 muros
815 4311 1023 4365 diversa
1048 4310 1113 4364 de
1140 4317 1292 4379 parte
1321 4318 1534 4362 ruentes
1565 4307 1712 4375 ignes
1758 4307 1809 4360 in

234 4406 257 4442 ἀ
291 4407 550 4472 Pergama
597 4405 1008 4469 submittebant;
1040 4402 1226 4471 gladiis
1268 4399 1813 4469 diversisquejaculis

234 4496 377 4549 cives
403 4508 589 4547 omnes
637 4493 795 4561 impia
840 4491 984 4546 crede
1037 4492 1446 4559 prasternebant
1492 4508 1504 4543 :
1540 4490 1667 4542 nulli
1712 4498 1804 4542 Sua
1844 4528 1887 4588 Β

234 4583 440 4652 profuit
465 4593 611 4647 aetas,
643 4583 771 4635 nulli
801 4581 949 4635 sexui
982 4581 1063 4635 vel
1106 4596 1221 4634 {evo
1249 4580 1489 4649 pepercit
1518 4580 1761 4649 impietas
1796 4597 1808 4632 :

236 4683 390 4728 natos
422 4672 716 4742 pendentes
741 4672 806 4725 ad
836 4673 997 4725 ubera
1027 4686 1146 4726 cum
1170 4670 1430 4725 matribus
1477 4670 1637 4739 impia
1662 4670 1815 4740 jugu-

236 4763 383 4818 labat
409 4763 694 4818 crudelitas
727 4781 739 4815 :
773 4778 908 4816 unus
949 4764 1179 4830 gemitus
1204 4770 1258 4815 et
1283 4761 1529 4831 planctus
1575 4763 1812 4817 morien-

240 4855 371 4909 tium
393 4854 448 4907 in
478 4853 605 4909 totis
647 4854 912 4909 moenibus
941 4854 1280 4922 personabat.

309 4947 365 5001 4.
416 4946 653 5015 Denique
712 4948 1051 5002 beatissimus
1090 4946 1392 5001 Desiderius
1458 4947 1707 5011 antistes,
1762 4948 1815 5002 in

238 5035 489 5090 oratione
534 5037 743 5106 positus
789 5038 1085 5101 invenitur,
1134 5037 1383 5107 regisque
1440 5053 1561 5092 cum
1610 5040 1815 5094 caeteris

236 5123 576 5181 Christicolis
623 5126 897 5181 obtutibus
936 5135 1307 5195 praesentalur.
1377 5126 1470 5182 lllc
1516 5136 1694 5183 autem
1750 5129 1815 5183 de

313 5272 440 5344 fita
468 5274 563 5328 Ms.
590 5276 722 5344 Reg.
746 5275 927 5343 Suec.,
956 5276 1069 5329 Alia
1095 5276 1242 5341 διες»,
1267 5276 1489 5331 Omnino
1513 5279 1814 5334 desidiosus.

274 5341 343 5419 ηδ
386 5343 482 5398 Ms.
532 5341 704 5419 sanet.
758 5341 933 5419 Max.,
1003 5346 1198 5410 Croco;
1256 5348 1372 5419 aliis.
1427 5349 1563 5416 apud
1604 5349 1819 5417 Vignier

239 5413 443 5467 Chroco
474 5427 527 5467 et
556 5413 781 5479 Caroco;
814 5415 878 5467 de
908 5431 972 5469 eo
1016 5432 1175 5483 supra
1206 5418 1428 5483 egimus.

318 5494 340 5519 ε
388 5484 529 5557 idem
558 5484 677 5549 Ms”
706 5487 1021 5554 oppositione
1049 5488 1266 5548 montis;
1293 5488 1393 5557 alia
1418 5487 1566 5552 Mss,
1589 5493 1815 5557 opposito

242 5554 458 5606 montis.
490 5554 541 5606 ln
570 5556 835 5608 lireviario
868 5557 929 5608 iis
978 5556 1186 5609 omissis
1238 5557 1308 5607 ita
1336 5556 1530 5624 legitur
1558 5554 1697 5610 Licet
1727 5578 1814 5611 ηαδ

245 5623 432 5691 turalia
458 5626 789 5691 expositionis
818 5626 1080 5687 ntunitis.;
1112 5632 1217 5678 etc.

318 5690 343 5726 ά
390 5690 665 5762 Pergama.
702 5695 913 5749 Arcium
943 5694 1291 5763 Trojauarum
1321 5710 1515 5750 nomen
1545 5694 1662 5759 fuit,
1714 5696 1822 5750 imo

1902 1881 2010 1926 tate
2052 1890 2063 1924 ε
2115 1872 2207 1925 sed
2258 1870 2587 1925 crudelitatis
2640 1872 3036 1938 perseverantia
3096 1871 3475 1938 inflammatus,

1898 1972 2058 2032 caput
2106 1962 2369 2032 amputari
2423 1963 2678 2032 praecepit
2718 1962 3059 2017 sacerdotis:
3094 1962 3273 2031 plures
3315 1964 3475 2017 etiam

1896 2054 2227 2108 Cill‘ialianS
2261 2064 2283 2090 θ
2306 2053 2491 2107 eadem
2520 2053 2678 2107 simul
2702 2053 2834 2107 liora
2876 2063 2930 2107 et
2975 2054 3164 2108 eadem
3210 2054 3477 2108 sententia

1897 2144 2117 2197 interire
2152 2142 2420 2212 prtecepit.
2454 2143 2508 2195 In
2540 2142 2662 2196 totis
2691 2157 2921 2212 namque
2949 2140 3219 2212 Pergamis
3242 2144 3294 2196 in
3320 2141 3476 2196 Chri-

1897 2236 1964 2289 sti
2028 2232 2365 2287 confessione
2411 2237 2846 2301 perseverantes,
2904 2232 3091 2286 eadem
3142 2232 3228 2286 die
3267 2233 3476 2286 divorsa

1897 2331 2023 2376 sunt
2051 2322 2244 2391 passim
2275 2320 2419 2376 caede
2448 2322 2721 2391 prostrati.
2769 2322 2846 2376 De
2899 2322 3044 2377 cultu
3082 2322 3351 2392 religionis
3400 2324 3481 2376 in-

1902 2410 2193 2479 terrogati,
2232 2410 2535 2480 quicunque
2579 2409 2848 2465 Christum
2914 2411 3189 2467 confessus
3237 2426 3297 2467 se
3348 2412 3482 2467 dixit

1900 2502 2149 2571 crqlere,
2196 2516 2467 2570 nunquam
2498 2500 2549 2556 in
2598 2510 2706 2556 tota
2755 2501 2884 2556 urbe
2923 2502 3097 2571 potuit
3141 2502 3386 2557 evadere.
3437 2499 3481 2555 Ο

1902 2591 2029 2645 urbs
2070 2590 2330 2659 Lingona,
2376 2589 2521 2657 quod
2573 2598 2698 2644 tunc
2726 2590 2901 2645 subito
2940 2606 3187 2645 remansa
3217 2591 3481 2657 desolata,

1900 2682 1967 2736 de
2006 2682 2110 2736 tuis
2138 2680 2343 2751 civibus
2372 2680 2713 2750 ingemiscis?
2759 2680 2924 2736 babes
2977 2682 3098 2737 inde
3146 2682 3314 2751 magis
3370 2698 3478 2751 quo

1902 2770 2165 2834 exsulles,
2198 2769 2323 2824 dum
2356 2775 2530 2837 tantos
2560 2769 2746 2824 eodem
2780 2781 3018 2841 tempore
3058 2788 3155 2841 pro
3187 2782 3276 2828 tuo
3307 2774 3483 2827 muni~

1903 2860 2045 2914 mine
2096 2857 2410 2927 conquisisti
2468 2867 2749 2929 martyres.
2807 2858 2910 2914 Pro
2973 2860 3139 2916 nihilo
3192 2861 3483 2932 temporale

1902 2948 2155 3002 damnum
2186 2957 2273 3001 tua
2302 2956 2515 3016 reputes
2546 2948 2595 3000 in
2628 2963 2851 3009 censura
2888 2948 2906 2987 ί
2940 2950 3081 3018 quod
3109 2951 3329 3022 lugeas;
3356 2951 3483 3006 dum

1904 3040 2105 3109 absque
2136 3039 2404 3094 taxatione
2432 3039 2620 3108 pretii,
2652 3039 2779 3097 inde
2803 3056 2943 3095 nunc
2974 3041 3139 3095 babes
3161 3049 3213 3095 et
3244 3041 3484 3098 habitura

1904 3144 1961 3183 es
1992 3129 2135 3183 lucra
2186 3129 2301 3182 sine
2329 3126 2434 3183 fine
2480 3143 2730 3181 mansura
2777 3144 2895 3195 qua
2934 3130 3167 3196 gaudeas
3196 3139 3220 3177 ε
3265 3129 3483 3184 Contri-

1904 3228 2040 3274 stata
2089 3234 2148 3273 es
2199 3228 2325 3272 tunc
2356 3218 2638 3285 incendiis,
2684 3218 2895 3286 gladiis,
2936 3219 3156 3303 rapinis,
3185 3235 3305 3271 cum
3337 3217 3484 3273 omni

1905 3307 2217 3363 humilitatis
2255 3306 2500 3375 exemplo
2532 3307 2583 3359 in
2617 3307 2849 3361 favillam
2881 3307 3135 3389 redactaK
3174 3306 3313 3361 unde
3345 3322 3485 3363 nunc

1905 3417 1963 3457 es
1989 3407 2245 3455 exornata
2267 3436 2282 3462 ,
2355 3398 2723 3466 illustrataque
2764 3398 3077 3452 fortitudine
3122 3408 3183 3451 et
3215 3398 3486 3452 tutaminis

1904 3490 2156 3559 suffragio
2185 3490 2521 3560 prtemunita,
2555 3490 2676 3544 inde
2724 3505 2783 3544 es
2812 3499 2866 3545 et
2895 3505 3179 3559 permanes
3204 3490 3255 3543 in
3304 3505 3487 3569 perpe-

1909 3590 2054 3633 tuum
2088 3593 2196 3649 pra:
2249 3578 2456 3634 caeteris
2502 3579 2720 3633 urbibus
2762 3579 3012 3649 gloriosa.

2506 3666 2732 3724 CAPUT
2772 3670 2835 3723 ll.

1912 3757 2189 3825 Percussor
2220 3767 2267 3813 ct
2297 3774 2388 3813 rea:
2427 3760 2612 3828 puniti.
2664 3760 2847 3813 Sancti
2882 3759 3137 3813 Desiderii
3173 3761 3418 3813 miracula
3440 3769 3488 3813 et

2552 3854 2820 3906 memoria.

1984 3938 2033 3993 5.
2080 3940 2209 3993 Tam
2250 3939 2489 4010 przeclari
2540 3940 2797 3994 Desiderii
2843 3941 3094 4013 martyris
3148 3942 3489 3997 beatitudinis

1913 4032 2119 4084 initium
2168 4041 2223 4085 et
2267 4032 2584 4100 praecipuam
2633 4032 2881 4101 perfecta!
2936 4033 3235 4089 dilectionis
3264 4035 3491 4104 gratiam

1914 4125 1967 4179 in
1998 4123 2256 4180 effusione
2279 4124 2551 4191 sanguinis
2567 4124 2669 4189 sui,
2702 4124 2994 4194 repentinis
3016 4126 3287 4181 iudiciisin
3313 4142 3491 4195 pcrse«

1914 4214 2186 4268 cutoribus
2208 4212 2324 4282 ejus
2346 4215 2521 4267 divina
2545 4215 2715 4283 pietas
2736 4214 3007 4286 patefecit.
3037 4215 3324 4271 Percussor
3348 4216 3491 4271 illico

1915 4320 2072 4370 suus,
2101 4305 2348 4359 amentia)
2379 4319 2539 4359 sensu
2569 4306 2855 4361 damnatus
2879 4350 2892 4373 ,
2923 4307 3271 4376 impatientia:
3314 4307 3494 4362 furore

1917 4404 2223 4463 correptus,
2255 4410 2350 4463 per
2379 4396 2576 4450 moenia
2607 4397 2951 4453 horribilibus
2978 4398 3198 4454 vocibus
3228 4402 3490 4462 clamans,

1917 4500 2077 4540 cursu
2122 4487 2331 4541 consito
2378 4495 2538 4557 caput
2576 4488 2630 4541 in
2676 4500 2886 4558 portam
2916 4490 3146 4544 civitatis
3177 4490 3413 4559 impulit;
3443 4499 3494 4546 ct

1914 4579 2104 4634 cribra
2154 4579 2506 4647 percussione
2560 4589 2855 4636 evacuatus
2910 4584 3174 4649 certbro,
3232 4585 3495 4638 exanimis

1918 4669 2116 4722 ibidem
2148 4685 2177 4723 a
2210 4670 2529 4738 paventibus
2558 4672 2718 4726 sociis
2741 4673 3157 4742 contemplatur.
3190 4674 3397 4728 Auditis
3418 4676 3497 4730 his

1924 4760 2085 4813 timor
2112 4768 2165 4812 et
2194 4767 2397 4813 tremor
2419 4760 2650 4814 hostium
2690 4770 3003 4815 cunctorum
3036 4764 3243 4818 animos
3271 4773 3497 4834 stupen-

1924 4850 2055 4903 tium
2088 4849 2420 4917 penetravit,
2443 4858 2498 4904 et
2526 4849 2551 4887 h
2578 4853 2850 4922 paulisper
2898 4855 2964 4908 ab
3010 4854 3330 4910 effundendo
3376 4872 3495 4911 san-

1921 4941 2082 5008 guine
2104 4949 2407 4993 cessarunt.
2437 4940 2811 5011 Deniquenon
2844 4953 2962 5014 post
2992 4947 3213 5000 multum
3246 4947 3495 5015 temporis

1922 5033 2064 5087 Deus
2089 5032 2253 5101 judex
2279 5032 2454 5100 justus
2483 5036 2655 5088 sancti
2707 5038 2787 5089 sui
2822 5036 3081 5091 Desiderii
3124 5048 3367 5107 martyris
3414 5039 3493 5089 vel

1920 5132 2237 5178 czeterorum
2283 5133 2572 5194 martyrum
2622 5126 2764 5180 urbis
2793 5128 2945 5182 istius
2992 5130 3190 5184 ultione
3218 5130 3495 5183 convictus

1921 5292 1974 5338 et
2006 5299 2102 5351 pro
2125 5282 2282 5353 Troja
2312 5294 2599 5353 sumptum,
2625 5286 2745 5340 inde
2775 5288 2876 5343 huc
2905 5288 3218 5344 transfertur
3244 5288 3308 5341 ad
3337 5304 3494 5356 quas-

1947 5369 2155 5418 cunque
2186 5372 2335 5408 arces
2362 5365 2415 5409 et
2445 5358 2557 5410 loca
2600 5359 2823 5410 mudta.

1994 5434 2017 5493 ῗ
2056 5423 2112 5476 In
2142 5425 2561 5489 aliquibus'Mss.
2582 5465 2595 5487 ,
2630 5430 2938 5493 sacerdotes,
2963 5428 3169 5483 scilicet
3197 5443 3316 5482 cum
3354 5427 3473 5482 aliis

1999 5491 2016 5529 ί
2058 5493 2185 5565 Mss.
2214 5494 2437 5565 aliqua,
2462 5511 2561 5546 non
2594 5499 2787 5565 lugeas.

1998 5571 2020 5605 ἓ
2066 5562 2158 5615 Ms.
2190 5574 2360 5617 sauct.
2393 5564 2531 5615 Max.
2552 5606 2564 5625 ,
2596 5562 2930 5617 concremata
2959 5584 3031 5619 es.

1996 5629 2021 5666 ιι
2052 5630 2155 5705 Ms.
2192 5632 2327 5705 ‘Iicg.
2361 5632 2512 5687 Suec.
2541 5635 2819 5705 '[xaulisper
2871 5636 3111 5705 impietas
3153 5637 3379 5693 barbara
3430 5638 3490 5693 al'

1926 5700 2243 5756 effundenda
2272 5718 2462 5757 cruore
2492 5717 2697 5758 ουδςιηέ
2721 5700 2862 5761 l'ccit.
