4052 6332
550 334 646 389 199

1824 330 2065 389 SANCTI
2105 326 2551 387 WARNAHARII

3707 324 3834 382 200

546 445 598 501 in
627 454 651 481 ο
676 444 1000 500 Arelatensis
1030 445 1163 501 urbe
1189 445 1449 501 Croscum
1478 442 1775 514 principem
1816 458 1925 497 Sllls
1953 441 2119 496 tradi-
2150 442 2197 501 Α
2225 440 2341 495 odit
2370 441 2704 512 iniquitatem
2727 483 2741 506 ,
2790 449 2843 496 et
2914 439 3087 512 diligit
3141 437 3422 495 veritatem
3447 478 3463 505 ,
3508 438 3837 496 detestatur

547 536 626 591 dit
647 536 896 591 inimicis.
920 536 1028 603 Qui
1043 543 1231 607 captus
1251 544 1305 590 et
1325 542 1625 599 catenatus,
1649 542 1755 587 tam
1778 532 1869 588 diu
1898 532 2123 586 diversis

547 628 831 683 tormentis
857 636 942 683 est
970 628 1220 682 diuturno
1261 636 1501 698 tempore
1547 625 1773 681 afllictus
1794 663 1812 694 ,
1843 638 2124 695 quousque

548 731 645 773 uer
687 718 1110 775 crudelissimam
1157 719 1531 787 assiduamque
1575 719 1776 773 eaedem
1824 717 1889 771 ad
1936 715 2124 771 mortis

549 810 825 864 interitum
856 814 1159 878 perveniret
1180 807 1330 877 juxta
1359 818 1513 862 suam
1538 808 1807 862 meritum.

619 901 673 954 6.
706 900 1047 955 Beatissimus
1067 907 1247 953 autem
1279 899 1583 955 Desiderius
1605 898 1866 969 pontifex,
1896 897 1965 953 ob
1987 912 2123 967 pra:-

549 993 830 1047 cedentem
877 991 1342 1047 conversationem
1390 1000 1445 1046 et
1487 992 1612 1045 boni
1669 991 1846 1060 operis
1888 989 2123 1043 studium

549 1085 788 1154 martyrii
812 1083 1127 1152 condignam
1151 1098 1407 1138 coronam
1432 1084 1745 1152 promeruit,
1770 1097 1865 1151 pro
1886 1097 1951 1136 eo
1981 1080 2122 1150 quod

549 1173 697 1242 prius
740 1174 914 1240 justus
963 1174 1209 1227 inventus
1260 1181 1344 1227 est
1389 1181 1444 1227 et
1486 1173 1761 1242 probatus.
1802 1171 1967 1240 Cujus
2002 1172 2125 1225 vita:

548 1262 756 1315 initium
796 1264 1048 1327 castitas,
1079 1263 1340 1318 sobrietas
1384 1264 1841 1334 eleemosynarum
1891 1262 2123 1330 largitio,

546 1351 911 1406 misericordia
941 1352 991 1405 in
1024 1353 1377 1421 pauperibus,
1400 1352 1601 1422 pietas,
1629 1368 1836 1407 morum
1866 1352 2122 1420 probitas,

548 1440 817 1509 patientia:
867 1442 1256 1510 aequanimitas,
1281 1457 1344 1496 ac
1397 1443 1504 1496 Deo
1558 1444 1630 1497 ita
1679 1444 2025 1513 acceptabilis
2072 1444 2124 1497 in

549 1530 796 1585 omnibus
834 1538 918 1586 est
946 1541 1219 1599 repertus,
1250 1543 1308 1585 ut
1337 1531 1402 1586 ad
1430 1532 1688 1587 caalorum
1719 1547 1899 1601 regna,
1933 1548 2127 1588 conso-

549 1622 690 1675 ciata
720 1623 907 1675 militia
940 1623 1226 1676 multorum
1278 1630 1601 1692 martyrum,
1635 1623 1985 1691 acquisitione
2028 1637 2124 1676 sua

550 1729 672 1767 cum
720 1712 949 1766 maxima
1004 1712 1331 1767 beatitudine
1382 1714 1704 1783 perveniret.
1755 1714 1811 1769 In
1857 1714 1986 1769 urbe
2028 1729 2125 1768 sua

2223 532 2553 602 perjnrium,
2609 532 2931 587 condemnat
2959 531 3323 587 mendacium.
3374 529 3635 586 Hortatur
3681 531 3839 602 pius

2223 629 2407 690 pastor
2459 636 2641 675 curam
2697 622 2903 677 habens
2957 622 3239 677 defunctus
3286 621 3353 676 de
3398 622 3619 691 ovibus,
3658 622 3841 679 cives

2224 712 2396 766 bonos
2417 752 2431 775 ,
2462 720 2520 766 ut
2566 711 2686 765 ﬁdei
2717 712 3075 781 integritatem
3116 728 3213 782 pro
3242 712 3541 767 aminarum
3588 727 3842 770 suarum

2224 802 2520 858 salvatione
2540 802 2657 858 sine
2672 804 2880 858 macula
2903 802 3121 858 omnino
3150 803 3471 858 custodiant.
3497 802 3840 860 Detestatur

2225 893 2525 961 malignos,
2597 894 2876 964 perfidiam
2944 892 3269 963 aemulatur,
3329 894 3421 948 dat
3496 895 3841 965 perditionis

2228 983 2532 1053 exemplum
2563 982 2886 1053 specialibus
2914 990 2975 1037 ut
3002 982 3309 1038 emendent.

2295 1090 2345 1142 8.
2390 1088 2612 1143 llahetis
2632 1089 2863 1158 denique
2891 1090 3201 1145 sacerdotes
3223 1091 3488 1160 illustres,
3515 1095 3797 1163 primates
3821 1078 3864 1159 ,I

2225 1189 2280 1234 et
2306 1181 2479 1234 omnis
2510 1180 2660 1249 plebs
2711 1180 2988 1248 Lingonici
3020 1183 3219 1252 populi,
3247 1184 3488 1253 praeclari
3528 1188 3837 1256 martyris,

2225 1279 2539 1323 mter-orum
2607 1271 2692 1324 cui
2761 1271 3045 1339 subjuncta
3097 1280 3179 1326 est
3205 1282 3420 1327 caterva
3478 1283 3836 1344 martyrum,

2226 1359 2543 1412 intrinsecus
2568 1366 2805 1412 tutamen
2848 1359 2991 1415 urbis
3029 1363 3299 1429 egregium
3321 1369 3376 1416 et
3403 1364 3723 1434 prtecipuam
3759 1365 3842 1419 de

2226 1464 2291 1503 eo
2320 1449 2619 1503 custodiam
2650 1450 2900 1513 civitatis,
2933 1451 3272 1506 extrinsecus
3295 1460 3475 1507 autem
3502 1453 3567 1508 de
3595 1465 3616 1491 ε
3642 1454 3841 1509 tribus

2226 1539 2451 1608 geminis
2500 1539 2754 1594 fratribus
2801 1542 3128 1611 martyribus
3158 1542 3428 1611 singulare
3461 1546 3602 1600 urbis
3628 1547 3841 1615 praesi-

2226 1631 2373 1685 dium
2428 1640 2553 1685 ante
2597 1632 2869 1701 positum,
2915 1640 2972 1686 et
3017 1632 3252 1687 civitatis
3299 1634 3585 1689 maximum
3617 1636 3840 1690 divina:

2227 1724 2674 1778 remunerationis
2704 1732 2971 1778 ornatum.
3005 1723 3266 1779 Nimirum
3303 1726 3434 1780 satis
3462 1742 3621 1796 super
3645 1737 3739 1782 est
3775 1728 3839 1781 in

551 1814 766 1859 sanctus
794 1804 1030 1873 pontifex
1061 1805 1201 1858 dono
1225 1805 1465 1875 martyrii
1487 1805 1751 1874 pmcipue
1775 1806 2132 1875 locupletatus
2164 1800 2208 1860 Β
2235 1812 2390 1867 laude
2420 1812 2576 1882 hujus
2604 1814 2774 1868 sancti
2823 1813 3083 1868 Desiderii
3135 1816 3386 1886 martyris
3423 1816 3491 1871 de
3526 1816 3839 1873 virtutibus

551 1905 653 1959 est,
682 1896 732 1949 in
762 1895 947 1949 eadem
974 1896 1134 1948 etiam
1164 1896 1295 1949 urbe
1325 1911 1423 1964 pro
1447 1897 1805 1949 salvationum
1856 1896 2131 1951 beneficiis

551 2003 672 2044 cum
700 1988 904 2041 czeteris
933 1988 1256 2057 martyribus
1280 1988 1628 2041 veneratione
1645 1997 1727 2042 est
1746 1987 1924 2042 debita
1949 1997 2128 2042 tumu-

553 2080 710 2133 latus.
745 2075 1021 2131 Pmterito
1053 2084 1313 2146 tempore,
1338 2086 1594 2146 quantum
1619 2077 1715 2130 fuit
1744 2092 1773 2131 a
1796 2078 1905 2132 suis
1926 2077 2130 2133 civibus

550 2170 847 2223 honoratus
877 2177 1039 2238 atque
1068 2167 1311 2232 dilectus,
1345 2168 1629 2237 sepultura:
1655 2182 1762 2220 sum
1791 2166 1939 2221 locus
1959 2168 2131 2221 mani-

554 2261 704 2314 festis
740 2262 1017 2315 declarare
1047 2260 1253 2313 videtur
1283 2259 1490 2312 indiciis
1514 2297 1529 2324 ,
1563 2258 1614 2311 in
1645 2265 1849 2311 tantum
1897 2266 1955 2311 ut
1994 2256 2129 2312 infra

554 2366 736 2405 muros
775 2367 926 2405 amor
970 2350 1154 2421 populi
1192 2349 1413 2404 diffusus
1441 2363 1638 2418 corpus
1665 2348 1731 2402 ad
1763 2347 2129 2403 tumulandum

552 2445 818 2514 reciperet
859 2445 1184 2513 sacerdotis,
1231 2458 1391 2515 quem
1416 2458 1537 2498 eum
1566 2459 1663 2513 pro
1693 2444 1947 2499 bonitatis
1976 2460 2129 2499 man-

554 2538 832 2592 sne‘tudine
884 2547 939 2592 et
992 2538 1293 2593 sanctitatis
1347 2536 1649 2593 constantia
1700 2538 1829 2592 satis
1879 2537 2132 2607 diligebat

553 2631 912 2699 superstitem.
966 2630 1095 2683 Nam
1125 2630 1316 2699 siquis
1371 2629 1437 2684 ad
1498 2629 1614 2698 ejus
1667 2628 1849 2685 limina
1901 2639 2132 2698 aegrotus

553 2722 847 2785 advenerit,
875 2721 998 2776 inde
1016 2722 1125 2775 Deo
1146 2722 1443 2791 opitulante
1462 2721 1751 2776 revertitur
1771 2720 2128 2787 confortatus;

552 2814 596 2866 si
628 2827 858 2867 maerore
888 2813 1233 2881 perterritus,
1256 2812 1424 2867 sancti
1469 2813 1720 2883 martyris
1748 2812 1971 2867 obtentu
2008 2813 2132 2868 inde

552 2906 836 2960 confestim
872 2904 1008 2958 redit
1032 2905 1392 2970 exhilaratus;
1421 2905 1465 2960 si
1490 2921 1694 2971 caecus,
1725 2905 1946 2960 claudus
1967 2945 1983 2971 ,
2014 2921 2132 2960 sur-

554 2995 674 3058 dus,
705 3002 904 3059 mutus,
928 2995 995 3048 ab
1016 2994 1233 3049 adversa
1259 3004 1409 3064 parte
1424 3004 1647 3050 vexatus
1668 2995 1963 3065 advenerit,
1980 3013 2130 3052 suam

555 3084 779 3153 quisque
851 3084 922 3137 ibi
969 3082 1289 3139 medicinam
1344 3094 1401 3139 et
1446 3085 1685 3141 remedia
1738 3087 1962 3157 pristina
2013 3089 2131 3144 sine

555 3190 703 3229 mora
736 3176 961 3246 percipit
986 3186 1308 3247 opportuna.

622 3267 675 3321 7.
717 3266 860 3322 later
883 3276 1075 3323 cetera
1127 3270 1380 3325 virtutum
1422 3286 1635 3325 suarum
1676 3271 1899 3342 insignia
1950 3272 2128 3327 multi-

552 3359 705 3428 plicia
729 3401 744 3425 ,
775 3371 978 3433 martyr
1000 3363 1053 3416 in
1082 3377 1178 3417 suo
1206 3365 1421 3420 nomine
1456 3380 1562 3420 non
1589 3367 1787 3436 patitur
1812 3367 2131 3436 impunitam

554 3452 691 3505 l'erre
744 3451 1043 3521 perfidiam.
1098 3452 1231 3507 Nam
1260 3454 1304 3508 si
1335 3456 1454 3525 quis
1504 3458 1643 3511 intra
1694 3467 1846 3527 septa
1893 3459 2132 3513 ecclesia:

554 3540 721 3609 ipsius
742 3581 757 3605 ,
790 3542 1038 3598 invocato
1066 3546 1283 3600 nomine
1323 3544 1522 3600 Christi
1547 3561 1708 3617 super
1737 3546 1852 3616 ejus
1890 3557 2130 3603 sanctum

553 3632 721 3686 altare
743 3673 758 3697 ,
783 3634 880 3687 sub
912 3632 1156 3689 falsitatis
1183 3636 1396 3704 ingenio
1423 3638 1652 3691 mendax
1674 3647 1984 3708 perpetrare
2015 3649 2133 3695 teu-

553 3725 743 3778 tavcrit
793 3735 1209 3791 sacramentum,
1261 3727 1285 3765 δ
1339 3729 1542 3784 ultione
1587 3729 1765 3784 divina
1817 3732 2131 3801 perditionis

552 3815 695 3869 illico
746 3818 1011 3871 sententia
1067 3822 1508 3883 condemnatur;
1560 3820 1692 3875 tiles
1754 3836 1849 3890 per
1917 3822 2129 3877 fidelem

553 3914 839 3977 martyrem
863 3919 1233 3965 conservatur.
1265 3910 1452 3967 Nullus
1479 3912 1697 3981 ibidem,
1721 3914 1900 3969 divina
1924 3915 2133 3970 obtem-

552 4008 776 4067 perante
803 4000 996 4067 gratia,
1021 4000 1071 4054 in
1094 4000 1370 4058 fallacibus
1392 4003 1713 4074 juramentis
1739 4021 1934 4062 nomen
1968 4009 2131 4077 ipsius

552 4093 803 4163 martyris
824 4093 1095 4161 invocare,
1121 4105 1214 4149 aut
1233 4113 1536 4155 memorare
1560 4102 1853 4169 praesumit.
1878 4100 1922 4154 Ο
1946 4102 2133 4170 przefe-

552 4184 773 4238 rendum
808 4185 1135 4239 beatitudine
1164 4197 1452 4260 martyrem
1477 4231 1491 4254 ,
1536 4192 1628 4261 qui
1658 4200 1862 4245 tantum
1901 4194 2132 4247 obtinuit

548 4276 691 4346 apud
741 4276 907 4332 Deum
933 4319 947 4346 ,
978 4286 1035 4333 ut
1062 4279 1343 4335 ostendere
1372 4282 1539 4351 possit
1568 4291 1687 4351 post
1707 4283 1909 4338 obitum
1933 4325 1945 4349 ,
1989 4284 2130 4353 quod

622 4445 648 4471 ⁸
680 4434 961 4506 Gregorius
994 4435 1305 4491 Turonensis
1329 4436 1429 4490 libi
1462 4437 1603 4491 Hist.
1634 4435 1857 4507 Fratre,
1895 4454 2008 4507 cap.
2038 4435 2125 4491 52.

548 4505 808 4567 Chrocus,
840 4508 1023 4574 inquit,
1054 4508 1191 4577 apud
1226 4507 1590 4577 Arelatensem
1619 4505 1909 4560 Galliarum
1940 4505 2125 4577 urbem

547 4577 1007 4647 comprehensus,
1062 4574 1283 4631 diversis
1329 4574 1552 4631 affectus
1600 4577 1910 4647 suppliciis,
1948 4574 2124 4647 gladio

551 4646 868 4716 verberatus
890 4647 1108 4713 interiit,
1137 4662 1242 4700 non
1272 4647 1538 4700 immerito
1569 4646 1771 4716 pinnas,
1806 4664 1939 4716 quas
1960 4646 2122 4702 ’sanc-

552 4715 617 4768 tis
657 4715 774 4787 Dei_
804 4716 1085 4781 intulerat,
1134 4716 1305 4771 luens.
1354 4715 1579 4772 Similia
1601 4718 1750 4787 plura
1790 4715 1854 4771 ea:
1886 4719 2125 4772 Aimoiuo

550 4792 669 4838 sunt
700 4785 882 4839 relata.

624 4855 648 4892 δ
673 4853 777 4927 iis.
806 4865 970 4910 sanet.
1002 4855 1177 4927 Mam,
1206 4856 1338 4913 ultio
1368 4858 1545 4912 divina
1574 4873 1694 4913 eum
1722 4858 2078 4927 persequitur.

554 4925 921 5050 n‘JCotuntur
970 4925 1234 4997 tergemini
1277 4937 1547 4999 martyres,
1598 4939 1650 4981 ut
1705 4946 1861 4998 supra
1901 4925 2125 4983 dictum.

680 5012 905 5050 anuam.

680 5012 905 5050 anuant.

625 5070 646 5105 ο
679 5067 779 5121 Ma.
810 5077 976 5121 sanet.
1021 5068 1187 5133 Mam,
1229 5070 1283 5124 in
1320 5069 1501 5126 divino
1530 5070 1668 5125 libro
1712 5067 1952 5123 ferientis
1993 5069 2129 5123 ictus

2234 1903 2464 1973 amplius
2491 1904 2633 1974 quod
2655 1904 2878 1969 dicatur,
2908 1902 3004 1958 sed
3032 1902 3301 1960 fastidium
3328 1913 3550 1974 generat
3582 1908 3839 1963 auditori

2233 1996 2406 2064 major
2449 1995 2493 2048 si
2545 1993 2704 2050 fuerit
2751 1995 3028 2065 prolixitas
3066 1996 3332 2052 dictionis.
3368 1996 3499 2051 Nam
3527 1997 3591 2052 ad
3614 1997 3837 2053 confir-

2233 2087 2481 2141 mandam
2531 2087 2771 2157 pneclari
2830 2088 3082 2159 martyris
3141 2088 3435 2144 testimonii
3490 2089 3835 2153 veritatem,

2232 2185 2407 2248 porta,
2441 2178 2529 2233 ubt
2556 2193 2842 2248 percussor
2872 2194 2969 2248 pro
2991 2177 3228 2233 admisso
3257 2179 3460 2234 scelere
3487 2194 3606 2234 reus
3628 2179 3839 2248 impul-

2232 2271 2383 2325 sione
2412 2271 2599 2340 capitis
2629 2272 2975 2340 semetipsum
3005 2271 3255 2340 peremit,
3280 2270 3482 2326 nullum
3528 2271 3592 2325 ab
3620 2270 3837 2326 eodem

2234 2372 2477 2434 tempore
2504 2364 2849 2433 ingressiouis
2880 2362 3146 2417 viantibus
3172 2361 3410 2418 officium
3440 2362 3684 2433 przebuit,
3713 2378 3836 2418 nec

2233 2453 2541 2521 egrediendi
2568 2454 2635 2507 ab
2664 2454 2793 2507 urbe
2822 2452 3354 2508 consuetudinarium
3378 2452 3579 2507 aditum
3606 2451 3836 2521 populis

2234 2543 2461 2597 ulterius
2488 2542 2741 2614 patefecit
2773 2560 2785 2595 :
2817 2543 2911 2598 sed
2956 2543 3102 2597 saxis
3130 2543 3310 2597 clausa
3334 2582 3349 2608 ,
3382 2557 3480 2613 pro
3508 2542 3836 2597 offensionis

2234 2632 2473 2697 iudieiis,
2508 2632 2760 2686 damnata
2804 2630 2983 2701 potius
3039 2639 3369 2702 perseverat.
3418 2630 3653 2700 Denique
3690 2645 3835 2685 cum

2232 2726 2398 2794 ipsius
2427 2725 2687 2794 gladiator
2715 2725 3008 2779 sacerdotis
3034 2739 3246 2779 sacrum
3301 2738 3498 2794 corpus
3547 2725 3835 2778 truncavit

2231 2816 2254 2853 ἀ
2271 2817 2322 2871 in
2338 2816 2530 2870 librum
2544 2815 2777 2869 divinum
2794 2814 3047 2870 ferventis
3068 2816 3539 2887 ictusjperaccessit
3553 2824 3835 2885 apertum.

2235 2906 2334 2962 Ubi
2364 2907 2530 2960 multa
2555 2906 2771 2975 quidem
2814 2904 2937 2960 folia
2986 2904 3315 2976 perforavit,
3359 2906 3536 2960 divina
3585 2914 3773 2959 tamen
3808 2916 3833 2943 ο

2233 2999 2529 3055 salvatione
2570 2998 2867 3053 litterarum
2899 2999 3169 3054 tramitem
3213 3014 3320 3054 non
3358 2998 3581 3068 contigit
3628 2995 3833 3053 effusio

2234 3090 2529 3158 sanguinis.
2601 3088 2764 3143 Livor
2816 3089 2868 3143 in
2925 3089 3063 3144 libro
3114 3097 3319 3145 certum
3371 3089 3516 3144 beati
3570 3090 3832 3159 martyris

2154 3173 2200 3237 C
2231 3181 2491 3252 passionis
2521 3179 2775 3234 indicium
2817 3180 3142 3248 manifestat,
3167 3190 3222 3235 et
3250 3181 3302 3234 in
3332 3181 3479 3234 nullo
3530 3180 3828 3248 scriptura:

2229 3271 2424 3326 seriem
2453 3269 2753 3339 legentibus
2782 3269 3079 3340 perturbat.
3112 3269 3166 3324 ln
3196 3279 3423 3340 utroque
3449 3271 3632 3325 vivens
3663 3270 3831 3325 testi-

2230 3362 2397 3416 monii
2428 3361 2626 3417 veritas
2651 3399 2667 3427 ,
2697 3369 2752 3416 et
2780 3362 3032 3431 praesenti
3062 3362 3262 3431 populo
3292 3359 3694 3416 demonstratur
3715 3398 3732 3424 ,
3768 3370 3831 3415 et

2232 3463 2456 3509 venturo
2485 3468 2701 3523 semper
2721 3452 2789 3507 ad
2814 3453 3143 3507 cernendum
3167 3452 3258 3508 Dei
3282 3453 3622 3513 ordinatione
3641 3467 3829 3507 serva-

2232 3555 2318 3599 tur
2345 3545 2470 3600 dum
2501 3544 2663 3609 ferro,
2697 3544 2866 3600 aciem
2896 3544 3157 3601 acuminis
3186 3545 3411 3615 proprii,
3436 3544 3501 3598 ad
3529 3543 3827 3600 beatitudi-

2232 3635 2527 3703 nemhujus
2553 3634 2804 3706 martyris
2828 3633 3311 3703 ampliandum,vel
3338 3635 3458 3689 libri
3481 3635 3607 3691 folia
3637 3639 3827 3706 perfo-

2231 3724 2418 3789 randa,
2445 3724 2643 3779 habere
2670 3739 2987 3779 concessum
3009 3732 3111 3791 est,
3137 3733 3193 3778 at
3210 3726 3388 3779 divina
3412 3729 3596 3794 verba,
3620 3729 3822 3786 ibidem

2232 3813 2287 3868 in
2330 3815 2623 3869 litterarum
2669 3815 3033 3869 monumentis
3082 3816 3301 3880 inserta,
3346 3817 3551 3873 violare
3597 3830 3825 3890 prapter

2231 3906 2479 3977 martyris
2507 3906 2589 3960 sui
2616 3905 2841 3975 gloriam
2873 3904 3082 3959 Domini
3114 3908 3505 3976 omnipotentia
3543 3927 3650 3965 non
3691 3930 3823 3983 per-

2233 3998 2406 4061 misit;
2438 4006 2697 4067 regnante
2736 3997 2962 4053 Domino
2994 4006 3179 4052 nostro
3206 3996 3332 4053 Jesu
3361 3998 3599 4066 Christo,
3623 4003 3713 4059 cui
3737 4015 3825 4062 est

2233 4088 2404 4141 honor
2443 4097 2501 4142 et
2532 4087 2724 4156 gloria,
2751 4088 2920 4143 virtus
2948 4095 3003 4143 et
3029 4095 3268 4158 potestas
3294 4089 3348 4143 in
3377 4092 3573 4146 smcula
3592 4095 3823 4150 seculo-

2233 4196 2372 4235 rum.
2400 4177 2591 4234 Amen.

2233 4440 2328 4495 pl‘O
2352 4439 2571 4495 accessu
2595 4431 2849 4492 acceptus
2878 4432 2977 4479 05f.

2315 4507 2336 4533 ε
2371 4495 2475 4549 Ms.
2525 4494 2653 4565 Reg.
2688 4489 2864 4555 Suec,
2896 4492 3140 4565 litterarii
3172 4492 3475 4556 tramitem,
3508 4489 3613 4565 lis.
3640 4499 3817 4547 sanet.

2160 4545 2209 4605 υ
2234 4545 2413 4633 Max:
3048 4561 3300 4617 Craterum
3333 4545 3491 4633 totum
3522 4562 3658 4633 hunc
3686 4545 3816 4614 con;

2233 4631 2423 4691 lentum
2465 4635 2621 4703 paulo
2665 4631 2817 4688 aliter
2861 4652 2927 4687 ea:
2952 4634 3292 4703 monumentis
3337 4631 3689 4703 Cannensibus
3737 4633 3817 4683 ita

2231 4709 2439 4777 exponit
2466 4701 2527 4758 ’σε
2568 4706 2726 4759 multo
2768 4705 2957 4757 clarius
2996 4702 3292 4777 errarius.
3327 4701 3481 4755 Liber
3509 4718 3703 4773 quoque
3752 4703 3818 4754 in

2231 4776 2329 4847 quo
2360 4776 2658 4829 Desiderius
2700 4776 3130 4847 precesgrecitare
3176 4782 3505 4847 consueverat
3528 4788 3817 4847 ,__suo_san-

2234 4843 2384 4917 gnine
2413 4848 2487 4899 ita
2532 4843 2772 4917 aspersus
2821 4845 2948 4915 fuit,
2976 4855 3029 4896 ut
3057 4861 3171 4917 cum
3201 4860 3259 4917 eo
3288 4844 3437 4914 plura
3478 4843 3604 4913 {alia
3649 4844 3814 4917 tingit!

2236 4912 2450 4986 inissent
2476 4955 2489 4978 ,
2521 4912 2840 4969 characteres
2890 4925 3056 4968 tamen
3109 4915 3260 4968 illtesi
3290 4912 3655 4967 remanerent.
3708 4912 3813 4977 Qui

2234 4985 2360 5041 fiber
2389 4985 2458 5037 ad
2479 4985 2587 5039 lucc
2608 5002 2763 5055 usque
2783 4994 3010 5056 tempora
3038 4995 3369 5039 monstratur.
