4052 6332
566 284 679 338 ωε
1656 279 1744 334 DE
1785 277 2049 335 savum
2084 275 2494 334 (ZOLUMBANO
2533 280 2804 338 ABBATE
3736 288 3843 344 204

571 391 812 460 Catonis,
840 407 961 463 quae
1008 390 1304 446 Octaviano
1331 389 1562 459 cuipiam
1595 387 1840 444 Romano
1867 384 2154 441 Goldastus
2183 394 2232 450 Α
2258 390 2626 447 meutariorum
2668 390 2854 446 librant
2898 392 2955 447 in
2994 400 3155 450 totum
3210 376 3551 461 Psalterium,
3603 412 3761 467 quem
3812 415 3845 453 a

572 484 777 537 tribuit.
810 481 1140 537 Monosticba
1166 489 1343 534 autem
1375 477 1564 533 eadem
1590 477 1690 532 sub
1709 476 1912 529 Alcaini
1936 474 2153 529 nomine

571 572 818 641 leguntur
843 572 895 626 in
911 571 1030 640 ejus
1047 570 1334 639 Operibus,
1356 581 1473 636 pag.
1509 564 1671 633 1715,
1695 574 1750 623 et
1776 565 1875 621 sub
1892 563 2153 619 Aldhelmi

566 663 709 718 edita
736 677 768 716 a
790 660 1061 726 Delrione,
1092 668 1149 715 ut
1175 658 1288 713 dixi
1314 673 1495 728 supra.

640 753 693 809 7.
732 752 1034 825 Rhymmus
1061 752 1128 805 de
1159 749 1395 804 vanitate
1419 756 1474 802 et
1502 746 1716 802 miseria
1740 744 1863 800 vitae
1886 744 2148 808 mortalis,

567 857 689 914 pag.
720 840 790 897 56
817 857 958 911 seq.,
1003 841 1188 909 incipit
1214 857 1228 893 :
1265 838 1494 893 Mundus
1520 839 1617 891 iste
1636 837 1829 891 transit
1857 845 1905 890 et
1928 835 2152 907 quotidie

566 936 847 999 decrescit;
887 934 1061 988 editus
1100 931 1329 1001 primum
1366 931 1435 984 ab
1466 927 1681 985 Usserio
1706 928 1761 984 in
1790 926 2030 999 epistolis
2058 924 2153 980 lli-

568 1024 820 1085 bernicis,
852 1037 972 1092 pag.
996 1019 1030 1073 9
1055 1036 1174 1091 seq.

632 1114 1046 1168 Constantinum
1096 1110 1410 1180 Cajetanum
1440 1108 1675 1165 voluisse
1719 1108 1779 1164 S.
1831 1106 2148 1163 Columbani

559 1206 759 1277 scripta
786 1206 929 1260 notis
954 1213 1009 1259 et
1058 1203 1389 1273 argumentis
1431 1201 1694 1256 illustrata
1731 1199 1895 1255 edere
1942 1200 2150 1254 notavit

560 1296 785 1353 Allatius
810 1297 861 1351 in
888 1296 1088 1365 Apibus
1107 1293 1355 1362 Urbanis,
1379 1308 1502 1363 pag.
1527 1292 1615 1347 τις.

630 1388 1014 1442 Desiderantur
1063 1384 1383 1440 Columbani
1446 1383 1577 1438 liber
1633 1382 1967 1437 Paulinorum
2034 1381 2148 1436 sive

561 1478 880 1548 hynmorum
931 1490 1092 1545 quem
1139 1475 1360 1530 elimato
1405 1490 1657 1529 sermone
1693 1476 1762 1529 ab
1798 1474 2147 1529 adulescente

560 1569 737 1624 adhuc
806 1568 1065 1637 scriptum
1116 1574 1342 1620 testatur
1389 1565 1703 1633 Sigebertus
1745 1563 2147 1620 Gemblacensis

560 1659 735 1729 capite
760 1657 850 1719 60.
880 1658 1019 1712 unde
1043 1655 1367 1712 Trithemius
1388 1666 1568 1727 posset
1594 1657 1759 1713 videri
1781 1655 1972 1711 fecisse
1991 1653 2142 1709 Com-

2260 478 2595 535 Columbano
2623 481 2855 549 eleganti
2883 482 3021 554 stylo
3050 484 3309 553 sc'iptum
3332 485 3407 539 ait
3434 502 3556 556 cap.
3583 485 3713 541 223.
3734 487 3844 544 Sed

2253 571 2608 641 expositionis
2635 572 2952 629 Coiumbani
2980 591 3141 643 super
3168 592 3357 631 omnes
3384 577 3621 646 psalmos
3651 581 3843 636 memio

2250 659 2334 716 nit
2360 660 2524 716 etiam
2573 663 2716 732 apud
2759 660 3073 719 Goldastum
3104 665 3153 717 in
3184 664 3543 729 Paneueticis,
3579 682 3700 739 pag.
3752 670 3846 725 7i.

2246 747 2584 817 ﬂartmotus,
2616 752 2707 822 qui
2735 751 2978 807 abbasS.
3010 752 3148 808 Galli
3178 753 3278 808 fuit
3299 755 3441 809 circa
3472 772 3671 811 annum
3702 758 3811 812 880
3830 799 3849 824 ,
3886 810 3887 813 η

2251 840 2391 896 inter
2426 842 2597 898 libros
2642 843 2694 898 in
2724 844 3051 900 bibliotheca
3095 848 3268 901 sancti
3301 846 3440 901 Galli
3470 865 3571 903 suo
3601 861 3847 920 tempore

2251 940 2577 988 asservatos.
2618 933 2772 989 Liber
2815 946 2998 991 contra
3042 937 3287 1001 Arianae,
3332 939 3401 994 de
3441 955 3550 1008 quo
3595 939 3764 995 Jonas
3794 943 3846 997 in

2251 1024 2359 1078 vita
2390 1040 2513 1094 cap.
2544 1025 2637 1087 29,
2672 1037 2728 1081 et
2754 1026 3122 1084 Cnlumbanus
3173 1030 3288 1099 ipse
3306 1031 3534 1095 epistula
3564 1030 3618 1084 4.
3646 1031 3849 1088 Confer

2248 1111 2543 1168 Mabiilonii
2602 1113 2709 1170 lter
2760 1114 3030 1182 ltalicum,
3087 1132 3211 1188 pag.
3245 1118 3354 1172 216
3406 1134 3523 1188 seq.
3583 1120 3895 1205 Adversas}

2251 1218 2422 1273 regem
2442 1203 2733 1257 adulterum
2757 1246 2772 1269 ,
2817 1207 2960 1274 quod
2994 1218 3257 1261 memorat
3281 1206 3482 1263 Baleus
3508 1226 3618 1275 xiv,
3650 1209 3748 1275 12,
3781 1214 3848 1264 ad

2250 1291 2643 1348 Theodoricum
2701 1308 2882 1363 regem
2935 1298 3227 1351 Austrasia:
3278 1298 3523 1369 respicit,
3562 1315 3731 1368 quem
3776 1304 3848 1355 ob

2248 1385 2691 1440 consuetudinem
2744 1401 2869 1440 cum
2924 1385 3252 1444 Brunebilde
3308 1404 3340 1443 a
3394 1387 3743 1445 Columbano
3796 1399 3851 1445 et

2249 1489 2433 1528 coram
2482 1488 2539 1529 et
2593 1490 2688 1544 per
2737 1474 2946 1530 litteras
2985 1477 3197 1533 fortiter
3246 1478 3637 1550 reprehensuri
3680 1479 3850 1538 refert

2246 1560 2412 1619 Jonas
2436 1562 2490 1617 in
2520 1563 2635 1633 ejus
2658 1563 2797 1631 Vita,
2826 1566 3008 1636 capite
3042 1566 3126 1622 l8.

2134 1778 2442 1789 ..ἡν-υ-ν

1086 1882 2087 1969 PBOLEGOMENON
2168 1881 2328 1963 DE
2413 1882 2503 1964 S.
2584 1880 3356 1967 COLUMBANO.

2111 2022 2296 2035 —

1760 2058 2004 2120 (Galland.
2031 2059 2262 2109 Biblioth.
2294 2058 2426 2107 Patr.
2450 2042 2487 2104 ιζ
2513 2051 2644 2115 Xll.)

624 2214 669 2270 l.
708 2214 1105 2277 Colunibanus,
1147 2212 1500 2283 plurimorum
1529 2218 1679 2280 pater
1720 2211 2139 2277 monachorum,
2179 2219 2218 2275 Β
2245 2203 2681 2275 supputationem
2732 2206 2885 2274 salui
2934 2205 3136 2275 p'acuit
3183 2204 3513 2263 Mabillonio.
3564 2208 3656 2264 Sic
3704 2211 3850 2265 enim

526 2308 613 2365 {in
661 2305 915 2375 Lagenia,
950 2305 1217 2359 llibernize
1259 2303 1553 2375 provincia,
1584 2304 1730 2359 circa
1775 2303 2009 2360 medium
2050 2320 2151 2360 sae-

528 2432 535 2439 ο
559 2401 670 2457 culi
698 2415 751 2454 vt
779 2405 931 2454 ortus
958 2397 1212 2466 traditur,
1235 2405 1294 2451 ut
1319 2412 1386 2452 ex
1413 2396 1529 2465 ejus
1556 2395 1723 2466 gestis
1749 2410 1780 2449 a
1808 2394 1942 2450 Jona
1973 2410 2153 2450 mona-

556 2493 666 2548 cho
694 2489 949 2545 Bobiu-nsi
970 2487 1086 2544 fere
1109 2488 1303 2557 παιωιί
1318 2487 1605 2544 erudimur
1623 2496 1673 2541 ³.
1707 2485 1837 2541 Post
1863 2486 2149 2542 humanio-

561 2598 681 2639 rum
710 2582 1009 2636 litterarum
1051 2578 1264 2647 studia,
1308 2578 1476 2633 sacris
1521 2576 1813 2651 Scripturis
1840 2575 2150 2631 excolendis

557 2670 953 2743 operamv‘dedit
979 2669 1030 2725 δ.
1086 2669 1211 2724 Mox
1254 2669 1321 2725 ad
1346 2668 1726 2724 Bancborense
1760 2666 2147 2722 monasterium

560 2766 615 2820 in
647 2762 859 2819 Ultonia
884 2778 945 2817 se
969 2761 1274 2825 conferens,
1302 2761 1664 2816 monasticum
1703 2759 2001 2817 institutum
2033 2773 2148 2813 am-

563 2855 754 2924 plexus
775 2860 879 2908 est.
910 2851 1125 2907 Exactis
1154 2850 1352 2907 ibidem
1390 2850 1546 2906 ωιιώ
1575 2849 1835 2919 pluribus,
1862 2863 1929 2903 ex
1958 2846 2149 2903 Hiber-

563 2946 652 3001 nia
680 2945 949 3014 digressus
978 2943 1032 2998 in
1055 2942 1282 2998 Galliam
1311 2941 1568 3012 perrexit,
1599 2942 1772 2996 aetatis
1790 2955 1993 2995 annum
2024 2949 2151 2995 tunc

561 3049 729 3105 agens
775 3033 1144 3091 tricesimum:
1174 3039 1336 3102 atque
1383 3032 1437 3087 in
1483 3045 1651 3102 regno
1691 3031 2028 3101 Burgundite,
2059 3030 2145 3083 ubi

528 3143 541 3151 '
557 3142 739 3182 rerum
768 3126 1077 3196 potiebatur
1097 3122 1931 3189 Guntchramnus,"Luxoviense
1957 3123 2141 3178 condi-

2252 2295 2322 2351 ad
2364 2294 2612 2350 eumdem
2658 2294 2836 2349 locum
2877 2294 2991 2349 aiti
3027 2312 3043 2353 :
3079 2314 3098 2348 ι
3126 2294 3184 2350 Si
3232 2296 3495 2367 Olympias
3544 2314 3646 2368 pro
3692 2301 3852 2355 annis

2252 2390 2477 2460 quiitqae
2500 2386 2748 2449 sumitur,
2780 2395 2837 2445 ut
2865 2386 3082 2456 quidem
3123 2388 3260 2443 sumi
3288 2389 3446 2454 solet,
3477 2405 3651 2446 annos
3672 2408 3851 2446 nona-

2250 2479 2399 2547 ginta
2452 2484 2580 2530 tunc
2626 2476 2879 2544 attigerat
2930 2474 3333 2545 Columbanus,
3379 2493 3502 2533 cum
3558 2481 3850 2549 prodictus

2252 2583 2442 2624 versus
2471 2567 2757 2622 scribebat.
2790 2586 2809 2617 ι
2843 2565 3001 2633 Quod
3030 2568 3279 2637 equidem
3308 2569 3483 2624 minus
3511 2570 3847 2635 admiserim,

2251 2658 2595 2727 prioremque
2637 2656 3035 2726 supputationis
3061 2657 3325 2713 rationem
3364 2660 3690 2728 praetulerim
3723 2678 3849 2718 cum

2250 2746 2408 2815 vulgo
2459 2744 2838 2799 eruditorum:
2885 2753 3048 2814 atque
3102 2746 3177 2800 ita
3227 2756 3553 2803 censuerunt
3594 2748 3850 2805 Historiae

2250 2835 2519 2891 litterariae
2546 2834 2762 2890 Gallica:
2786 2845 3068 2903 auctores,
3096 2836 3190 2905 qui
3228 2845 3519 2907 prapterea
3566 2853 3637 2894 ex
3665 2841 3849 2897 verbis

2254 2930 2432 2986 allatis
2479 2929 2695 2983 beatum
2728 2928 2901 2983 virum
2956 2944 3128 2985 annos
3170 2931 3516 3000 septuaginta
3560 2931 3670 2986 duo
3721 2941 3851 2986 tunc

2244 3036 2429 3089 egisse
2470 3019 2732 3074 deiiniunt
2755 3018 2805 3072 κ.
2828 3018 3055 3074 Sacrum
3080 3019 3207 3090 ejus
3234 3021 3737 3089 corpusconditum
3764 3030 3852 3077 est

2232 3113 2300 3167 in
2330 3110 2657 3167 monasterio
2681 3110 2952 3165 Bnbiensi.
2985 3110 3341 3177 Mabillonius,
3375 3112 3466 3181 qui
3491 3111 3719 3168 Bobium
3749 3128 3849 3184 pe-

557 3216 639 3272 dit
676 3217 886 3287 insigne
925 3216 1253 3272 omnobium.
1285 3215 1363 3271 De
1399 3223 1643 3284 tempore
1687 3229 1797 3285 quo
1843 3212 2143 3268 Luxovium
2249 3204 2365 3269 ιῖὶι,
2397 3204 2513 3259 hmo
2560 3203 2753 3258 litteris
2782 3202 3002 3259 tradidit
3030 3200 3046 3240 ι
3078 3221 3091 3255 :
3129 3221 3147 3255 ί
3177 3201 3235 3259 in
3277 3203 3497 3259 basilica
3526 3205 3849 3261 monasterii

559 3309 790 3368 accessi;
825 3307 970 3364 haud
1015 3308 1174 3380 plane
1228 3315 1458 3364 constat,
1490 3306 1735 3363 αοίηιίυε
1782 3316 1962 3362 tamen
2010 3321 2032 3348 c
2082 3322 2146 3362 ac
2253 3294 2387 3349 nihil
2433 3295 2544 3349 fere
2589 3301 2835 3364 superest
2868 3308 2935 3347 ex
2981 3293 3155 3363 prima
3198 3294 3436 3349 coenobii
3483 3294 3850 3364 antiquitate,

533 3421 539 3459 :
561 3411 691 3472 post
712 3401 889 3471 ipsum
909 3399 1250 3457 Mabiilonius
1268 3400 1297 3439 α
1321 3416 1521 3456 annum
1540 3408 1785 3456 statuunt
1801 3399 1927 3454 590.
1962 3398 2145 3455 Luxu-

2250 3401 2357 3455 prze
2371 3396 2450 3440 ter
2469 3394 2686 3455 cryptas
2703 3383 3105 3449 subterraneas,
3130 3382 3219 3438 ubi
3237 3384 3425 3437 altaria
3442 3392 3696 3452 quatuor,
3716 3384 3850 3438 olim

556 3493 650 3548 vin
680 3492 864 3564 pulsus
890 3491 1180 3549 iniitaliam
1209 3507 1270 3548 se
1294 3493 1526 3563 recepit,
1548 3491 1853 3549 ac’ceiebre
1880 3491 2145 3547 Bobiense

2250 3475 2498 3546 quinque.
2515 3473 2571 3528 lu
2580 3474 2860 3545 praecipuo
2872 3489 3069 3546 corpus
3086 3473 3255 3529 sancti
3266 3473 3583 3528 Columbani
3598 3489 3850 3528 asserva-

561 3560 950 3636 monasterium
977 3581 1176 3647 erexit;
1205 3582 1258 3636 in
1286 3560 1724 3651 quofpostquam
1751 3595 1948 3637 annum
1980 3596 2141 3634 unutn

2250 3570 2336 3618 tur
2358 3564 2494 3618 intra
2527 3562 2792 3633 lapideam
2810 3578 3010 3628 arcam,
3051 3578 3171 3632 qua:
3197 3560 3497 3617 annoll80
3536 3564 3655 3618 rudi
3683 3578 3852 3633 opere

24 5620 26 5755 Ὺ

24 6006 26 6096 ι

559 3670 917 3741 explevisset,
943 3670 1087 3727 diem
1128 3670 1323 3726 clausit
1346 3678 1645 3726 extremum
1685 3668 1884 3725 xi'Kal.
1916 3670 2143 3725 Decem-

556 3763 694 3832 bris,
724 3771 784 3819 ut
820 3764 1004 3820 scribit
1041 3762 1208 3819 Jonas
1235 3772 1258 3800 ε
1287 3763 1415 3833 :qui
1443 3762 1560 3818 dies
1588 3777 1805 3833 quoque
1847 3770 2065 3821 notatur
2090 3762 2143 3818 in

544 3853 783 3911 "Tabulis
800 3854 1210 3920 ecclesiasticis;
1230 3853 1429 3910 Christi
1438 3869 1582 3910 anno
1595 3851 1874 3921 scilicetlil
1884 3851 1935 3920 5,
1954 3862 2007 3907 ut
2026 3861 2149 3923 post

562 3944 835 4001 Cointium
856 3945 875 3983 τ
905 3946 1066 4001 docet
1084 3946 1422 4004 Mabillonius
1438 3957 1484 4000 ις.
1503 3945 1622 4013 Quo
1644 3954 1823 4001 autem
1847 3944 2021 4000 astate
2039 3957 2149 3999 sua:

565 4050 767 4092 annore
795 4035 929 4091 vivis
954 4036 1250 4093 excesserit
1270 4036 1358 4091 vir
1393 4037 1602 4103 beatus,
1632 4034 1774 4091 haud
1801 4034 1933 4091 satis
1960 4032 2150 4103 explo-

564 4135 742 4182 ratum
762 4125 1042 4183 habemus.
1070 4126 1122 4181 Id
1150 4128 1327 4183 solum
1356 4126 1624 4191 novimus,
1655 4126 1852 4196 ipsum,
1876 4114 2004 4180 dum
2030 4137 2150 4180 car-

549 4235 690 4277 rmen
717 4221 980 4277 scriberet
1013 4219 1080 4276 ad
1120 4218 1425 4287 Fedolium,
1454 4218 1571 4275 hau:
1598 4218 1666 4275 de
1709 4234 1768 4275 se
1795 4214 2056 4275 cecinisse
2075 4211 2104 4252 δ
2132 4231 2148 4269 :

688 4356 806 4405 Haec
829 4358 920 4406 tibi
941 4356 1170 4418 dictaram
1193 4356 1375 4418 morbis
1398 4368 1665 4418 Oppressus
1686 4355 1875 4405 acerbis

673 4418 905 4481 Corpore
926 4430 1048 4481 quos
1068 4417 1227 4481 fragili
1253 4417 1681 4479 [annona-tuique
1713 4426 1932 4469 senecta.

690 4479 809 4542 Nam
834 4479 957 4542 dum:
973 4479 1206 4542 praecipiti
1232 4480 1459 4531 labuntur
1479 4486 1698 4541 tempora
1723 4491 1869 4529 cursu
1889 4518 1905 4541 ,

680 4540 827 4590 Nunc
847 4541 908 4590 ad
929 4540 1221 4605 Olympiadis
1238 4546 1316 4592 ter
1337 4554 1472 4592 sena
1500 4542 1719 4590 venimus
1738 4540 1905 4592 annos.

571 4646 643 4701 Ut
667 4645 892 4719 proinde
926 4663 945 4697 ‹
975 4645 1049 4700 ita
1073 4645 1347 4716 scripserit
1375 4644 1761 4714 Columbanus,
1790 4644 1965 4714 inquit
1990 4641 2155 4701 Usse-

569 4737 680 4791 rius
713 4733 768 4802 1,
800 4750 996 4790 annum
1042 4749 1206 4805 agens
1230 4736 1316 4791 vel
1353 4734 1802 4806 septuagesimum
1831 4733 2153 4799 secundum,

570 4828 615 4882 si
642 4836 879 4898 quatuor,
911 4825 993 4881 vel
1021 4825 1519 4896 quadragesimum,
1547 4826 1594 4882 si
1633 4828 1854 4897 quinque
1890 4840 2156 4880 annorum

572 4918 747 4990 spatio
778 4916 1123 4987 (Latinorum
1153 4916 1508 4987 quorumdam
1530 4917 1712 4986 more)
1742 4915 2151 4987 olympiadicam

560 5008 852 5081 :periodutn
915 5006 1253 5063 deﬁniamus.
1283 5026 1303 5062 ι
1356 5008 1537 5080 Atque
1593 5008 1733 5062 hanc
1797 5005 2150 5076 posteriorem

647 5147 677 5208 ε
707 5134 834 5193 ~don.
871 5137 915 5192 γ
922 5138 982 5192 it.
1013 5136 1074 5193 S.
1100 5136 1346 5200 Columb.
1371 5137 1514 5208 apud
1539 5136 1741 5192 Mabill.
1776 5136 1895 5190 Act.
1923 5135 2021 5191 SS.
2050 5136 2157 5192 Be-

576 5207 705 5279 ned.
741 5218 874 5264 tom.
907 5209 971 5275 ll,
1001 5222 1122 5279 pag.
1156 5209 1191 5262 5
1212 5223 1329 5279 seq.

645 5278 672 5317 δ
714 5279 916 5336 Mabiil.
970 5276 1164 5335 Annal.
1208 5276 1413 5335 Bened.
1452 5278 1553 5334 lib.
1584 5293 1711 5343 vm,
1771 5285 1903 5332 tum.
1934 5276 1958 5332 »Ι
1982 5318 1996 5343 ,
2033 5280 2177 5349 pag.

460 5350 481 5408 ζ
582 5347 680 5403 191
708 5365 862 5420 seqq.

638 5428 672 5455 νε
724 5417 898 5479 Coint.
928 5420 1121 5475 Annal.
1151 5420 1283 5475 eccl.
1316 5427 1449 5473 tom.
1478 5417 1544 5483 li,
1574 5432 1697 5488 pag.
1721 5417 1845 5474 570.

648 5488 689 5528 εὖ
727 5488 929 5549 Mabill.
959 5492 994 5545 Ι.
1020 5506 1099 5549 0..
1130 5504 1253 5549 batt-
1278 5488 1401 5545 192.

648 5504 687 5528 ια
727 5504 929 5549 statim.
959 5504 994 5545 ι.
1020 5506 1099 5557 c.,
1130 5504 1253 5558 pag.
1278 5504 1401 5545 Νι.

648 5573 675 5647 ς
716 5558 837 5647 ξω).
856 5562 1010 5647 apud
1038 5559 1400 5647 Mabill.ni_.ue.,
1427 5572 1546 5630 pag.
1575 5557 1662 5614 26.

651 5634 673 5672 ί
716 5626 960 5685 Coint.-1.
992 5646 1066 5698 c.,
1098 5645 1214 5699 pag.
1243 5626 1366 5683 679.
1427 5626 1442 5630 ’
1503 5626 1515 5628 ⁷

646 5713 676 5751 s
722 5698 917 5756 nubili.
950 5701 1066 5754 Act.
1093 5703 1190 5753 ὃς.
1222 5699 1515 5769 Bened.,p.
1542 5698 1630 5766 26,
1662 5707 1774 5753 not.
1809 5701 1857 5752 ὁ.

2258 3655 2396 3709 iacta
2421 3663 2523 3709 est.
2554 3652 2773 3709 Scilicet
2797 3655 2901 3709 hoc
2922 3654 3209 3723 superbum
3227 3652 3370 3707 .illud
3399 3663 3481 3708 est
3509 3653 3850 3708 mausoleum

2249 3744 2428 3813 magni
2470 3743 2742 3813 quondam
2784 3743 2993 3798 abbatis
3036 3743 3384 3810 Columbani;
3426 3742 3521 3799 sed
3567 3742 3851 3815 quibusvis

2246 3827 2438 3891 loculis
2466 3834 2642 3889 aureis
2662 3834 3075 3905 praeferendum.
3106 3854 3126 3888 ι

2320 3925 2384 3981 ιι.
2426 3925 2555 3992 Qua:
2604 3933 2861 3995 superant
2906 3927 3078 3981 sancti
3130 3925 3447 3981 Columbani
3486 3925 3687 3995 scripta
3714 3966 3733 3992 ,
3784 3940 3852 3980 ea

2245 4018 2475 4087 junctim
2499 4017 2643 4073 edita
2673 4015 2895 4071 Lovanii
2924 4016 3192 4085 evolgavit
3234 4032 3377 4070 anno
3402 4013 3538 4068 1667
3579 4014 3852 4070 Patricius

2246 4107 2579 4177 Flemingus.
2634 4105 2874 4161 Primum
2926 4106 3108 4175 itaque
3156 4108 3397 4161 omnium
3445 4114 3683 4160 occurrit
3730 4106 3853 4174 ejus

2258 4197 2455 4268 Regula
2506 4196 2837 4262 cwnobialis;
2867 4211 3027 4267 quam
3070 4206 3281 4262 tamen,
3310 4196 3579 4267 praeterita
3611 4195 3851 4251 Flemin-

2252 4289 2408 4359 giaua
2448 4289 2719 4352 editione,
2760 4288 3153 4361 desumpsimus
3180 4304 3248 4344 ex
3275 4289 3479 4359 optimo
3506 4288 3709 4345 Codice
3739 4288 3849 4343 Be-

2253 4384 2497 4453 gularum
2516 4381 2896 4438 Holsteniano:
2922 4392 3083 4452 atque
3107 4381 3211 4438 hoc
3231 4381 3544 4452 praeclarum
3565 4380 3849 4451 exemplar

2249 4474 2371 4545 jure
2416 4474 2693 4531 celebrant
2734 4474 3050 4544 ueterisque
3105 4474 3273 4544 pluris
3319 4473 3521 4528 ducunt
3558 4473 3659 4527 viri
3697 4472 3847 4527 docti

2243 4564 2420 4621 modo
2463 4563 2660 4619 laudati
2693 4574 2752 4618 ω.
2784 4564 3173 4634 Compiectitur
3210 4562 3474 4633 ejusmodi
3518 4561 3723 4631 Regula
3753 4578 3847 4618 ca-

2255 4656 2367 4727 pita
2414 4654 2598 4712 decem
2642 4670 2764 4710 cum
2806 4653 2947 4726 apud
2988 4653 3247 4709 Thomam
3291 4651 3745 4722 Messingbamum
3795 4651 3849 4704 in

2248 4746 2542 4818 Florilegio
2585 4745 2885 4811 Hiberniae,
2920 4754 3033 4800 tum
3071 4746 3213 4813 apud
3255 4742 3460 4799 Lucam
3508 4740 3849 4797 llolstenium

2258 4838 2312 4892 in
2340 4836 2540 4893 Codice
2580 4835 2925 4906 Regularum.
2967 4834 3067 4891 Ubi
3099 4832 3494 4891 observandum
3532 4847 3658 4888 eum
3684 4829 3852 4886 Coin-

2181 4953 2234 5015 υ
2260 4926 2335 4981 tio
2356 4935 2404 4992 τι,
2436 4934 2598 4997 caput
2625 4926 2709 4993 l0,
2735 4928 2877 4995 quod
2907 4928 2960 4982 in
2989 4925 3275 4981 Codieibus
3302 4939 3433 4980 mss.
3463 4930 3520 4978 et
3546 4920 3850 4991 exemplari

2255 5018 2430 5085 sancti
2454 5017 2593 5075 Galli
2622 5019 2973 5085 desideratur,
3006 5026 3221 5074 exstare
3249 5018 3302 5072 in
3327 5015 3528 5072 Codice
3566 5014 3849 5077 Balnensi,

2331 5148 2359 5187 ιι
2393 5148 2643 5203 Columb.
2672 5148 2851 5203 Carm.
2884 5147 2972 5209 lll.
3009 5148 3107 5202 ltiO
3136 5162 3286 5216 seqq.
3313 5147 3449 5201 inira
3480 5161 3534 5217 p.
3567 5144 3751 5217 560d.

2336 5219 2355 5257 ί
2409 5218 2589 5274 Usser.
2614 5218 2796 5273 Veter.
2830 5217 2997 5288 Epist.
3031 5213 3498 5288 Hibern.'syllog.,
3523 5230 3645 5288 pag.
3681 5213 3769 5267 l7.

2340 5292 2355 5341 t
2412 5288 2612 5344 Mabili.
2632 5292 2824 5343 Annal.
2848 5281 2975 5344 0rd.
2999 5287 3200 5345 Bened.
3234 5281 3328 5343 lib:
3354 5281 3486 5357 “,5
3513 5281 3616 5351 17,’
3632 5294 3765 5340 tom.
3804 5281 3846 5348 l,

2263 5375 2317 5429 p.
2349 5357 2474 5429 287i.

2324 5432 2358 5499 ,ι
2404 5428 2545 5483 Hist.
2577 5428 2736 5485 littér.
2767 5430 2829 5485 de
2856 5430 2907 5483 la
2936 5427 3165 5492 France,
3194 5436 3327 5481 tom.
3358 5423 3446 5490 lli,
3480 5441 3535 5495 p.
3561 5424 3685 5489 509.

2337 5498 2356 5538 ι
2407 5498 2610 5553 Habill.
2644 5499 2959 5553 lterltalic..
2988 5513 3108 5553 omn.
3140 5498 3261 5552 214.

2337 5499 2356 5538 ι
2407 5499 2610 5554 Habill.
2644 5499 2959 5563 lterltalic.,
2988 5513 3108 5566 pug.
3140 5499 3261 5552 ΞΗ,

2330 5581 2368 5651 f“
2393 5568 2551 5651 [ἕξει.
2580 5569 2733 5651 liltér.
2764 5570 2826 5624 de
2850 5568 3156 5651 ια-ξιςαηεε,
3186 5568 3221 5622 1.
3242 5584 3313 5635 c.,
3344 5581 3465 5638 pag.
3496 5564 3551 5618 5i
3572 5565 3615 5619 l.

2322 5650 2348 5676 ι’
2389 5639 2564 5695 Coint.
2597 5640 2632 5693 l.
2666 5656 2739 5705 c.,
2762 5654 2881 5710 pag.
2915 5640 3034 5692 57!.
3578 5686 3581 5687 ν
