4052 6332
241 354 367 414 ’θ’
1450 356 1725 412 ΒΕΕΕΙΑ
1767 356 2222 423 ΟΟΕΝυΒΙᾹΙΛ8.
3208 411 3210 414 ,
3407 357 3512 413 210

239 471 423 534 tradit,
474 470 567 526 sel
599 470 868 539 generaha
901 478 1108 541 tantum
1153 479 1353 526 statuta
1405 470 1695 541 praescribit
1726 488 1740 535 ;
1772 470 1843 523 ita
1873 478 1931 541 ut
1956 470 2074 541 viva
2124 471 2304 539 potius
2342 484 2494 535 voce,
2518 484 2679 540 quam
2710 472 2911 541 scripta
2945 471 3169 541 Regula,
3192 472 3502 541 monacho.

242 558 367 596 suos
404 541 665 596 direxisse
679 542 960 612 Avideatur.
1001 540 1094 596 His
1124 552 1303 597 earrtn
1343 539 1452 597 non
1477 542 1832 612 obstantibus,
1858 539 2462 612 disciplinagmonastica
2492 539 2607 596 a’S.
2636 539 2968 598 Columbano
3006 539 3145 612 apud
3172 540 3355 597 Gallos
3383 559 3501 611 pro-

275 618 432 675 agata
464 613 629 667 miros
669 610 794 667 fecit
821 627 1159 682 progressus,
1185 613 1349 667 etiam
1389 621 1511 682 post
1538 611 1654 677 ejus
1684 610 1927 682 Lnxbvio
1951 610 2345 682 expulsionem,
2374 620 2537 681 atque
2563 614 2615 666 in
2646 612 2851 671 Italiam
2882 610 3171 676 secessum,
3198 613 3286 667 ubi
3315 610 3497 667 ite'run

275 629 432 675 agata
464 629 629 667 nurus
669 629 794 667 ιεοιι
821 629 1159 682 progressus,
1185 629 1349 667 θιιεηῐι
1389 629 1511 682 pos:
1538 629 1654 677 ejus
1684 629 1927 665 LIIXOVIO
1951 629 2345 679 exputsnonem,
2374 629 2537 681 atque
2564 629 2615 666 In
2646 629 2851 671 "aliam
2882 629 3171 676 secessum,
3198 629 3286 667 UDI
3315 629 3497 667 tterurr

240 629 511 737 Bobiensia
538 683 710 736 erexit
757 682 1093 747 cceuobium,
1128 690 1185 738 et
1208 683 1408 738 ibidem
1437 682 1674 752 piissime
1701 681 1854 745 obiit,
1887 696 2100 752 sacrum
2130 681 2442 752 exuviarum
2476 683 2670 751 pignus
2696 684 2978 739 monachis
3002 687 3113 737 suis
3144 685 3194 737 in
3230 684 3431 740 amoris
3460 693 3500 739 «Δ

240 753 557 825 reverentia:
590 762 891 825 (tesseram,
924 753 1252 825 relinquens.
1302 752 1417 825 Non
1439 750 1643 825 iso'um
1699 751 1842 825 enim
1894 750 1945 805 iu
1996 750 3137 825 Lusoviensi,__Bobie:nsi,~Ancgreysiensi,
3187 754 3503 809 l’ontanens'

240 823 565 894 aliisque‘ab
587 822 703 894 ipso
730 824 927 894 erectis
954 821 1242 894 cinnobiis,
1270 823 1364 879 sed
1393 824 1556 894 etiam
1590 823 1639 894 in
1673 822 1792 876 aliis
1820 837 1917 891 per
1940 821 2311 894 sanctissimos
2332 822 2623 894 discipulos
2653 821 2862 877 Gallum
2894 821 2948 878 et
2978 824 3352 894 Magnoaltlum
3384 840 3507 879 con-

238 893 366 947 .Iitis
395 893 738 946 monasteriis
767 893 879 947 hanc
910 893 1113 960 Regula
1144 895 1444 948 monastiua
1484 891 1725 961 pluribus
1747 894 1903 945 anuis
1922 893 2033 945 sola
2060 892 2240 945 lloruit
2266 900 2320 944 et
2348 893 2753 947 observabatur.
2777 894 2885 949 Nec
2915 904 3019 948 tam
3049 891 3157 949 cito
3190 897 3302 949 huic
3330 911 3515 947 tuoua.

240 963 403 1017 stt-ria
428 961 686 1034 Regulam
715 962 772 1018 8.
804 963 1076 1017 Benedicti
1106 965 1275 1018 solam
1321 963 1905 1034 amplectivoluerunt,
1932 962 2028 1034 sed
2057 962 2563 1034 gradatimalt’etera
2592 965 2789 1033 quippe
2823 972 3025 1019 statuta
3054 966 3345 1034 derepente
3373 968 3517 1034 apud

239 1032 534 1086 monachos
573 1033 625 1085 in
648 1032 1055 1088 desuetudinem
1091 1049 1196 1088 non
1222 1031 1441 1097 abeunt,
1465 1042 1521 1104 et
1553 1033 1629 1087 sic
1651 1031 1792 1104 apud
1823 1033 2063 1104 laudatos
2093 1031 2470 1104 Betiedfictiuos
2496 1031 2799 1104 Scriptores
2830 1031 3197 1089 Mabillouiuni
3219 1043 3271 1088 et
3296 1031 3510 1089 Calme-

238 1112 355 1156 tum
384 1104 697 1174 reperimus,
729 1104 868 1157 hanc
914 1105 972 1157 S.
995 1103 1311 1158 Columbani
1359 1103 1638 1170 Regulam,
1672 1101 1850 1174 adhuc
1880 1102 2093 1157 labente
2122 1102 2319 1157 saeculo
2350 1104 2599 1172 septimo,
2620 1101 2791 1158 'simul
2838 1121 2965 1158 cura
2998 1105 3198 1174 Regula
3244 1104 3301 1158 S.
3337 1105 3515 1159 Bene-

240 1174 369 1244 dicti
392 1172 460 1244 in,
490 1171 725 1240 praefatis
780 1174 1123 1229 monasteriis
1166 1175 1391 1244 aliisque
1435 1174 1674 1243 pluribus
1705 1173 2045 1244 observatam
2100 1174 2293 1244 fuisse;
2346 1171 2517 1228 donec
2569 1174 2657 1227 illa
2701 1171 3217 1239 Benedictinmsoli,
3262 1184 3518 1244 tanquam

238 1241 572 1311 perfectiori,
600 1246 815 1298 tandem
848 1244 1020 1299 locum
1064 1244 1195 1300 dare
1223 1241 1412 1300 coacta
1439 1241 1568 1304 Vest.
1639 1242 1744 1297 ttod
1791 1243 2012 1297 ineunte
2042 1242 2241 1298 saeculo
2282 1252 2476 1297 octavo
2510 1244 2562 1297 in
2592 1245 2840 1298 omnibus
2872 1247 3212 1301 monasteriis
3243 1241 3383 1299 nulla
3414 1246 3519 1299 alia

238 1327 402 1365 uuam
430 1311 629 1365 Regula
659 1311 715 1365 S.
752 1313 1020 1365 Bencdicti
1058 1314 1339 1365 observata
1373 1315 1549 1365 fuerit.
1581 1259 1717 1365 ιῗυίρ
1745 1314 1905 1365 etiam
1937 1312 2153 1365 Reaula:
2189 1312 2471 1365 subiicitur
2500 1314 2557 1365 S.
2589 1314 2905 1365 Culumhani
2935 1313 3089 1365 Liber
3114 1315 3516 1365 Pmnilentialis.

237 1327 402 1379 quam
430 1311 629 1380 Rvgula
659 1311 715 1366 S.
752 1313 1020 1368 Benedicti
1058 1314 1339 1369 observata
1373 1315 1549 1369 fuerit.
1581 1311 1717 1369 Iluic
1745 1314 1905 1368 etiam
1937 1312 2153 1382 Regula:
2189 1312 2471 1382 subjicitur
2500 1314 2557 1369 S.
2589 1314 2905 1369 Columbani
2935 1313 3089 1370 Liber
3114 1315 3516 1380 Paenitentialis,

238 1383 594 1455 prafscribeus
622 1398 805 1453 plenas
844 1385 1116 1451 regulares
1148 1400 1244 1453 pro
1267 1384 1506 1455 qualibet
1535 1384 1692 1453 culpa
1737 1384 2005 1455 levissima
2047 1385 2334 1455 commissa
2361 1394 2549 1455 contra
2580 1384 2839 1452 Regulam
2870 1394 2924 1439 et
2952 1387 3263 1440 monasterii
3288 1399 3518 1440 consue-

240 1452 520 1516 tudinem;
551 1452 669 1527 quae
710 1464 887 1527 tanien
918 1470 1109 1527 ρωιιω,
1142 1452 1492 1527 ςτεῑίεέτιηηε
1542 1471 1639 1527 pro
1667 1455 1803 1527 adeo
1848 1454 2025 1527 parvis
2062 1454 2523 1527 delictispnullam
2564 1457 2954 1527 connexionem
2984 1471 3105 1511 cum
3143 1455 3512 1527 ipsa_Begula.

238 1530 340 1595 aut
364 1538 496 1595 cum
526 1526 644 1577 aliis
688 1526 905 1595 scriptis
931 1526 1054 1579 vita:
1086 1526 1394 1581 tuonasticze
1447 1524 1650 1579 normis
1701 1525 1902 1595 habere
1934 1525 2219 1595 videntur;
2252 1525 2497 1593 adeoque
2527 1525 2699 1595 poenio
2730 1526 2832 1580 illa:
2874 1524 3176 1582 monachis
3200 1524 3414 1581 inﬂictae
3443 1541 3511 1579 ex

239 1592 741 1665 rigida__$cotorum
774 1594 1050 1664 disciplina
1098 1605 1299 1650 exortae
1342 1603 1503 1651 sunt:
1532 1592 2040 1665 proutiesOrdiue
2094 1592 2563 1665 tuonastico’apud
2597 1593 2932 1665 Culroeeuses
2978 1597 3273 1651 monachos
3301 1594 3533 1664 Scotos,.

239 1663 358 1715 sive
390 1660 655 1737 (filedeas,
698 1666 785 1718 int:
806 1681 849 1737 ις
872 1660 1234 1737 additamenta
1265 1665 1497 1721 adducto
1534 1660 1767 1737 patebit.
1797 1663 2161 1737 Quodautein
2191 1664 2281 1719 hic
2312 1660 2696 1720 Paenitentialis
2740 1664 2893 1720 Liber
2929 1683 2998 1721 ex
3027 1666 3298 1722 communi
3327 1660 3521 1721 ScotoL

239 1746 363 1785 rum
396 1732 776 1805 Monachorum
802 1735 1081 1802 disciplina
1116 1735 1428 1805 desumptus
1467 1732 1559 1800 sit,
1590 1735 1810 1790 cuilibet
1857 1736 1909 1788 in
1957 1735 2180 1790 historia
2211 1737 2504 1790 monastica
2546 1737 2628 1789 vel
2674 1736 2866 1791 leviter
2894 1747 3110 1792 versato
3153 1738 3371 1791 obvium
3402 1752 3521 1791 esse

236 1811 461 1876 potest;
487 1821 609 1876 cuiu
637 1804 726 1876 hic
770 1807 999 1876 ipsemet
1040 1807 1174 1861 liber
1217 1809 1268 1876 iu
1300 1804 1524 1861 vetustis
1546 1805 1822 1860 codicibus
1850 1819 1971 1875 app:
1991 1806 2108 1859 Ifari
2162 1805 2335 1876 soleat
2366 1823 2380 1859 :
2411 1805 2611 1876 Regula
2650 1808 2947 1860 caenobialis
2976 1808 3192 1861 Patrum
3220 1806 3543 1873 Scotorum,L

230 1880 296 1949 et
320 1873 607 1949 aliquando
640 1893 660 1949 ;Δ
688 1873 887 1949 Regula
918 1874 1629 1949 Fratrum(Ilibernensium;
1656 1873 1934 1944 utriusque
1965 1878 2106 1929 enim
2135 1874 2309 1944 gentis
2341 1873 2620 1932 monachis
2650 1892 2938 1932 commune
2974 1889 3112 1946 erat,
3145 1894 3244 1949 pro
3275 1877 3529 1933 minutis-

232 1941 393 1997 simis
419 1944 588 2013 culpis
618 1941 814 2013 rigidas
845 1962 1033 2017 ptnnas
1081 1947 1344 2015 inﬂigere.

954 2150 1633 2267 SANCTI
1709 2150 2785 2289 QOLUMBANI

1472 2295 1757 2396 ABBATIS.
1773 2343 1853 2394 ET
1887 2344 2312 2397 CONFESSORIS

656 2508 711 2559 ω
783 2440 1600 2618 REGULA
1673 2465 3031 2617 COENO’BIALIS.

1487 2718 1746 2781 (Calland'i
1767 2716 1891 2767 Bibl.
1911 2716 2043 2766 Patr.
2069 2720 2105 2764 t.
2132 2712 2259 2777 XII.)

1798 2799 1968 2815 -__-—‘

747 2863 973 2920 CAPUT
1014 2861 1302 2918 PRIMUM.

821 2954 897 3009 De
926 2954 1239 3010 obedientia.

315 3050 500 3103 Primo
544 3048 783 3102 omnium
832 3046 1090 3102 docemur
1118 3047 1285 3101 Deum
1337 3047 1559 3115 diligere
1601 3063 1665 3102 ex
1722 3056 1838 3102 toto

232 3141 412 3196 corde
442 3148 497 3195 et
524 3156 590 3194 ut
622 3147 732 3194 tota
764 3147 943 3193 mente
966 3137 1184 3203 (Matth.
1229 3154 1359 3205 χχιι,
1408 3138 1501 3208 57)
1534 3148 1588 3193 et
1616 3154 1681 3193 ex
1712 3139 1837 3193 totis

235 3231 471 3295 viribus,
498 3242 550 3286 et
579 3231 886 3301 proximum
918 3239 1171 3300 tanquam
1215 3229 1592 3299 nosmetipsos.
1633 3229 1835 3284 Deinde

235 3321 311 3375 ad
349 3321 580 3390 primum
629 3320 849 3374 verbum
894 3318 1122 3374 senioris
1150 3332 1337 3373 omnes
1368 3318 1433 3372 ad
1476 3318 1835 3373 obedientium

232 3410 526 3466 audientes
548 3426 771 3481 surgere
793 3420 1010 3480 oportet
1034 3428 1047 3463 :
1072 3409 1197 3480 quia
1225 3409 1528 3464 obedientia
1558 3410 1665 3465 Deo
1687 3410 1838 3465 exhi—

235 3503 429 3570 betur,
461 3503 673 3558 dicente
705 3502 929 3558 Dornino
965 3510 1150 3556 nostro
1181 3499 1307 3556 Jcsu
1336 3502 1552 3557 Christo
1584 3519 1595 3554 :
1629 3502 1728 3567 Qui
1751 3518 1837 3557 ros

233 3594 416 3663 audit,
454 3611 534 3649 me
559 3594 705 3648 audit
738 3593 889 3666 (Luc.
923 3610 975 3660 ε,
1005 3592 1119 3663 28).

316 3683 376 3740 Si
405 3686 527 3755 quis
551 3686 714 3754 igitur
732 3686 954 3740 verbum
985 3683 1209 3740 audiens
1238 3700 1345 3740 non
1377 3684 1560 3740 statim
1589 3700 1839 3741 surrexe-

234 3778 318 3834 rit
346 3776 995 3846 inobediensjutlicandus
1016 3784 1118 3832 est.
1151 3775 1252 3842 Qui
1282 3784 1463 3831 autem
1495 3778 1831 3833 contradixe-

236 3868 344 3933 rit,
373 3869 724 3924 contumacia:
752 3870 958 3925 crimen
990 3869 1214 3925 incurrit
1246 3888 1259 3923 :
1285 3878 1341 3925 et
1367 3871 1488 3926 ideo
1520 3886 1626 3926 non
1660 3871 1835 3927 solum

237 3958 627 4015 inobedientia:
673 3976 797 4015 reus
842 3968 964 4026 est,
1028 3960 1122 4015 sed
1172 3961 1335 4016 etiam
1394 3962 1840 4019 contradictionis

234 4052 453 4106 aditum
484 4052 603 4108 aliis
625 4052 895 4124 aperiens,
917 4052 1205 4109 multorum
1238 4052 1544 4109 destructor
1567 4055 1839 4110 :estimau-

232 4144 351 4199 dus
379 4152 484 4199 est.

1862 2847 1909 2905 Α
1940 2862 2123 2933 dignus
2154 2858 2306 2931 (Luc.
2341 2877 2446 2927 xw,
2477 2861 2590 2931 ετ).
2618 2860 2683 2915 Et
2725 2861 2852 2917 ideo
2887 2862 3016 2918 dicit
3050 2866 3117 2921 de
3160 2864 3322 2935 digno
3361 2865 3527 2922 disci-

1938 2953 2065 3024 pulo
2100 2970 2112 3005 :
2151 2951 2218 3006 Ut
2262 2951 2348 3007 ubi
2394 2970 2487 3025 ego
2533 2969 2655 3016 sim,
2683 2951 2754 3007 ibi
2782 2962 2829 3007 et
2860 2956 3096 3009 minister
3135 2973 3276 3011 meus
3329 2974 3553 3016 mecum.

1939 3044 2123 3115 (Joan.
2157 3060 2250 3111 sit,
2283 3041 2398 3114 25).
2521 3115 2798 3172 “APUT
2863 3118 2913 3173 η

2565 3209 2641 3263 De
2669 3209 2893 3264 silentio.

2009 3300 2211 3356 Silendi
2260 3300 2445 3371 regula
2485 3300 2769 3370 diligenter
2796 3302 3147 3357 custodienda
3176 3303 3483 3359 decernitur
3508 3324 3553 3372 ς,

1938 3394 2062 3461 quia
2093 3392 2351 3461 scriptum
2376 3399 2459 3447 est
2484 3410 2496 3445 :
2526 3391 2701 3447 Cultus
2724 3402 2893 3447 autem
2912 3394 3135 3465 justitia:
3167 3375 3445 3460 silentium,
3475 3406 3530 3450 et

1940 3500 2044 3549 pax
2067 3482 2202 3557 (Isa.
2226 3501 2391 3550 χχχιι,
2408 3483 2523 3556 27).
2550 3485 2616 3539 Et
2636 3485 2757 3541 ideo
2780 3504 2793 3541 :
2819 3503 2887 3542 ne
2910 3497 3089 3541 reatus
3110 3488 3175 3543 de
3200 3488 3528 3545 verbositate

1940 3580 2308 3649 conquiratur,
2339 3580 2576 3649 exceptis
2600 3580 2918 3637 utilitatibus
2946 3590 2999 3636 et
3021 3583 3356 3648 necessariis,
3391 3599 3543 3655 opus.

1940 3678 2023 3723 cst
2044 3678 2101 3724 ut
2126 3678 2403 3738 taceatur;
2434 3672 2584 3742 quia,
2620 3671 2774 3741 juxta
2804 3672 3155 3742 Scripturam,
3188 3673 3253 3727 In
3299 3676 3528 3729 multilo-

1940 3772 2059 3840 quio
2100 3788 2206 3826 non
2247 3771 2409 3826 deerit
2451 3782 2714 3840 peccatum
2748 3771 2928 3843 (Prov.
2973 3788 3027 3836 κ,
3055 3773 3168 3841 I9).
3217 3771 3283 3826 Et
3328 3772 3528 3828 idcirco

1939 3860 2189 3916 Salvator
2216 3861 2290 3915 ait
2314 3879 2328 3915 :
2356 3860 2437 3914 Ex
2462 3861 2625 3916 verbis
2656 3864 2757 3915 tuis
2782 3861 3094 3932 justiﬁcabei
3108 3863 3171 3929 is,
3198 3872 3245 3917 et
3273 3880 3337 3918 ex
3366 3864 3537 3917 verbis

1941 3951 2041 4005 tuis
2066 3950 2488 4007 condemnaberis
2512 3950 2727 4023 (Matth.
2761 3969 2857 4018 xu,
2886 3952 2998 4024 57).
3023 3950 3174 4009 Iuste
3202 3955 3530 4011 damnabun-

1942 4050 2030 4096 tur
2057 4042 2148 4111 qui
2184 4040 2331 4111 justa
2360 4042 2543 4097 dicere
2572 4042 2863 4098 noluerunt
2909 4059 3029 4099 cum
3061 4051 3390 4114 potuerunt;
3432 4044 3548 4100 seti

1942 4134 2105 4200 tuala,
2160 4133 2382 4204 injusta,
2437 4134 2624 4206 impia,
2685 4134 2886 4202 inania,
2957 4136 3237 4206 iniuriosa,
3298 4139 3527 4205 incerta,

402 4237 521 4306 quis
540 4251 672 4293 νει-ο
698 4239 1133 4305 ηιυιιιιιυιιενθτῘ[’
1152 4248 1206 4294 ει
1228 4240 1341 4308 ipse
1364 4247 1618 4308 tanquam
1643 4256 1748 4295 ηοη
1772 4257 1840 4295 ex
1874 4220 1915 4279 Β
1946 4224 2099 4290 falsa,
2157 4226 2520 4289 contentiosa,
2552 4228 2961 4295 contumeliosa,
3006 4230 3201 4301 turpia,
3261 4230 3529 4299 fabulosa,

233 4336 379 4381 voto
408 4326 687 4395 obediens,
720 4328 1035 4385 inobedieus
1064 4330 1330 4397 putandus
1352 4338 1460 4395 est;
1487 4330 1688 4385 idcirco
1705 4346 1841 4400 opus

230 4416 368 4485 ejus
382 4416 687 4486 abjiciatur,
701 4412 875 4474 donec
891 4419 1031 4474 illius
1045 4419 1185 4475 bona
1198 4420 1446 4474 voluntas
1460 4431 1837 4489 cognoscatur.

230 4508 562 4563 Obedientia
590 4517 770 4565 autem
801 4526 971 4580 usque
998 4510 1065 4565 ad
1094 4526 1255 4579 quem
1286 4510 1509 4565 modum
1546 4511 1839 4567 delinitur?

234 4597 436 4670 Usque
472 4601 539 4656 ad
567 4610 795 4657 mortem
824 4612 973 4659 certe
1010 4612 1276 4675 praecepta
1302 4613 1416 4670 est;
1445 4604 1568 4671 quia
1593 4603 1842 4660 Christus

227 4706 421 4759 usque
446 4690 511 4745 ad
542 4700 770 4747 mortem
794 4693 1030 4748 obedivit
1059 4694 1201 4748 Patri
1225 4709 1323 4763 pro
1346 4693 1520 4757 nobis,
1544 4709 1702 4763 quam
1723 4695 1840 4763 ipse

228 4779 406 4837 nobis
438 4796 534 4850 per
561 4779 882 4851 Apostolum
924 4784 1180 4851 insinuat,
1228 4783 1452 4838 dicens:
1490 4781 1607 4838 Hoc
1655 4786 1839 4839 sentite

221 4875 294 4929 in
346 4872 509 4940 vobis,
541 4873 677 4943 quod
719 4884 768 4928 et
814 4876 868 4929 in
898 4873 1102 4930 Christo
1124 4873 1249 4930 Iesu
1279 4891 1297 4929 :
1324 4876 1410 4947 qui
1439 4892 1552 4929 cum
1581 4877 1635 4930 in
1667 4879 1837 4945 [arma

223 4962 349 5018 Dei
378 4972 530 5023 esset,
556 4980 657 5017 non
689 4965 930 5032 rapinam
960 4965 1237 5021 arbitratus
1271 4977 1345 5021 est
1369 4984 1480 5021 esse
1505 4984 1560 5021 se
1590 4968 1837 5040 (aqualem

220 5053 403 5118 Deo;
442 5052 534 5106 sed
566 5055 894 5125 semetipsum
922 5057 1227 5123 exinanivit,
1261 5059 1483 5128 formam
1527 5061 1661 5113 servi
1700 5062 1839 5114 acci-

217 5145 416 5215 piens,
455 5151 505 5199 et
548 5146 714 5212 specie
741 5148 977 5200 inventus
1016 5157 1071 5200 ut
1118 5147 1288 5202 homo.
1317 5146 1625 5203 Humiliavit
1652 5162 1839 5205 semet-

216 5240 434 5308 ipsum,
464 5237 631 5307 [actus
674 5237 914 5292 obediens
943 5236 1094 5291 Patri
1133 5255 1292 5309 usque
1320 5238 1389 5292 ad
1419 5248 1655 5307 mortem,
1700 5259 1837 5296 mar-

219 5343 348 5384 tem
374 5335 545 5381 autem
574 5329 739 5382 crucis
780 5327 1003 5399 (Philip.
1034 5344 1091 5395 ιι,
1116 5326 1255 5398 5-8).
1291 5329 1432 5385 Nihil
1463 5331 1645 5402 itaque
1671 5348 1831 5388 recu-

211 5416 474 5477 sandum
526 5426 609 5473 est
654 5417 1053 5484 obedientibus,
1111 5419 1254 5475 veris
1283 5419 1483 5476 Christi
1537 5423 1832 5493 discipulis,

210 5508 494 5581 quamvis
530 5507 722 5564 durum
764 5517 819 5566 et
846 5510 1075 5564 arduum
1104 5511 1205 5578 sit,
1235 5511 1329 5566 sed
1360 5528 1482 5567 cum
1523 5513 1737 5570 [crvore
1779 5528 1836 5571 et

1946 4315 2282 4387 blasphema,
2310 4332 2497 4388 aspera
2526 4333 2588 4373 ac
2612 4318 2850 4374 ﬂexuosa
2877 4319 3022 4390 loqui
3053 4319 3265 4389 garrula
3290 4321 3531 4376 verbosi-

1946 4417 2055 4463 tate
2084 4410 2408 4465 maluerunt.
2462 4409 2767 4466 Tacendum
2801 4412 2962 4480 igitur
2994 4419 3077 4466 est
3124 4412 3190 4466 de
3220 4412 3299 4466 eis
3326 4421 3381 4468 et
3411 4412 3529 4468 tali-

1943 4502 2063 4567 bus,
2094 4508 2301 4555 etcum
2339 4502 2548 4557 cautela
2576 4511 2633 4557 et
2666 4502 2875 4557 ratione
2924 4502 3251 4571 loquendum
3291 4512 3385 4559 est.
3413 4516 3532 4558 mo-

1944 4593 2151 4660 nachis,
2195 4606 2264 4648 ne
2301 4600 2395 4647 aut
2421 4594 2806 4662 detractiones,
2852 4604 2946 4647 aut
2996 4593 3213 4648 tumida:
3253 4594 3529 4651 contradi-

1941 4685 2167 4752 ctiones,
2201 4685 2256 4741 in
2293 4685 2673 4755 loquacitatem
2704 4687 2952 4741 vitiosam
2993 4695 3364 4758 prorumpunt.

2562 4778 2788 4835 CAPUT
2818 4780 2900 4835 III.

2490 4870 2567 4925 De
2595 4871 2709 4925 ribo
2735 4879 2783 4924 et
2811 4880 2959 4942 potu.

2011 4962 2175 5019 Cibus
2217 4964 2289 5017 sit
2329 4962 2450 5018 vilis
2477 4970 2533 5018 et
2561 4965 2900 5033 vespertinus
2926 4965 3335 5032 monachorum,
3365 4966 3528 5021 satic-

1943 5065 2106 5111 tatem
2136 5054 2364 5125 fugiens,
2396 5062 2452 5110 et
2481 5063 2641 5125 potus
2668 5056 2982 5110 ebrietatem
3018 5074 3031 5109 :
3064 5065 3121 5111 ut
3148 5066 3205 5112 et
3240 5058 3522 5119 sustineat,

1940 5156 1996 5202 et
2022 5162 2131 5202 non
2162 5154 2374 5203 noceat.
2420 5145 2602 5214 Olera,
2631 5147 2924 5215 legumina,
2956 5147 3128 5203 farina
3159 5151 3311 5217 aquis
3336 5150 3521 5213 mixta,

1940 5252 2059 5292 cum
2107 5252 2274 5307 parvo
2304 5237 2456 5307 panis
2493 5237 2809 5306 paximatio,
2848 5253 2916 5293 ne
2942 5247 3132 5294 venter
3164 5244 3437 5302 oneretur,
3471 5248 3528 5292 et

1940 5342 2091 5382 mens
2120 5326 2433 5383 suﬂocetur.
2460 5326 2673 5383 Etenim
2703 5328 2917 5383 utilitati
2944 5337 2998 5381 et
3026 5328 3142 5383 usui
3166 5335 3369 5381 tantum
3392 5342 3525 5382 cou-

1938 5419 2218 5474 sulenduni
2271 5430 2375 5485 est,
2421 5428 2624 5475 aeterna
2688 5419 3115 5475 desiderantibus
3166 5408 3412 5487 prteniia;
3469 5430 3526 5473 et

1939 5508 2059 5564 ideo
2102 5511 2485 5580 temperandus
2524 5518 2608 5565 est
2651 5511 2725 5564 ita
2768 5524 2913 5575 usus,
2957 5509 3096 5562 sicut
3143 5509 3539 5578 temperandus,

210 5600 432 5668 [stitia
455 5600 826 5674 accipiendum
867 5610 969 5657 est.
1001 5599 1137 5668 Quia
1165 5602 1211 5656 si
1234 5601 1356 5657 talis
1383 5618 1490 5657 non
1521 5603 1681 5658 fuerit
1704 5607 1834 5661 obe-
1860 5600 1906 5661 C
1939 5612 2023 5656 est
2052 5602 2203 5657 labor
2232 5619 2245 5654 :
2278 5601 2401 5671 quia
2430 5603 2545 5658 huic
2571 5612 2654 5659 est
2682 5618 2808 5657 vera
2838 5594 3113 5668 discretio,
3161 5611 3219 5663 ut
3248 5604 3514 5677 possibili-

207 5690 471 5754 dientia,
513 5706 621 5747 non
673 5692 777 5747 erit
820 5690 1163 5762 acceptabilis
1190 5690 1319 5758 Deo,
1357 5691 1450 5762 qui
1494 5691 1568 5745 ait
1602 5709 1613 5743 :
1651 5690 1718 5745 Et
1747 5694 1831 5764 qui

210 5800 352 5845 non
391 5784 578 5852 accipit
604 5799 802 5841 eruam
832 5799 1005 5855 suam,
1032 5791 1081 5837 et
1126 5787 1352 5857 sequitur
1379 5801 1476 5851 me,
1511 5801 1611 5838 non
1643 5795 1718 5839 est
1753 5802 1832 5838 me

1942 5703 2025 5749 tas
2059 5692 2312 5764 spiritalis
2341 5694 2613 5764 prolectus
2648 5708 2767 5748 cum
2806 5692 3125 5748 abstinentia
3156 5709 3372 5749 carnem
3408 5712 3521 5749 ina-

1941 5794 2158 5841 cerante
2199 5794 2511 5840 retentetur.
2558 5783 2616 5842 Si
2643 5785 2785 5841 enim
2833 5785 3046 5840 modum
3079 5787 3399 5843 abstinentia
3427 5770 3524 5842 es»
