4052 6332
546 318 645 373 2H

1730 319 1786 375 8.
1830 312 2225 374 COLUMDAM
2266 315 2555 373 ABDATIS

3708 320 3806 377 1Ιῖ

545 433 787 497 cesserit,
810 433 1019 495 vitium,
1050 448 1155 488 non
1198 433 1367 489 virtus
1409 432 1510 487 erit
1539 451 1551 484 :
1581 431 1750 485 virtus
1775 432 1920 486 enim
1955 429 2121 483 multa
2152 430 2190 485 Λ
2225 427 2502 495 cogitatio,
2549 428 2690 484 nulia
2745 431 2965 502 spiritus
3004 431 3335 505 coinquinati
3385 432 3617 503 macula,
3669 434 3805 490 nulla

542 524 773 579 sustinet
795 525 933 579 bona
964 534 1019 579 et
1049 524 1309 579 continet.
1344 522 1483 591 Ergo
1510 523 1752 592 quotidie
1772 522 2121 593 jejunandum

543 622 647 677 est,
671 615 808 668 sicut
828 614 1065 684 quotidie
1083 614 1343 667 orandum
1366 623 1464 681 est,
1488 613 1728 683 quotidie
1750 613 2121 687 laborandum,

541 705 890 776 quotidieque
914 714 996 761 est
1025 705 1324 773 legendum.

1137 795 1367 851 CAPUT
1408 795 1492 850 IV.

756 888 836 942 De
859 897 1177 960 paupertate.
1202 904 1264 940 ac
1283 889 1347 941 de
1365 886 1644 956 cupiditate
1669 886 1942 941 calcanda.

608 975 903 1045 Monachis,
932 977 1124 1053 quibus
1164 993 1261 1047 pro
1290 977 1504 1031 Christo
1555 977 1784 1032 mundus
1810 964 1815 967 5
1838 976 2123 1033 crucifixus

536 1075 637 1132 est,
670 1079 725 1123 et
765 1069 864 1139 ipsi
913 1070 1112 1123 mundo
1145 1067 1287 1139 (Gal.
1319 1068 1371 1133 (ἰ,
1419 1068 1532 1138 Η),
1565 1069 1831 1137 cupiditas
1867 1070 2118 1125 calcanda

535 1166 657 1212 est:
691 1160 941 1214 nimirum
981 1161 1106 1215 dum
1136 1176 1240 1214 non
1283 1161 1457 1215 solum
1505 1158 1773 1228 superflua
1802 1176 1896 1216 eos
1922 1162 2120 1217 habere

532 1250 836 1306 damnabile
872 1260 983 1329 est,
1016 1251 1110 1305 sed
1153 1252 1314 1305 etiam
1346 1252 1484 1306 velle
1518 1267 1787 1321 :quorum
1842 1268 1950 1308 non
1992 1270 2119 1308 eru-

530 1357 641 1406 sus,
673 1341 765 1395 sed
796 1343 1044 1405 voluntas
1074 1344 1333 1413 qureritur
1362 1344 1491 1414 :qui
1522 1343 1887 1415 relinquentes
1914 1347 2116 1412 omnia,

530 1440 585 1484 rt
638 1432 910 1488 Christum
966 1436 1247 1489 Dominum
1305 1452 1427 1490 cum
1475 1436 1685 1490 timoris
1728 1452 1891 1493 cruce
1937 1439 2116 1509 quoti—

528 1521 671 1575 diani
716 1533 1025 1594 sequentes,
1059 1526 1110 1579 in
1156 1527 1308 1585 rmlis
1347 1527 1546 1582 habent
1598 1528 1877 1584 thesauros
1899 1528 2113 1600 (Manli.

532 1627 641 1679 svi,
670 1612 781 1684 54).
812 1614 1014 1670 idcirco
1042 1615 1171 1671 dum
1199 1618 1251 1671 in
1283 1617 1433 1673 caelis
1468 1618 1693 1673 multum
1715 1628 1840 1673 sunt
1862 1620 2114 1687 habituri,

527 1718 697 1769 pa.vo
723 1713 778 1758 et
805 1715 1047 1761 extremo
1076 1710 1414 1765 necessitatis
1459 1725 1623 1765 censu
1655 1711 1707 1765 in
1732 1712 1887 1767 terris
1916 1712 2115 1768 d-bent

526 1808 647 1848 esse
676 1796 948 1860 contenti;
972 1797 1204 1853 scientes
1229 1800 1431 1867 lepram
1469 1816 1586 1855 e-se
1616 1802 1964 1871 cupiditatem
1994 1822 2108 1858 mo-
2145 1807 2187 1866 Β

528 1884 733 1950 uachis,
765 1887 1123 1945 imitatoribus
1155 1890 1382 1945 tiliorum
1422 1893 1823 1962 prophetarum,
1856 1909 1919 1950 ac
1954 1895 2086 1951 disci

523 1977 772 2045 polorum
819 1978 1016 2034 Christi
1085 1981 1455 2051 proditionem
1503 1993 1666 2052 atque
1731 1985 2110 2054 perditionem,

522 2071 893 2138 apostolorum
948 2088 1163 2143 quoque
1222 2074 1396 2135 dubiis
1444 2078 1813 2143 sectatoribus
1857 2087 2108 2139 mortem.

523 2160 650 2215 Ideo
680 2170 810 2231 ergo
845 2165 1059 2220 nuditas
1105 2174 1160 2220 et
1207 2166 1537 2228 facultatum
1569 2179 1913 2240 contemptus
1939 2172 2121 2241 prima

520 2252 781 2320 perfectio
821 2265 905 2309 est
950 2258 1373 2325 monachorum;
1404 2260 1637 2315 set-unda
1690 2277 1820 2316 vero
1866 2263 2110 2331 putgatio

520 2342 804 2406 vitiorum;
854 2346 1009 2399 tertia
1066 2346 1452 2415 perlectissima
1488 2348 1579 2403 Dei
1616 2350 1928 2404 continuata
1978 2353 2111 2406 dile-

520 2436 651 2499 ctio,
684 2451 750 2492 ac
776 2438 1079 2494 divinorum
1101 2439 1243 2511 jugis
1272 2456 1443 2505 amor,
1498 2443 1589 2519 qui
1623 2451 1958 2503 terrenorum
1988 2460 2111 2501 suc-

520 2527 664 2581 cedit
693 2530 972 2584 oblivioni.
999 2530 1133 2599 Quae
1159 2549 1279 2586 cum
1304 2533 1375 2586 ita
1404 2533 1533 2599 sint,
1564 2536 1749 2603 paucis
1789 2537 1943 2591 nobis
1971 2551 2110 2606 opus

523 2628 626 2683 o-s',
667 2618 818 2690 juxta
866 2623 1088 2676 verbum
1122 2622 1330 2677 Domini
1364 2622 1512 2694 (Luc.
1570 2640 1628 2692 Χ,
1657 2624 1771 2695 42),
1825 2630 2107 2685 autetiam

520 2727 648 2765 ultu.
681 2710 861 2767 Pauca
891 2729 1123 2783 namque
1150 2724 1275 2770 sunt
1306 2716 1611 2771 necessaria
1653 2731 1780 2771 vera
1799 2759 1813 2782 ,
1843 2719 1960 2773 sine
1984 2719 2107 2787 qui-

519 2802 619 2875 bus
654 2817 759 2855 non
791 2804 1123 2871 transigitur,
1155 2813 1250 2858 aut
1275 2805 1438 2860 etiam
1466 2820 1593 2867 uno,
1625 2809 1780 2875 quasi
1807 2807 1930 2862 cibo
1954 2807 2106 2877 juxta

519 2890 751 2944 litteram
776 2908 792 2958 ;
825 2894 1060 2961 puritate
1086 2903 1266 2948 autem
1308 2910 1499 2951 sensus
1538 2895 1834 2967 indigemus
1864 2913 1961 2967 per
1986 2911 2108 2967 gra-

517 2983 646 3037 tiam
677 2980 791 3048 Dei,
833 2993 890 3037 ut
930 2985 1289 3052 intelligamus
1332 2986 1646 3055 spiritaliter
1686 3002 1806 3059 qua:
1850 2998 1975 3059 sunt
2020 2990 2105 3044 illa

516 3086 686 3141 pauca
740 3072 1053 3140 charitatis,
1104 3089 1222 3144 qua:
1277 3073 1500 3133 Martha:
1545 3090 1575 3129 a
1629 3077 1860 3132 Domino
1917 3093 2109 3150 sugge-

515 3170 730 3218 Hlﬂllll‘.

1125 3233 1354 3291 CAPUT
1396 3234 1458 3291 V.

982 3323 1062 3380 De
1106 3327 1333 3381 vanitate
1378 3327 1654 3384 calcanda.

587 3412 807 3469 Vanitas
828 3430 1045 3485 quoque
1066 3431 1227 3485 quam
1268 3416 1338 3470 sit
1366 3416 1694 3486 periculosa,
1723 3416 1976 3476 brevibus
2006 3419 2102 3474 de-

515 3502 849 3561 monstratur
898 3507 1077 3560 verbis
1122 3505 1456 3571 Salvatoris,
1516 3508 1608 3577 qui
1664 3509 1775 3563 suis
1830 3509 2106 3580 discipulis

516 3595 820 3651 lmtautibus
845 3597 1082 3651 vanitate
1109 3598 1246 3650 dixit
1272 3613 1285 3649 :
1325 3596 1448 3651 Vidi
1484 3596 1743 3652 Satanam
1771 3600 1904 3654 sicut
1930 3600 2107 3672 fulgur

513 3684 581 3741 de
608 3689 733 3743 coelo
759 3688 1027 3757 cadentem
1044 3688 1195 3760 (Luc.
1226 3706 1281 3756 ι,
1303 3688 1497 3761 18).Ει
1514 3688 1709 3746 Judaris
1730 3691 2017 3763 aliquando
2047 3709 2106 3748 se

510 3778 925 3846 justilicantibus
952 3779 1026 3835 ait
1060 3798 1072 3835 :
1105 3780 1256 3845 Quod
1292 3790 1464 3835 autem
1489 3780 1650 3834 altum
1677 3789 1752 3835 est
1788 3782 2102 3853 hominibus,

514 3867 830 3925 abominatio
873 3880 949 3923 est
996 3871 1051 3923 in
1099 3879 1374 3941 conspectu
1403 3870 1619 3926 Domini
1659 3870 1810 3944 (Luc.
1854 3889 1960 3940 xvr,
1990 3874 2099 3946 l5).

513 3958 633 4027 llis,
680 3969 735 4013 et
779 3960 918 4014 illius
960 3959 1210 4016 Pharisaei
1266 3959 1606 4019 famosissimi
1651 3979 1711 4019 se
1760 3965 2104 4034 justilicantis

514 4049 765 4119 exclnplo
794 4050 1061 4118 colligitur
1092 4051 1242 4123 (Luc.
1287 4069 1433 4119 xvut,
1464 4054 1523 4107 Η
1576 4055 1738 4126 seq.),
1769 4057 1913 4127 quod
1960 4058 2101 4112 inte-

514 4145 778 4214 remptrix
814 4147 885 4200 sit
915 4146 1153 4201 onmium
1191 4147 1457 4202 bonorum
1499 4148 1728 4211 vanitas,
1757 4157 1812 4202 et
1852 4146 2102 4216 gloriatio

517 4236 659 4291 elata
685 4255 698 4290 :
722 4237 848 4291 dum
877 4237 1017 4291 bona
1045 4252 1183 4291 vane
1219 4237 1432 4291 laudata
1459 4235 1711 4291 Phariszci
1742 4238 2017 4307 perierint,
2048 4247 2103 4293 et

512 4338 737 4397 peccata
784 4328 1056 4399 publicani
1114 4336 1361 4384 accusata
1413 4327 1744 4383 evanuerint.
1788 4327 1904 4384 Non
1944 4340 2099 4385 exeat

512 4421 675 4489 igitur
721 4422 941 4475 verbum
989 4418 1192 4489 grande
1256 4419 1324 4475 de
1378 4432 1474 4474 ore
1529 4418 1799 4486 monachi,
1845 4434 1916 4477 ne
1972 4436 2101 4477 suus

513 4510 728 4580 grandis
756 4521 946 4587 pereat
977 4512 1149 4566 labor.

1082 4601 1510 4659 CAPUTVI.

1127 4694 1206 4749 De
1227 4696 1480 4748 castitate.

436 4787 473 4857 ξ“⁴
584 4787 818 4843 Castitas
838 4802 970 4843 vero
1010 4788 1258 4842 monachi
1283 4789 1333 4842 in
1356 4788 1773 4854 cogitationibus
1794 4788 2097 4858 judicatur;

440 4948 445 4952 δ
512 4882 596 4935 cui
625 4881 873 4934 nimirum
903 4896 1024 4935 cum
1047 4879 1319 4949 discipulis
1346 4881 1411 4934 ad
1443 4882 1766 4935 audiendum
1791 4883 2098 4937 accedenti-

510 4972 613 5025 bus
645 4986 675 5024 a
708 4970 935 5045 Domino
976 4970 1173 5025 dicitur
1203 4988 1215 5022 :
1252 4968 1351 5033 Qui
1374 4971 1556 5025 viderit
1583 4973 1846 5026 mulierem
1877 4974 1946 5025 ad
1974 4990 2100 5027 con-

510 5065 894 5135 cupiscendum,
935 5064 1048 5134 jam
1096 5063 1376 5117 mmo/ratus
1418 5071 1495 5117 est
1543 5080 1658 5117 eam
1705 5065 1759 5117 in
1804 5064 1958 5117 corde
2004 5080 2097 5118 suo

512 5158 732 5223 (Matth.
768 5173 825 5226 v,
868 5155 980 5224 l8).
1014 5157 1146 5211 Dum
1176 5157 1319 5212 enim
1359 5157 1563 5212 vultum
1612 5158 1754 5212 illius
1794 5159 2099 5212 considerat

512 5250 601 5304 ille
629 5250 715 5304 cui
740 5256 1085 5305 consecratus
1114 5256 1216 5307 est.
1248 5248 1541 5303 verendum
1571 5255 1654 5302 est
1682 5263 1750 5303 ne
1779 5248 2016 5302 inveniat
2044 5249 2096 5303 in

512 5340 715 5407 anima,
735 5341 880 5409 quod
902 5339 1244 5395 abominetur
1276 5358 1288 5393 :
1319 5356 1387 5394 ne
1415 5339 1574 5407 forte,
1600 5339 1751 5409 juxta
1776 5343 2095 5396 sententiam

513 5434 682 5486 sancti
732 5432 893 5494 Petri,
927 5431 1162 5486 habeant
1208 5431 1395 5486 oculos
1442 5432 1664 5484 luxuria:
1711 5431 1901 5500 plenos
1938 5442 2098 5502 atque

514 5522 760 5576 adulterii
791 5523 898 5594 (11
931 5523 1075 5578 Petr.
1136 5540 1191 5587 ιι,
1250 5522 1375 5594 Η).
1409 5522 1475 5576 Et
1504 5524 1632 5592 quid
1686 5524 1907 5594 prodest
1948 5527 2102 5596 virgo

514 5629 767 5682 corpore,
796 5613 839 5669 si
870 5630 975 5669 non
1014 5615 1085 5668 sit
1109 5615 1259 5682 virgo
1300 5616 1526 5669 mente?
1559 5614 1694 5669 Deus
1723 5618 1865 5670 enim
1891 5615 2102 5685 spiritus

514 5703 791 5773 cst(Joan.
839 5719 913 5772 tv,
954 5704 1077 5771 ξι),
1117 5713 1174 5759 et
1225 5705 1276 5759 iu
1323 5706 1514 5774 spiritu
1562 5708 1769 5761 habitat
1807 5721 1871 5762 ac
1902 5717 2101 5773 mente,

516 5809 677 5863 qmm
706 5797 1098 5852 immaculatam
1123 5795 1352 5862 viderit;
1384 5796 1433 5851 in
1459 5815 1567 5869 qua
1597 5800 1739 5854 nulla
1771 5800 1839 5854 sit
1860 5798 2102 5859 adultera

2129 4565 2181 4625 D

2227 520 2431 588 peccati
2464 520 2631 577 labes.

2827 594 3056 651 CAPUT
3092 593 3203 650 γη.

2692 679 2771 736 De
2814 698 2967 738 cursu
3005 685 3341 754 psalmorum.

2296 766 2372 823 De
2408 771 2596 840 synaxi
2648 787 2801 838 vero,
2832 773 2884 827 id
2931 782 3017 828 est
3060 776 3131 827 de
3175 790 3333 829 cursu
3382 774 3712 845 psalmorum
3754 785 3809 831 et

2223 858 2527 913 Orationum
2579 862 2740 917 modo
2760 865 3021 919 canonico
3042 865 3290 935 qumdam
3325 876 3449 921 sunt
3477 866 3780 940 distinguen

2224 949 2311 1007 da.
2334 949 2457 1019 quia
2480 952 2625 1007 varie
2650 968 2679 1007 a
2703 953 2928 1010 diversis
2950 956 3223 1011 memoria:
3246 958 3314 1012 de
3335 973 3402 1012 eo
3426 958 3678 1013 traditum
3707 971 3789 1015 est

2222 1038 2355 1094 ldeo
2381 1041 2535 1108 juxta
2576 1043 2698 1099 vita:
2728 1046 3039 1114 qualitatem
3080 1062 3145 1103 ac
3185 1055 3488 1117 temporum
3515 1052 3812 1106 successio-

2222 1145 2345 1184 uetn
2371 1134 2519 1187 varie
2546 1148 2578 1186 a
2609 1149 2695 1187 me
2724 1149 2942 1206 quoque
2969 1135 3163 1191 litteris
3191 1137 3491 1192 insinuetur
3519 1138 3622 1192 hoc
3645 1139 3808 1194 idem.

2221 1221 2337 1275 Non
2386 1224 2528 1281 enim
2564 1225 2843 1280 uniformis
2873 1241 2994 1281 esse
3031 1227 3191 1283 debet
3234 1244 3333 1299 pro
3368 1230 3644 1298 reciproca
3677 1238 3812 1285 tem-

2223 1327 2409 1379 porum
2433 1316 2793 1374 alternatione
2819 1336 2832 1370 :
2858 1317 3238 1387 longior'enim
3264 1336 3361 1390 per
3384 1321 3572 1389 longas
3601 1331 3808 1380 noetc'S.

2221 1403 2543 1474 breviorque
2590 1422 2687 1475 per
2727 1408 2917 1464 breves
2958 1424 3079 1464 esse
3125 1411 3397 1467 convenit.
3430 1411 3559 1466 lude
3587 1421 3644 1466 et
3670 1413 3811 1481 apud

2219 1496 2461 1552 seniores
2479 1507 2695 1554 nostros
2718 1502 2787 1554 ab
2809 1510 3004 1556 octavo
3020 1500 3289 1558 Kalendas
3310 1501 3458 1570 Julii,
3480 1519 3604 1559 cum
3636 1506 3814 1559 noctis

2219 1597 2506 1656 augmento
2522 1591 2722 1647 sensim
2750 1591 2937 1663 incipit
2958 1608 3207 1650 crescere
3234 1610 3445 1661 cursus,
3468 1610 3499 1648 a
3524 1595 3812 1650 duodecim

2218 1679 2399 1735 choris
2437 1681 2739 1737 brevissimi
2768 1684 2935 1746 modi,
2970 1684 3023 1739 in
3069 1694 3234 1741 nocte
3260 1686 3471 1741 sabbati
3499 1686 3615 1741 sive
3635 1686 3814 1741 Domi.

2220 1771 2374 1832 niese.
2406 1787 2576 1842 usque
2605 1773 2671 1827 ad
2701 1774 2907 1829 initium
2939 1775 3147 1837 hiemis.
3198 1776 3250 1831 id
3279 1786 3362 1832 est
3392 1776 3663 1833 Kalendas
3692 1777 3805 1833 No-

2219 1863 2472 1928 vembris,
2515 1866 2568 1919 in
2598 1865 2792 1937 quibus
2831 1867 3016 1935 viginti
3058 1868 3298 1938 quinque
3326 1877 3525 1924 canunt
3553 1869 3809 1939 antipha-

2216 1969 2315 2007 nas
2360 1956 2689 2024 psalmorum
2730 1955 2969 2026 ejusdem
3013 1957 3261 2023 numeri;
3309 1958 3401 2027 qui
3449 1973 3666 2029 semper
3696 1969 3810 2013 tres

2214 2045 2337 2123 loco
2361 2046 2572 2123 duobus
2594 2047 2892 2121 succedunt
2919 2047 3106 2121 psaltis
3129 2065 3143 2100 :
3176 2049 3248 2101 ita
3278 2057 3339 2102 ut
3367 2048 3534 2102 totius
3563 2049 3809 2117 psalterii

2214 2120 2356 2193 inter
2407 2118 2563 2217 duas.
2591 2118 2754 2209 supra
2805 2137 2989 2216 dictas
3019 2145 3209 2215 noctes
3256 2151 3538 2192 numerum
3591 2148 3813 2192 cantent

2213 2228 2500 2284 duodecim
2550 2218 2754 2295 choris,
2799 2239 3024 2285 caeteras
3055 2238 3423 2300 temperantes
3471 2238 3585 2285 tota
3632 2230 3812 2284 hieme

2215 2328 2430 2382 noctes;
2465 2335 2571 2388 qua
2611 2320 2758 2375 tinita
2802 2335 2900 2391 per
2927 2336 3021 2375 ver
3046 2322 3246 2375 sensim
3276 2335 3373 2390 per
3399 2320 3641 2390 singulas
3669 2321 3810 2376 heb-

2214 2411 2475 2467 domadas
2506 2413 2644 2467 terni
2673 2427 2888 2482 semper
2907 2412 3185 2481 decedunt
3201 2413 3409 2483 psalmi,
3434 2423 3492 2467 ut
3519 2417 3627 2468 duo
3648 2415 3805 2468 lecim

2213 2502 2281 2571 in,
2300 2503 2523 2571 singulis
2545 2504 2793 2567 noctibus
2822 2512 3030 2563 tantum
3052 2506 3360 2575 antiphona:
3390 2513 3725 2572 remaneant,
3751 2505 3808 2557 id

2210 2603 2312 2656 est,
2338 2595 2639 2665 quotidiani
2670 2596 2916 2651 hiemalis
2942 2597 3197 2667 tringinta
3228 2612 3321 2652 ses
3356 2597 3548 2668 psalmi
3578 2613 3805 2663 cursus;

2210 2688 2397 2757 viginti
2437 2697 2673 2759 quatuor
2725 2697 2905 2745 autem
2934 2705 3032 2760 per
3077 2699 3247 2746 totum
3284 2707 3382 2747 ver
3431 2700 3488 2747 et
3536 2701 3806 2759 :esmtem,

2211 2786 2268 2831 rt
2308 2793 2475 2848 usque
2503 2783 2572 2833 ad
2601 2780 2915 2836 autumnale
2942 2781 3345 2851 aequinoctium,
3391 2783 3443 2837 id
3485 2792 3568 2839 est
3607 2793 3806 2838 octavo

2208 2865 2478 2923 Ka'enilas
2519 2867 2788 2933 Octobris,
2817 2869 2870 2924 in
2922 2886 3029 2941 quo
3060 2870 3355 2927 similitudo
3393 2887 3664 2943 synaxeos
3692 2883 3803 2938 est,

2209 2962 2348 3014 sicut
2396 2960 2447 3013 in
2480 2961 2683 3015 vernali
2720 2963 3064 3033 tequinoctio,
3106 2961 3160 3016 id
3192 2969 3275 3018 est
3304 2973 3499 3018 octavo
3529 2962 3803 3019 Kalendas

2211 3048 2425 3123 Aprilis,
2450 3051 2576 3104 dum
2607 3066 2703 3121 per
2724 3052 3028 3121 reciprocas
3050 3053 3195 3109 vices
3217 3054 3476 3123 paulatim
3500 3064 3553 3108 et
3583 3058 3804 3120 crescit,

2131 3174 2176 3236 ε
2210 3149 2264 3193 et
2292 3142 2575 3195 decrescit.
2626 3138 2793 3209 Igitur
2819 3140 2970 3210 juxta
3002 3141 3141 3195 vires
3189 3142 3578 3217 consideranda
3623 3145 3803 3214 vigilia

2208 3243 2310 3299 est,
2343 3234 2575 3289 maxime
2604 3250 2723 3288 cum
2756 3233 2823 3287 ab
2854 3241 3076 3288 auctore
3105 3232 3294 3289 salutis
3330 3246 3527 3289 nostrae
3550 3235 3807 3303 jubeuiur

2206 3326 2447 3396 vigilare,
2476 3333 2531 3381 et
2560 3341 2717 3382 orare
2760 3326 2908 3380 omni
2957 3333 3200 3396 tempore
3246 3323 3397 3396 (Luc.
3423 3342 3538 3393 xxx,
3590 3328 3803 3396 56);et

2208 3415 2403 3472 Paulus
2434 3415 2488 3487 (1
2520 3415 2701 3471 Thess.
2728 3432 2779 3471 v.
2812 3417 2902 3488 17)
2949 3417 3195 3487 prtrcipit
3228 3417 3347 3474 sine
3393 3419 3799 3474 intermissione

2206 3523 2382 3563 orare.
2416 3506 2521 3563 Sed
2547 3509 2674 3577 quia
2721 3509 3029 3565 orationum
3075 3510 3458 3565 cauonicarum
3494 3512 3804 3565 noscendus

2206 3608 2287 3655 est
2314 3599 2526 3667 modus,
2552 3600 2605 3655 in
2628 3615 2735 3671 quo
2764 3615 2956 3655 omnes
2984 3599 3156 3655 simul'
3169 3607 3391 3655 orantes
3412 3599 3563 3655 horis
3592 3615 3798 3656 conve-

2206 3692 2354 3747 niant
2404 3691 2641 3757 statutis,
2674 3690 2974 3762 quibusque
3025 3690 3287 3746 absolutis
3317 3689 3684 3759 unusquisque
3739 3705 3801 3744 ιιι

2205 3781 2454 3838 cubiculo
2493 3798 2593 3837 suo
2641 3797 2800 3838 orare
2823 3781 3021 3848 debet;
3062 3795 3162 3852 per
3187 3781 3405 3836 diurnas
3434 3782 3570 3835 terni
3603 3781 3797 3851 psalmi

2205 3874 2386 3939 horas,
2414 3889 2518 3944 pro
2548 3889 2773 3944 operum
2815 3873 3248 3942 interpositione,
3282 3873 3466 3927 statuti
3493 3881 3617 3927 sunt
3652 3889 3683 3925 a
3712 3888 3805 3928 se-

2206 3965 2446 4020 nioribus
2473 3964 2697 4032 nostris,
2724 3979 2847 4019 eum
2878 3963 3273 4018 versiculorum
3305 3973 3594 4033 augmento
3628 3964 3800 4020 inter-

2204 4054 2558 4121 venientium,
2583 4070 2679 4124 pro
2708 4054 2945 4124 peccatis
2976 4054 3203 4124 primum
3223 4055 3438 4118 nostris,
3472 4055 3668 4111 deinde
3699 4074 3800 4128 pro

2204 4143 2350 4199 omni
2381 4142 2584 4213 pepulo
2612 4142 2941 4210 Christiano;
2973 4143 3098 4197 dein
3118 4145 3167 4197 le
3203 4159 3301 4213 pro
3342 4144 3716 4199 sacerdotibus
3744 4156 3803 4202 et

2203 4236 2424 4308 reliquis
2455 4236 2565 4291 Deo
2600 4237 2933 4292 consecratis
2982 4253 3148 4294 sacrae
3183 4238 3352 4308 plebis
3392 4239 3666 4309 gradibus,
3701 4256 3801 4310 po—

2202 4340 2404 4385 stremo
2459 4345 2558 4401 pro
2609 4329 2984 4402 eleemosynas
3033 4331 3394 4398 facientibus;
3450 4343 3640 4403 postea
3699 4348 3801 4402 pro

2203 4436 2336 4492 pace
2373 4434 2581 4490 regum,
2634 4422 2923 4478 novissime
2953 4438 3051 4493 pro
3081 4423 3352 4490 inimicis;
3385 4440 3454 4480 ne
3510 4425 3617 4481 illis
3655 4425 3799 4481 Deus

2207 4522 2410 4568 statuat
2459 4513 2513 4568 in
2569 4521 2870 4583 peccatum,
2920 4514 3064 4584 quod
3099 4525 3495 4586 persequuntur
3523 4523 3580 4572 et
3626 4516 3799 4571 detra-

2206 4606 2341 4661 hunt
2362 4605 2538 4669 nobis,
2568 4604 2694 4673 quia
2732 4606 2979 4659 nesciunt
3004 4606 3131 4674 quid
3160 4605 3362 4661 faciunt
3390 4605 3525 4677 (Act.
3560 4623 3652 4671 vn,
3680 4606 3796 4675 59).

2206 4695 2288 4750 Ad
2340 4695 2551 4749 initium
2599 4708 2727 4749 vero
2768 4696 2944 4751 noctis
2989 4695 3275 4751 duodecim
3315 4698 3524 4766 psalmi,
3564 4697 3632 4751 ad
3681 4714 3798 4752 me-

2205 4789 2459 4858 diumque
2489 4786 2663 4843 noctis
2717 4786 2999 4843 duodecim
3042 4787 3289 4843 similiter
3336 4787 3681 4857 psalluntur;
3730 4787 3797 4841 ad

2205 4880 2528 4935 matutinum
2574 4894 2706 4935 vero
2736 4879 2817 4934 bis
2846 4878 2992 4943 deni,
3031 4879 3222 4951 bisque
3265 4879 3376 4953 bini
3420 4895 3517 4949 per
3547 4888 3796 4949 tempora

2205 4970 2469 5037 brevium,
2506 4978 2569 5024 ut
2619 4970 2820 5024 dictum
2868 4978 2971 5031 est.
3018 4968 3278 5035 noctium,
3333 4977 3459 5025 sunt
3509 4970 3793 5041 dispositi;

2201 5060 2465 5133 pluribus,
2492 5059 2602 5130 jam
2652 5069 2711 5115 ut
2755 5061 2887 5127 dixi,
2937 5076 3153 5132 semper
3200 5061 3347 5115 nocti
3388 5059 3674 5114 dominica:
3723 5075 3791 5114 ac

2200 5153 2411 5210 sabbati
2464 5152 2653 5222 vigilie
2683 5153 2977 5224 deputatis,
3008 5152 3061 5207 in
3104 5152 3300 5222 quibus
3326 5150 3427 5206 sub
3475 5166 3585 5205 uno
3632 5166 3793 5205 cursu

2201 5249 2537 5321 septuaginta
2561 5248 2798 5318 quinque
2818 5244 3128 5315 singillatim
3157 5253 3464 5300 cantantur.
3487 5241 3616 5299 Ητεο
3636 5243 3791 5312 juxta

2202 5358 2540 5399 communem
2588 5340 2731 5396 dicta
2769 5346 2893 5395 sunt
2938 5337 3206 5409 synaxim.
3240 5335 3345 5391 Sed
3394 5351 3545 5401 vera,
3572 5344 3631 5390 ut
3657 5334 3789 5399 dixi,

2205 5433 2392 5489 orandi
2440 5432 2677 5494 traditio,
2705 5439 2764 5485 ut
2791 5428 3117 5499 possibilitas
3146 5426 3214 5481 ad
3244 5427 3350 5482 hoc
3385 5425 3636 5482 destinati
3672 5426 3791 5480 sine

2208 5523 2420 5579 fastidio
2444 5522 2553 5577 voti
2584 5520 2893 5591 praevaleat,
2915 5519 3027 5572 sive
3055 5532 3150 5572 sua
3176 5514 3439 5586 perfectio
3469 5512 3791 5583 possibilita-

2208 5618 2275 5671 tis
2296 5615 2591 5687 permittat,
2617 5612 2700 5667 vel
2726 5612 2996 5682 capacitas
3024 5608 3218 5665 mentis
3244 5608 3384 5661 illius
3409 5622 3532 5662 cum
3556 5604 3781 5661 necessi-

2209 5716 2377 5760 latum
2426 5702 2879 5769 consideratione,
2920 5700 3005 5755 vel
3057 5700 3180 5754 vita:
3221 5699 3450 5768 qualitas
3482 5697 3651 5767 possit
3693 5696 3783 5751 ad-

2209 5798 2452 5861 mittere;
2495 5803 2548 5849 et
2573 5802 2833 5865 quantum
2877 5790 3297 5859 uniuscujusque
3328 5788 3504 5845 fervor
3525 5788 3785 5859 exegeri”
