4052 6332
265 309 372 368 213

1496 310 1767 366 REGULA
1809 307 2263 370 C(ENUBIALIS.

3404 334 3507 391 ΞΗ

261 429 309 484 σί
357 429 492 484 "be,
519 441 582 481 ac
626 425 773 482 “ius
819 425 905 490 είι⁹
937 432 1034 478 aut
1057 422 1369 479 eruditionis
1406 423 1520 492 ejus
1557 421 1828 491 quantitas
1863 423 1902 477 Α
1932 437 2049 490 qua:
2073 425 2300 494 creavit,
2328 427 2473 480 mata
2497 443 2625 484 vero
2645 430 2886 489 diabolus
2927 442 3372 508 superseminavit
3401 447 3500 502 do-

262 515 633 586 postulaverit,
664 523 756 568 aut
782 523 953 568 status
978 514 1166 577 otium,
1191 522 1283 566 aut
1313 513 1621 580 magnitudo
1648 510 1826 575 stulii,

260 617 354 661 aut
378 621 598 676 cperum
628 605 874 674 qualitas,
916 613 1007 658 aut
1028 613 1244 658 :etatum
1271 603 1552 657 diversitas
1582 602 1833 672 permise-

262 697 336 751 rit
361 714 375 761 ;
409 697 480 749 ita
504 697 650 750 varie
679 696 803 749 licet
832 695 987 749 unius
1014 695 1090 747 rei
1123 693 1378 762 perfectio
1407 692 1719 747 aestimanda
1747 699 1830 746 est

256 787 384 854 quia
420 801 542 839 cum
584 785 765 839 labore
795 785 1122 838 adorationis
1149 786 1375 853 partitur
1403 802 1414 836 :
1458 793 1511 838 et
1539 784 1680 851 ilco,
1709 785 1831 838 licet

257 875 538 944 longitudo
568 876 740 929 standi
772 885 862 929 aut
892 876 1136 931 cantandi
1168 877 1235 928 sit
1265 878 1428 939 varia,
1463 875 1618 929 unius
1651 884 1827 929 tamen

255 964 605 1035 perfectionis
633 967 736 1019 erit
760 967 1032 1035 aequalitas
1057 965 1240 1020 orandi
1269 967 1319 1019 in
1342 966 1522 1028 corde,
1547 981 1608 1019 ac
1637 965 1830 1018 mentis

251 1069 380 1108 cum
412 1055 521 1108 Deo
542 1056 684 1125 jugis
725 1057 967 1109 intentio.
1000 1055 1135 1109 Sunt
1171 1065 1348 1108 autem
1396 1055 1610 1123 quidam
1641 1055 1829 1108 catho-

253 1144 347 1199 lici
375 1145 570 1213 quibus
616 1146 753 1199 idem
781 1155 864 1201 est
892 1147 1180 1200 eanonicus
1209 1145 1567 1199 duodenarius
1595 1145 1827 1215 psalmo-

249 1252 376 1290 rum
430 1252 705 1300 numerus,
757 1239 872 1293 sive
931 1253 1025 1305 per
1079 1237 1288 1304 breves,
1336 1238 1448 1291 sive
1495 1253 1590 1307 per
1642 1237 1828 1306 longas

249 1337 470 1391 noctes;
503 1328 596 1384 sed
631 1343 728 1397 per
752 1337 1039 1396 quaternas
1080 1328 1132 1381 in
1179 1337 1336 1382 nocte
1382 1330 1526 1384 vices
1568 1329 1710 1383 hunc
1737 1344 1826 1382 ca-

248 1430 452 1470 nonem
500 1417 750 1483 reddunt,
798 1416 862 1469 ad
911 1417 1118 1470 initium
1165 1417 1358 1483 noctis,
1394 1417 1457 1469 a-l
1489 1417 1846 1485 mediumque;

245 1507 390 1575 ejus,
446 1507 709 1584 pullorum
739 1521 952 1576 quoque
980 1517 1189 1573 cantus,
1222 1524 1285 1561 ac
1323 1509 1661 1561 matutinum.
1692 1507 1824 1562 Cur.-

245 1612 344 1652 sus
383 1599 489 1663 hic,
545 1607 602 1651 ut
653 1599 706 1652 in
755 1600 930 1653 hieme
976 1614 1173 1668 parvus
1225 1600 1341 1652 aliis
1372 1601 1598 1664 videtur,
1652 1599 1722 1652 ita
1770 1600 1822 1653 in

241 1697 438 1744 aestate
463 1690 594 1744 satis
626 1705 888 1744 onerosus
917 1698 970 1744 et
992 1690 1206 1757 gravius
1232 1691 1517 1756 invenitur,
1547 1691 1682 1743 dum.
1703 1705 1822 1744 cre-

241 1867 486 1922 tudinem
514 1866 641 1921 facit
667 1883 824 1938 quam
863 1867 1244 1936 fatigationem.
1276 1868 1533 1923 Noctibus
1577 1885 1707 1925 vero
1735 1885 1819 1924 re-

239 1957 630 2011 verentissimis
677 1957 968 2012 Dominicm
998 1958 1204 2012 scilicet
1233 1959 1314 2013 vel
1343 1960 1571 2025 sabbati,
1602 1961 1667 2014 ad
1712 1978 1826 2016 ma-

245 2048 480 2100 tutinum
515 2056 597 2101 ter
626 2047 765 2102 idem
793 2049 1026 2102 volvitur
1052 2064 1329 2118 numerus,
1360 2050 1411 2103 id
1449 2060 1528 2105 est
1569 2059 1650 2106 ter
1674 2051 1824 2106 denis

238 2145 298 2190 et
329 2152 422 2190 sex
454 2137 689 2206 psalmis.
723 2136 959 2204 Quorum
1001 2138 1278 2206 pluralitas
1317 2139 1383 2192 ad
1425 2149 1665 2194 sanctam
1696 2157 1823 2195 con-

237 2229 601 2282 versationem
634 2226 776 2281 hunc
805 2243 1084 2280 numerum
1127 2229 1444 2283 canonicum
1475 2231 1655 2284 multis
1683 2231 1820 2286 dulci

236 2315 436 2370 indixit
471 2315 759 2381 suavitate,
792 2324 1045 2385 tanquam
1087 2325 1142 2370 et
1172 2316 1429 2386 reliquam
1461 2317 1816 2388 disciplinam,

233 2407 343 2460 sub
365 2423 592 2476 quorum
622 2407 870 2460 nimirum
900 2407 1080 2475 regula
1105 2407 1280 2461 nullus
1309 2409 1579 2462 invenitur
1607 2409 1777 2464 lassus
1802 2428 1814 2462 :

233 2510 440 2555 etcum
476 2507 621 2552 tanta
650 2500 927 2569 pluralitas
955 2513 1140 2552 eorum
1167 2499 1254 2564 sit,
1286 2500 1360 2552 ita
1386 2508 1446 2553 ut
1469 2500 1614 2554 mille
1656 2501 1820 2554 abbas

235 2600 326 2645 tes
345 2591 444 2644 sub
473 2606 580 2644 uno
609 2589 1022 2643 archimandrita
1059 2603 1178 2644 esse
1220 2589 1541 2656 referantur,
1571 2591 1716 2646 nulla
1749 2590 1818 2645 ibi

232 2695 266 2732 a
291 2681 602 2734 conditione
627 2682 856 2735 ctenobii
884 2684 1020 2736 inter
1039 2683 1176 2736 duos
1203 2684 1495 2737 monachos
1513 2684 1628 2737 rixa
1657 2683 1818 2737 fuisse

230 2772 410 2826 fertur
437 2772 547 2827 visa
585 2789 596 2825 :
623 2773 765 2841 quo-l
797 2773 910 2826 sine
941 2773 1034 2826 Dei
1067 2773 1136 2826 ibi
1169 2772 1813 2840 habitatione,dicentis:

233 2862 355 2934 Ego
380 2863 432 2917 in
473 2866 545 2917 eis
585 2863 842 2926 habitabo,
885 2876 932 2918 et
985 2867 1120 2918 inter,
1150 2865 1266 2918 illos
1296 2850 1614 2920 ambulabo‘:
1646 2875 1694 2918 et
1731 2881 1816 2919 ero

231 2957 447 3010 illorum
476 2955 627 3019 Deus,
663 2965 710 3010 et
743 2958 840 3025 ipsi
871 2967 1019 3010 erant
1058 2957 1182 3009 mihi
1221 2957 1440 3026 populus
1470 2955 1554 3020 (II
1587 2955 1706 3011 Cor.
1741 2973 1815 3020 vt,

233 3045 307 3098 16
337 3063 350 3110 ;
387 3044 507 3099 Leu.
552 3061 694 3112 xxvi,
730 3046 840 3117 12),
873 3062 991 3101 esse
1015 3063 1122 3100 non
1156 3061 1314 3116 posse
1342 3045 1680 3100 manifestum
1713 3057 1812 3100 est.

1935 513 2048 569 losa
2077 515 2406 584 calliditate,.
2431 534 2493 573 ac
2541 521 2761 577 subdola
2793 525 3100 586 ambitionis
3131 531 3330 588 intuta:
3375 551 3502 591 sua-

1933 603 2103 659 sione.
2132 604 2261 671 Quae
2286 617 2407 661 sunt
2430 609 2588 676 igitur
2626 611 2763 666 bona
2787 613 2912 669 illa?
2934 618 3137 674 scilicet
3156 635 3274 690 qua:
3296 624 3501 695 integra

1932 703 2056 746 sunt
2084 710 2147 748 ac
2176 697 2502 765 incorrupta,
2529 701 2664 754 sicut
2696 714 2894 770 creata,
2924 721 3508 782 permanserunttqute

1933 786 2080 841 solus
2131 791 2333 841 creavit
2364 789 2500 844 Deus
2523 834 2536 857 ,
2569 803 2615 845 et
2639 799 2970 864 prreparavit,
2989 798 3139 865 juxta
3187 803 3504 870 Apostolum

1933 880 2144 951 (Ep/tes.
2171 899 2224 945 tt,
2245 883 2351 950 ιο),
2384 895 2436 937 ut
2474 887 2524 939 in
2549 888 2651 940 illis
2680 891 3020 945 ambulemus:
3044 909 3162 962 quze
3193 905 3317 950 sunt
3341 913 3505 968 opera

1932 969 2174 1038 hona,.in
2206 972 2382 1041 quibus
2413 974 2464 1027 in
2503 976 2703 1031 Christo
2739 978 2862 1032 Jesu
2910 984 3071 1036 creati
3119 1001 3324 1051 sumus;
3349 989 3506 1041 boni-

1933 1068 2014 1112 tas
2034 1061 2257 1127 scilicet,
2293 1062 2597 1132 integritas,
2634 1068 2824 1136 pictas,
2851 1069 3078 1140 justitia,
3101 1075 3318 1143 veritas,
3346 1078 3506 1131 mise-

1930 1151 2180 1216 ricordia,
2213 1154 2466 1220 charitas,
2514 1171 2615 1226 pax
2669 1159 2936 1224 salutaris,
2992 1161 3176 1218 ketitia
3227 1168 3498 1235 spiritalis,

1930 1257 2050 1296 cum
2080 1245 2298 1312 spiritus
2336 1247 2529 1301 fructu.
2565 1248 2687 1304 ll:cc
2717 1253 2894 1306 omnia
2927 1269 3044 1307 cum
3088 1255 3345 1313 fructibus
3395 1260 3505 1313 suis

1929 1333 2066 1388 bona
2097 1343 2249 1389 sunt:
2284 1337 2364 1390 his
2387 1353 2513 1392 vero
2543 1342 2808 1394 contraria
2833 1343 2968 1396 mala
2990 1353 3133 1410 sunt,
3158 1347 3364 1402 scilicet
3393 1365 3501 1402 ma-

1928 1421 2062 1488 litia,
2106 1426 2430 1495 corruptela,
2476 1427 2748 1496 impietas,
2798 1430 3080 1498 iniustitia,
3134 1435 3504 1505 mendacium,

1934 1516 2178 1581 avaritia,
2206 1517 2407 1582 odium,
2433 1518 2722 1587 discordia,
2747 1522 3072 1588 amaritudo,
3095 1538 3214 1577 cum
3246 1523 3503 1582 fructibus

1926 1623 2111 1660 eorum
2134 1609 2514 1679 multiplicibus
2540 1611 2629 1679 qui
2651 1613 2717 1666 ab
2745 1613 2821 1667 eis
2849 1623 3159 1668 nascuntur.
3194 1615 3512 1671 Innumera-

1926 1697 2050 1750 bilia
2082 1699 2225 1752 enim
2277 1708 2402 1754 sunt
2441 1715 2558 1768 qua:
2589 1701 2656 1754 de
2695 1704 2933 1772 utrisque
2978 1706 3282 1770 contrariis,
3332 1707 3383 1760 id
3422 1717 3518 1761 est

240 1779 360 1832 bris
391 1779 442 1832 in
468 1779 638 1833 noctis
660 1779 921 1832 brevitate
943 1777 1388 1847 cxpeditionibu=,
1409 1796 1512 1832 non
1539 1787 1650 1834 tam
1677 1779 1828 1833 lassi-
1864 1785 1904 1843 Β
1937 1791 2088 1843 bonis
2112 1800 2166 1843 et
2195 1791 2367 1855 malis,
2397 1802 2764 1861 procreantur.
2791 1793 2941 1868 Qum]
2973 1805 3150 1850 autem
3209 1798 3445 1852 declinat
3473 1815 3504 1852 a
3535 1832 3538 1836 .

1928 1881 2167 1934 bonitate
2188 1880 2398 1934 condita
2431 1891 2482 1936 et
2515 1882 2819 1950 integritate
2840 1927 2852 1947 ,
2904 1886 3006 1940 hoc
3036 1888 3262 1954 primum
3306 1887 3502 1940 malum

1929 1979 2034 2031 est,
2069 1979 2123 2023 ut
2146 1980 2227 2024 est
2273 1971 2521 2035 superbia
2546 1971 2760 2026 malitia:
2787 1974 3006 2042 prima};
3051 1990 3136 2028 cut
3186 1988 3372 2029 contra
3421 1983 3503 2029 est

1929 2061 2027 2126 tia:
2061 2060 2318 2114 bonitatis
2363 2061 2578 2114 humilis
2608 2063 2964 2128 existimatio,
2995 2079 3148 2117 suum
3190 2065 3500 2118 Creatorem

1926 2153 2266 2218 agnoscentis
2316 2159 2371 2204 et
2415 2149 2794 2218 gloriﬁcantis;
2850 2151 2993 2221 quod
3044 2163 3125 2206 est
3171 2153 3502 2206 rationabilis

1924 2258 2184 2302 creatura:
2212 2251 2440 2319 primum
2473 2251 2691 2304 bonum.
2721 2250 2809 2305 Sic
2837 2259 2890 2304 et
2918 2261 3108 2304 czetera
3141 2266 3237 2320 per
3261 2251 3501 2318 duplices

1922 2340 2118 2393 sensim
2145 2349 2324 2410 partes
2352 2342 2401 2395 in
2434 2341 2716 2395 immanem
2743 2342 3016 2396 nominum
3047 2343 3233 2395 silvam
3257 2356 3498 2396 crevere.
3525 2396 3527 2398 .

1921 2430 2048 2497 Qua:
2076 2447 2195 2485 eum
2226 2431 2298 2485 ita
2325 2433 2448 2496 sint,
2482 2433 2709 2486 tenenda
2749 2441 2874 2488 sunt
2909 2433 3119 2486 fortiter
3170 2432 3309 2486 bona
3336 2472 3351 2496 ,
3403 2431 3525 2485 Dei.

1923 2523 2243 2577 habentibus
2265 2525 2522 2578 auxilium
2548 2563 2562 2587 ,
2591 2525 2731 2593 quod
2755 2540 2968 2593 semper
3005 2523 3263 2578 orandum
3294 2531 3374 2578 est
3401 2539 3498 2592 per

1921 2629 2176 2684 prospera
2199 2624 2253 2668 et
2275 2615 2493 2669 adversa
2519 2633 2531 2680 ;
2564 2632 2630 2670 ne
2661 2624 2752 2669 aut
2779 2615 3098 2668 extollamur
3147 2615 3196 2668 in
3228 2614 3500 2684 pro=peris

1925 2705 1976 2757 in
2011 2706 2322 2768 vanitatem,
2356 2716 2444 2760 aut
2477 2707 2792 2776 dejiciamur
2821 2707 2872 2760 in
2906 2707 3143 2760 adversis
3173 2707 3224 2760 in
3254 2706 3500 2773 despera-

1922 2795 2142 2850 tionem.
2178 2795 2301 2850 ldeo
2323 2797 2704 2851 continendum
2770 2799 2836 2850 ab
2884 2806 3113 2865 utroque
3142 2797 3401 2867 periculo,
3431 2795 3496 2854 .id

1919 2895 2019 2951 est,
2051 2889 2118 2940 ab
2142 2887 2285 2941 omni
2317 2889 2594 2942 nimietate
2626 2904 2721 2958 per
2750 2888 3159 2956 temperantiam
3188 2887 3493 2954 gloriosam,
3529 2941 3533 2944 .

1921 2984 1973 3030 et
2015 2992 2193 3031 veram
2239 2979 2646 3045 discretionem,
2695 2994 2814 3048 quae
2852 2978 3165 3034 Christiana:
3214 2979 3497 3032 humilitati

1919 3068 2174 3130 adhaeret,
2204 3077 2257 3122 et
2284 3071 2422 3122 viam
2455 3069 2795 3138 perfectionis
2829 3071 2969 3125 veris
3015 3068 3211 3123 Christi
3242 3069 3504 3122 militibus

230 3133 431 3188 nemo
480 3135 660 3230 "39‘":
698 3144 1002 3199 ετθνθτυθίν
1036 3143 1114 3230 ξι
1142 3134 1408 3230 guoli‘iie:
1434 3133 1558 3230 _De°
1597 3136 1814 3204 εἴωθεν
1845 3159 1898 3226 ε
1928 3175 1991 3212 ac
2021 3159 2188 3214 Deum
2244 3133 2553 3216 timentibus
2583 3163 2774 3230 aperit.
2829 3161 3244 3214 Discernendum
3291 3160 3497 3214 scilicet

231 3234 512 3293 crescunt,
555 3225 606 3279 in
655 3240 882 3294 quorum
930 3226 1107 3280 medio
1142 3225 1282 3279 Deus
1326 3225 1559 3291 habitat;
1591 3240 1816 3294 quorum

232 3315 443 3370 meritis
473 3331 777 3372 mereamur
802 3316 997 3370 salvari
1025 3331 1054 3368 a
1082 3316 1364 3370 Salvatore
1393 3325 1598 3372 nostro.
1625 3318 1814 3373 Amen.

790 3428 1071 3484 CAPUT
1111 3427 1284 3483 Vl”.

821 3521 899 3574 De
925 3521 1249 3577 discretione.

305 3610 893 3668 Discretio-monachis
953 3628 1114 3682 quam
1154 3613 1224 3668 sit
1263 3613 1564 3669 necessaria
1619 3615 1816 3669 multo-

227 3715 356 3756 rum
378 3716 530 3755 error
559 3702 811 3766 ostendit;
836 3711 890 3756 et
910 3702 1208 3771 aliquorum
1227 3703 1392 3758 ruina:
1407 3703 1776 3760 demonstrant
1800 3723 1812 3757 :

175 3851 184 3857 _
230 3791 330 3861 qui
381 3792 497 3845 sine
525 3792 849 3846 discretione
879 3793 1212 3861 incipientes,
1246 3801 1301 3847 et
1326 3794 1529 3862 absque
1573 3795 1816 3849 modera-

229 3883 371 3937 trice
401 3882 625 3936 scientia
656 3882 930 3950 degentes,
962 3883 1126 3937 vitam
1161 3882 1312 3938 finire
1342 3883 1660 3938 laudabilem
1709 3902 1812 3938 non

227 3981 545 4042 potuerunt.
579 3971 714 4038 Quia
743 3973 880 4027 sicut
901 3973 1017 4028 sine
1045 3974 1129 4026 via
1161 3973 1506 4028 tendentibus
1520 3990 1673 4029 error
1689 3990 1816 4029 eve-

227 4065 335 4131 nit,
366 4065 436 4118 ita
467 4067 582 4119 sine
610 4065 1246 4119 discretioneviventibus
1265 4066 1814 4135 excessusinpromp-

228 4163 420 4216 tuest,
444 4155 533 4226 qui
566 4170 780 4224 semper
821 4155 1112 4210 virtutibus
1140 4155 1192 4209 in
1223 4155 1400 4210 medio
1446 4155 1585 4209 inter
1616 4167 1813 4208 utram-

225 4258 340 4314 que
369 4245 699 4298 nimietatem
751 4243 942 4314 positis
989 4244 1292 4298 contrarius
1347 4252 1452 4299 est.
1497 4243 1660 4313 Cujus
1715 4245 1815 4298 im-

224 4339 413 4408 pactio
439 4338 664 4408 periculi
693 4353 780 4394 res
809 4345 912 4404 est,
935 4337 1060 4392 dum
1088 4337 1237 4406 juxta
1263 4338 1508 4391 semitam
1531 4337 1812 4393 discretio-

225 4433 316 4486 nis
338 4429 592 4486 directam
621 4431 818 4485 inimici
847 4429 1128 4500 pravitatis
1171 4427 1490 4487 ollendicula
1539 4444 1603 4484 ac
1631 4429 1812 4484 diver-

1923 3264 2136 3317 semper
2164 3259 2245 3302 est
2294 3250 2348 3302 in
2387 3250 2560 3303 dubiis
2588 3258 2736 3303 recte
2758 3291 2772 3313 ,
2821 3263 2882 3302 ac
2913 3250 3052 3303 inter
3077 3250 3215 3302 bona
3247 3259 3300 3302 et
3356 3250 3494 3302 mala

1919 3338 2116 3407 ubique
2137 3337 2481 3392 dividendum
2502 3338 2666 3406 juste,
2717 3339 2830 3393 sive
2874 3339 3012 3392 inter
3072 3347 3301 3407 utraque
3345 3338 3491 3401 foris,
3533 3395 3537 3399 ,

1917 3428 2030 3482 sive
2060 3428 2200 3483 intus
2230 3428 2369 3481 inter
2411 3444 2608 3497 corpus
2639 3437 2693 3482 et
2717 3429 2972 3492 animam,
3017 3430 3131 3484 sive
3160 3429 3298 3483 inter
3327 3443 3490 3498 opera

1917 3527 1972 3570 et
1999 3533 2195 3582 mores,
2226 3518 2341 3572 sive
2388 3519 2528 3573 inter
2573 3535 2755 3575 curam
2805 3529 2858 3576 et
2902 3521 3154 3591 qdetetu,
3187 3521 3300 3576 sive
3357 3521 3494 3574 inter

1916 3610 2125 3679 publica
2151 3617 2204 3663 et
2225 3619 2452 3664 secreta.
2485 3610 2622 3664 Mala
2654 3613 2834 3683 itaque
2868 3614 3104 3668 cavenda
3147 3622 3270 3667 sunt
3309 3613 3496 3667 simili-

1919 3708 2017 3762 ter,
2050 3699 2324 3770 superbia,
2349 3701 2569 3766 invidia,
2601 3702 2982 3767 mendacium,
3020 3702 3348 3772 corruptela,
3391 3703 3492 3755 im-

1917 3789 2104 3856 pietas,
2138 3789 2278 3842 mala
2309 3804 2540 3852 morum,
2589 3791 2964 3859 transgressio,
3015 3791 3158 3859 gula,
3189 3791 3490 3854 fornicatio,
3535 3847 3538 3850 ,

1915 3878 2201 3948 cupiditas,
2228 3879 2326 3944 ira,
2352 3880 2587 3944 tristitia,
2619 3880 2958 3942 instabilitas,
2982 3893 3118 3934 vana
3160 3880 3351 3948 gloria,
3381 3879 3488 3939 ela-

1917 3972 2010 4036 tio,
2040 3971 2320 4026 detractio.
2346 3971 2492 4026 Bona
2513 3988 2728 4042 quoque
2749 3974 3002 4028 virtutum
3040 3975 3293 4029 sectanda
3325 3985 3447 4029 sunt
3476 3994 3488 4028 :

1915 4061 2209 4126 humilitas,
2226 4060 2542 4130 benignitas,
2562 4063 2783 4132 puritas,
2803 4064 3128 4131 obedientia,
3147 4066 3491 4130 abstinentia,

1915 4153 2134 4208 castitas
2157 4195 2171 4222 ,
2220 4153 2438 4222 largitas
2459 4194 2472 4218 ,
2506 4154 2784 4224 patientia,
2816 4156 3022 4225 lzetitia,
3053 4158 3336 4222 stabilitas,
3378 4158 3486 4212 fer-

1914 4260 2034 4312 vor,
2058 4245 2363 4315 impigritia,
2387 4246 2682 4316 vigilantia,
2716 4249 3089 4315 taciturnitas;
3121 4265 3239 4319 quae
3263 4265 3356 4319 per
3376 4249 3486 4304 for-

1916 4337 2196 4392 titudinem
2227 4337 2590 4402 sutl'erentem,
2647 4349 2704 4395 et
2757 4344 3164 4412 temperantiam
3192 4342 3490 4398 moderan-

1917 4438 2043 4494 tem,
2066 4433 2218 4501 quasi
2248 4433 2300 4487 in
2321 4434 2554 4502 quadam
2588 4435 2966 4504 ponderatrice
2987 4437 3325 4492 discretionis
3372 4447 3491 4493 sta-

222 4538 414 4578 eorum
444 4537 687 4577 errorum
725 4521 974 4576 scandala
1001 4529 1226 4591 ponunt.
1267 4519 1510 4576 Orandus
1546 4531 1628 4576 est
1655 4522 1814 4590 igitur
1840 4525 1901 4587 Β,
1915 4531 2031 4575 tera
2057 4522 2338 4578 statuenda
2365 4524 2416 4577 in
2443 4532 2564 4578 actu
2596 4535 2722 4580 sunt
2742 4526 2920 4595 operis
2947 4527 3166 4590 assueti,
3200 4543 3296 4596 pro
3328 4537 3488 4597 captu

222 4613 397 4678 Deus,
422 4614 512 4683 qui
545 4613 724 4668 lumen
755 4628 895 4666 vene
922 4612 1261 4668 discretionis
1295 4613 1551 4682 largiatur
1587 4615 1653 4668 ad
1693 4616 1814 4670 illu-

219 4705 582 4760 minationem
637 4704 795 4773 hujus
841 4706 1006 4772 vitae,
1055 4703 1290 4760 tenebris
1331 4705 1510 4761 smculi
1565 4708 1812 4775 utrinque

220 4795 629 4851 obscurissimis
651 4796 1021 4859 circumdate;
1052 4811 1162 4865 quo
1185 4798 1270 4851 sui
1298 4797 1362 4852 ad
1391 4813 1451 4853 se
1484 4799 1599 4854 sine
1628 4815 1812 4855 errore

219 4887 342 4943 veri
375 4886 684 4941 adoratores
706 4887 913 4956 possint
935 4888 1029 4941 has
1051 4889 1280 4943 evadere
1303 4888 1570 4943 tenebras.
1602 4889 1810 4945 Discre-

220 4981 309 5033 tio
340 4978 498 5048 igitur
524 4993 552 5030 a
574 4978 928 5032 discernendo
955 4993 1149 5032 nomen
1178 4979 1406 5048 accepit,
1436 4994 1502 5034 eo
1532 4981 1673 5048 quod
1692 4981 1804 5049 ipsa

220 5071 278 5124 in
317 5069 468 5122 nobis
499 5069 751 5122 discernit
782 5068 921 5122 inter
949 5069 1086 5122 bona
1114 5077 1169 5123 et
1219 5069 1356 5122 mala
1382 5107 1396 5132 ,
1454 5069 1593 5125 inter
1632 5072 1803 5125 media

215 5173 445 5230 quoque
475 5175 537 5214 ac
563 5159 818 5229 perfecta.
850 5157 1025 5213 Divisa
1073 5173 1305 5229 namque
1334 5168 1466 5214 sunt
1510 5161 1577 5214 ab
1629 5161 1800 5223 initio,

215 5250 369 5306 sicut
397 5249 482 5303 lux
515 5258 571 5304 et
599 5249 852 5313 tenebrae,
876 5258 1122 5316 utraque,
1154 5249 1206 5304 id
1235 5257 1318 5304 est
1365 5250 1504 5304 bona
1547 5259 1600 5305 et
1630 5251 1803 5315 mala,

216 5348 512 5411 postquam
540 5341 677 5394 mala
710 5355 804 5408 per
825 5340 1093 5394 diabohnn
1125 5340 1250 5396 boni
1276 5338 1661 5409 depravatione
1687 5357 1804 5397 esse

215 5437 532 5500 caperent;
563 5429 656 5483 sed
687 5444 782 5499 per
811 5427 977 5483 Deum
1000 5429 1389 5483 illuminantem
1405 5430 1570 5500 prius,
1601 5447 1663 5487 ac
1685 5447 1808 5500 pos-

221 5533 314 5578 tea
371 5523 714 5578 dividentem.
745 5523 874 5579 Inde
920 5523 1050 5578 Abel
1079 5525 1224 5594 prius
1263 5524 1401 5579 bona
1454 5527 1634 5596 elegit,
1670 5507 1808 5583 Cain

217 5629 357 5669 vero
386 5615 578 5685 impius
609 5623 630 5650 ο
662 5615 801 5669 mala
827 5614 1032 5669 incidit.
1068 5614 1212 5669 Bona
1263 5615 1402 5670 Deus
1441 5617 1563 5673 fecit
1607 5629 1797 5674 cuncta

297 5757 322 5784 ³
356 5744 521 5802 Μαίη.
550 5747 851 5816 Legendutu
882 5749 1113 5816 videtur,
1142 5750 1191 5802 iu
1224 5750 1378 5803 mala.

1915 4621 2138 4667 conatus
2169 4615 2334 4668 nostri
2365 4615 2680 4669 sufﬁcientia
2717 4615 2914 4684 ubique
2945 4617 3320 4686 quaerentibus.
3353 4617 3486 4671 Nam

1912 4705 1995 4760 cui
2018 4702 2336 4758 sufﬁcientia
2368 4721 2474 4759 non
2503 4703 2800 4773 sufﬁciunt,
2824 4707 3116 4761 excessisse
3151 4707 3490 4762 discretionis

1912 4795 2130 4850 modum
2162 4795 2288 4849 nulli
2321 4795 2537 4849 dubium
2561 4804 2676 4850 est:
2705 4806 2759 4851 et
2781 4795 3036 4866 quidquid
3071 4798 3239 4869 ipsum
3268 4798 3485 4852 modum

1910 4887 2222 4950 excesserit,
2250 4886 2434 4940 vitium
2473 4901 2590 4940 esse
2618 4888 2954 4941 manifestum
2985 4898 3086 4943 e-t.
3145 4889 3307 4958 igitur
3351 4891 3490 4944 inter

1910 4993 2132 5048 parvum
2154 4984 2211 5032 et
2229 4977 2456 5030 nimium
2482 4977 2810 5032 rationabiis
2833 4977 2984 5032 estin
3008 4978 3184 5033 medio
3211 4994 3482 5040 mensura,

1911 5082 2168 5122 revocans
2223 5083 2438 5136 semper
2491 5067 2557 5120 ab
2615 5069 2759 5122 omni
2793 5071 3043 5138 utrinque
3088 5068 3378 5137 superﬂuo,
3431 5069 3482 5122 iu

1909 5159 2055 5212 omni
2084 5173 2142 5212 re
2173 5158 2367 5228 posita,
2395 5167 2600 5232 certum
2653 5156 2849 5229 ubique
2906 5160 3240 5215 necessitatis
3289 5173 3482 5228 procn-

1909 5262 2054 5312 rans,
2079 5263 2143 5302 ac
2173 5248 2538 5304 irrationabile
2565 5250 2848 5319 superﬂua:
2871 5251 3160 5305 voluntatis
3186 5249 3480 5304 declinans.

1913 5341 1979 5395 Et
2007 5343 2122 5397 hmc
2171 5357 2418 5394 mensura
2458 5357 2598 5395 verte
2627 5341 2991 5408 discretionis,
3044 5357 3232 5397 omnes
3270 5349 3485 5395 nostros

1915 5431 2150 5501 pondere
2172 5431 2440 5484 trutinans
2461 5431 2606 5500 justo
2635 5440 2805 5498 actus,
2861 5445 3197 5498 nequaquam
3251 5445 3350 5485 nos
3385 5431 3483 5484 de-

1911 5523 2059 5578 viare
2088 5521 2318 5591 abjusto
2345 5523 2649 5594 permittet;
2691 5535 2864 5588 neque
2898 5520 2942 5573 si
2981 5519 3123 5572 illam
3173 5520 3291 5575 vice
3333 5519 3484 5574 ducis

1910 5631 2008 5685 per
2053 5615 2310 5672 directum
2349 5631 2562 5685 semper
2587 5629 2868 5683 sequamur
2890 5627 3126 5668 errorem
3168 5614 3296 5685 pati.
3347 5612 3478 5667 Dum

3531 5454 3550 5545 ς

4023 5161 4025 5247 l

4021 5377 4023 5509 φ
