4052 6332
583 325 686 382 IIS

1809 325 1865 379 s.
1906 321 2296 377 coacturum
2339 292 2624 376 AllBA'l‘lS

3731 324 3823 379 iiii

579 439 721 491 enim
761 437 829 491 de
873 448 1098 506 utraque
1143 445 1294 508 parte
1340 452 1552 506 settiper
1602 443 1685 491 est
1730 433 2115 489 continendum
2137 476 2153 498 ,
2186 439 2229 494 Α
2258 430 2490 485 studium
2528 447 2652 488 suas
2674 432 2879 502 aliquas
2913 434 3108 488 sectari
3138 443 3230 488 aut
3261 437 3468 492 nutrire
3499 439 3723 493 Volucrit
3752 442 3827 493 iti-

573 527 729 594 jnxta
757 526 884 581 illud
912 527 1142 582 dictum:
1176 527 1441 582 Contiuete
1466 544 1552 582 vos
1582 545 1615 581 a
1635 529 1831 582 dextris
1860 536 1908 581 et
1930 528 2157 581 sinistris

579 616 758 670 tDeut.
792 633 843 681 v,
868 617 963 679 52;
1002 617 1063 672 ll
1094 617 1216 673 Cor.
1273 636 1346 687 vt,
1388 619 1485 688 7):
1528 620 1581 674 in
1630 619 1891 674 directum
1941 634 2160 690 semper

578 722 676 774 ιιι-ι·
700 709 1078 763 discretionem
1115 709 1436 765 tendendum
1466 719 1584 777 est;
1624 712 1675 766 id
1702 721 1806 779 est,
1837 728 1933 782 per
1978 712 2156 767 lumen

580 796 697 859 Dei,
725 799 1027 854 dicentibus
1052 804 1265 869 saepius,
1290 810 1450 870 atque
1472 801 1765 859 Psalmista:
1791 806 2010 859 victoris
2034 820 2154 860 ver-

572 892 799 947 siculum
838 895 1178 950 cantantibus
1211 914 1222 948 :
1271 895 1405 951 Deus
1448 904 1608 961 meus,
1654 898 1889 952 illumina
1918 899 2154 955 tenebras

570 1001 729 1046 meas,
759 988 1000 1057 quoniam
1029 988 1082 1039 iu
1105 996 1151 1041 te
1174 989 1367 1057 eripiar
1424 1006 1455 1041 a
1482 990 1761 1043 tentatione
1801 989 1968 1059 (Paul.
2025 1008 2150 1053 xvu.

567 1073 655 1140 29,
689 1076 801 1145 30).
835 1075 1070 1133 Tentatio
1098 1080 1233 1132 enim
1258 1088 1335 1133 est
1359 1080 1459 1134 vita
1501 1080 1721 1135 hominis
1760 1097 1913 1149 super
1963 1091 2151 1135 terram

570 1166 708 1237 (Job.
744 1184 835 1233 vn,
870 1169 944 1238 l).

1179 1262 1410 1318 CAPUT
1438 1263 1527 1319 IX.

1097 1350 1172 1405 De
1207 1370 1309 1407 mat
1323 1355 1361 1407 ti
1362 1354 1620 1423 ﬁcatione.

637 1437 865 1492 Maxima
898 1456 1021 1510 pars
1049 1442 1245 1510 regula:
1267 1445 1652 1498 monachorum
1668 1445 2012 1500 mortificatio
2040 1456 2142 1512 est,

571 1529 760 1595 quibus
782 1530 1030 1584 nimirum
1062 1548 1157 1597 per
1184 1548 1390 1587 sacram
1422 1533 1752 1604 Seriptttram
1804 1537 2141 1607 praecipitur:

562 1617 693 1673 Sine
720 1622 934 1675 consilio
964 1622 1093 1675 nihil
1135 1625 1299 1695 facias
1330 1624 1518 1692 (Ereti.
1563 1642 1728 1693 xxxtt,
1756 1625 1867 1697 ‘24).
1928 1627 2070 1697 Ergo
2098 1631 2142 1684 si

564 1708 695 1761 nihil
726 1710 842 1764 sine
887 1712 1109 1767 Consilio
1158 1712 1480 1781 faciendum,
1515 1724 1685 1770 totum
1716 1733 1809 1785 per
1857 1719 2139 1774 consilium

558 1806 643 1851 est
673 1798 1125 1867 interrogandum.
1161 1802 1285 1858 Inde
1315 1805 1475 1858 etiam
1508 1823 1602 1875 per
1656 1806 1871 1877 Moysen
1905 1811 2145 1879 ιιτεεείρίο
2182 1808 2224 1865 Β

562 1898 649 1942 ιιιι·
698 1889 1019 1964 :Interroga
1066 1910 1265 1963 patrem
1319 1907 1479 1959 tuum,
1526 1908 1574 1951 et
1623 1901 1952 1954 annuntiabit
2008 1902 2136 1965 tibi,

558 1980 780 2049 majores
811 1990 942 2044 tuos.
974 1994 1023 2037 et
1050 1986 1221 2040 dicent
1254 1986 1344 2041 tibi
1377 1987 1553 2057 (Deut.
1586 2006 1752 2055 xxxu,
1784 1992 1859 2059 7).
1892 1992 1996 2046 Sed
2017 1994 2140 2048 licet

557 2069 704 2124 duris
726 2071 858 2125 dura
890 2074 1132 2130 videatur
1162 2077 1275 2132 haec
1296 2078 1599 2149 disciplina,
1627 2090 1684 2135 ut
1728 2083 1937 2139 scilicet
1978 2084 2138 2140 homo

560 2178 773 2230 semper
794 2164 861 2218 de
888 2181 983 2219 ore
1014 2168 1242 2236 pendeat
1262 2168 1481 2225 alterius
1507 2174 1755 2237 ;ca:teris
1775 2182 1952 2228 tamen
1971 2174 2137 2229 Deum

557 2254 869 2310 timenibtts
897 2257 1064 2313 dulcis
1091 2274 1155 2313 ac
1177 2275 1364 2314 secuta
1398 2262 1718 2328 invenietur,
1750 2265 1791 2318 si
1817 2280 1881 2319 ex
1909 2266 2134 2335 integro,

557 2353 611 2396 et
643 2359 750 2397 non
780 2361 848 2398 ex
881 2354 1033 2413 parte
1061 2363 1409 2404 conservetur
1445 2370 1457 2404 :
1491 2354 1614 2421 quia
1661 2354 1793 2408 nihil
1823 2355 2029 2411 dulcius
2057 2366 2140 2411 est

558 2436 905 2491 conscientia:
954 2439 1263 2505 securitate,
1288 2450 1341 2496 et
1393 2442 1527 2497 ηιιιιι
1564 2445 1809 2499 securius
1848 2453 1931 2500 est
1970 2446 2137 2502 animi

558 2528 894 2594 impunitate,
924 2545 1085 2599 quam
1134 2532 1311 2587 nullus
1335 2534 1434 2588 sibi
1465 2535 1566 2605 ipsi
1599 2551 1697 2606 per
1722 2552 1782 2592 se
1819 2547 1996 2605 potest
2028 2548 2137 2593 tra-

554 2616 698 2682 dere,
735 2621 857 2685 quia
884 2622 1098 2691 proprie
1125 2623 1351 2677 aliorum
1382 2634 1466 2680 est
1511 2629 1793 2684 examinis.
1824 2628 1940 2686 Hoc
1978 2647 2132 2687 nant-

555 2723 660 2774 que
683 2707 920 2764 defendit
950 2726 980 2765 a
1014 2713 1204 2768 timore
1226 2713 1432 2783 judicii,
1462 2716 1605 2785 quod
1629 2718 1739 2786 jam
1787 2722 2135 2777 examinare-

557 2799 626 2851 t-it
650 2797 938 2866 jutlicautis
961 2818 1209 2869 censura,
1232 2804 1316 2859 cui
1346 2806 1505 2860 alieni
1551 2808 1801 2876 ponderis
1843 2810 2134 2880 imponitur

561 2891 753 2956 moles,
806 2901 861 2944 et
902 2901 1071 2947 totutu
1122 2902 1304 2963 portat
1327 2895 1470 2964 quod
1502 2897 1755 2966 suscipit,
1815 2900 2130 2969 periculum.

560 2980 734 3052 Majas
763 2984 921 3050 enim,
952 2993 1008 3037 ιιι
1061 2984 1316 3055 scriptum
1346 2994 1427 3043 est
1451 3028 1465 3051 ,
1520 2989 1797 3058 periculum
1846 2991 2135 3061 jndicantis

553 3089 705 3141 quam
735 3074 843 3144 ejus
873 3074 957 3145 qui
977 3074 1244 3145 judicatur
1273 3075 1429 3147 (Sap.
1473 3092 1547 3144 Vl,
1596 3079 1657 3143 6,
1688 3079 1757 3149 7).
1814 3080 2131 3152 Quicunque

554 3160 736 3229 itaque
761 3177 975 3232 semper
997 3164 1427 3232 interrogaverit,
1450 3167 1491 3222 si
1524 3170 1832 3235 servaverit,
1861 3185 2128 3239 nunquam
2163 3185 2208 3248 ο

554 3256 776 3307 errabit.
810 3253 939 3321 Quia
967 3256 1009 3308 si
1053 3256 1273 3311 alterius
1305 3261 1564 3315 erravetit
1613 3276 1949 3330 responsum,
1999 3261 2131 3318 fides

554 3346 823 3401 credentis
863 3355 917 3402 et
947 3348 1100 3404 labor
1125 3350 1428 3407 obedientis
1472 3369 1576 3408 non
1608 3353 1898 3421 errabunt,
1955 3370 2129 3423 neque

551 3455 617 3489 Illt
639 3440 800 3492 reedc
831 3439 1212 3509 interrogantis
1258 3443 1536 3498 carebunt.
1567 3442 1698 3498 Nam
1726 3444 1769 3499 si
1801 3459 1898 3513 per
1922 3459 1979 3498 se
2026 3444 2126 3498 ali~

552 3528 679 3595 quid
708 3530 1033 3596 discusserit,
1066 3532 1156 3600 qui
1183 3533 1367 3588 debuit
1397 3535 1729 3604 interrogare
1748 3578 1762 3602 ,
1795 3538 1848 3590 in
1880 3538 1982 3591 hoc
2008 3538 2127 3605 ipso

549 3624 790 3689 arguitur
820 3638 1050 3692 errasse,
1080 3624 1224 3692 quod
1262 3623 1503 3694 judicare
1535 3628 1889 3697 praesumpsit,
1912 3628 2001 3696 qui
2047 3628 2125 3681 in-

550 3721 825 3779 terrogare
853 3711 1036 3769 debuit
1074 3730 1086 3765 :
1136 3720 1191 3767 et
1229 3713 1271 3768 si
1302 3722 1506 3769 rectum
1540 3713 1739 3784 fuerit,
1780 3732 2000 3784 pravum
2050 3717 2124 3771 illi

547 3803 900 3873 teputabilur,
931 3805 1055 3858 dum
1086 3820 1186 3877 per
1212 3806 1317 3862 hoc
1342 3822 1372 3861 a
1425 3816 1576 3863 recto
1623 3808 1944 3874 declinavit;
1997 3810 2121 3879 quia

541 3892 670 3945 nihil
695 3892 855 3947 audet
883 3909 980 3964 per
1008 3896 1348 3964 sejudicare,
1381 3898 1535 3967 cujus
1550 3897 1785 3954 ofﬁcium
1809 3907 1891 3954 est
1916 3909 2120 3955 tantum

541 3980 778 4035 obedire.
819 3982 952 4037 Cutn
984 3986 1034 4053 ig
1058 3995 1143 4039 tur
1172 3988 1203 4039 h
1224 4012 1233 4037 l
1253 4004 1282 4042 c
1305 3988 1375 4041 ita
1397 3989 1524 4053 sint,
1547 3992 1785 4045 cavenda
1813 3992 2008 4061 ubique
2039 4004 2122 4047 est

540 4072 817 4128 monachis
867 4075 1095 4143 superba
1124 4076 1365 4144 libertas,
1417 4095 1479 4134 ac
1533 4097 1657 4135 vera
1715 4083 1987 4138 humilitas
2014 4084 2122 4137 dis-

536 4160 734 4225 cenda;
766 4163 883 4217 sine
912 4168 1334 4221 murmuratione
1374 4176 1429 4223 et
1455 4169 1793 4224 haesitatione
1821 4171 2119 4227 obedienti-

536 4250 662 4306 bus:
694 4268 802 4321 quo
824 4252 975 4320 juxta
1009 4254 1218 4310 Domini
1243 4258 1481 4321 verbum,
1500 4259 1684 4330 jugum
1720 4258 1913 4315 Christi
1945 4279 2116 4329 suave,

539 4353 585 4396 et
612 4359 739 4398 onus
760 4343 875 4413 ejus
903 4346 1011 4400 leve
1040 4346 1253 4416 (Matth.
1283 4364 1354 4414 ιι,
1407 4349 1497 4408 30)
1545 4351 1820 4416 sentiant;
1877 4351 2116 4422 alioquin

534 4436 709 4489 donec
738 4434 935 4492 Christi
966 4438 1324 4493 humilitatem
1352 4439 1596 4508 discant,
1649 4441 1973 4496 suavitatem
2003 4444 2116 4512 jugi

2262 522 2556 588 tentiones,
2586 525 2843 579 continuo
2884 526 3320 595 interpositurum
3350 530 3704 597 occupatione
3742 536 3826 584 de-

2262 623 2461 681 tentus,
2493 615 2739 672 turbatus
2761 624 2904 671 totus
2932 618 3105 685 sequi,
3129 631 3238 685 quo
3263 617 3436 686 jussio
3462 620 3623 687 ducit,
3653 631 3829 688 gratus

2257 718 2471 775 semper
2508 721 2617 761 non
2667 706 2897 774 poterit;
2942 722 3118 776 neque
3178 716 3235 761 ut
3278 712 3539 778 competit
3568 712 3831 780 complere

2259 806 2457 867 potest,
2481 798 2572 866 qui
2600 798 2938 853 turbulentus
2967 807 3050 853 est
3085 808 3142 853 et
3166 800 3427 869 ingratus.
3468 801 3829 857 Mortificatio-

2259 889 2340 942 nis
2388 888 2548 956 igitur
2575 887 2767 958 triplex
2797 894 2881 942 est
2928 889 3098 953 ratio;
3130 905 3238 944 non
3279 893 3460 945 animo
3507 892 3829 958 discordare,

2258 995 2364 1033 non
2415 980 2592 1048 lingua
2644 979 2792 1033 libita
2822 978 2986 1048 loqui,
3025 995 3131 1033 non
3155 981 3233 1035 ire
3268 996 3537 1050 quoquam
3569 983 3829 1039 absolute.

2255 1070 2420 1125 Suum
2444 1087 2658 1141 semper
2686 1073 2965 1128 estdicere
2986 1074 3099 1128 seni
3125 1114 3140 1138 ,
3182 1075 3429 1143 quannis
3458 1078 3723 1129 contraria
3746 1076 3828 1145 ju-

2255 1160 2432 1213 benti:
2466 1158 2589 1215 Non
2611 1162 2742 1215 sicut
2763 1179 2855 1233 ego
2878 1162 3009 1227 voto,
3028 1163 3118 1216 sed
3134 1164 3330 1216 sicuttu
3355 1164 3426 1217 tis
3450 1163 3661 1233 (Matth.
3691 1181 3828 1223 xxvi.

2254 1248 2376 1311 ‘59):
2404 1250 2554 1320 juxta
2604 1253 2908 1321 exemplum
2939 1251 3269 1315 Salvatoris,
3293 1254 3386 1321 qui
3428 1255 3535 1307 ait:
3581 1252 3829 1308 Ducendi

2250 1341 2315 1391 de
2340 1343 2487 1409 creto,
2512 1358 2616 1397 non
2645 1353 2702 1396 ut
2727 1344 2919 1414 faciam
2942 1346 3254 1397 voluntatem
3282 1361 3471 1410 meam,
3498 1345 3588 1399 sed
3611 1347 3830 1400 volunt.-

2250 1439 2349 1484 tcm
2370 1432 2481 1502 ejus
2500 1434 2585 1504 qui
2608 1434 2747 1487 misit
2774 1451 2872 1498 me,
2905 1432 3083 1488 Patris
3114 1433 3290 1503 (Joan.
3325 1450 3397 1497 vt,
3433 1434 3548 1505 38).

2321 1520 2526 1591 (Usque
2570 1524 2652 1576 hic
2696 1523 3035 1591 manuscripti
3074 1522 3274 1576 codices
3304 1531 3353 1575 et
3381 1526 3648 1592 exemplar
3669 1527 3829 1577 sancti

2249 1613 2386 1669 Galli
2425 1633 2441 1668 :
2474 1616 2601 1670 Bobi
2632 1633 2721 1673 nso
2748 1626 2919 1671 autem
2967 1617 3062 1673 hoc
3092 1617 3203 1673 loco
3244 1620 3442 1673 auctius
3476 1621 3677 1675 inclusa
3714 1622 3829 1675 sub-

2238 1706 2456 1778 jungit.)

2694 1800 2772 1856 De
2793 1805 3109 1874 perfectione
3129 1806 3385 1858 monachi.

2316 1887 2611 1944 Monachus
2637 1891 2688 1945 in
2712 1894 3042 1948 monasterio
3066 1896 3208 1947 vivat
3236 1896 3335 1948 sub
3368 1895 3523 1948 unius
3552 1894 3826 1964 disciplina

2247 1975 2439 2040 Patris,
2473 1982 2861 2051 consortioque
2889 1985 3200 2051 multorum,
3227 1995 3283 2039 ut
3307 1986 3371 2040 ab
3404 1985 3510 2039 alio
3540 1986 3713 2039 disrat
3739 1987 3825 2040 lm-

2246 2068 2548 2130 militatem.
2574 2070 2641 2125 ab
2672 2071 2781 2127 alio
2812 2072 3155 2142 patientiam:
3191 2091 3327 2129 unus
3356 2093 3479 2130 eum
3528 2076 3825 2142 silentium,

2249 2161 2387 2214 alter
2414 2160 2611 2216 doceat
2639 2165 3105 2219 mansuetudinent
3132 2184 3144 2218 :
3173 2182 3280 2221 non
3301 2167 3460 2221 iaciat
3482 2168 3626 2237 quod
3674 2170 3787 2221 vult
3817 2213 3826 2226 .

2240 2251 2489 2305 comedat
2524 2252 2668 2319 quod
2700 2253 2948 2323 jubetur;
2997 2255 3195 2311 habeat
3224 2269 3484 2326 quantum
3524 2267 3827 2327 atccpert;

2240 2338 2509 2407 operissui
2532 2356 2755 2410 pensum
2779 2341 3081 2411 persolvat;
3105 2344 3420 2412 subjiciatur
3436 2345 3520 2398 cui
3555 2361 3662 2399 non
3689 2350 3822 2407 vult;

2237 2430 2408 2485 lassus
2434 2431 2501 2484 a.l
2542 2440 2770 2486 stratum
2817 2434 3029 2498 veniat;
3074 2433 3461 2504 ambulansque
3524 2435 3784 2490 dormitet
3811 2480 3824 2499 ,

2238 2536 2337 2574 nec
2362 2521 2485 2575 dum
2517 2523 2736 2593 expleto
2758 2539 2951 2579 somno
2982 2538 3202 2593 surgere
3217 2528 3606 2595 compellatur;
3640 2544 3825 2596 passus

2238 2612 2504 2679 injuriam,
2561 2622 2765 2681 taceat;
2822 2616 3163 2685 praepositum
3196 2619 3504 2671 monasterii
3548 2617 3739 2672 timeat
3770 2630 3824 2671 ut

2236 2700 2533 2767 dominum,
2559 2704 2745 2771 diligat
2772 2714 2827 2758 ut
2856 2714 3168 2774 parentem:
3202 2705 3386 2761 credat
3414 2707 3512 2760 sibi
3555 2707 3662 2760 hoc
3706 2723 3823 2761 €330

2237 2792 2471 2847 salutare
2499 2794 2754 2865 quidquid
2786 2795 2875 2851 ille
2907 2797 3245 2867 przeceperit,
3298 2811 3399 2852 nec
3441 2797 3509 2851 de
3557 2799 3819 2867 tnajormu

2235 2884 2498 2940 sententia
2516 2885 2741 2954 judicet,
2770 2886 2920 2957 cujus
2945 2885 3181 2942 ollicium
3214 2896 3316 2952 est,
3367 2887 3588 2942 obedire
3617 2898 3673 2943 et
3724 2891 3820 2943 iiii—

2236 2978 2383 3046 plere
2434 2994 2551 3048 qua:
2589 2979 2734 3049 justa
2765 2990 2889 3034 sunt
2913 3022 2927 3047 ,
2957 2980 3169 3036 dicente
3219 2979 3434 3051 Moyse:
3462 2980 3621 3045 Audi,
3652 2979 3818 3035 Israel

2238 3066 2413 3135 (Deut.
2448 3084 2516 3131 vr,
2550 3067 2625 3140 ι),
2655 3079 2709 3125 et
2729 3070 2953 3141 reliqua.

2864 3162 3093 3219 CAPUT
3125 3163 3191 3220 Χ.

2664 3251 2742 3306 De
2779 3252 3074 3308 diversitate
3102 3254 3393 3323 culparum.

2306 3343 2592 3400 Diversitas
2614 3345 2890 3413 culparum
2920 3345 3248 3403 (livet-sitatis
3282 3348 3614 3417 paenitentia:
3655 3349 3822 3403 medi-

2232 3443 2480 3489 camento
2501 3436 2678 3489 sanari
2707 3436 2886 3491 debet.
2913 3434 3345 3507 ltaque,fratres,
3370 3438 3683 3509 bujusmodi
3709 3450 3817 3494 sta-

2234 3534 2401 3579 tutum
2423 3534 2506 3580 est
2544 3542 2575 3579 a
2601 3527 2800 3581 sanctis
2823 3526 3090 3595 Patribus,
3117 3538 3176 3583 ut
3206 3530 3396 3586 demus
3420 3531 3817 3589 confessionem

2231 3618 2298 3671 de
2328 3618 2595 3680 omnibus.
2622 3635 2729 3672 tton
2757 3618 2930 3674 solum
2977 3621 3292 3690 capitalibus
3324 3623 3638 3680 criminibus
3659 3666 3673 3687 .
3722 3626 3817 3680 sed

2229 3710 2388 3763 etiam
2418 3711 2486 3765 de
2515 3708 2810 3778 majoribus
2839 3712 3175 3779 negligentiis
3209 3730 3223 3763 :
3271 3712 3397 3782 quia
3440 3706 3713 3770 confessio
3762 3725 3817 3770 et

2228 3799 2542 3867 timuitentia
2590 3799 2657 3853 de
2686 3809 2861 3855 morte
2902 3801 3114 3856 liberat.
3164 3800 3307 3871 Ergo
3353 3819 3454 3859 nec
3508 3805 3620 3874 ipsa
3654 3822 3818 3875 parva

2227 3903 2257 3941 a
2315 3886 2655 3943 confessione
2691 3897 2819 3942 sunt
2865 3889 3182 3959 negligenda
3236 3899 3458 3960 peccata
3498 3911 3511 3946 :
3559 3895 3709 3965 quia,
3764 3905 3819 3947 ut

2224 3981 2479 4047 scriptum
2534 3988 2636 4043 est,
2686 3978 2786 4044 Qui
2834 3996 2996 4050 parva
3047 3980 3276 4051 negligit,
3336 3984 3590 4052 pautatim
3635 3984 3821 4053 deﬂuit

2226 4065 2413 4133 (Eccti.
2448 4073 2559 4137 xix)
2586 4085 2599 4121 :
2630 4076 2688 4121 ut
2732 4067 2888 4122 detur
2914 4068 3182 4123 confessio
3212 4079 3337 4124 ante
3375 4087 3647 4137 mensam,
3679 4081 3812 4128 ante

2223 4156 2495 4213 introitum
2511 4158 2847 4223 lectulorum,
2875 4160 2955 4213 vel
2977 4161 3273 4228 cuicunque
3297 4160 3455 4216 fuerit
3481 4162 3638 4216 facile
3661 4163 3810 4219 dare.

2295 4249 2459 4319 Igitur
2486 4252 2575 4321 qui
2622 4266 2729 4307 non
2753 4252 3066 4307 custodierit
3087 4254 3516 4309 benedictionem
3548 4257 3614 4310 ad
3661 4272 3817 4311 men-

2220 4365 2359 4417 sant,
2398 4357 2449 4403 et
2472 4365 2579 4403 non
2608 4351 2962 4420 re~ponderit,
2988 4351 3178 4416 Amen,
3245 4366 3338 4407 sex
3366 4352 3815 4421 percussionibus

2224 4440 2514 4517 emendare
2536 4442 2810 4495 statuitur.
2842 4441 2898 4496 Si
2920 4442 3135 4497 locutus
3172 4442 3334 4497 fuerit
3360 4443 3673 4510 comedens,
3698 4461 3809 4499 non

535 4524 652 4593 ejus
673 4534 727 4579 et
753 4528 932 4581 ooeris
956 4529 1095 4583 illius
1117 4529 1387 4584 levitatem
1414 4546 1519 4585 non
1548 4532 1804 4587 sentient.
1834 4532 2117 4589 liumilitas
2149 4557 2191 4615 υ
2224 4531 2546 4587 necessitate
2575 4532 2797 4586 alterius
2827 4533 3037 4596 fratris,
3066 4549 3160 4588 sex
3192 4535 3647 4604 percussionibus.
3706 4537 3809 4603 Qui

534 4616 675 4669 cuitu
705 4617 902 4684 cordis,
936 4620 1147 4689 requies
1192 4622 1383 4676 anima:
1405 4633 1487 4678 est
1537 4625 1677 4679 vitiis
1735 4641 1798 4680 ac
1843 4626 2115 4683 laboribus

535 4707 785 4774 fatigatio,
815 4722 879 4761 ac
906 4713 1116 4766 unicum
1140 4712 1278 4767 illius
1306 4713 1372 4768 de
1404 4723 1484 4768 tot
1528 4716 1683 4771 malis
1740 4716 2068 4786 refrigerium
2097 4738 2110 4772 :

532 4806 587 4850 et
615 4807 875 4866 quantum
902 4800 967 4853 ad
994 4802 1131 4855 hanc
1168 4804 1651 4861 considerationem
1699 4817 1809 4861 tuta
1846 4808 1913 4862 de
1952 4812 2115 4863 tantis

532 4889 661 4943 ‘bris
687 4889 833 4956 vagis
864 4905 925 4944 ac
961 4892 1107 4945 vanis
1136 4896 1455 4961 attrahatur,
1477 4908 1680 4952 tantum
1704 4900 1845 4955 intus
1874 4904 2121 4972 requies-

532 4981 606 5033 cit
631 4996 693 5034 ac
716 4977 1090 5049 refrigeretur;
1118 4984 1192 5038 ita
1220 4993 1280 5038 ut
1308 4987 1469 5040 etiam
1500 5004 1681 5044 amara
1734 4990 1807 5043 illi
1847 4992 1955 5045 sint
2000 4994 2115 5047 dul-

530 5068 635 5138 cia,
676 5088 740 5127 ac
768 5074 902 5129 dura
947 5080 1001 5129 et
1029 5076 1196 5131 ardua
1225 5087 1350 5133 ante
1396 5078 1609 5144 habita,
1636 5080 1793 5150 plana
1838 5098 1901 5136 ac
1942 5080 2115 5138 facilia

444 5172 449 5181 ‘
534 5180 649 5219 esse
675 5166 889 5221 sentiat.
923 5164 1260 5225 Mortificatio
1287 5186 1531 5242 quoque,
1578 5172 1824 5239 superbis
1875 5187 1940 5226 ac
1967 5174 2115 5228 duris

533 5257 902 5324 intolerabilis,
936 5258 1009 5313 illi
1040 5266 1121 5314 est
1142 5262 1467 5328 consolatio,
1492 5263 1577 5317 cui
1608 5261 1711 5316 hoc
1734 5262 1905 5316 solum
1937 5264 2112 5332 placet

534 5348 670 5411 quod
694 5347 891 5403 humile
946 5364 1010 5404 ac
1062 5362 1401 5405 mansuetum
1429 5360 1528 5406 est.
1580 5351 1869 5405 Sciendum
1927 5362 2108 5406 autem

533 5446 643 5497 est,
675 5438 818 5504 quod
872 5454 1045 5509 neque
1088 5440 1225 5496 Itane
1252 5441 1491 5511 tnartyrii
1540 5440 1880 5503 felicitatem,
1936 5456 2109 5508 neque

534 5534 673 5587 aliud
712 5537 838 5606 quid
866 5538 994 5592 utile
1022 5539 1408 5605 superveniens
1450 5539 1646 5607 poterit
1675 5536 1909 5608 perfecte
1958 5554 2109 5592 com--

536 5626 682 5692 plere
707 5627 844 5693 quis,
876 5628 973 5683 nisi
997 5630 1085 5700 qui
1128 5630 1177 5683 in
1211 5630 1311 5683 hoc
1336 5630 1569 5684 studium
1608 5629 1878 5699 singulare
1917 5644 2109 5698 posue-

533 5722 624 5784 rit,
649 5724 703 5771 ut
733 5732 837 5773 non
867 5718 1165 5775 inveniatur
1195 5720 1505 5787 imparatus.
1558 5719 1611 5776 Si
1643 5720 1782 5776 enim
1810 5719 1962 5789 juxta
2006 5719 2108 5774 hoc

2222 4623 2593 4677 dixeritsuum
2615 4623 2889 4693 pr0prium
2919 4624 3142 4693 aliquid,
3192 4640 3288 4679 sex
3335 4626 3806 4695 percussionibus:

2222 4724 2277 4769 et
2297 4715 2387 4785 qui
2415 4731 2519 4769 non
2542 4714 2832 4783 signaverit
2861 4715 3146 4770 cochleare
3170 4717 3311 4787 quod
3338 4717 3545 4785 lambit,
3576 4733 3671 4773 sex
3696 4735 3813 4785 pet-

2223 4808 2577 4862 cussionibus.
2609 4806 2664 4862 Si
2688 4807 2901 4863 locutus
2929 4805 3089 4862 fuerit
3111 4808 3162 4862 in
3187 4809 3396 4876 plausu,
3426 4810 3473 4864 id
3496 4811 3813 4874 est,altiote

2223 4916 2358 4953 sono
2388 4899 2566 4963 solito,
2599 4914 2691 4954 sex
2718 4898 3168 4969 percussionibus.
3199 4899 3256 4953 Si
3295 4916 3401 4955 non
3450 4902 3695 4969 signatur
3727 4903 3810 4957 lu-

2222 5007 2406 5055 cerna,
2433 4991 2536 5044 hoc
2554 4999 2654 5055 est,
2710 5007 2831 5045 cum
2880 5007 3107 5046 accensa
3137 4990 3168 5044 fa
3191 4993 3294 5046 erit
3322 5008 3351 5046 a
3378 4992 3594 5060 juniore
3616 4994 3803 5059 fratre,

2220 5091 2272 5137 et
2301 5098 2406 5136 non
2433 5081 2752 5136 exhibeatttr
2800 5082 2865 5134 ad
2891 5081 3160 5135 seniorem
3214 5082 3279 5135 ad
3309 5084 3650 5149 signandum,
3706 5102 3803 5140 sex

2222 5174 2673 5244 percussionibus.
2708 5171 2762 5227 Si
2795 5174 3011 5242 aliquod
3035 5190 3171 5243 opus
3226 5191 3421 5230 vanum
3468 5176 3673 5243 fecerit,
3705 5195 3751 5233 si
3774 5196 3805 5233 x

2217 5264 2650 5333 percussionibus
2672 5262 3004 5319 emendetur.

2289 5352 2604 5423 Quicunque
2629 5353 2696 5407 de
2725 5351 2979 5407 fratribus
3014 5354 3105 5423 qui
3143 5355 3451 5411 sollicitudo
3480 5359 3803 5426 cuquiitatidi

2218 5445 2300 5498 vel
2328 5444 2662 5499 ntinistrandi
2687 5446 2972 5499 commissa
2995 5456 3097 5511 est,
3129 5452 3450 5515 quantulutn
3496 5451 3622 5520 quid
3661 5449 3797 5506 effn-

2218 5535 2378 5600 derit,
2408 5534 2651 5588 oratione
2682 5534 2732 5586 in
2757 5534 2979 5588 ecclesia
3004 5545 3127 5605 post
3148 5538 3421 5607 expletum
3450 5555 3690 5604 cursum,
3724 5542 3799 5593 ita

2222 5634 2279 5678 ut
2306 5623 2500 5680 fratres
2530 5640 2628 5694 pro
2654 5640 2719 5680 eo
2749 5633 2926 5690 orent,
2952 5626 3233 5683 emendari
3260 5630 3534 5685 statuitur.
3576 5630 3676 5697 Qui
3698 5631 3799 5685 bu-

2223 5718 2569 5774 miliationctn
2600 5718 2650 5771 in
2672 5717 2878 5787 synaxi,
2909 5716 2961 5771 id
3001 5728 3100 5783 est,
3135 5720 3187 5779 in
3213 5736 3370 5776 cursu
3394 5720 3589 5779 oblitus
3635 5720 3799 5777 fuerat
