4052 6332
276 305 385 363 Si?

1526 299 1803 355 REﬁULA
1843 298 2300 360 C(ENOBIALIS.

3431 309 3535 363 ω

274 430 415 499 (hac
440 434 522 481 est
550 422 849 480 humiliatio
880 422 933 475 in
959 419 1199 476 Ecclesia
1226 426 1351 490 post
1376 419 1535 473 linem
1564 417 1853 487 cujuscunr
1885 423 1931 481 Λ
1957 419 2214 476 siomnus.
2270 419 2554 479 mferens
2600 439 2903 481 sermonem
2946 426 3115 481 altum
3142 426 3259 481 sine
3283 442 3538 496 suppres-

272 534 383 587 que
411 515 623 586 psalmi)
652 514 898 568 similiter
924 513 1180 581 preniteat
1217 529 1230 564 :
1256 510 1414 566 simili
1437 511 1597 565 modo
1626 511 1716 578 qui
1743 527 1857 580 pcr-

269 608 469 662 diderit
496 608 682 669 micas,
714 605 960 659 oratione
1007 604 1059 658 in
1116 603 1341 657 ecclesia
1390 603 1723 657 emendetur.
1779 601 1856 654 Ita

272 710 454 753 tamen
477 699 591 752 haec
621 712 779 766 parva
807 696 1119 766 pmuitentia
1148 694 1197 748 ei
1230 694 1492 749 indicetur
1514 733 1530 755 ,
1562 695 1605 748 si
1635 708 1853 763 parvum

269 790 400 859 quid
432 787 716 843 effuderit:
765 787 809 842 si
860 784 1202 854 negligentia,
1254 794 1349 839 aut
1398 784 1705 849 oblivione,
1759 799 1853 837 seu

270 879 699 947 transgressione
721 877 1021 933 securitatis
1042 884 1150 930 tam
1174 877 1225 929 in
1256 875 1470 945 liquidis
1493 890 1652 943 quam
1676 875 1727 928 in
1749 875 1855 928 ari-

266 973 355 1027 dis
380 971 609 1042 amplius
637 970 797 1025 solito
823 968 1129 1040 perdiderit,
1162 967 1314 1034 longa
1345 967 1496 1020 venia
1521 966 1572 1020 in
1602 964 1851 1030 ecclesia,

264 1063 399 1117 dum
445 1061 728 1117 duodecim
775 1059 1009 1131 psalmos
1054 1058 1122 1111 ad
1186 1056 1557 1111 duodecimam
1609 1063 1851 1116 canunt,

265 1162 571 1223 prostratus
594 1153 795 1207 nullum
825 1151 1125 1206 membrum
1166 1163 1385 1202 movens
1424 1148 1701 1216 paeniteat.
1755 1144 1853 1200 Vel

263 1255 440 1310 certe,
498 1244 542 1298 si
592 1244 820 1299 multum
864 1251 948 1296 est
993 1240 1138 1311 quod
1177 1237 1393 1305 effudit,
1445 1236 1750 1306 quadranos
1786 1235 1854 1289 de

264 1334 497 1390 cervisia
528 1342 621 1388 aut
648 1347 930 1387 mensuras
957 1330 1407 1400 qualiumcunque
1448 1343 1625 1382 rerum
1681 1329 1849 1380 inter-

261 1425 494 1480 cedente
515 1424 837 1494 negligentia
863 1421 1143 1477 effundens
1165 1421 1414 1490 perdidit,
1446 1420 1747 1490 supputatis
1773 1428 1851 1473 tot

261 1519 458 1574 diebus
488 1518 581 1572 illo
607 1515 753 1586 quod
779 1518 832 1570 in
854 1496 1099 1585 sumpius
1147 1514 1392 1584 proprios
1438 1515 1561 1568 vita:
1605 1514 1853 1582 accipere

260 1619 646 1668 consueverat.
668 1608 769 1663 sibi
800 1622 918 1661 eam
942 1605 1236 1676 perdidisse
1264 1606 1421 1673 sciat,
1447 1615 1506 1658 ut
1552 1620 1651 1675 pro
1673 1605 1848 1658 cervi-

256 1699 347 1754 εἰει
377 1715 570 1768 aquam
604 1699 769 1753 bibat.
807 1695 1008 1751 Diﬂ'uso
1050 1712 1209 1763 supra
1243 1712 1514 1762 rucnsarn,
1541 1694 1850 1750 decidente-

257 1806 374 1860 que
403 1799 554 1846 extra
582 1806 725 1857 eam,
754 1790 964 1844 veniam
994 1789 1046 1843 in
1072 1787 1335 1843 discubito
1363 1787 1629 1842 sufficere.

337 1883 439 1950 Qui
468 1883 748 1951 egrediens
796 1882 1012 1936 domum
1065 1881 1131 1935 ad
1181 1882 1480 1934 orationem
1528 1877 1849 1949 posrendam

261 1989 377 2029 non
404 1989 462 2027 se
492 1971 873 2036 liumiliaverit,
897 1977 953 2024 et
975 1978 1095 2039 post
1115 1979 1390 2037 acceptam
1421 1968 1851 2023 benedictionem

259 2078 375 2120 non
398 2077 457 2117 se
477 2061 788 2130 siguaverit,
817 2074 1030 2114 crucem
1059 2073 1164 2112 non
1188 2056 1398 2121 adierit,
1422 2056 1701 2112 duodecim
1734 2071 1852 2124 per.

188 2166 193 2169 '
253 2152 601 2207 cussiouibus
636 2150 909 2205 emenlari
940 2148 1219 2202 statuitur.
1251 2146 1510 2201 Similiter
1533 2148 1619 2214 qui
1646 2147 1851 2200 oratio-

255 2259 386 2299 nem
410 2251 534 2297 aute
556 2257 709 2308 opus,
728 2248 821 2293 aut
851 2247 970 2308 post
991 2254 1125 2307 Opus
1154 2238 1351 2293 oblitus
1373 2237 1555 2305 fuerit,
1572 2235 1852 2292 duodecim

254 2334 720 2405 percussionibus.
754 2330 822 2385 Et
851 2331 943 2399 qui
974 2329 1270 2385 comederit
1294 2330 1410 2383 sine
1454 2328 1850 2393 benedictione,

255 2425 551 2479 duodrcim
584 2423 1015 2493 percussionibus
1048 2440 1061 2475 :
1090 2431 1145 2475 et
1170 2422 1258 2491 qui
1294 2420 1602 2489 regrediens
1632 2418 1852 2473 domum

255 2518 565 2571 orationem
598 2524 786 2585 petens
814 2531 920 2568 non
952 2532 1011 2569 se
1045 2513 1350 2568 curvavt-rit
1405 2512 1541 2566 intra
1594 2511 1811 2565 domum
1836 2551 1852 2575 ,

252 2607 546 2661 duodecim
580 2606 1016 2675 percussionilms
1040 2605 1377 2657 emendetur.
1410 2603 1509 2667 Qui
1557 2617 1686 2655 vero
1747 2600 1854 2654 fra-

263 2707 354 2751 ter
384 2698 500 2752 lucc
529 2697 707 2752 omnia
738 2695 1017 2751 confessus
1046 2694 1229 2762 fuerit,
1277 2703 1332 2747 et
1356 2709 1415 2745 ca
1439 2701 1547 2746 tera
1593 2707 1760 2760 usque
1787 2691 1854 2744 ad

253 2790 694 2858 suppositionem
723 2788 1211 2857 scmipmniteutim,
1247 2787 1295 2840 id
1341 2795 1441 2851 est,
1473 2785 1645 2839 media
1679 2785 1852 2853 patui-

255 2882 451 2944 tentia,
484 2889 538 2933 ct
558 2880 624 2935 de
656 2881 736 2935 liis
762 2879 950 2935 similia
978 2880 1048 2934 sit
1079 2890 1400 2949 temperare.

333 2978 550 3031 lttlcrittt
597 2979 686 3047 qui
734 2977 917 3030 tussim
961 2977 1013 3030 in
1066 2976 1293 3029 exord'o
1324 2974 1512 3044 psalmi
1560 2990 1662 3027 non
1712 2974 1851 3026 bene

246 3071 480 3130 caverit,
514 3085 604 3123 sex
639 3067 1069 3138 percus-iouilius
1088 3066 1362 3122 emendari
1394 3065 1676 3119 statuitur:
1704 3063 1849 3120 simi-

1958 510 2130 575 sione,
2151 511 2249 565 nisi
2272 513 2359 566 ubi
2390 515 2680 571 necessitas
2709 515 2889 584 fuerit,
2913 518 3286 588 suppositione
3311 518 3531 584 silentii,

1954 610 2050 655 aut
2093 604 2475 672 quinquaginta
2530 606 2999 676 percussionibus:
3032 624 3295 664 excusans
3337 608 3405 663 ad
3436 624 3532 664 ve-

1955 692 2124 760 niam,
2152 694 2533 764 quinquaginta
2562 698 3015 767 percussionibus.
3290 714 3293 719 ‘

2025 782 2126 849 Qui
2157 784 2305 838 fratri
2350 786 2550 855 aliquid
2582 788 2834 843 iudicanti
2872 788 3210 859 responderit
3238 808 3250 843 :
3284 789 3400 844 Non
3456 791 3531 845 ita

1955 880 2038 927 est
2085 883 2141 927 ut
2186 874 2350 940 dicis,
2424 886 2617 945 praeter
2668 880 2907 934 seniores
2954 879 3256 948 junioribus
3292 881 3534 935 dicentes

1954 958 2288 1034 simpliciter,
2326 968 2695 1035 suppositione
2733 969 2972 1034 silentii,
3025 980 3120 1023 aut
3145 970 3532 1040 quinquaginta

1955 1057 2403 1126 percussionibus.
2435 1057 2545 1113 Nisi
2576 1058 2678 1114 lioc
2718 1067 2924 1114 tantum
2954 1061 3077 1115 licet
3101 1061 3355 1129 comquali
3382 1060 3533 1115 fratri

1954 1161 2072 1213 suo,
2104 1148 2149 1202 si
2171 1149 2415 1204 veracius
2440 1158 2523 1204 est
2546 1149 2741 1218 aliquid
2769 1166 2928 1219 quam
2966 1151 3054 1205 ille
3080 1151 3233 1219 dicit,
3261 1159 3318 1204 et
3345 1166 3533 1206 recor-

1953 1237 2149 1293 datur:
2182 1238 2237 1293 Si
2266 1240 2403 1295 bene
2433 1240 2643 1306 recolis,
2684 1243 2850 1296 frater
2876 1259 2888 1295 :
2920 1251 2975 1297 et
3002 1243 3139 1297 alter
3179 1244 3281 1298 hoc
3310 1243 3533 1297 audiens

1954 1345 2062 1384 non
2084 1328 2313 1385 affirmet
2347 1346 2662 1397 sermonem,
2688 1347 2841 1386 suum
2860 1372 2875 1392 .
2924 1333 3015 1386 sed
3045 1333 3317 1388 humiliter
3344 1333 3488 1387 dicat
3516 1351 3529 1386 :

1952 1420 2124 1491 Spem
2150 1423 2293 1491 quod
2343 1431 2399 1476 tu
2448 1424 2637 1478 melius
2668 1424 2994 1488 recorderis;
3045 1438 3146 1493 ego
3178 1439 3272 1491 per
3300 1423 3530 1478 oblivio-

1955 1528 2077 1568 nem
2105 1515 2155 1568 in
2183 1514 2348 1570 verbo
2372 1516 2578 1571 excessi
2605 1533 2619 1581 ;
2664 1517 2888 1585 poenitet
2918 1531 3004 1571 me
3039 1516 3181 1585 quod
3229 1516 3369 1570 male
3395 1515 3527 1569 dixi.

1953 1603 2094 1659 Ecce
2144 1606 2307 1659 verba
2352 1606 2580 1660 filiorum
2621 1605 2754 1660 Dei:
2810 1604 2960 1659 Nihil
3005 1622 3096 1675 per
3123 1605 3528 1666 contentionem.

1953 1704 2014 1750 ut
2042 1696 2117 1750 ait
2143 1696 2432 1767 Apostolus
2456 1736 2471 1761 ,
2518 1714 2678 1767 neque
2704 1714 2795 1765 per
2821 1699 3030 1750 inanem
3055 1697 3298 1765 gloriam,
3320 1694 3412 1749 sed
3440 1711 3530 1764 per

1887 1820 1929 1877 Β
1955 1785 2295 1838 humilitatem
2324 1787 2559 1856 spiritus,
2608 1787 2740 1841 alter
2790 1791 3005 1840 alterum
3050 1787 3399 1840 existimantes
3437 1801 3527 1837 su-

1956 1877 2213 1945 perierem
2251 1876 2346 1930 sibi
2378 1876 2631 1947 (Philipp.
2663 1892 2735 1944 ιι,
2765 1877 2842 1941 '5).
2875 1875 3139 1930 Cancrum
3169 1874 3259 1943 qui
3285 1889 3342 1929 se
3361 1889 3530 1928 excu-

1954 1968 2169 2033 saverit,
2202 1984 2308 2021 non
2333 1965 2469 2022 filius
2501 1968 2593 2022 Dei
2637 1967 2911 2037 spiritalis,
2963 1966 3057 2022 sed
3104 1965 3271 2020 Adam
3302 1964 3533 2020 carnalis

1950 2057 2242 2127 judicetur.
2273 2057 2371 2125 Qui
2400 2059 2445 2114 si
2491 2076 2597 2115 non
2626 2061 2735 2115 cito
2765 2060 2831 2113 ad
2863 2069 3074 2129 portum
3103 2058 3309 2127 requiei
3351 2058 3530 2112 humi-

1956 2150 2119 2205 litatis
2150 2150 2429 2205 dominica:
2456 2150 2778 2218 confugerit,
2834 2149 3115 2204 nimiarum
3144 2148 3529 2204 contradictio-

1954 2257 2081 2295 nurn
2110 2243 2311 2296 aditum
2342 2242 2461 2296 aliis
2485 2243 2732 2312 aperiens
2758 2281 2773 2306 ,
2820 2241 2871 2295 iu
2913 2240 3160 2309 superbia
3204 2240 3495 2309 persistens
3516 2278 3533 2302 ,

1952 2331 2021 2386 de
2035 2333 2279 2386 libertate
2299 2340 2496 2387 sanctzc
2511 2331 2761 2387 Ecclesia:
2782 2331 2834 2386 in
2859 2330 3049 2385 cellula
3070 2330 3140 2385 ob
3162 2329 3532 2397 paenitentiam

1953 2423 2215 2491 agendam
2242 2431 2557 2491 separetur;
2593 2437 2760 2491 usque
2796 2422 2920 2475 dum
2963 2422 3103 2475 bona
3132 2419 3250 2497 ejus
3286 2418 3535 2473 voluntas

1952 2527 2331 2583 cognoscatur.
2386 2523 2549 2584 atque
2587 2531 2685 2584 per
2732 2515 3092 2569 humilitatem
3119 2513 3297 2567 denuo
3333 2517 3534 2565 saucttn

1952 2605 2355 2673 congregationi
2402 2606 2686 2659 inseratur.
2725 2605 2824 2670 Qui
2877 2603 3081 2676 profert
3120 2616 3424 2659 sermonem
3450 2601 3532 2656 vel

1953 2695 2220 2749 modicum
2250 2695 2315 2747 ad
2348 2693 2849 2764 reprehendendum
2876 2709 3012 2762 Opus
3036 2693 3275 2754 ostiarii,
3326 2700 3417 2744 aut
3446 2705 3529 2743 os-

1954 2770 2141 2839 tia'rius
2184 2786 2227 2839 si
2271 2785 2432 2839 lioras
2476 2787 2613 2840 bene
2642 2802 2747 2839 non
2777 2785 3129 2847 custodierit,
3162 2781 3532 2853 suppositione

1950 2878 2169 2942 silentii,
2196 2886 2288 2931 aut
2312 2878 2691 2948 quinquaginta
2717 2877 3172 2947 percussionibus.

2024 2971 2306 3025 Proft-reus
2331 2972 2725 3025 correctionem
2752 2978 2938 3024 contra
2971 2966 3396 3025 correctionem;
3428 2963 3531 3019 hoc

1949 3071 2050 3125 est,
2081 3063 2350 3131 castigans
2373 3063 2719 3129 castiganteru
2748 3075 2826 3124 se,
2852 3058 3020 3113 tribus
3047 3056 3527 3127 suppositionibus.
3606 3114 3610 3120 λ

270 3162 384 3216 fter
404 3162 492 3230 qui
518 3133 843 3228 perc-usserit
869 3158 1117 3212 dentibus
1144 3159 1371 3213 calicem
1399 3156 1654 3210 salutaris
1680 3196 1694 3217 ,
1748 3170 1843 3208 sex
1872 3191 1918 3248 Ε
1952 3153 2016 3206 Ει
2037 3153 2125 3223 qui
2156 3153 2439 3209 abscondit
2459 3152 2673 3221 aliquod
2700 3152 2902 3207 crimen
2927 3148 3111 3203 videns
3139 3133 3190 3201 in
3222 3146 3386 3201 fratre
3409 3161 3530 3209 suo,

252 3269 351 3322 per
364 3251 716 3305 missionibus.
743 3248 997 3303 Ordinem
1033 3247 1277 3303 sacrificii
1305 3248 1396 3316 qui
1439 3262 1545 3300 non
1572 3244 1843 3301 custodie-

251 3347 330 3399 rit
357 3345 422 3395 ad
444 3342 803 3405 offerendum,
834 3358 926 3397 sex
967 3340 1421 3411 percussionibus.
1458 3336 1723 3393 Sacerdos
1769 3334 1845 3389 of-

251 3435 438 3489 ferens
464 3434 554 3502 qui
587 3433 811 3502 ungulas
838 3450 943 3486 non
973 3433 1303 3503 dempserit,
1358 3441 1415 3486 et
1457 3430 1717 3484 diaconus
1755 3426 1841 3481 cui

254 3527 425 3579 tiarlia
458 3534 610 3580 tonsa
649 3541 755 3579 non
785 3525 945 3578 fuerit
971 3542 984 3577 :
1014 3524 1083 3577 de
1131 3532 1305 3579 rastro
1342 3521 1665 3578 sacrificium
1711 3520 1845 3574 acci-

251 3620 492 3682 pientes,
525 3616 592 3669 ad
614 3616 839 3670 calienu
867 3614 1209 3680 accedentes,
1254 3629 1351 3669 sex
1381 3610 1840 3682 percussionibus.

249 3710 323 3764 Et
349 3710 439 3777 qui
479 3710 761 3764 subridens
788 3708 839 3762 in
870 3708 1077 3778 synaxi,
1110 3707 1163 3761 id
1191 3715 1277 3762 est
1304 3708 1354 3761 in
1385 3721 1579 3770 cursu,
1604 3718 1701 3759 sex
1722 3719 1845 3773 per-

249 3802 641 3858 cu~siunibusz
680 3802 724 3856 si
775 3802 826 3856 in
856 3816 1048 3856 sonum
1092 3800 1230 3855 risus
1271 3799 1555 3869 eruperit,
1594 3796 1845 3866 supposi-

251 3897 435 3959 tione;
471 3895 573 3949 nisi
596 3894 935 3948 veniabiliter
964 3892 1270 3960 contigerit.
1303 3891 1570 3946 Sacerdos
1590 3885 1845 3951 offerens,

250 3996 316 4041 et
347 3987 606 4041 diaconus
633 3984 952 4040 sacrificium
1001 3984 1334 4046 custodiens,
1380 3995 1574 4037 cavere
1602 3996 1670 4034 ne
1698 3980 1847 4047 vagis

252 4076 430 4131 oculis
451 4077 707 4132 oberrent
739 4094 751 4129 :
785 4075 929 4146 quod
957 4075 1002 4131 si
1037 4074 1393 4144 neglexerint,
1421 4090 1516 4130 sex
1546 4068 1845 4144 percussio-

249 4167 416 4221 mbus
441 4168 732 4221 emendari.

329 4259 430 4327 Qui
461 4259 658 4313 oblitus
710 4258 869 4314 fuerit
915 4258 1209 4323 clirismal,
1265 4273 1495 4329 pergens
1548 4262 1733 4331 procul
1776 4262 1845 4315 ad

249 4367 397 4419 opus
425 4350 641 4419 aliquod
671 4392 685 4413 ,
735 4351 914 4420 quinis
960 4350 1244 4419 quinquies
1290 4352 1748 4419 percussionibus.
1789 4354 1844 4410 Si

247 4458 419 4512 super
444 4450 637 4495 terram
668 4441 722 4495 in
754 4454 884 4510 agro
906 4440 1188 4504 dimiserit,
1244 4450 1301 4496 et
1352 4441 1617 4497 invenerit
1641 4430 1863 4512 statim,

249 4535 412 4589 denis
436 4533 720 4603 quinquies
761 4533 1238 4603 percussionibus:
1270 4533 1314 4587 si
1342 4533 1395 4588 in
1426 4534 1570 4603 ligno
1610 4535 1738 4590 illud
1761 4536 1842 4592 le-

249 4629 485 4689 vaverit,
518 4635 600 4682 ter
632 4626 821 4693 denis,
878 4628 921 4683 si
965 4628 1039 4682 ibi
1077 4638 1295 4682 maneat
1348 4637 1540 4691 nocte,
1592 4631 1842 4700 supposi-

247 4721 431 4774 tione.
459 4716 711 4789 Eulogias
747 4718 1051 4774 immundus
1077 4718 1369 4788 accipiens,
1417 4718 1701 4774 duodecim
1724 4737 1845 4789 per-

248 4809 633 4866 cussionibus:
666 4810 990 4865 obliviscens
1036 4792 1366 4866 oblationem
1420 4810 1634 4876 facere,
1678 4827 1845 4881 usque

247 4905 386 4955 dum
437 4911 525 4957 eat
577 4902 648 4955 ad
701 4901 1064 4965 offerendum,
1118 4911 1336 4957 centum
1385 4890 1841 4973 percussionibus.

246 4989 492 5047 Fabulas
520 4992 722 5048 otiosas
752 4991 1028 5063 proferens
1055 4993 1119 5047 ad
1147 4994 1401 5058 alienum,
1431 4994 1610 5049 statim
1648 5006 1845 5049 semet-

250 5089 435 5152 ipsum
467 5084 889 5154 reprebendeus,
919 5084 1073 5139 venia
1100 5094 1307 5138 tantum
1336 5102 1348 5137 :
1376 5085 1419 5138 si
1445 5093 1625 5139 autem
1647 5099 1707 5138 se
1735 5101 1841 5139 non

248 5175 692 5243 reprehenderit,
720 5176 813 5231 sed
844 5176 1243 5240 detractaverit,
1296 5176 1529 5246 qualiter
1555 5193 1648 5231 eas
1676 5193 1841 5231 excu-

246 5282 381 5320 sare
411 5265 627 5332 debeat,
658 5267 1031 5337 suppositione
1079 5267 1300 5333 silentii,
1331 5274 1425 5320 aut
1456 5267 1842 5336 quinquaginta

250 5359 720 5427 percussionibus.
752 5357 1164 5414 Excusationem
1194 5360 1470 5428 proferens
1491 5376 1609 5411 cum
1637 5359 1843 5429 simpli-

250 5458 456 5517 citate,
495 5453 712 5522 quando
766 5452 818 5506 in
874 5452 1055 5521 aliquo
1103 5451 1420 5516 discutitur,
1473 5460 1527 5504 ct
1572 5466 1677 5505 non
1718 5450 1845 5504 dicit

256 5544 444 5597 statim
476 5542 685 5597 veniam
718 5552 942 5612 petens:
969 5540 1530 5608 Mcat‘ulpa,p(1:nitet
1557 5555 1660 5603 mc,
1684 5540 1842 5607 quin-

247 5636 513 5703 quaginta
543 5637 994 5708 percussionilius.
1022 5637 1315 5690 Consilium
1347 5643 1533 5688 contra
1560 5632 1842 5687 cousi'ium

252 5743 384 5780 cum
414 5727 758 5797 simplicitate
799 5744 1073 5794 promens,
1104 5725 1492 5795 quinquaginta
1534 5724 1842 5792 percussio.

247 5817 565 5885 nibustui
597 5819 766 5877 altare
793 5821 1157 5884 concusserit,
1209 5815 1590 5888 quinquaginta
1621 5829 1843 5886 percus-

1954 3258 2120 3312 usque
2151 3244 2273 3296 dum
2304 3244 2607 3310 corrigatur
2635 3244 2705 3296 de
2736 3242 2845 3295 alio
2873 3238 3033 3304 vitio,
3082 3237 3165 3291 vel
3195 3236 3264 3291 de
3292 3237 3444 3305 ipso,
3475 3244 3532 3290 et

1951 3341 2078 3389 tunc
2099 3332 2303 3403 profert
2335 3332 2465 3388 illud
2494 3332 2751 3386 adversus
2780 3330 2998 3384 fratrem
3022 3365 3038 3393 ,
3090 3326 3258 3381 tribus
3285 3324 3532 3394 supposi-

1949 3424 2202 3480 tionibus.
2236 3422 2660 3495 Reprehendens
2688 3421 2916 3476 aliorum
2950 3412 3173 3473 fratrum
3202 3430 3396 3486 opera,
3436 3422 3529 3467 aut

1947 3516 2273 3583 detractans,
2298 3516 2467 3572 tribus
2483 3513 2960 3587 suppositionibus.
2987 3510 3088 3579 Qui
3108 3508 3343 3565 detrahit
3364 3506 3519 3561 alicui

1952 3608 2124 3677 fratri,
2143 3618 2236 3665 aut
2254 3609 2405 3665 audit
2427 3608 2822 3673 detrahentem,
2846 3620 2953 3659 non
2977 3601 3231 3658 continuo
3254 3599 3529 3665 corrigem

1948 3721 2092 3770 eum,
2128 3706 2297 3761 tribus
2323 3701 2800 3773 suppositionibus.
2829 3697 2931 3765 Qui
2960 3696 3192 3766 aliquam
3222 3690 3526 3747 contentio-

1948 3811 2071 3851 nem
2102 3811 2223 3851 cum
2255 3794 2466 3849 tristitia
2498 3793 2716 3865 promit,
2741 3791 2902 3846 simili
2930 3788 3095 3845 modo
3126 3786 3295 3839 tribus
3322 3796 3526 3852 suppo-

1947 3887 2235 3943 sitionibus
2264 3887 2543 3959 paeniteat.
2575 3884 2678 3951 Qui
2717 3882 2916 3953 aliquid
2954 3878 3355 3950 reprehendens
3390 3888 3531 3944 pra:-

1947 3982 2125 4051 posito
2177 3998 2279 4038 suo
2326 3998 2435 4037 non
2492 3982 2609 4036 vult
2653 3978 2907 4045 indicari,
2957 3990 3129 4045 usque
3172 3972 3298 4028 dum
3349 3970 3530 4026 abbati

1948 4074 2166 4143 indicet,
2198 4075 2366 4130 tribus
2387 4072 2879 4145 suppositionibus;
2908 4069 3008 4125 nisi
3036 4070 3150 4123 lucc
3178 4065 3357 4121 omnia
3388 4078 3522 4116 con-

1948 4162 2178 4219 fessione
2206 4164 2503 4219 verecunda
2536 4162 2684 4218 fiant.
2716 4161 2773 4217 Si
2803 4160 2921 4230 quis
2949 4159 3113 4213 frater
3144 4156 3309 4211 tristis
3328 4153 3518 4225 fuerit.

1946 4254 1990 4307 si
2033 4252 2144 4307 fieri
2173 4263 2381 4324 potest,
2430 4254 2854 4309 consolationem
2886 4249 3115 4319 accipiat
3143 4266 3155 4301 :
3189 4248 3231 4302 si
3256 4246 3524 4301 sustinere

1948 4345 2111 4412 valet,
2134 4347 2430 4417 supprimat
2446 4345 2656 4401 interim
2670 4343 3080 4404 confessionem,
3101 4347 3156 4392 ut
3169 4335 3521 4391 verecundius

1946 4440 2087 4493 dirat
2104 4457 2115 4492 :
2135 4440 2351 4507 quando
2379 4439 2589 4495 tristitia
2606 4436 2917 4500 cessaverit,
2940 4439 3095 4486 orent
3112 4444 3208 4499 pro
3229 4444 3293 4483 eo
3308 4427 3469 4481 fratre
3486 4444 3518 4480 ·.

2020 4530 2074 4584 Si
2104 4530 2222 4598 quis
2251 4530 2396 4585 dicat
2422 4528 2485 4582 ad
2516 4508 2975 4594 consanguineum
3021 4535 3200 4586 suum,
3229 4518 3525 4574 sollicitans

1948 4636 2070 4675 eum
2102 4621 2153 4674 in
2182 4621 2289 4675 alio
2309 4621 2427 4675 loco
2452 4619 2779 4673 habitantmu
2811 4634 2822 4669 :
2852 4615 3038 4669 Melius
3066 4621 3150 4669 est
3171 4620 3227 4667 ut
3253 4612 3528 4667 nobiscum

1944 4711 2152 4765 habites
2183 4718 2273 4764 aut
2320 4726 2440 4764 cum
2473 4708 2736 4775 aliquibus
2761 4745 2775 4767 ,
2826 4705 2994 4758 tribus
3046 4699 3523 4772 suppositionibus.

1946 4798 2011 4853 Et
2035 4799 2126 4870 qui
2152 4800 2421 4870 vituperat
2448 4797 2678 4865 aliquem
2704 4796 2919 4848 fratrem
2945 4792 3262 4861 obsequium
3287 4790 3526 4850 dantem,

1947 4893 2116 4947 tribus
2168 4889 2647 4962 suppositionibus.
2703 4887 2801 4955 Qui
2852 4884 3310 4950 consanguineum
3364 4880 3526 4934 docet

1945 4986 2179 5055 aliquam
2219 4984 2486 5038 dicentem
2517 4993 2684 5035 artcui
2711 5022 2726 5045 ,
2776 4990 2868 5033 aut
2918 4978 3056 5032 aliud
3098 4975 3357 5047 quidlibet
3385 4988 3413 5024 a
3441 4987 3530 5023 se-

1952 5076 2190 5131 nioribus
2237 5074 2578 5147 impositum,
2632 5083 2689 5125 ut
2737 5071 2926 5124 melius
2974 5067 3258 5123 lectionem
3316 5062 3528 5125 discat,

1954 5166 2122 5221 tribus
2147 5165 2625 5235 suppositionibus.

2022 5257 2124 5325 Qui
2154 5259 2220 5313 ad
2252 5259 2593 5329 praepositum
2624 5253 2783 5309 audrt
2812 5253 3030 5307 dicere:
3065 5248 3142 5302 Tu
3184 5263 3291 5302 non
3319 5245 3523 5315 judica~

1953 5351 2034 5405 bis
2063 5364 2281 5405 causam
2312 5364 2509 5411 meam,
2540 5348 2631 5401 sed
2664 5356 2847 5400 uoster
2871 5344 3056 5403 abbas,
3087 5346 3180 5393 aut
3207 5336 3389 5393 caeteri
3419 5335 3529 5390 fra-

1954 5451 2096 5506 tres;
2136 5441 2249 5495 sive
2284 5458 2296 5493 :
2332 5439 2410 5493 Ad
2435 5441 2683 5494 abbatem
2718 5438 2909 5491 ibamus
2938 5448 3146 5496 omnes,
3174 5429 3547 5500 quadraginta

1948 5532 2135 5587 diebus
2181 5529 2429 5599 castigari
2475 5536 2687 5598 oportet
2737 5528 2788 5580 iu
2842 5522 3154 5595 pmuiteutia
3204 5522 3256 5576 in
3310 5535 3447 5590 pane
3476 5529 3532 5573 ct

1948 5637 2126 5691 aqua:
2161 5622 2259 5677 nisi
2313 5621 2424 5691 ipse
2476 5614 2620 5675 dicat
2671 5624 2968 5688 prostratus
3016 5629 3199 5668 coram
3242 5611 3528 5666 fratribus:

1952 5712 2182 5772 Paenitet
2210 5730 2315 5778 me,
2339 5715 2462 5784 quia
2488 5713 2625 5766 male
2645 5711 2774 5766 dixi.
2805 5709 2992 5763 Frater
3020 5706 3246 5775 quilibet
3270 5704 3323 5760 in
3346 5704 3527 5772 aliquo

1952 5822 2118 5884 Opere
2144 5808 2412 5873 detentus,
2444 5805 2687 5875 quamiis
2718 5804 2969 5876 fatigatus
2998 5802 3101 5869 sit,
3147 5802 3219 5857 ita
3252 5809 3428 5855 tamen
3459 5794 3526 5849 ad
