4052 6332
537 289 640 347 219
1764 277 1823 334 S.
1862 272 2088 331 COLUM

2194 271 2251 328 Nl
2292 275 2515 335 ABBAT
2521 281 2576 338 IS
3682 293 3781 349 πο

535 415 881 457 reconomum
908 399 1049 456 dicat
1069 398 1122 455 in
1151 396 1369 469 propria
1414 408 1571 451 causa
1608 411 1620 444 :
1660 390 1717 446 Si
1766 389 1859 444 tibi
1892 388 2105 459 placet,
2136 385 2506 461 Aiudigentes
2561 381 2869 461 poenitentia
2925 394 3158 465 psalmos
3223 397 3515 460 decantare
3564 405 3779 464 debent.

534 490 708 547 dicam
734 489 800 543 ad
824 488 1101 553 abbatem;
1142 476 1221 541 sin
1252 492 1463 550 autem,
1511 496 1619 585 non
1648 476 1950 585 dicamzip
1979 475 2112 528 alte-
2214 479 2465 544 Quamvis
2497 498 2627 553 ergo
2674 486 2726 541 in
2780 496 2940 543 nocte
2996 489 3289 562 dominica,
3341 506 3397 551 et
3443 498 3496 552 in
3543 506 3781 571 tempore

535 584 651 637 rius
679 598 840 637 causa
877 580 972 637 :Si
998 589 1053 635 tu
1101 579 1295 641 iteras',
1337 591 1445 630 non
1475 573 1568 627 tibi
1590 569 1807 626 difficile
1844 568 2111 633 videatur,

536 674 582 728 si
613 673 748 727 forte
770 672 836 726 ad
862 672 1107 726 abbatem
1134 669 1326 730 dicam,
1351 673 1408 720 ut
1427 662 1728 718 obedientia
1758 658 2108 715 custodiatur.

606 764 710 833 Qui
739 781 853 823 non
875 771 1113 834 reportat
1136 760 1278 829 quod
1301 755 1611 814 commodat
1636 768 1807 823 usque
1839 752 1891 805 in
1922 750 2112 805 crasti-

504 916 507 919 _
538 870 666 909 num
690 894 705 920 ,
745 854 788 909 si
828 853 940 922 ipse
968 858 1208 920 reportat
1236 847 1580 909 recordatus,
1622 859 1718 899 sex
1758 838 2113 912 percussioni-

535 946 636 1002 lius
655 963 668 998 :
688 945 733 1000 si
754 945 948 1001 oblitus
966 941 1127 997 fuerit
1148 955 1314 1010 usque
1337 937 1464 993 dum
1486 944 1778 1006 quaeratur,
1802 932 2108 987 duodecim.

536 1036 594 1090 Si
616 1036 736 1104 quis
758 1033 954 1089 oblitus
976 1032 1138 1085 fuerit
1164 1031 1495 1097 interrogare
1514 1026 1751 1081 debitum
1782 1021 2111 1094 paenitentiae

539 1140 705 1194 usque
735 1125 787 1178 in
835 1123 1124 1179 crastinum
1153 1160 1169 1182 ,
1228 1134 1324 1173 sex
1351 1115 1806 1188 percussiombus.
1840 1114 1941 1181 Qui
1971 1128 2111 1168 mur-

535 1224 740 1278 murat,
790 1222 884 1269 aut
911 1214 1074 1267 dicit:
1107 1211 1220 1265 Non
1254 1211 1441 1265 faciam
1491 1207 1589 1262 nisi
1619 1207 1760 1261 dicat
1787 1205 1984 1271 abbas,
2026 1202 2110 1257 vel

534 1305 821 1370 secundus,
848 1304 1018 1357 tribus
1043 1299 1520 1371 suppositionibus.
1566 1296 1767 1351 Cursus
1796 1311 1900 1349 non
1930 1308 2111 1351 neces-

529 1398 704 1452 sarius
726 1436 740 1459 ,
797 1404 889 1451 aut
932 1395 1116 1459 saltus,
1148 1391 1431 1448 duodecim
1463 1389 1649 1462 plagis.
1700 1386 2017 1445 Prohibetur
2042 1400 2111 1440 ne

530 1490 652 1558 quis
677 1488 897 1542 alterius
930 1494 1109 1540 teneat
1138 1498 1376 1539 manum.

601 1577 866 1633 Procuret
895 1590 1211 1631 aeconomus
1237 1574 1303 1629 de
1341 1572 1675 1628 humanitate
1704 1568 2109 1625 advenientibus

527 1669 853 1735 exhibenda,
898 1676 1003 1722 tam
1036 1667 1350 1737 peregrinis,
1380 1680 1541 1735 quam
1571 1664 1789 1733 reliquis
1825 1661 2103 1717 fratribus:

2211 572 2666 644 quinquagesima:
2696 580 3020 648 pmnitentes
3047 597 3221 653 genua
3251 585 3483 643 flectant.

2281 662 2336 716 Si
2366 664 2447 717 cui
2479 665 2768 734 injunxerit
2795 669 2964 725 abbas
2990 681 3084 726 aut
3104 676 3420 745 praepositus
3439 678 3506 732 de
3534 677 3781 735 fratribus

2213 754 2315 810 iter
2350 770 2530 824 agere,
2559 758 2630 812 ita
2661 760 3055 818 observandum
3100 774 3215 831 est,
3271 778 3331 822 ut
3373 771 3577 825 seniori
3604 769 3782 841 junior

2212 842 2427 898 obediat
2448 862 2463 899 :
2488 846 2531 899 si
2559 853 2733 902 tamen
2762 858 2968 905 rectum
2996 850 3153 907 fuerit
3178 855 3322 925 quod
3344 858 3423 913 eis
3448 858 3781 925 indicaverit,

2211 933 2498 991 observare
2518 935 2749 991 studeat.
2775 937 2831 993 Si
2855 939 2984 1009 quid
3006 945 3316 1014 pncceperit
3342 948 3507 1003 abbas
3534 949 3617 1003 vel
3638 964 3786 1006 (nco-

2210 1040 2404 1081 nomus
2424 1026 2616 1096 major,
2644 1037 2700 1083 et
2719 1029 2855 1085 alius
2879 1032 3130 1087 humilior
3151 1034 3423 1091 iteraverit
3442 1053 3779 1106 mconomus,

2211 1117 2327 1186 ipse
2355 1117 2573 1174 obedire
2600 1118 2790 1187 debet;
2814 1121 3053 1179 indicans
3075 1132 3252 1181 tamen
3281 1127 3335 1181 in
3364 1129 3601 1193 silentio,
3632 1131 3773 1200 quod

2211 1208 2523 1279 praeceperit
2576 1208 2714 1263 alius
2760 1210 2950 1280 major.
3020 1212 3160 1269 Infra
3216 1219 3601 1273 monasterium
3647 1234 3777 1274 vero

2210 1297 2387 1353 nullus
2419 1308 2591 1354 tamen
2622 1301 2728 1357 alio
2753 1301 2978 1373 imperio
3007 1306 3345 1375 prmcellente
3374 1309 3629 1381 imperet,
3677 1310 3777 1366 nisi

2209 1389 2297 1458 qui
2327 1399 2539 1459 prmest.

2280 1482 2361 1536 Ab
2402 1482 2555 1537 initio
2600 1484 2705 1540 dici
2755 1502 2925 1557 usque
2969 1498 3185 1544 noctem
3236 1492 3589 1546 commutatio
3616 1493 3782 1547 vesti-

2210 1572 2398 1639 menti,
2428 1579 2483 1625 et
2504 1572 2672 1629 altera
2724 1576 2777 1630 in
2815 1584 2978 1632 nocte
3028 1578 3427 1647 interrogentur
3471 1580 3779 1648 separatim.

2209 1659 2308 1728 Qui
2341 1663 2611 1719 ministrat
2640 1666 2691 1720 in
2722 1666 2809 1720 die
2848 1666 3114 1721 dominica
3137 1709 3151 1733 ,
3184 1677 3278 1721 aut
3305 1668 3357 1722 in
3388 1668 3491 1721 alia
3519 1667 3781 1734 solemni,

526 1769 583 1823 et
610 1774 797 1815 omnes
833 1756 1023 1812 fratres
1072 1757 1242 1837 parati
1290 1759 1397 1811 sint
1447 1755 1512 1808 ad
1543 1751 1951 1809 ministrandum
1980 1766 2102 1807 cum
2139 1754 2177 1811 fl
2208 1753 2274 1807 ad
2303 1753 2572 1809 lavacrum
2600 1763 2691 1809 aut
2720 1756 2786 1809 ad
2832 1770 3205 1828 quamcunque
3245 1758 3650 1826 necessitatem,
3675 1774 3775 1811 una

526 1849 671 1903 mimi
719 1847 975 1901 famulatu
1014 1855 1232 1916 propter
1270 1845 1457 1901 Deum.
1498 1844 1751 1913 Quamvis
1792 1857 2104 1898 ueconomus

526 1957 632 1994 tum
662 1938 954 2004 censuerit,
983 1947 1076 1992 aut
1105 1953 1340 2008 praesens
1368 1954 1475 1991 non
1498 1932 1677 2000 fuerit,
1708 1936 1887 1991 caeteri
1910 1932 2103 1987 faciant

522 2030 805 2098 diligenter
828 2028 969 2098 quod
996 2043 1211 2083 necesse
1234 2036 1347 2096 est,
1396 2035 1453 2081 et
1500 2026 1805 2085 custodiant
1853 2024 2100 2078 utensilia

520 2136 725 2185 eorum,
757 2121 928 2176 donec
958 2120 1229 2188 assignent
1251 2134 1314 2173 ea
1336 2126 1519 2189 parata
1541 2116 1770 2171 custodi.
1797 2113 1891 2169 Sin
1922 2124 2100 2169 autem

520 2212 876 2281 neglexerint,
912 2211 1277 2285 ptenitentiam
1317 2210 1383 2264 de
1412 2209 1512 2277 his,
1563 2216 1624 2264 ut
1652 2208 1915 2275 videatur,
1945 2207 2100 2262 adhi-

519 2301 635 2356 beri
668 2302 733 2359 ad
757 2301 1013 2369 judicium
1042 2301 1359 2357 sacerdotis.

591 2390 693 2456 Qui
732 2407 837 2444 non
879 2392 1116 2461 postulat
1142 2390 1349 2444 veniam
1380 2399 1674 2459 correctus,
1706 2394 2095 2463 suppositione.

519 2480 624 2551 Qui
654 2484 947 2539 visitaverit
995 2485 1127 2541 alios
1167 2484 1360 2542 fratres
1398 2486 1452 2541 in
1500 2488 1635 2542 cella
1688 2503 1939 2542 seorsum
1982 2489 2098 2543 sine

522 2574 965 2644 interrogatione,
989 2576 1147 2632 simili
1174 2578 1333 2643 modo
1359 2578 1646 2648 pmniteat;
1671 2588 1762 2633 aut
1791 2580 1842 2632 in
1867 2580 2095 2651 coquina

520 2676 641 2739 post
669 2684 866 2724 nonam
895 2670 1010 2726 sine
1035 2672 1371 2729 ordinatione
1396 2674 1481 2729 vel
1502 2674 1745 2743 jussione
1770 2675 1930 2743 ierit,
1977 2693 2098 2748 sup-

520 2760 788 2826 positione
819 2778 833 2815 :
865 2770 957 2816 aut
993 2771 1144 2818 extra
1168 2764 1366 2819 vallum
1387 2804 1403 2829 ,
1434 2766 1487 2820 id
1533 2777 1649 2832 est,
1703 2776 1852 2823 extra
1884 2779 2094 2839 septum

515 2850 827 2904 monasterii
870 2851 988 2907 sine
1035 2853 1458 2922 interrogatione
1501 2855 1658 2921 ierit,
1702 2858 2091 2928 suppositione.

514 2937 808 2998 Juvenibus
854 2942 1046 3011 quibus
1093 2943 1382 3015 imponitur
1433 2947 1729 3012 terminus,
1789 2956 1846 3002 ut
1900 2963 2004 3002 non
2035 2964 2095 3003 se

513 3031 785 3101 appellent
812 3032 1056 3098 invicem,
1087 3036 1130 3090 si
1162 3037 1475 3104 transgressi
1506 3036 1722 3103 fuerint,
1756 3038 1924 3095 tribus
1961 3054 2090 3107 sup—

2206 1843 2452 1903 oratione
2478 1856 2605 1900 ante
2643 1846 2847 1900 exitum
2898 1856 2953 1901 et
3000 1848 3273 1901 introitum
3296 1856 3417 1917 eget
3446 1865 3458 1899 :
3492 1847 3785 1916 interroget

2206 1946 2421 2002 tamen,
2472 1937 2516 1992 si
2546 1953 2654 1992 non
2702 1938 2888 2009 procul
2936 1947 3132 2003 exeat,
3186 1940 3339 2007 signo
3361 1938 3536 1992 crucis
3563 1938 3780 2005 indiget.

2203 2028 2460 2096 Quamvis
2487 2029 2767 2085 ambulans
2800 2032 2973 2098 signet
3006 2046 3066 2085 se
3097 2048 3108 2081 :
3144 2046 3250 2084 non
3279 2038 3362 2083 est
3389 2036 3569 2082 autem
3602 2026 3785 2100 [Forte

2204 2120 2404 2191 tamen]
2427 2136 2650 2176 necesse
2671 2120 2736 2176 ad
2759 2122 3019 2176 orientem
3043 2136 3102 2175 se
3130 2128 3359 2175 vertere.
3383 2117 3581 2172 Exiens
3601 2127 3779 2173 autem

2202 2220 2353 2265 extra
2380 2213 2593 2266 domum
2621 2211 2847 2281 quilibet
2886 2210 3146 2265 festinans
3194 2219 3250 2265 et
3294 2225 3352 2264 se
3375 2210 3597 2277 signans
3621 2248 3637 2273 ,
3667 2223 3774 2261 non

2201 2312 2324 2371 eget
2352 2304 2416 2357 ad
2444 2303 2710 2357 orientem
2746 2304 3120 2359 conversione.
3160 2303 3235 2357 Ita
3277 2312 3331 2357 et
3378 2302 3430 2356 in
3459 2299 3784 2355 ambulando

2201 2400 2527 2469 conveniens
2556 2395 2842 2467 quidquam
2898 2395 3086 2463 faciat,
3137 2397 3181 2451 si
3234 2395 3447 2450 festinet
3500 2394 3783 2463 postulans

2199 2490 2521 2552 orationem,
2550 2496 2606 2543 et
2632 2501 2690 2541 se
2717 2485 3002 2540 bumilians
3027 2487 3077 2539 in
3108 2486 3269 2540 domo
3299 2486 3352 2539 in
3379 2500 3483 2554 qua
3512 2500 3619 2538 non
3642 2499 3778 2537 con-

2199 2596 2330 2651 grua
2363 2579 2453 2633 fiat
2497 2578 2800 2649 genuflexio
2824 2616 2840 2643 ,
2892 2576 3133 2631 curvatio
3165 2586 3369 2631 tantum
3404 2584 3694 2630 statuetur.
3724 2574 3779 2630 Si

2198 2673 2319 2742 quis
2350 2672 2609 2735 voluerit,
2669 2670 2722 2724 in
2753 2668 2840 2723 die
2889 2668 3097 2723 sabbati
3142 2676 3408 2738 pra-paret
3449 2666 3780 2721 oblationem

2197 2762 2489 2818 Duminicze
2511 2802 2527 2827 ,
2559 2767 2936 2818 consummato
2986 2759 3199 2814 lavacro
3227 2767 3563 2813 commutare
3600 2773 3782 2813 sacer—

2198 2855 2374 2919 dotes,
2400 2852 2445 2907 si
2470 2852 2627 2907 facile
2651 2851 2810 2921 fuerit
2835 2869 2847 2904 :
2880 2851 3135 2906 diacones
3155 2858 3357 2914 autem,
3384 2858 3478 2903 aut
3498 2858 3623 2903 ante
3643 2864 3780 2919 pne-

2195 2956 2438 3018 ceptum,
2483 2956 2577 3001 aut
2601 2952 2721 3015 post
2761 2953 3085 3015 prazceptum
3135 2942 3485 2997 ministerium
3515 2952 3778 3012 opportu-

2196 3055 2322 3093 num
2347 3036 2642 3110 perficient.

512 3122 869 3191 positionibus
898 3140 912 3178 :
937 3125 1040 3180 hoc
1070 3134 1277 3181 tantum
1322 3128 1496 3184 dicant
1528 3146 1540 3182 :
1571 3128 1690 3184 Scis
1735 3131 1878 3201 quod
1935 3133 2091 3188 nobis
2121 3120 2167 3183 C
2224 3118 2229 3121 Α
2269 3129 2326 3183 Si
2356 3130 2476 3199 quis
2503 3126 2696 3181 viderit
2722 3125 2987 3182 somnium
3016 3123 3371 3189 immundum,
3402 3130 3500 3178 aut
3526 3122 3778 3192 coinqui-

513 3227 622 3279 non
646 3212 775 3275 licet
803 3216 946 3284 loqui
980 3224 1175 3272 tecum.
1207 3216 1273 3272 Et
1301 3219 1346 3274 si
1368 3220 1489 3289 quis
1509 3222 1825 3291 prmceperit
1847 3221 1925 3276 eis
1943 3222 2088 3291 quod

510 3322 618 3361 non
646 3306 792 3374 licet,
820 3309 918 3377 ipsi
946 3310 1170 3377 dicant:
1203 3310 1319 3367 Scis
1348 3314 1491 3384 quod
1523 3314 1676 3371 nobis
1704 3330 1811 3371 non
1841 3315 1987 3372 licet.
2023 3316 2091 3372 Et

509 3398 553 3451 si
578 3398 690 3468 ipse
717 3401 1035 3471 praeceperit
1057 3403 1215 3469 ultra,
1245 3403 1358 3473 ipse
1384 3405 1667 3461 damnetur
1693 3406 1859 3461 tribus
1889 3424 2089 3478 suppo-

508 3488 834 3544 sitionibus:
864 3490 964 3560 ipsi
993 3500 1168 3551 tamen
1197 3494 1410 3549 dicant:
1436 3494 1719 3552 Faciemus
1743 3498 1885 3568 quod
1914 3500 2045 3555 dicis
2070 3542 2086 3566 ,

510 3586 568 3632 ut
594 3580 794 3635 bonum
823 3582 1139 3639 obedientizc
1183 3593 1445 3639 servetur.
1477 3584 1609 3641 Illud
1638 3602 1765 3643 vero
1804 3590 2090 3659 specialius

509 3672 807 3728 cavendum
836 3682 940 3741 est,
974 3682 1031 3728 ut
1057 3674 1330 3745 quomodo
1376 3676 1515 3732 inter
1542 3693 1602 3733 se
1653 3689 1840 3739 mutuo
1872 3698 1977 3749 non
2008 3684 2089 3738 lo-

506 3771 764 3832 quuntur,
815 3765 893 3821 sic
929 3780 1027 3820 nec
1054 3780 1151 3835 per
1176 3780 1239 3820 os
1266 3765 1484 3823 alterius
1517 3768 1840 3837 loquantur:
1873 3773 2015 3843 quod
2043 3774 2087 3841 si

507 3855 738 3910 scientes
768 3858 1081 3926 transgressi
1125 3858 1342 3925 fuerint,
1374 3860 1531 3917 simili
1561 3861 1721 3919 modo
1750 3864 1909 3934 quasi
1946 3864 2088 3923 inter

504 3961 565 4001 se
591 3946 755 4001 locuti
784 3945 1027 4017 fuissent,
1051 3952 1366 4020 pmniteant.

578 4034 678 4090 Cui
708 4038 961 4092 cltrismal
992 4042 1265 4109 ceciderit,
1317 4051 1372 4097 et
1402 4044 1531 4099 nihil
1560 4044 2086 4117 confringens,,duo-

503 4129 679 4184 decim
725 4134 1177 4202 percussionibus.
1225 4135 1324 4204 Qui
1378 4140 1582 4209 profert
1621 4155 1926 4199 sermonem
1954 4144 2088 4199 otio-

504 4237 622 4277 sum
646 4263 663 4289 ,
720 4224 933 4280 silentio
963 4226 1103 4280 inter
1139 4228 1271 4285 duas
1323 4230 1484 4287 horas
1526 4242 1919 4303 consequentes
1953 4250 2084 4291 can-

504 4315 746 4369 demnari
772 4355 788 4381 ,
839 4325 931 4371 aut
958 4316 1239 4374 duodecim
1270 4321 1725 4388 percussionibus.
1751 4325 2082 4383 Ptenitentes

506 4402 718 4470 fratres,
750 4406 996 4475 quamvis
1026 4421 1189 4476 Opera
1213 4408 1452 4465 difficilia
1481 4420 1537 4466 et
1566 4414 1777 4473 sordida
1807 4414 2075 4483 efficiant,

2192 3231 2347 3276 natus
2374 3220 2551 3285 fuerit,
2579 3227 2672 3273 aut
2691 3219 2979 3291 paenitens,
3002 3216 3217 3288 quando
3245 3218 3403 3271 detur
3422 3224 3773 3287 praeceptum,

2190 3323 2336 3367 stare
2364 3311 2693 3381 praecipitur.
2743 3308 2799 3363 In
2845 3308 3052 3377 magnis
3098 3317 3281 3362 autem
3310 3306 3773 3369 solemnitatibus,

2191 3399 2411 3471 quando
2440 3400 2665 3455 audiunt
2688 3415 2900 3466 sonum,
2929 3400 3120 3455 sedere
3147 3416 3160 3453 :
3194 3399 3247 3453 in
3291 3398 3606 3468 quotidiana
3638 3412 3776 3468 pne-

2190 3502 2369 3564 cepto,
2404 3508 2543 3565 pene
2570 3494 2840 3549 mediante
2863 3493 3082 3564 jubetur
3107 3493 3312 3549 sedere.
3345 3491 3547 3547 Deinde
3576 3506 3770 3546 sonum

2190 3601 2377 3643 omnes
2424 3588 2705 3641 audientes
2758 3586 2825 3640 ad
2862 3587 3085 3657 synaxin
3126 3587 3436 3642 incitantcrn
3486 3585 3594 3639 diei
3640 3600 3775 3640 cono

2189 3687 2415 3746 ventus,
2464 3679 2643 3733 lavent
2695 3686 2823 3734 ante
2874 3678 3095 3734 oratorii
3143 3676 3425 3741 introitus,
3471 3675 3571 3730 nisi
3619 3676 3772 3745 prius

2189 3770 2436 3827 laverint.

2259 3861 2550 3917 Primarius
2576 3869 2637 3916 ut
2667 3861 2868 3932 primus
2897 3861 3088 3931 psallat
3131 3867 3418 3924 statuetur,
3461 3866 3517 3913 et
3560 3872 3758 3913 secun-

2187 3954 2323 4021 dus;
2355 3960 2409 4009 et
2432 3969 2539 4009 non
2571 3951 2816 4008 flectatur
2837 3968 2998 4024 genu,
3027 3951 3120 4007 sed
3153 3960 3357 4005 tantum
3389 3949 3631 4004 curvatio
3652 3945 3777 4006 fiat..

2186 4042 2414 4099 Ordines
2439 4044 2531 4114 qui
2553 4043 2780 4115 priores,
2809 4043 2861 4097 in
2902 4043 3080 4098 medio
3120 4026 3250 4095 fiant
3287 4039 3548 4093 oratorii:
3581 4039 3771 4093 caeteri

2186 4133 2375 4188 dextra
2406 4133 2945 4204 lzevaque‘assistant,
2987 4140 3184 4204 praeter
3211 4129 3528 4185 offerentem
3559 4129 3766 4184 eidem-

2187 4238 2296 4292 que
2325 4223 2708 4279 adhmrentem.
2757 4222 2812 4278 in
2844 4227 3096 4292 omnique
3126 4222 3391 4277 dominica
3421 4220 3768 4276 solemnitate

2187 4315 2419 4384 hymnus
2444 4314 2551 4369 diei
2582 4322 2831 4370 cantetur
2858 4315 3128 4377 dominici,
3175 4323 3229 4369 et
3272 4316 3324 4370 in
3351 4315 3440 4369 die
3475 4314 3767 4369 inchoante

2191 4402 2433 4460 Paschaa.
2464 4404 2571 4459 Aut
2598 4406 2687 4474 qui
2717 4406 2785 4460 ad
2813 4406 2984 4461 altare
3013 4405 3349 4460 inchoaverit
3371 4446 3385 4470 ,
3433 4405 3577 4460 inter
3599 4403 3771 4459 sacri-

505 4508 610 4547 non
644 4493 825 4550 lavent
853 4499 1063 4567 capita,
1113 4499 1215 4554 nisi
1255 4500 1306 4554 in
1359 4501 1446 4557 die
1478 4502 1745 4559 dominica
1769 4543 1787 4572 ,
1843 4507 1893 4561 id
1950 4518 2075 4579 εει,
2104 4487 2160 4553 D
2187 4495 2359 4553 ficium
2387 4506 2705 4567 accepturus
2733 4506 2815 4552 ter
2838 4512 2897 4552 se
2926 4497 3190 4552 humiliet.
3225 4495 3288 4551 Et
3314 4498 3473 4563 novi,
3517 4496 3640 4565 quia
3680 4496 3767 4550 in-

505 4594 714 4641 octava.
763 4586 857 4643 Sin
909 4599 1088 4644 autem
1138 4592 1325 4659 quinto
1372 4593 1582 4650 decimo
1636 4595 1754 4661 die,
1798 4609 1892 4653 aut
1930 4610 2079 4657 certe

505 4686 725 4747 propter
749 4676 1023 4734 fluentium
1045 4683 1358 4753 capillorum
1389 4686 1773 4743 incrementum
1790 4726 1806 4753 ,
1855 4690 2077 4755 arbitrio

502 4768 731 4824 senioris
761 4772 1129 4842 unusquisque
1177 4775 1228 4829 in
1260 4775 1491 4832 lavando
1530 4788 1732 4836 utatur.
1780 4780 2077 4840 Declinatio

502 4858 569 4915 de
590 4859 672 4914 via
702 4862 817 4917 sine
844 4863 1265 4934 interrogatione
1293 4876 1385 4923 aut
1412 4869 1804 4939 benedictione,
1835 4888 1927 4930 sex
1954 4890 2075 4946 per-

500 4952 859 5009 cussionibus.

575 5044 925 5103 sziitentias
955 5050 1186 5106 minutas
1210 5050 1360 5119 juxta
1391 5070 1629 5111 mensam
1658 5056 1701 5111 si
1732 5055 1917 5112 fecerit
1942 5074 2079 5128 prm-

499 5140 729 5208 positus,
760 5156 959 5196 mensa:
978 5142 1219 5213 imponat
1247 5163 1260 5201 :
1291 5155 1345 5201 et
1374 5149 1600 5219 amplius
1629 5149 1813 5218 viginti
1843 5151 2078 5221 quinque

499 5233 875 5303 percussiones
897 5236 1053 5290 simul
1085 5254 1189 5293 non
1219 5239 1435 5295 dentur.

570 5325 899 5395 Penitentes
928 5328 1153 5395 fratres,
1186 5342 1240 5386 et
1268 5334 1565 5403 indigentes
1590 5334 1901 5405 pmnitentia
1930 5340 2071 5409 psal-

498 5432 734 5486 morum,
761 5419 867 5476 boc
887 5429 998 5485 est,
1027 5422 1113 5477 cui
1140 5437 1362 5479 necesse
1390 5424 1579 5489 fuerit,
1623 5433 1685 5479 ut
1713 5427 1948 5496 psalmos
1977 5431 2072 5486 ad-

499 5505 607 5561 huc
627 5521 725 5576 pro
746 5510 952 5565 visione
980 5520 1239 5568 nocturna
1257 5514 1507 5569 decantet
1529 5532 1544 5569 :
1570 5517 1687 5585 ]uia
1711 5533 1807 5588 pro
1824 5520 2073 5579 iilusione

498 5598 785 5667 diabolica,
815 5619 880 5660 ac
909 5622 1005 5675 pro
1048 5608 1208 5663 modo
1235 5609 1477 5674 visionis,
1510 5611 1599 5667 alii
1628 5612 1813 5682 viginti
1843 5625 2073 5686 quatuor

498 5693 734 5763 [salinas
779 5697 830 5752 in
878 5698 1094 5755 ordine.
1151 5702 1241 5757 alii
1285 5703 1616 5774 quindecim,
1662 5708 1749 5761 alii
1790 5708 2069 5767 duodecim

2183 4590 2363 4658 docti,
2413 4596 2469 4644 et
2505 4589 2808 4660 quicunque
2834 4587 3033 4645 fuerint
3061 4593 3214 4655 ta'es,
3263 4590 3329 4643 ad
3373 4589 3595 4644 calicem
3653 4603 3767 4642 non

2182 4681 2439 4736 accedant
2465 4697 2478 4734 :
2503 4689 2557 4735 et
2598 4682 2813 4751 quando
2852 4679 3077 4734 offertur
3097 4678 3322 4742 oblatio,
3344 4677 3522 4733 nullus
3537 4689 3764 4747 cogatur

2180 4781 2399 4830 coactus
2430 4773 2673 4843 accipere
2700 4772 3020 4827 sacrificium
3045 4813 3061 4838 ,
3114 4779 3308 4841 prmter
3358 4770 3758 4825 necessitatem.

2179 4870 2237 4925 In
2268 4869 2522 4939 omnique
2548 4867 2815 4921 dominica
2854 4866 2941 4921 die
2988 4875 3042 4920 et
3087 4864 3457 4930 solemnitate,
3508 4861 3600 4934 qui
3651 4878 3760 4917 non

2183 4961 2343 5018 fuerit
2390 4962 2443 5015 in
2490 4968 2632 5016 etetu
2686 4960 2907 5014 fratrum
2968 4958 3036 5014 ad
3084 4957 3368 5013 Dominum
3419 4952 3755 5012 fundendum

2181 5069 2396 5125 preces,
2452 5061 2573 5108 oret
2617 5052 2734 5123 ipse
2788 5052 2963 5120 aliqua
3020 5049 3340 5105 necessitate
3391 5056 3650 5117 cogente;
3701 5055 3756 5101 et

2180 5146 2417 5218 quandiu
2446 5144 2735 5212 ofieratur,
2787 5160 2894 5199 non
2920 5143 3143 5197 multum
3171 5142 3524 5197 discurratur.
3575 5139 3755 5195 Paeni-

2178 5248 2299 5294 tens
2344 5251 2559 5308 quoque
2609 5236 2929 5291 necessitate
2974 5233 3181 5289 itineris
3206 5240 3519 5302 occupatus,
3566 5231 3757 5284 ambu-

2177 5327 2402 5397 lansque
2448 5341 2568 5381 cum
2599 5324 2806 5379 caeteris
2835 5323 3107 5379 utentibus
3136 5321 3283 5376 licito
3312 5320 3473 5383 cibis,
3518 5319 3563 5374 si
3589 5318 3757 5372 adve-

2178 5418 2320 5474 nerit
2344 5420 2476 5473 hora
2504 5415 2685 5484 tertia,
2715 5424 2772 5471 et
2800 5415 2959 5484 longe
2981 5412 3425 5484 proficiscantur;
3449 5410 3677 5479 accipiat
3696 5416 3757 5461 et

2179 5508 2293 5578 ipse
2319 5504 2569 5579 quiddam
2614 5504 2716 5560 cibi
2748 5519 2847 5575 pro
2891 5502 3052 5559 modo
3081 5501 3318 5572 quodam
3341 5541 3358 5568 ,
3416 5508 3471 5555 et
3512 5498 3655 5569 quod
3692 5498 3750 5551 ei

2177 5594 2401 5651 defuerit
2428 5594 2657 5665 accipiat
2676 5594 2765 5649 ubi
2794 5593 3055 5663 quiescat.

2250 5687 2306 5744 ln
2336 5701 2619 5745 commune
2648 5695 2824 5742 autem
2857 5698 3043 5741 omnes
3072 5680 3264 5740 fratres
3295 5679 3542 5739 omnibus
3570 5676 3747 5733 nocti-
