4052 6332
237 334 338 392 221

1491 330 1765 389 REGULA
1802 329 2253 389 C(ENOBIALIS.

3414 345 3523 400 223

241 451 344 506 bus
373 457 621 519 tempore
650 445 954 502 orationum
1005 444 1058 501 in
1088 443 1193 500 ﬁne
1228 446 1465 500 omnium
1498 445 1827 515 psalmorum
1858 447 1907 505 Α
1934 452 2020 501 tus
2046 449 2326 515 orationis,
2368 449 2649 506 duodecim
2705 452 2958 523 psalmos.
3009 454 3065 509 Si
3096 455 3215 524 quis
3241 456 3421 511 veniat
3450 460 3519 513 ad

242 555 421 609 genua
452 541 505 595 in
554 540 827 603 oratione,
870 539 914 594 si
967 554 1074 593 non
1116 536 1396 593 inﬁrmitas
1440 538 1686 608 corporis
1733 539 1839 592 hoe

244 631 466 694 fecerit,
517 629 737 686 ﬂectere
783 645 939 700 ωηιιο
985 629 1167 684 animo
1221 629 1440 696 debent,
1491 631 1591 685 sub
1618 630 1837 685 silentio

244 723 490 778 dicentes
515 740 529 776 :
557 721 695 777 Deus
732 724 788 777 in
815 722 1133 792 adjutorium
1157 737 1325 777 meum
1343 721 1553 776 intende
1570 720 1833 784 ;Domine.

245 814 319 867 ad
347 813 700 883 adjuvandum
727 830 809 873 me
830 814 1020 883 festina
1044 810 1214 884 (Paul.
1244 828 1388 874 thx,
1413 810 1493 879 2).
1522 811 1692 878 Quem
1718 827 1836 866 ver—

245 906 477 959 sicnlum
506 913 789 975 postquam
821 912 904 959 ter
948 904 1002 957 in
1050 903 1298 959 oratione
1328 904 1488 957 tacite
1517 903 1839 958 decantave-

244 1001 380 1067 rint,
398 997 678 1066 aequaliter
703 1012 734 1050 a
777 996 1010 1051 flexione
1038 996 1301 1050 orationis
1323 1003 1565 1066 surgant,
1597 997 1839 1065 exceptis

248 1089 441 1144 diebus
476 1087 780 1149 dominicis,
832 1096 889 1141 et
939 1102 971 1140 a
1024 1086 1111 1140 die
1168 1088 1343 1155 primo
1395 1087 1568 1140 sancti
1622 1083 1839 1139 Pascha:

247 1194 424 1248 usque
449 1177 516 1231 ad
545 1177 1041 1247 quinquagesimam
1061 1176 1204 1233 diem
1231 1194 1244 1229 :
1273 1176 1326 1231 in
1348 1175 1839 1245 quibusmoderate

246 1284 312 1323 se
360 1269 413 1323 iu
445 1276 689 1337 tempore
741 1266 1052 1336 psalmodiae
1081 1266 1429 1322 bumiliantes
1452 1306 1469 1332 ,
1523 1278 1697 1333 genua
1728 1280 1838 1319 non

247 1358 548 1423 flectentes,
580 1357 768 1413 sedulo
798 1356 966 1411 Deum
996 1364 1173 1411 orent.

322 1450 381 1507 Si
410 1450 530 1519 quis
577 1448 745 1504 frater
774 1446 1091 1517 inobediens
1120 1447 1278 1503 fuerit
1303 1488 1319 1514 ,
1362 1446 1503 1503 duos
1528 1446 1646 1503 dies
1673 1462 1838 1503 unum

249 1542 607 1612 paximatium
635 1549 692 1595 et
736 1554 950 1609 aquam.
993 1539 1051 1595 Si
1079 1538 1203 1609 Quis
1225 1539 1410 1595 dicat:
1444 1537 1562 1593 Non
1606 1539 1800 1593 faciam
1823 1581 1840 1607 ,

248 1634 393 1691 duos
413 1632 530 1688 dies
555 1646 718 1687 unum
742 1630 1100 1702 paxivnalium
1130 1641 1186 1685 et
1212 1647 1429 1700 aquam.
1461 1632 1517 1686 Si
1545 1632 1666 1700 quis
1695 1648 1841 1686 mur-

249 1731 453 1787 murat,
502 1722 637 1778 duos
689 1722 805 1777 dies
834 1736 999 1777 unum
1044 1722 1395 1791 paximatium
1444 1731 1500 1777 et
1531 1738 1752 1793 aquam.
1783 1722 1841 1778 Si

1936 536 2253 593 sacriﬁcium
2301 556 2421 596 cum
2478 551 2741 597 nocturno
2787 543 3001 612 cingulo
3053 546 3139 600 vel
3185 556 3337 602 veste
3375 546 3518 602 circa

1937 640 2081 688 eum,
2111 627 2392 683 duodecim
2421 633 2677 700 psalmos.

2008 718 2064 771 Si
2092 719 2213 788 quis
2250 729 2376 774 ante
2425 721 2610 775 horam
2661 737 2858 776 nonam
2884 732 3072 794 quac-ta
3104 733 3363 794 sextaque
3392 725 3522 779 feria

1937 809 2242 873 manducat,
2276 810 2374 864 nisi
2421 811 2661 866 inﬁrmus
2684 853 2698 878 ,
2732 811 2869 869 duos
2915 815 3029 869 dies
3056 816 3106 869 in
3132 830 3275 884 pane
3304 825 3358 871 et
3381 831 3519 886 aqua

1937 899 2101 954 vivat.
2153 899 2207 953 Si
2238 902 2360 968 qu's
2408 901 2606 957 dixerit
2656 904 2990 960 mendacium
3040 906 3323 970 nesciens,
3366 908 3524 973 quin-

1938 989 2192 1058 quaginta
2222 991 2490 1049 verbera:
2522 990 2566 1044 si
2607 992 2786 1046 sciens
2833 1001 2889 1046 et
2940 992 3134 1056 audax,
3184 993 3239 1048 in
3280 1008 3423 1063 pane
3470 1003 3525 1046 et

1939 1095 2099 1148 aqua.
2148 1078 2205 1133 Si
2248 1080 2542 1150 denegatur
2572 1081 2911 1137 mendacium
2965 1083 3103 1151 ejus,
3154 1093 3209 1139 et
3259 1083 3348 1138 ille
3396 1099 3526 1138 con-

1941 1169 2133 1234 tendit,
2174 1179 2380 1239 septem
2410 1170 2525 1226 dies
2572 1171 2624 1226 in
2673 1186 2813 1240 pane
2851 1179 2905 1226 et
2948 1187 3111 1243 aqua.
3160 1171 3218 1227 Si
3246 1172 3366 1241 quis
3410 1189 3528 1226 mo-

1941 1261 2144 1315 nachus
2184 1261 2465 1315 dormierit
2502 1261 2554 1317 iu
2603 1276 2725 1325 una,
2754 1260 2917 1315 domo
2956 1278 3077 1315 cum
3109 1262 3372 1327 muliere,
3415 1271 3524 1315 tres

1941 1349 2056 1404 dies
2085 1350 2137 1403 in
2168 1365 2306 1420 pane
2349 1359 2404 1405 et
2432 1365 2571 1420 aqua
2603 1368 2617 1404 :
2660 1350 2706 1405 si
2756 1350 2980 1405 nescivit
3007 1350 3149 1419 quod
3180 1367 3287 1405 nun
3323 1349 3480 1405 debet
3503 1388 3518 1410 ,

1943 1455 2051 1494 uno
2081 1440 2187 1495 die.

2012 1529 2069 1584 Si
2100 1531 2223 1600 quis
2252 1546 2357 1586 non
2386 1530 2585 1589 claudit
2609 1531 2892 1588 ecclesiam
2910 1569 2926 1595 ,
2949 1528 3233 1585 duodecim
3264 1528 3524 1599 psalmos.

1942 1622 2149 1693 Siquis
2173 1624 2371 1678 emittit
2421 1632 2619 1693 sputa,
2674 1633 2731 1677 et
2778 1623 3048 1690 contingit
3096 1621 3301 1685 altare,
3341 1618 3527 1686 viginti

1944 1723 2177 1785 quatuor
2204 1700 2440 1785 psalmos
2467 1732 2481 1767 :
2512 1715 2556 1770 si
2590 1714 2850 1783 parietem
2882 1712 3131 1779 attingit,
3183 1726 3299 1765 sex.
3331 1709 3387 1764 Si
3408 1710 3531 1778 quis

250 1813 376 1883 quis
409 1812 617 1875 veniam
644 1827 751 1867 non
775 1813 931 1883 petit,
960 1821 1054 1867 aut
1075 1812 1206 1868 dicit
1235 1814 1638 1871 excusationem
1660 1855 1675 1880 ,
1705 1813 1843 1868 duos
1878 1807 1920 1867 Β
1946 1804 2281 1860 obliviscitur
2308 1804 2610 1875 psallendo.
2652 1819 2750 1860 seu
2780 1802 3041 1858 lectiones
3063 1840 3079 1865 ,
3125 1808 3360 1869 quatuor
3387 1798 3532 1868 psal-

250 1903 373 1958 dies
398 1917 563 1958 unum
591 1900 938 1971 paximatium
970 1909 1026 1956 et
1052 1916 1268 1970 aquam.
1293 1901 1351 1957 Si
1376 1904 1483 1963 duo
1509 1901 1699 1958 fratres
1720 1918 1844 1958 con-

252 1991 540 2046 tendentes
560 1991 760 2061 aliquid
791 1999 847 2045 et
875 1991 942 2045 ad
972 1991 1209 2046 furorem
1240 1992 1541 2060 venientes,
1567 1993 1705 2051 duos
1730 1992 1847 2050 dies

253 2099 424 2141 tutum
456 2083 802 2152 paximatium
830 2090 887 2136 et
913 2097 1128 2151 aquam.
1177 2082 1234 2139 Si
1282 2083 1479 2152 aliquis
1516 2085 1845 2139 contendens

254 2176 602 2245 mendacium
642 2184 697 2230 et
746 2176 1153 2231 distinctionem
1181 2175 1501 2242 conﬁrmat,
1552 2176 1687 2232 duos
1730 2178 1847 2232 dies

148 2324 157 2325 ,
254 2284 427 2324 unum
474 2267 825 2339 paximatium
880 2276 937 2324 et
982 2283 1196 2336 aquam,
1247 2267 1303 2323 Si
1350 2269 1474 2337 quis
1524 2266 1848 2323 contradicit

256 2362 435 2426 fratri,
465 2371 521 2415 et
550 2377 657 2416 non
690 2360 822 2429 petit
842 2360 892 2415 ei
925 2361 1169 2427 veniam,
1198 2360 1337 2417 duos
1362 2360 1475 2415 dies
1504 2356 1667 2415 unum
1691 2360 1846 2430 paxi-

259 2452 486 2507 matium
514 2460 570 2505 et
611 2466 825 2520 aquam.
877 2451 934 2506 Si
975 2452 1094 2519 quis
1133 2451 1483 2517 contradicit,
1536 2450 1847 2506 mandatum

257 2555 359 2601 aut
385 2544 623 2614 regulam
661 2545 877 2613 frangit,
929 2543 1069 2598 duos
1114 2542 1231 2599 dies
1281 2558 1445 2597 unum
1474 2543 1845 2612 paximatium.

259 2638 322 2693 Si
348 2637 469 2706 quis
494 2635 724 2704 injungit
758 2634 808 2688 ei
839 2649 975 2702 opus
1002 2674 1017 2699 ,
1067 2642 1123 2688 et
1166 2632 1504 2702 negligenter
1531 2633 1685 2695 facit,
1710 2633 1850 2688 duos

256 2733 381 2790 dies
411 2747 574 2787 unum
606 2731 978 2801 paximatium.
1026 2729 1081 2787 Si
1108 2729 1229 2800 quis
1279 2728 1573 2784 detraxerit
1598 2729 1848 2785 abbatem

258 2840 418 2881 suum
440 2864 456 2890 ,
501 2832 709 2892 septem
758 2823 876 2881 dies
907 2837 1068 2876 unum
1112 2821 1464 2891 paximutium
1496 2838 1509 2873 :
1541 2820 1585 2874 si
1627 2819 1848 2875 fratrem

259 2934 442 2982 suum,
471 2916 667 2985 viginti
695 2922 929 2984 quatuor
958 2912 1227 2984 psalmos;
1275 2912 1321 2967 si
1352 2911 1689 2978 sazcularem,
1718 2912 1852 2968 duo-

258 3006 438 3065 decim
459 3004 715 3075 psalmos.

334 3100 393 3156 Si
422 3100 544 3170 quis
582 3098 917 3154 obliviscitur
943 3096 1146 3167 aliquid
1189 3096 1334 3152 foras
1358 3138 1373 3164 ,
1412 3096 1456 3152 si
1486 3098 1690 3157 minus.
1723 3096 1854 3152 duo-

1945 1911 2083 1957 mos.
2137 1895 2197 1951 Si
2241 1899 2361 1965 quis
2403 1896 2610 1951 tardius
2640 1895 2819 1949 veniat
2871 1893 2937 1948 ad
2980 1893 3321 1965 orationgh,
3375 1890 3533 1959 quiu—

1945 1911 2083 1957 mos.
2137 1896 2197 1951 Si
2241 1899 2361 1965 quis
2403 1896 2610 1951 tardius
2640 1896 2819 1949 veniat
2871 1896 2937 1948 ad
2980 1896 3156 1947 oratio
3304 1928 3321 1953 ,
3375 1896 3533 1959 quiu—

1943 1990 2219 2060 quaginta,
2250 1990 2337 2045 vel
2367 1988 2534 2058 plagis
2563 1986 2951 2057 quinquaginta
2976 1971 3109 2040 :‘vel
3137 1896 3351 2075 sgius
3376 1997 3533 2037 exse-

1944 2080 2125 2151 quitur
2152 2080 2295 2147 quod
2321 2078 2544 2147 jubetur
2571 2078 2640 2140 ei,
2672 2074 3093 2145 quinquaginta.
3111 2073 3317 2144 Si‘post
3343 2086 3529 2142 pacem

1945 2174 2235 2237 sanaverit,
2264 2171 2669 2241 quinquaginta.
2714 2167 2771 2224 Si
2801 2166 3109 2225 contumaci
3148 2163 3487 2235 responderit
3510 2202 3526 2230 ,

1946 2264 2351 2335 quinquaginta.

2017 2356 2073 2410 Si
2102 2353 2484 2415 veniatvelato
2511 2351 2687 2422 capite
2708 2350 2761 2406 in
2781 2350 2941 2406 domo
2960 2390 2977 2417 ,
3005 2346 3389 2418 quinquaginta
3419 2360 3537 2399 ver-

1945 2446 2095 2503 bera.
2146 2445 2204 2501 Si
2234 2461 2341 2501 non
2373 2445 2506 2515 petit
2533 2444 2833 2499 orationem
2865 2456 2986 2496 cum
3019 2441 3184 2495 intrat
3212 2438 3264 2493 in
3294 2440 3534 2502 domum,

1948 2537 2355 2608 quinquaginta.
2398 2535 2453 2591 Si
2490 2534 2777 2591 manducat
2804 2533 2920 2588 sine
2947 2532 3228 2597 oratione,
3266 2530 3535 2600 quinqua-

1949 2628 2117 2699 ginta.
2145 2626 2200 2682 Si
2226 2626 2434 2681 locutus
2454 2633 2535 2680 est
2558 2624 2754 2693 aliquid
2779 2623 2831 2678 in
2855 2636 2951 2677 ore
2971 2636 3070 2676 suo
3086 2662 3102 2686 ,
3129 2618 3534 2689 quinquaginta.

1950 2720 2007 2776 Si
2035 2734 2225 2774 sonum
2260 2717 2442 2772 fecerit
2470 2717 2593 2770 dum
2639 2706 2843 2779 oratur,
2874 2710 3259 2781 quinquaginta
3288 2708 3533 2762 verbera.

1951 2808 2008 2869 Si
2038 2810 2157 2879 quis
2183 2806 2532 2877 iracundiam.
2563 2803 2644 2858 vel
2678 2803 2970 2867 tristitiam,
3000 2800 3083 2854 vel
3111 2798 3363 2859 invidiam
3393 2803 3541 2850 tenet

1952 2907 2142 2960 contra
2180 2898 2395 2951 fratrem
2435 2909 2631 2959 suum;
2671 2900 2731 2947 ut
2772 2901 2981 2959 tempus
3022 2888 3287 2952 tenuerit,
3323 2886 3395 2940 ita
3435 2899 3540 2939 erit

1954 2990 2265 3063 poenitentia
2295 2987 2410 3056 ejus
2439 2987 2489 3040 in
2519 3001 2656 3056 pane
2684 2992 2738 3039 et
2762 2997 2900 3052 aqua
2934 2999 2946 3034 :
2984 2982 3030 3037 si
3070 2994 3200 3034 vero
3248 2978 3418 3049 prima
3450 2976 3539 3031 die

1955 3081 2229 3137 confessus
2257 3080 2442 3141 luerit,
2476 3078 2658 3148 viginti
2687 3084 2920 3147 quatuor
2947 3073 3203 3143 psalmos.

256 3160 743 3261 decim-psalmos:
776 3190 821 3246 si
846 3160 1049 3259 majus,
1092 3189 1306 3257 triginta
1347 3160 1605 3257 psalmos.
1645 3188 1849 3257 Siquis
1876 3174 1920 3231 C
2021 3174 2336 3243 Quicunque
2363 3171 2683 3233 sacriﬁcium
2712 3166 3019 3238 perdiderit,
3048 3173 3102 3219 et
3132 3162 3299 3218 nescit
3327 3162 3418 3216 ubi
3444 3160 3537 3227 sit,

255 3282 579 3356 perdiderit,
611 3281 695 3337 vel
719 3280 979 3337 deciderit
1001 3281 1223 3350 aliquid,
1271 3280 1412 3335 sicut
1440 3281 1667 3350 pretium
1689 3278 1805 3347 ejus
1828 3318 1843 3343 ,

257 3376 339 3430 ita
373 3373 687 3444 poenitentia
717 3371 853 3440 ejus.
904 3370 963 3427 Si
1008 3373 1130 3441 quis
1183 3370 1314 3427 facit
1345 3371 1674 3440 colloquium
1725 3386 1845 3427 cum

256 3466 509 3524 simulari
537 3466 655 3521 sine
678 3464 855 3535 jussu,
887 3464 1071 3533 viginti
1100 3459 1335 3533 quatuor
1362 3465 1617 3534 psalmos.
1646 3464 1700 3518 Si
1728 3465 1848 3534 quis

256 3560 483 3626 quando
511 3558 967 3615 consummaverit
1004 3571 1141 3626 opus
1192 3571 1368 3621 suum,
1418 3563 1474 3609 et
1534 3553 1678 3609 aliud
1739 3571 1846 3608 non

255 3651 512 3724 requirit,
554 3658 611 3704 et
662 3647 861 3719 aliquid
926 3647 1042 3703 sine
1096 3647 1337 3716 iussione
1389 3644 1597 3711 fecerit,
1660 3644 1846 3713 viginti

256 3752 500 3815 quatuor
528 3739 762 3811 psalmos
789 3744 991 3794 cantet.

336 3835 392 3890 Si
417 3833 577 3889 fuerit
595 3830 787 3899 aliquis
807 3828 1076 3898 bilinguis,
1094 3837 1147 3884 et
1167 3827 1455 3884 conturbet
1474 3826 1687 3894 fratres,
1713 3827 1850 3882 duos

254 3930 380 3985 dies
432 3941 594 3982 unum
645 3922 1020 3993 paximatium.
1072 3921 1131 3976 Si
1186 3921 1305 3993 quis
1353 3919 1763 3976 manducaverit
1793 3920 1848 3974 in

256 4021 429 4081 domo
454 4018 627 4073 aliena
676 4016 793 4070 sine
818 4013 997 4083 jussu,
1025 4020 1081 4067 et
1111 4012 1319 4067 venerit
1356 4011 1539 4069 domui
1568 4027 1698 4069 suzc.
1740 4025 1849 4066 uno

253 4113 353 4168 die
410 4108 783 4180 paximatium.
849 4105 906 4161 Si
957 4104 1078 4175 quis
1133 4103 1467 4158 enarraverit
1519 4100 1848 4173 praeteritum

257 4209 565 4270 peccatum,
594 4214 702 4253 uno
730 4197 818 4252 die
842 4195 1214 4266 paximatium.
1258 4193 1352 4248 Vel
1375 4193 1466 4263 qui
1494 4192 1849 4248 ambulaverit

187 4348 194 4354 .
257 4295 317 4350 in
364 4294 581 4360 satculo,
635 4301 691 4350 et
733 4292 863 4348 dicit
906 4293 973 4347 de
1018 4290 1197 4346 surculi
1246 4297 1493 4360 peccato,
1545 4303 1653 4343 uno
1680 4286 1766 4342 die
1796 4286 1849 4342 in

251 4401 405 4458 pane
430 4394 487 4442 et
510 4401 668 4456 aqua.
698 4384 765 4439 Et
794 4383 1004 4453 tepidus
1032 4382 1125 4451 qui
1172 4380 1399 4436 audierit
1429 4380 1659 4449 aliquem
1701 4394 1851 4435 mur~

258 4487 573 4533 murantem
617 4485 674 4532 et
718 4477 1088 4532 detrahentem
1116 4515 1131 4539 ,
1174 4481 1270 4528 aut
1317 4472 1602 4528 facientem
1642 4471 1845 4541 aliquid

252 4579 454 4625 contra
482 4567 742 4637 regulam,
774 4574 824 4621 et
848 4565 1123 4622 consensit
1142 4579 1173 4618 a
1196 4560 1534 4619 confessione
1559 4601 1576 4628 ,
1621 4576 1729 4615 uno
1759 4560 1847 4615 die

250 4660 632 4733 paximatium.

332 4752 390 4809 Si
410 4753 532 4822 quis
559 4751 783 4808 suscitat
812 4749 1047 4805 furorem
1095 4745 1247 4802 fratri
1273 4759 1392 4807 suo,
1420 4751 1476 4800 et
1502 4741 1760 4799 satisfecit
1793 4742 1843 4798 ei

170 4842 175 4847 δ
249 4852 482 4918 postea,
503 4852 560 4899 et
584 4844 699 4913 ipse
730 4858 835 4898 non
866 4840 1093 4897 remittit
1119 4841 1167 4895 ei
1192 4879 1209 4905 ,
1258 4837 1353 4893 sed
1379 4836 1601 4891 dimittit
1631 4850 1731 4890 suo
1759 4850 1844 4889 se-

249 4936 422 5002 niori,
463 4935 648 5003 viginti
673 4943 908 5003 quatuor
934 4932 1191 5002 psalmos,
1242 4938 1297 4984 et
1340 4928 1437 4982 illo
1478 4927 1565 4981 die
1612 4926 1663 4980 in
1707 4939 1843 4994 pane

249 5038 317 5084 ct
346 5042 503 5096 aqua.
531 5025 587 5081 Si
624 5024 754 5095 quid
780 5021 1009 5077 voluerit
1037 5021 1231 5090 aliquis
1255 5061 1270 5084 ,
1320 5027 1376 5073 et
1415 5016 1665 5087 prohibet
1693 5030 1843 5071 (Bco-

246 5135 477 5184 nomus,
508 5127 565 5175 et
585 5119 738 5189 jubet
775 5117 963 5181 abbas,
992 5117 1231 5185 quinque
1274 5112 1414 5168 dies.
1465 5110 1520 5167 Si
1569 5109 1691 5181 quis
1737 5124 1845 5164 non

246 5214 473 5271 venerit
499 5211 565 5267 ad
590 5211 892 5267 orationem
933 5223 1095 5278 supra
1121 5221 1363 5261 mensam
1393 5212 1449 5259 et
1490 5210 1612 5273 post
1640 5202 1841 5265 cibum,

246 5304 545 5365 duodecim
590 5302 826 5374 psalmos
880 5307 1081 5355 cantet.
1124 5296 1178 5352 Si
1228 5294 1351 5367 quis’
1392 5294 1672 5350 dormierit
1720 5307 1843 5349 cum

239 5404 472 5463 oratur,
517 5395 563 5451 si
613 5395 884 5463 frequens,
937 5391 1224 5447 duodecim
1270 5387 1503 5459 psalmos
1552 5395 1765 5451 cantet;
1797 5388 1843 5443 si

245 5503 371 5545 non
401 5486 673 5556 frequens,
703 5500 800 5540 sex
828 5483 1083 5554 psalmus.
1106 5480 1163 5535 Si
1186 5480 1307 5549 quis
1330 5494 1436 5532 non
1461 5477 1620 5543 dicit,
1649 5477 1843 5541 Amen,

248 5578 479 5648 triginta
506 5577 752 5633 verbera.
791 5577 848 5631 Si
880 5584 1246 5643 transgressus
1282 5570 1439 5625 fuerit
1468 5569 1679 5631 horam,
1712 5568 1848 5625 duo-

247 5672 435 5728 decim
459 5672 727 5742 psalmos;
766 5670 811 5724 si
840 5669 1106 5726 canticum
1133 5666 1415 5735 graduum,
1450 5662 1549 5716 nisi
1580 5660 1844 5715 matutina

249 5766 457 5834 hiems,
482 5764 761 5821 duodecim
790 5762 1045 5836 psalmos.
1080 5758 1145 5815 Et
1168 5759 1258 5829 qui
1290 5773 1395 5813 non
1428 5754 1658 5811 audierit
1687 5753 1842 5808 soni-

1950 3281 2093 3320 anno
2122 3264 2400 3335 paeniteat.
2453 3261 2555 3328 Qui
2584 3258 2960 3327 negligentiam
2987 3255 3179 3310 fecerit
3216 3267 3342 3321 erga
3370 3251 3539 3307 sacri.

1950 3356 2155 3419 licium,
2186 3361 2245 3409 ut
2271 3354 2519 3415 siccetur,
2548 3358 2603 3404 et
2627 3364 2657 3403 a
2686 3346 2956 3402 vermibus
2981 3350 3357 3405 consumatur,
3382 3340 3454 3393 ita
3483 3350 3541 3419 ut

1950 3447 2017 3501 ad
2055 3445 2279 3500 nihilum
2321 3441 2633 3505 devenerit,
2676 3436 2895 3493 dimidio
2933 3450 3075 3489 anno
3114 3433 3389 3503 pmuiteal.
3437 3422 3539 3495 Qui
3572 3463 3587 3476 .

1951 3537 2329 3608 negligentiam
2358 3547 2485 3602 erga
2513 3531 2838 3587 sacriﬁcium
2870 3526 3186 3592 incurrerit,
3217 3532 3276 3577 ut
3302 3521 3541 3576 invenia-

1952 3640 2037 3687 tur
2065 3630 2261 3685 vermis
2290 3629 2344 3681 in
2373 3643 2470 3693 eo,
2497 3636 2553 3681 et
2580 3634 2754 3678 tamen
2783 3621 2997 3693 plenum
3027 3618 3135 3683 sit;
3169 3617 3291 3685 igne
3319 3612 3541 3669 combu-

1952 3731 2037 3777 rat
2054 3720 2209 3791 juxta
2240 3719 2432 3785 altare,
2462 3726 2516 3771 et
2542 3714 2837 3781 abscondat
2863 3714 3099 3767 cinerem
3129 3708 3246 3777 ejus
3270 3706 3411 3760 intra
3440 3704 3543 3759 sub

1950 3813 2140 3877 altare,
2172 3819 2228 3865 et
2254 3811 2369 3880 ipse
2399 3808 2657 3880 poeniteat
2688 3803 3042 3876 quadraginta
3069 3799 3279 3854 diebus.
3322 3795 3425 3863 Qui
3456 3808 3546 3848 ne-

1949 3905 2099 3975 gligit
2118 3901 2459 3967 sacriﬁcium,
2487 3908 2543 3954 et
2566 3899 2904 3952 immutatum
2938 3891 3119 3956 fuerit,
3150 3897 3203 3945 et
3228 3887 3383 3957 panis
3404 3885 3540 3947 alni.

1949 3998 2075 4053 serit
2101 4010 2380 4065 saporem;
2412 3993 2457 4049 si
2480 3992 2641 4046 rubro
2661 3989 2863 4052 colore,
2903 3984 3089 4054 viginti
3116 3983 3230 4037 dies
3250 3980 3541 4052 poeniteat;

1950 4088 1996 4144 si
2035 4087 2416 4161 hyacinthina,
2446 4081 2750 4155 quindecim
2795 4076 2911 4133 dies
2952 4076 3231 4147 poeniteat,
3276 4070 3333 4127 Si
3363 4079 3542 4125 autem

1950 4196 2059 4245 non
2103 4181 2443 4235 immutatum
2484 4173 2645 4229 fuerit
2682 4171 2895 4234 colore,
2941 4167 3038 4224 sed
3077 4165 3540 4235 conglutinatum,

1950 4281 2157 4345 septem
2199 4272 2314 4327 dies
2350 4268 2633 4341 paeniteat.
2676 4263 2778 4333 Qui
2820 4269 3001 4317 autem
3045 4257 3293 4313 merserit
3334 4251 3542 4309 sacriﬁ-

1950 4343 2115 4430 cium,
2139 4363 2397 4419 continuo
2423 4359 2570 4414 bibet
2595 4371 2815 4427 aquam.
2848 4352 2949 4419 Qui
2980 4351 3032 4416 in
3060 4345 3315 4403 chrismal
3345 4343 3543 4397 fuderit

1952 4455 2274 4514 sacriﬁcium
2302 4451 2568 4509 comedat.
2607 4449 2663 4504 Si
2691 4448 2759 4502 de
2785 4445 2997 4517 cymba,
3020 4441 3103 4495 vel
3134 4440 3201 4495 de
3231 4446 3417 4508 ponte.
3444 4451 3539 4492 seu

1874 4548 1925 4610 υ
1952 4551 2020 4607 de
2041 4551 2186 4618 ligno
2206 4545 2491 4610 ceciderit,
2527 4551 2581 4598 et
2605 4556 2712 4595 non
2735 4554 2829 4610 per
2852 4532 3230 4604 negligentiam
3248 4570 3263 4596 ,
3295 4529 3390 4586 sed
3415 4543 3547 4584 casu

1948 4640 2149 4709 aliquo,
2179 4652 2287 4692 uno
2316 4635 2404 4690 die
2432 4631 2709 4703 poeniteat.

2018 4698 2257 4798 Qui'seit
2301 4698 2520 4783 fratrem
2548 4736 2703 4777 suum
2732 4733 2959 4790 peccare
2986 4723 3267 4788 peccatum
3299 4712 3368 4769 ad
3396 4728 3545 4767 mor-
3593 4698 3615 4709 ’

1948 4834 2076 4887 tem.
2102 4830 2282 4878 etnon
2306 4818 2485 4888 arguit
2504 4830 2659 4882 eum,
2687 4812 2823 4883 legis
2853 4810 3128 4880 Evangelii
3154 4808 3331 4882 (Joan.
3361 4821 3418 4865 v.
3454 4804 3543 4869 iii)

1949 4926 2310 4981 transgressor
2339 4916 2573 4970 notetur,
2599 4905 2773 4961 donec
2801 4911 2989 4973 arguat
3012 4916 3134 4956 eum
3158 4898 3310 4967 cujus
3338 4896 3540 4952 malum

1952 5008 2187 5072 reticuit,
2218 5012 2273 5060 et
2302 5003 2531 5058 fateatur
2560 4996 2828 5054 sacerdoti
2854 5014 2869 5061 ;
2903 5003 2960 5049 ut
2989 4992 3225 5065 quandiu
3258 4988 3542 5045 conscien-

1954 5103 2027 5157 tia
2057 5101 2198 5161 mala
2228 5095 2466 5163 reticuit,
2496 5091 2679 5148 tandiu
2711 5090 2764 5144 in
2791 5084 3081 5143 afflictione
3111 5085 3391 5155 pmniteat'.
3441 5076 3541 5142 Qui

1952 5208 2179 5265 parvum
2217 5195 2498 5260 peccatum
2540 5182 2786 5249 reticuit,
2829 5180 2987 5238 simili
3020 5175 3389 5246 correptione,
3434 5184 3543 5223 non

1952 5284 2141 5343 eadem
2188 5280 2481 5336 alllictione
2523 5275 2800 5348 pmniteat.
2834 5272 2928 5328 sed
2958 5270 3127 5342 plagis
3165 5265 3408 5336 triginta,
3449 5270 3544 5314 aut

1950 5376 2250 5448 quindecim
2281 5370 2516 5443 psalmos
2542 5376 2718 5427 canat.
2750 5364 2805 5420 Si
2833 5364 2900 5419 de
2924 5363 3130 5430 reliquo
3155 5368 3417 5427 spernens
3443 5352 3544 5406 uti-

1954 5470 2096 5525 nima
2119 5461 2438 5532 neglexerit,
2463 5459 2514 5513 in
2538 5472 2677 5527 pane
2697 5464 2751 5510 et
2772 5468 2907 5523 aqua
2926 5449 3211 5522 pmniteat,
3234 5452 3293 5499 ut
3316 5456 3545 5514 peccans

1949 5562 2097 5633 juxta
2118 5556 2431 5614 mandatum
2454 5550 2663 5607 Domini
2688 5545 2901 5620 (Matth.
2918 5534 3565 5609 xvm,15)corripiatur.,

1954 5632 2055 5721 Qui
2076 5668 2207 5708 vero
2233 5647 2408 5716 arguit
2428 5660 2535 5700 non
2562 5642 2771 5703 leniter,
2807 5644 3040 5696 notetur,
3074 5632 3247 5687 donec
3271 5636 3423 5700 petat
3449 5642 3543 5681 ve-

1955 5720 2097 5803 niam
2131 5760 2159 5800 a
2194 5742 2355 5797 fratre
2385 5741 2667 5805 correpto,
2699 5739 2754 5789 et
2782 5727 2954 5801 plagis
2984 5725 3228 5795 triginta,
3262 5730 3353 5778 aut
3382 5720 3542 5791 quine
