4052 6332
502 271 625 326 τίς·

1745 270 1803 324 S.
1843 263 2239 323 COLUMBANI
2280 266 2568 325 ABBATlS

3684 273 3786 332 ﬁt

502 383 680 439 decim
720 382 977 454 psalmos.
1033 385 1136 453 Qui
1168 394 1447 454 peccatum
1480 384 1782 455 pudendum
1812 381 1970 436 alicui
2001 395 2097 434 ex-
2127 385 2178 439 Α
2206 388 2406 435 statuta
2435 385 2652 453 segnius
2683 384 2840 440 fuerit
2865 403 3179 452 exsecutus,
3210 389 3597 455 suppositione.
3623 388 3681 442 Si
3705 388 3786 443 di-

503 473 760 543 probrat,
790 474 1098 544 priusquam
1141 477 1280 530 inter
1306 491 1366 530 se
1390 484 1444 530 et
1471 476 1645 544 ipsum
1676 473 1852 529 solum
1883 481 2104 540 arguat,

504 567 649 622 sicut
682 567 939 624 Dominus
965 568 1093 622 dicit
1116 565 1333 635 (Matth.
1362 568 1513 636 xvnz)
1534 607 1549 631 ,
1582 565 1907 634 corripiatur
1934 564 2108 618 donec

418 720 423 729 ι
508 657 844 728 exprobrata
884 658 1198 726 satisfaciat,
1227 667 1285 712 et
1315 658 1484 712 tribus
1505 657 1694 712 diebus
1720 670 1862 725 pane
1887 662 1942 709 et
1969 668 2106 722 aqua

507 753 793 822 paeniteat.

585 844 688 911 Qui
720 844 1106 913 transgreditur
1142 844 1383 912 regulam
1407 842 1664 912 jussionis
1696 841 1778 897 vel
1817 840 2109 908 disciplina:

508 932 799 999 generalis,
828 942 1045 987 maneat
1072 935 1331 1005 expulsus
1350 935 1467 989 sine
1489 935 1630 997 ribo,
1663 944 1721 987 ut
1743 933 1794 986 in
1816 933 2107 989 crastinum

512 1021 827 1089 recipiatur.
877 1021 980 1088 Qui
1010 1023 1159 1079 solus
1187 1040 1310 1079 cum
1338 1026 1453 1079 sola
1485 1023 1681 1078 femina
1720 1024 1837 1077 sine
1868 1023 2110 1091 personis

508 1114 676 1168 certis
697 1114 1031 1169 familiariter
1053 1116 1309 1185 loquitur,
1333 1125 1548 1170 maneat
1577 1115 1691 1168 sine
1714 1114 1855 1176 cibo,
1882 1113 1962 1165 vel
1985 1112 2111 1165 duo-

512 1205 612 1258 bus
641 1204 833 1259 diebus
859 1205 911 1259 in
944 1222 1083 1276 pane
1111 1217 1167 1261 et
1198 1224 1362 1276 aqua,
1393 1208 1474 1261 vel
1500 1207 1747 1262 ducentis
1779 1206 1966 1273 plagis.
2006 1203 2108 1270 Qui

513 1293 787 1361 praesumit
820 1294 997 1349 facere
1023 1297 1352 1350 ambasciam
1372 1341 1385 1361 ,
1416 1312 1520 1350 non
1552 1298 1897 1365 permittet-te.
1925 1310 1990 1348 ev»
2017 1294 2107 1361 qui

514 1390 730 1449 praeest.
761 1383 930 1438 libera
953 1393 1009 1440 et
1029 1385 1289 1440 effrenata
1315 1388 1663 1457 processione
1685 1385 1891 1453 absque
1922 1399 2105 1436 neces-

513 1474 703 1540 sitate,
735 1476 1121 1545 quinquaginta
1154 1479 1321 1548 plagis
1353 1480 1681 1533 inhibeatur.
1723 1476 1915 1546 Operis
1945 1492 2109 1545 pecu-

517 1563 665 1620 liaris
695 1569 1042 1637 przesumplio
1070 1578 1289 1623 centum
1324 1570 1492 1639 plagis
1521 1586 1533 1623 :
1578 1569 1850 1639 possessio
1888 1566 2112 1635 alicujus

517 1655 631 1719 rei;
648 1670 809 1724 quam
832 1673 937 1710 non
961 1659 1254 1713 necessitas
1277 1660 1598 1727 genera‘iter
1619 1656 1872 1713 fratribus
1892 1672 2113 1712 conces-

2208 470 2371 525 missa
2417 474 2605 543 synaxi
2656 490 2761 527 non
2803 476 3063 530 continuo
3110 476 3180 530 ad
3223 477 3413 532 cellam
3468 478 3789 544 recurrerit,

2207 563 2598 632 suppositione.
2628 563 2685 619 Si
2713 581 2834 619 cum
2865 566 3045 635 aliquo
3075 567 3140 621 ad
3170 568 3438 623 modicum
3467 565 3787 630 substiterit,

2206 655 2591 723 suppositione.
2624 655 2681 710 Si
2710 656 2775 709 ad
2801 657 3069 713 modicum
3102 660 3358 729 temporis
3387 659 3591 728 uspiam
3620 672 3795 714 seces-

2207 746 2367 811 serit,
2406 746 2795 815 suppositione.
2828 746 2884 802 Si
2910 763 3033 802 cum
3063 748 3173 803 ullo
3200 749 3292 819 qui
3321 748 3470 803 cella:
3496 763 3605 801 sua:
3630 748 3793 802 coha-

2209 835 2408 905 bitator
2448 851 2555 890 non
2587 845 2688 901 est,
2720 838 3048 892 Confabulari
3088 840 3621 907 quantulumcunque
3661 854 3792 907 pra:-

2208 925 2520 993 smnpserit,
2551 926 2938 994 suppo~itione.
2970 927 3025 982 Si
3053 928 3270 983 alterius
3300 929 3532 984 tenuerit
3560 944 3793 987 manum.

2208 1019 2594 1086 suppositione.
2625 1018 2679 1072 Si
2709 1020 2944 1073 oraverit
2970 1034 3090 1074 cum
3122 1016 3212 1073 illo
3238 1019 3328 1089 qui
3356 1026 3436 1074 est
3460 1019 3527 1071 ab
3556 1019 3799 1073 oratione

2209 1126 2496 1178 suspensus
2514 1152 2528 1176 ,
2561 1111 2949 1181 suppositione.

2280 1204 2335 1257 Si
2367 1210 2647 1271 parentum
2678 1204 2984 1272 quempiam
3016 1203 3098 1257 vel
3129 1202 3425 1257 amicorum
3454 1203 3794 1258 smcularium

2214 1294 2422 1355 viderit,
2457 1294 2537 1347 vel
2563 1293 2861 1348 collocutus
2888 1293 3047 1348 fuerit
3071 1295 3119 1348 ei
3148 1294 3265 1348 sine
3282 1293 3563 1361 jnssione;
3598 1295 3641 1348 si
3664 1295 3797 1362 epis-

2214 1386 2377 1440 tolam
2415 1388 2782 1456 cujuscunque
2819 1386 3116 1455 susceperit
3139 1429 3154 1453 ,
3176 1386 3218 1439 si
3251 1386 3486 1440 tribuere
3517 1401 3801 1455 praesump-

2212 1479 2343 1535 serit
2382 1479 2498 1531 sine
2547 1492 2647 1531 suo
2691 1477 2906 1541 abbate,
2954 1476 3343 1545 suppositione.
3397 1475 3452 1529 Si
3501 1474 3799 1543 impedierit

2214 1569 2445 1637 aliquem
2475 1584 2504 1621 a
2533 1568 2824 1623 necessarii
2868 1567 2990 1621 facti
3020 1567 3356 1636 explatione,
3411 1566 3797 1635 suppositione.

2215 1658 2270 1711 Si
2298 1675 2393 1729 per
2421 1658 2672 1714 ardorem
2702 1658 2898 1713 mentis
2922 1657 3220 1727 legitimum
3248 1656 3526 1724 religionis
3555 1670 3800 1710 excesse-

515 1746 606 1808 sit,
636 1747 925 1802 amissione
954 1748 1212 1817 ejusdem,
1245 1758 1300 1802 et
1327 1759 1540 1804 centum
1574 1752 1743 1819 plagis
1772 1759 2109 1804 coercentur.
2147 1752 2189 1809 Β
2217 1751 2287 1805 rit
2318 1751 2567 1818 modum,
2610 1749 3004 1819 suppositione.
3055 1749 3110 1803 Si
3150 1748 3313 1803 alium
3342 1748 3642 1803 lerventem
3674 1763 3704 1800 a
3732 1747 3800 1800 le-

517 1832 890 1890 Necessarium
934 1853 1062 1891 vero
1104 1852 1167 1892 ac
1206 1839 1410 1893 licitmn
1451 1840 1652 1908 aliquid
1709 1840 1908 1903 favere,
1959 1838 2108 1905 dare,

517 1930 768 2001 accipere
794 1909 910 2003 δίἶε
944 1932 1218 2001 jussione,
1264 1934 1550 1988 duodecim
1581 1934 1787 2003 plagis:
1834 1934 1934 1988 nisi
1975 1934 2116 1989 ratio

517 2020 694 2091 aliqua
725 2021 998 2089 defendat,
1029 2032 1087 2077 ut
1115 2024 1342 2093 supplex
1365 2025 1661 2078 satisfactio
1692 2027 1951 2080 remittat.

591 2113 690 2180 Qui
721 2113 1011 2169 comedens
1053 2108 1317 2186 loquitur,
1365 2131 1460 2169 sex
1492 2116 1681 2185 plagis.
1734 2115 1798 2168 Et
1830 2118 1983 2183 cujus
2012 2131 2118 2169 vox

517 2205 786 2275 obstrepit
808 2207 875 2261 de
900 2224 1081 2261 mensa
1104 2209 1169 2261 ad
1199 2224 1464 2274 mensam,
1494 2224 1587 2261 sex
1621 2209 1672 2277 pl
1693 2209 1808 2271 igis.
1853 2208 1909 2262 Si
1933 2208 1999 2263 de
2021 2209 2133 2260 du-‘

522 2311 613 2350 mo
641 2296 807 2363 foras,
837 2298 921 2352 vel
946 2299 1012 2351 de
1042 2297 1171 2352 foris
1202 2300 1253 2353 in
1284 2297 1502 2353 domum
1533 2300 1799 2365 sonuerit,
1834 2299 2117 2352 duodecim

525 2384 717 2455 plagis.
753 2386 943 2456 Egi-edi
972 2389 1053 2443 vel
1084 2374 1286 2458 ingredi
1312 2390 1362 2443 in
1386 2390 1634 2456 domum,
1667 2400 1758 2444 aut
1778 2406 1914 2460 Opus
1944 2388 2119 2443 facere

523 2479 641 2532 sine
682 2481 928 2535 oratione
967 2490 1022 2537 et
1060 2484 1216 2550 signo
1256 2484 1456 2547 cruris,
1505 2482 1780 2538 tlUOdrCllll
1821 2482 2008 2552 plagis.
2060 2481 2118 2535 Si

526 2570 682 2625 aliter
710 2570 890 2638 fuerit,
917 2574 1153 2642 quinque
1184 2574 1372 2644 plagis.
1406 2574 1579 2629 Meum
1612 2576 1693 2629 vel
1726 2584 1873 2628 tuum
1898 2575 2116 2641 dixisse,

524 2676 621 2715 sex
664 2662 853 2730 plagis.
888 2661 1121 2718 Verbum
1163 2674 1350 2719 contra
1396 2666 1618 2719 verbum
1655 2665 1969 2734 simpliciter
2000 2666 2117 2720 dic-

524 2753 658 2812 tum,
691 2767 786 2804 sex
817 2754 1255 2820 percussionibus
1284 2773 1297 2808 :
1330 2755 1374 2809 si
1406 2771 1470 2808 ex
1500 2755 1867 2822 contentione,
1899 2773 1943 2806 ‹·‹
1965 2764 2118 2810 ntnm

526 2838 694 2907 plagis
724 2840 807 2895 vel
837 2844 1205 2911 suppositione
1233 2844 1451 2897 silentii.
1497 2843 1551 2897 Si
1582 2844 1824 2897 ordinem
1858 2843 2118 2912 psallendi

529 2947 636 2985 non
664 2935 991 3003 servaverit,
1033 2951 1129 2990 sex
1159 2937 1616 3005 percussionibus.
1659 2935 1713 2990 Si
1745 2945 1949 2990 statuto
1982 2947 2118 2990 tem-

528 3040 662 3094 pore
704 3026 1078 3081 taciturnitatis
1116 3028 1257 3098 loqui
1301 3029 1700 3100 pnesump-erit
1736 3028 1852 3083 sine
1882 3030 2118 3083 ιιρςθδρί-

530 3124 660 3177 tate,
693 3116 877 3172 decem
906 3126 961 3174 et
988 3129 1192 3190 septem
1226 3121 1415 3190 plagi.

597 3207 654 3263 Si
702 3210 823 3278 quis
860 3210 927 3265 de
976 3212 1311 3282 supellectile
1354 3215 1662 3269 monasterii
1704 3231 1798 3285 per
1836 3225 2120 3286 contemp~

528 3308 640 3354 tum
672 3303 937 3366 amiserit,
986 3304 1070 3359 vel
1102 3304 1441 3373 dissipaverit
1470 3307 1595 3376 quid
1616 3349 1630 3372 ,
1681 3310 1897 3378 proprio
1926 3310 2123 3363 su-lore

527 3401 585 3445 et
624 3393 803 3461 operis
845 3393 1147 3463 adjectione
1188 3397 1456 3461 restituat,
1491 3398 1573 3451 vel
1614 3414 1710 3467 pro
1745 3399 2121 3466 malimatione,

529 3483 753 3538 arbitrio
781 3484 1109 3551 sacerdotis,
1154 3488 1521 3557 suppositione
1552 3490 1841 3559 pmniteat,
1885 3499 1979 3544 aut
2018 3507 2124 3547 uno

531 3573 618 3628 die
648 3573 698 3627 in
730 3587 867 3643 pane
889 3582 944 3629 et
971 3591 1131 3645 aqua.
1164 3575 1220 3631 Si
1253 3594 1357 3632 non
1389 3589 1723 3649 contemptu,
1753 3582 1847 3636 sed
1876 3597 2003 3636 casu
2034 3584 2126 3637 ali-

532 3677 641 3732 quo
684 3663 924 3718 amiserit
960 3673 1054 3718 aut
1099 3664 1351 3734 fregerit,
1401 3684 1508 3722 non
1547 3668 1703 3723 aliter
1744 3670 2125 3741 negligentiam

529 3770 682 3809 suam
711 3770 872 3825 quam
899 3758 1109 3827 publica
1139 3758 1308 3812 diluat
1338 3761 1651 3829 pmnitentia
1679 3779 1692 3827 ;
1722 3762 1928 3817 cunctis
1955 3763 2007 3817 in
2039 3780 2127 3836 sy-

530 3846 656 3900 naxi
680 3846 933 3903 fratribus
954 3851 1292 3920 congregatis
1316 3852 1496 3907 tandiu
1525 3862 1826 3923 prostratus
1849 3854 1900 3910 in
1926 3863 2126 3927 terram

532 3937 745 3993 veniam
792 3940 1106 4008 postulabit,
1154 3943 1327 3999 donec
1371 3945 1677 4000 orationum
1722 3957 2129 4003 eonsummetur

506 4029 887 4096 ‘solemnitas;
921 4032 1301 4103 impetraturus
1328 4052 1471 4101 eam,
1503 4053 1625 4091 cum
1653 4037 1834 4107 jussus
1856 4037 2017 4093 fuerit
2040 4038 2129 4094 ab-

534 4119 674 4175 batis
692 4120 895 4189 judicio
917 4122 984 4177 de
1003 4123 1121 4177 solo
1144 4138 1380 4192 surgere.
1426 4125 1628 4182 Eodem
1653 4128 1813 4183 modo
1836 4128 2130 4185 satisfaciat

532 4212 773 4282 quisquis
810 4211 876 4267 ad
916 4214 1215 4269 orationem
1259 4216 1339 4272 vel
1376 4233 1513 4288 opus
1550 4219 1768 4290 aliquod
1808 4222 2128 4294 accersitus,

535 4302 745 4359 tardius
774 4305 1092 4360 occurrerit.

606 4392 665 4447 Si
693 4394 983 4451 decantans
1014 4397 1278 4467 psalmum
1312 4398 1661 4469 titubaverit;
1686 4403 1731 4458 si
1760 4404 2031 4474 superflui
2060 4406 2131 4461 sit

2219 1845 2407 1914 gitimo
2444 1843 2586 1899 facto
2622 1844 2859 1899 ret'nere
2894 1843 3153 1912 temporis
3189 1841 3271 1895 sui
3312 1843 3484 1911 gratia
3524 1854 3805 1909 prazsump-

2219 1941 2369 2003 serit,
2398 1938 2787 2008 suppositione.

2292 2028 2407 2084 Huc
2435 2044 2605 2100 usque
2633 2037 2688 2082 et
2715 2028 2768 2082 in
2799 2026 3063 2081 similibus
3092 2024 3393 2081 commissis
3423 2023 3673 2093 procedit
3698 2023 3804 2076 ani-

2222 2122 2520 2176 madversio
2546 2119 2821 2189 spiritalis,
2845 2129 2904 2173 ut
2925 2118 3224 2187 increpatio
3252 2131 3371 2187 qua:
3402 2114 3461 2168 lit
3489 2130 3519 2168 a
3547 2114 3800 2185 pluribus,

2222 2214 2463 2284 peccanti
2495 2213 2739 2281 proficiat
2767 2211 2835 2266 ad
2861 2211 3091 2265 salutem
3110 2253 3125 2277 ,
3181 2218 3236 2264 et
3264 2209 3333 2265 de
3372 2217 3573 2263 extero
3603 2206 3805 2262 cautior

2222 2315 2278 2358 et
2303 2305 2606 2372 diligentior
2630 2302 3011 2357 emendatione
3039 2317 3249 2356 morum
3285 2300 3395 2355 Deo
3426 2299 3668 2370 propitio
3706 2298 3805 2353 sal-

2221 2403 2376 2448 vatus
2405 2396 2618 2449 existat.

2293 2485 2394 2550 Qui
2440 2493 2617 2539 autem
2661 2486 2831 2539 rixam
2862 2485 3226 2547 commiserit,
3253 2494 3457 2554 septem
3488 2482 3683 2537 diebus
3708 2496 3809 2551 pa:-

2222 2575 2412 2629 niteat.
2464 2574 2563 2641 Qui
2600 2591 2728 2630 vero
2752 2591 2909 2630 suum
2960 2576 3305 2645 przepositum
3351 2572 3698 2641 despexerit,
3726 2578 3809 2624 aut

2225 2667 2463 2735 regulam
2510 2667 2988 2737 blasphemaverit,
3024 2664 3165 2721 foras
3214 2664 3557 2734 repellendus
3587 2672 3694 2728 est,
3717 2664 3806 2718 nisi

2224 2758 2341 2826 ipse
2368 2757 2512 2812 dicat
2540 2775 2551 2809 :
2587 2755 2822 2812 Paenitet
2850 2772 2940 2811 me
2971 2758 3110 2827 quod
3139 2755 3269 2810 dixi.
3324 2754 3381 2809 Si
3412 2764 3594 2809 autem
3627 2772 3687 2810 se
3712 2770 3809 2809 non

2224 2849 2615 2913 lnnniliaverit,
2646 2847 2999 2917 quadraginta
3029 2846 3221 2902 diebus
3251 2846 3536 2915 pmoiteat,
3569 2848 3696 2917 quia
3725 2861 3808 2900 su-

2226 2941 2423 3013 perbia:
2454 2940 2641 2994 morbo
2670 2940 2962 2994 detinetur.
2996 2938 3267 2994 Verbosus
3291 2939 3660 2993 taciturnitate
3681 2938 3810 2990 dam-

2226 3033 2434 3088 nandus
2462 3046 2505 3085 e.
2524 3040 2564 3096 ι,
2589 3030 2858 3100 inquietus
2889 3029 3312 3095 mansuetudine,
3346 3028 3567 3097 gulosus
3592 3028 3809 3107 jejunio,

2149 3120 2195 3184 C
2227 3124 2597 3181 somnolentus
2623 3123 2823 3193 vigilia,
2850 3122 3114 3191 superbus
3141 3136 3388 3186 carcere,
3415 3120 3708 3174 destitutor
3731 3135 3810 3173 re-

2228 3218 2495 3290 pulsione.
2540 3214 2913 3285 Unusquisque
2930 3214 3081 3284 juxta
3107 3214 3251 3283 quod
3273 3221 3508 3268 meretur
3528 3213 3809 3283 coxequalii

2227 3309 2441 3373 sentiat,
2474 3316 2535 3361 ut
2559 3308 2733 3375 justus
2754 3305 2898 3375 juste
2926 3305 3089 3360 vivat.
3142 3305 3334 3360 Amen.

2298 3397 2356 3452 In
2397 3397 2545 3450 omni
2585 3396 2706 3450 loco
2744 3403 2799 3448 et
2835 3409 3001 3464 opere
3038 3395 3237 3449 silentii
3281 3396 3466 3463 regula
3498 3409 3813 3464 magnopere

2228 3489 2487 3546 custodiri
2527 3496 2811 3553 censetur;
2839 3495 2897 3541 ut
2934 3487 3109 3551 omni,
3152 3497 3411 3555 quantutn
3451 3488 3684 3542 valuerit
3721 3488 3812 3541 ltu-

2229 3597 2386 3636 ntana
2411 3578 2688 3648 fragilitas,
2711 3593 2832 3647 qua:
2858 3593 3026 3648 prona
3049 3576 3116 3630 ad
3141 3578 3291 3644 vitia,
3322 3577 3459 3632 unde
3490 3578 3815 3649 prmcipitaro

2227 3674 2393 3738 solet,
2419 3672 2737 3727 mundemur
2768 3670 2925 3735 vitio,
2946 3668 3463 3740 aedificationemque
3492 3671 3675 3740 potius
3701 3685 3815 3741 pro-

2231 3766 2517 3831 ximorum,
2550 3780 2648 3835 pro
2677 3763 2870 3832 quibus
2898 3762 3149 3817 Salvator
3179 3770 3365 3817 noster
3390 3760 3552 3817 Jesus
3579 3772 3814 3817 sanctqu

2229 3857 2417 3916 effudit
2457 3859 2803 3927 sanguinem,
2844 3872 3005 3927 quam
3036 3856 3474 3912 dilacerationem
3519 3856 3814 3910 absentium

2230 3953 2284 4009 in
2308 3959 2529 4022 pectore
2551 3958 2903 4019 conceptam,
2954 3958 3009 4003 et
3053 3949 3223 4002 otiosa
3269 3948 3468 4017 passim
3514 3948 3713 4013 verba,
3755 3945 3816 3999 de

2230 4046 2424 4115 quibus
2455 4041 2604 4111 justo
2630 4056 2817 4095 sumus
2847 4038 3108 4093 rationem
3158 4036 3472 4092 tetributori
3530 4034 3813 4101 reddituri,

2231 4152 2325 4192 ore
2357 4149 2687 4203 premamus.

2302 4225 2430 4281 Haec
2457 4239 2710 4295 superum
2752 4221 3056 4276 volentilms
3095 4234 3320 4289 carpere
3347 4218 3452 4273 iter
3480 4218 3710 4275 tendens
3734 4216 3814 4272 alti

2232 4320 2299 4375 ad
2343 4318 2554 4387 fastigia
2598 4330 2839 4378 summa,
2871 4313 3168 4379 relictaque
3208 4311 3374 4365 humo
3415 4326 3536 4366 cum
3585 4308 3815 4379 ﬂagitiis.

2235 4414 2375 4468 ultro
2396 4407 2758 4463 ambientibus
2788 4404 2878 4457 uni
2900 4403 3175 4458 adhaerere
3206 4402 3315 4456 Deo
3338 4402 3478 4457 hanc
3504 4402 3557 4456 in
3580 4402 3817 4456 tellurem

532 4483 738 4547 durus;
768 4486 812 4540 si
839 4490 1208 4577 contumacius
1240 4492 1605 4562 responderit,
1636 4498 2027 4567 suppositione.
2069 4499 2126 4555 Si
2160 4520 2205 4577 ο
2232 4505 2415 4565 misso,
2439 4500 2722 4555 statuimus
2746 4512 2762 4562 ;
2790 4494 2878 4564 qui
2911 4493 3232 4549 immortalia
3263 4493 3511 4547 nimirum
3538 4501 3668 4547 sunt
3695 4503 3819 4560 pra}-

514 4576 885 4645 ‘negligentius
896 4566 1149 4651 obsequia
1165 4583 1398 4652 injuncta
1414 4566 2127 4660 impleverit,suppositione.

534 4664 592 4721 Si
608 4668 691 4722 vel
711 4667 901 4723 leviter
912 4675 1342 4739 mur‘muraverit,
1357 4679 1746 4748 suppositione.
1766 4679 1824 4736 Si
1841 4682 2126 4738 lectionem

535 4760 687 4831 operi
710 4760 1094 4822 obedientiawe
1115 4767 1427 4837 praeferens,
1449 4774 1839 4843 suppositione.
1873 4775 1929 4832 Si
1952 4777 2126 4833 oflicia

547 4930 1575 4955 —————————____——____

2240 4599 2344 4653 mia
2388 4592 2697 4663 accepturi,
2730 4605 2852 4645 cum
2892 4588 3087 4656 gaudio
3125 4602 3338 4641 summo
3365 4600 3639 4656 nunquam
3677 4581 3817 4640 deci-

2233 4693 2395 4748 dente
2423 4702 2616 4743 avum.

1269 5064 1939 5184 SANCTI
2014 5069 3090 5190 COLUANI

1773 5238 2042 5292 ABBATIS
2076 5242 2156 5294 ΕΤ
2192 5238 2618 5293 CONFESSORIS

541 5366 695 5465 DE
778 5360 1895 5469 l’tENl'fENTlARUM
1971 5363 2609 5473 MENSURA
2691 5354 3322 5464 TAXANDA
3401 5331 3809 5460 LIBER.

611 5649 649 5704 l.
695 5648 1007 5703 l‘mnitentia
1038 5666 1162 5703 vera
1193 5659 1275 5703 est
1296 5690 1308 5704 .
1345 5650 1649 5718 pmuitenda
1680 5666 1785 5706 non
1815 5649 2124 5714 admittere,

537 5741 633 5799 sed
659 5739 887 5797 admissa
918 5737 1131 5797 deﬂere.
1181 5742 1286 5797 Sed
1316 5743 1439 5811 quia
1469 5742 1607 5800 lianc
1637 5741 1928 5800 multorum
1955 5739 2122 5814 fragi-

2239 5650 2387 5714 litas,
2422 5659 2480 5703 ut
2510 5666 2615 5704 non
2642 5648 2814 5701 diram
2846 5645 3085 5699 omnimu
3106 5686 3119 5709 ,
3151 5642 3377 5714 rumpit,
3413 5629 3674 5698 mensum
3703 5658 3814 5696 nos-

2236 5741 2417 5800 cenda:
2461 5749 2583 5799 sunt
2627 5739 2955 5812 pertinentia:
2985 5757 2998 5808 ;
3043 5753 3271 5808 quarum
3302 5739 3378 5793 sic
3409 5735 3542 5793 ordo
3572 5753 3603 5791 a
3628 5733 3815 5793 sanctis
