4052 6332
256 324 371 386 Ξέδ

1047 318 1135 374 DE
1177 308 1773 373 PGZNITENTIARIPM
1816 302 2144 362 MENSIIIIA
2180 302 2507 361 TAXANDA
2554 305 2775 361 LIBER.

3441 306 3547 365 illi

256 442 491 498 traditur
528 438 804 501 Patribus,
837 445 894 490 ut
935 434 1084 504 juxta
1116 430 1536 501 magnitudinem
1573 428 1859 496 culparum
1893 426 1935 482 Α
1966 416 2205 480 morbos,
2232 416 2437 488 culpas,
2477 418 2727 486 dolores,
2757 419 3131 489 :egritudines,
3174 418 3546 490 ἱηῆιιπιῑιιηεεε,ν

258 534 427 589 etiam
457 531 734 598 longitudo
758 534 1025 581 statuatur
1054 523 1512 595 pceaiteutiarum.

327 622 392 678 II.
435 621 493 677 Si
521 624 642 691 quis
672 620 832 690 igitur
873 632 970 687 per
997 615 1377 683 cogitationem
1419 609 1754 682 peccaverit,
1801 607 1852 662 id

255 720 365 779 est,
406 709 743 779 concupierit
788 707 1058 761 hominem
1104 702 1383 765 occidere,
1437 711 1532 755 aut
1576 698 1849 760 fornicari.

255 811 353 856 aut
400 800 597 866 furari,
647 806 741 853 aut
789 797 925 854 clam
974 794 1282 861 comedere,
1312 801 1369 847 et
1416 789 1716 854 inebriari;
1765 787 1851 841 vel

252 900 407 949 certe
450 892 679 962 aliquem
710 896 1017 963 percutere,
1048 887 1160 941 sive
1188 884 1496 951 discedere,
1527 882 1609 938 vel
1639 881 1742 935 alia
1771 878 1853 933 his

255 984 439 1039 facere
485 982 712 1049 similia,
743 988 796 1035 et
828 988 1046 1049 paratus
1074 977 1141 1031 ad
1184 979 1296 1032 luce
1338 976 1503 1031 corde
1531 973 1851 1044 complenda

256 1076 459 1131 fuerit:
501 1074 701 1142 majora
742 1069 966 1125 dimidio
1015 1083 1203 1132 anno;
1243 1067 1450 1120 minora
1498 1063 1848 1135 quadraginta

259 1166 465 1231 diebus,
498 1165 550 1219 in
580 1179 718 1233 pane
747 1172 802 1218 et
829 1178 966 1232 aqua
1005 1161 1282 1232 pmiiteal.

328 1256 419 1311 III.
462 1258 518 1312 Si
562 1257 685 1326 quis
730 1266 908 1311 autem
962 1253 1196 1324 peccatis
1248 1249 1661 1321 prmvalenlibus
1709 1246 1850 1302 facto

255 1352 606 1420 peccaverit;
635 1350 679 1405 si
709 1349 1084 1415 homicidium,
1118 1355 1211 1401 aut
1236 1345 1614 1402 sodomiticum
1662 1341 1853 1397 fecerit

256 1451 576 1509 peccatum,
624 1440 808 1495 decem
853 1439 1008 1495 annis
1054 1439 1358 1509 paeniteat:
1410 1438 1454 1491 si
1504 1432 1853 1489 fornicaverit

253 1533 427 1587 sem‘el
468 1531 901 1595 tantum,trihus
938 1530 1092 1585 annis
1130 1528 1422 1583 monachus
1464 1526 1762 1596 pceniteat;
1806 1525 1851 1579 si

251 1625 482 1694 saepius,
513 1633 719 1695 septem
748 1624 920 1678 annis.
962 1622 1019 1677 Si
1048 1621 1354 1677 discesserit
1379 1628 1435 1674 et
1461 1627 1585 1673 vota
1614 1617 1850 1685 fregerit,

251 1718 298 1772 si
343 1718 455 1772 cito
495 1719 759 1787 paenitens
786 1715 1035 1781 redierit,
1088 1714 1262 1769 tribus
1308 1712 1730 1781 quadragesimis
1762 1729 1775 1763 :
1806 1711 1850 1767 si

253 1822 439 1865 autem
466 1821 586 1881 post
617 1825 807 1876 annos,
837 1809 1007 1864 tribus
1034 1808 1188 1861 annis
1214 1804 1493 1876 poeniteat.

325 1900 418 1955 IV.
457 1902 514 1956 Si
543 1901 661 1970 quis
699 1900 905 1955 furatus
941 1898 1121 1965 fuerit,
1152 1912 1294 1952 anno
1322 1895 1600 1966 pmniteat.

312 1992 395 2049 Ὗ.
437 1992 493 2048 Si
522 1994 642 2063 quis
686 1993 1013 2063 percusserit
1041 2008 1137 2061 per
1179 1992 1350 2046 rixam
1394 1989 1614 2045 fratrem
1658 2004 1857 2052 suum,

256 2095 315 2143 et
342 2086 656 2155 sanguinem
687 2084 900 2149 fuderit,
934 2085 1106 2139 tribus
1135 2084 1291 2138 annis
1319 2082 1598 2153 paeniteat.

337 2184 426 2239 Vl.
465 2183 522 2239 Si
550 2182 673 2253 quis
701 2188 881 2236 autem
923 2179 1269 2234 inebriaverit
1296 2192 1389 2246 se,
1436 2185 1494 2233 et
1521 2176 1851 2243 evomuerit,

255 2287 354 2333 aut
378 2284 649 2331 saturatus
688 2273 877 2335 nimis,
904 2270 1223 2327 sacriﬁcium
1255 2285 1352 2339 per
1386 2268 1492 2324 hoc
1519 2267 1851 2332 evomuerit,

253 2368 611 2441 quadraginta
640 2364 826 2420 diebus
857 2362 1115 2433 pmniteat
1147 2378 1163 2414 :
1203 2361 1248 2416 si
1276 2375 1409 2414 vero
1436 2374 1535 2431 per
1574 2356 1856 2412 inﬁrmita-

256 2476 371 2519 tem
399 2462 716 2519 sacriIlcium
745 2474 962 2514 vomere
991 2466 1237 2526 cogatur,
1284 2462 1489 2525 septem
1518 2452 1706 2509 diebus
1734 2467 1853 2522 pte-

256 2557 451 2611 niteat.
502 2553 560 2609 Si
609 2553 782 2624 ipsum
824 2547 1142 2605 sacriﬁcium
1188 2548 1309 2619 quis
1347 2544 1669 2617 perdiderit,
1710 2559 1856 2600 anno

252 2649 537 2720 pmniteat.
601 2701 604 2707 ,
1298 2624 1307 2637 Ν
1822 2702 1827 2709 .

336 2739 447 2795 VII.
486 2739 540 2795 Si
579 2738 699 2808 quis
729 2737 964 2807 seipsum
1007 2733 1465 2805 coinquinaverit,
1504 2746 1647 2786 anno
1675 2731 1853 2802 pmnio

262 2842 396 2895 teat,
428 2831 470 2885 si
496 2830 678 2898 junior
705 2829 794 2883 sit.
1500 2862 1505 2865 -

330 2922 466 2977 Vlll.
507 2921 563 2977 Si
591 2922 710 2991 quis
741 2921 930 2975 falsum
960 2916 1320 2975 testimonium
1354 2915 1667 2972 testilicatus
1696 2914 1855 2970 fuerit

254 3015 465 3079 sciens,
504 3014 713 3069 duobus
738 3014 891 3067 annis
921 3011 1181 3082 poeniteat
1221 3023 1343 3064 cum
1382 3007 1523 3064 illius
1551 3008 1630 3063 rei
1654 3006 1859 3078 perdia

259 3110 431 3171 tione,
462 3104 544 3159 vel
572 3104 1048 3173 redintegratione.
1650 3116 1651 3119 η
1732 3088 1735 3091 ’

332 3196 460 3251 Ilaec
502 3196 573 3251 de
622 3195 798 3250 causis
842 3193 1184 3249 casualibus:
1214 3199 1469 3247 caeterum
1517 3189 1587 3246 de
1634 3190 1853 3245 minutis
1881 3185 1924 3247 C

258 3303 471 3345 morum
501 3286 919 3343 inconditorum.

330 3379 424 3436 IX.
466 3380 567 3449 Qui
615 3380 743 3436 facit
789 3395 887 3449 per
913 3393 972 3435 se
1001 3378 1199 3447 aliquid
1236 3378 1353 3433 sine
1393 3376 1851 3445 interrogatione;

256 3476 345 3530 vel
372 3476 465 3545 qui
494 3472 818 3529 contradic't
846 3480 901 3527 et
927 3471 1054 3526 dicit
1082 3488 1096 3525 :
1132 3469 1254 3525 Non
1284 3471 1442 3542 facio,
1470 3470 1558 3525 vel
1584 3470 1677 3540 qui
1702 3485 1854 3523 mur-

261 3574 480 3628 murat;
529 3564 573 3620 si
616 3564 816 3633 grande
855 3565 955 3630 sit,
999 3563 1166 3618 tribus
1206 3563 1768 3633 superpositionibus;
1807 3563 1852 3618 si

264 3673 519 3724 parvum,
561 3673 668 3713 uno
716 3672 859 3713 anno
904 3656 1205 3727 paeniteat;
1239 3656 1459 3711 verbum
1492 3671 1620 3711 vero
1666 3664 1854 3711 contra

256 3751 485 3805 verbum
526 3750 846 3820 simpliciter
889 3759 1230 3819 promptum,
1264 3748 1648 3817 quinquaginta
1688 3748 1857 3819 plagis

258 3848 673 3913 vindicandum;
704 3848 789 3902 vel
817 3848 860 3903 si
881 3862 951 3903 ex
979 3847 1276 3903 intentione
1303 3845 1520 3911 silentii,
1548 3844 1858 3916 superposi-

260 3940 453 4004 tione;
487 3952 608 3992 nam
636 3938 684 3992 si
710 3937 844 4003 rixa,
874 3937 1173 4007 septimana
1204 3936 1482 4006 pmniteat.

334 4030 401 4086 X.
443 4031 543 4097 Qui
572 4039 752 4086 autem
790 4031 1050 4096 detrahit,
1097 4039 1191 4086 aut
1224 4031 1455 4086 libenter
1481 4029 1634 4084 audit
1673 4028 1857 4085 detra-

258 4124 511 4189 hentem,
542 4124 711 4179 tribus
748 4124 1267 4194 superpositionibus
1300 4122 1560 4195 poeniteat
1582 4138 1596 4174 :
1622 4122 1667 4177 si
1695 4121 1764 4177 de
1790 4135 1859 4176 eo

258 4215 355 4283 qui
386 4223 608 4283 praeest,
638 4214 939 4283 septimana
967 4214 1245 4284 preniteat.

341 4304 430 4358 Xl.
472 4306 571 4372 Qui
614 4314 791 4360 autem
829 4322 928 4377 per
962 4305 1269 4374 superbiam
1313 4320 1467 4360 suum
1511 4305 1855 4376 prmpositum

258 4396 589 4466 despexerit,
620 4404 712 4449 aut
740 4395 978 4463 regulam
1008 4395 1480 4465 blasphemaverit,
1514 4395 1656 4451 foras
1684 4397 1860 4465 repel-

256 4489 465 4542 lendus
485 4496 599 4553 est,
637 4486 737 4541 nisi
773 4484 1054 4542 confestim
1098 4487 1292 4541 dixerit
1323 4506 1336 4542 :
1368 4486 1589 4541 Paenitet
1619 4504 1700 4542 me
1721 4489 1860 4561 quod

1953 522 2147 563 sanare
2194 508 2410 563 debent.
2460 509 2565 565 Sed
2613 511 2737 578 quia
2783 512 2896 565 haec
2946 526 3237 581 paucorum
3284 524 3439 575 sunt,
3481 516 3549 567 ad

1955 615 2084 669 pura
2114 600 2320 655 scilicet
2349 610 2540 656 cuncta
2571 617 2922 671 cognoscere,
2961 620 3149 659 curare
3179 603 3245 657 ad
3284 606 3551 675 integrum

1953 691 2142 746 salutis
2166 700 2387 755 statum,
2419 692 2615 747 debilia
2644 708 2903 749 revocare
2931 711 2946 758 ;
2978 694 3058 748 vel
3093 710 3259 765 pauca
3282 696 3437 765 juxta
3465 712 3555 751 se-

1954 783 2164 838 niorum
2208 783 2552 851 traditiones,
2586 794 2640 840 et
2662 786 2817 855 juxta
2848 795 3086 843 nostram
3116 805 3180 844 ex
3213 800 3367 860 parte
3393 791 3555 845 intelo

1955 873 2226 943 ligentinm
2255 873 2371 945 (Ex
2397 884 2542 945 parte
2570 892 2788 948 namque
2811 878 3196 949 prophetarum,
3236 888 3286 934 et
3313 896 3378 935 ea:
3403 892 3550 951 parte

1955 964 2309 1033 cognoscimus
2333 962 2387 1033 (Ι
2416 964 2536 1018 Cor.
2566 980 2680 1031 xm,
2708 966 2773 1035 9)
2804 966 2980 1036 aliqua
3037 982 3421 1037 proponamus.
3476 971 3553 1026 De

1953 1055 2270 1123 capitalibus
2313 1054 2544 1124 primum
2583 1055 2896 1111 criminibus
2921 1072 3039 1125 quae
3070 1059 3231 1111 etiam
3276 1058 3408 1128 legis
3438 1060 3555 1114 ani-

1955 1143 2328 1199 madversione
2358 1143 2687 1213 plectuntur,
2717 1146 3068 1200 sanciendum
3097 1157 3201 1201 est.

2028 1232 2166 1287 XIII.
2222 1234 2278 1288 Si
2307 1234 2427 1303 quis
2450 1234 2680 1291 clericus
2708 1236 3056 1292 homicidium
3086 1237 3309 1304 fecerit,
3333 1249 3390 1294 et
3418 1255 3553 1310 pro-

1954 1326 2157 1382 ximum
2182 1341 2339 1383 suum
2364 1329 2644 1396 occiderit,
2688 1329 2876 1386 decem
2907 1333 3062 1386 annis
3084 1333 3234 1386 exsul
3269 1333 3549 1402 poeniteat.
3606 1378 3613 1385 .

1954 1416 2083 1472 Post
2111 1417 2213 1472 hos
2240 1419 2531 1488 recipiatur
2558 1420 2609 1474 in
2635 1421 2887 1488 patriam,
2928 1423 2972 1476 si
3003 1422 3142 1476 bene
3170 1424 3343 1491 egerit
3373 1423 3550 1492 paeni-

1956 1509 2179 1561 tentiam
2218 1507 2271 1561 in
2313 1524 2451 1577 pane
2488 1522 2544 1564 et
2585 1526 2755 1579 aqua,
2815 1512 3123 1566 testimonio
3174 1513 3555 1582 comprobatus

1956 1599 2193 1667 episcopi
2240 1600 2321 1653 vel
2367 1601 2683 1668 sacerdotis,
2734 1618 2856 1657 cum
2907 1604 3326 1673 quo.p(enituit,
3372 1615 3425 1659 et
3470 1605 3552 1657 (ει-ἰ

1956 1690 2276 1744 commissus
2316 1688 2442 1754 fuit,
2476 1699 2536 1744 ut
2563 1692 2857 1747 satisfaciat
2895 1694 3204 1761 parentibus
3231 1693 3347 1762 ejus
3391 1709 3552 1762 quem

1883 1811 1932 1872 Β
1959 1778 2174 1843 occidit,
2215 1779 2385 1833 vicem
2426 1780 2517 1833 lilii
2554 1782 2805 1842 reddens,
2846 1790 2901 1835 et
2940 1782 3127 1837 dicens
3158 1800 3169 1835 :
3203 1782 3553 1852 Qumcunque

1959 1868 2137 1929 vnltis,
2168 1867 2358 1923 faciam
2385 1869 2556 1923 vobis.
2586 1868 2641 1923 Si
2669 1880 2847 1925 autem
2877 1886 2983 1926 non
3012 1870 3332 1926 satisfecerit
3361 1888 3555 1941 paren-

1957 1957 2096 2012 tibus
2121 1958 2290 2023 illius,
2316 1974 2585 2028 nunquam
2617 1960 2906 2029 recipiatur
2925 1961 2977 2014 in
3002 1962 3249 2030 patriam,
3276 1962 3371 2016 sed
3402 1977 3554 2017 more
3586 1992 3587 1995 η

1956 2048 2086 2103 Cain
2117 2066 2281 2120 vagus
2311 2060 2366 2105 et
2391 2051 2646 2121 profugus
2674 2053 2744 2106 sit
2772 2068 2935 2122 super
2964 2062 3184 2109 terram.

2030 2140 2164 2195 XIV.
2206 2143 2261 2196 Si
2303 2144 2424 2211 quis
2470 2145 2623 2196 ruina
2671 2144 2903 2196 maxima
2951 2142 3241 2209 ceciderit,
3285 2151 3340 2197 et
3388 2143 3554 2197 ﬁlium

1956 2232 2223 2300 genuerit,
2264 2240 2471 2301 septem
2500 2233 2656 2285 anuis
2686 2236 3031 2301 peregrinus,
3074 2234 3126 2287 in
3159 2247 3296 2302 pane
3323 2248 3382 2288 e.
3412 2248 3554 2301 aqua

1957 2324 2215 2395 paeniteat
2247 2341 2262 2379 :
2295 2332 2423 2380 tunc
2472 2326 2700 2395 primum
2746 2326 3043 2379 sacerdotis
3077 2323 3279 2394 judicio
3302 2324 3557 2394 jungatur

1963 2412 2180 2467 altario.

2028 2503 2144 2559 XV.
2188 2504 2245 2560 Si
2292 2505 2412 2575 quis
2458 2514 2637 2560 autem
2686 2504 3032 2561 fornicaverit
3078 2506 3218 2561 situt
3265 2506 3556 2561 Sodomita:

1958 2592 2231 2659 fecerunt,
2273 2596 2460 2650 decem
2504 2596 2658 2649 anuis
2704 2597 3006 2665 pmoiteat;
3038 2597 3207 2651 tribus
3247 2611 3368 2651 cum
3417 2610 3557 2666 pane

1957 2693 2015 2740 et
2059 2700 2238 2755 aqua;
2269 2694 2477 2756 septem
2516 2702 2647 2741 vero
2697 2686 2817 2740 aliis
2860 2687 3130 2742 abstineat
3174 2702 3235 2741 se
3271 2700 3303 2740 a
3331 2688 3454 2741 vino
3502 2695 3557 2741 et

1957 2793 2121 2833 carne
2146 2796 2160 2843 ;
2194 2787 2249 2833 et
2273 2794 2381 2833 non
2413 2786 2632 2833 maneat
2660 2794 2782 2833 cum
2814 2779 2922 2833 alio
2951 2779 3003 2833 in
3032 2786 3318 2833 aeternum.

2029 2868 2167 2925 XVI.
2210 2871 2265 2925 Si
2296 2872 2417 2939 quis
2451 2884 2579 2925 vero
2609 2867 2958 2925 fornicaverit
2997 2869 3214 2939 quidem
3265 2883 3386 2923 cum
3435 2883 3556 2922 mu-

1957 2962 2199 3029 lieribus,
2243 2963 2335 3016 sed
2384 2976 2491 3015 non
2540 2959 2704 3015 ﬁlium
2733 2961 3092 3031 generaverit,
3125 2971 3180 3014 et
3208 2961 3260 3015 in
3308 2962 3555 3014 nottiam

1956 3052 2233 3108 hominum
2263 3068 2370 3107 non
2400 3051 2645 3117 venerit;
2694 3052 2739 3106 si
2768 3053 3030 3118 clericus,
3062 3051 3230 3105 tribus
3260 3054 3416 3107 annis
3449 3068 3462 3104 :
3510 3051 3555 3104 si

1959 3144 2256 3199 monachus
2288 3144 2372 3197 vel
2396 3144 2683 3210 diaconus,
2723 3145 2960 3213 quinque
2989 3146 3147 3197 annis
3171 3160 3186 3211 ;
3208 3145 3252 3198 si
3280 3144 3554 3209 sacerdos,

1958 3244 2165 3305 septem
2192 3253 2206 3300 ;
2234 3237 2278 3289 si
2309 3236 2598 3305 episcopus
2627 3236 2908 3290 duodecim
2935 3236 3112 3290 annis.

2028 3323 2188 3380 XVII.
2218 3323 2272 3378 Si
2304 3324 2425 3394 quis
2451 3325 2827 3394 perjuraverit,
2855 3335 3059 3395 septem
3084 3325 3238 3380 annis
3260 3326 3548 3395 pmniteat,

1957 3423 2013 3469 et
2045 3428 2317 3481 nunquam
2347 3414 2493 3482 juret
2515 3422 2722 3483 postea.

2030 3502 2217 3558 XVIII.
2252 3504 2309 3557 Si
2363 3504 2481 3575 quis
2526 3502 2796 3560 maleﬁcio
2842 3519 2946 3560 suo
2974 3506 3207 3575 aliquem
3239 3505 3553 3576 perdiderit,

1958 3592 2130 3647 tribus
2157 3591 2312 3645 annis
2342 3591 2601 3660 pwuiteat
2630 3605 2754 3645 cum
2786 3605 2926 3660 pane
2953 3598 3009 3647 et
3037 3605 3176 3661 aqua
3218 3606 3314 3661 per
3343 3606 3548 3645 mensu-

1958 3698 2096 3749 ram,
2132 3691 2189 3738 et
2212 3683 2385 3739 tribus
2414 3682 2535 3736 aliis
2565 3682 2720 3737 annis
2749 3681 3018 3737 abstineat
3046 3697 3105 3736 se
3132 3698 3162 3736 a
3192 3682 3318 3737 vino
3347 3690 3404 3736 et
3438 3698 3560 3737 car-

1959 3772 2114 3828 nibus
2135 3815 2149 3839 ,
2182 3782 2237 3828 et
2280 3783 2410 3827 tunc
2456 3772 2669 3826 demum
2703 3772 2754 3826 in
2784 3773 3016 3842 septimo
3045 3787 3188 3826 anno
3218 3772 3477 3840 recipitur
3503 3773 3558 3826 in

1955 3862 2418 3917 communionem.
2449 3860 2506 3916 Si
2552 3871 2733 3916 autem
2774 3877 2874 3931 pro
2918 3876 3105 3916 amore
3132 3862 3256 3930 quis
3282 3860 3559 3917 maleﬁcus

1957 3954 2048 4019 sit,
2101 3961 2158 4009 et
2186 3953 2456 4009 neminem
2514 3953 2829 4024 perdiderit,
2877 3968 3077 4009 annum
3129 3955 3399 4023 integrum
3430 3971 3553 4011 cum

1963 4061 2107 4117 pane
2151 4055 2207 4101 et
2243 4061 2407 4115 aqua,
2458 4045 2688 4101 clericus
2742 4045 2833 4100 ille
2876 4045 3155 4116 pt'eniteat,
3196 4046 3366 4101 laicus
3401 4046 3559 4102 dimi-

1961 4139 2130 4205 dium,
2168 4137 2427 4192 diaconus
2456 4136 2614 4204 duos,
2659 4136 2916 4193 sacerdos
2949 4146 3081 4207 tres,
3112 4138 3347 4193 maxime
3386 4140 3430 4193 si
3463 4155 3560 4208 per

1962 4230 2066 4284 hoc
2097 4228 2335 4284 mulieris
2373 4237 2584 4298 partum
2614 4228 2898 4298 quisquam
2929 4229 3242 4299 deceperit:
3296 4229 3419 4283 ideo
3462 4245 3556 4286 sex

1961 4317 2402 4386 quadragesimas
2449 4319 2822 4387 unusquisque
2862 4318 3084 4388 inSuper
3113 4326 3327 4387 augeat,
3370 4334 3437 4373 ne
3462 4320 3563 4372 ho-

1962 4410 2166 4464 micidii
2197 4425 2322 4466 reus
2350 4411 2441 4465 sit.

2034 4499 2175 4555 XIX.
2200 4501 2258 4556 Si
2280 4503 2403 4572 quis
2423 4501 2654 4557 clericus
2678 4500 2877 4556 furtum
2899 4500 3107 4566 fecerit,
3140 4500 3192 4555 id
3210 4510 3314 4564 est,
3335 4500 3555 4567 bovem,

260 4580 398 4634 dixi.
431 4578 486 4634 Si
511 4586 688 4633 autem
712 4592 772 4633 se
796 4594 905 4634 non
932 4581 1069 4634 bene
1096 4577 1474 4644 humiliaverit,
1504 4553 1856 4649 quadraginta

1969 4602 2060 4646 aut
2084 4608 2280 4662 equum
2306 4634 2323 4659 ,
2367 4603 2460 4646 aut
2501 4608 2676 4658 ovem,
2710 4602 2804 4647 aut
2846 4592 3064 4661 aliquod
3093 4593 3292 4647 animal
3323 4595 3560 4662 proximi

259 4672 454 4726 diebus
478 4670 757 4740 pmniteat,
792 4672 917 4741 quia
940 4672 1205 4742 superbiae
1233 4671 1422 4727 morbo
1447 4670 1741 4727 detinetur.

338 4758 452 4814 XII.
496 4760 769 4818 Verbosus
794 4778 923 4819 vero
970 4764 1336 4820 taciturnitate
1382 4763 1718 4820 damnandus
1745 4775 1857 4835 est,

262 4856 541 4924 inquietus
570 4854 1008 4920 mansuetudine,
1037 4856 1257 4924 gulosus
1280 4854 1515 4924 jejunio,
1548 4858 1861 4914 somnolen-

259 4956 356 4999 tus
384 4946 594 5015 vigilia,
625 4946 892 5017 superbus
918 4962 1167 5012 carcere,
1196 4947 1484 5003 destitutor
1511 4950 1816 5020 repulsione
1846 4971 1860 5007 :

262 5039 634 5109 unusquisque
647 5039 800 5108 juxta
823 5040 965 5106 quod
985 5049 1242 5111 meretur,
1266 5057 1375 5113 quo
1396 5043 1622 5114 aequalia
1644 5047 1861 5114 sentiat,

259 5140 326 5186 ut
350 5132 527 5200 justus
551 5131 696 5202 jnste
720 5135 911 5189 vivat.»
978 5170 981 5171 ν

292 5271 301 5279 .
338 5220 630 5280 Diversitas
677 5226 956 5296 culparum
1002 5227 1367 5284 diversitatem
1422 5228 1549 5286 facit
1592 5231 1863 5301 paeniten-

260 5317 495 5399 tiaram;
515 5331 637 5372 nam
652 5326 704 5373 et
718 5333 1001 5388 corporum
1024 5320 1453 5379 medicidiversis
1474 5323 1862 5381 medicamenta

256 5408 556 5477 generibus
572 5411 1104 5480 componuntzaliter
1122 5413 1263 5468 enim
1282 5414 1523 5482 vulnera,
1544 5416 1700 5473 aliter
1721 5432 1861 5474 mor-

258 5502 400 5565 Ιιοε,
429 5499 585 5557 aliter
610 5509 878 5569 tumores,
910 5503 1067 5558 aliter
1086 5504 1312 5571 livores,
1340 5506 1498 5561 aliter
1525 5507 1873 5578 putredines,

257 5592 428 5663 aliter
451 5592 737 5663 caligines,
778 5595 933 5661 aliter
962 5595 1359 5655 confractiones
1378 5639 1393 5664 ,
1424 5598 1584 5653 aliter
1613 5599 1861 5656 combus-

260 5686 451 5740 tiones
490 5696 702 5743 curant.
765 5687 841 5743 Ita
892 5689 1054 5758 igitur
1096 5690 1258 5745 etiam
1314 5691 1621 5760 spirituales
1668 5692 1860 5749 medici

257 5776 498 5853 diversis
541 5778 878 5849 curationum
931 5780 1215 5851 generibus
1269 5782 1565 5839 animarum
1606 5782 1857 5853 volnera,

1966 4687 2047 4741 sui
2078 4685 2286 4740 furatus
2313 4685 2493 4747 fuerit,
2518 4688 2561 4740 si
2595 4686 2784 4751 semel,
2817 4693 2910 4740 aut
2938 4686 3021 4740 bis
3045 4686 3189 4752 fecit,
3222 4685 3406 4741 reddat
3434 4686 3560 4758 pro-

1971 4777 2115 4830 ximo
2144 4791 2245 4829 suo
2276 4775 2527 4845 primum,
2576 4784 2630 4829 et
2680 4790 2825 4831 anno
2852 4774 3061 4843 integro
3091 4777 3143 4829 in
3171 4791 3311 4847 pane
3338 4784 3395 4830 et
3420 4792 3559 4847 aqua

1971 4866 2230 4936 pmniteat
2256 4882 2270 4919 :
2301 4865 2343 4920 si
2369 4866 2473 4920 huc
2498 4867 2803 4931 consuevit,
2825 4874 2879 4920 et
2907 4866 3133 4922 reddere
3162 4883 3269 4923 non
3299 4870 3559 4937 potuerit,

1976 4962 2145 5016 tribus
2172 4960 2327 5015 annis
2351 4960 2614 5029 paeniteat
2640 4974 2763 5014 cum
2793 4974 2932 5029 pane
2959 4969 3015 5014 et
3042 4974 3199 5029 aqua.

2040 5049 2162 5105 XX.
2193 5049 2249 5105 Si
2276 5050 2396 5119 quis
2421 5059 2601 5103 autem
2641 5046 2891 5117 clericus,
2920 5060 3014 5104 aut
3040 5048 3318 5115 diaconus,
3350 5048 3432 5101 vel
3464 5048 3563 5102 all-

1968 5141 2122 5211 cujus
2149 5141 2366 5211 gradus,
2396 5140 2489 5209 qui
2520 5140 2686 5196 laicus
2723 5139 2825 5194 fuit
2854 5142 2909 5195 in
2937 5140 3140 5196 suscqu
3183 5155 3307 5197 cum
3353 5137 3477 5194 ﬁliis
3505 5148 3562 5193 et

1969 5234 2202 5300 filiabus,
2232 5241 2357 5303 post
2382 5233 2796 5288 conversionem
2844 5247 3017 5297 suam,
3052 5233 3249 5287 iterum
3276 5244 3429 5285 suam
3460 5245 3562 5284 co-

1966 5323 2216 5393 gnoverit
2264 5323 2570 5377 clientelam
2629 5321 2836 5397 [Fama
2867 5320 3224 5394 clientelam],
3278 5329 3335 5376 et
3391 5320 3558 5379 ﬁlium

1969 5416 2164 5471 iterum
2191 5414 2259 5470 de
2286 5429 2349 5469 ea
2378 5415 2641 5485 genuerit,
2665 5417 2802 5472 sciat
2822 5430 2884 5470 se
2904 5415 3226 5473 adulterium
3251 5420 3560 5485 perpetras-

1970 5522 2049 5571 se,
2080 5514 2136 5561 et
2187 5521 2296 5561 non
2345 5505 2522 5560 minus
2568 5520 2820 5576 peccasse
2866 5521 3027 5575 quam
3073 5505 3117 5567 si
3160 5505 3230 5560 ab
3270 5506 3558 5573 juventute

1969 5615 2063 5657 sua
2117 5599 2346 5656 clericus
2390 5597 2579 5655 fuisset
2630 5608 2685 5655 et
2729 5614 2851 5656 cum
2898 5598 3074 5669 puella
3114 5598 3291 5655 aliena
3328 5614 3560 5669 peccas-

1970 5701 2054 5749 set
2092 5709 2106 5757 ;
2160 5692 2285 5762 quia
2325 5699 2449 5761 post
2495 5699 2678 5746 votum
2750 5704 2911 5755 suum,
2954 5690 3218 5760 peccavit.
3271 5696 3555 5761 postquam

1971 5800 2029 5840 se
2059 5784 2283 5839 Domino
2304 5784 2665 5851 consecravit,
2688 5794 2746 5839 et
2767 5794 2951 5840 votum
2980 5799 3135 5838 suum
3160 5784 3367 5841 irritum
3395 5782 3554 5847 Iecit;
