4052 6332
562 304 667 363 227
1791 306 1848 362 S.
1889 303 2280 362 COLUMBANI
2322 305 2609 361 .‘IIIIIA'I'IS
3728 317 3827 375 1.33

563 417 765 474 idcirco
801 415 1048 473 similiter
1097 423 1303 489 septem
1333 414 1487 471 anni;
1535 414 1588 469 in
1617 428 1755 486 pane
1780 422 1836 469 et
1862 430 2001 485 aqua
2031 429 2148 486 ρω-
2179 423 2227 478 Α
2255 416 2322 471 de
2335 415 2509 470 media
2531 428 2764 486 namque
2783 414 3096 487 pmnitentTa
3118 414 3320 488 Nam,
3343 418 3580 477 dimidiat
3598 439 3829 496 namque

563 507 757 563 niteat.

633 600 862 657 XXl-Si
892 600 1015 672 quis
1040 600 1267 657 clericus
1312 614 1408 669 per
1438 598 1607 653 rixam
1653 599 1961 669 proximum
1991 615 2150 655 suum

561 692 910 763 percusserit,
960 699 1019 747 et
1044 690 1354 759 sanguinem
1394 688 1611 752 fuderit,
1645 705 1845 744 annum
1879 690 2148 761 integrum

564 780 862 850 pmniteat:
889 779 935 835 si
965 779 1151 843 laicus,
1179 778 1531 849 quadraginta
1560 779 1771 834 diebus.

630 874 793 930 XXII.
826 875 883 931 Si
911 874 1030 945 quis
1069 890 1167 944 per
1220 875 1458 944 seipsum
1507 874 1873 941 fornicaverit,
1903 883 1996 930 aut
2028 890 2152 930 cum

553 967 821 1036 iumento,
856 967 1064 1022 duobus
1097 967 1253 1021 annis
1282 966 1561 1035 poeniteat,
1586 966 1632 1021 si
1663 966 1887 1035 gradum
1918 982 2025 1022 non
2055 967 2153 1022 ha-

555 1056 651 1111 bet
675 1074 688 1109 :
719 1056 765 1110 si
786 1062 966 1109 autem
992 1053 1216 1123 gradum
1239 1062 1333 1109 aut
1363 1062 1569 1119 votum,
1601 1054 1771 1109 tribus
1791 1054 1945 1111 annis
1970 1056 2151 1126 paeni-

568 1154 698 1209 teat,
728 1145 776 1202 si
804 1152 935 1200 aetas
963 1160 1071 1199 non
1099 1144 1357 1200 defendit.

626 1233 809 1290 XXIII.
841 1234 1048 1305 Siquis
1073 1236 1407 1305 concupiscit
1427 1235 1726 1301 mulierem,
1758 1244 1940 1291 etnon
1969 1245 2153 1307 potest

563 1328 765 1394 facere,
798 1328 850 1383 id
894 1335 999 1395 est,
1059 1344 1167 1383 non
1197 1327 1422 1397 suscipit
1466 1343 1590 1382 eum
1628 1328 1841 1389 mulier,
1872 1329 2150 1384 dimidium

553 1420 680 1474 anni
706 1420 759 1473 in
801 1434 941 1488 pane
974 1428 1032 1475 et
1057 1433 1193 1488 aqua
1224 1419 1501 1489 pmniteat,
1546 1426 1602 1473 et
1639 1428 1757 1474 toto
1797 1435 1857 1474 se
1885 1420 2152 1475 abstineat

552 1524 697 1564 anno
755 1525 786 1563 a
847 1510 972 1564 vino
1012 1518 1068 1563 et
1114 1509 1412 1573 carnibus,
1469 1515 1526 1563 et
1571 1508 1954 1566 communione
2017 1511 2153 1565 alta-

559 1614 654 1653 TIS.

624 1685 816 1744 XXIV.
849 1687 905 1742 Si
949 1689 1070 1756 quis
1099 1687 1419 1746 sacriﬁcium
1451 1687 1766 1758 perdiderit,
1796 1703 1941 1744 anno
1970 1690 2149 1759 pretii-

2252 504 2669 579 paenitentiam].

2323 595 2511 652 XXXI.
2543 595 2737 668 Siquis
2763 597 2931 653 laicus
2956 597 3156 653 furtum
3178 598 3384 666 fecerit,
3409 601 3460 657 id
3489 611 3591 670 est,
3616 605 3828 673 bovem,

2252 700 2347 744 aut
2382 704 2602 759 equum,
2639 699 2733 745 aut
2772 705 2951 755 ovem,
3003 699 3101 744 aut
3127 691 3351 763 aliquod
3380 694 3575 748 animal
3603 698 3834 765 proximi

2251 781 2334 835 sui
2365 779 2571 835 furatus
2599 780 2760 836 luerit
2785 799 2799 834 :
2829 781 2875 837 si
2897 782 3090 849 semel,
3119 792 3215 837 aut
3239 783 3323 839 bis
3343 781 3487 848 fecit,
3518 786 3705 840 reddat
3725 788 3834 856 pri-

2252 888 2396 927 mum
2424 873 2669 942 proximo
2691 888 2791 929 suo
2818 873 3073 927 damnum
3095 872 3239 942 quod
3266 873 3415 939 fecit,
3436 883 3492 929 et
3517 875 3685 931 tribus
3712 894 3836 947 qua.

2252 965 2566 1033 drage-imis
2591 965 2644 1019 in
2671 979 2811 1036 pane
2837 972 2893 1019 et
2918 980 3057 1036 aqua
3096 965 3374 1034 poeniteat.
3406 966 3463 1021 Si
3487 975 3664 1022 autem
3695 983 3837 1039 sarpe

2252 1053 2450 1108 furtum
2501 1056 2680 1111 facere
2727 1055 3029 1121 consuevit,
3078 1062 3134 1109 et
3179 1055 3404 1111 reddere
3432 1072 3540 1111 non
3580 1061 3835 1127 potuerit,

2252 1162 2394 1201 anno
2436 1155 2492 1200 et
2515 1146 2683 1201 tribus
2709 1146 3135 1216 quadragesimis
3184 1148 3461 1216 poeniteat,
3492 1156 3546 1202 et
3585 1148 3837 1218 deinceps

2254 1253 2588 1307 nequaquam
2614 1236 2792 1293 facere
2822 1237 3140 1307 promittat;
3172 1246 3229 1292 et
3264 1238 3343 1292 sic
3382 1238 3436 1291 in
3466 1236 3670 1292 Pascha
3702 1240 3837 1293 alte-

2252 1329 2364 1381 rius
2393 1327 2519 1381 anui
2547 1330 2929 1397 communicet,
2956 1326 3010 1381 id
3035 1335 3138 1393 est,
3187 1335 3308 1396 post
3328 1328 3465 1382 duos
3492 1342 3663 1383 annos
3691 1328 3839 1399 (data

2253 1427 2435 1474 tamen
2464 1428 2589 1473 ante
2609 1418 2935 1489 pauperibus
2956 1417 3025 1474 de
3051 1434 3153 1475 suo
3182 1419 3366 1474 labore
3392 1418 3755 1491 eleemosyna,
3785 1429 3838 1474 et

2252 1509 2517 1563 sacerdoti
2541 1509 2910 1579 pmnitentiam
2930 1509 3193 1580 jndicanti
3213 1509 3395 1581 epula)
3418 1518 3474 1564 et
3494 1511 3565 1566 ita
3581 1512 3836 1568 abremit.

2255 1610 2400 1654 tatur
2428 1600 2504 1655 illi
2531 1603 2684 1656 malm
2706 1602 3112 1659 consuetudinis
3134 1603 3315 1675 culpa.

2328 1707 2540 1764 XXXII.
2581 1710 2639 1766 Si
2666 1712 2789 1782 quis
2813 1712 2980 1769 laicus
3005 1714 3361 1783 perjuraverit
3384 1730 3400 1782 ;
3426 1714 3474 1770 si
3501 1729 3597 1785 per
3631 1714 3839 1785 cupidi-

557 1783 702 1831 teat:
750 1777 794 1832 si
823 1792 920 1847 per
948 1778 1263 1832 ebrietatem
1309 1784 1404 1831 aut
1450 1778 1803 1833 voracitatem
1833 1779 1962 1833 illud
2011 1795 2140 1835 evo-

2255 1806 2417 1853 tatem
2448 1799 2552 1856 hoc
2581 1777 2791 1869 leae-rit,
2841 1811 2981 1858 totas
3005 1777 3114 1859 res
3134 1819 3264 1860 suas
3311 1777 3529 1874 vendat,
3577 1815 3635 1861 et
3680 1777 3841 1861 donet

556 1868 775 1934 muerit,
808 1876 864 1923 et
892 1868 1227 1937 negligenter
1249 1867 1377 1922 illud
1403 1867 1685 1932 dimiserit,
1711 1868 1880 1923 tribus
1911 1870 2148 1941 quadra-

552 1958 773 2026 gesimis
800 1959 851 2012 in
882 1974 1020 2029 pane
1060 1968 1115 2013 et
1140 1974 1280 2028 aqua
1307 1957 1601 2028 paeniteat:
1633 1957 1679 2013 si
1703 1973 1833 2013 vero
1860 1975 1958 2029 per
1997 1961 2148 2016 inlir-

558 2050 824 2115 mitatem,
854 2059 1064 2119 septem
1088 2049 1277 2104 diebus
1308 2050 1588 2119 paeniteat.

627 2140 733 2196 Sed
760 2141 872 2195 haec
897 2140 961 2193 de
990 2139 1201 2196 clericis
1220 2148 1278 2195 et
1304 2139 1584 2195 monachis
1609 2138 1817 2193 mixtim
1846 2139 1988 2195 dicta
2016 2142 2145 2196 sint.

556 2227 824 2284 Caeterum
865 2228 935 2284 de
972 2228 1144 2283 laicis.

628 2317 789 2373 XXV.
822 2318 1141 2388 Quicunque
1169 2316 1359 2375 fecerit
1386 2317 1754 2384 homicidium,
1786 2318 1838 2374 id
1870 2330 1970 2385 est,
2022 2336 2149 2390 pro-

556 2409 759 2463 ximum
783 2426 938 2464 suum
965 2409 1243 2472 occiderit,
1271 2408 1441 2463 tribus
1463 2408 1617 2463 annis
1639 2408 1859 2464 inermis
1886 2410 2061 2476 exsul,
2092 2410 2147 2465 iu

555 2516 697 2570 pane
725 2511 780 2556 ct
804 2517 941 2570 aqua
973 2482 1248 2572 pmniteat,
1278 2510 1335 2555 et
1364 2508 1486 2569 post
1509 2512 1618 2554 tres
1641 2515 1817 2556 annos
1847 2509 2149 2555 revertatur

554 2591 608 2645 in
653 2607 774 2657 sua,
806 2594 1036 2647 reddens
1064 2591 1235 2647 vicem
1266 2590 1581 2660 parentibus
1617 2590 1803 2656 occisi,
1846 2590 2066 2661 pietatis
2091 2599 2149 2646 et

550 2683 713 2738 cilicii
739 2700 754 2746 ;
785 2694 841 2737 et
866 2684 945 2738 sic
975 2690 1096 2754 post
1140 2681 1566 2739 satisfactionem
1607 2682 1809 2751 judicio
1837 2684 2143 2741 sacerdotis

547 2772 807 2843 jungatur
821 2775 1037 2827 altario.

624 2862 812 2918 XXVI.
844 2863 900 2918 Si
938 2865 1059 2933 quis
1085 2864 1255 2920 laicus
1281 2866 1350 2919 tle
1391 2864 1614 2919 alterius
1644 2879 1812 2920 uxore
1854 2863 2021 2919 filium
2050 2878 2145 2931 ge-

555 2955 755 3021 nuerit,
780 2954 839 3008 id
871 2961 973 3019 est,
1027 2954 1347 3010 adulterium
1375 2956 1730 3022 commiserit,
1764 2965 1883 3009 toro
1909 2954 2142 3025 proximi

553 3042 774 3106 violato,
806 3043 974 3097 tribus
1018 3044 1174 3099 annis
1221 3044 1503 3114 pmoiteat,
1558 3044 1832 3099 abstinens
1863 3058 1924 3101 se
1951 3060 1982 3099 a
2010 3046 2144 3103 ciliis

550 3131 1057 3199 succulentioribus,
1101 3141 1157 3188 et
1185 3149 1216 3189 a
1245 3134 1463 3204 propria
1510 3149 1683 3189 uxore
1708 3175 1725 3200 ,
1754 3134 1891 3190 dans
1918 3134 2139 3205 insuper

548 3224 776 3294 pretium
806 3226 1075 3295 pudicitiae
1098 3226 1295 3280 marito
1318 3226 1503 3281 uxoris
1524 3224 1773 3293 violatas;
1803 3234 1859 3282 et
1877 3227 1958 3284 sic
1976 3227 2138 3298 culpa

548 3315 690 3370 illius
712 3330 808 3384 per
831 3316 1171 3372 sacerdotem
1196 3317 1557 3385 abstergatur.

618 3404 829 3461 XXVII.
861 3406 918 3463 Si
944 3408 1064 3476 quis
1091 3422 1221 3462 vero
1251 3407 1421 3463 laicus
1443 3406 1788 3463 fornicaverit
1817 3408 2140 3464 sodomitico

549 3498 676 3563 ritu,
710 3498 762 3553 id
792 3505 896 3563 est,
930 3514 1051 3552 cum
1082 3499 1345 3564 masculo,
1378 3498 1525 3554 coitu
1553 3497 1786 3554 femineo
1809 3500 2138 3571 peccaverit,

547 3596 757 3658 septem
803 3588 958 3643 annis
985 3589 1283 3657 pmniteat:
1327 3589 1499 3644 tribus
1531 3588 1717 3658 primis
1746 3605 1870 3644 cum
1917 3605 2057 3658 pane
2084 3597 2143 3644 et

546 3696 687 3749 aqua
716 3690 772 3735 et
815 3681 929 3735 sale
956 3691 1013 3736 et
1056 3679 1320 3735 fructibus
1347 3680 1490 3735 horti
1523 3680 1682 3737 siccis
1708 3698 1721 3733 :
1753 3689 1989 3749 quatuor
2014 3682 2141 3735 reli-

544 3773 669 3841 quis
697 3772 965 3827 abstineat
985 3785 1045 3827 se
1070 3786 1101 3825 a
1131 3771 1257 3827 vino
1286 3778 1342 3827 et
1369 3771 1639 3837 carnibus,
1669 3780 1728 3826 et
1743 3772 1820 3826 ita
1840 3771 2141 3828 dimittatur

544 3862 618 3919 illi
644 3876 739 3917 sua
767 3862 958 3932 culpa;
989 3872 1045 3918 et
1070 3861 1329 3919 sacerdos
1348 3869 1469 3918 oret
1496 3877 1595 3932 pro
1612 3861 1733 3931 illo,
1756 3872 1814 3918 et
1837 3862 1917 3919 sic
1941 3862 2137 3933 junga-

546 3963 639 4008 tur
665 3953 878 4008 altario.

618 4044 854 4099 XXVIII.
886 4045 943 4100 Si
970 4046 1093 4114 quis
1133 4054 1316 4101 autem
1347 4043 1692 4102 fornicaverit
1721 4044 1789 4101 de
1831 4044 1986 4099 laicis
2012 4058 2137 4100 cum

546 4135 862 4190 mulieribus
881 4150 911 4189 a
936 4135 1184 4204 conjugio
1207 4135 1410 4201 liberis,
1437 4135 1491 4189 id
1514 4144 1616 4199 est,
1642 4134 1835 4201 viduis,
1868 4134 1952 4189 vel
1983 4138 2139 4203 puel-

546 4226 643 4281 lis:
673 4225 718 4281 si
757 4241 878 4283 cum
907 4224 1091 4292 vidua,
1124 4240 1232 4281 uno
1261 4239 1404 4280 anno
1430 4242 1444 4278 :
1477 4226 1523 4279 si
1544 4240 1666 4280 cum
1698 4224 1897 4294 puella,
1927 4222 2138 4279 duobus

544 4318 700 4373 annis
721 4316 953 4389 (reddito
981 4325 1160 4370 tamen
1190 4314 1576 4371 humiliationis
1603 4313 1719 4382 ejus
1741 4313 1914 4381 pretio
1943 4328 2139 4382 pareno

549 4407 691 4462 tibus
719 4408 858 4476 ejus)
890 4405 1171 4476 poeniteat.
1225 4404 1282 4460 Si
1311 4414 1492 4460 autem
1520 4419 1748 4460 uxorem
1788 4420 1899 4460 non
1928 4403 2134 4470 habuit,

2252 1888 2598 1959 pauperibus,
2632 1898 2690 1944 et
2716 1900 3067 1946 convertatur
3091 1907 3160 1947 ex
3206 1893 3416 1963 integro
3440 1895 3507 1949 ad
3529 1894 3838 1960 Dominum,

2251 1988 2308 2033 et
2326 1979 2582 2035 tundatur
2600 1982 2747 2036 omni
2768 1982 2986 2038 dimisso
3007 1983 3225 2049 sacculo,
3248 1992 3304 2039 et
3325 2000 3493 2055 usque
3515 1986 3581 2040 ad
3606 1996 3841 2041 mortem

2250 2071 2450 2126 serviat
2476 2071 2586 2127 Deo
2612 2071 2665 2126 in
2698 2075 3046 2130 monasterio.
3073 2074 3131 2130 Si
3159 2085 3471 2133 autemnon
3508 2093 3605 2148 per
3624 2078 3841 2149 cupitli-

2254 2171 2439 2233 tatem,
2460 2166 2555 2220 sed
2581 2168 2768 2223 mortis
2792 2169 2985 2224 timore
3003 2170 3109 2225 hoc
3133 2168 3282 2237 fecit,
3316 2171 3485 2227 tribus
3510 2174 3670 2227 annis
3698 2176 3838 2228 iner-

2251 2255 2353 2308 mis
2366 2255 2517 2310 exsul
2545 2257 2805 2326 paeniteat
2824 2258 2875 2311 in
2906 2273 3044 2328 pane
3068 2268 3125 2315 et
3148 2276 3287 2331 aqua
3312 2278 3327 2328 ;
3349 2273 3406 2317 et
3432 2262 3639 2320 duobus
3668 2265 3841 2320 adhuc

2251 2346 2517 2402 abstineat
2546 2364 2607 2405 se
2625 2366 2652 2401 a
2680 2349 2805 2404 vino
2831 2358 2888 2404 et
2914 2351 3197 2407 carnibus:
3226 2360 3282 2407 et
3302 2353 3375 2407 ita
3399 2354 3629 2409 animam
3666 2371 3767 2426 pro
3786 2371 3839 2411 se

2250 2437 2498 2504 reddens,
2547 2439 2600 2494 id
2628 2447 2730 2503 est,
2781 2455 2997 2497 servum
3051 2450 3146 2497 aut
3172 2442 3424 2499 ancillam
3471 2445 3540 2500 de
3564 2447 3837 2501 servitutis

2246 2528 2376 2600 jugo
2419 2531 2723 2597 absolvens,
2774 2539 2829 2586 et
2878 2531 3248 2605 eleemosynas
3291 2535 3488 2591 multas
3516 2535 3723 2591 faciens
3749 2552 3837 2607 per

2251 2623 2387 2675 duos
2416 2636 2589 2676 annos
2631 2623 2708 2689 (in
2740 2623 2937 2693 quibus
2984 2622 3062 2677 illi
3106 2624 3254 2680 licito
3285 2625 3361 2679 uti
3406 2625 3564 2681 facile
3590 2626 3731 2681 “cibis
3760 2634 3837 2680 est

2252 2713 2479 2780 cunctis,
2510 2723 2735 2787 excepta
2762 2713 2948 2790 carne)
2976 2724 3101 2788 post
3144 2717 3433 2789 septimum
3479 2718 3837 2773 communicet

2251 2814 2470 2857 annum.
2604 2868 2614 2878 ‘

2323 2890 2558 2948 XXXIII.
2575 2893 2632 2949 Si
2652 2895 2772 2966 quis
2793 2896 3051 2952 laicorum
3071 2912 3168 2968 per
3186 2898 3496 2953 scandalum
3518 2899 3829 2968 sanguinem

2249 2983 2466 3049 f..derit,
2495 2996 2587 3041 aut
2615 2990 2915 3057 proximum
2932 3004 3087 3044 suum
3116 2991 3501 3057 vulneraverit,
3534 3001 3630 3047 aut
3648 2992 3836 3047 debili-

2252 3077 2471 3142 taverit,
2513 3088 2768 3147 quantum
2809 3082 3013 3149 nocuit,
3041 3090 3250 3136 tantum
3292 3082 3520 3139 reddere
3568 3092 3830 3153 cogatur:

2165 3182 2208 3244 ς
2244 3169 2289 3223 si
2347 3177 2527 3223 autem
2571 3186 2679 3226 non
2743 3172 2909 3228 habet
2966 3172 3110 3228 unde
3162 3174 3356 3240 solvat,
3401 3189 3566 3243 opera
3610 3174 3834 3246 proximi

2248 3259 2329 3315 sui
2380 3261 2608 3330 primum
2662 3275 2809 3332 agat,
2865 3264 3104 3333 quandiu
3154 3264 3244 3320 ille
3283 3265 3531 3321 inlirmus
3578 3276 3663 3321 est
3726 3284 3834 3322 me-

2244 3349 2531 3420 dicumque
2551 3363 2775 3422 quaerat,
2806 3363 2863 3410 et
2887 3363 3008 3425 post
3032 3356 3318 3412 sanitatem
3345 3355 3463 3426 ejus
3482 3359 3834 3427 quadraginta

2243 3459 2361 3517 dies
2387 3461 2441 3516 in
2470 3477 2610 3532 pane
2634 3473 2691 3519 et
2715 3478 2851 3534 aqua
2876 3466 3156 3535 prnuiteat.

2316 3578 2557 3635 XXXIV.
2594 3579 2652 3635 Si
2678 3581 2801 3650 quis
2840 3580 3006 3637 laicus
3046 3582 3393 3638 iuebriaverit
3434 3598 3511 3650 se,
3543 3593 3640 3638 aut
3666 3599 3832 3654 usque

2243 3670 2310 3725 ad
2338 3672 2599 3726 vomitum
2629 3673 3034 3728 manducaverit
3060 3685 3154 3729 aut
3197 3676 3415 3741 biberit,
3445 3678 3747 3746 septimana
3778 3678 3826 3731 iu

2243 3776 2382 3831 pane
2403 3774 2457 3818 et
2485 3778 2625 3835 aqua
2654 3764 2935 3835 poeniteat.

2313 3852 2526 3910 XXXV.
2551 3855 2611 3910 Si
2637 3854 2758 3924 quis
2784 3853 2955 3910 laicus
2992 3855 3297 3912 adulterare
3320 3857 3573 3927 voluerit,
3600 3868 3694 3914 aut
3719 3859 3829 3914 Ior-

2241 3947 2427 4001 nicare
2448 3962 2569 4001 cum
2606 3961 2823 4013 sponsa,
2854 3954 2911 4001 et
2931 3948 3263 4018 concupierit
3291 3949 3570 4005 mulierem
3598 3951 3829 4020 proximi

2240 4038 2344 4102 sui,
2374 4044 2429 4091 et
2470 4053 2577 4093 non
2616 4036 2826 4104 fecerit,
2858 4038 2910 4094 id
2940 4050 3044 4108 est,
3070 4056 3179 4095 non
3202 4042 3462 4111 potuerit,
3486 4043 3611 4111 quia
3640 4046 3830 4099 mulier

2240 4141 2365 4180 eum
2409 4141 2516 4181 non
2543 4128 2802 4197 suscepit,
2849 4137 3027 4184 tamen
3071 4129 3162 4185 ille
3188 4141 3407 4200 paratus
3436 4130 3537 4187 fuit
3564 4134 3635 4191 ad
3664 4132 3830 4190 forni-

2240 4217 2469 4271 candum
2497 4235 2509 4269 :
2534 4216 2857 4275 confiteatur
2893 4220 3105 4289 culpam
3140 4236 3292 4275 suam
3337 4224 3627 4291 sacerdoti,
3671 4237 3726 4282 et
3755 4227 3827 4282 ita

2240 4306 2591 4375 quadraginta
2619 4307 2811 4362 diebus
2838 4308 2891 4362 in
2921 4322 3060 4378 pane
3087 4317 3143 4364 et
3172 4325 3310 4380 aqua
3341 4313 3622 4382 pmniteat.

2311 4395 2545 4452 XXXVI.
2594 4396 2652 4453 Si
2691 4398 2813 4467 quis
2840 4408 3020 4454 autem
3068 4399 3238 4456 laicus
3274 4403 3697 4469 manducaverit,
3737 4413 3830 4460 aut

543 4498 643 4556 sed
671 4499 823 4568 virgo
852 4498 1040 4567 virgini
1065 4497 1387 4566 conjunctus
1421 4503 1545 4552 est:
1576 4496 1623 4552 si
1650 4495 1841 4551 volunt
1883 4503 2137 4565 parentes
2171 4555 2213 4568 η
2242 4489 2438 4545 biberit
2458 4491 2612 4559 juxta
2639 4489 2795 4557 fana;
2835 4493 2882 4547 si
2914 4508 3011 4562 per
3051 4491 3409 4560 ignorantiam
3450 4493 3659 4562 fecerit,
3702 4512 3827 4567 pro«

545 4588 688 4655 cjus,
736 4589 850 4658 ipsa
875 4589 945 4644 sit
993 4603 1131 4644 uxor
1157 4588 1317 4657 ejus;
1368 4588 1442 4642 ita
1473 4594 1673 4651 amen,
1723 4594 1783 4641 ut
1827 4601 1971 4642 anno
2008 4595 2137 4642 ante

544 4676 848 4749 pmniteant
873 4680 1033 4735 ambo
1057 4697 1072 4745 ;
1100 4689 1158 4735 et
1180 4680 1254 4735 ita
1282 4680 1391 4736 sint
1408 4678 1743 4749 conjugales.

615 4767 805 4825 XXIX.
833 4768 890 4824 Si
917 4769 1039 4840 quis
1079 4777 1264 4839 autem
1289 4769 1457 4826 laicus
1480 4786 1601 4825 cum
1625 4769 1874 4839 jumento
1902 4769 2136 4827 fornica-

543 4861 703 4930 verit,
750 4876 893 4917 anno
938 4863 1218 4931 pmniteat,
1257 4862 1304 4917 si
1333 4878 1559 4919 uxorem
1587 4863 1821 4931 ,habuit:
1869 4866 1915 4921 si
1953 4874 2135 4920 autem

543 4968 655 5009 non
682 4951 890 5019 habuit,
921 4952 1144 5008 dimidio
1173 4967 1316 5008 anno
1341 4970 1357 5006 :
1380 4954 1460 5009 sic
1480 4962 1534 5009 et
1558 4955 1650 5026 qui
1676 4970 1901 5011 uxorem
1932 4955 2134 5012 habens

541 5043 778 5114 propriis
805 5042 1063 5100 membris
1083 5058 1145 5100 se
1169 5044 1348 5114 ipsum
1371 5044 1674 5113 violaverit,
1706 5047 1989 5116 pteniteat.

612 5155 781 5212 XXX.
837 5156 896 5214 Si
945 5158 1067 5227 quis
1093 5156 1262 5214 laicus
1290 5156 1548 5215 infantem
1576 5174 1733 5216 suum
1780 5162 2129 5231 oppresserit,

540 5249 630 5305 vel
660 5250 871 5320 mulier,
898 5263 1042 5305 anno
1073 5250 1284 5321 integro
1313 5252 1366 5307 in
1396 5267 1536 5323 pane
1561 5261 1619 5308 et
1644 5267 1782 5323 aqua
1809 5254 2126 5324 pmniteaut,

542 5349 597 5394 et
619 5340 825 5399 duobus
872 5342 991 5399 aliis
1018 5343 1322 5399 abstineant
1345 5358 1406 5399 se
1429 5358 1459 5397 a
1488 5342 1616 5397 vino
1641 5352 1697 5397 et
1740 5343 2029 5400 carnibus:
2072 5355 2129 5401 et

542 5431 617 5486 ita
670 5434 900 5503 primum
946 5434 1141 5491 altario
1167 5436 1463 5492 sacerdotis
1498 5434 1701 5505 judicio
1726 5434 2038 5505 iungantur,
2062 5446 2127 5493 ‘et

540 5538 699 5580 suum
751 5533 930 5583 torum
992 5535 1123 5584 tunc
1174 5529 1321 5585 licito
1376 5528 1602 5584 maritus
1652 5527 1744 5584 ille
1805 5538 2122 5599 cognoscat.

540 5617 827 5675 Sciendum
855 5630 941 5677 est
967 5624 1110 5678 enim
1140 5622 1316 5691 laicis,
1355 5621 1501 5692 quod
1530 5630 1773 5694 tempore
1800 5623 2127 5693 poenitentiae

540 5712 645 5768 illis
674 5712 881 5769 tradite
906 5730 937 5769 a
964 5714 1352 5781 sacerdotibus,
1382 5730 1491 5771 non
1527 5715 1632 5772 illis
1657 5716 1818 5773 liceat
1862 5732 1987 5773 suas
2029 5733 2126 5774 co-

539 5818 797 5873 gnoscere
821 5820 1036 5873 uxores,
1069 5806 1168 5863 nisi
1222 5817 1344 5880 post
1372 5808 1737 5882 paenitentiam
1764 5819 2087 5870 transactam
2113 5829 2127 5882 ;

2239 4584 2423 4638 mittat
2448 4584 2704 4655 deinceps
2733 4585 2878 4656 quod
2906 4600 3176 4655 nunquam
3224 4586 3467 4655 reiteret.
3502 4598 3559 4644 et
3592 4590 3829 4658 quadra-

2241 4675 2388 4744 ginta
2416 4675 2607 4733 diebus
2632 4678 2685 4732 in
2716 4694 2856 4749 pane
2883 4688 2939 4735 et
2965 4695 3105 4750 aqua
3134 4681 3395 4750 poeniteat
3419 4698 3433 4735 :
3478 4682 3533 4737 si
3564 4698 3695 4739 vero
3730 4700 3826 4753 per

2241 4774 2609 4838 contemptum
2647 4769 2753 4825 hoc
2781 4772 2990 4838 fecerit,
3036 4772 3088 4827 id
3118 4781 3222 4838 est,
3253 4783 3539 4844 postquam
3567 4776 3825 4832 sacerdos

2241 4858 2317 4913 illi
2356 4861 2666 4927 pranlieavit
2691 4862 2836 4931 quod
2865 4863 3205 4932 sacrilegium
3236 4865 3341 4920 hoc
3367 4873 3506 4932 erat,
3537 4875 3594 4922 et
3635 4876 3824 4937 postea

2239 4965 2441 5007 mensm
2469 4951 2858 5009 daemoniorum
2886 4956 3399 5023 communicaverit;
3444 4958 3491 5013 si
3531 4958 3670 5029 gula:
3698 4968 3824 5015 Iano

2241 5049 2352 5096 tum
2382 5041 2515 5098 vitio
2545 5042 2649 5099 hoc
2668 5040 2857 5099 fecerit
2875 5053 2973 5099 aut
2994 5045 3294 5115 repetierit,
3326 5046 3498 5103 tribus
3522 5047 3823 5118 quadra”

2236 5133 2390 5189 simis
2416 5132 2468 5187 in
2510 5146 2651 5203 pane
2692 5142 2749 5189 et
2786 5149 2925 5204 aqua
2952 5136 3260 5206 paeniteat;
3294 5137 3341 5192 si
3370 5152 3504 5194 vero
3533 5154 3631 5209 pro
3670 5142 3824 5196 cultu

2236 5228 2563 5292 daemonum,
2595 5237 2693 5284 aut
2743 5228 2951 5286 honore
2994 5228 3409 5287 simulacrorum
3455 5231 3562 5289 hoc
3604 5232 3818 5301 fecerit,

2235 5322 2406 5379 tribus
2434 5323 2590 5377 annis
2616 5321 2891 5393 paeniteat.

2302 5434 2564 5493 XXXVII.
2596 5436 2655 5491 Si
2681 5437 2799 5507 quis
2831 5437 3002 5493 laicus
3032 5449 3131 5507 per
3156 5436 3515 5505 ignorantiam
3548 5452 3671 5493 cum
3706 5437 3817 5492 Bo-

2229 5530 2463 5587 nosiacis
2489 5536 2584 5585 aut
2620 5529 2829 5585 caeteris
2866 5529 3135 5585 haereticis
3156 5529 3680 5595 ‘communicaverit,
3704 5538 3815 5584 stet

2228 5625 2373 5682 inter
2399 5624 2816 5682 catechumenos
2837 5664 2853 5688 ,
2886 5622 2938 5677 id
2960 5630 3062 5689 est,
3088 5622 3157 5677 ab
3185 5622 3305 5678 aliis
3351 5632 3631 5694 separatus
3656 5622 3813 5678 Chri-

2230 5720 2418 5776 stianis
2443 5717 2795 5790 quadraginta
2824 5714 3030 5781 diebus,
3056 5727 3112 5771 et
3138 5716 3344 5771 duabus
3365 5716 3485 5771 aliis
3506 5715 3808 5785 quadrage-

2232 5813 2384 5871 simis
2411 5812 2464 5866 in
2491 5818 2739 5868 extremo
2769 5808 3198 5867 Christianorum
3225 5808 3433 5876 ordine,
3465 5807 3516 5864 id
3540 5816 3645 5879 est,
3663 5808 3811 5864 inter
