4052 6332
283 327 396 384 2Ξ9

1212 321 1752 384 INSTRUCTIONES
1791 319 2025 374 ῚιἈῐὶιίΕ
2061 323 2211 377 SIVE
2251 325 2625 386 SERHONES.

3443 345 3548 400 πο
3577 418 3582 422 η

282 423 629 511 βωηὶῑὲιιῑεε,
660 438 860 494 insana:
904 437 1296 493 communionis
1334 437 1546 506 culpam
1582 435 1786 489 diluat:
1817 433 1861 485 si
1890 438 1940 491 Λ
1971 450 2074 488 non
2106 435 2265 491 lavet.
2292 437 2402 493 Soli
2429 449 2606 495 autem
2647 446 2912 500 monacho
2941 459 3147 505 secrete
3176 455 3365 511 smndo
3392 459 3553 526 pedes

283 547 419 586 vero
445 545 541 600 per
586 538 950 599 contemptum
983 530 1082 584 hoc
1111 528 1315 590 fecerit,
1349 527 1402 583 id
1443 538 1548 594 est,
1587 531 1870 599 postquam

281 621 657 675 denuntiatum
688 620 761 674 illi
795 619 964 675 fuerat
1011 635 1040 674 a
1071 621 1372 688 sacerdote,
1402 635 1466 674 ac
1522 619 1867 688 prohibitum,

285 727 358 762 ne.
386 726 445 765 se
473 711 852 765 communione
897 711 1126 766 sinistrae
1153 711 1323 781 partis
1367 711 1683 776 macularet,
1731 724 1872 765 anno

284 800 498 869 integro
529 803 807 870 pmniteat,
839 810 895 856 et
928 803 1098 856 tribus
1122 801 1564 886 quadggesimis,
1589 812 1644 857 et
1667 803 1872 859 duobus

281 889 405 942 aliis
435 889 586 942 annis
611 890 876 944 abstineat
897 905 956 945 se
983 906 1014 945 a
1041 891 1166 946 vino
1188 901 1242 946 et
1269 893 1518 948 .rnibus
1542 911 1556 957 ;
1582 901 1636 947 et
1656 894 1728 947 ita
1753 903 1873 964 post

281 993 475 1032 manus
500 978 901 1048 impositionem
942 980 1194 1036 catholici
1226 982 1489 1053 episcopi,
1518 983 1709 1038 altario
1744 984 1872 1053 jun-

279 1077 462 1136 gatur.

359 1156 637 1213 Postremo
687 1158 754 1213 de
795 1159 1012 1215 minutis
1051 1162 1439 1218 monachorum
1471 1164 1736 1234 agendum
1788 1174 1872 1220 est

278 1250 666 1302 sanctionibus.

357 1337 641 1394 XXXVIII.
683 1341 739 1395 Si
771 1344 890 1412 quis
937 1345 1134 1399 vallum
1164 1355 1407 1416 apertum
1437 1348 1491 1404 in
1520 1358 1680 1405 nocte
1707 1351 1868 1407 dimi-

278 1431 436 1493 serit,
469 1432 896 1499 superpositiune
926 1437 1218 1504 pmniteat:
1247 1437 1292 1492 si
1315 1454 1442 1492 vero
1467 1439 1519 1492 in
1550 1441 1658 1508 die,
1684 1442 1868 1510 viginti

277 1529 518 1586 quatuor
546 1523 1000 1590 percussionibus,
1029 1526 1071 1581 si
1101 1542 1207 1581 non
1229 1529 1348 1582 aliis
1367 1533 1867 1598 supervenientibus

279 1617 529 1675 apertum
561 1610 856 1666 dimiserit:
880 1614 924 1668 si
952 1617 1073 1683 quis
1098 1617 1240 1672 hunc
1263 1618 1436 1686 ipsum
1456 1622 1703 1677 absolute
1730 1639 1867 1694 prte-

277 1698 524 1760 cesserit,
557 1703 987 1770 superpositione
1015 1708 1291 1774 poeniteat.

305 1785 310 1790 ’
357 1787 592 1844 XXXIX.
640 1791 698 1846 Si
728 1793 849 1862 quis
891 1793 1194 1863 jumentum
1245 1808 1434 1870 petens
1453 1803 1600 1858 solus
1629 1804 1870 1861 absolute
1907 1795 1948 1854 Β

280 1876 432 1950 [Leg.
493 1882 702 1951 absque
743 1884 880 1956 luto]
917 1887 1192 1954 lavaverit,
1229 1895 1660 1962 superpositione
1701 1898 1871 1966 pceni-

278 1980 395 2027 teat
421 1992 435 2026 :
459 1976 503 2028 si
531 1976 650 2045 quis
681 1994 809 2034 vero
839 1980 1182 2040 lavanslicito
1199 2002 1380 2041 coram
1397 1988 1648 2045 fratribus
1673 1993 1868 2049 stando

278 2063 386 2117 hoc
417 2064 622 2131 fecerit,
654 2068 697 2121 si
729 2084 836 2124 non
864 2076 1187 2130 necessitate
1214 2076 1311 2130 luti
1334 2077 1532 2148 largius
1553 2080 1868 2152 abstergen-

275 2152 354 2217 di,
385 2153 568 2220 viginti
596 2167 831 2224 quatuor
853 2162 1024 2230 plagis
1050 2167 1386 2221 emendetur.

353 2241 463 2297 XL.
498 2246 555 2300 Si
582 2248 701 2317 quis
723 2265 851 2305 vero
880 2254 1041 2307 etiam
1064 2257 1299 2313 sedendo
1328 2260 1381 2314 in
1401 2261 1647 2330 jumento
1668 2278 1862 2334 genua,

274 2344 373 2388 aut
402 2337 622 2393 brachia
652 2341 1077 2414 discooperuerit
1108 2350 1308 2419 absque
1335 2357 1765 2412 necessitateluti
1791 2360 1866 2413 la-

274 2429 464 2496 vandi,
492 2447 586 2486 sex
619 2433 808 2492 diebus
839 2454 946 2492 non
994 2440 1175 2508 lavet;
1207 2443 1258 2498 id
1297 2455 1398 2512 est,
1439 2463 1608 2516 usque
1636 2450 1703 2504 ad
1733 2451 1864 2505 alte-

274 2535 396 2573 ram
438 2521 581 2578 diem
610 2525 937 2584 dominicam
984 2531 1303 2590 inhonestus
1348 2536 1438 2591 ille
1468 2538 1676 2594 lavator
1703 2542 1869 2612 pedes

307 2692 1650 2724 ._.....___________________________

1979 529 2160 584 lavare
2188 529 2340 585 licet:
2369 533 2568 587 seniori
2605 550 2754 598 vero,
2793 539 2951 592 etiam
2983 542 3214 611 publice,
3262 548 3355 601 sed
3384 549 3552 604 altero

1974 619 2135 690 pedes
2163 636 2291 674 suos
2317 621 2530 676 lavante
2561 624 2683 678 licet
2709 629 2900 682 stando
2933 629 3122 687 lavari.

2043 708 2172 763 XLI.
2208 712 2344 767 Ante
2376 715 2811 782 prtedicationem
2843 736 2970 774 vero
3007 721 3094 776 die
3136 724 3400 782 dominica
3433 731 3550 796 toti,

1972 803 2209 871 exceptis
2238 805 2400 857 certis
2430 806 2859 874 necessitatibus,
2892 811 3050 865 simul
3080 813 3187 867 sint
3223 819 3553 888 conglobati,

1974 906 2030 949 ut
2058 896 2233 950 nullus
2273 897 2410 951 desit
2437 915 2662 953 numero
2708 913 3033 973 prmceptum
3075 907 3422 976 audientium,
3455 928 3554 965 ex-

1972 997 2128 1057 cepto
2155 1004 2288 1043 coco
2319 1005 2381 1042 ac
2409 991 2688 1058 portario,
2720 993 2810 1062 qui
2837 1003 2892 1047 et
2939 995 3059 1064 ipsi,
3091 997 3135 1050 si
3168 1000 3393 1065 possint,
3426 1005 3556 1060 sats

1972 1088 2153 1146 agant,
2208 1089 2263 1133 ut
2317 1080 2493 1134 adsint
2545 1081 2760 1150 quando
2813 1086 3105 1141 tonitruum
3158 1087 3434 1160 Evangelii
3461 1110 3558 1147 au-

1973 1167 2135 1222 ditur.

2042 1277 2198 1333 XLII.
2231 1279 2609 1336 Confessiones
2638 1291 2817 1337 autem
2869 1285 2982 1339 dari
3032 1286 3339 1356 diligentius
3369 1293 3555 1360 przcci-

1973 1371 2134 1439 pitur,
2170 1371 2401 1426 maxime
2430 1372 2497 1427 de
2547 1375 3001 1431 commotionibus
3029 1379 3215 1445 animi,
3268 1390 3554 1450 antequam

1971 1461 2037 1513 ad
2070 1459 2283 1515 Missam
2313 1471 2486 1527 eatur,
2518 1477 2586 1517 ne
2614 1462 2754 1518 forte
2784 1463 2904 1534 quis
2943 1467 3162 1520 accedat
3201 1468 3445 1537 indignus
3489 1473 3557 1524 ad

1970 1552 2162 1619 altare,
2213 1553 2264 1606 id
2295 1562 2396 1616 est,
2430 1553 2473 1607 si
2503 1569 2598 1608 cor
2630 1555 2885 1608 mundum
2918 1573 3024 1611 non
3056 1557 3338 1613 habuerit:
3367 1562 3557 1616 melius

1971 1652 2056 1696 est
2086 1644 2226 1697 enim
2275 1652 2590 1713 exspectare
2638 1643 2811 1699 donec
2861 1662 2954 1700 cor
3001 1661 3191 1702 sanum
3243 1648 3403 1704 fuerit
3433 1691 3449 1717 ,
3502 1664 3559 1705 et

1974 1737 2204 1790 alienum
2228 1753 2258 1790 a
2299 1737 2553 1792 scandalo
2583 1752 2647 1793 ac
2672 1739 2870 1793 invidia
2901 1738 3077 1804 fuerit,
3109 1756 3267 1809 quam
3298 1743 3560 1799 accedere

1976 1826 2233 1881 audacter
2260 1826 2326 1880 ad
2348 1825 2604 1894 judicium
2628 1829 2906 1882 tribunalis
2931 1847 2942 1880 :
2971 1830 3202 1884 tribunal
3227 1831 3370 1886 enim
3398 1831 3558 1886 Chri-

1978 1916 2064 1981 sti,
2100 1916 2269 1970 altare
2293 1932 2306 1968 :
2337 1925 2393 1970 et.
2422 1932 2620 1986 corpus
2647 1931 2802 1972 suum
2830 1918 2957 1972 inibi
2984 1935 3106 1972 cum
3135 1922 3392 1988 sanguine
3415 1920 3560 1988 judi-

1975 2015 2063 2061 cat
2087 2006 2332 2075 indignos
2357 2005 2695 2061 accedentes.
2728 2006 2894 2061 Sicuti
2925 2023 3053 2078 ergo
3082 2023 3110 2060 a
3141 2011 3377 2079 peccatis
3407 2012 3555 2080 capi-

1978 2098 2171 2152 talibus
2224 2105 2279 2150 et
2328 2097 2635 2156 carnalibus
2699 2100 2992 2152 cavendum
3059 2106 3187 2165 est,
3266 2109 3552 2168 antequam

1974 2185 2477 2241 communicandum
2518 2187 2589 2240 sit
2616 2204 2630 2251 ;
2672 2187 2743 2241 ita
2773 2190 2934 2242 etiam
2984 2190 3052 2244 ab
3080 2189 3453 2244 incertioribus
3483 2193 3561 2244 vi-

1973 2277 2058 2331 tiis
2088 2285 2142 2330 et
2172 2277 2372 2330 morbis
2401 2279 2701 2343 languentis
2731 2281 2921 2332 anima:
2952 2280 3322 2334 abstinendum
3355 2289 3455 2344 est,
3486 2295 3552 2334 ac

1970 2367 2378 2436 abstergenduin
2440 2375 2564 2422 ante
2626 2385 2762 2422 verae
2817 2371 2965 2438 pacis
3016 2371 3448 2441 conjunctionem
3499 2381 3557 2428 et

1969 2464 2188 2511 mterwe
2217 2457 2403 2509 salutis
2432 2473 2548 2510 οι-ιιι
2591 2459 2822 2526 aginem.

1017 2828 1691 2947 suam
1767 2793 2848 2950 Cononem

1499 3029 1768 3080 ABBA’IIS
1804 3027 1882 3078 ΕΤ
1918 3024 2332 3077 CONI’ESSORIS

628 3039 929 3285 ""iN
950 3039 2336 3294 STRUiBUiiiE
2445 3148 2558 3290 V
2582 3149 3110 3289 ARIAE

1711 3387 1912 3428 VL'LGO
1957 3386 2160 3427 DJCTB

1561 3510 2296 3616 SERMONES.
2469 3564 2482 3571 --

743 3763 1152 3819 INSTRUC'HO
1194 3764 1424 3819 PRIMA.

753 3856 833 3910 De
865 3856 969 3910 Deo
1004 3856 1118 3910 Uno
1141 3868 1190 3910 et
1223 3857 1401 3910 Triuo.
1491 3899 1504 3910 .

356 3950 398 4005 l.
438 3950 807 4006 lnstructionis
856 3951 1012 4005 valde
1062 3953 1378 4006 necessariae
1424 3965 1606 4006 curam
1655 3963 1866 4016 gerens,

277 4045 516 4117 primum
546 4056 671 4098 ante
715 4045 916 4111 omnia,
967 4044 1110 4113 quod
1158 4046 1404 4099 omnibus
1453 4043 1591 4099 scire
1638 4043 1868 4113 primum

275 4143 386 4197 est,
429 4131 608 4186 dicere
634 4133 869 4186 breviter
899 4133 1060 4197 licet;
1090 4134 1269 4202 cupio,
1302 4142 1359 4187 ut
1384 4132 1527 4200 quod
1567 4141 1650 4186 est
1679 4133 1868 4186 funda-

277 4234 523 4279 mentum
551 4223 736 4277 salutis
757 4224 1016 4288 omnium,
1047 4224 1200 4277 nobis
1225 4223 1442 4292 crepido
1472 4221 1735 4277 sermonis
1759 4223 1830 4274 sit
1853 4238 1866 4285 ;

275 4323 340 4368 et
371 4313 494 4368 inde
536 4322 719 4367 n0stra
768 4313 1013 4367 doctrina
1045 4312 1285 4366 ordiatur
1336 4313 1474 4366 unde
1522 4327 1682 4366 omne
1725 4312 1870 4381 quod

273 4412 368 4458 est
391 4404 580 4468 oritur,
613 4413 667 4457 et
695 4403 836 4472 quod
867 4419 974 4458 non
1002 4403 1100 4456 fuit
1127 4403 1366 4456 initiatur
1392 4421 1405 4466 ;
1436 4403 1742 4472 ostiumque
1773 4419 1868 4457 no-

278 4497 369 4552 bis
390 4497 652 4551 sermonis
673 4497 849 4551 cordis
874 4496 1163 4551 credulitas
1181 4496 1409 4564 aperiat,
1430 4511 1548 4564 qua:
1569 4497 1620 4550 in
1643 4497 1870 4550 salutem

273 4585 639 4641 Conl'essionis
682 4584 917 4637 omnium
965 4580 1387 4636 Christianorum
1453 4591 1602 4636 recte
1646 4582 1870 4636 creden-

280 4676 421 4728 tium
462 4691 556 4730 ora
604 4675 832 4742 aperuit.
887 4674 963 4727 De
995 4673 1148 4728 initio
1178 4688 1308 4741 ergo
1373 4675 1618 4728 humana:
1656 4674 1865 4738 salutis,

281 4771 501 4826 Christo
531 4771 836 4840 adjuvante,
885 4780 1034 4824 recte
1063 4778 1245 4823 nostra
1275 4767 1414 4822 dicta
1444 4774 1662 4820 sumant
1707 4779 1870 4819 exor-

277 4865 455 4918 dium.

357 4953 556 5010 Credat
584 4955 765 5024 itaque
792 4955 1016 5024 primum
1048 4953 1222 5008 omnis
1261 4952 1350 5022 qui
1383 4950 1495 5006 vult
1520 4950 1700 5006 salvus
1727 4965 1866 5014 esse,

279 5047 343 5103 in
376 5047 604 5116 primum
635 5057 690 5100 et
720 5048 770 5101 in
794 5047 1142 5101 novissimum
1171 5044 1340 5100 Deum
1372 5060 1534 5099 unum
1563 5059 1627 5098 ac
1651 5043 1869 5106 trinum,

1900 3765 1945 3825 (ἶ
1978 3782 2255 3852 perfectio.
2283 3782 2434 3848 Quod
2469 3799 2602 3836 unus
2627 3793 2709 3837 est
2743 3783 2878 3837 Deus
2908 3783 3154 3848 Trinitas,
3191 3783 3330 3839 Deus
3362 3785 3474 3855 ipse
3506 3789 3558 3841 in

1976 3879 2093 3944 lege
2137 3875 2203 3928 de
2247 3890 2305 3928 se
2349 3884 2576 3929 testatur
2615 3876 2836 3930 dicens:
2869 3877 3023 3940 Audi,
3052 3875 3255 3942 Israel;
3307 3877 3560 3933 Dominus

1981 3965 2116 4020 Deus
2139 3976 2252 4018 tuus
2272 3982 2402 4018 unus
2425 3976 2498 4019 est
2529 3965 2702 4035 (Deut.
2738 3983 2810 4032 vi,
2842 3965 2919 4033 4).
2944 3966 3095 4032 Quod
3118 3975 3294 4021 autem
3314 3984 3450 4022 unus
3473 3971 3562 4024 ille

1975 4054 2116 4107 Deus
2145 4052 2380 4107 Trinitas
2421 4062 2528 4120 est,
2556 4053 2803 4107 Salvator
2831 4053 2883 4106 in
2930 4053 3220 4123 Evangelia
3247 4057 3447 4122 docuit,
3480 4059 3560 4111 di-

1973 4144 2181 4198 cendo:
2225 4142 2422 4197 Euntes
2452 4161 2585 4197 nunc
2606 4145 2782 4197 docete
2813 4161 2986 4198 omnes
3012 4157 3205 4216 gentes,
3235 4148 3554 4217 baptizantes

1972 4251 2057 4289 eos
2086 4236 2137 4288 in
2156 4235 2360 4288 nontine
2387 4233 2582 4300 l’atris,
2603 4244 2652 4288 et
2672 4233 2820 4303 Filii,
2842 4245 2890 4288 et
2916 4235 3140 4306 Spiritus
3162 4240 3326 4290 sancti
3345 4237 3558 4306 (Matth.

1977 4337 2161 4376 χχι-ιιι.
2211 4320 2322 4389 l9).
2379 4321 2474 4376 llis
2520 4322 2730 4375 duobus
2777 4323 3094 4377 testimoniis
3123 4323 3348 4376 duarum
3379 4323 3557 4391 legum

1975 4413 2129 4480 quasi
2158 4412 2469 4480 quibusdam
2499 4410 2680 4466 fulcris
2705 4413 3020 4466 ﬁrmissimis
3059 4411 3190 4464 fides
3221 4413 3553 4466 credentium

1977 4501 2182 4554 firmata
2213 4510 2314 4555 est.
2359 4500 2458 4556 Ubi
2489 4503 2655 4556 habes
2679 4502 2731 4555 in
2757 4503 2984 4557 veritate
3022 4501 3336 4556 Trinitatem
3366 4503 3418 4557 in
3447 4507 3560 4558 uni-

1978 4598 2111 4653 tate,
2141 4599 2196 4644 et
2223 4600 2480 4644 unitatem
2511 4592 2564 4644 in
2611 4591 2889 4644 'l‘rinitate.
2920 4590 3024 4645 Pro
3053 4593 3131 4645 rei
3163 4593 3322 4659 igitur
3349 4597 3558 4664 magni-

1978 4678 2162 4733 tudine
2188 4679 2422 4732 breviter
2441 4679 2587 4746 quod
2617 4679 2884 4733 credimus
2912 4680 3163 4745 diximus,
3195 4691 3249 4736 et
3278 4683 3412 4738 fides
3437 4699 3560 4737 cor-

1977 4771 2058 4826 dis
2089 4772 2199 4826 oris
2230 4772 2482 4841 produxit
2507 4771 2895 4825 confessionem
2923 4789 2935 4832 ;
2962 4780 3019 4826 et
3048 4773 3150 4827 hoc
3180 4773 3403 4828 “l‘lllilel‘
3430 4790 3558 4828 con-

1977 4871 2058 4916 tra
2088 4877 2277 4916 omnes
2328 4863 2557 4915 haereses
2588 4861 2876 4915 tenendum
2905 4870 3008 4927 est,
3053 4862 3198 4930 quod
3253 4862 3394 4918 Deus
3423 4879 3558 4916 unus

1976 4954 2140 5008 dividi
2172 4955 2254 5008 vel
2281 4953 2521 5022 separari
2549 4969 2654 5008 non
2681 4962 2879 5022 potest,
2911 4953 3036 5020 quia
3079 4952 3224 5021 quod
3263 4953 3361 5006 fuit
3393 4962 3555 5015 totus,
3588 4967 3590 4970 '

1975 5061 2189 5116 semper
2219 5047 2315 5102 fuit
2363 5056 2420 5100 ut
2447 5055 2548 5101 est.
2579 5045 2767 5100 Cesset
2814 5058 2944 5112 ergo
2987 5059 3257 5100 venenosa
3286 5054 3341 5099 et
3371 5045 3557 5098 insana

282 5153 455 5192 unum
495 5137 858 5200 subsistentia,
881 5137 1074 5191 trinum
1118 5136 1450 5200 substantia;
1494 5150 1658 5188 unum
1681 5143 1872 5204 poten—
1902 5160 1948 5218 ο
1977 5139 2214 5194 omnium
2237 5139 2610 5194 hmreticorum
2640 5138 2878 5202 vesania,
2913 5137 3127 5206 quando
3156 5137 3271 5204 ipso
3291 5135 3402 5188 Deo
3422 5141 3558 5186 testo

280 5229 384 5292 tia,
417 5228 610 5281 trinum
639 5244 870 5298 persona
902 5244 917 5293 ;
949 5244 1111 5282 unum
1143 5236 1352 5289 natura,
1388 5228 1586 5282 trinum
1616 5226 1868 5289 nomine;

281 5336 456 5374 unum
495 5322 734 5385 numine,
766 5321 857 5389 qui
912 5331 992 5376 est
1045 5320 1204 5375 Pater
1233 5328 1288 5376 et
1336 5319 1500 5374 Filius
1550 5328 1606 5374 et
1640 5317 1873 5388 Spiritus

278 5420 527 5476 sanctus,
559 5412 699 5466 Deus
727 5428 880 5477 unus,
915 5421 1057 5467 totus
1088 5412 1381 5477 invisibilis,
1417 5411 1874 5481 incomprehensi-

283 5505 435 5570 bilis,
461 5503 760 5568 ineti'abilis,
793 5505 846 5558 in
879 5520 988 5574 quo
1017 5515 1101 5560 est
1127 5520 1340 5575 semper
1380 5519 1519 5570 esse,
1553 5505 1676 5573 quia
1713 5515 1870 5560 teter-

279 5610 394 5651 nus
431 5605 512 5650 est
545 5595 686 5650 Deus
712 5595 962 5661 Trinitas,
995 5597 1082 5651 cui
1130 5596 1338 5650 initium
1381 5611 1490 5650 non
1519 5611 1749 5664 quint-as,
1778 5597 1870 5665 qui

291 5685 457 5739 finem
482 5701 587 5740 non
610 5686 790 5750 habet.
815 5698 870 5742 et
890 5687 981 5756 qui
1008 5703 1222 5757 semper
1246 5686 1344 5740 luit
1370 5687 1513 5754 quod
1542 5695 1626 5741 est
1654 5694 1710 5740 et
1737 5688 1869 5749 erit;

288 5777 421 5845 quia
471 5774 524 5829 in
565 5775 674 5831 Deo
705 5777 916 5831 iteratio
959 5795 1061 5832 non
1113 5787 1213 5846 est.
1241 5779 1332 5831 sed
1364 5793 1576 5848 semper
1601 5777 1874 5834 Trinitatis

1978 5229 2236 5295 audimus
2265 5238 2322 5284 et
2363 5227 2665 5283 credimus:
2698 5226 2855 5293 Audi,
2887 5225 3094 5290 Israel;
3138 5223 3388 5278 Dominus
3419 5221 3556 5275 Deus

1979 5331 2092 5373 tuus
2121 5337 2250 5374 unus
2277 5329 2397 5373 est:
2437 5318 2561 5386 quia
2605 5318 2697 5386 qui
2731 5334 2865 5372 unus
2909 5328 3013 5383 est,
3058 5316 3164 5379 hoc
3204 5326 3419 5380 semper
3459 5311 3558 5365 fuit

1977 5411 2122 5480 quod
2174 5420 2284 5474 est;
2315 5413 2409 5464 sed
2441 5421 2499 5465 ut
2525 5411 2666 5465 scias
2711 5420 2963 5479 quantus,
3015 5405 3291 5476 pluraliter
3337 5404 3471 5456 dixit
3506 5405 3558 5456 in

1977 5504 2160 5558 mundi
2200 5502 2539 5558 conditione:
2572 5501 2854 5557 Faciamus
2881 5501 3135 5554 hominem
3165 5498 3236 5550 ad
3277 5497 3556 5566 imaginem

1975 5606 2024 5649 et
2049 5595 2438 5649 similitudinem
2481 5603 2712 5648 nostram
2733 5589 2884 5662 (Gen.
2913 5606 2952 5652 ι,
2996 5587 3109 5658 26).
3138 5588 3218 5644 Ne
3245 5601 3373 5641 vero
3403 5600 3553 5640 erres

1978 5689 2032 5743 in
2056 5705 2300 5756 numero,
2316 5689 2558 5744 Christus
2589 5687 2682 5742 tibi
2709 5685 2910 5740 indicat
2932 5683 3165 5749 Patrem,
3191 5690 3246 5737 et
3266 5680 3476 5742 Filium,
3503 5686 3562 5730 et

1979 5782 2236 5847 Spiritum
2263 5789 2527 5844 sanctum,
2560 5780 2612 5833 in
2640 5777 2791 5845 cujus
2813 5776 2930 5843 Dei,
2958 5776 3114 5847 quasi
3145 5777 3300 5831 unius
3333 5773 3428 5826 Dei
3457 5787 3562 5822 uo-
