  <div class='ocr_page' id='page_1' title='image "/cluster/home/n/w/nwhite01/storage/ocr_20150623/80/hvd.32044015469422/121.png"; bbox 0 0 4052 6332; ppageno 0'>
   <div class='ocr_carea' id='block_1_1' title="bbox 535 277 3784 352">
    <p class='ocr_par' dir='ltr' id='par_1_1' title="bbox 535 277 3784 352">
     <span class='ocr_line' id='line_1_1' title="bbox 535 277 3784 352; baseline -0.008 0"><span class='ocrx_word' id='word_1_1' title='bbox 535 298 630 352; x_wconf 67' lang='grc'><strong>931</strong></span> <span class='ocrx_word' id='word_1_2' title='bbox 1761 286 1819 342; x_wconf 85' lang='lat' dir='ltr'><strong>S.</strong></span> <span class='ocrx_word' id='word_1_3' title='bbox 1854 280 2243 343; x_wconf 72' lang='lat' dir='ltr'><strong>COLUIIBANI</strong></span> <span class='ocrx_word' id='word_1_4' title='bbox 2280 277 2568 335; x_wconf 62' lang='lat' dir='ltr'><strong>ABBATIS</strong></span> <span class='ocrx_word' id='word_1_5' title='bbox 3683 279 3784 334; x_wconf 61' lang='lat' dir='ltr'><strong>Qa</strong></span> 
     </span>
    </p>
   </div>
   <div class='ocr_carea' id='block_1_2' title="bbox 528 390 3788 473">
    <p class='ocr_par' dir='ltr' id='par_1_2' title="bbox 528 390 3788 473">
     <span class='ocr_line' id='line_1_2' title="bbox 528 390 3788 473; baseline -0.006 -7"><span class='ocrx_word' id='word_1_6' title='bbox 528 414 691 472; x_wconf 88' lang='lat' dir='ltr'><strong>mine.</strong></span> <span class='ocrx_word' id='word_1_7' title='bbox 718 422 879 467; x_wconf 87' lang='lat' dir='ltr'><strong>omne</strong></span> <span class='ocrx_word' id='word_1_8' title='bbox 906 406 1194 462; x_wconf 84' lang='lat' dir='ltr'><strong>humanum</strong></span> <span class='ocrx_word' id='word_1_9' title='bbox 1223 418 1388 473; x_wconf 71' lang='lat' dir='ltr'><strong>genus</strong></span> <span class='ocrx_word' id='word_1_10' title='bbox 1429 398 1804 471; x_wconf 75' lang='lat' dir='ltr'><strong>baptizandum</strong></span> <span class='ocrx_word' id='word_1_11' title='bbox 1829 409 1932 456; x_wconf 85' lang='lat' dir='ltr'><strong>est.</strong></span> <span class='ocrx_word' id='word_1_12' title='bbox 1955 398 2094 466; x_wconf 88' lang='lat' dir='ltr'><strong>Quid</strong></span> <span class='ocrx_word' id='word_1_13' title='bbox 2121 407 2168 456; x_wconf 76' lang='grc' dir='ltr'><strong>Α</strong></span> <span class='ocrx_word' id='word_1_14' title='bbox 2199 404 2349 450; x_wconf 78' lang='lat' dir='ltr'><strong>tanto</strong></span> <span class='ocrx_word' id='word_1_15' title='bbox 2376 394 2492 464; x_wconf 85' lang='lat' dir='ltr'><strong>plus</strong></span> <span class='ocrx_word' id='word_1_16' title='bbox 2520 391 2779 461; x_wconf 67' lang='lat' dir='ltr'><strong>intelligat</strong></span> <span class='ocrx_word' id='word_1_17' title='bbox 2805 391 3009 447; x_wconf 86' lang='lat' dir='ltr'><strong>minora</strong></span> <span class='ocrx_word' id='word_1_18' title='bbox 3031 406 3088 446; x_wconf 88' lang='lat' dir='ltr'><strong>se</strong></span> <span class='ocrx_word' id='word_1_19' title='bbox 3114 390 3251 447; x_wconf 90' lang='lat' dir='ltr'><strong>scire</strong></span> <span class='ocrx_word' id='word_1_20' title='bbox 3279 404 3439 462; x_wconf 85' lang='lat' dir='ltr'><strong>posse</strong></span> <span class='ocrx_word' id='word_1_21' title='bbox 3462 390 3531 447; x_wconf 90' lang='lat' dir='ltr'><strong>de</strong></span> <span class='ocrx_word' id='word_1_22' title='bbox 3556 393 3788 448; x_wconf 82' lang='lat' dir='ltr'><strong>auctoris</strong></span> 
     </span>
    </p>
   </div>
   <div class='ocr_carea' id='block_1_3' title="bbox 529 486 2099 569">
    <p class='ocr_par' dir='ltr' id='par_1_3' title="bbox 529 486 2099 569">
     <span class='ocr_line' id='line_1_3' title="bbox 529 486 2099 569; baseline -0.007 -17"><span class='ocrx_word' id='word_1_23' title='bbox 529 503 680 569; x_wconf 86' lang='lat' dir='ltr'><strong>plura</strong></span> <span class='ocrx_word' id='word_1_24' title='bbox 700 499 764 553; x_wconf 94' lang='lat' dir='ltr'><strong>de</strong></span> <span class='ocrx_word' id='word_1_25' title='bbox 786 496 1060 551; x_wconf 73' lang='lat' dir='ltr'><strong>Trinitatis</strong></span> <span class='ocrx_word' id='word_1_26' title='bbox 1080 492 1486 551; x_wconf 78' lang='lat' dir='ltr'><strong>comternitate?</strong></span> <span class='ocrx_word' id='word_1_27' title='bbox 1516 489 1668 557; x_wconf 87' lang='lat' dir='ltr'><strong>Quod</strong></span> <span class='ocrx_word' id='word_1_28' title='bbox 1700 488 1843 544; x_wconf 86' lang='lat' dir='ltr'><strong>Unus</strong></span> <span class='ocrx_word' id='word_1_29' title='bbox 1872 498 1972 556; x_wconf 87' lang='lat' dir='ltr'><strong>est,</strong></span> <span class='ocrx_word' id='word_1_30' title='bbox 1990 486 2099 542; x_wconf 88' lang='lat' dir='ltr'><strong>suf-</strong></span> 
     </span>
    </p>
   </div>
   <div class='ocr_carea' id='block_1_4' title="bbox 529 584 2098 649">
    <p class='ocr_par' dir='ltr' id='par_1_4' title="bbox 529 584 2098 649">
     <span class='ocr_line' id='line_1_4' title="bbox 529 584 2098 649; baseline -0.008 -7"><span class='ocrx_word' id='word_1_31' title='bbox 529 592 770 644; x_wconf 75' lang='lat' dir='ltr'><strong>Iicienter</strong></span> <span class='ocrx_word' id='word_1_32' title='bbox 795 603 893 642; x_wconf 89' lang='lat' dir='ltr'><strong>nos</strong></span> <span class='ocrx_word' id='word_1_33' title='bbox 916 587 1092 642; x_wconf 82' lang='lat' dir='ltr'><strong>docet.</strong></span> <span class='ocrx_word' id='word_1_34' title='bbox 1142 585 1219 638; x_wconf 91' lang='lat' dir='ltr'><strong>De</strong></span> <span class='ocrx_word' id='word_1_35' title='bbox 1247 584 1473 637; x_wconf 80' lang='lat' dir='ltr'><strong>veritate</strong></span> <span class='ocrx_word' id='word_1_36' title='bbox 1517 589 1696 634; x_wconf 87' lang='lat' dir='ltr'><strong>autem</strong></span> <span class='ocrx_word' id='word_1_37' title='bbox 1748 593 2098 649; x_wconf 87' lang='lat' dir='ltr'><strong>personarum</strong></span> 
     </span>
    </p>
   </div>
   <div class='ocr_carea' id='block_1_5' title="bbox 530 667 2094 744">
    <p class='ocr_par' dir='ltr' id='par_1_5' title="bbox 530 667 2094 744">
     <span class='ocr_line' id='line_1_5' title="bbox 530 667 2094 744; baseline -0.009 -11"><span class='ocrx_word' id='word_1_38' title='bbox 530 681 721 744; x_wconf 80' lang='lat' dir='ltr'><strong>Patris,</strong></span> <span class='ocrx_word' id='word_1_39' title='bbox 752 686 807 734; x_wconf 91' lang='lat' dir='ltr'><strong>et</strong></span> <span class='ocrx_word' id='word_1_40' title='bbox 830 678 971 742; x_wconf 87' lang='lat' dir='ltr'><strong>Filii,</strong></span> <span class='ocrx_word' id='word_1_41' title='bbox 1018 686 1073 731; x_wconf 91' lang='lat' dir='ltr'><strong>et</strong></span> <span class='ocrx_word' id='word_1_42' title='bbox 1099 675 1327 742; x_wconf 81' lang='lat' dir='ltr'><strong>Spiritus</strong></span> <span class='ocrx_word' id='word_1_43' title='bbox 1351 671 1541 736; x_wconf 86' lang='lat' dir='ltr'><strong>sancti,</strong></span> <span class='ocrx_word' id='word_1_44' title='bbox 1584 670 1855 725; x_wconf 86' lang='lat' dir='ltr'><strong>distinctio</strong></span> <span class='ocrx_word' id='word_1_45' title='bbox 1879 667 2094 730; x_wconf 86' lang='lat' dir='ltr'><strong>Christi,</strong></span> 
     </span>
    </p>
   </div>
   <div class='ocr_carea' id='block_1_6' title="bbox 529 760 2097 843">
    <p class='ocr_par' dir='ltr' id='par_1_6' title="bbox 529 760 2097 843">
     <span class='ocr_line' id='line_1_6' title="bbox 529 760 2097 843; baseline -0.013 -13"><span class='ocrx_word' id='word_1_46' title='bbox 529 772 779 843; x_wconf 61' lang='lat' dir='ltr'><strong>praecepti</strong></span> <span class='ocrx_word' id='word_1_47' title='bbox 801 771 1133 835; x_wconf 90' lang='lat' dir='ltr'><strong>auctoritate,</strong></span> <span class='ocrx_word' id='word_1_48' title='bbox 1158 766 1493 822; x_wconf 83' lang='lat' dir='ltr'><strong>abundanter</strong></span> <span class='ocrx_word' id='word_1_49' title='bbox 1516 762 1769 817; x_wconf 80' lang='lat' dir='ltr'><strong>instruxit</strong></span> <span class='ocrx_word' id='word_1_50' title='bbox 1797 760 2097 814; x_wconf 84' lang='lat' dir='ltr'><strong>audientes.</strong></span> 
     </span>
    </p>
   </div>
   <div class='ocr_carea' id='block_1_7' title="bbox 533 847 2095 932">
    <p class='ocr_par' dir='ltr' id='par_1_7' title="bbox 533 847 2095 932">
     <span class='ocr_line' id='line_1_7' title="bbox 533 847 2095 932; baseline -0.009 -17"><span class='ocrx_word' id='word_1_51' title='bbox 533 864 608 918; x_wconf 73' lang='lat' dir='ltr'><strong>Ex</strong></span> <span class='ocrx_word' id='word_1_52' title='bbox 639 864 740 927; x_wconf 88' lang='lat' dir='ltr'><strong>his,</strong></span> <span class='ocrx_word' id='word_1_53' title='bbox 772 863 1007 932; x_wconf 89' lang='lat' dir='ltr'><strong>inquam,</strong></span> <span class='ocrx_word' id='word_1_54' title='bbox 1040 857 1356 912; x_wconf 81' lang='lat' dir='ltr'><strong>testimoniis</strong></span> <span class='ocrx_word' id='word_1_55' title='bbox 1398 855 1571 908; x_wconf 92' lang='lat' dir='ltr'><strong>omnis</strong></span> <span class='ocrx_word' id='word_1_56' title='bbox 1611 866 1853 906; x_wconf 88' lang='lat' dir='ltr'><strong>errorum</strong></span> <span class='ocrx_word' id='word_1_57' title='bbox 1881 847 2095 904; x_wconf 79' lang='lat' dir='ltr'><strong>exclusa</strong></span> 
     </span>
    </p>
   </div>
   <div class='ocr_carea' id='block_1_8' title="bbox 531 942 2098 1024">
    <p class='ocr_par' dir='ltr' id='par_1_8' title="bbox 531 942 2098 1024">
     <span class='ocr_line' id='line_1_8' title="bbox 531 942 2098 1024; baseline -0.009 -16"><span class='ocrx_word' id='word_1_58' title='bbox 531 953 850 1024; x_wconf 83' lang='lat' dir='ltr'><strong>perversitas</strong></span> <span class='ocrx_word' id='word_1_59' title='bbox 876 959 997 1015; x_wconf 85' lang='lat' dir='ltr'><strong>est;</strong></span> <span class='ocrx_word' id='word_1_60' title='bbox 1056 947 1248 1019; x_wconf 88' lang='lat' dir='ltr'><strong>quibus</strong></span> <span class='ocrx_word' id='word_1_61' title='bbox 1277 944 1623 1010; x_wconf 89' lang='lat' dir='ltr'><strong>nominando,</strong></span> <span class='ocrx_word' id='word_1_62' title='bbox 1654 942 1887 995; x_wconf 81' lang='lat' dir='ltr'><strong>&#39;l&#39;rinitas</strong></span> <span class='ocrx_word' id='word_1_63' title='bbox 1939 949 2098 1007; x_wconf 81' lang='lat' dir='ltr'><strong>atque</strong></span> 
     </span>
    </p>
   </div>
   <div class='ocr_carea' id='block_1_9' title="bbox 526 1039 1407 1110">
    <p class='ocr_par' dir='ltr' id='par_1_9' title="bbox 526 1039 1407 1110">
     <span class='ocr_line' id='line_1_9' title="bbox 526 1039 1407 1110; baseline -0.01 -11"><span class='ocrx_word' id='word_1_64' title='bbox 526 1045 702 1099; x_wconf 88' lang='lat' dir='ltr'><strong>unitas</strong></span> <span class='ocrx_word' id='word_1_65' title='bbox 728 1041 1031 1097; x_wconf 88' lang='lat' dir='ltr'><strong>attestando</strong></span> <span class='ocrx_word' id='word_1_66' title='bbox 1060 1039 1407 1110; x_wconf 89' lang='lat' dir='ltr'><strong>approbatur.</strong></span> 
     </span>
    </p>
   </div>
   <div class='ocr_carea' id='block_1_10' title="bbox 595 1120 2100 1199">
    <p class='ocr_par' dir='ltr' id='par_1_10' title="bbox 595 1120 2100 1199">
     <span class='ocr_line' id='line_1_10' title="bbox 595 1120 2100 1199; baseline -0.009 -11"><span class='ocrx_word' id='word_1_67' title='bbox 595 1134 660 1188; x_wconf 90' lang='lat' dir='ltr'><strong>ll.</strong></span> <span class='ocrx_word' id='word_1_68' title='bbox 698 1132 829 1188; x_wconf 91' lang='lat' dir='ltr'><strong>Cum</strong></span> <span class='ocrx_word' id='word_1_69' title='bbox 860 1132 936 1187; x_wconf 94' lang='lat' dir='ltr'><strong>rei</strong></span> <span class='ocrx_word' id='word_1_70' title='bbox 968 1132 1125 1199; x_wconf 79' lang='lat' dir='ltr'><strong>igitur</strong></span> <span class='ocrx_word' id='word_1_71' title='bbox 1152 1129 1459 1197; x_wconf 74' lang='lat' dir='ltr'><strong>magnitudo</strong></span> <span class='ocrx_word' id='word_1_72' title='bbox 1491 1141 1588 1180; x_wconf 91' lang='lat' dir='ltr'><strong>nos</strong></span> <span class='ocrx_word' id='word_1_73' title='bbox 1627 1124 1694 1178; x_wconf 89' lang='lat' dir='ltr'><strong>de</strong></span> <span class='ocrx_word' id='word_1_74' title='bbox 1722 1123 1825 1183; x_wconf 84' lang='lat' dir='ltr'><strong>his,</strong></span> <span class='ocrx_word' id='word_1_75' title='bbox 1854 1122 2001 1191; x_wconf 92' lang='lat' dir='ltr'><strong>quasi</strong></span> <span class='ocrx_word' id='word_1_76' title='bbox 2034 1120 2100 1175; x_wconf 89' lang='lat' dir='ltr'><strong>de</strong></span> 
     </span>
    </p>
   </div>
   <div class='ocr_carea' id='block_1_11' title="bbox 525 1214 2099 1293">
    <p class='ocr_par' dir='ltr' id='par_1_11' title="bbox 525 1214 2099 1293">
     <span class='ocr_line' id='line_1_11' title="bbox 525 1214 2099 1293; baseline -0.007 -14"><span class='ocrx_word' id='word_1_77' title='bbox 525 1226 879 1281; x_wconf 82' lang='lat' dir='ltr'><strong>ineilabilibus</strong></span> <span class='ocrx_word' id='word_1_78' title='bbox 907 1224 1136 1293; x_wconf 84' lang='lat' dir='ltr'><strong>amplius</strong></span> <span class='ocrx_word' id='word_1_79' title='bbox 1165 1221 1307 1291; x_wconf 90' lang='lat' dir='ltr'><strong>loqui</strong></span> <span class='ocrx_word' id='word_1_80' title='bbox 1337 1219 1600 1290; x_wconf 84' lang='lat' dir='ltr'><strong>prohibet,</strong></span> <span class='ocrx_word' id='word_1_81' title='bbox 1631 1218 1778 1270; x_wconf 81' lang='lat' dir='ltr'><strong>ﬁrma</strong></span> <span class='ocrx_word' id='word_1_82' title='bbox 1812 1214 1912 1269; x_wconf 74' lang='lat' dir='ltr'><strong>[ide</strong></span> <span class='ocrx_word' id='word_1_83' title='bbox 1940 1230 2099 1282; x_wconf 83' lang='lat' dir='ltr'><strong>supra</strong></span> 
     </span>
    </p>
   </div>
   <div class='ocr_carea' id='block_1_12' title="bbox 522 1306 2101 1377">
    <p class='ocr_par' dir='ltr' id='par_1_12' title="bbox 522 1306 2101 1377">
     <span class='ocr_line' id='line_1_12' title="bbox 522 1306 2101 1377; baseline -0.004 -13"><span class='ocrx_word' id='word_1_84' title='bbox 522 1316 661 1370; x_wconf 90' lang='lat' dir='ltr'><strong>dicta</strong></span> <span class='ocrx_word' id='word_1_85' title='bbox 719 1314 1122 1369; x_wconf 86' lang='lat' dir='ltr'><strong>conservemus.</strong></span> <span class='ocrx_word' id='word_1_86' title='bbox 1175 1311 1309 1377; x_wconf 88' lang='lat' dir='ltr'><strong>Quia</strong></span> <span class='ocrx_word' id='word_1_87' title='bbox 1364 1310 1447 1365; x_wconf 92' lang='lat' dir='ltr'><strong>cui</strong></span> <span class='ocrx_word' id='word_1_88' title='bbox 1498 1309 1609 1364; x_wconf 59' lang='lat' dir='ltr'><strong>haec</strong></span> <span class='ocrx_word' id='word_1_89' title='bbox 1657 1322 1825 1376; x_wconf 84' lang='lat' dir='ltr'><strong>pauca</strong></span> <span class='ocrx_word' id='word_1_90' title='bbox 1878 1306 1943 1360; x_wconf 89' lang='lat' dir='ltr'><strong>de</strong></span> <span class='ocrx_word' id='word_1_91' title='bbox 1993 1306 2101 1358; x_wconf 86' lang='lat' dir='ltr'><strong>Deo</strong></span> 
     </span>
    </p>
   </div>
   <div class='ocr_carea' id='block_1_13' title="bbox 522 1395 2101 1468">
    <p class='ocr_par' dir='ltr' id='par_1_13' title="bbox 522 1395 2101 1468">
     <span class='ocr_line' id='line_1_13' title="bbox 522 1395 2101 1468; baseline -0.005 -13"><span class='ocrx_word' id='word_1_92' title='bbox 522 1401 783 1457; x_wconf 88' lang='lat' dir='ltr'><strong>Trinitate</strong></span> <span class='ocrx_word' id='word_1_93' title='bbox 814 1418 918 1456; x_wconf 90' lang='lat' dir='ltr'><strong>non</strong></span> <span class='ocrx_word' id='word_1_94' title='bbox 949 1401 1235 1461; x_wconf 77' lang='lat' dir='ltr'><strong>sufﬁciunt,</strong></span> <span class='ocrx_word' id='word_1_95' title='bbox 1260 1400 1411 1468; x_wconf 77' lang='lat' dir='ltr'><strong>plura</strong></span> <span class='ocrx_word' id='word_1_96' title='bbox 1438 1399 1587 1465; x_wconf 77' lang='lat' dir='ltr'><strong>juxta</strong></span> <span class='ocrx_word' id='word_1_97' title='bbox 1609 1395 1937 1463; x_wconf 71' lang='lat' dir='ltr'><strong>Scriptu&#39;am</strong></span> <span class='ocrx_word' id='word_1_98' title='bbox 1997 1411 2101 1447; x_wconf 89' lang='lat' dir='ltr'><strong>non</strong></span> 
     </span>
    </p>
   </div>
   <div class='ocr_carea' id='block_1_14' title="bbox 522 1484 2098 1560">
    <p class='ocr_par' dir='ltr' id='par_1_14' title="bbox 522 1484 2098 1560">
     <span class='ocr_line' id='line_1_14' title="bbox 522 1484 2098 1560; baseline -0.006 -15"><span class='ocrx_word' id='word_1_99' title='bbox 522 1494 833 1560; x_wconf 86' lang='lat' dir='ltr'><strong>proderunt.</strong></span> <span class='ocrx_word' id='word_1_100' title='bbox 883 1492 956 1545; x_wconf 88' lang='lat' dir='ltr'><strong>De</strong></span> <span class='ocrx_word' id='word_1_101' title='bbox 993 1507 1058 1545; x_wconf 90' lang='lat' dir='ltr'><strong>eo</strong></span> <span class='ocrx_word' id='word_1_102' title='bbox 1102 1491 1242 1545; x_wconf 86' lang='lat' dir='ltr'><strong>enim</strong></span> <span class='ocrx_word' id='word_1_103' title='bbox 1280 1499 1484 1543; x_wconf 91' lang='lat' dir='ltr'><strong>tantum</strong></span> <span class='ocrx_word' id='word_1_104' title='bbox 1511 1487 1649 1556; x_wconf 89' lang='lat' dir='ltr'><strong>quod</strong></span> <span class='ocrx_word' id='word_1_105' title='bbox 1679 1502 1813 1539; x_wconf 86' lang='lat' dir='ltr'><strong>unus</strong></span> <span class='ocrx_word' id='word_1_106' title='bbox 1842 1485 1892 1538; x_wconf 89' lang='lat' dir='ltr'><strong>itt</strong></span> <span class='ocrx_word' id='word_1_107' title='bbox 1923 1484 2098 1538; x_wconf 79' lang='lat' dir='ltr'><strong>Trini-</strong></span> 
     </span>
    </p>
   </div>
   <div class='ocr_carea' id='block_1_15' title="bbox 522 1577 2099 1646">
    <p class='ocr_par' dir='ltr' id='par_1_15' title="bbox 522 1577 2099 1646">
     <span class='ocr_line' id='line_1_15' title="bbox 522 1577 2099 1646; baseline -0.003 -12"><span class='ocrx_word' id='word_1_108' title='bbox 522 1591 650 1645; x_wconf 90' lang='lat' dir='ltr'><strong>tate,</strong></span> <span class='ocrx_word' id='word_1_109' title='bbox 697 1591 751 1636; x_wconf 92' lang='lat' dir='ltr'><strong>et</strong></span> <span class='ocrx_word' id='word_1_110' title='bbox 795 1581 987 1635; x_wconf 83' lang='lat' dir='ltr'><strong>Trinus</strong></span> <span class='ocrx_word' id='word_1_111' title='bbox 1016 1581 1065 1634; x_wconf 92' lang='lat' dir='ltr'><strong>in</strong></span> <span class='ocrx_word' id='word_1_112' title='bbox 1099 1580 1298 1634; x_wconf 87' lang='lat' dir='ltr'><strong>unitate</strong></span> <span class='ocrx_word' id='word_1_113' title='bbox 1327 1588 1428 1646; x_wconf 66' lang='lat' dir='ltr'><strong>est,</strong></span> <span class='ocrx_word' id='word_1_114' title='bbox 1461 1579 1711 1632; x_wconf 73' lang='lat' dir='ltr'><strong>diximus.</strong></span> <span class='ocrx_word' id='word_1_115' title='bbox 1761 1577 1833 1629; x_wconf 73' lang='lat' dir='ltr'><strong>De</strong></span> <span class='ocrx_word' id='word_1_116' title='bbox 1871 1577 2099 1630; x_wconf 87' lang='lat' dir='ltr'><strong>essentia</strong></span> 
     </span>
    </p>
   </div>
   <div class='ocr_carea' id='block_1_16' title="bbox 522 1667 2108 1741">
    <p class='ocr_par' dir='ltr' id='par_1_16' title="bbox 522 1667 2108 1741">
     <span class='ocr_line' id='line_1_16' title="bbox 522 1667 2108 1741; baseline -0.004 -18"><span class='ocrx_word' id='word_1_117' title='bbox 522 1688 649 1727; x_wconf 79' lang='lat' dir='ltr'><strong>vero</strong></span> <span class='ocrx_word' id='word_1_118' title='bbox 678 1673 794 1740; x_wconf 87' lang='lat' dir='ltr'><strong>ejus</strong></span> <span class='ocrx_word' id='word_1_119' title='bbox 822 1673 941 1741; x_wconf 86' lang='lat' dir='ltr'><strong>quis</strong></span> <span class='ocrx_word' id='word_1_120' title='bbox 967 1671 1144 1726; x_wconf 89' lang='lat' dir='ltr'><strong>dicere</strong></span> <span class='ocrx_word' id='word_1_121' title='bbox 1171 1671 1406 1740; x_wconf 86' lang='lat' dir='ltr'><strong>poterit?</strong></span> <span class='ocrx_word' id='word_1_122' title='bbox 1435 1669 1717 1735; x_wconf 83' lang='lat' dir='ltr'><strong>Quomodo</strong></span> <span class='ocrx_word' id='word_1_123' title='bbox 1750 1687 1759 1716; x_wconf 92' lang='lat'>|</span> <span class='ocrx_word' id='word_1_124' title='bbox 1784 1667 1942 1736; x_wconf 71' lang='lat' dir='ltr'><strong>hique</strong></span> <span class='ocrx_word' id='word_1_125' title='bbox 1974 1680 2108 1733; x_wconf 75' lang='lat' dir='ltr'><strong>pta:-</strong></span> 
     </span>
    </p>
   </div>
   <div class='ocr_carea' id='block_1_17' title="bbox 2203 482 3790 553">
    <p class='ocr_par' dir='ltr' id='par_1_17' title="bbox 2203 482 3790 553">
     <span class='ocr_line' id='line_1_17' title="bbox 2203 482 3790 553; baseline -0.001 -15"><span class='ocrx_word' id='word_1_126' title='bbox 2203 484 2607 553; x_wconf 84' lang='lat' dir='ltr'><strong>profttnditatc;</strong></span> <span class='ocrx_word' id='word_1_127' title='bbox 2660 492 2713 536; x_wconf 90' lang='lat' dir='ltr'><strong>et</strong></span> <span class='ocrx_word' id='word_1_128' title='bbox 2764 482 2899 537; x_wconf 72' lang='lat' dir='ltr'><strong>sicut</strong></span> <span class='ocrx_word' id='word_1_129' title='bbox 2946 483 3126 549; x_wconf 89' lang='lat' dir='ltr'><strong>debet,</strong></span> <span class='ocrx_word' id='word_1_130' title='bbox 3178 491 3231 535; x_wconf 90' lang='lat' dir='ltr'><strong>et</strong></span> <span class='ocrx_word' id='word_1_131' title='bbox 3281 483 3454 544; x_wconf 83' lang='lat' dir='ltr'><strong>decet,</strong></span> <span class='ocrx_word' id='word_1_132' title='bbox 3506 482 3679 534; x_wconf 91' lang='lat' dir='ltr'><strong>minus</strong></span> <span class='ocrx_word' id='word_1_133' title='bbox 3726 482 3790 536; x_wconf 86' lang='lat' dir='ltr'><strong>de</strong></span> 
     </span>
    </p>
   </div>
   <div class='ocr_carea' id='block_1_18' title="bbox 2199 573 3789 642">
    <p class='ocr_par' dir='ltr' id='par_1_18' title="bbox 2199 573 3789 642">
     <span class='ocr_line' id='line_1_18' title="bbox 2199 573 3789 642; baseline -0.002 -16"><span class='ocrx_word' id='word_1_134' title='bbox 2199 585 2443 626; x_wconf 83' lang='lat' dir='ltr'><strong>creatore</strong></span> <span class='ocrx_word' id='word_1_135' title='bbox 2472 589 2538 642; x_wconf 83' lang='lat' dir='ltr'><strong>qu</strong></span> <span class='ocrx_word' id='word_1_136' title='bbox 2560 590 2627 624; x_wconf 71' lang='lat' dir='ltr'><strong>.m</strong></span> <span class='ocrx_word' id='word_1_137' title='bbox 2659 574 2722 624; x_wconf 88' lang='lat' dir='ltr'><strong>de</strong></span> <span class='ocrx_word' id='word_1_138' title='bbox 2751 581 2996 624; x_wconf 74' lang='lat' dir='ltr'><strong>creatura</strong></span> <span class='ocrx_word' id='word_1_139' title='bbox 3032 580 3262 625; x_wconf 86' lang='lat' dir='ltr'><strong>tractare</strong></span> <span class='ocrx_word' id='word_1_140' title='bbox 3309 580 3598 639; x_wconf 70' lang='lat' dir='ltr'><strong>prazsumat</strong></span> <span class='ocrx_word' id='word_1_141' title='bbox 3629 588 3641 623; x_wconf 91' lang='lat'><strong>:</strong></span> <span class='ocrx_word' id='word_1_142' title='bbox 3670 573 3789 639; x_wconf 81' lang='lat' dir='ltr'><strong>quia</strong></span> 
     </span>
    </p>
   </div>
   <div class='ocr_carea' id='block_1_19' title="bbox 2199 661 3791 730">
    <p class='ocr_par' dir='ltr' id='par_1_19' title="bbox 2199 661 3791 730">
     <span class='ocr_line' id='line_1_19' title="bbox 2199 661 3791 730; baseline -0.001 -14"><span class='ocrx_word' id='word_1_143' title='bbox 2199 663 2254 716; x_wconf 90' lang='lat' dir='ltr'><strong>in</strong></span> <span class='ocrx_word' id='word_1_144' title='bbox 2287 661 2580 730; x_wconf 86' lang='lat' dir='ltr'><strong>majoribus</strong></span> <span class='ocrx_word' id='word_1_145' title='bbox 2612 662 2837 714; x_wconf 86' lang='lat' dir='ltr'><strong>idoneus</strong></span> <span class='ocrx_word' id='word_1_146' title='bbox 2865 676 2984 714; x_wconf 87' lang='lat' dir='ltr'><strong>esse</strong></span> <span class='ocrx_word' id='word_1_147' title='bbox 3014 677 3117 714; x_wconf 78' lang='lat' dir='ltr'><strong>non</strong></span> <span class='ocrx_word' id='word_1_148' title='bbox 3147 670 3347 730; x_wconf 72' lang='lat' dir='ltr'><strong>potest,</strong></span> <span class='ocrx_word' id='word_1_149' title='bbox 3388 661 3476 727; x_wconf 88' lang='lat' dir='ltr'><strong>qui</strong></span> <span class='ocrx_word' id='word_1_150' title='bbox 3508 662 3655 730; x_wconf 90' lang='lat' dir='ltr'><strong>prius</strong></span> <span class='ocrx_word' id='word_1_151' title='bbox 3694 662 3791 714; x_wconf 81' lang='lat' dir='ltr'><strong>mi-</strong></span> 
     </span>
    </p>
   </div>
   <div class='ocr_carea' id='block_1_20' title="bbox 2200 751 3787 819">
    <p class='ocr_par' dir='ltr' id='par_1_20' title="bbox 2200 751 3787 819">
     <span class='ocr_line' id='line_1_20' title="bbox 2200 751 3787 819; baseline -0.001 -12"><span class='ocrx_word' id='word_1_152' title='bbox 2200 768 2331 807; x_wconf 87' lang='lat' dir='ltr'><strong>nora</strong></span> <span class='ocrx_word' id='word_1_153' title='bbox 2363 768 2469 807; x_wconf 94' lang='lat' dir='ltr'><strong>non</strong></span> <span class='ocrx_word' id='word_1_154' title='bbox 2502 751 2877 819; x_wconf 82' lang='lat' dir='ltr'><strong>investigavit;</strong></span> <span class='ocrx_word' id='word_1_155' title='bbox 2909 761 2963 804; x_wconf 89' lang='lat' dir='ltr'><strong>et</strong></span> <span class='ocrx_word' id='word_1_156' title='bbox 2987 751 3072 804; x_wconf 92' lang='lat' dir='ltr'><strong>cui</strong></span> <span class='ocrx_word' id='word_1_157' title='bbox 3106 752 3156 804; x_wconf 94' lang='lat' dir='ltr'><strong>in</strong></span> <span class='ocrx_word' id='word_1_158' title='bbox 3187 751 3481 805; x_wconf 69' lang='lat' dir='ltr'><strong>minoribus</strong></span> <span class='ocrx_word' id='word_1_159' title='bbox 3524 767 3631 804; x_wconf 93' lang='lat' dir='ltr'><strong>non</strong></span> <span class='ocrx_word' id='word_1_160' title='bbox 3678 766 3787 806; x_wconf 85' lang='lat' dir='ltr'><strong>cre-</strong></span> 
     </span>
    </p>
   </div>
   <div class='ocr_carea' id='block_1_21' title="bbox 2198 830 3789 936">
    <p class='ocr_par' dir='ltr' id='par_1_21' title="bbox 2198 830 3789 936">
     <span class='ocr_line' id='line_1_21' title="bbox 2198 830 3789 936; baseline -0.003 -40"><span class='ocrx_word' id='word_1_161' title='bbox 2198 844 2365 906; x_wconf 75' lang='lat' dir='ltr'><strong>ditur,</strong></span> <span class='ocrx_word' id='word_1_162' title='bbox 2416 844 2467 897; x_wconf 91' lang='lat' dir='ltr'><strong>in</strong></span> <span class='ocrx_word' id='word_1_163' title='bbox 2514 830 3105 936; x_wconf 59' lang='lat' dir='ltr'><strong>tnajoribt‘quomodo</strong></span> <span class='ocrx_word' id='word_1_164' title='bbox 3151 840 3476 894; x_wconf 88' lang='lat' dir='ltr'><strong>credendum</strong></span> <span class='ocrx_word' id='word_1_165' title='bbox 3522 840 3644 894; x_wconf 75' lang='lat' dir='ltr'><strong>est?</strong></span> <span class='ocrx_word' id='word_1_166' title='bbox 3691 839 3789 905; x_wconf 90' lang='lat' dir='ltr'><strong>Qui</strong></span> 
     </span>
    </p>
   </div>
   <div class='ocr_carea' id='block_1_22' title="bbox 2198 928 3794 999">
    <p class='ocr_par' dir='ltr' id='par_1_22' title="bbox 2198 928 3794 999">
     <span class='ocr_line' id='line_1_22' title="bbox 2198 928 3794 999; baseline -0.001 -15"><span class='ocrx_word' id='word_1_167' title='bbox 2198 933 2362 994; x_wconf 77' lang='lat' dir='ltr'><strong>enim,</strong></span> <span class='ocrx_word' id='word_1_168' title='bbox 2409 944 2563 999; x_wconf 89' lang='lat' dir='ltr'><strong>rogo,</strong></span> <span class='ocrx_word' id='word_1_169' title='bbox 2594 928 2813 984; x_wconf 63' lang='lat' dir='ltr'><strong>terrena</strong></span> <span class='ocrx_word' id='word_1_170' title='bbox 2835 930 3063 996; x_wconf 70' lang='lat' dir='ltr'><strong>ignorat,</strong></span> <span class='ocrx_word' id='word_1_171' title='bbox 3095 928 3335 983; x_wconf 46' lang='lat' dir='ltr'><strong>coelestia</strong></span> <span class='ocrx_word' id='word_1_172' title='bbox 3363 944 3461 982; x_wconf 90' lang='lat' dir='ltr'><strong>cur</strong></span> <span class='ocrx_word' id='word_1_173' title='bbox 3486 930 3794 983; x_wconf 71' lang='lat' dir='ltr'><strong>scrutatur?</strong></span> 
     </span>
    </p>
   </div>
   <div class='ocr_carea' id='block_1_23' title="bbox 2198 1020 3795 1091">
    <p class='ocr_par' dir='ltr' id='par_1_23' title="bbox 2198 1020 3795 1091">
     <span class='ocr_line' id='line_1_23' title="bbox 2198 1020 3795 1091; baseline 0 -16"><span class='ocrx_word' id='word_1_174' title='bbox 2198 1020 2307 1075; x_wconf 83' lang='lat' dir='ltr'><strong>Oli!</strong></span> <span class='ocrx_word' id='word_1_175' title='bbox 2341 1021 2434 1091; x_wconf 91' lang='lat' dir='ltr'><strong>qui</strong></span> <span class='ocrx_word' id='word_1_176' title='bbox 2468 1037 2601 1075; x_wconf 88' lang='lat' dir='ltr'><strong>vana</strong></span> <span class='ocrx_word' id='word_1_177' title='bbox 2631 1022 2920 1090; x_wconf 87' lang='lat' dir='ltr'><strong>loquuntur</strong></span> <span class='ocrx_word' id='word_1_178' title='bbox 2946 1037 3049 1075; x_wconf 89' lang='lat' dir='ltr'><strong>non</strong></span> <span class='ocrx_word' id='word_1_179' title='bbox 3078 1021 3438 1091; x_wconf 81' lang='lat' dir='ltr'><strong>intelligentes,</strong></span> <span class='ocrx_word' id='word_1_180' title='bbox 3463 1021 3617 1089; x_wconf 78' lang='lat' dir='ltr'><strong>juxta</strong></span> <span class='ocrx_word' id='word_1_181' title='bbox 3650 1024 3795 1090; x_wconf 83' lang='lat' dir='ltr'><strong>Apo-</strong></span> 
     </span>
    </p>
   </div>
   <div class='ocr_carea' id='block_1_24' title="bbox 2199 1111 3795 1183">
    <p class='ocr_par' dir='ltr' id='par_1_24' title="bbox 2199 1111 3795 1183">
     <span class='ocr_line' id='line_1_24' title="bbox 2199 1111 3795 1183; baseline 0.001 -20"><span class='ocrx_word' id='word_1_182' title='bbox 2199 1111 2419 1174; x_wconf 84' lang='lat' dir='ltr'><strong>stolum,</strong></span> <span class='ocrx_word' id='word_1_183' title='bbox 2466 1128 2627 1181; x_wconf 84' lang='lat' dir='ltr'><strong>neque</strong></span> <span class='ocrx_word' id='word_1_184' title='bbox 2665 1127 2779 1181; x_wconf 70' lang='lat' dir='ltr'><strong>quae</strong></span> <span class='ocrx_word' id='word_1_185' title='bbox 2807 1111 3100 1183; x_wconf 83' lang='lat' dir='ltr'><strong>loquuntur,</strong></span> <span class='ocrx_word' id='word_1_186' title='bbox 3150 1128 3311 1182; x_wconf 87' lang='lat' dir='ltr'><strong>neque</strong></span> <span class='ocrx_word' id='word_1_187' title='bbox 3339 1112 3405 1165; x_wconf 89' lang='lat' dir='ltr'><strong>de</strong></span> <span class='ocrx_word' id='word_1_188' title='bbox 3431 1112 3613 1181; x_wconf 84' lang='lat' dir='ltr'><strong>quibus</strong></span> <span class='ocrx_word' id='word_1_189' title='bbox 3641 1112 3795 1181; x_wconf 67' lang='lat' dir='ltr'><strong>ajﬁr-</strong></span> 
     </span>
    </p>
   </div>
   <div class='ocr_carea' id='block_1_25' title="bbox 2202 1200 3797 1271">
    <p class='ocr_par' dir='ltr' id='par_1_25' title="bbox 2202 1200 3797 1271">
     <span class='ocr_line' id='line_1_25' title="bbox 2202 1200 3797 1271; baseline 0.001 -17"><span class='ocrx_word' id='word_1_190' title='bbox 2202 1211 2344 1255; x_wconf 86' lang='lat' dir='ltr'><strong>mant</strong></span> <span class='ocrx_word' id='word_1_191' title='bbox 2374 1201 2425 1271; x_wconf 80' lang='grc'><strong>(1</strong></span> <span class='ocrx_word' id='word_1_192' title='bbox 2460 1200 2592 1255; x_wconf 88' lang='lat' dir='ltr'><strong>Tim.</strong></span> <span class='ocrx_word' id='word_1_193' title='bbox 2624 1217 2665 1264; x_wconf 86' lang='grc' dir='ltr'><strong>ι,</strong></span> <span class='ocrx_word' id='word_1_194' title='bbox 2698 1201 2769 1269; x_wconf 85' lang='grc'><strong>7).</strong></span> <span class='ocrx_word' id='word_1_195' title='bbox 2800 1200 2968 1267; x_wconf 86' lang='lat' dir='ltr'><strong>Quam</strong></span> <span class='ocrx_word' id='word_1_196' title='bbox 2996 1201 3148 1255; x_wconf 88' lang='lat' dir='ltr'><strong>multi</strong></span> <span class='ocrx_word' id='word_1_197' title='bbox 3175 1202 3341 1267; x_wconf 86' lang='lat' dir='ltr'><strong>enim,</strong></span> <span class='ocrx_word' id='word_1_198' title='bbox 3367 1203 3560 1269; x_wconf 84' lang='lat' dir='ltr'><strong>quibus</strong></span> <span class='ocrx_word' id='word_1_199' title='bbox 3588 1212 3673 1257; x_wconf 83' lang='lat' dir='ltr'><strong>est</strong></span> <span class='ocrx_word' id='word_1_200' title='bbox 3701 1218 3797 1268; x_wconf 67' lang='grc' dir='ltr'><strong>η’,</strong></span> 
     </span>
    </p>
   </div>
   <div class='ocr_carea' id='block_1_26' title="bbox 2207 1292 3798 1362">
    <p class='ocr_par' dir='ltr' id='par_1_26' title="bbox 2207 1292 3798 1362">
     <span class='ocr_line' id='line_1_26' title="bbox 2207 1292 3798 1362; baseline -0.001 -15"><span class='ocrx_word' id='word_1_201' title='bbox 2207 1293 2377 1362; x_wconf 76' lang='lat' dir='ltr'><strong>fragili</strong></span> <span class='ocrx_word' id='word_1_202' title='bbox 2421 1294 2545 1347; x_wconf 88' lang='lat' dir='ltr'><strong>licet</strong></span> <span class='ocrx_word' id='word_1_203' title='bbox 2581 1307 2776 1361; x_wconf 88' lang='lat' dir='ltr'><strong>penna,</strong></span> <span class='ocrx_word' id='word_1_204' title='bbox 2825 1294 2877 1346; x_wconf 92' lang='lat' dir='ltr'><strong>in</strong></span> <span class='ocrx_word' id='word_1_205' title='bbox 2919 1298 3082 1346; x_wconf 87' lang='lat' dir='ltr'><strong>altum</strong></span> <span class='ocrx_word' id='word_1_206' title='bbox 3122 1292 3308 1347; x_wconf 79' lang='lat' dir='ltr'><strong>volare</strong></span> <span class='ocrx_word' id='word_1_207' title='bbox 3351 1292 3608 1357; x_wconf 81' lang='lat' dir='ltr'><strong>nitentes,</strong></span> <span class='ocrx_word' id='word_1_208' title='bbox 3647 1302 3705 1346; x_wconf 90' lang='lat' dir='ltr'><strong>et</strong></span> <span class='ocrx_word' id='word_1_209' title='bbox 3745 1292 3798 1346; x_wconf 95' lang='lat' dir='ltr'><strong>in</strong></span> 
     </span>
    </p>
   </div>
   <div class='ocr_carea' id='block_1_27' title="bbox 2205 1381 3796 1452">
    <p class='ocr_par' dir='ltr' id='par_1_27' title="bbox 2205 1381 3796 1452">
     <span class='ocr_line' id='line_1_27' title="bbox 2205 1381 3796 1452; baseline 0 -14"><span class='ocrx_word' id='word_1_210' title='bbox 2205 1385 2401 1438; x_wconf 74' lang='lat' dir='ltr'><strong>cmlum</strong></span> <span class='ocrx_word' id='word_1_211' title='bbox 2447 1398 2509 1437; x_wconf 89' lang='lat' dir='ltr'><strong>os</strong></span> <span class='ocrx_word' id='word_1_212' title='bbox 2551 1398 2704 1437; x_wconf 90' lang='lat' dir='ltr'><strong>suum</strong></span> <span class='ocrx_word' id='word_1_213' title='bbox 2751 1391 3010 1451; x_wconf 77' lang='lat' dir='ltr'><strong>ponentes</strong></span> <span class='ocrx_word' id='word_1_214' title='bbox 3050 1391 3329 1447; x_wconf 68' lang='lat' dir='ltr'><strong>creatum,</strong></span> <span class='ocrx_word' id='word_1_215' title='bbox 3362 1381 3446 1436; x_wconf 89' lang='lat' dir='ltr'><strong>vel</strong></span> <span class='ocrx_word' id='word_1_216' title='bbox 3475 1397 3570 1452; x_wconf 89' lang='lat' dir='ltr'><strong>per</strong></span> <span class='ocrx_word' id='word_1_217' title='bbox 3600 1395 3796 1452; x_wconf 79' lang='lat' dir='ltr'><strong>partes,</strong></span> 
     </span>
    </p>
   </div>
   <div class='ocr_carea' id='block_1_28' title="bbox 2208 1471 3800 1546">
    <p class='ocr_par' dir='ltr' id='par_1_28' title="bbox 2208 1471 3800 1546">
     <span class='ocr_line' id='line_1_28' title="bbox 2208 1471 3800 1546; baseline 0.001 -21"><span class='ocrx_word' id='word_1_218' title='bbox 2208 1479 2267 1525; x_wconf 93' lang='lat' dir='ltr'><strong>ut</strong></span> <span class='ocrx_word' id='word_1_219' title='bbox 2296 1486 2399 1525; x_wconf 94' lang='lat' dir='ltr'><strong>non</strong></span> <span class='ocrx_word' id='word_1_220' title='bbox 2429 1472 2601 1526; x_wconf 88' lang='lat' dir='ltr'><strong>dicam</strong></span> <span class='ocrx_word' id='word_1_221' title='bbox 2633 1486 2842 1537; x_wconf 88' lang='lat' dir='ltr'><strong>omnes,</strong></span> <span class='ocrx_word' id='word_1_222' title='bbox 2883 1474 3093 1525; x_wconf 70' lang='lat' dir='ltr'><strong>ratione</strong></span> <span class='ocrx_word' id='word_1_223' title='bbox 3122 1482 3246 1526; x_wconf 83' lang='lat' dir='ltr'><strong>ante</strong></span> <span class='ocrx_word' id='word_1_224' title='bbox 3272 1487 3379 1526; x_wconf 90' lang='lat' dir='ltr'><strong>non</strong></span> <span class='ocrx_word' id='word_1_225' title='bbox 3402 1473 3634 1527; x_wconf 88' lang='lat' dir='ltr'><strong>collecta</strong></span> <span class='ocrx_word' id='word_1_226' title='bbox 3679 1471 3800 1546; x_wconf 82' lang='lat' dir='ltr'><strong>[Co-</strong></span> 
     </span>
    </p>
   </div>
   <div class='ocr_carea' id='block_1_29' title="bbox 2209 1559 3800 1635">
    <p class='ocr_par' dir='ltr' id='par_1_29' title="bbox 2209 1559 3800 1635">
     <span class='ocr_line' id='line_1_29' title="bbox 2209 1559 3800 1635; baseline 0.004 -21"><span class='ocrx_word' id='word_1_227' title='bbox 2209 1563 2330 1626; x_wconf 73' lang='lat' dir='ltr'><strong>dex,</strong></span> <span class='ocrx_word' id='word_1_228' title='bbox 2362 1561 2624 1626; x_wconf 90' lang='lat' dir='ltr'><strong>mendose,</strong></span> <span class='ocrx_word' id='word_1_229' title='bbox 2654 1563 2795 1616; x_wconf 63' lang='lat' dir='ltr'><strong>enim</strong></span> <span class='ocrx_word' id='word_1_230' title='bbox 2817 1559 2966 1631; x_wconf 83' lang='lat' dir='ltr'><strong>coli],</strong></span> <span class='ocrx_word' id='word_1_231' title='bbox 2998 1562 3224 1631; x_wconf 63' lang='lat' dir='ltr'><strong>primum</strong></span> <span class='ocrx_word' id='word_1_232' title='bbox 3254 1564 3321 1617; x_wconf 91' lang='lat' dir='ltr'><strong>de</strong></span> <span class='ocrx_word' id='word_1_233' title='bbox 3347 1578 3554 1617; x_wconf 87' lang='lat' dir='ltr'><strong>summa</strong></span> <span class='ocrx_word' id='word_1_234' title='bbox 3586 1564 3800 1635; x_wconf 68' lang='lat' dir='ltr'><strong>profun-</strong></span> 
     </span>
    </p>
   </div>
   <div class='ocr_carea' id='block_1_30' title="bbox 2210 1654 3801 1726">
    <p class='ocr_par' dir='ltr' id='par_1_30' title="bbox 2210 1654 3801 1726">
     <span class='ocr_line' id='line_1_30' title="bbox 2210 1654 3801 1726; baseline 0.002 -18"><span class='ocrx_word' id='word_1_235' title='bbox 2210 1656 2377 1708; x_wconf 88' lang='lat' dir='ltr'><strong>ditate</strong></span> <span class='ocrx_word' id='word_1_236' title='bbox 2409 1654 2682 1708; x_wconf 88' lang='lat' dir='ltr'><strong>immundo</strong></span> <span class='ocrx_word' id='word_1_237' title='bbox 2724 1656 2886 1709; x_wconf 90' lang='lat' dir='ltr'><strong>corde</strong></span> <span class='ocrx_word' id='word_1_238' title='bbox 2926 1664 2981 1708; x_wconf 87' lang='lat' dir='ltr'><strong>et</strong></span> <span class='ocrx_word' id='word_1_239' title='bbox 3008 1655 3218 1725; x_wconf 91' lang='lat' dir='ltr'><strong>impuro</strong></span> <span class='ocrx_word' id='word_1_240' title='bbox 3256 1671 3352 1710; x_wconf 91' lang='lat' dir='ltr'><strong>ore</strong></span> <span class='ocrx_word' id='word_1_241' title='bbox 3379 1656 3575 1712; x_wconf 90' lang='lat' dir='ltr'><strong>docere</strong></span> <span class='ocrx_word' id='word_1_242' title='bbox 3602 1673 3801 1726; x_wconf 62' lang='lat' dir='ltr'><strong>pret-u-</strong></span> 
     </span>
    </p>
   </div>
   <div class='ocr_carea' id='block_1_31' title="bbox 521 1745 3801 1828">
    <p class='ocr_par' dir='ltr' id='par_1_31' title="bbox 521 1745 3801 1828">
     <span class='ocr_line' id='line_1_31' title="bbox 521 1745 3801 1828; baseline -0.003 -13"><span class='ocrx_word' id='word_1_243' title='bbox 521 1777 667 1824; x_wconf 79' lang='lat' dir='ltr'><strong>setis,</strong></span> <span class='ocrx_word' id='word_1_244' title='bbox 715 1772 769 1816; x_wconf 88' lang='lat' dir='ltr'><strong>et</strong></span> <span class='ocrx_word' id='word_1_245' title='bbox 820 1761 1090 1815; x_wconf 78' lang='lat' dir='ltr'><strong>invisibilis</strong></span> <span class='ocrx_word' id='word_1_246' title='bbox 1136 1769 1236 1819; x_wconf 81' lang='lat' dir='ltr'><strong>est,</strong></span> <span class='ocrx_word' id='word_1_247' title='bbox 1290 1759 1372 1812; x_wconf 79' lang='lat' dir='ltr'><strong>vel</strong></span> <span class='ocrx_word' id='word_1_248' title='bbox 1420 1756 1865 1828; x_wconf 71' lang='lat' dir='ltr'><strong>quemadmodum</strong></span> <span class='ocrx_word' id='word_1_249' title='bbox 1910 1754 2103 1809; x_wconf 75' lang='lat' dir='ltr'><strong>caelum</strong></span> <span class='ocrx_word' id='word_1_250' title='bbox 2139 1758 2182 1814; x_wconf 71' lang='grc' dir='ltr'><strong>Β</strong></span> <span class='ocrx_word' id='word_1_251' title='bbox 2211 1753 2382 1813; x_wconf 83' lang='grc' dir='ltr'>ιηυιιι,</span> <span class='ocrx_word' id='word_1_252' title='bbox 2432 1760 2538 1799; x_wconf 86' lang='lat' dir='ltr'><strong>non</strong></span> <span class='ocrx_word' id='word_1_253' title='bbox 2592 1745 2949 1813; x_wconf 71' lang='lat' dir='ltr'><strong>intelligenles</strong></span> <span class='ocrx_word' id='word_1_254' title='bbox 2978 1745 3120 1814; x_wconf 87' lang='lat' dir='ltr'><strong>quod</strong></span> <span class='ocrx_word' id='word_1_255' title='bbox 3151 1761 3256 1798; x_wconf 86' lang='lat' dir='ltr'><strong>non</strong></span> <span class='ocrx_word' id='word_1_256' title='bbox 3287 1746 3503 1811; x_wconf 78' lang='lat' dir='ltr'><strong>verbis,</strong></span> <span class='ocrx_word' id='word_1_257' title='bbox 3552 1747 3649 1801; x_wconf 82' lang='lat' dir='ltr'><strong>sed</strong></span> <span class='ocrx_word' id='word_1_258' title='bbox 3701 1747 3801 1802; x_wconf 79' lang='lat' dir='ltr'><strong>ﬁde</strong></span> 
     </span>
    </p>
   </div>
   <div class='ocr_carea' id='block_1_32' title="bbox 521 1845 2101 1920">
    <p class='ocr_par' dir='ltr' id='par_1_32' title="bbox 521 1845 2101 1920">
     <span class='ocr_line' id='line_1_32' title="bbox 521 1845 2101 1920; baseline -0.004 -15"><span class='ocrx_word' id='word_1_259' title='bbox 521 1863 576 1906; x_wconf 81' lang='lat' dir='ltr'><strong>et</strong></span> <span class='ocrx_word' id='word_1_260' title='bbox 602 1862 819 1920; x_wconf 77' lang='lat' dir='ltr'><strong>terram,</strong></span> <span class='ocrx_word' id='word_1_261' title='bbox 846 1862 901 1907; x_wconf 90' lang='lat' dir='ltr'><strong>et</strong></span> <span class='ocrx_word' id='word_1_262' title='bbox 924 1866 1136 1907; x_wconf 90' lang='lat' dir='ltr'><strong>omnem</strong></span> <span class='ocrx_word' id='word_1_263' title='bbox 1169 1859 1469 1906; x_wconf 91' lang='lat' dir='ltr'><strong>creaturam</strong></span> <span class='ocrx_word' id='word_1_264' title='bbox 1501 1851 1725 1917; x_wconf 78' lang='lat' dir='ltr'><strong>repleat,</strong></span> <span class='ocrx_word' id='word_1_265' title='bbox 1752 1848 1903 1914; x_wconf 78' lang='lat' dir='ltr'><strong>juxta</strong></span> <span class='ocrx_word' id='word_1_266' title='bbox 1935 1845 2060 1899; x_wconf 89' lang='lat' dir='ltr'><strong>illud</strong></span> <span class='ocrx_word' id='word_1_267' title='bbox 2090 1863 2101 1898; x_wconf 94' lang='lat'>:</span> 
     </span>
    </p>
   </div>
   <div class='ocr_carea' id='block_1_33' title="bbox 521 1936 2106 2010">
    <p class='ocr_par' dir='ltr' id='par_1_33' title="bbox 521 1936 2106 2010">
     <span class='ocr_line' id='line_1_33' title="bbox 521 1936 2106 2010; baseline -0.003 -16"><span class='ocrx_word' id='word_1_268' title='bbox 521 1941 710 1996; x_wconf 82' lang='lat' dir='ltr'><strong>Nonne</strong></span> <span class='ocrx_word' id='word_1_269' title='bbox 750 1942 930 1995; x_wconf 69' lang='lat' dir='ltr'><strong>(mlum</strong></span> <span class='ocrx_word' id='word_1_270' title='bbox 976 1951 1024 1993; x_wconf 89' lang='lat' dir='ltr'><strong>et</strong></span> <span class='ocrx_word' id='word_1_271' title='bbox 1068 1948 1257 1994; x_wconf 82' lang='lat' dir='ltr'><strong>terram</strong></span> <span class='ocrx_word' id='word_1_272' title='bbox 1297 1957 1388 2010; x_wconf 86' lang='lat' dir='ltr'><strong>ego</strong></span> <span class='ocrx_word' id='word_1_273' title='bbox 1434 1939 1653 2005; x_wconf 83' lang='lat' dir='ltr'><strong>impleo?</strong></span> <span class='ocrx_word' id='word_1_274' title='bbox 1704 1938 1827 1991; x_wconf 81' lang='lat' dir='ltr'><strong>dicit</strong></span> <span class='ocrx_word' id='word_1_275' title='bbox 1858 1936 2106 1990; x_wconf 75' lang='lat' dir='ltr'><strong>Dominus</strong></span> 
     </span>
    </p>
   </div>
   <div class='ocr_carea' id='block_1_34' title="bbox 521 2026 2104 2099">
    <p class='ocr_par' dir='ltr' id='par_1_34' title="bbox 521 2026 2104 2099">
     <span class='ocr_line' id='line_1_34' title="bbox 521 2026 2104 2099; baseline -0.003 -16"><span class='ocrx_word' id='word_1_276' title='bbox 521 2028 654 2095; x_wconf 79' lang='lat' dir='ltr'><strong>(Jer.</strong></span> <span class='ocrx_word' id='word_1_277' title='bbox 703 2046 848 2093; x_wconf 69' lang='grc' dir='ltr'>χχιιι,</span> <span class='ocrx_word' id='word_1_278' title='bbox 892 2028 1003 2099; x_wconf 65' lang='grc' dir='ltr'>ει).</span> <span class='ocrx_word' id='word_1_279' title='bbox 1059 2027 1124 2081; x_wconf 84' lang='grc' dir='ltr'>Ει</span> <span class='ocrx_word' id='word_1_280' title='bbox 1160 2028 1285 2081; x_wconf 90' lang='lat' dir='ltr'><strong>alibi</strong></span> <span class='ocrx_word' id='word_1_281' title='bbox 1321 2046 1332 2079; x_wconf 87' lang='lat'>:</span> <span class='ocrx_word' id='word_1_282' title='bbox 1366 2029 1592 2097; x_wconf 84' lang='lat' dir='ltr'><strong>Spiritus</strong></span> <span class='ocrx_word' id='word_1_283' title='bbox 1643 2026 1767 2088; x_wconf 83' lang='lat' dir='ltr'><strong>Dei,</strong></span> <span class='ocrx_word' id='word_1_284' title='bbox 1813 2026 2104 2079; x_wconf 61' lang='grc' dir='ltr'>εεευιιόιιηι</span> 
     </span>
    </p>
   </div>
   <div class='ocr_carea' id='block_1_35' title="bbox 516 2116 2110 2189">
    <p class='ocr_par' dir='ltr' id='par_1_35' title="bbox 516 2116 2110 2189">
     <span class='ocr_line' id='line_1_35' title="bbox 516 2116 2110 2189; baseline -0.001 -18"><span class='ocrx_word' id='word_1_285' title='bbox 516 2120 830 2189; x_wconf 83' lang='lat' dir='ltr'><strong>prOphetam</strong></span> <span class='ocrx_word' id='word_1_286' title='bbox 854 2158 867 2183; x_wconf 90' lang='lat'><strong>,</strong></span> <span class='ocrx_word' id='word_1_287' title='bbox 906 2119 1113 2189; x_wconf 79' lang='lat' dir='ltr'><strong>replevit</strong></span> <span class='ocrx_word' id='word_1_288' title='bbox 1149 2117 1322 2171; x_wconf 88' lang='lat' dir='ltr'><strong>orbem</strong></span> <span class='ocrx_word' id='word_1_289' title='bbox 1365 2130 1616 2170; x_wconf 78' lang='lat' dir='ltr'><strong>terrarum</strong></span> <span class='ocrx_word' id='word_1_290' title='bbox 1659 2116 1811 2186; x_wconf 76' lang='lat' dir='ltr'><strong>(Sep.</strong></span> <span class='ocrx_word' id='word_1_291' title='bbox 1854 2132 1893 2181; x_wconf 91' lang='grc' dir='ltr'><strong>ι,</strong></span> <span class='ocrx_word' id='word_1_292' title='bbox 1932 2117 2009 2184; x_wconf 86' lang='lat'><strong>7).</strong></span> <span class='ocrx_word' id='word_1_293' title='bbox 2045 2116 2110 2169; x_wconf 79' lang='grc' dir='ltr'><strong>Ει</strong></span> 
     </span>
    </p>
   </div>
   <div class='ocr_carea' id='block_1_36' title="bbox 518 2208 2109 2270">
    <p class='ocr_par' dir='ltr' id='par_1_36' title="bbox 518 2208 2109 2270">
     <span class='ocr_line' id='line_1_36' title="bbox 518 2208 2109 2270; baseline -0.002 -8"><span class='ocrx_word' id='word_1_294' title='bbox 518 2211 710 2263; x_wconf 83' lang='lat' dir='ltr'><strong>iterum</strong></span> <span class='ocrx_word' id='word_1_295' title='bbox 743 2227 755 2261; x_wconf 91' lang='lat'><strong>:</strong></span> <span class='ocrx_word' id='word_1_296' title='bbox 780 2208 971 2262; x_wconf 72' lang='lat' dir='ltr'><strong>Caelum</strong></span> <span class='ocrx_word' id='word_1_297' title='bbox 1001 2209 1127 2261; x_wconf 82' lang='lat' dir='ltr'><strong>mihi</strong></span> <span class='ocrx_word' id='word_1_298' title='bbox 1153 2208 1299 2261; x_wconf 82' lang='lat' dir='ltr'><strong>sedes</strong></span> <span class='ocrx_word' id='word_1_299' title='bbox 1327 2218 1420 2270; x_wconf 82' lang='lat' dir='ltr'><strong>est,</strong></span> <span class='ocrx_word' id='word_1_300' title='bbox 1473 2219 1608 2260; x_wconf 84' lang='lat' dir='ltr'><strong>terra</strong></span> <span class='ocrx_word' id='word_1_301' title='bbox 1636 2216 1805 2260; x_wconf 80' lang='lat' dir='ltr'><strong>autent</strong></span> <span class='ocrx_word' id='word_1_302' title='bbox 1834 2208 2109 2260; x_wconf 84' lang='lat' dir='ltr'><strong>scabellum</strong></span> 
     </span>
    </p>
   </div>
   <div class='ocr_carea' id='block_1_37' title="bbox 514 2297 2108 2367">
    <p class='ocr_par' dir='ltr' id='par_1_37' title="bbox 514 2297 2108 2367">
     <span class='ocr_line' id='line_1_37' title="bbox 514 2297 2108 2367; baseline -0.003 -15"><span class='ocrx_word' id='word_1_303' title='bbox 514 2299 702 2367; x_wconf 84' lang='lat' dir='ltr'><strong>pedum</strong></span> <span class='ocrx_word' id='word_1_304' title='bbox 734 2315 958 2353; x_wconf 88' lang='lat' dir='ltr'><strong>meorum</strong></span> <span class='ocrx_word' id='word_1_305' title='bbox 988 2298 1119 2367; x_wconf 84' lang='lat' dir='ltr'><strong>(lsa.</strong></span> <span class='ocrx_word' id='word_1_306' title='bbox 1153 2315 1296 2362; x_wconf 76' lang='grc' dir='ltr'>ιινι,</span> <span class='ocrx_word' id='word_1_307' title='bbox 1336 2300 1404 2366; x_wconf 85' lang='lat' dir='ltr'><strong>l).</strong></span> <span class='ocrx_word' id='word_1_308' title='bbox 1440 2298 1579 2352; x_wconf 86' lang='lat' dir='ltr'><strong>Deus</strong></span> <span class='ocrx_word' id='word_1_309' title='bbox 1608 2312 1737 2364; x_wconf 85' lang='lat' dir='ltr'><strong>ergo</strong></span> <span class='ocrx_word' id='word_1_310' title='bbox 1765 2297 1964 2365; x_wconf 78' lang='lat' dir='ltr'><strong>ubiqoe</strong></span> <span class='ocrx_word' id='word_1_311' title='bbox 2004 2303 2108 2360; x_wconf 90' lang='lat' dir='ltr'><strong>est,</strong></span> 
     </span>
    </p>
   </div>
   <div class='ocr_carea' id='block_1_38' title="bbox 519 2385 2110 2458">
    <p class='ocr_par' dir='ltr' id='par_1_38' title="bbox 519 2385 2110 2458">
     <span class='ocr_line' id='line_1_38' title="bbox 519 2385 2110 2458; baseline -0.003 -16"><span class='ocrx_word' id='word_1_312' title='bbox 519 2392 807 2445; x_wconf 86' lang='lat' dir='ltr'><strong>immensus</strong></span> <span class='ocrx_word' id='word_1_313' title='bbox 836 2398 1000 2453; x_wconf 89' lang='lat' dir='ltr'><strong>totus,</strong></span> <span class='ocrx_word' id='word_1_314' title='bbox 1033 2399 1088 2444; x_wconf 90' lang='lat' dir='ltr'><strong>et</strong></span> <span class='ocrx_word' id='word_1_315' title='bbox 1119 2390 1313 2458; x_wconf 82' lang='lat' dir='ltr'><strong>ubique</strong></span> <span class='ocrx_word' id='word_1_316' title='bbox 1340 2389 1615 2458; x_wconf 78' lang='lat' dir='ltr'><strong>prosimus</strong></span> <span class='ocrx_word' id='word_1_317' title='bbox 1652 2387 1803 2455; x_wconf 76' lang='lat' dir='ltr'><strong>juxta</strong></span> <span class='ocrx_word' id='word_1_318' title='bbox 1846 2401 1999 2439; x_wconf 91' lang='lat' dir='ltr'><strong>suum</strong></span> <span class='ocrx_word' id='word_1_319' title='bbox 2042 2385 2110 2438; x_wconf 89' lang='lat' dir='ltr'><strong>de</strong></span> 
     </span>
    </p>
   </div>
   <div class='ocr_carea' id='block_1_39' title="bbox 516 2477 2105 2552">
    <p class='ocr_par' dir='ltr' id='par_1_39' title="bbox 516 2477 2105 2552">
     <span class='ocr_line' id='line_1_39' title="bbox 516 2477 2105 2552; baseline -0.004 -17"><span class='ocrx_word' id='word_1_320' title='bbox 516 2497 576 2536; x_wconf 88' lang='lat' dir='ltr'><strong>se</strong></span> <span class='ocrx_word' id='word_1_321' title='bbox 604 2482 968 2537; x_wconf 59' lang='lat' dir='ltr'><strong>testimonium</strong></span> <span class='ocrx_word' id='word_1_322' title='bbox 996 2500 1008 2533; x_wconf 93' lang='lat'><strong><em>:</em></strong></span> <span class='ocrx_word' id='word_1_323' title='bbox 1039 2482 1146 2552; x_wconf 80' lang='lat' dir='ltr'><strong>Ego</strong></span> <span class='ocrx_word' id='word_1_324' title='bbox 1175 2497 1306 2544; x_wconf 86' lang='lat' dir='ltr'><strong>sum,</strong></span> <span class='ocrx_word' id='word_1_325' title='bbox 1341 2481 1541 2548; x_wconf 88' lang='lat' dir='ltr'><strong>inquit,</strong></span> <span class='ocrx_word' id='word_1_326' title='bbox 1599 2477 1736 2532; x_wconf 85' lang='lat' dir='ltr'><strong>Deus</strong></span> <span class='ocrx_word' id='word_1_327' title='bbox 1781 2478 2105 2548; x_wconf 71' lang='lat' dir='ltr'><strong>proximatts,</strong></span> 
     </span>
    </p>
   </div>
   <div class='ocr_carea' id='block_1_40' title="bbox 517 2568 2107 2642">
    <p class='ocr_par' dir='ltr' id='par_1_40' title="bbox 517 2568 2107 2642">
     <span class='ocr_line' id='line_1_40' title="bbox 517 2568 2107 2642; baseline -0.001 -20"><span class='ocrx_word' id='word_1_328' title='bbox 517 2581 565 2623; x_wconf 85' lang='lat' dir='ltr'><strong>et</strong></span> <span class='ocrx_word' id='word_1_329' title='bbox 589 2587 693 2624; x_wconf 83' lang='lat' dir='ltr'><strong>non</strong></span> <span class='ocrx_word' id='word_1_330' title='bbox 722 2570 859 2625; x_wconf 85' lang='lat' dir='ltr'><strong>Deus</strong></span> <span class='ocrx_word' id='word_1_331' title='bbox 887 2571 949 2624; x_wconf 90' lang='lat' dir='ltr'><strong>de</strong></span> <span class='ocrx_word' id='word_1_332' title='bbox 974 2571 1127 2641; x_wconf 84' lang='lat' dir='ltr'><strong>longe</strong></span> <span class='ocrx_word' id='word_1_333' title='bbox 1156 2570 1288 2642; x_wconf 84' lang='lat' dir='ltr'><strong>(Jer.</strong></span> <span class='ocrx_word' id='word_1_334' title='bbox 1322 2586 1470 2634; x_wconf 79' lang='lat' dir='ltr'><strong>xxnt,</strong></span> <span class='ocrx_word' id='word_1_335' title='bbox 1499 2568 1610 2640; x_wconf 74' lang='lat'><strong>25).</strong></span> <span class='ocrx_word' id='word_1_336' title='bbox 1646 2568 1760 2623; x_wconf 87' lang='lat' dir='ltr'><strong>Non</strong></span> <span class='ocrx_word' id='word_1_337' title='bbox 1791 2582 1919 2636; x_wconf 85' lang='lat' dir='ltr'><strong>ergo</strong></span> <span class='ocrx_word' id='word_1_338' title='bbox 1950 2570 2107 2636; x_wconf 84' lang='lat' dir='ltr'><strong>longe</strong></span> 
     </span>
    </p>
   </div>
   <div class='ocr_carea' id='block_1_41' title="bbox 516 2660 2108 2730">
    <p class='ocr_par' dir='ltr' id='par_1_41' title="bbox 516 2660 2108 2730">
     <span class='ocr_line' id='line_1_41' title="bbox 516 2660 2108 2730; baseline -0.001 -15"><span class='ocrx_word' id='word_1_339' title='bbox 516 2679 548 2715; x_wconf 92' lang='lat' dir='ltr'><strong>a</strong></span> <span class='ocrx_word' id='word_1_340' title='bbox 578 2663 733 2717; x_wconf 87' lang='lat' dir='ltr'><strong>nobis</strong></span> <span class='ocrx_word' id='word_1_341' title='bbox 761 2672 1063 2717; x_wconf 88' lang='lat' dir='ltr'><strong>manentem</strong></span> <span class='ocrx_word' id='word_1_342' title='bbox 1098 2660 1387 2730; x_wconf 64' lang='lat' dir='ltr'><strong>quaerimus</strong></span> <span class='ocrx_word' id='word_1_343' title='bbox 1430 2661 1618 2723; x_wconf 88' lang='lat' dir='ltr'><strong>Deum,</strong></span> <span class='ocrx_word' id='word_1_344' title='bbox 1647 2674 1808 2729; x_wconf 89' lang='lat' dir='ltr'><strong>quem</strong></span> <span class='ocrx_word' id='word_1_345' title='bbox 1840 2662 1979 2714; x_wconf 90' lang='lat' dir='ltr'><strong>intra</strong></span> <span class='ocrx_word' id='word_1_346' title='bbox 2010 2674 2108 2713; x_wconf 91' lang='lat' dir='ltr'><strong>nos</strong></span> 
     </span>
    </p>
   </div>
   <div class='ocr_carea' id='block_1_42' title="bbox 514 2752 2107 2819">
    <p class='ocr_par' dir='ltr' id='par_1_42' title="bbox 514 2752 2107 2819">
     <span class='ocr_line' id='line_1_42' title="bbox 514 2752 2107 2819; baseline -0.003 -12"><span class='ocrx_word' id='word_1_347' title='bbox 514 2770 727 2808; x_wconf 84' lang='lat' dir='ltr'><strong>sumere</strong></span> <span class='ocrx_word' id='word_1_348' title='bbox 757 2754 1043 2819; x_wconf 87' lang='lat' dir='ltr'><strong>habemus;</strong></span> <span class='ocrx_word' id='word_1_349' title='bbox 1078 2754 1130 2807; x_wconf 90' lang='lat' dir='ltr'><strong>in</strong></span> <span class='ocrx_word' id='word_1_350' title='bbox 1162 2754 1317 2808; x_wconf 91' lang='lat' dir='ltr'><strong>nobis</strong></span> <span class='ocrx_word' id='word_1_351' title='bbox 1346 2755 1488 2808; x_wconf 89' lang='lat' dir='ltr'><strong>enim</strong></span> <span class='ocrx_word' id='word_1_352' title='bbox 1520 2753 1723 2806; x_wconf 82' lang='lat' dir='ltr'><strong>habitat</strong></span> <span class='ocrx_word' id='word_1_353' title='bbox 1749 2752 1898 2819; x_wconf 90' lang='lat' dir='ltr'><strong>quasi</strong></span> <span class='ocrx_word' id='word_1_354' title='bbox 1929 2752 2107 2804; x_wconf 87' lang='lat' dir='ltr'><strong>anima</strong></span> 
     </span>
    </p>
   </div>
   <div class='ocr_carea' id='block_1_43' title="bbox 516 2844 2101 2915">
    <p class='ocr_par' dir='ltr' id='par_1_43' title="bbox 516 2844 2101 2915">
     <span class='ocr_line' id='line_1_43' title="bbox 516 2844 2101 2915; baseline 0.001 -18"><span class='ocrx_word' id='word_1_355' title='bbox 516 2848 570 2899; x_wconf 90' lang='lat' dir='ltr'><strong>in</strong></span> <span class='ocrx_word' id='word_1_356' title='bbox 619 2861 869 2915; x_wconf 87' lang='lat' dir='ltr'><strong>corpore,</strong></span> <span class='ocrx_word' id='word_1_357' title='bbox 899 2846 941 2901; x_wconf 89' lang='lat' dir='ltr'><strong>si</strong></span> <span class='ocrx_word' id='word_1_358' title='bbox 971 2856 1147 2900; x_wconf 87' lang='lat' dir='ltr'><strong>tamen</strong></span> <span class='ocrx_word' id='word_1_359' title='bbox 1175 2862 1275 2901; x_wconf 85' lang='lat' dir='ltr'><strong>nos</strong></span> <span class='ocrx_word' id='word_1_360' title='bbox 1306 2848 1545 2900; x_wconf 83' lang='lat' dir='ltr'><strong>membra</strong></span> <span class='ocrx_word' id='word_1_361' title='bbox 1577 2863 1705 2899; x_wconf 66' lang='lat' dir='ltr'><strong>sana</strong></span> <span class='ocrx_word' id='word_1_362' title='bbox 1737 2862 1918 2899; x_wconf 79' lang='lat' dir='ltr'><strong>sumus</strong></span> <span class='ocrx_word' id='word_1_363' title='bbox 1967 2844 2101 2914; x_wconf 88' lang='lat' dir='ltr'><strong>ejus,</strong></span> 
     </span>
    </p>
   </div>
   <div class='ocr_carea' id='block_1_44' title="bbox 514 2935 2106 3005">
    <p class='ocr_par' dir='ltr' id='par_1_44' title="bbox 514 2935 2106 3005">
     <span class='ocr_line' id='line_1_44' title="bbox 514 2935 2106 3005; baseline 0.001 -17"><span class='ocrx_word' id='word_1_364' title='bbox 514 2936 560 2988; x_wconf 88' lang='lat' dir='ltr'><strong>si</strong></span> <span class='ocrx_word' id='word_1_365' title='bbox 588 2936 782 2987; x_wconf 87' lang='lat' dir='ltr'><strong>mortui</strong></span> <span class='ocrx_word' id='word_1_366' title='bbox 811 2950 917 2988; x_wconf 92' lang='lat' dir='ltr'><strong>non</strong></span> <span class='ocrx_word' id='word_1_367' title='bbox 944 2950 1129 2989; x_wconf 90' lang='lat' dir='ltr'><strong>sumus</strong></span> <span class='ocrx_word' id='word_1_368' title='bbox 1157 2937 1411 3005; x_wconf 82' lang='lat' dir='ltr'><strong>peccatis,</strong></span> <span class='ocrx_word' id='word_1_369' title='bbox 1465 2936 1510 2989; x_wconf 93' lang='lat' dir='ltr'><strong>si</strong></span> <span class='ocrx_word' id='word_1_370' title='bbox 1560 2936 1783 3004; x_wconf 68' lang='lat' dir='ltr'><strong>putrida:</strong></span> <span class='ocrx_word' id='word_1_371' title='bbox 1815 2935 2106 2989; x_wconf 81' lang='lat' dir='ltr'><strong>voluntatis</strong></span> 
     </span>
    </p>
   </div>
   <div class='ocr_carea' id='block_1_45' title="bbox 515 3024 2106 3093">
    <p class='ocr_par' dir='ltr' id='par_1_45' title="bbox 515 3024 2106 3093">
     <span class='ocr_line' id='line_1_45' title="bbox 515 3024 2106 3093; baseline 0.002 -15"><span class='ocrx_word' id='word_1_372' title='bbox 515 3024 858 3093; x_wconf 91' lang='lat' dir='ltr'><strong>corruptione</strong></span> <span class='ocrx_word' id='word_1_373' title='bbox 888 3026 1149 3081; x_wconf 87' lang='lat' dir='ltr'><strong>immunes</strong></span> <span class='ocrx_word' id='word_1_374' title='bbox 1176 3042 1397 3080; x_wconf 82' lang='lat' dir='ltr'><strong>sumus:</strong></span> <span class='ocrx_word' id='word_1_375' title='bbox 1430 3035 1556 3080; x_wconf 91' lang='lat' dir='ltr'><strong>tunc</strong></span> <span class='ocrx_word' id='word_1_376' title='bbox 1585 3042 1721 3087; x_wconf 83' lang='lat' dir='ltr'><strong>vere</strong></span> <span class='ocrx_word' id='word_1_377' title='bbox 1761 3027 1773 3080; x_wconf 93' lang='lat' dir='ltr'><strong>i</strong></span> <span class='ocrx_word' id='word_1_378' title='bbox 1802 3028 1849 3080; x_wconf 91' lang='lat' dir='ltr'><strong>le</strong></span> <span class='ocrx_word' id='word_1_379' title='bbox 1898 3027 2106 3081; x_wconf 86' lang='lat' dir='ltr'><strong>habitat</strong></span> 
     </span>
    </p>
   </div>
   <div class='ocr_carea' id='block_1_46' title="bbox 2215 1835 3799 1907">
    <p class='ocr_par' dir='ltr' id='par_1_46' title="bbox 2215 1835 3799 1907">
     <span class='ocr_line' id='line_1_46' title="bbox 2215 1835 3799 1907; baseline 0.003 -19"><span class='ocrx_word' id='word_1_380' title='bbox 2215 1836 2352 1890; x_wconf 92' lang='lat' dir='ltr'><strong>Deus</strong></span> <span class='ocrx_word' id='word_1_381' title='bbox 2381 1835 2613 1889; x_wconf 81' lang='lat' dir='ltr'><strong>Trinitas</strong></span> <span class='ocrx_word' id='word_1_382' title='bbox 2659 1835 2985 1904; x_wconf 86' lang='lat' dir='ltr'><strong>agnoscitur,</strong></span> <span class='ocrx_word' id='word_1_383' title='bbox 3015 1835 3107 1904; x_wconf 90' lang='lat' dir='ltr'><strong>qui</strong></span> <span class='ocrx_word' id='word_1_384' title='bbox 3136 1836 3316 1890; x_wconf 87' lang='lat' dir='ltr'><strong>cordis</strong></span> <span class='ocrx_word' id='word_1_385' title='bbox 3343 1837 3527 1890; x_wconf 87' lang='lat' dir='ltr'><strong>mundi</strong></span> <span class='ocrx_word' id='word_1_386' title='bbox 3555 1838 3643 1907; x_wconf 91' lang='lat' dir='ltr'><strong>pia</strong></span> <span class='ocrx_word' id='word_1_387' title='bbox 3673 1836 3799 1904; x_wconf 82' lang='lat' dir='ltr'><strong>fide,</strong></span> 
     </span>
    </p>
   </div>
   <div class='ocr_carea' id='block_1_47' title="bbox 2210 1927 3801 2000">
    <p class='ocr_par' dir='ltr' id='par_1_47' title="bbox 2210 1927 3801 2000">
     <span class='ocr_line' id='line_1_47' title="bbox 2210 1927 3801 2000; baseline 0.003 -18"><span class='ocrx_word' id='word_1_388' title='bbox 2210 1937 2266 1983; x_wconf 90' lang='lat' dir='ltr'><strong>et</strong></span> <span class='ocrx_word' id='word_1_389' title='bbox 2322 1943 2428 1982; x_wconf 87' lang='lat' dir='ltr'><strong>non</strong></span> <span class='ocrx_word' id='word_1_390' title='bbox 2486 1927 2710 1997; x_wconf 79' lang='lat' dir='ltr'><strong>imputis</strong></span> <span class='ocrx_word' id='word_1_391' title='bbox 2762 1927 3083 1997; x_wconf 85' lang='lat' dir='ltr'><strong>vattiloquiis</strong></span> <span class='ocrx_word' id='word_1_392' title='bbox 3136 1929 3466 1997; x_wconf 85' lang='lat' dir='ltr'><strong>intelligitur.</strong></span> <span class='ocrx_word' id='word_1_393' title='bbox 3525 1927 3619 1984; x_wconf 85' lang='lat' dir='ltr'><strong>Pie</strong></span> <span class='ocrx_word' id='word_1_394' title='bbox 3672 1945 3801 2000; x_wconf 86' lang='lat' dir='ltr'><strong>ergo</strong></span> 
     </span>
    </p>
   </div>
   <div class='ocr_carea' id='block_1_48' title="bbox 2210 2019 3802 2091">
    <p class='ocr_par' dir='ltr' id='par_1_48' title="bbox 2210 2019 3802 2091">
     <span class='ocr_line' id='line_1_48' title="bbox 2210 2019 3802 2091; baseline 0.001 -18"><span class='ocrx_word' id='word_1_395' title='bbox 2210 2021 2478 2073; x_wconf 73' lang='lat' dir='ltr'><strong>credenda</strong></span> <span class='ocrx_word' id='word_1_396' title='bbox 2524 2028 2625 2083; x_wconf 90' lang='lat' dir='ltr'><strong>est,</strong></span> <span class='ocrx_word' id='word_1_397' title='bbox 2672 2028 2727 2072; x_wconf 88' lang='lat' dir='ltr'><strong>et</strong></span> <span class='ocrx_word' id='word_1_398' title='bbox 2770 2034 2877 2072; x_wconf 90' lang='lat' dir='ltr'><strong>non</strong></span> <span class='ocrx_word' id='word_1_399' title='bbox 2926 2019 3089 2089; x_wconf 88' lang='lat' dir='ltr'><strong>impie</strong></span> <span class='ocrx_word' id='word_1_400' title='bbox 3130 2019 3458 2074; x_wconf 86' lang='lat' dir='ltr'><strong>discutienda</strong></span> <span class='ocrx_word' id='word_1_401' title='bbox 3500 2030 3581 2075; x_wconf 91' lang='lat' dir='ltr'><strong>est</strong></span> <span class='ocrx_word' id='word_1_402' title='bbox 3612 2036 3802 2091; x_wconf 85' lang='lat' dir='ltr'><strong>magna</strong></span> 
     </span>
    </p>
   </div>
   <div class='ocr_carea' id='block_1_49' title="bbox 2213 2109 3803 2182">
    <p class='ocr_par' dir='ltr' id='par_1_49' title="bbox 2213 2109 3803 2182">
     <span class='ocr_line' id='line_1_49' title="bbox 2213 2109 3803 2182; baseline 0.003 -19"><span class='ocrx_word' id='word_1_403' title='bbox 2213 2109 2273 2163; x_wconf 85' lang='grc' dir='ltr'>Τι</span> <span class='ocrx_word' id='word_1_404' title='bbox 2290 2114 2470 2167; x_wconf 89' lang='lat' dir='ltr'><strong>initas:</strong></span> <span class='ocrx_word' id='word_1_405' title='bbox 2488 2111 2752 2179; x_wconf 84' lang='lat' dir='ltr'><strong>quoddam</strong></span> <span class='ocrx_word' id='word_1_406' title='bbox 2776 2112 2917 2165; x_wconf 89' lang='lat' dir='ltr'><strong>enim</strong></span> <span class='ocrx_word' id='word_1_407' title='bbox 2945 2111 3320 2182; x_wconf 88' lang='lat' dir='ltr'><strong>insuperabile,</strong></span> <span class='ocrx_word' id='word_1_408' title='bbox 3351 2122 3408 2168; x_wconf 90' lang='lat' dir='ltr'><strong>et</strong></span> <span class='ocrx_word' id='word_1_409' title='bbox 3432 2112 3803 2181; x_wconf 86' lang='lat' dir='ltr'><strong>investigabile</strong></span> 
     </span>
    </p>
   </div>
   <div class='ocr_carea' id='block_1_50' title="bbox 2213 2201 3801 2271">
    <p class='ocr_par' dir='ltr' id='par_1_50' title="bbox 2213 2201 3801 2271">
     <span class='ocr_line' id='line_1_50' title="bbox 2213 2201 3801 2271; baseline 0.003 -16"><span class='ocrx_word' id='word_1_410' title='bbox 2213 2203 2431 2271; x_wconf 87' lang='lat' dir='ltr'><strong>pelagus</strong></span> <span class='ocrx_word' id='word_1_411' title='bbox 2452 2208 2536 2256; x_wconf 83' lang='lat' dir='ltr'><strong>cs’t</strong></span> <span class='ocrx_word' id='word_1_412' title='bbox 2556 2201 2696 2256; x_wconf 90' lang='lat' dir='ltr'><strong>Deus</strong></span> <span class='ocrx_word' id='word_1_413' title='bbox 2726 2217 2860 2256; x_wconf 86' lang='lat' dir='ltr'><strong>unus</strong></span> <span class='ocrx_word' id='word_1_414' title='bbox 2884 2201 3134 2258; x_wconf 87' lang='lat' dir='ltr'><strong>Trinitas.</strong></span> <span class='ocrx_word' id='word_1_415' title='bbox 3168 2205 3348 2258; x_wconf 81' lang='lat' dir='ltr'><strong>Altum</strong></span> <span class='ocrx_word' id='word_1_416' title='bbox 3375 2208 3589 2270; x_wconf 76' lang='lat' dir='ltr'><strong>(telum,</strong></span> <span class='ocrx_word' id='word_1_417' title='bbox 3615 2214 3671 2259; x_wconf 90' lang='lat' dir='ltr'><strong>et</strong></span> <span class='ocrx_word' id='word_1_418' title='bbox 3698 2205 3801 2259; x_wconf 88' lang='lat' dir='ltr'><strong>lata</strong></span> 
     </span>
    </p>
   </div>
   <div class='ocr_carea' id='block_1_51' title="bbox 2213 2293 3799 2367">
    <p class='ocr_par' dir='ltr' id='par_1_51' title="bbox 2213 2293 3799 2367">
     <span class='ocr_line' id='line_1_51' title="bbox 2213 2293 3799 2367; baseline 0.002 -22"><span class='ocrx_word' id='word_1_419' title='bbox 2213 2303 2376 2359; x_wconf 76' lang='lat' dir='ltr'><strong>terra,</strong></span> <span class='ocrx_word' id='word_1_420' title='bbox 2421 2302 2475 2347; x_wconf 91' lang='lat' dir='ltr'><strong>et</strong></span> <span class='ocrx_word' id='word_1_421' title='bbox 2521 2293 2840 2362; x_wconf 87' lang='lat' dir='ltr'><strong>prolundutn</strong></span> <span class='ocrx_word' id='word_1_422' title='bbox 2890 2310 3057 2361; x_wconf 90' lang='lat' dir='ltr'><strong>mare,</strong></span> <span class='ocrx_word' id='word_1_423' title='bbox 3106 2296 3367 2365; x_wconf 79' lang='lat' dir='ltr'><strong>longaque</strong></span> <span class='ocrx_word' id='word_1_424' title='bbox 3403 2296 3596 2351; x_wconf 64' lang='lat' dir='ltr'><strong>saecula</strong></span> <span class='ocrx_word' id='word_1_425' title='bbox 3638 2294 3799 2367; x_wconf 82' lang='lat' dir='ltr'><strong>(Job.</strong></span> 
     </span>
    </p>
   </div>
   <div class='ocr_carea' id='block_1_52' title="bbox 2213 2387 3803 2459">
    <p class='ocr_par' dir='ltr' id='par_1_52' title="bbox 2213 2387 3803 2459">
     <span class='ocr_line' id='line_1_52' title="bbox 2213 2387 3803 2459; baseline 0.003 -19"><span class='ocrx_word' id='word_1_426' title='bbox 2213 2403 2324 2452; x_wconf 84' lang='lat' dir='ltr'><strong>vm,</strong></span> <span class='ocrx_word' id='word_1_427' title='bbox 2353 2387 2408 2458; x_wconf 86' lang='lat'><strong>9)</strong></span> <span class='ocrx_word' id='word_1_428' title='bbox 2436 2405 2449 2441; x_wconf 88' lang='lat'><strong>:</strong></span> <span class='ocrx_word' id='word_1_429' title='bbox 2475 2389 2567 2443; x_wconf 83' lang='lat' dir='ltr'><strong>sed</strong></span> <span class='ocrx_word' id='word_1_430' title='bbox 2596 2389 2754 2443; x_wconf 87' lang='lat' dir='ltr'><strong>altior</strong></span> <span class='ocrx_word' id='word_1_431' title='bbox 2782 2397 2835 2442; x_wconf 91' lang='lat' dir='ltr'><strong>et</strong></span> <span class='ocrx_word' id='word_1_432' title='bbox 2864 2389 3042 2455; x_wconf 86' lang='lat' dir='ltr'><strong>latior,</strong></span> <span class='ocrx_word' id='word_1_433' title='bbox 3072 2405 3135 2444; x_wconf 86' lang='lat' dir='ltr'><strong>ac</strong></span> <span class='ocrx_word' id='word_1_434' title='bbox 3164 2389 3475 2458; x_wconf 89' lang='lat' dir='ltr'><strong>profundior</strong></span> <span class='ocrx_word' id='word_1_435' title='bbox 3500 2431 3518 2457; x_wconf 91' lang='lat'><strong>,</strong></span> <span class='ocrx_word' id='word_1_436' title='bbox 3566 2390 3803 2459; x_wconf 87' lang='lat' dir='ltr'><strong>longior-</strong></span> 
     </span>
    </p>
   </div>
   <div class='ocr_carea' id='block_1_53' title="bbox 2210 2480 3802 2553">
    <p class='ocr_par' dir='ltr' id='par_1_53' title="bbox 2210 2480 3802 2553">
     <span class='ocr_line' id='line_1_53' title="bbox 2210 2480 3802 2553; baseline 0.003 -23"><span class='ocrx_word' id='word_1_437' title='bbox 2210 2494 2316 2547; x_wconf 90' lang='lat' dir='ltr'><strong>que</strong></span> <span class='ocrx_word' id='word_1_438' title='bbox 2362 2489 2446 2532; x_wconf 82' lang='lat' dir='ltr'><strong>est</strong></span> <span class='ocrx_word' id='word_1_439' title='bbox 2491 2481 2717 2534; x_wconf 90' lang='lat' dir='ltr'><strong>scicntia</strong></span> <span class='ocrx_word' id='word_1_440' title='bbox 2746 2481 2870 2549; x_wconf 88' lang='lat' dir='ltr'><strong>quia</strong></span> <span class='ocrx_word' id='word_1_441' title='bbox 2902 2480 3048 2553; x_wconf 68' lang='lat' dir='ltr'><strong>[qua]</strong></span> <span class='ocrx_word' id='word_1_442' title='bbox 3093 2493 3335 2535; x_wconf 89' lang='lat' dir='ltr'><strong>naturam</strong></span> <span class='ocrx_word' id='word_1_443' title='bbox 3365 2487 3669 2536; x_wconf 90' lang='lat' dir='ltr'><strong>ascematus</strong></span> <span class='ocrx_word' id='word_1_444' title='bbox 3700 2489 3802 2542; x_wconf 85' lang='lat' dir='ltr'><strong>est.</strong></span> 
     </span>
    </p>
   </div>
   <div class='ocr_carea' id='block_1_54' title="bbox 2210 2570 2993 2641">
    <p class='ocr_par' dir='ltr' id='par_1_54' title="bbox 2210 2570 2993 2641">
     <span class='ocr_line' id='line_1_54' title="bbox 2210 2570 2993 2641; baseline 0.004 -20"><span class='ocrx_word' id='word_1_445' title='bbox 2210 2572 2301 2641; x_wconf 88' lang='lat' dir='ltr'><strong>qui</strong></span> <span class='ocrx_word' id='word_1_446' title='bbox 2330 2585 2449 2623; x_wconf 86' lang='lat' dir='ltr'><strong>eam</strong></span> <span class='ocrx_word' id='word_1_447' title='bbox 2481 2586 2547 2624; x_wconf 79' lang='lat' dir='ltr'><strong>ex</strong></span> <span class='ocrx_word' id='word_1_448' title='bbox 2577 2570 2744 2626; x_wconf 76' lang='lat' dir='ltr'><strong>nihilo</strong></span> <span class='ocrx_word' id='word_1_449' title='bbox 2766 2571 2993 2625; x_wconf 84' lang='lat' dir='ltr'><strong>creavit.</strong></span> 
     </span>
    </p>
   </div>
   <div class='ocr_carea' id='block_1_55' title="bbox 2280 2658 3799 2729">
    <p class='ocr_par' dir='ltr' id='par_1_55' title="bbox 2280 2658 3799 2729">
     <span class='ocr_line' id='line_1_55' title="bbox 2280 2658 3799 2729; baseline 0 -16"><span class='ocrx_word' id='word_1_450' title='bbox 2280 2659 2367 2714; x_wconf 85' lang='lat' dir='ltr'><strong>IV.</strong></span> <span class='ocrx_word' id='word_1_451' title='bbox 2407 2659 2667 2729; x_wconf 85' lang='lat' dir='ltr'><strong>lntellige,</strong></span> <span class='ocrx_word' id='word_1_452' title='bbox 2705 2660 2750 2715; x_wconf 90' lang='lat' dir='ltr'><strong>si</strong></span> <span class='ocrx_word' id='word_1_453' title='bbox 2796 2661 2875 2714; x_wconf 84' lang='lat' dir='ltr'><strong>vis</strong></span> <span class='ocrx_word' id='word_1_454' title='bbox 2916 2661 3056 2716; x_wconf 88' lang='lat' dir='ltr'><strong>scire</strong></span> <span class='ocrx_word' id='word_1_455' title='bbox 3091 2658 3423 2727; x_wconf 87' lang='lat' dir='ltr'><strong>Creatorem,</strong></span> <span class='ocrx_word' id='word_1_456' title='bbox 3454 2668 3799 2715; x_wconf 85' lang='lat' dir='ltr'><strong>creaturam:</strong></span> 
     </span>
    </p>
   </div>
   <div class='ocr_carea' id='block_1_56' title="bbox 2209 2751 3806 2818">
    <p class='ocr_par' dir='ltr' id='par_1_56' title="bbox 2209 2751 3806 2818">
     <span class='ocr_line' id='line_1_56' title="bbox 2209 2751 3806 2818; baseline 0.002 -13"><span class='ocrx_word' id='word_1_457' title='bbox 2209 2752 2252 2806; x_wconf 91' lang='lat' dir='ltr'><strong>si</strong></span> <span class='ocrx_word' id='word_1_458' title='bbox 2282 2768 2379 2806; x_wconf 91' lang='lat' dir='ltr'><strong>nec</strong></span> <span class='ocrx_word' id='word_1_459' title='bbox 2407 2751 2573 2815; x_wconf 90' lang='lat' dir='ltr'><strong>illam,</strong></span> <span class='ocrx_word' id='word_1_460' title='bbox 2601 2761 2718 2807; x_wconf 90' lang='lat' dir='ltr'><strong>tace</strong></span> <span class='ocrx_word' id='word_1_461' title='bbox 2746 2755 2814 2807; x_wconf 88' lang='lat' dir='ltr'><strong>de</strong></span> <span class='ocrx_word' id='word_1_462' title='bbox 2849 2751 3143 2818; x_wconf 85' lang='lat' dir='ltr'><strong>Creatore;</strong></span> <span class='ocrx_word' id='word_1_463' title='bbox 3174 2753 3271 2807; x_wconf 90' lang='lat' dir='ltr'><strong>sed</strong></span> <span class='ocrx_word' id='word_1_464' title='bbox 3297 2753 3457 2808; x_wconf 89' lang='lat' dir='ltr'><strong>crede</strong></span> <span class='ocrx_word' id='word_1_465' title='bbox 3479 2753 3532 2807; x_wconf 92' lang='lat' dir='ltr'><strong>in</strong></span> <span class='ocrx_word' id='word_1_466' title='bbox 3576 2751 3806 2808; x_wconf 83' lang='lat' dir='ltr'><strong>Creato-</strong></span> 
     </span>
    </p>
   </div>
   <div class='ocr_carea' id='block_1_57' title="bbox 2210 2842 3807 2913">
    <p class='ocr_par' dir='ltr' id='par_1_57' title="bbox 2210 2842 3807 2913">
     <span class='ocr_line' id='line_1_57' title="bbox 2210 2842 3807 2913; baseline 0.003 -18"><span class='ocrx_word' id='word_1_467' title='bbox 2210 2857 2322 2895; x_wconf 86' lang='lat' dir='ltr'><strong>rem</strong></span> <span class='ocrx_word' id='word_1_468' title='bbox 2361 2859 2375 2895; x_wconf 87' lang='lat'><strong>:</strong></span> <span class='ocrx_word' id='word_1_469' title='bbox 2414 2842 2602 2897; x_wconf 88' lang='lat' dir='ltr'><strong>melior</strong></span> <span class='ocrx_word' id='word_1_470' title='bbox 2651 2852 2733 2897; x_wconf 88' lang='lat' dir='ltr'><strong>est</strong></span> <span class='ocrx_word' id='word_1_471' title='bbox 2780 2843 2943 2907; x_wconf 83' lang='lat' dir='ltr'><strong>enim,</strong></span> <span class='ocrx_word' id='word_1_472' title='bbox 2996 2850 3051 2895; x_wconf 91' lang='lat' dir='ltr'><strong>et</strong></span> <span class='ocrx_word' id='word_1_473' title='bbox 3099 2845 3214 2911; x_wconf 70' lang='lat' dir='ltr'><strong>jlus</strong></span> <span class='ocrx_word' id='word_1_474' title='bbox 3259 2843 3357 2898; x_wconf 88' lang='lat' dir='ltr'><strong>scit</strong></span> <span class='ocrx_word' id='word_1_475' title='bbox 3407 2844 3576 2913; x_wconf 89' lang='lat' dir='ltr'><strong>pietas</strong></span> <span class='ocrx_word' id='word_1_476' title='bbox 3621 2851 3807 2899; x_wconf 86' lang='lat' dir='ltr'><strong>tacens</strong></span> 
     </span>
    </p>
   </div>
   <div class='ocr_carea' id='block_1_58' title="bbox 2208 2932 3803 3003">
    <p class='ocr_par' dir='ltr' id='par_1_58' title="bbox 2208 2932 3803 3003">
     <span class='ocr_line' id='line_1_58' title="bbox 2208 2932 3803 3003; baseline 0.003 -20"><span class='ocrx_word' id='word_1_477' title='bbox 2208 2947 2365 2999; x_wconf 81' lang='lat' dir='ltr'><strong>quam</strong></span> <span class='ocrx_word' id='word_1_478' title='bbox 2413 2933 2572 3000; x_wconf 89' lang='lat' dir='ltr'><strong>impia</strong></span> <span class='ocrx_word' id='word_1_479' title='bbox 2620 2932 3113 3000; x_wconf 84' lang='lat' dir='ltr'><strong>loquacitas:satis</strong></span> <span class='ocrx_word' id='word_1_480' title='bbox 3157 2933 3299 2987; x_wconf 88' lang='lat' dir='ltr'><strong>enim</strong></span> <span class='ocrx_word' id='word_1_481' title='bbox 3332 2933 3570 3003; x_wconf 91' lang='lat' dir='ltr'><strong>ineptum</strong></span> <span class='ocrx_word' id='word_1_482' title='bbox 3618 2943 3705 2989; x_wconf 86' lang='lat' dir='ltr'><strong>est</strong></span> <span class='ocrx_word' id='word_1_483' title='bbox 3750 2945 3803 2988; x_wconf 89' lang='lat' dir='ltr'><strong>et</strong></span> 
     </span>
    </p>
   </div>
   <div class='ocr_carea' id='block_1_59' title="bbox 2211 3022 3798 3092">
    <p class='ocr_par' dir='ltr' id='par_1_59' title="bbox 2211 3022 3798 3092">
     <span class='ocr_line' id='line_1_59' title="bbox 2211 3022 3798 3092; baseline 0.002 -16"><span class='ocrx_word' id='word_1_484' title='bbox 2211 3023 2429 3092; x_wconf 89' lang='lat' dir='ltr'><strong>impium</strong></span> <span class='ocrx_word' id='word_1_485' title='bbox 2474 3025 2542 3076; x_wconf 87' lang='lat' dir='ltr'><strong>de</strong></span> <span class='ocrx_word' id='word_1_486' title='bbox 2593 3022 2693 3076; x_wconf 82' lang='lat' dir='ltr'><strong>fite</strong></span> <span class='ocrx_word' id='word_1_487' title='bbox 2737 3024 2963 3077; x_wconf 86' lang='lat' dir='ltr'><strong>transire</strong></span> <span class='ocrx_word' id='word_1_488' title='bbox 3012 3030 3076 3076; x_wconf 91' lang='lat' dir='ltr'><strong>at</strong></span> <span class='ocrx_word' id='word_1_489' title='bbox 3121 3023 3401 3078; x_wconf 86' lang='lat' dir='ltr'><strong>tractantis</strong></span> <span class='ocrx_word' id='word_1_490' title='bbox 3443 3024 3798 3088; x_wconf 85' lang='lat' dir='ltr'><strong>invisibilem,</strong></span> 
     </span>
    </p>
   </div>
   <div class='ocr_carea' id='block_1_60' title="bbox 516 3113 3803 3185">
    <p class='ocr_par' dir='ltr' id='par_1_60' title="bbox 516 3113 3803 3185">
     <span class='ocr_line' id='line_1_60' title="bbox 516 3113 3803 3185; baseline 0.001 -16"><span class='ocrx_word' id='word_1_491' title='bbox 516 3117 570 3169; x_wconf 90' lang='lat' dir='ltr'><strong>in</strong></span> <span class='ocrx_word' id='word_1_492' title='bbox 598 3117 771 3181; x_wconf 84' lang='lat' dir='ltr'><strong>nobis,</strong></span> <span class='ocrx_word' id='word_1_493' title='bbox 810 3117 900 3185; x_wconf 91' lang='lat' dir='ltr'><strong>qui</strong></span> <span class='ocrx_word' id='word_1_494' title='bbox 944 3117 1078 3172; x_wconf 77' lang='lat' dir='ltr'><strong>dixit</strong></span> <span class='ocrx_word' id='word_1_495' title='bbox 1107 3136 1118 3169; x_wconf 87' lang='lat'><strong>:</strong></span> <span class='ocrx_word' id='word_1_496' title='bbox 1144 3118 1213 3171; x_wconf 82' lang='lat' dir='ltr'><strong>Et</strong></span> <span class='ocrx_word' id='word_1_497' title='bbox 1260 3116 1501 3173; x_wconf 80' lang='lat' dir='ltr'><strong>habitabo</strong></span> <span class='ocrx_word' id='word_1_498' title='bbox 1526 3119 1579 3171; x_wconf 84' lang='lat' dir='ltr'><strong>in</strong></span> <span class='ocrx_word' id='word_1_499' title='bbox 1610 3119 1703 3181; x_wconf 83' lang='lat' dir='ltr'><strong>eis,</strong></span> <span class='ocrx_word' id='word_1_500' title='bbox 1734 3129 1783 3171; x_wconf 85' lang='lat' dir='ltr'><strong>et</strong></span> <span class='ocrx_word' id='word_1_501' title='bbox 1810 3120 1943 3172; x_wconf 78' lang='lat' dir='ltr'><strong>inter</strong></span> <span class='ocrx_word' id='word_1_502' title='bbox 1984 3119 2100 3172; x_wconf 79' lang='lat' dir='ltr'><strong>illos</strong></span> <span class='ocrx_word' id='word_1_503' title='bbox 2130 3116 2173 3175; x_wconf 88' lang='lat' dir='ltr'><strong>C</strong></span> <span class='ocrx_word' id='word_1_504' title='bbox 2207 3114 2650 3179; x_wconf 70' lang='grc' dir='ltr'>ἰιωτειίιιιεὼὶιειιι,</span> <span class='ocrx_word' id='word_1_505' title='bbox 2676 3113 3141 3184; x_wconf 62' lang='grc' dir='ltr'>ιιιεοιιερίειώίιελι</span> <span class='ocrx_word' id='word_1_506' title='bbox 3176 3115 3456 3169; x_wconf 89' lang='lat' dir='ltr'><strong>Dominum</strong></span> <span class='ocrx_word' id='word_1_507' title='bbox 3486 3130 3656 3170; x_wconf 85' lang='lat' dir='ltr'><strong>vacua</strong></span> <span class='ocrx_word' id='word_1_508' title='bbox 3680 3131 3803 3171; x_wconf 88' lang='lat' dir='ltr'><strong>ver-</strong></span> 
     </span>
    </p>
   </div>
   <div class='ocr_carea' id='block_1_61' title="bbox 513 3206 2098 3281">
    <p class='ocr_par' dir='ltr' id='par_1_61' title="bbox 513 3206 2098 3281">
     <span class='ocr_line' id='line_1_61' title="bbox 513 3206 2098 3281; baseline 0.001 -21"><span class='ocrx_word' id='word_1_509' title='bbox 513 3206 786 3262; x_wconf 81' lang='lat' dir='ltr'><strong>ambutabo</strong></span> <span class='ocrx_word' id='word_1_510' title='bbox 834 3207 918 3281; x_wconf 86' lang='lat' dir='ltr'><strong>(ll</strong></span> <span class='ocrx_word' id='word_1_511' title='bbox 945 3206 1062 3263; x_wconf 86' lang='lat' dir='ltr'><strong>Cor.</strong></span> <span class='ocrx_word' id='word_1_512' title='bbox 1094 3224 1169 3276; x_wconf 90' lang='lat' dir='ltr'><strong>vt,</strong></span> <span class='ocrx_word' id='word_1_513' title='bbox 1198 3207 1295 3275; x_wconf 76' lang='lat' dir='ltr'><strong>i6;</strong></span> <span class='ocrx_word' id='word_1_514' title='bbox 1329 3208 1448 3264; x_wconf 76' lang='lat' dir='ltr'><strong>Leu.</strong></span> <span class='ocrx_word' id='word_1_515' title='bbox 1481 3225 1625 3270; x_wconf 79' lang='lat' dir='ltr'><strong>xxvt,</strong></span> <span class='ocrx_word' id='word_1_516' title='bbox 1659 3207 1769 3278; x_wconf 74' lang='lat'><strong>12).</strong></span> <span class='ocrx_word' id='word_1_517' title='bbox 1815 3208 1871 3263; x_wconf 89' lang='lat' dir='ltr'><strong>Si</strong></span> <span class='ocrx_word' id='word_1_518' title='bbox 1919 3219 2098 3263; x_wconf 90' lang='lat' dir='ltr'><strong>autem</strong></span> 
     </span>
    </p>
   </div>
   <div class='ocr_carea' id='block_1_62' title="bbox 510 3296 2097 3364">
    <p class='ocr_par' dir='ltr' id='par_1_62' title="bbox 510 3296 2097 3364">
     <span class='ocr_line' id='line_1_62' title="bbox 510 3296 2097 3364; baseline 0.001 -15"><span class='ocrx_word' id='word_1_519' title='bbox 510 3296 657 3364; x_wconf 85' lang='lat' dir='ltr'><strong>digni</strong></span> <span class='ocrx_word' id='word_1_520' title='bbox 704 3311 886 3351; x_wconf 88' lang='lat' dir='ltr'><strong>sumus</strong></span> <span class='ocrx_word' id='word_1_521' title='bbox 914 3306 975 3351; x_wconf 91' lang='lat' dir='ltr'><strong>ut</strong></span> <span class='ocrx_word' id='word_1_522' title='bbox 1002 3298 1093 3352; x_wconf 90' lang='lat' dir='ltr'><strong>ille</strong></span> <span class='ocrx_word' id='word_1_523' title='bbox 1124 3298 1176 3352; x_wconf 92' lang='lat' dir='ltr'><strong>in</strong></span> <span class='ocrx_word' id='word_1_524' title='bbox 1225 3298 1380 3352; x_wconf 83' lang='lat' dir='ltr'><strong>nobis</strong></span> <span class='ocrx_word' id='word_1_525' title='bbox 1407 3298 1495 3363; x_wconf 86' lang='lat' dir='ltr'><strong>sit,</strong></span> <span class='ocrx_word' id='word_1_526' title='bbox 1542 3306 1668 3352; x_wconf 91' lang='lat' dir='ltr'><strong>tunc</strong></span> <span class='ocrx_word' id='word_1_527' title='bbox 1698 3299 1749 3351; x_wconf 87' lang='lat' dir='ltr'><strong>itt</strong></span> <span class='ocrx_word' id='word_1_528' title='bbox 1780 3298 2006 3352; x_wconf 78' lang='lat' dir='ltr'><strong>veritate</strong></span> <span class='ocrx_word' id='word_1_529' title='bbox 2032 3298 2097 3351; x_wconf 88' lang='lat' dir='ltr'><strong>ab</strong></span> 
     </span>
    </p>
   </div>
   <div class='ocr_carea' id='block_1_63' title="bbox 514 3386 2101 3459">
    <p class='ocr_par' dir='ltr' id='par_1_63' title="bbox 514 3386 2101 3459">
     <span class='ocr_line' id='line_1_63' title="bbox 514 3386 2101 3459; baseline -0.001 -19"><span class='ocrx_word' id='word_1_530' title='bbox 514 3387 608 3442; x_wconf 90' lang='lat' dir='ltr'><strong>illo</strong></span> <span class='ocrx_word' id='word_1_531' title='bbox 639 3386 986 3452; x_wconf 82' lang='lat' dir='ltr'><strong>vivificamur,</strong></span> <span class='ocrx_word' id='word_1_532' title='bbox 1022 3390 1172 3459; x_wconf 88' lang='lat' dir='ltr'><strong>quasi</strong></span> <span class='ocrx_word' id='word_1_533' title='bbox 1224 3389 1346 3441; x_wconf 86' lang='lat' dir='ltr'><strong>viva</strong></span> <span class='ocrx_word' id='word_1_534' title='bbox 1393 3389 1510 3456; x_wconf 88' lang='lat' dir='ltr'><strong>ejus</strong></span> <span class='ocrx_word' id='word_1_535' title='bbox 1561 3388 1840 3442; x_wconf 89' lang='lat' dir='ltr'><strong>membra:</strong></span> <span class='ocrx_word' id='word_1_536' title='bbox 1877 3386 1941 3440; x_wconf 83' lang='lat' dir='ltr'><strong>In</strong></span> <span class='ocrx_word' id='word_1_537' title='bbox 1987 3390 2101 3457; x_wconf 87' lang='lat' dir='ltr'><strong>ipso</strong></span> 
     </span>
    </p>
   </div>
   <div class='ocr_carea' id='block_1_64' title="bbox 513 3479 2100 3551">
    <p class='ocr_par' dir='ltr' id='par_1_64' title="bbox 513 3479 2100 3551">
     <span class='ocr_line' id='line_1_64' title="bbox 513 3479 2100 3551; baseline 0.001 -19"><span class='ocrx_word' id='word_1_538' title='bbox 513 3479 670 3544; x_wconf 85' lang='lat' dir='ltr'><strong>enim,</strong></span> <span class='ocrx_word' id='word_1_539' title='bbox 700 3488 760 3533; x_wconf 89' lang='lat' dir='ltr'><strong>ut</strong></span> <span class='ocrx_word' id='word_1_540' title='bbox 786 3480 862 3533; x_wconf 91' lang='lat' dir='ltr'><strong>ait</strong></span> <span class='ocrx_word' id='word_1_541' title='bbox 888 3481 1197 3551; x_wconf 78' lang='lat' dir='ltr'><strong>Apostolus,</strong></span> <span class='ocrx_word' id='word_1_542' title='bbox 1247 3483 1477 3545; x_wconf 78' lang='lat' dir='ltr'><strong>vivimus,</strong></span> <span class='ocrx_word' id='word_1_543' title='bbox 1518 3492 1567 3535; x_wconf 89' lang='lat' dir='ltr'><strong>et</strong></span> <span class='ocrx_word' id='word_1_544' title='bbox 1605 3497 1882 3543; x_wconf 77' lang='lat' dir='ltr'><strong>moremur,</strong></span> <span class='ocrx_word' id='word_1_545' title='bbox 1925 3489 1975 3534; x_wconf 84' lang='lat' dir='ltr'><strong>et</strong></span> <span class='ocrx_word' id='word_1_546' title='bbox 2013 3497 2100 3534; x_wconf 86' lang='lat' dir='ltr'><strong>su-</strong></span> 
     </span>
    </p>
   </div>
   <div class='ocr_carea' id='block_1_65' title="bbox 511 3568 2100 3640">
    <p class='ocr_par' dir='ltr' id='par_1_65' title="bbox 511 3568 2100 3640">
     <span class='ocr_line' id='line_1_65' title="bbox 511 3568 2100 3640; baseline 0.001 -17"><span class='ocrx_word' id='word_1_547' title='bbox 511 3586 626 3623; x_wconf 85' lang='lat' dir='ltr'><strong>mus</strong></span> <span class='ocrx_word' id='word_1_548' title='bbox 656 3569 792 3639; x_wconf 80' lang='lat' dir='ltr'><strong>(Aet.</strong></span> <span class='ocrx_word' id='word_1_549' title='bbox 821 3586 949 3637; x_wconf 80' lang='lat' dir='ltr'><strong>xvtt,</strong></span> <span class='ocrx_word' id='word_1_550' title='bbox 979 3570 1092 3639; x_wconf 69' lang='lat'><strong>28),</strong></span> <span class='ocrx_word' id='word_1_551' title='bbox 1120 3570 1268 3636; x_wconf 89' lang='lat' dir='ltr'><strong>Quis,</strong></span> <span class='ocrx_word' id='word_1_552' title='bbox 1300 3572 1539 3640; x_wconf 86' lang='lat' dir='ltr'><strong>inquam,</strong></span> <span class='ocrx_word' id='word_1_553' title='bbox 1559 3571 1711 3640; x_wconf 75' lang='lat' dir='ltr'><strong>juxta</strong></span> <span class='ocrx_word' id='word_1_554' title='bbox 1739 3571 1877 3626; x_wconf 86' lang='lat' dir='ltr'><strong>hanc</strong></span> <span class='ocrx_word' id='word_1_555' title='bbox 1915 3568 2100 3624; x_wconf 70' lang='lat' dir='ltr'><strong>ineﬁa-</strong></span> 
     </span>
    </p>
   </div>
   <div class='ocr_carea' id='block_1_66' title="bbox 512 3661 2102 3733">
    <p class='ocr_par' dir='ltr' id='par_1_66' title="bbox 512 3661 2102 3733">
     <span class='ocr_line' id='line_1_66' title="bbox 512 3661 2102 3733; baseline 0.001 -19"><span class='ocrx_word' id='word_1_556' title='bbox 512 3661 673 3715; x_wconf 82' lang='lat' dir='ltr'><strong>bilem</strong></span> <span class='ocrx_word' id='word_1_557' title='bbox 711 3670 766 3717; x_wconf 90' lang='lat' dir='ltr'><strong>et</strong></span> <span class='ocrx_word' id='word_1_558' title='bbox 808 3662 1395 3733; x_wconf 87' lang='lat' dir='ltr'><strong>incompreltensibilem</strong></span> <span class='ocrx_word' id='word_1_559' title='bbox 1438 3665 1721 3718; x_wconf 90' lang='lat' dir='ltr'><strong>essentiam</strong></span> <span class='ocrx_word' id='word_1_560' title='bbox 1766 3665 1881 3732; x_wconf 89' lang='lat' dir='ltr'><strong>ejus</strong></span> <span class='ocrx_word' id='word_1_561' title='bbox 1906 3664 2102 3718; x_wconf 88' lang='lat' dir='ltr'><strong>altissi-</strong></span> 
     </span>
    </p>
   </div>
   <div class='ocr_carea' id='block_1_67' title="bbox 511 3750 2097 3825">
    <p class='ocr_par' dir='ltr' id='par_1_67' title="bbox 511 3750 2097 3825">
     <span class='ocr_line' id='line_1_67' title="bbox 511 3750 2097 3825; baseline 0.004 -21"><span class='ocrx_word' id='word_1_562' title='bbox 511 3766 653 3805; x_wconf 90' lang='lat' dir='ltr'><strong>mam</strong></span> <span class='ocrx_word' id='word_1_563' title='bbox 704 3750 945 3825; x_wconf 71' lang='lat' dir='ltr'><strong>[1&quot;orte,</strong></span> <span class='ocrx_word' id='word_1_564' title='bbox 995 3753 1312 3808; x_wconf 86' lang='lat' dir='ltr'><strong>altissimum</strong></span> <span class='ocrx_word' id='word_1_565' title='bbox 1334 3752 1354 3825; x_wconf 82' lang='lat' dir='ltr'><strong>j</strong></span> <span class='ocrx_word' id='word_1_566' title='bbox 1402 3755 1781 3823; x_wconf 80' lang='lat' dir='ltr'><strong>investigabit?</strong></span> <span class='ocrx_word' id='word_1_567' title='bbox 1827 3753 1957 3821; x_wconf 85' lang='lat' dir='ltr'><strong>Quis</strong></span> <span class='ocrx_word' id='word_1_568' title='bbox 2003 3755 2097 3811; x_wconf 88' lang='lat' dir='ltr'><strong>Dei</strong></span> 
     </span>
    </p>
   </div>
   <div class='ocr_carea' id='block_1_68' title="bbox 509 3840 2099 3912">
    <p class='ocr_par' dir='ltr' id='par_1_68' title="bbox 509 3840 2099 3912">
     <span class='ocr_line' id='line_1_68' title="bbox 509 3840 2099 3912; baseline 0.006 -19"><span class='ocrx_word' id='word_1_569' title='bbox 509 3840 772 3909; x_wconf 87' lang='lat' dir='ltr'><strong>profunda</strong></span> <span class='ocrx_word' id='word_1_570' title='bbox 801 3844 1258 3912; x_wconf 81' lang='lat' dir='ltr'><strong>perscrutabitur?</strong></span> <span class='ocrx_word' id='word_1_571' title='bbox 1282 3842 1413 3911; x_wconf 90' lang='lat' dir='ltr'><strong>Quis</strong></span> <span class='ocrx_word' id='word_1_572' title='bbox 1436 3853 1696 3900; x_wconf 71' lang='lat' dir='ltr'><strong>aeternum</strong></span> <span class='ocrx_word' id='word_1_573' title='bbox 1735 3849 2099 3903; x_wconf 88' lang='lat' dir='ltr'><strong>universitatis</strong></span> 
     </span>
    </p>
   </div>
   <div class='ocr_carea' id='block_1_69' title="bbox 508 3932 2095 4004">
    <p class='ocr_par' dir='ltr' id='par_1_69' title="bbox 508 3932 2095 4004">
     <span class='ocr_line' id='line_1_69' title="bbox 508 3932 2095 4004; baseline 0.008 -20"><span class='ocrx_word' id='word_1_574' title='bbox 508 3932 825 4001; x_wconf 90' lang='lat' dir='ltr'><strong>principium</strong></span> <span class='ocrx_word' id='word_1_575' title='bbox 876 3943 1109 3989; x_wconf 87' lang='lat' dir='ltr'><strong>tractare</strong></span> <span class='ocrx_word' id='word_1_576' title='bbox 1153 3936 1408 3991; x_wconf 82' lang='lat' dir='ltr'><strong>audebit?</strong></span> <span class='ocrx_word' id='word_1_577' title='bbox 1456 3935 1588 4004; x_wconf 88' lang='lat' dir='ltr'><strong>Quis</strong></span> <span class='ocrx_word' id='word_1_578' title='bbox 1636 3936 1900 3994; x_wconf 77' lang='lat' dir='ltr'><strong>inﬁnitum</strong></span> <span class='ocrx_word' id='word_1_579' title='bbox 1932 3939 2095 3995; x_wconf 86' lang='lat' dir='ltr'><strong>Deum</strong></span> 
     </span>
    </p>
   </div>
   <div class='ocr_carea' id='block_1_70' title="bbox 508 4022 2095 4096">
    <p class='ocr_par' dir='ltr' id='par_1_70' title="bbox 508 4022 2095 4096">
     <span class='ocr_line' id='line_1_70' title="bbox 508 4022 2095 4096; baseline 0.009 -24"><span class='ocrx_word' id='word_1_580' title='bbox 508 4022 689 4075; x_wconf 90' lang='lat' dir='ltr'><strong>omnia</strong></span> <span class='ocrx_word' id='word_1_581' title='bbox 734 4022 1043 4092; x_wconf 89' lang='lat' dir='ltr'><strong>impleutem</strong></span> <span class='ocrx_word' id='word_1_582' title='bbox 1090 4034 1148 4080; x_wconf 92' lang='grc' dir='ltr'><strong>ει</strong></span> <span class='ocrx_word' id='word_1_583' title='bbox 1188 4029 1367 4082; x_wconf 88' lang='lat' dir='ltr'><strong>omnia</strong></span> <span class='ocrx_word' id='word_1_584' title='bbox 1412 4030 1864 4096; x_wconf 89' lang='lat' dir='ltr'><strong>circumdantem,</strong></span> <span class='ocrx_word' id='word_1_585' title='bbox 1915 4034 2095 4087; x_wconf 88' lang='lat' dir='ltr'><strong>omnia</strong></span> 
     </span>
    </p>
   </div>
   <div class='ocr_carea' id='block_1_71' title="bbox 507 4119 2094 4194">
    <p class='ocr_par' dir='ltr' id='par_1_71' title="bbox 507 4119 2094 4194">
     <span class='ocr_line' id='line_1_71' title="bbox 507 4119 2094 4194; baseline 0.008 -26"><span class='ocrx_word' id='word_1_586' title='bbox 507 4122 884 4182; x_wconf 87' lang='lat' dir='ltr'><strong>penetrantem</strong></span> <span class='ocrx_word' id='word_1_587' title='bbox 912 4126 968 4171; x_wconf 90' lang='grc' dir='ltr'><strong>ει</strong></span> <span class='ocrx_word' id='word_1_588' title='bbox 996 4119 1175 4173; x_wconf 85' lang='lat' dir='ltr'><strong>omnia</strong></span> <span class='ocrx_word' id='word_1_589' title='bbox 1194 4122 1566 4189; x_wconf 80' lang='lat' dir='ltr'><strong>excedentem,</strong></span> <span class='ocrx_word' id='word_1_590' title='bbox 1591 4124 1769 4178; x_wconf 82' lang='lat' dir='ltr'><strong>omnia</strong></span> <span class='ocrx_word' id='word_1_591' title='bbox 1794 4125 2094 4194; x_wconf 88' lang='lat' dir='ltr'><strong>capientem</strong></span> 
     </span>
    </p>
   </div>
   <div class='ocr_carea' id='block_1_72' title="bbox 507 4205 2097 4280">
    <p class='ocr_par' dir='ltr' id='par_1_72' title="bbox 507 4205 2097 4280">
     <span class='ocr_line' id='line_1_72' title="bbox 507 4205 2097 4280; baseline 0.009 -24"><span class='ocrx_word' id='word_1_592' title='bbox 507 4212 561 4256; x_wconf 86' lang='lat' dir='ltr'><strong>et</strong></span> <span class='ocrx_word' id='word_1_593' title='bbox 607 4205 787 4259; x_wconf 86' lang='lat' dir='ltr'><strong>omnia</strong></span> <span class='ocrx_word' id='word_1_594' title='bbox 816 4205 1177 4275; x_wconf 83' lang='lat' dir='ltr'><strong>etl‘ugientem,</strong></span> <span class='ocrx_word' id='word_1_595' title='bbox 1201 4212 1341 4266; x_wconf 87' lang='lat' dir='ltr'><strong>scire</strong></span> <span class='ocrx_word' id='word_1_596' title='bbox 1366 4212 1717 4280; x_wconf 79' lang='lat' dir='ltr'><strong>gloriabitur?</strong></span> <span class='ocrx_word' id='word_1_597' title='bbox 1748 4212 1909 4278; x_wconf 83' lang='lat' dir='ltr'><strong>Quem</strong></span> <span class='ocrx_word' id='word_1_598' title='bbox 1948 4232 2097 4272; x_wconf 81' lang='lat' dir='ltr'><strong>nemo</strong></span> 
     </span>
    </p>
   </div>
   <div class='ocr_carea' id='block_1_73' title="bbox 506 4297 2096 4378">
    <p class='ocr_par' dir='ltr' id='par_1_73' title="bbox 506 4297 2096 4378">
     <span class='ocr_line' id='line_1_73' title="bbox 506 4297 2096 4378; baseline 0.009 -29"><span class='ocrx_word' id='word_1_599' title='bbox 506 4297 631 4349; x_wconf 79' lang='lat' dir='ltr'><strong>vidit</strong></span> <span class='ocrx_word' id='word_1_600' title='bbox 658 4315 883 4370; x_wconf 85' lang='lat' dir='ltr'><strong>unquam</strong></span> <span class='ocrx_word' id='word_1_601' title='bbox 931 4299 994 4372; x_wconf 90' lang='grc'><strong>(1</strong></span> <span class='ocrx_word' id='word_1_602' title='bbox 1040 4301 1172 4355; x_wconf 86' lang='lat' dir='ltr'><strong>Tim.</strong></span> <span class='ocrx_word' id='word_1_603' title='bbox 1204 4318 1276 4372; x_wconf 79' lang='lat' dir='ltr'><strong>vr,</strong></span> <span class='ocrx_word' id='word_1_604' title='bbox 1321 4303 1441 4376; x_wconf 75' lang='grc'><strong>16),</strong></span> <span class='ocrx_word' id='word_1_605' title='bbox 1485 4313 1544 4359; x_wconf 86' lang='grc' dir='ltr'><strong>ιιι</strong></span> <span class='ocrx_word' id='word_1_606' title='bbox 1569 4313 1672 4361; x_wconf 87' lang='lat' dir='ltr'><strong>est.</strong></span> <span class='ocrx_word' id='word_1_607' title='bbox 1702 4306 1888 4362; x_wconf 85' lang='lat' dir='ltr'><strong>Nullus</strong></span> <span class='ocrx_word' id='word_1_608' title='bbox 1917 4308 2096 4378; x_wconf 84' lang='lat' dir='ltr'><strong>itaque</strong></span> 
     </span>
    </p>
   </div>
   <div class='ocr_carea' id='block_1_74' title="bbox 507 4394 2090 4469">
    <p class='ocr_par' dir='ltr' id='par_1_74' title="bbox 507 4394 2090 4469">
     <span class='ocr_line' id='line_1_74' title="bbox 507 4394 2090 4469; baseline 0.008 -26"><span class='ocrx_word' id='word_1_609' title='bbox 507 4400 795 4454; x_wconf 67' lang='lat' dir='ltr'><strong>prtesumat</strong></span> <span class='ocrx_word' id='word_1_610' title='bbox 821 4405 1064 4460; x_wconf 61' lang='lat' dir='ltr'><strong>querere</strong></span> <span class='ocrx_word' id='word_1_611' title='bbox 1092 4394 1480 4464; x_wconf 86' lang='lat' dir='ltr'><strong>investigabilia</strong></span> <span class='ocrx_word' id='word_1_612' title='bbox 1511 4397 1627 4463; x_wconf 88' lang='lat' dir='ltr'><strong>Dei,</strong></span> <span class='ocrx_word' id='word_1_613' title='bbox 1653 4397 1783 4467; x_wconf 91' lang='lat' dir='ltr'><strong>quid</strong></span> <span class='ocrx_word' id='word_1_614' title='bbox 1806 4398 1923 4463; x_wconf 89' lang='lat' dir='ltr'><strong>fuit,</strong></span> <span class='ocrx_word' id='word_1_615' title='bbox 1952 4415 2090 4469; x_wconf 82' lang='lat' dir='ltr'><strong>quo-</strong></span> 
     </span>
    </p>
   </div>
   <div class='ocr_carea' id='block_1_75' title="bbox 2202 3206 3803 3278">
    <p class='ocr_par' dir='ltr' id='par_1_75' title="bbox 2202 3206 3803 3278">
     <span class='ocr_line' id='line_1_75' title="bbox 2202 3206 3803 3278; baseline 0.001 -19"><span class='ocrx_word' id='word_1_616' title='bbox 2202 3206 2290 3260; x_wconf 88' lang='lat' dir='ltr'><strong>ba.</strong></span> <span class='ocrx_word' id='word_1_617' title='bbox 2320 3206 2440 3259; x_wconf 81' lang='lat' dir='ltr'><strong>Alta</strong></span> <span class='ocrx_word' id='word_1_618' title='bbox 2466 3206 2607 3260; x_wconf 80' lang='lat' dir='ltr'><strong>enim</strong></span> <span class='ocrx_word' id='word_1_619' title='bbox 2636 3207 2986 3278; x_wconf 77' lang='lat' dir='ltr'><strong>profunditas,</strong></span> <span class='ocrx_word' id='word_1_620' title='bbox 3020 3214 3076 3260; x_wconf 91' lang='lat' dir='ltr'><strong>ut</strong></span> <span class='ocrx_word' id='word_1_621' title='bbox 3102 3208 3359 3277; x_wconf 76' lang='lat' dir='ltr'><strong>scriptum</strong></span> <span class='ocrx_word' id='word_1_622' title='bbox 3387 3215 3491 3274; x_wconf 89' lang='grc' dir='ltr'>εει,</span> <span class='ocrx_word' id='word_1_623' title='bbox 3520 3207 3636 3276; x_wconf 83' lang='lat' dir='ltr'><strong>quis</strong></span> <span class='ocrx_word' id='word_1_624' title='bbox 3663 3208 3803 3261; x_wconf 79' lang='lat' dir='ltr'><strong>inre-</strong></span> 
     </span>
    </p>
   </div>
   <div class='ocr_carea' id='block_1_76' title="bbox 2203 3300 3802 3374">
    <p class='ocr_par' dir='ltr' id='par_1_76' title="bbox 2203 3300 3802 3374">
     <span class='ocr_line' id='line_1_76' title="bbox 2203 3300 3802 3374; baseline 0.002 -18"><span class='ocrx_word' id='word_1_625' title='bbox 2203 3304 2309 3356; x_wconf 86' lang='lat' dir='ltr'><strong>m&#39;et</strong></span> <span class='ocrx_word' id='word_1_626' title='bbox 2328 3319 2441 3356; x_wconf 86' lang='lat' dir='ltr'><strong>eam</strong></span> <span class='ocrx_word' id='word_1_627' title='bbox 2467 3300 2664 3373; x_wconf 76' lang='lat' dir='ltr'><strong>(Eccle.</strong></span> <span class='ocrx_word' id='word_1_628' title='bbox 2690 3318 2783 3364; x_wconf 69' lang='grc' dir='ltr'>ιιι.</span> <span class='ocrx_word' id='word_1_629' title='bbox 2812 3300 2936 3373; x_wconf 73' lang='lat'><strong>25);</strong></span> <span class='ocrx_word' id='word_1_630' title='bbox 2962 3305 3085 3371; x_wconf 89' lang='lat' dir='ltr'><strong>quia</strong></span> <span class='ocrx_word' id='word_1_631' title='bbox 3110 3302 3248 3357; x_wconf 88' lang='lat' dir='ltr'><strong>sicut</strong></span> <span class='ocrx_word' id='word_1_632' title='bbox 3273 3302 3434 3357; x_wconf 88' lang='lat' dir='ltr'><strong>maris</strong></span> <span class='ocrx_word' id='word_1_633' title='bbox 3462 3302 3802 3374; x_wconf 80' lang='lat' dir='ltr'><strong>profunditas</strong></span> 
     </span>
    </p>
   </div>
   <div class='ocr_carea' id='block_1_77' title="bbox 2202 3386 3803 3457">
    <p class='ocr_par' dir='ltr' id='par_1_77' title="bbox 2202 3386 3803 3457">
     <span class='ocr_line' id='line_1_77' title="bbox 2202 3386 3803 3457; baseline 0.002 -11"><span class='ocrx_word' id='word_1_634' title='bbox 2202 3394 2269 3447; x_wconf 90' lang='lat' dir='ltr'><strong>ab</strong></span> <span class='ocrx_word' id='word_1_635' title='bbox 2299 3392 2545 3446; x_wconf 85' lang='lat' dir='ltr'><strong>humanis</strong></span> <span class='ocrx_word' id='word_1_636' title='bbox 2591 3401 2675 3446; x_wconf 76' lang='lat' dir='ltr'><strong>est</strong></span> <span class='ocrx_word' id='word_1_637' title='bbox 2716 3393 2918 3447; x_wconf 80' lang='lat' dir='ltr'><strong>visibus</strong></span> <span class='ocrx_word' id='word_1_638' title='bbox 2964 3393 3274 3457; x_wconf 65' lang='lat' dir='ltr'><strong>invisibilis,</strong></span> <span class='ocrx_word' id='word_1_639' title='bbox 3309 3392 3383 3446; x_wconf 89' lang='lat' dir='ltr'><strong>ita</strong></span> <span class='ocrx_word' id='word_1_640' title='bbox 3412 3386 3692 3449; x_wconf 81' lang='lat' dir='ltr'><strong>Trinitatis</strong></span> <span class='ocrx_word' id='word_1_641' title='bbox 3722 3394 3803 3449; x_wconf 85' lang='lat' dir='ltr'><strong>di-</strong></span> 
     </span>
    </p>
   </div>
   <div class='ocr_carea' id='block_1_78' title="bbox 2199 3483 3802 3555">
    <p class='ocr_par' dir='ltr' id='par_1_78' title="bbox 2199 3483 3802 3555">
     <span class='ocr_line' id='line_1_78' title="bbox 2199 3483 3802 3555; baseline 0.002 -18"><span class='ocrx_word' id='word_1_642' title='bbox 2199 3485 2394 3537; x_wconf 89' lang='lat' dir='ltr'><strong>vinitas</strong></span> <span class='ocrx_word' id='word_1_643' title='bbox 2422 3484 2488 3537; x_wconf 90' lang='lat' dir='ltr'><strong>ab</strong></span> <span class='ocrx_word' id='word_1_644' title='bbox 2518 3484 2765 3538; x_wconf 87' lang='lat' dir='ltr'><strong>humanis</strong></span> <span class='ocrx_word' id='word_1_645' title='bbox 2793 3483 3037 3538; x_wconf 87' lang='lat' dir='ltr'><strong>similiter</strong></span> <span class='ocrx_word' id='word_1_646' title='bbox 3067 3484 3310 3539; x_wconf 86' lang='lat' dir='ltr'><strong>sensibus</strong></span> <span class='ocrx_word' id='word_1_647' title='bbox 3339 3485 3802 3555; x_wconf 86' lang='lat' dir='ltr'><strong>incomprehensi-</strong></span> 
     </span>
    </p>
   </div>
   <div class='ocr_carea' id='block_1_79' title="bbox 2200 3573 3801 3646">
    <p class='ocr_par' dir='ltr' id='par_1_79' title="bbox 2200 3573 3801 3646">
     <span class='ocr_line' id='line_1_79' title="bbox 2200 3573 3801 3646; baseline 0.004 -21"><span class='ocrx_word' id='word_1_648' title='bbox 2200 3573 2320 3627; x_wconf 83' lang='lat' dir='ltr'><strong>bilis</strong></span> <span class='ocrx_word' id='word_1_649' title='bbox 2365 3573 2814 3644; x_wconf 83' lang='lat' dir='ltr'><strong>deprehenditur;</strong></span> <span class='ocrx_word' id='word_1_650' title='bbox 2860 3583 2917 3629; x_wconf 91' lang='lat' dir='ltr'><strong>et</strong></span> <span class='ocrx_word' id='word_1_651' title='bbox 2962 3575 3083 3629; x_wconf 91' lang='lat' dir='ltr'><strong>ideo</strong></span> <span class='ocrx_word' id='word_1_652' title='bbox 3124 3575 3166 3628; x_wconf 88' lang='lat' dir='ltr'><strong>si</strong></span> <span class='ocrx_word' id='word_1_653' title='bbox 3197 3576 3337 3646; x_wconf 89' lang='lat' dir='ltr'><strong>quis,</strong></span> <span class='ocrx_word' id='word_1_654' title='bbox 3370 3576 3611 3645; x_wconf 89' lang='lat' dir='ltr'><strong>inquam,</strong></span> <span class='ocrx_word' id='word_1_655' title='bbox 3660 3577 3801 3631; x_wconf 89' lang='lat' dir='ltr'><strong>scire</strong></span> 
     </span>
    </p>
   </div>
   <div class='ocr_carea' id='block_1_80' title="bbox 2199 3662 3803 3736">
    <p class='ocr_par' dir='ltr' id='par_1_80' title="bbox 2199 3662 3803 3736">
     <span class='ocr_line' id='line_1_80' title="bbox 2199 3662 3803 3736; baseline 0.002 -18"><span class='ocrx_word' id='word_1_656' title='bbox 2199 3664 2430 3719; x_wconf 90' lang='lat' dir='ltr'><strong>voluerit</strong></span> <span class='ocrx_word' id='word_1_657' title='bbox 2473 3663 2599 3734; x_wconf 92' lang='lat' dir='ltr'><strong>quid</strong></span> <span class='ocrx_word' id='word_1_658' title='bbox 2646 3664 2868 3718; x_wconf 89' lang='lat' dir='ltr'><strong>credere</strong></span> <span class='ocrx_word' id='word_1_659' title='bbox 2912 3662 3175 3728; x_wconf 90' lang='lat' dir='ltr'><strong>debuerit,</strong></span> <span class='ocrx_word' id='word_1_660' title='bbox 3222 3681 3330 3720; x_wconf 91' lang='lat' dir='ltr'><strong>non</strong></span> <span class='ocrx_word' id='word_1_661' title='bbox 3375 3674 3527 3735; x_wconf 90' lang='lat' dir='ltr'><strong>putet</strong></span> <span class='ocrx_word' id='word_1_662' title='bbox 3572 3681 3633 3721; x_wconf 89' lang='lat' dir='ltr'><strong>se</strong></span> <span class='ocrx_word' id='word_1_663' title='bbox 3684 3667 3803 3736; x_wconf 88' lang='lat' dir='ltr'><strong>plus</strong></span> 
     </span>
    </p>
   </div>
   <div class='ocr_carea' id='block_1_81' title="bbox 2200 3752 3801 3824">
    <p class='ocr_par' dir='ltr' id='par_1_81' title="bbox 2200 3752 3801 3824">
     <span class='ocr_line' id='line_1_81' title="bbox 2200 3752 3801 3824; baseline 0.002 -17"><span class='ocrx_word' id='word_1_664' title='bbox 2200 3769 2360 3823; x_wconf 86' lang='lat' dir='ltr'><strong>posse</strong></span> <span class='ocrx_word' id='word_1_665' title='bbox 2406 3754 2702 3821; x_wconf 89' lang='lat' dir='ltr'><strong>intelligere</strong></span> <span class='ocrx_word' id='word_1_666' title='bbox 2749 3752 3017 3823; x_wconf 83' lang='lat' dir='ltr'><strong>loquendo</strong></span> <span class='ocrx_word' id='word_1_667' title='bbox 3065 3768 3226 3823; x_wconf 90' lang='lat' dir='ltr'><strong>quam</strong></span> <span class='ocrx_word' id='word_1_668' title='bbox 3272 3755 3542 3809; x_wconf 85' lang='lat' dir='ltr'><strong>credetido</strong></span> <span class='ocrx_word' id='word_1_669' title='bbox 3577 3773 3589 3809; x_wconf 91' lang='lat'><strong>:</strong></span> <span class='ocrx_word' id='word_1_670' title='bbox 3630 3758 3801 3824; x_wconf 75' lang='lat' dir='ltr'><strong>magis</strong></span> 
     </span>
    </p>
   </div>
   <div class='ocr_carea' id='block_1_82' title="bbox 2198 3844 3799 3917">
    <p class='ocr_par' dir='ltr' id='par_1_82' title="bbox 2198 3844 3799 3917">
     <span class='ocr_line' id='line_1_82' title="bbox 2198 3844 3799 3917; baseline 0 -16"><span class='ocrx_word' id='word_1_671' title='bbox 2198 3847 2341 3901; x_wconf 89' lang='lat' dir='ltr'><strong>cnint</strong></span> <span class='ocrx_word' id='word_1_672' title='bbox 2392 3844 2549 3914; x_wconf 82' lang='lat' dir='ltr'><strong>longe</strong></span> <span class='ocrx_word' id='word_1_673' title='bbox 2594 3845 2826 3913; x_wconf 85' lang='lat' dir='ltr'><strong>refugiet</strong></span> <span class='ocrx_word' id='word_1_674' title='bbox 2873 3844 3093 3915; x_wconf 68' lang='lat' dir='ltr'><strong>quaesita</strong></span> <span class='ocrx_word' id='word_1_675' title='bbox 3146 3844 3443 3901; x_wconf 87' lang='lat' dir='ltr'><strong>divinitatis</strong></span> <span class='ocrx_word' id='word_1_676' title='bbox 3485 3847 3753 3917; x_wconf 84' lang='lat' dir='ltr'><strong>sapientia</strong></span> <span class='ocrx_word' id='word_1_677' title='bbox 3781 3889 3799 3913; x_wconf 88' lang='lat'><strong>,</strong></span> 
     </span>
    </p>
   </div>
   <div class='ocr_carea' id='block_1_83' title="bbox 2198 3935 3796 4006">
    <p class='ocr_par' dir='ltr' id='par_1_83' title="bbox 2198 3935 3796 4006">
     <span class='ocr_line' id='line_1_83' title="bbox 2198 3935 3796 4006; baseline 0.001 -15"><span class='ocrx_word' id='word_1_678' title='bbox 2198 3952 2360 4006; x_wconf 90' lang='lat' dir='ltr'><strong>quam</strong></span> <span class='ocrx_word' id='word_1_679' title='bbox 2406 3945 2543 3991; x_wconf 79' lang='lat' dir='ltr'><strong>erat.</strong></span> <span class='ocrx_word' id='word_1_680' title='bbox 2596 3935 2788 4003; x_wconf 65' lang='lat' dir='ltr'><strong>Quaere</strong></span> <span class='ocrx_word' id='word_1_681' title='bbox 2837 3950 2964 4004; x_wconf 85' lang='lat' dir='ltr'><strong>ergo</strong></span> <span class='ocrx_word' id='word_1_682' title='bbox 3011 3935 3289 3990; x_wconf 86' lang='lat' dir='ltr'><strong>scientiam</strong></span> <span class='ocrx_word' id='word_1_683' title='bbox 3339 3952 3635 3999; x_wconf 85' lang='lat' dir='ltr'><strong>summam,</strong></span> <span class='ocrx_word' id='word_1_684' title='bbox 3688 3954 3796 3992; x_wconf 92' lang='lat' dir='ltr'><strong>non</strong></span> 
     </span>
    </p>
   </div>
   <div class='ocr_carea' id='block_1_84' title="bbox 2198 4030 3795 4103">
    <p class='ocr_par' dir='ltr' id='par_1_84' title="bbox 2198 4030 3795 4103">
     <span class='ocr_line' id='line_1_84' title="bbox 2198 4030 3795 4103; baseline 0.004 -22"><span class='ocrx_word' id='word_1_685' title='bbox 2198 4033 2481 4087; x_wconf 81' lang='lat' dir='ltr'><strong>verborum</strong></span> <span class='ocrx_word' id='word_1_686' title='bbox 2510 4031 2910 4102; x_wconf 84' lang='lat' dir='ltr'><strong>disputatione,</strong></span> <span class='ocrx_word' id='word_1_687' title='bbox 2958 4030 3053 4085; x_wconf 88' lang='lat' dir='ltr'><strong>sed</strong></span> <span class='ocrx_word' id='word_1_688' title='bbox 3099 4038 3307 4083; x_wconf 88' lang='lat' dir='ltr'><strong>morum</strong></span> <span class='ocrx_word' id='word_1_689' title='bbox 3357 4031 3621 4085; x_wconf 90' lang='lat' dir='ltr'><strong>bonorum</strong></span> <span class='ocrx_word' id='word_1_690' title='bbox 3673 4048 3795 4103; x_wconf 79' lang='lat' dir='ltr'><strong>per-</strong></span> 
     </span>
    </p>
   </div>
   <div class='ocr_carea' id='block_1_85' title="bbox 2198 4123 3800 4196">
    <p class='ocr_par' dir='ltr' id='par_1_85' title="bbox 2198 4123 3800 4196">
     <span class='ocr_line' id='line_1_85' title="bbox 2198 4123 3800 4196; baseline 0.002 -17"><span class='ocrx_word' id='word_1_691' title='bbox 2198 4123 2464 4191; x_wconf 84' lang='lat' dir='ltr'><strong>fectione;</strong></span> <span class='ocrx_word' id='word_1_692' title='bbox 2512 4140 2619 4178; x_wconf 86' lang='lat' dir='ltr'><strong>non</strong></span> <span class='ocrx_word' id='word_1_693' title='bbox 2651 4125 2848 4193; x_wconf 91' lang='lat' dir='ltr'><strong>lingua,</strong></span> <span class='ocrx_word' id='word_1_694' title='bbox 2878 4125 2969 4179; x_wconf 90' lang='lat' dir='ltr'><strong>sed</strong></span> <span class='ocrx_word' id='word_1_695' title='bbox 3001 4123 3124 4191; x_wconf 84' lang='lat' dir='ltr'><strong>fide,</strong></span> <span class='ocrx_word' id='word_1_696' title='bbox 3153 4123 3220 4177; x_wconf 91' lang='lat' dir='ltr'><strong>de</strong></span> <span class='ocrx_word' id='word_1_697' title='bbox 3247 4127 3428 4179; x_wconf 69' lang='lat' dir='ltr'><strong>cordis</strong></span> <span class='ocrx_word' id='word_1_698' title='bbox 3456 4127 3800 4196; x_wconf 82' lang='lat' dir='ltr'><strong>simplicitate</strong></span> 
     </span>
    </p>
   </div>
   <div class='ocr_carea' id='block_1_86' title="bbox 2197 4214 3796 4285">
    <p class='ocr_par' dir='ltr' id='par_1_86' title="bbox 2197 4214 3796 4285">
     <span class='ocr_line' id='line_1_86' title="bbox 2197 4214 3796 4285; baseline 0.003 -17"><span class='ocrx_word' id='word_1_699' title='bbox 2197 4214 2470 4285; x_wconf 85' lang='lat' dir='ltr'><strong>procedit,</strong></span> <span class='ocrx_word' id='word_1_700' title='bbox 2523 4230 2629 4269; x_wconf 93' lang='lat' dir='ltr'><strong>non</strong></span> <span class='ocrx_word' id='word_1_701' title='bbox 2671 4230 2792 4284; x_wconf 72' lang='lat' dir='ltr'><strong>quae</strong></span> <span class='ocrx_word' id='word_1_702' title='bbox 2831 4220 2900 4269; x_wconf 84' lang='lat' dir='ltr'><strong>de</strong></span> <span class='ocrx_word' id='word_1_703' title='bbox 2943 4214 3230 4283; x_wconf 78' lang='lat' dir='ltr'><strong>impietatis</strong></span> <span class='ocrx_word' id='word_1_704' title='bbox 3267 4217 3440 4269; x_wconf 79' lang='lat' dir='ltr'><strong>docta:</strong></span> <span class='ocrx_word' id='word_1_705' title='bbox 3479 4216 3796 4283; x_wconf 80' lang='lat' dir='ltr'><strong>conjectura</strong></span> 
     </span>
    </p>
   </div>
   <div class='ocr_carea' id='block_1_87' title="bbox 2196 4307 3800 4378">
    <p class='ocr_par' dir='ltr' id='par_1_87' title="bbox 2196 4307 3800 4378">
     <span class='ocr_line' id='line_1_87' title="bbox 2196 4307 3800 4378; baseline 0.001 -15"><span class='ocrx_word' id='word_1_706' title='bbox 2196 4308 2483 4377; x_wconf 88' lang='lat' dir='ltr'><strong>colligitur.</strong></span> <span class='ocrx_word' id='word_1_707' title='bbox 2534 4307 2589 4363; x_wconf 89' lang='lat' dir='ltr'><strong>Si</strong></span> <span class='ocrx_word' id='word_1_708' title='bbox 2638 4323 2768 4377; x_wconf 90' lang='lat' dir='ltr'><strong>ergo</strong></span> <span class='ocrx_word' id='word_1_709' title='bbox 2817 4309 3227 4363; x_wconf 79' lang='lat' dir='ltr'><strong>tractationibus</strong></span> <span class='ocrx_word' id='word_1_710' title='bbox 3255 4309 3800 4378; x_wconf 68' lang='lat' dir='ltr'><strong>qumsierisineﬂabi-</strong></span> 
     </span>
    </p>
   </div>
   <div class='ocr_carea' id='block_1_88' title="bbox 2197 4399 3797 4473">
    <p class='ocr_par' dir='ltr' id='par_1_88' title="bbox 2197 4399 3797 4473">
     <span class='ocr_line' id='line_1_88' title="bbox 2197 4399 3797 4473; baseline 0.003 -21"><span class='ocrx_word' id='word_1_711' title='bbox 2197 4399 2321 4466; x_wconf 88' lang='lat' dir='ltr'><strong>lem,</strong></span> <span class='ocrx_word' id='word_1_712' title='bbox 2377 4401 2577 4473; x_wconf 81' lang='lat' dir='ltr'><strong>longius</strong></span> <span class='ocrx_word' id='word_1_713' title='bbox 2623 4403 2822 4455; x_wconf 83' lang='lat' dir='ltr'><strong>recedet</strong></span> <span class='ocrx_word' id='word_1_714' title='bbox 2868 4418 2900 4454; x_wconf 90' lang='lat' dir='ltr'><strong>a</strong></span> <span class='ocrx_word' id='word_1_715' title='bbox 2948 4412 2996 4453; x_wconf 86' lang='lat' dir='ltr'><strong>te</strong></span> <span class='ocrx_word' id='word_1_716' title='bbox 3047 4399 3252 4471; x_wconf 85' lang='lat' dir='ltr'><strong>(lbid.,</strong></span> <span class='ocrx_word' id='word_1_717' title='bbox 3297 4399 3391 4471; x_wconf 66' lang='lat' dir='ltr'><strong>Si)</strong></span> <span class='ocrx_word' id='word_1_718' title='bbox 3436 4403 3607 4471; x_wconf 83' lang='lat' dir='ltr'><strong>magis</strong></span> <span class='ocrx_word' id='word_1_719' title='bbox 3636 4417 3797 4472; x_wconf 86' lang='lat' dir='ltr'><strong>quam</strong></span> 
     </span>
    </p>
   </div>
   <div class='ocr_carea' id='block_1_89' title="bbox 507 4480 3800 4563">
    <p class='ocr_par' dir='ltr' id='par_1_89' title="bbox 507 4480 3800 4563">
     <span class='ocr_line' id='line_1_89' title="bbox 507 4480 3800 4563; baseline 0.005 -32"><span class='ocrx_word' id='word_1_720' title='bbox 507 4480 670 4535; x_wconf 88' lang='lat' dir='ltr'><strong>modo</strong></span> <span class='ocrx_word' id='word_1_721' title='bbox 711 4482 828 4550; x_wconf 86' lang='lat' dir='ltr'><strong>fuit,</strong></span> <span class='ocrx_word' id='word_1_722' title='bbox 873 4500 980 4555; x_wconf 89' lang='lat' dir='ltr'><strong>quo</strong></span> <span class='ocrx_word' id='word_1_723' title='bbox 1021 4484 1142 4542; x_wconf 89' lang='lat' dir='ltr'><strong>fuit.</strong></span> <span class='ocrx_word' id='word_1_724' title='bbox 1190 4485 1315 4542; x_wconf 75' lang='lat' dir='ltr'><strong>Haec</strong></span> <span class='ocrx_word' id='word_1_725' title='bbox 1340 4496 1466 4544; x_wconf 87' lang='lat' dir='ltr'><strong>sunt</strong></span> <span class='ocrx_word' id='word_1_726' title='bbox 1494 4488 1800 4556; x_wconf 74' lang='lat' dir='ltr'><strong>ineffabilia,</strong></span> <span class='ocrx_word' id='word_1_727' title='bbox 1828 4493 2089 4548; x_wconf 86' lang='lat' dir='ltr'><strong>inscruta-</strong></span> <span class='ocrx_word' id='word_1_728' title='bbox 2121 4494 2166 4552; x_wconf 83' lang='grc' dir='ltr'>υ</span> <span class='ocrx_word' id='word_1_729' title='bbox 2193 4493 2417 4549; x_wconf 86' lang='lat' dir='ltr'><strong>erat:si</strong></span> <span class='ocrx_word' id='word_1_730' title='bbox 2464 4494 2586 4557; x_wconf 81' lang='lat' dir='ltr'><strong>fide,</strong></span> <span class='ocrx_word' id='word_1_731' title='bbox 2631 4493 2822 4560; x_wconf 85' lang='lat' dir='ltr'><strong>stabit,</strong></span> <span class='ocrx_word' id='word_1_732' title='bbox 2871 4493 2960 4547; x_wconf 91' lang='lat' dir='ltr'><strong>ubi</strong></span> <span class='ocrx_word' id='word_1_733' title='bbox 3003 4493 3182 4561; x_wconf 75' lang='lat' dir='ltr'><strong>deget,</strong></span> <span class='ocrx_word' id='word_1_734' title='bbox 3231 4495 3285 4546; x_wconf 87' lang='lat' dir='ltr'><strong>in</strong></span> <span class='ocrx_word' id='word_1_735' title='bbox 3329 4495 3492 4563; x_wconf 86' lang='lat' dir='ltr'><strong>portis</strong></span> <span class='ocrx_word' id='word_1_736' title='bbox 3539 4495 3800 4563; x_wconf 76' lang='lat' dir='ltr'><strong>sapientia</strong></span> 
     </span>
    </p>
   </div>
   <div class='ocr_carea' id='block_1_90' title="bbox 506 4570 2094 4650">
    <p class='ocr_par' dir='ltr' id='par_1_90' title="bbox 506 4570 2094 4650">
     <span class='ocr_line' id='line_1_90' title="bbox 506 4570 2094 4650; baseline 0.011 -27"><span class='ocrx_word' id='word_1_737' title='bbox 506 4570 657 4640; x_wconf 88' lang='lat' dir='ltr'><strong>bilia,</strong></span> <span class='ocrx_word' id='word_1_738' title='bbox 686 4572 1071 4646; x_wconf 88' lang='lat' dir='ltr'><strong>investigabilia</strong></span> <span class='ocrx_word' id='word_1_739' title='bbox 1101 4597 1116 4634; x_wconf 86' lang='lat'><strong>:</strong></span> <span class='ocrx_word' id='word_1_740' title='bbox 1145 4580 1459 4650; x_wconf 85' lang='lat' dir='ltr'><strong>simpliciter</strong></span> <span class='ocrx_word' id='word_1_741' title='bbox 1485 4589 1723 4650; x_wconf 90' lang='lat' dir='ltr'><strong>tantum;</strong></span> <span class='ocrx_word' id='word_1_742' title='bbox 1756 4591 1934 4640; x_wconf 88' lang='lat' dir='ltr'><strong>tamen</strong></span> <span class='ocrx_word' id='word_1_743' title='bbox 1980 4584 2094 4640; x_wconf 88' lang='lat' dir='ltr'><strong>for-</strong></span> 
     </span>
    </p>
   </div>
   <div class='ocr_carea' id='block_1_91' title="bbox 508 4662 2094 4749">
    <p class='ocr_par' dir='ltr' id='par_1_91' title="bbox 508 4662 2094 4749">
     <span class='ocr_line' id='line_1_91' title="bbox 508 4662 2094 4749; baseline 0.013 -36"><span class='ocrx_word' id='word_1_744' title='bbox 508 4662 653 4726; x_wconf 86' lang='lat' dir='ltr'><strong>titer,</strong></span> <span class='ocrx_word' id='word_1_745' title='bbox 684 4667 842 4721; x_wconf 83' lang='lat' dir='ltr'><strong>crede</strong></span> <span class='ocrx_word' id='word_1_746' title='bbox 866 4670 1010 4736; x_wconf 91' lang='lat' dir='ltr'><strong>quod</strong></span> <span class='ocrx_word' id='word_1_747' title='bbox 1038 4671 1119 4726; x_wconf 84' lang='lat' dir='ltr'><strong>sic</strong></span> <span class='ocrx_word' id='word_1_748' title='bbox 1143 4681 1229 4727; x_wconf 89' lang='lat' dir='ltr'><strong>est</strong></span> <span class='ocrx_word' id='word_1_749' title='bbox 1253 4671 1417 4737; x_wconf 87' lang='lat' dir='ltr'><strong>Deus,</strong></span> <span class='ocrx_word' id='word_1_750' title='bbox 1467 4682 1523 4728; x_wconf 92' lang='lat' dir='ltr'><strong>et</strong></span> <span class='ocrx_word' id='word_1_751' title='bbox 1548 4675 1628 4731; x_wconf 90' lang='lat' dir='ltr'><strong>sic</strong></span> <span class='ocrx_word' id='word_1_752' title='bbox 1653 4676 1777 4742; x_wconf 90' lang='lat' dir='ltr'><strong>erit,</strong></span> <span class='ocrx_word' id='word_1_753' title='bbox 1818 4678 2094 4749; x_wconf 91' lang='lat' dir='ltr'><strong>quomodo</strong></span> 
     </span>
    </p>
   </div>
   <div class='ocr_carea' id='block_1_92' title="bbox 508 4753 1525 4825">
    <p class='ocr_par' dir='ltr' id='par_1_92' title="bbox 508 4753 1525 4825">
     <span class='ocr_line' id='line_1_92' title="bbox 508 4753 1525 4825; baseline 0.017 -20"><span class='ocrx_word' id='word_1_754' title='bbox 508 4753 629 4822; x_wconf 87' lang='lat' dir='ltr'><strong>fuit,</strong></span> <span class='ocrx_word' id='word_1_755' title='bbox 660 4758 785 4825; x_wconf 91' lang='lat' dir='ltr'><strong>quia</strong></span> <span class='ocrx_word' id='word_1_756' title='bbox 814 4758 1228 4819; x_wconf 86' lang='lat' dir='ltr'><strong>inconvertibilis</strong></span> <span class='ocrx_word' id='word_1_757' title='bbox 1257 4765 1396 4821; x_wconf 88' lang='lat' dir='ltr'><strong>Deus</strong></span> <span class='ocrx_word' id='word_1_758' title='bbox 1420 4777 1525 4822; x_wconf 88' lang='lat' dir='ltr'><strong>est.</strong></span> 
     </span>
    </p>
   </div>
   <div class='ocr_carea' id='block_1_93' title="bbox 577 4844 2095 4933">
    <p class='ocr_par' dir='ltr' id='par_1_93' title="bbox 577 4844 2095 4933">
     <span class='ocr_line' id='line_1_93' title="bbox 577 4844 2095 4933; baseline 0.013 -35"><span class='ocrx_word' id='word_1_759' title='bbox 577 4844 667 4901; x_wconf 87' lang='grc' dir='ltr'>ιιι.</span> <span class='ocrx_word' id='word_1_760' title='bbox 706 4846 837 4914; x_wconf 88' lang='lat' dir='ltr'><strong>Quis</strong></span> <span class='ocrx_word' id='word_1_761' title='bbox 864 4860 1100 4920; x_wconf 76' lang='lat' dir='ltr'><strong>estergo</strong></span> <span class='ocrx_word' id='word_1_762' title='bbox 1132 4854 1307 4912; x_wconf 79' lang='lat' dir='ltr'><strong>Deus?</strong></span> <span class='ocrx_word' id='word_1_763' title='bbox 1357 4857 1531 4925; x_wconf 86' lang='lat' dir='ltr'><strong>Pater,</strong></span> <span class='ocrx_word' id='word_1_764' title='bbox 1570 4858 1756 4929; x_wconf 84' lang='lat' dir='ltr'><strong>Filius,</strong></span> <span class='ocrx_word' id='word_1_765' title='bbox 1788 4869 1843 4916; x_wconf 92' lang='lat' dir='ltr'><strong>et</strong></span> <span class='ocrx_word' id='word_1_766' title='bbox 1866 4862 2095 4933; x_wconf 87' lang='lat' dir='ltr'><strong>Spiritus</strong></span> 
     </span>
    </p>
   </div>
   <div class='ocr_carea' id='block_1_94' title="bbox 505 4942 2089 5023">
    <p class='ocr_par' dir='ltr' id='par_1_94' title="bbox 505 4942 2089 5023">
     <span class='ocr_line' id='line_1_94' title="bbox 505 4942 2089 5023; baseline 0.015 -36"><span class='ocrx_word' id='word_1_767' title='bbox 505 4948 766 5001; x_wconf 86' lang='lat' dir='ltr'><strong>sanctus,</strong></span> <span class='ocrx_word' id='word_1_768' title='bbox 813 4954 949 4995; x_wconf 89' lang='lat' dir='ltr'><strong>unus</strong></span> <span class='ocrx_word' id='word_1_769' title='bbox 1000 4942 1141 4999; x_wconf 86' lang='lat' dir='ltr'><strong>Deus</strong></span> <span class='ocrx_word' id='word_1_770' title='bbox 1182 4953 1283 5001; x_wconf 89' lang='lat' dir='ltr'><strong>est.</strong></span> <span class='ocrx_word' id='word_1_771' title='bbox 1333 4948 1574 5019; x_wconf 83' lang='lat' dir='ltr'><strong>Amplius</strong></span> <span class='ocrx_word' id='word_1_772' title='bbox 1616 4968 1720 5007; x_wconf 93' lang='lat' dir='ltr'><strong>non</strong></span> <span class='ocrx_word' id='word_1_773' title='bbox 1749 4955 1993 5023; x_wconf 89' lang='lat' dir='ltr'><strong>requiras</strong></span> <span class='ocrx_word' id='word_1_774' title='bbox 2020 4956 2089 5010; x_wconf 90' lang='lat' dir='ltr'><strong>de</strong></span> 
     </span>
    </p>
   </div>
   <div class='ocr_carea' id='block_1_95' title="bbox 508 5026 2087 5113">
    <p class='ocr_par' dir='ltr' id='par_1_95' title="bbox 508 5026 2087 5113">
     <span class='ocr_line' id='line_1_95' title="bbox 508 5026 2087 5113; baseline 0.014 -35"><span class='ocrx_word' id='word_1_775' title='bbox 508 5026 656 5095; x_wconf 86' lang='lat' dir='ltr'><strong>Deo;</strong></span> <span class='ocrx_word' id='word_1_776' title='bbox 695 5030 820 5099; x_wconf 91' lang='lat' dir='ltr'><strong>quia</strong></span> <span class='ocrx_word' id='word_1_777' title='bbox 851 5031 1152 5092; x_wconf 80' lang='lat' dir='ltr'><strong>volentibus</strong></span> <span class='ocrx_word' id='word_1_778' title='bbox 1186 5037 1347 5092; x_wconf 87' lang='lat' dir='ltr'><strong>altam</strong></span> <span class='ocrx_word' id='word_1_779' title='bbox 1377 5043 1518 5097; x_wconf 89' lang='lat' dir='ltr'><strong>scire</strong></span> <span class='ocrx_word' id='word_1_780' title='bbox 1553 5044 1968 5113; x_wconf 79' lang='lat' dir='ltr'><strong>profunditatem</strong></span> <span class='ocrx_word' id='word_1_781' title='bbox 2001 5061 2087 5100; x_wconf 88' lang='lat' dir='ltr'><strong>re-</strong></span> 
     </span>
    </p>
   </div>
   <div class='ocr_carea' id='block_1_96' title="bbox 506 5118 2085 5193">
    <p class='ocr_par' dir='ltr' id='par_1_96' title="bbox 506 5118 2085 5193">
     <span class='ocr_line' id='line_1_96' title="bbox 506 5118 2085 5193; baseline 0.015 -23"><span class='ocrx_word' id='word_1_782' title='bbox 506 5131 624 5171; x_wconf 90' lang='lat' dir='ltr'><strong>rmn</strong></span> <span class='ocrx_word' id='word_1_783' title='bbox 651 5118 719 5174; x_wconf 91' lang='lat' dir='ltr'><strong>de</strong></span> <span class='ocrx_word' id='word_1_784' title='bbox 747 5119 882 5189; x_wconf 90' lang='lat' dir='ltr'><strong>Deo,</strong></span> <span class='ocrx_word' id='word_1_785' title='bbox 910 5132 1036 5179; x_wconf 90' lang='lat' dir='ltr'><strong>ante</strong></span> <span class='ocrx_word' id='word_1_786' title='bbox 1061 5136 1251 5184; x_wconf 87' lang='lat' dir='ltr'><strong>natura</strong></span> <span class='ocrx_word' id='word_1_787' title='bbox 1276 5134 1661 5190; x_wconf 86' lang='lat' dir='ltr'><strong>consideranda</strong></span> <span class='ocrx_word' id='word_1_788' title='bbox 1681 5145 1781 5192; x_wconf 86' lang='lat' dir='ltr'><strong>est.</strong></span> <span class='ocrx_word' id='word_1_789' title='bbox 1810 5136 2085 5193; x_wconf 86' lang='lat' dir='ltr'><strong>Trinitatis</strong></span> 
     </span>
    </p>
   </div>
   <div class='ocr_carea' id='block_1_97' title="bbox 507 5209 2077 5297">
    <p class='ocr_par' dir='ltr' id='par_1_97' title="bbox 507 5209 2077 5297">
     <span class='ocr_line' id='line_1_97' title="bbox 507 5209 2077 5297; baseline 0.015 -35"><span class='ocrx_word' id='word_1_790' title='bbox 507 5209 650 5297; x_wconf 73' lang='lat' dir='ltr'><strong>enim</strong></span> <span class='ocrx_word' id='word_1_791' title='bbox 681 5212 901 5268; x_wconf 74' lang='lat' dir='ltr'><strong>scientia</strong></span> <span class='ocrx_word' id='word_1_792' title='bbox 931 5216 1277 5284; x_wconf 89' lang='lat' dir='ltr'><strong>profunditati</strong></span> <span class='ocrx_word' id='word_1_793' title='bbox 1304 5226 1467 5279; x_wconf 87' lang='lat' dir='ltr'><strong>maris</strong></span> <span class='ocrx_word' id='word_1_794' title='bbox 1494 5227 1686 5282; x_wconf 92' lang='lat' dir='ltr'><strong>merito</strong></span> <span class='ocrx_word' id='word_1_795' title='bbox 1716 5238 2077 5297; x_wconf 89' lang='lat' dir='ltr'><strong>comparatur,</strong></span> 
     </span>
    </p>
   </div>
   <div class='ocr_carea' id='block_1_98' title="bbox 506 5295 2077 5390">
    <p class='ocr_par' dir='ltr' id='par_1_98' title="bbox 506 5295 2077 5390">
     <span class='ocr_line' id='line_1_98' title="bbox 506 5295 2077 5390; baseline 0.017 -39"><span class='ocrx_word' id='word_1_796' title='bbox 506 5295 654 5364; x_wconf 80' lang='lat' dir='ltr'><strong>juxta</strong></span> <span class='ocrx_word' id='word_1_797' title='bbox 682 5300 810 5356; x_wconf 91' lang='lat' dir='ltr'><strong>illud</strong></span> <span class='ocrx_word' id='word_1_798' title='bbox 837 5302 1101 5375; x_wconf 82' lang='lat' dir='ltr'><strong>Sapientis</strong></span> <span class='ocrx_word' id='word_1_799' title='bbox 1124 5327 1138 5363; x_wconf 90' lang='lat'><strong>:</strong></span> <span class='ocrx_word' id='word_1_800' title='bbox 1161 5310 1230 5366; x_wconf 84' lang='lat' dir='ltr'><strong>Et</strong></span> <span class='ocrx_word' id='word_1_801' title='bbox 1257 5315 1365 5369; x_wconf 82' lang='lat' dir='ltr'><strong>alta</strong></span> <span class='ocrx_word' id='word_1_802' title='bbox 1389 5318 1735 5388; x_wconf 72' lang='lat' dir='ltr'><strong>profunditas,</strong></span> <span class='ocrx_word' id='word_1_803' title='bbox 1784 5295 1896 5390; x_wconf 68' lang='lat' dir='ltr'><strong>quis</strong></span> <span class='ocrx_word' id='word_1_804' title='bbox 1941 5295 2077 5377; x_wconf 75' lang='lat' dir='ltr'><strong>inve-</strong></span> 
     </span>
    </p>
   </div>
   <div class='ocr_carea' id='block_1_99' title="bbox 511 5390 2088 5476">
    <p class='ocr_par' dir='ltr' id='par_1_99' title="bbox 511 5390 2088 5476">
     <span class='ocr_line' id='line_1_99' title="bbox 511 5390 2088 5476; baseline 0.015 -35"><span class='ocrx_word' id='word_1_805' title='bbox 511 5390 616 5443; x_wconf 70' lang='lat' dir='ltr'><strong>sciet</strong></span> <span class='ocrx_word' id='word_1_806' title='bbox 642 5408 756 5446; x_wconf 82' lang='lat' dir='ltr'><strong>eam</strong></span> <span class='ocrx_word' id='word_1_807' title='bbox 780 5394 977 5466; x_wconf 79' lang='lat' dir='ltr'><strong>(Eecle.</strong></span> <span class='ocrx_word' id='word_1_808' title='bbox 1007 5414 1099 5464; x_wconf 90' lang='lat' dir='ltr'><strong>vtt,</strong></span> <span class='ocrx_word' id='word_1_809' title='bbox 1130 5400 1256 5472; x_wconf 72' lang='lat'><strong>25)?</strong></span> <span class='ocrx_word' id='word_1_810' title='bbox 1291 5404 1349 5459; x_wconf 91' lang='lat' dir='ltr'><strong>Si</strong></span> <span class='ocrx_word' id='word_1_811' title='bbox 1389 5408 1508 5474; x_wconf 88' lang='lat' dir='ltr'><strong>quis</strong></span> <span class='ocrx_word' id='word_1_812' title='bbox 1535 5421 1664 5476; x_wconf 90' lang='lat' dir='ltr'><strong>ergo</strong></span> <span class='ocrx_word' id='word_1_813' title='bbox 1691 5409 1831 5463; x_wconf 90' lang='lat' dir='ltr'><strong>scire</strong></span> <span class='ocrx_word' id='word_1_814' title='bbox 1854 5413 2088 5465; x_wconf 89' lang='lat' dir='ltr'><strong>voluerit</strong></span> 
     </span>
    </p>
   </div>
   <div class='ocr_carea' id='block_1_100' title="bbox 512 5478 2088 5568">
    <p class='ocr_par' dir='ltr' id='par_1_100' title="bbox 512 5478 2088 5568">
     <span class='ocr_line' id='line_1_100' title="bbox 512 5478 2088 5568; baseline 0.017 -37"><span class='ocrx_word' id='word_1_815' title='bbox 512 5478 980 5549; x_wconf 81' lang='lat' dir='ltr'><strong>profundissimum</strong></span> <span class='ocrx_word' id='word_1_816' title='bbox 1026 5490 1219 5548; x_wconf 75' lang='lat' dir='ltr'><strong>divina:</strong></span> <span class='ocrx_word' id='word_1_817' title='bbox 1264 5497 1589 5563; x_wconf 86' lang='lat' dir='ltr'><strong>cognitionis</strong></span> <span class='ocrx_word' id='word_1_818' title='bbox 1633 5497 1895 5568; x_wconf 87' lang='lat' dir='ltr'><strong>pelagus,</strong></span> <span class='ocrx_word' id='word_1_819' title='bbox 1947 5502 2088 5558; x_wconf 88' lang='lat' dir='ltr'><strong>istud</strong></span> 
     </span>
    </p>
   </div>
   <div class='ocr_carea' id='block_1_101' title="bbox 511 5572 2091 5664">
    <p class='ocr_par' dir='ltr' id='par_1_101' title="bbox 511 5572 2091 5664">
     <span class='ocr_line' id='line_1_101' title="bbox 511 5572 2091 5664; baseline 0.018 -41"><span class='ocrx_word' id='word_1_820' title='bbox 511 5572 720 5627; x_wconf 84' lang='lat' dir='ltr'><strong>visibile</strong></span> <span class='ocrx_word' id='word_1_821' title='bbox 763 5586 908 5644; x_wconf 84' lang='lat' dir='ltr'><strong>ante,</strong></span> <span class='ocrx_word' id='word_1_822' title='bbox 950 5581 994 5635; x_wconf 90' lang='lat' dir='ltr'><strong>si</strong></span> <span class='ocrx_word' id='word_1_823' title='bbox 1036 5585 1222 5651; x_wconf 84' lang='lat' dir='ltr'><strong>possit,</strong></span> <span class='ocrx_word' id='word_1_824' title='bbox 1268 5588 1576 5656; x_wconf 87' lang='lat' dir='ltr'><strong>pervideat;</strong></span> <span class='ocrx_word' id='word_1_825' title='bbox 1601 5603 1657 5647; x_wconf 90' lang='lat' dir='ltr'><strong>et</strong></span> <span class='ocrx_word' id='word_1_826' title='bbox 1682 5602 1885 5664; x_wconf 86' lang='lat' dir='ltr'><strong>quanto</strong></span> <span class='ocrx_word' id='word_1_827' title='bbox 1915 5598 2091 5650; x_wconf 89' lang='lat' dir='ltr'><strong>minus</strong></span> 
     </span>
    </p>
   </div>
   <div class='ocr_carea' id='block_1_102' title="bbox 512 5676 2088 5757">
    <p class='ocr_par' dir='ltr' id='par_1_102' title="bbox 512 5676 2088 5757">
     <span class='ocr_line' id='line_1_102' title="bbox 512 5676 2088 5757; baseline 0.018 -41"><span class='ocrx_word' id='word_1_828' title='bbox 512 5677 839 5730; x_wconf 72' lang='lat' dir='ltr'><strong>cognoscere</strong></span> <span class='ocrx_word' id='word_1_829' title='bbox 879 5685 937 5726; x_wconf 87' lang='lat' dir='ltr'><strong>se</strong></span> <span class='ocrx_word' id='word_1_830' title='bbox 982 5676 1189 5730; x_wconf 87' lang='lat' dir='ltr'><strong>noverit</strong></span> <span class='ocrx_word' id='word_1_831' title='bbox 1216 5678 1282 5732; x_wconf 90' lang='lat' dir='ltr'><strong>de</strong></span> <span class='ocrx_word' id='word_1_832' title='bbox 1308 5679 1390 5734; x_wconf 86' lang='lat' dir='ltr'><strong>his</strong></span> <span class='ocrx_word' id='word_1_833' title='bbox 1413 5697 1531 5752; x_wconf 69' lang='lat' dir='ltr'><strong>qum</strong></span> <span class='ocrx_word' id='word_1_834' title='bbox 1561 5683 1696 5739; x_wconf 84' lang='lat' dir='ltr'><strong>intra</strong></span> <span class='ocrx_word' id='word_1_835' title='bbox 1727 5701 1874 5744; x_wconf 87' lang='lat' dir='ltr'><strong>mare</strong></span> <span class='ocrx_word' id='word_1_836' title='bbox 1901 5688 2088 5757; x_wconf 67' lang='lat' dir='ltr'><strong>latent,</strong></span> 
     </span>
    </p>
   </div>
   <div class='ocr_carea' id='block_1_103' title="bbox 2200 4583 3792 4655">
    <p class='ocr_par' dir='ltr' id='par_1_103' title="bbox 2200 4583 3792 4655">
     <span class='ocr_line' id='line_1_103' title="bbox 2200 4583 3792 4655; baseline -0.003 -16"><span class='ocrx_word' id='word_1_837' title='bbox 2200 4585 2380 4655; x_wconf 80' lang='lat' dir='ltr'><strong>(Prov.</strong></span> <span class='ocrx_word' id='word_1_838' title='bbox 2413 4601 2449 4649; x_wconf 88' lang='lat' dir='ltr'><strong>t,</strong></span> <span class='ocrx_word' id='word_1_839' title='bbox 2475 4584 2603 4650; x_wconf 72' lang='lat'><strong>‘21);</strong></span> <span class='ocrx_word' id='word_1_840' title='bbox 2632 4593 2687 4638; x_wconf 91' lang='lat' dir='ltr'><strong>et</strong></span> <span class='ocrx_word' id='word_1_841' title='bbox 2714 4585 2801 4639; x_wconf 88' lang='lat' dir='ltr'><strong>ubi</strong></span> <span class='ocrx_word' id='word_1_842' title='bbox 2828 4591 3074 4639; x_wconf 86' lang='lat' dir='ltr'><strong>versatur</strong></span> <span class='ocrx_word' id='word_1_843' title='bbox 3097 4584 3179 4637; x_wconf 86' lang='lat' dir='ltr'><strong>vel</strong></span> <span class='ocrx_word' id='word_1_844' title='bbox 3209 4598 3276 4636; x_wconf 79' lang='lat' dir='ltr'><strong>ex</strong></span> <span class='ocrx_word' id='word_1_845' title='bbox 3309 4592 3462 4651; x_wconf 85' lang='lat' dir='ltr'><strong>parte</strong></span> <span class='ocrx_word' id='word_1_846' title='bbox 3488 4583 3755 4637; x_wconf 77' lang='lat' dir='ltr'><strong>videbitur</strong></span> <span class='ocrx_word' id='word_1_847' title='bbox 3782 4602 3792 4634; x_wconf 89' lang='lat'>:</span> 
     </span>
    </p>
   </div>
   <div class='ocr_carea' id='block_1_104' title="bbox 2197 4676 3792 4745">
    <p class='ocr_par' dir='ltr' id='par_1_104' title="bbox 2197 4676 3792 4745">
     <span class='ocr_line' id='line_1_104' title="bbox 2197 4676 3792 4745; baseline -0.003 -10"><span class='ocrx_word' id='word_1_848' title='bbox 2197 4680 2290 4735; x_wconf 71' lang='lat' dir='ltr'><strong>Sed</strong></span> <span class='ocrx_word' id='word_1_849' title='bbox 2338 4688 2464 4734; x_wconf 92' lang='lat' dir='ltr'><strong>tunc</strong></span> <span class='ocrx_word' id='word_1_850' title='bbox 2507 4679 2559 4731; x_wconf 92' lang='lat' dir='ltr'><strong>in</strong></span> <span class='ocrx_word' id='word_1_851' title='bbox 2604 4678 2831 4732; x_wconf 89' lang='lat' dir='ltr'><strong>veritate</strong></span> <span class='ocrx_word' id='word_1_852' title='bbox 2877 4677 3038 4731; x_wconf 90' lang='lat' dir='ltr'><strong>etiam</strong></span> <span class='ocrx_word' id='word_1_853' title='bbox 3089 4676 3427 4743; x_wconf 83' lang='lat' dir='ltr'><strong>aliquatenus</strong></span> <span class='ocrx_word' id='word_1_854' title='bbox 3472 4678 3792 4745; x_wconf 86' lang='lat' dir='ltr'><strong>attingitur,</strong></span> 
     </span>
    </p>
   </div>
   <div class='ocr_carea' id='block_1_105' title="bbox 2198 4768 3800 4840">
    <p class='ocr_par' dir='ltr' id='par_1_105' title="bbox 2198 4768 3800 4840">
     <span class='ocr_line' id='line_1_105' title="bbox 2198 4768 3800 4840; baseline -0.001 -16"><span class='ocrx_word' id='word_1_855' title='bbox 2198 4770 2413 4840; x_wconf 86' lang='lat' dir='ltr'><strong>quando</strong></span> <span class='ocrx_word' id='word_1_856' title='bbox 2432 4769 2709 4823; x_wconf 90' lang='lat' dir='ltr'><strong>invisibilis</strong></span> <span class='ocrx_word' id='word_1_857' title='bbox 2730 4768 3343 4838; x_wconf 85' lang='lat' dir='ltr'><strong>incotttprehensihiliter</strong></span> <span class='ocrx_word' id='word_1_858' title='bbox 3363 4770 3629 4823; x_wconf 85' lang='lat' dir='ltr'><strong>creditur:</strong></span> <span class='ocrx_word' id='word_1_859' title='bbox 3655 4768 3800 4823; x_wconf 85' lang='lat' dir='ltr'><strong>Deus</strong></span> 
     </span>
    </p>
   </div>
   <div class='ocr_carea' id='block_1_106' title="bbox 2198 4859 3796 4929">
    <p class='ocr_par' dir='ltr' id='par_1_106' title="bbox 2198 4859 3796 4929">
     <span class='ocr_line' id='line_1_106' title="bbox 2198 4859 3796 4929; baseline 0 -15"><span class='ocrx_word' id='word_1_860' title='bbox 2198 4864 2341 4914; x_wconf 86' lang='lat' dir='ltr'><strong>enim</strong></span> <span class='ocrx_word' id='word_1_861' title='bbox 2372 4860 2670 4914; x_wconf 70' lang='lat' dir='ltr'><strong>credendus</strong></span> <span class='ocrx_word' id='word_1_862' title='bbox 2696 4867 2779 4914; x_wconf 89' lang='lat' dir='ltr'><strong>est</strong></span> <span class='ocrx_word' id='word_1_863' title='bbox 2806 4859 3084 4913; x_wconf 87' lang='lat' dir='ltr'><strong>invisibilis</strong></span> <span class='ocrx_word' id='word_1_864' title='bbox 3115 4871 3173 4912; x_wconf 89' lang='lat' dir='ltr'><strong>ut</strong></span> <span class='ocrx_word' id='word_1_865' title='bbox 3200 4868 3304 4925; x_wconf 87' lang='lat' dir='ltr'><strong>est,</strong></span> <span class='ocrx_word' id='word_1_866' title='bbox 3353 4859 3478 4914; x_wconf 88' lang='lat' dir='ltr'><strong>licet</strong></span> <span class='ocrx_word' id='word_1_867' title='bbox 3522 4875 3589 4914; x_wconf 80' lang='lat' dir='ltr'><strong>ex</strong></span> <span class='ocrx_word' id='word_1_868' title='bbox 3642 4869 3796 4929; x_wconf 83' lang='lat' dir='ltr'><strong>parte</strong></span> 
     </span>
    </p>
   </div>
   <div class='ocr_carea' id='block_1_107' title="bbox 2196 4950 3795 5021">
    <p class='ocr_par' dir='ltr' id='par_1_107' title="bbox 2196 4950 3795 5021">
     <span class='ocr_line' id='line_1_107' title="bbox 2196 4950 3795 5021; baseline -0.001 -15"><span class='ocrx_word' id='word_1_869' title='bbox 2196 4968 2225 5006; x_wconf 88' lang='lat' dir='ltr'><strong>a</strong></span> <span class='ocrx_word' id='word_1_870' title='bbox 2274 4954 2474 5007; x_wconf 85' lang='lat' dir='ltr'><strong>mundo</strong></span> <span class='ocrx_word' id='word_1_871' title='bbox 2501 4952 2662 5007; x_wconf 86' lang='lat' dir='ltr'><strong>corde</strong></span> <span class='ocrx_word' id='word_1_872' title='bbox 2693 4952 2951 5006; x_wconf 83' lang='lat' dir='ltr'><strong>videatur.</strong></span> <span class='ocrx_word' id='word_1_873' title='bbox 2982 4950 3343 5016; x_wconf 77' lang='lat' dir='ltr'><strong>Quamobrun</strong></span> <span class='ocrx_word' id='word_1_874' title='bbox 3390 4952 3562 5021; x_wconf 88' lang='lat' dir='ltr'><strong>ipsum</strong></span> <span class='ocrx_word' id='word_1_875' title='bbox 3596 4951 3795 5020; x_wconf 72' lang='lat' dir='ltr'><strong>ub‘que</strong></span> 
     </span>
    </p>
   </div>
   <div class='ocr_carea' id='block_1_108' title="bbox 2184 5041 3789 5115">
    <p class='ocr_par' dir='ltr' id='par_1_108' title="bbox 2184 5041 3789 5115">
     <span class='ocr_line' id='line_1_108' title="bbox 2184 5041 3789 5115; baseline -0.001 -18"><span class='ocrx_word' id='word_1_876' title='bbox 2184 5052 2509 5115; x_wconf 73' lang='lat' dir='ltr'><strong>prmsentem</strong></span> <span class='ocrx_word' id='word_1_877' title='bbox 2558 5043 2876 5097; x_wconf 70' lang='lat' dir='ltr'><strong>invisibilem</strong></span> <span class='ocrx_word' id='word_1_878' title='bbox 2918 5043 3087 5097; x_wconf 88' lang='lat' dir='ltr'><strong>Deum</strong></span> <span class='ocrx_word' id='word_1_879' title='bbox 3116 5051 3381 5105; x_wconf 87' lang='lat' dir='ltr'><strong>nostrum,</strong></span> <span class='ocrx_word' id='word_1_880' title='bbox 3415 5041 3607 5097; x_wconf 85' lang='lat' dir='ltr'><strong>fratres</strong></span> <span class='ocrx_word' id='word_1_881' title='bbox 3653 5043 3789 5097; x_wconf 80' lang='lat' dir='ltr'><strong>cha-</strong></span> 
     </span>
    </p>
   </div>
   <div class='ocr_carea' id='block_1_109' title="bbox 2187 5130 3791 5201">
    <p class='ocr_par' dir='ltr' id='par_1_109' title="bbox 2187 5130 3791 5201">
     <span class='ocr_line' id='line_1_109' title="bbox 2187 5130 3791 5201; baseline -0.001 -15"><span class='ocrx_word' id='word_1_882' title='bbox 2187 5132 2402 5196; x_wconf 87' lang='lat' dir='ltr'><strong>rissimi,</strong></span> <span class='ocrx_word' id='word_1_883' title='bbox 2433 5134 2802 5201; x_wconf 74' lang='lat' dir='ltr'><strong>deprecemur,</strong></span> <span class='ocrx_word' id='word_1_884' title='bbox 2834 5141 2894 5186; x_wconf 90' lang='lat' dir='ltr'><strong>ut</strong></span> <span class='ocrx_word' id='word_1_885' title='bbox 2917 5132 2998 5187; x_wconf 91' lang='lat' dir='ltr'><strong>vel</strong></span> <span class='ocrx_word' id='word_1_886' title='bbox 3030 5130 3151 5186; x_wconf 80' lang='lat' dir='ltr'><strong>fidei</strong></span> <span class='ocrx_word' id='word_1_887' title='bbox 3178 5130 3295 5200; x_wconf 89' lang='lat' dir='ltr'><strong>ejus</strong></span> <span class='ocrx_word' id='word_1_888' title='bbox 3324 5132 3504 5196; x_wconf 88' lang='lat' dir='ltr'><strong>timor,</strong></span> <span class='ocrx_word' id='word_1_889' title='bbox 3538 5131 3621 5186; x_wconf 84' lang='lat' dir='ltr'><strong>vel</strong></span> <span class='ocrx_word' id='word_1_890' title='bbox 3659 5132 3791 5186; x_wconf 85' lang='lat' dir='ltr'><strong>cha-</strong></span> 
     </span>
    </p>
   </div>
   <div class='ocr_carea' id='block_1_110' title="bbox 2183 5223 3786 5295">
    <p class='ocr_par' dir='ltr' id='par_1_110' title="bbox 2183 5223 3786 5295">
     <span class='ocr_line' id='line_1_110' title="bbox 2183 5223 3786 5295; baseline 0.004 -18"><span class='ocrx_word' id='word_1_891' title='bbox 2183 5224 2331 5290; x_wconf 84' lang='lat' dir='ltr'><strong>ritas,</strong></span> <span class='ocrx_word' id='word_1_892' title='bbox 2363 5240 2481 5295; x_wconf 66' lang='lat' dir='ltr'><strong>qua:</strong></span> <span class='ocrx_word' id='word_1_893' title='bbox 2526 5225 2697 5280; x_wconf 90' lang='lat' dir='ltr'><strong>nescit</strong></span> <span class='ocrx_word' id='word_1_894' title='bbox 2742 5225 2955 5292; x_wconf 86' lang='lat' dir='ltr'><strong>cadere,</strong></span> <span class='ocrx_word' id='word_1_895' title='bbox 3001 5223 3055 5278; x_wconf 92' lang='lat' dir='ltr'><strong>in</strong></span> <span class='ocrx_word' id='word_1_896' title='bbox 3099 5224 3253 5278; x_wconf 82' lang='lat' dir='ltr'><strong>nobis</strong></span> <span class='ocrx_word' id='word_1_897' title='bbox 3289 5234 3633 5295; x_wconf 68' lang='lat' dir='ltr'><strong>petseveret;</strong></span> <span class='ocrx_word' id='word_1_898' title='bbox 3678 5232 3786 5294; x_wconf 88' lang='lat' dir='ltr'><strong>qui</strong></span> 
     </span>
    </p>
   </div>
   <div class='ocr_carea' id='block_1_111' title="bbox 2189 5317 3789 5388">
    <p class='ocr_par' dir='ltr' id='par_1_111' title="bbox 2189 5317 3789 5388">
     <span class='ocr_line' id='line_1_111' title="bbox 2189 5317 3789 5388; baseline 0.003 -17"><span class='ocrx_word' id='word_1_899' title='bbox 2189 5320 2349 5372; x_wconf 87' lang='lat' dir='ltr'><strong>timor</strong></span> <span class='ocrx_word' id='word_1_900' title='bbox 2373 5319 2587 5387; x_wconf 87' lang='lat' dir='ltr'><strong>junctus</strong></span> <span class='ocrx_word' id='word_1_901' title='bbox 2614 5318 2862 5373; x_wconf 88' lang='lat' dir='ltr'><strong>charitati</strong></span> <span class='ocrx_word' id='word_1_902' title='bbox 2909 5317 3179 5388; x_wconf 84' lang='lat' dir='ltr'><strong>sapientes</strong></span> <span class='ocrx_word' id='word_1_903' title='bbox 3207 5333 3308 5373; x_wconf 88' lang='lat' dir='ltr'><strong>nos</strong></span> <span class='ocrx_word' id='word_1_904' title='bbox 3334 5317 3497 5374; x_wconf 81' lang='lat' dir='ltr'><strong>faciat</strong></span> <span class='ocrx_word' id='word_1_905' title='bbox 3524 5321 3577 5375; x_wconf 91' lang='lat' dir='ltr'><strong>in</strong></span> <span class='ocrx_word' id='word_1_906' title='bbox 3606 5325 3789 5376; x_wconf 64' lang='lat' dir='ltr'><strong>omni“</strong></span> 
     </span>
    </p>
   </div>
   <div class='ocr_carea' id='block_1_112' title="bbox 2193 5410 3782 5482">
    <p class='ocr_par' dir='ltr' id='par_1_112' title="bbox 2193 5410 3782 5482">
     <span class='ocr_line' id='line_1_112' title="bbox 2193 5410 3782 5482; baseline 0.003 -19"><span class='ocrx_word' id='word_1_907' title='bbox 2193 5412 2408 5464; x_wconf 78' lang='lat' dir='ltr'><strong>buszet</strong></span> <span class='ocrx_word' id='word_1_908' title='bbox 2455 5410 2625 5479; x_wconf 84' lang='lat' dir='ltr'><strong>pietas</strong></span> <span class='ocrx_word' id='word_1_909' title='bbox 2673 5425 2771 5464; x_wconf 91' lang='lat' dir='ltr'><strong>nos</strong></span> <span class='ocrx_word' id='word_1_910' title='bbox 2812 5410 2973 5465; x_wconf 90' lang='lat' dir='ltr'><strong>silere</strong></span> <span class='ocrx_word' id='word_1_911' title='bbox 3020 5410 3088 5466; x_wconf 88' lang='lat' dir='ltr'><strong>de</strong></span> <span class='ocrx_word' id='word_1_912' title='bbox 3133 5410 3238 5466; x_wconf 91' lang='lat' dir='ltr'><strong>hoc</strong></span> <span class='ocrx_word' id='word_1_913' title='bbox 3261 5412 3404 5482; x_wconf 93' lang='lat' dir='ltr'><strong>quod</strong></span> <span class='ocrx_word' id='word_1_914' title='bbox 3431 5412 3579 5468; x_wconf 89' lang='lat' dir='ltr'><strong>dictu</strong></span> <span class='ocrx_word' id='word_1_915' title='bbox 3607 5415 3782 5481; x_wconf 83' lang='lat' dir='ltr'><strong>majus</strong></span> 
     </span>
    </p>
   </div>
   <div class='ocr_carea' id='block_1_113' title="bbox 2190 5501 3784 5572">
    <p class='ocr_par' dir='ltr' id='par_1_113' title="bbox 2190 5501 3784 5572">
     <span class='ocr_line' id='line_1_113' title="bbox 2190 5501 3784 5572; baseline -0.001 -16"><span class='ocrx_word' id='word_1_916' title='bbox 2190 5513 2292 5568; x_wconf 88' lang='lat' dir='ltr'><strong>est,</strong></span> <span class='ocrx_word' id='word_1_917' title='bbox 2341 5501 2581 5566; x_wconf 89' lang='lat' dir='ltr'><strong>suadeat,</strong></span> <span class='ocrx_word' id='word_1_918' title='bbox 2629 5501 2755 5571; x_wconf 91' lang='lat' dir='ltr'><strong>quia</strong></span> <span class='ocrx_word' id='word_1_919' title='bbox 2797 5502 3065 5572; x_wconf 88' lang='lat' dir='ltr'><strong>quoddam</strong></span> <span class='ocrx_word' id='word_1_920' title='bbox 3116 5502 3461 5559; x_wconf 86' lang='lat' dir='ltr'><strong>inscrutabile</strong></span> <span class='ocrx_word' id='word_1_921' title='bbox 3486 5512 3544 5559; x_wconf 89' lang='lat' dir='ltr'><strong>et</strong></span> <span class='ocrx_word' id='word_1_922' title='bbox 3571 5504 3784 5558; x_wconf 80' lang='lat' dir='ltr'><strong>inenar-</strong></span> 
     </span>
    </p>
   </div>
   <div class='ocr_carea' id='block_1_114' title="bbox 2192 5574 3783 5665">
    <p class='ocr_par' dir='ltr' id='par_1_114' title="bbox 2192 5574 3783 5665">
     <span class='ocr_line' id='line_1_114' title="bbox 2192 5574 3783 5665; baseline 0.001 -18"><span class='ocrx_word' id='word_1_923' title='bbox 2192 5594 2361 5649; x_wconf 65' lang='lat' dir='ltr'><strong>rabile</strong></span> <span class='ocrx_word' id='word_1_924' title='bbox 2386 5602 2490 5658; x_wconf 58' lang='lat' dir='ltr'><strong>est,</strong></span> <span class='ocrx_word' id='word_1_925' title='bbox 2521 5593 2684 5647; x_wconf 86' lang='lat' dir='ltr'><strong>Deum</strong></span> <span class='ocrx_word' id='word_1_926' title='bbox 2708 5574 2977 5663; x_wconf 84' lang='lat' dir='ltr'><strong>quodest,</strong></span> <span class='ocrx_word' id='word_1_927' title='bbox 3009 5608 3187 5649; x_wconf 77' lang='lat' dir='ltr'><strong>nosse.</strong></span> <span class='ocrx_word' id='word_1_928' title='bbox 3215 5592 3316 5661; x_wconf 93' lang='lat' dir='ltr'><strong>Qui</strong></span> <span class='ocrx_word' id='word_1_929' title='bbox 3342 5603 3444 5659; x_wconf 90' lang='lat' dir='ltr'><strong>est,</strong></span> <span class='ocrx_word' id='word_1_930' title='bbox 3471 5603 3525 5649; x_wconf 90' lang='lat' dir='ltr'><strong>et</strong></span> <span class='ocrx_word' id='word_1_931' title='bbox 3549 5607 3783 5665; x_wconf 71' lang='lat' dir='ltr'><strong>quantus</strong></span> 
     </span>
    </p>
   </div>
   <div class='ocr_carea' id='block_1_115' title="bbox 2195 5678 3778 5755">
    <p class='ocr_par' dir='ltr' id='par_1_115' title="bbox 2195 5678 3778 5755">
     <span class='ocr_line' id='line_1_115' title="bbox 2195 5678 3778 5755; baseline -0.003 -12"><span class='ocrx_word' id='word_1_932' title='bbox 2195 5697 2296 5754; x_wconf 52' lang='lat' dir='ltr'><strong>est,</strong></span> <span class='ocrx_word' id='word_1_933' title='bbox 2344 5678 2441 5740; x_wconf 76' lang='lat' dir='ltr'><strong>sibi</strong></span> <span class='ocrx_word' id='word_1_934' title='bbox 2486 5686 2583 5739; x_wconf 66' lang='lat' dir='ltr'><strong>soli</strong></span> <span class='ocrx_word' id='word_1_935' title='bbox 2635 5694 2796 5740; x_wconf 90' lang='lat' dir='ltr'><strong>notus</strong></span> <span class='ocrx_word' id='word_1_936' title='bbox 2840 5695 2941 5741; x_wconf 89' lang='lat' dir='ltr'><strong>est.</strong></span> <span class='ocrx_word' id='word_1_937' title='bbox 2991 5685 3096 5740; x_wconf 89' lang='lat' dir='ltr'><strong>Sed</strong></span> <span class='ocrx_word' id='word_1_938' title='bbox 3141 5687 3265 5755; x_wconf 57' lang='lat' dir='ltr'><strong>quiti</strong></span> <span class='ocrx_word' id='word_1_939' title='bbox 3296 5695 3481 5742; x_wconf 88' lang='lat' dir='ltr'><strong>noster</strong></span> <span class='ocrx_word' id='word_1_940' title='bbox 3509 5686 3645 5741; x_wconf 82' lang='lat' dir='ltr'><strong>Deus</strong></span> <span class='ocrx_word' id='word_1_941' title='bbox 3672 5696 3778 5749; x_wconf 73' lang='lat' dir='ltr'><strong>est,</strong></span> 
     </span>
    </p>
   </div>
  </div>
