4052 6332
177 360 285 419 233

1053 343 1597 407 lNSTRUCTlONES
1635 339 1870 399 VARUE
1906 338 2062 398 SIV'E
2104 334 2488 397 SERMONES.

3360 337 3467 393 95‘

175 468 454 535 invisibilis
480 470 607 527 licet
635 468 811 535 nobis,
856 482 887 522 a
930 465 1084 523 nobis
1114 473 1296 521 tamen
1322 459 1621 534 pulsandos
1665 464 1768 521 est,

1887 470 1941 511 ac
1981 454 2227 525 stirpium
2270 451 2483 508 fomites
2520 464 2776 508 excussos
2804 452 2985 509 radice
3012 454 3342 522 convellere,
3375 471 3472 511 ne-

174 581 320 639 s'epe
372 561 700 639 pulsandus,
754 573 968 629 semper
1018 556 1282 613 tenendus
1328 562 1413 610 est
1478 538 1771 623 profundus

175 659 353 725 Deus,
402 650 733 719 immensus,
779 644 1058 714 secretus,
1105 646 1384 715 excelsus,
1432 642 1774 711 omnipotens

174 751 349 816 Deus;
380 756 433 804 et
461 761 560 818 per
584 749 892 800 sanctorum
922 734 1139 796 suorum
1168 736 1358 791 merita
1405 742 1458 788 et
1504 733 1773 787 interven-

175 851 263 897 tus
293 838 526 897 orandus
554 845 656 900 est,
689 843 748 890 ut
775 832 861 889 vel
891 826 1122 901 aliquam
1152 822 1234 883 sui
1275 823 1491 882 luminis
1538 821 1775 909 partien-

174 936 282 989 lam
312 932 510 989 nostris
540 928 774 985 tenebris
804 921 1081 995 largiatur,
1120 936 1238 992 quae
1276 918 1429 975 nobis
1474 915 1684 972 stolidis
1722 918 1776 969 et

174 1024 378 1093 ignaris
406 1023 458 1078 in
489 1021 571 1075 via
605 1018 889 1075 tenebrosa
921 1015 1077 1085 hujus
1106 1011 1288 1067 mundi
1315 1011 1531 1075 luceat,
1575 1006 1634 1061 ut
1679 1020 1778 1061 nos

174 1116 243 1171 ad
296 1130 358 1170 se
404 1114 584 1177 ducat,
633 1112 871 1165 donante
905 1108 1130 1163 Domino
1165 1112 1349 1159 nostro
1378 1101 1505 1157 Jesu
1534 1099 1771 1166 Christo,

174 1206 261 1259 cui
295 1220 414 1260 cum
440 1202 601 1257 Patre
628 1210 683 1256 et
709 1200 911 1271 Spiritu
940 1206 1126 1255 sancto
1154 1203 1235 1251 est
1264 1194 1435 1263 gloria
1478 1194 1533 1247 in
1579 1190 1777 1246 smcula

175 1295 521 1352 saeculorum.

731 1378 1136 1437 INSTRUCTIO
1173 1377 1237 1433 ll.

215 1481 304 1537 De
348 1480 742 1551 mortiﬁcatione
774 1478 1011 1531 vitiorum
1038 1482 1088 1529 et
1116 1468 1453 1539 (requisitions
1480 1469 1739 1523 virtutum.

249 1571 300 1627 l.
359 1571 562 1625 Divinm
612 1566 991 1640 profunditatis
1037 1562 1350 1633 magnitudo
1397 1574 1619 1616 emenso
1666 1554 1783 1613 ser—

178 1678 367 1728 mone,
396 1661 723 1734 prmlibando
751 1660 903 1729 quasi
931 1665 1143 1728 gustata
1168 1666 1271 1722 est,
1322 1662 1377 1711 et
1417 1669 1540 1709 cum
1575 1646 1783 1707 honore

177 1745 366 1811 debito
396 1752 625 1824 pulsata,
656 1746 826 1820 magis
853 1764 1015 1819 quam
1046 1743 1293 1803 enarrata
1339 1753 1442 1811 est,
1485 1745 1609 1815 quia
1652 1742 1781 1798 illud

1876 562 2148 619 quaquam
2174 545 2399 603 credens
2437 554 2632 601 terram
2677 546 2831 602 suam
2879 546 3008 601 boni
3054 563 3173 604 esse
3218 551 3475 620 germinis

1878 639 2133 704 futuram,
2181 622 2282 693 nisi
2331 637 2457 692 mali
2504 637 2759 708 graminis
2786 652 3044 715 vacuamg,
3090 641 3156 696 ad
3185 658 3245 697 se
3273 644 3475 701 dictum

1880 738 2073 800 putans
2102 729 2230 785 illud
2270 729 2638 800 propheticum
2672 748 2684 783 :
2714 728 2916 784 Novate
2958 730 3097 787 vobis
3143 736 3376 801 novalia,
3427 746 3478 790 et

1881 821 2039 876 nolite
2064 821 2320 875 seminare
2346 834 2499 888 super
2526 822 2702 891 spinas
2732 818 2865 891 (ler.
2898 838 2971 887 tv,
3002 822 3093 893 5);
3124 834 3327 893 quanto
3357 842 3475 881 ma-

1881 914 1962 983 gis
1991 928 2090 969 nos
2118 921 2333 984 oportet
2357 926 2543 982 agrum
2571 912 2747 968 cordis
2773 914 2945 969 nostri
2976 916 3226 971 vitiorum
3266 919 3477 988 passio-

1883 1007 2037 1062 nibus
2081 1005 2407 1071 emundare,
2456 1011 2512 1060 et
2560 1020 2667 1059 non
2705 1005 2953 1061 sufficere
2993 1008 3271 1065 credamus
3299 1014 3476 1077 nobis,

1883 1086 2080 1155 terram
2102 1098 2344 1168 corporis
2363 1098 2529 1153 nostri
2552 1097 2877 1167 jejuniorum
2898 1109 2954 1155 ct
2975 1101 3270 1170 vigiliarum
3295 1105 3482 1162 labore

1882 1192 2172 1261 coniicere,
2221 1192 2322 1247 nisi
2372 1192 2425 1247 in
2470 1192 2655 1262 primis
2693 1193 3001 1249 studeamus
3028 1195 3156 1251 vitia
3186 1199 3480 1268 corrigere,

1883 1302 2168 1357 moresque
2208 1290 2566 1357 componere,
2596 1287 2687 1357 qui
2713 1302 2862 1356 spem
2893 1287 3157 1346 fructuum
3192 1310 3296 1349 non
3325 1305 3482 1350 terra:

1882 1378 2172 1446 credimus,
2207 1380 2300 1433 scd
2330 1378 2469 1433 'ccelo
2498 1378 2831 1448 repositam?
2879 1378 3199 1439 Studeamus
3246 1400 3376 1454 ergo
3427 1387 3481 1442 in

1885 1470 2070 1539 primis
2100 1469 2226 1523 vitia
2256 1469 2554 1537 eradicare,
2590 1469 2919 1539 virtutesque
2951 1471 3253 1542 insinuare;
3305 1478 3481 1532 eradi-

1884 1580 2068 1620 ccmus
2094 1563 2431 1641 superbiam;
2463 1562 2769 1633 plantemus
2797 1564 3185 1631 humilitatem;
3234 1582 3511 1626 eruamus

1886 1655 2058 1721 iram;
2104 1653 2388 1709 fundemns
2426 1653 2780 1724 patientiam;
2830 1655 3142 1713 excidamus
3193 1658 3482 1726 invidiam;

1887 1745 2217 1800 insinuemus
2234 1745 2683 1799 benevolentiam.
2708 1742 2974 1799 Creterum
3004 1747 3048 1801 si
3080 1763 3207 1803 caro
3231 1758 3487 1808 contera-

179 1841 281 1901 Dei
311 1844 577 1900 inell’abile
598 1833 962 1898 meditandum
993 1848 1077 1895 est
1107 1828 1295 1908 magis,
1345 1852 1505 1907 quam
1536 1824 1789 1906 eloquen.
1822 1824 2002 1908 B'tur,
2047 1844 2104 1891 et
2149 1835 2327 1890 anima
2370 1851 2480 1890 non
2509 1834 2832 1904 fructificet,
2882 1838 2959 1892 sic
3003 1843 3300 1909 est,‘quasi
3346 1845 3487 1901 arari

179 1936 315 1992 dum
365 1936 433 1991 sit
479 1933 640 2010 [est];
690 1943 744 2007 et
791 1932 1032 2002 exceptis
1076 1931 1179 1997 bis,
1228 1932 1347 2001 qua:
1383 1939 1476 1984 aut
1512 1922 1644 1994 Lex,
1697 1934 1789 1980 aut.

178 2027 484 2099 prophetae,
532 2035 625 2079 aut
652 2016 1043 2092 ’Evangelium,
1073 2031 1167 2077 aut.
1198 2020 1427 2089 apostoli
1472 2020 1784 2089 loquuntur,

180 2116 390 2192 grande
434 2112 594 2172 debet
640 2130 761 2170 esse
810 2115 877 2169 ab
926 2114 1048 2170 aliis
1094 2113 1161 2168 de
1204 2112 1466 2167 Trinitate
1493 2111 1784 2166 silentium.

181 2200 281 2264 Dei
309 2209 450 2264 enim
498 2205 704 2262 tantum
734 2206 801 2261 de
827 2204 957 2272 Deo,
1010 2205 1115 2261 hoc
1163 2212 1284 2270 est,
1335 2203 1403 2258 de
1446 2203 1626 2274 seipse
1670 2217 1789 2258 cre-

179 2299 418 2358 dendum
465 2309 548 2356 est
589 2299 973 2366 testimonium,
1026 2298 1117 2368 qui
1160 2305 1252 2353 aut
1289 2296 1342 2350 in
1390 2294 1551 2367 Lege,
1594 2302 1688 2349 aut
1733 2294 1787 2349 in

180 2394 467 2464 propheta,
499 2401 591 2446 aut
620 2386 673 2446 in
703 2383 1019 2460 Evangelia,
1061 2397 1154 2444 aut
1201 2390 1255 2444 in
1295 2374 1577 2460 Apostolo,
1609 2395 1702 2441 aut
1732 2386 1786 2441 in

180 2483 405 2553 speciali
434 2483 627 2551 cuique
652 2482 719 2537 de
745 2496 826 2547 se,
858 2477 957 2552 per
984 2496 1063 2545 se,
1094 2488 1188 2536 aut
1215 2474 1311 2551 per
1339 2479 1610 2548 angelum,
1635 2479 1789 2534 testi-

181 2575 427 2630 monium
457 2575 745 2646 perhibuit.
774 2568 1041 2629 Craterum
1064 2559 1375 2643 disputatio,
1399 2566 1495 2627 seu
1515 2571 1786 2641 ingenium

179 2664 519 2731 humanum,
569 2674 662 2719 aut
707 2662 883 2733 aliqua
934 2664 1162 2733 superba
1211 2662 1496 2733 sapientia,
1539 2678 1658 2732 quae
1701 2661 1786 2717 vel

180 2755 370 2810 mundi
415 2754 468 2809 in
519 2756 731 2810 ratione
758 2752 979 2820 l'allitur,
1008 2753 1076 2809 de
1105 2753 1215 2809 Deo
1247 2754 1498 2823 magistra
1528 2747 1647 2808 esse
1678 2768 1784 2807 non

179 2853 389 2918 potest,
438 2845 533 2901 'sed
559 2845 818 2914 sacrilega
850 2854 905 2899 et
928 2845 1088 2917 impia
1142 2844 1193 2898 in
1225 2838 1389 2898 Deum
1415 2841 1787 2913 praisutnenda

178 2942 285 2994 est.
312 2933 467 2991 Unde
489 2935 629 2990 enim
656 2940 867 3001 revera,
889 2937 1093 3006 quaeso,
1116 2936 1326 3000 fratres,
1354 2933 1426 2987 illi
1454 2926 1596 2999 vani,
1628 2942 1680 2988 et
1710 2933 1784 2987 illi

179 3028 343 3082 nimis
372 3028 496 3082 mali
527 3036 583 3082 et
610 3028 779 3096 impii,
834 3027 922 3096 qui
979 3027 1063 3081 vel
1116 3026 1324 3096 seipsOs
1375 3025 1643 3093 ignorant,
1695 3025 1783 3080 vel

176 3121 327 3189 quod
376 3120 561 3174 vivunt
606 3136 712 3173 non
758 3121 1001 3188 sapiunt;
1046 3117 1108 3174 ut
1151 3117 1294 3172 enim
1342 3116 1578 3191 [utnon]
1608 3117 1782 3172 dicam

1893 1944 2117 1999 campus
2142 1944 2249 1983 non
2280 1926 2511 1992 desinat,
2542 1935 2597 1981 et
2625 1943 2901 1996 nunquam
2946 1938 3128 1985 tamen
3174 1935 3367 1990 messis
3392 1951 3488 2007 ap-

1891 2027 2113 2090 pareat;
2146 2027 2235 2073 aut
2257 2018 2300 2073 si
2327 2018 2447 2088 quis
2475 2016 2707 2072 statuam
2735 2017 2803 2074 de
2824 2017 2952 2074 foris
2979 2036 3219 2089 auream,
3252 2022 3319 2079 de
3347 2025 3490 2084 intus

1891 2110 2089 2165 luteam
2118 2108 2425 2164 aedificaret.
2455 2108 2591 2175 Quid
2623 2110 2767 2163 enim
2797 2110 3054 2180 prodest,
3101 2112 3147 2167 si
3176 2124 3327 2179 extra
3355 2116 3489 2171 eivi~

1891 2211 2057 2257 tatem
2107 2201 2306 2257 bellum
2351 2210 2588 2268 geratur,
2635 2208 2693 2255 et
2737 2200 2879 2256 intus
2907 2201 3172 2257 excidium
3218 2207 3489 2275 patiatur!

1889 2297 2037 2351 velut
2060 2296 2105 2351 si
2128 2297 2247 2365 quis
2278 2304 2430 2350 extra
2454 2294 2666 2350 vineam
2696 2303 2752 2351 et
2778 2295 2831 2349 in
2858 2296 3085 2351 circuitu
3113 2297 3230 2369 ejus
3259 2299 3490 2365 foderet,

1890 2397 1948 2443 et
1971 2388 2114 2443 intus
2142 2387 2399 2442 incultam
2444 2386 2613 2458 spinis
2640 2402 2706 2443 ae
2736 2387 2945 2443 tribulis
2972 2388 3323 2460 relinquatur.
3354 2391 3492 2459 Quid

1889 2493 2031 2549 ergo
2068 2478 2285 2549 prodest
2330 2478 2615 2533 exterioris
2659 2477 2895 2561 hominis
2931 2479 3141 2550 religio,
3172 2481 3274 2538 nisi
3323 2481 3490 2557 [Leg.

1888 2571 1966 2642 si|
2033 2570 2302 2625 interioris
2348 2585 2565 2640 quoque
2616 2586 2723 2624 non
2775 2569 3093 2626 adhibeatur
3140 2574 3492 2632 emendatio!

1890 2660 2045 2718 fictus
2089 2676 2211 2717 esse
2257 2669 2313 2717 et
2362 2661 2503 2716 latro
2554 2645 2750 2731 potest,
2800 2662 2955 2718 fictus
3001 2673 3057 2719 et
3104 2664 3383 2736 hypocrita
3410 2679 3491 2725 est

1888 2753 2195 2823 quicunque
2236 2751 2381 2807 aliud
2422 2752 2609 2807 habitu
2651 2752 2905 2819 OStendit,
2953 2755 3094 2809 aliud
3124 2757 3384 2814 moribus.
3414 2759 3491 2816 Ne

1887 2846 2056 2902 simus
2102 2859 2231 2915 ergo
2283 2855 2537 2915 tanquam
2584 2846 2832 2915 sepulcra
2877 2845 3168 2903 dealbata:
3208 2849 3277 2905 de
3324 2850 3492 2921 intus,

1886 2954 1995 2994 non
2025 2937 2093 2992 de
2123 2938 2273 3004 foris,
2306 2936 2536 3007 speciosi
2567 2952 2633 2992 ac
2661 2938 2834 2992 ornati
2862 2952 3124 3009 apparere
3152 2940 3489 3006 studeamus;

1885 3038 2013 3078 vera
2041 3024 2184 3079 enim
2213 3010 2420 3093 religio,
2451 3039 2558 3078 non
2589 3023 2641 3078 in
2671 3026 2931 3095 corporis,
2964 3027 3058 3082 sed
3089 3043 3142 3082 ιιι
3171 3029 3349 3084 Cortlis
3390 3030 3490 3085 hu-

1887 3115 2114 3169 militate
2144 3114 2412 3171 consistit.
2444 3114 2499 3168 ln
2532 3131 2639 3184 quo
2668 3117 2809 3170 enim
2836 3117 2942 3172 alio
2975 3118 3231 3174 Dominus
3261 3122 3487 3192 habitat,

178 3225 350 3281 opera
378 3220 572 3266 etetera
605 3213 855 3282 (quorum
885 3211 1147 3264 rationem
1171 3208 1255 3264 vel
1283 3208 1557 3263 minimam
1587 3225 1781 3265 conse-
1814 3222 1860 3284 ρ
1890 3207 1993 3262 nisi
2015 3208 2066 3262 in
2089 3208 2200 3263 veri
2230 3207 2447 3262 humilis
2467 3206 2652 3275 corde,
2678 3207 2831 3276 juxta
2862 3208 2992 3263 illud
3017 3208 3166 3266 Isaia:
3193 3230 3205 3265 :
3233 3214 3312 3267 Ad
3342 3233 3488 3286 quem

179 3303 278 3373 qui
307 3317 414 3357 non
441 3302 687 3373 possunt)
716 3302 1012 3372 potuissent
1043 3301 1361 3355 iurisibilem
1392 3300 1557 3355 Deum
1586 3318 1776 3371 unum,

108 3438 111 3439 ν
178 3392 499 3449 Trinitatem
529 3402 872 3461 coaeternam,
904 3392 1084 3447 omnia
1122 3394 1243 3461 sub,
1282 3408 1463 3463 super,
1496 3393 1571 3460 in,
1602 3403 1775 3463 extra,

177 3485 637 3556 amplectentem,
685 3485 771 3539 vel
820 3500 989 3554 usque
1055 3484 1122 3539 ad
1176 3486 1509 3541 tractationis
1561 3486 1777 3541 modum

176 3579 341 3643 seire,
372 3584 433 3630 ut
462 3592 567 3631 non
596 3576 787 3646 loquar
830 3575 1158 3631 definitionis
1202 3575 1271 3631 de
1305 3575 1417 3630 Deo
1461 3576 1658 3630 linem?
1683 3574 1778 3632 llis

176 3669 367 3737 itaque
413 3667 562 3737 quasi
612 3666 1024 3722 innarrabilibus
1077 3664 1605 3739 [inenarrabilibus]
1655 3685 1777 3724 cum

176 3759 366 3815 debito
396 3757 600 3814 honore
628 3758 865 3825 silcndis,
907 3757 975 3813 de
998 3757 1278 3813 manifesta
1321 3775 1398 3825 re,
1426 3768 1482 3814 et
1524 3759 1778 3814 inellabili

176 3851 298 3908 Deo
326 3852 518 3923 placita
548 3844 691 3922 loqui
732 3851 1071 3922 incipiamus,
1115 3868 1222 3905 non
1267 3861 1670 3921 praesumentes,
1721 3862 1781 3907 ut

175 3944 276 4000 alii
306 3944 375 3999 de
402 3945 594 4013 quibus
619 3945 1043 4001 erubescendum
1089 3954 1192 4011 est,
1223 3946 1291 4000 de
1330 3947 1609 4003 altioribus
1636 3961 1781 4015 qua:-

176 4056 327 4105 rere,
371 4039 525 4111 juxta
572 4040 701 4096 illud
730 4042 1000 4111 Sapientis
1028 4060 1040 4095 :
1066 4042 1268 4096 Altiora
1318 4052 1367 4097 te
1410 4060 1475 4117 ne
1520 4044 1780 4110 quwsieris

178 4131 378 4208 (Batti.
411 4153 485 4203 Ill,
514 4136 631 4206 '22),
660 4137 757 4194 sed
789 4140 969 4209 potius
995 4138 1062 4194 de
1091 4139 1448 4194 mdilieatione
1477 4141 1778 4195 animarum

176 4234 490 4282 nostrarum
526 4230 949 4287 sermocinantrs
970 4272 986 4296 ι
1023 4247 1132 4286 non
1171 4230 1399 4301 primum
1429 4240 1628 4287 nostite
1656 4248 1780 4303 par-

175 4319 367 4375 vitatis
397 4319 741 4377 fundamenta
764 4322 952 4393 jacere
980 4324 1374 4394 prmsumimus,
1415 4324 1640 4394 alicujus
1666 4340 1781 4380 ma-

177 4410 320 4479 joris
348 4412 586 4467 doctoris
615 4415 990 4470 auctoritatem
1022 4424 1346 4486 qumrentes,
1384 4416 1555 4471 sancti
1580 4408 1785 4472 scilicet

176 4495 373 4555 Fausti
434 4502 910 4559 luculentissimam
963 4504 1524 4575 elegantissimamque
1578 4504 1784 4561 doctri-

1881 3308 2053 3355 autem
2078 3301 2370 3371 respiciam,
2411 3311 2643 3352 autcum
2686 3316 2784 3370 quo
2815 3302 3145 3372 requiescam,
3196 3307 3300 3359 nisi
3336 3324 3489 3380 super

1880 3389 2162 3455 humilem,
2209 3400 2258 3444 et
2299 3390 2525 3461 quietum
2548 3430 2564 3453 ,
2618 3400 2666 3443 et
2708 3398 3003 3445 trementem
3048 3409 3309 3450 sermones
3348 3414 3488 3456 meos

1883 3478 2036 3552 (Isa.
2085 3496 2228 3547 uri,
2259 3477 2293 3531 2
2317 3481 2374 3551 )?
2403 3478 2723 3548 Quicunque
2751 3494 2880 3548 ergo
2907 3495 2967 3536 se
2996 3483 3357 3540 habitaculum
3388 3486 3488 3543 Dei

1881 3570 2019 3627 elliei
2048 3572 2296 3637 voluerit,
2326 3572 2583 3627 humilem
2616 3580 2672 3627 et
2698 3572 2937 3643 quietum
2965 3589 3026 3630 se
3056 3574 3233 3633 faccre
3261 3588 3487 3635 conten-

1882 3666 1999 3730 dat,
2030 3675 2218 3721 utnon
2250 3666 2535 3721 verhorntn
2580 3664 2835 3721 aviditate
2881 3665 3067 3741 [Forte
3117 3671 3385 3745 ariditate]
3432 3686 3489 3730 et

1881 3762 2127 3831 corporis
2152 3760 2507 3828 ﬂexibilitate,
2539 3761 2631 3816 sed
2662 3758 2981 3818 humilitatis
3009 3764 3236 3821 veritate
3283 3782 3487 3837 cogno-

1880 3864 2064 3909 scatur
2088 3870 2209 3909 esse
2236 3854 2441 3910 deicola
2472 3872 2484 3907 :
2510 3853 2686 3910 cordis
2716 3854 2858 3909 enim
2882 3855 3097 3911 bonitas
3135 3873 3240 3911 non
3285 3862 3484 3917 verbo-

1883 3963 2003 4004 rum
2036 3946 2173 4003 fietis
2202 3942 2405 4017 indiget
2434 3945 2804 4013 religionibu‘.
2838 3946 2986 4001 Vana
3010 3956 3093 4002 est
3117 3962 3247 4017 ergo
3271 3951 3486 4009 nutibus

1886 4041 2129 4096 colorata
2175 4041 2419 4110 corporis
2466 4039 2675 4107 religio,
2728 4054 2861 4093 vana
2918 4040 3165 4096 similiter
3191 4046 3487 4113 corporalis

1884 4132 1999 4187 sola
2030 4125 2272 4196 afﬂictio,
2320 4139 2376 4186 et
2423 4145 2574 4186 cassa
2614 4131 2845 4186 hominis
2873 4135 3159 4190 exterioris
3186 4135 3487 4207 diligentia,

1885 4218 1988 4280 nisi
2044 4222 2335 4281 comitetur
2376 4223 2539 4278 animi
2591 4222 2864 4279 fructuosa
2920 4229 3296 4296 temperantia.
3352 4232 3488 4297 Quid

1888 4316 2108 4388 prodet
2152 4315 2426 4387 passiones
2475 4315 2775 4384 impugnari
2824 4330 2853 4369 a
2903 4314 3123 4383 famulo,
3171 4334 3292 4387 qua:
3341 4322 3491 4378 inve-

1889 4407 2108 4460 niuntur
2131 4420 2317 4475 pacem
2364 4405 2561 4460 habere
2604 4419 2728 4458 cum
2759 4406 3018 4460 domino?
3065 4406 3189 4462 Ideo
3236 4426 3306 4465 ne
3349 4412 3491 4469 forte

1888 4499 2005 4554 sine
2032 4499 2209 4553 fructu
2253 4497 2578 4562 Iaberemus,
2612 4496 2827 4551 liberari
2857 4513 2888 4550 a
2917 4497 3060 4552 vitiis
3108 4514 3327 4569 operam
3377 4504 3491 4560 Deo

176 4606 312 4647 nam
336 4633 352 4661 ,
400 4591 468 4648 de
505 4594 655 4662 cujus
701 4593 855 4649 dictis
881 4610 1049 4665 pauca
1079 4594 1146 4649 ad
1174 4593 1487 4649 imitandum
1519 4612 1655 4666 opus
1684 4613 1784 4651 no-
1820 4626 1871 4685 υ
1894 4588 2189 4644 auxiliante
2217 4586 2427 4653 demus.
2469 4596 2527 4640 ιιι
2566 4594 2753 4655 postea
2782 4586 3067 4641 virtutibus
3095 4591 3273 4646 ornari
3317 4596 3492 4663 possi-

177 4692 382 4751 strum,
434 4685 564 4741 satis
612 4686 993 4741 convenienter
1036 4686 1313 4755 elegimus,
1365 4694 1552 4756 utpote
1595 4688 1683 4755 qui
1723 4686 1789 4741 de

180 4773 436 4845 ejusdem
482 4775 867 4831 monitionibus
910 4775 974 4831 de
1002 4776 1194 4846 quibus
1232 4776 1409 4831 dicere
1439 4776 1706 4846 cupimus,
1737 4786 1793 4832 et

179 4882 313 4930 nos,
344 4865 479 4920 Viles
507 4866 651 4933 licet,
682 4869 999 4923 commissos
1027 4868 1125 4923 sibi
1156 4868 1359 4934 docuit,
1390 4877 1445 4923 et
1471 4869 1625 4937 quasi
1657 4876 1790 4923 tem-

180 4972 329 5027 pore
358 4966 414 5012 et
438 4960 632 5013 merito
661 4968 707 5014 et
743 4960 964 5016 scientia
1005 4976 1093 5015 me
1139 4962 1304 5032 prior,
1332 4960 1503 5037 quasi
1560 4977 1659 5032 pro
1704 4976 1790 5017 me

182 5051 610 5121 impugnaturus
639 5052 854 5121 ignaros
901 5068 1144 5124 quosque
1173 5063 1228 5109 et
1256 5055 1496 5121 ignavos,
1531 5055 1675 5125 prius
1707 5055 1788 5111 lo-

180 5149 411 5212 quatur.

264 5233 333 5288 ll.
376 5234 552 5305 lnquit
578 5245 603 5275 ι
630 5254 643 5291 :
668 5234 726 5293 Si
753 5240 890 5295 ruris
916 5238 1093 5295 cultor
1118 5248 1173 5295 et
1203 5250 1355 5296 terra:
1380 5241 1635 5310 agricola,
1664 5240 1788 5310 quia

182 5340 385 5396 agrum
416 5342 567 5381 suum
596 5329 887 5387 seminibus
916 5332 1483 5401 pneparatjactandis,
1531 5348 1636 5388 non
1686 5332 1789 5388 sibi

179 5416 448 5481 sufficere
492 5427 645 5489 putat
703 5428 898 5477 terram
948 5423 1117 5492 ipsam
1145 5422 1267 5477 forti
1316 5438 1535 5479 vomere
1576 5423 1786 5494 prosci-

181 5509 365 5576 disse,
416 5524 480 5565 ac
522 5510 791 5581 frequenti
838 5522 1019 5569 aratro
1046 5513 1208 5569 duras
1248 5513 1552 5569 edomuisse
1587 5512 1788 5584 glebas,

179 5601 297 5661 sed
329 5606 549 5673 insuper
589 5603 771 5659 studet
797 5619 979 5673 agrum
1012 5605 1184 5675 ipsum
1213 5604 1508 5660 infecundis
1535 5606 1790 5674 gramini-

181 5692 307 5756 bus
333 5694 648 5761 emundare,
682 5696 855 5751 noxiis
883 5711 1145 5751 evacuarc
1186 5695 1483 5760 ruderibus,
1521 5697 1793 5768 spinaiuin

1895 4698 2035 4737 nius.
2083 4680 2399 4735 Mundemus
2443 4681 2627 4749 itaque
2677 4695 2775 4735 nos
2820 4689 3079 4749 quantum
3129 4687 3486 4755 ptmvalemus

1892 4777 1959 4829 ab
1988 4774 2133 4829 omni
2159 4774 2411 4828 vitiorum
2441 4773 2583 4841 labe,
2613 4788 2642 4827 a
2671 4774 2920 4843 superbia
2967 4779 3218 4845 primum,
3252 4782 3320 4836 ab
3351 4782 3491 4838 invi-

1890 4868 1999 4932 dia,
2048 4867 2116 4921 ab
2164 4864 2456 4931 iracundia,
2504 4881 2533 4919 a
2580 4864 2931 4936 blasphemia,
2983 4871 3053 4925 ab
3104 4871 3407 4944 iniquitate,
3460 4894 3491 4933 a

1892 4959 2120 5024 malitia,
2170 4972 2199 5011 a
2249 4956 2485 5021 tristitia,
2532 4972 2562 5010 a
2609 4973 2746 5011 vana
2797 4958 2987 5026 gloria,
3039 4977 3068 5016 a
3116 4965 3426 5033 cupiditate,
3459 4983 3492 5023 ει

1892 5054 2246 5123 malignitate,
2275 5051 2343 5106 ab
2366 5049 2513 5105 omni
2555 5051 2937 5121 amaritudine;
2984 5064 3043 5111 ut
3086 5057 3389 5115 humilitate
3436 5068 3491 5114 et

1894 5148 2135 5207 lenitate.
2165 5162 2228 5202 ac
2254 5143 2602 5215 benignitate,
2641 5149 3066 5215 mansuetudine,
3114 5154 3487 5223 temperantia,

1893 5234 2289 5308 misericordia,
2328 5232 2557 5307 justitia,
2585 5238 2787 5310 lattitia,
2818 5242 3185 5313 charitateque
3211 5245 3489 5316 possidea-

1890 5343 2029 5386 llllll'.

1961 5414 2048 5474 Ill.
2088 5418 2195 5475 Sed
2241 5420 2367 5491 quid
2415 5419 2673 5476 facimus?
2719 5416 2845 5476 Haec
2887 5438 3039 5493 quasi
3068 5423 3260 5478 similia
3290 5434 3493 5484 recita,

1895 5512 2035 5580 nius,
2062 5520 2117 5568 et
2144 5513 2296 5581 quasi
2325 5512 2569 5568 similiter
2596 5513 2832 5579 innoxia,
2880 5513 3079 5568 inculta
3110 5530 3173 5569 ac
3203 5516 3488 5579 indiscreta

1897 5606 2265 5676 relinquimus.
2323 5602 2572 5674 Legendo
2627 5621 2689 5660 ea
2742 5606 3109 5673 delectamur,
3168 5610 3488 5681 expellendo

1894 5697 2251 5753 dissolvimur.
2284 5696 2528 5769 Nunquid
2582 5712 2681 5751 nos
2729 5697 2958 5752 salvabit
3003 5713 3065 5753 ea
3113 5684 3317 5769 audire,
3369 5719 3491 5774 quae

282 5819 306 5846 ι·
336 5808 513 5889 inquit
549 5807 711 5889 Deest
758 5808 894 5889 forte
932 5813 1090 5867 enim.
1131 5811 1260 5877 Qua:
1299 5821 1614 5882 sequuntur,
1653 5812 1815 5867 verba
1845 5821 1971 5867 sunt
2018 5814 2290 5882 Congalli,
2340 5812 2496 5881 primi
2528 5811 2736 5867 abbatis
2781 5811 3204 5883 Benehorensis,
3250 5818 3342 5889 qui
3380 5820 3487 5875 alio

190 5878 426 5939 nomine
450 5880 729 5935 dicebatur
758 5878 1007 5935 Faustus.

490 5977 771 6046 Βετιιοι.
806 5977 1068 6045 LXXX.

3050 5984 3090 6067 ξ
