4052 6332
52 5982 65 6141 ἰ

58 6156 67 6219 l

589 320 694 379 255
1827 326 1881 382 S.
1924 324 2102 383 COLU
2113 322 2179 383 Ml

2285 324 2319 384 ll
2364 330 2650 389 ABR-\TIS
3760 350 3850 407 πθ

589 441 727 497 intra
778 455 877 496 nos
922 441 1333 512 comprobamur
1382 456 1485 495 non
1538 441 1786 497 habere?
1841 442 2087 514 Nunquid
2141 449 2186 500 si
2218 447 2262 504 A
2293 446 2467 511 cadet,
2496 456 2551 501 et
2581 464 2685 502 non
2716 448 2985 505 subsistet.
3030 452 3181 520 Quod
3214 463 3395 511 autem
3428 472 3535 512 non
3568 454 3768 526 linitur,
3795 464 3852 520 de

589 550 801 606 semper
851 535 1004 591 nobis
1034 536 1300 605 legantur,
1348 544 1399 589 et
1447 550 1718 606 nunquam
1766 536 2124 591 emendantur
2152 553 2181 592 a
2287 538 2487 593 mundo
2538 555 2645 595 non
2690 539 2902 596 dicitur.
2961 540 3133 599 Morte
3183 560 3311 615 ergo
3360 553 3415 603 et
3464 563 3661 605 occasu
3696 555 3853 611 omnia

590 627 768 691 nobis,
800 626 988 682 crebra
1035 644 1133 682 nos
1182 626 1453 696 adiuvabit
1481 627 1641 684 lcetio
1673 644 1857 684 eorum
1885 645 2003 699 qua:
2035 630 2185 684 tarde
2288 637 2589 697 transeunt,
2637 639 2692 688 et
2733 647 2841 687 non
2871 641 3034 688 stant.
3066 634 3206 702 Quid
3254 650 3385 707 ergo
3414 640 3632 709 sapiens
3656 641 3854 711 diligere

587 732 618 770 a
667 717 822 773 nobis
872 719 1255 788 expelluntur?
1305 718 1552 789 Nunquid
1600 721 1717 777 solo
1765 736 2013 777 sermone
2066 722 2185 792 quis
2286 721 2481 778 debet?
2510 723 2775 780 Mortuam
2826 726 3116 796 imaginem
3164 744 3231 784 ex
3261 740 3417 800 parte
3471 740 3674 787 mutam
3709 742 3760 791 et
3796 751 3853 793 ex

588 822 740 863 suam
767 808 981 865 domum
1008 824 1035 861 a
1066 809 1307 879 quolibet
1334 809 1583 880 squalore
1622 812 1918 878 titundeit,
1952 824 2043 868 aut
2070 813 2182 868 sola
2287 821 2440 882 parte
2465 829 2737 883 sonoram,
2767 832 2926 886 quam
2955 818 3101 874 videt
3129 827 3183 874 et
3207 836 3312 875 non
3345 823 3631 892 intelligit?
3658 823 3713 880 Si
3732 827 3853 883 enim

591 899 800 991 loquela
834 897 1232 966 pulverulentos
1263 913 1486 969 aggeres
1516 900 1773 956 immundi
1819 918 1882 957 ru
1905 903 2027 957 leris
2055 902 2183 957 sub-
2288 905 2626 975 intelligeret,
2659 906 2882 962 forsitan
2913 908 3187 978 diligeret;
3220 911 3313 966 sed
3345 922 3399 967 et
3429 913 3481 968 in
3505 914 3610 970 hoc
3634 914 3853 983 oll'endit,

590 992 863 1046 movebit?
892 991 996 1045 Aut
1018 992 1254 1062 nunquid
1286 994 1401 1048 sine
1442 993 1640 1050 sudore
1667 994 1750 1049 vel
1776 1010 1896 1065 qua!
1926 994 1992 1048 ad
2020 995 2182 1049 vitam
2288 1000 2341 1055 in
2387 1017 2495 1070 quo
2540 1016 2600 1056 se
2647 1017 2753 1057 non
2800 1004 3055 1058 ostendit.
3088 1005 3221 1072 Quis
3251 1007 3394 1061 enim
3451 1007 3737 1080 intelligit,
3785 1013 3855 1066 vel

588 1085 951 1154 σΙιιοιίιιίθηθῐη
981 1088 1272 1156 pertinent.
1323 1087 1443 1156 (illis
1480 1086 1697 1142 είῖίεθνε
1727 1088 1939 1157 potest?
1972 1085 2187 1143 Ρθιῖθη-
2286 1096 2656 1166 semetipsum,
2705 1096 2789 1151 vel
2815 1097 3064 1162 alterum,
3100 1098 3286 1154 florem
3312 1109 3469 1156 terrm
3499 1110 3555 1156 et
3587 1111 3777 1156 terram
3800 1102 3856 1158 de

591 1181 661 1234 tia
688 1193 837 1249 ergo,
890 1188 946 1234 et
990 1179 1286 1249 diligentia,
1319 1189 1375 1235 et
1404 1180 1553 1236 labor
1583 1197 1646 1236 ac
1674 1181 1903 1236 studium
1935 1179 2183 1249 infatiga-
2289 1196 2431 1243 terra
2455 1186 2678 1254 factum,
2705 1198 2812 1258 qna
2840 1188 3101 1257 dignitate
3128 1183 3223 1247 Dei
3251 1179 3465 1256 Filium,
3493 1194 3549 1247 et
3579 1193 3854 1252 ccelicolam

590 1276 713 1342 bile,
745 1276 1017 1332 interioris
1044 1276 1277 1330 hominis
1327 1276 1481 1331 nobis
1525 1275 1743 1331 domum
1785 1274 2183 1343 mundantibus,
2288 1279 2416 1335 facit
2444 1288 2587 1335 terra
2614 1290 2669 1336 et
2710 1282 2884 1352 pulvis
2913 1293 3036 1353 post
3080 1283 3352 1340 modicum
3402 1284 3652 1354 futurus,
3694 1297 3748 1343 et
3771 1290 3855 1344 nisi

587 1369 890 1424 necessaria
918 1376 1065 1431 sunt,
1115 1376 1174 1422 ut
1221 1368 1271 1421 in
1322 1367 1526 1437 injuriis
1554 1367 1865 1437 patientiam
1890 1408 1906 1433 ,
1960 1368 2013 1422 in
2060 1368 2187 1422 reli-
2289 1372 2464 1425 anima
2496 1371 2766 1427 mediante
2804 1389 3077 1444 nunquam
3105 1374 3455 1445 profuturus?

588 1460 748 1528 gione
776 1459 1127 1530 diligentiam,
1179 1460 1229 1513 in
1280 1460 1532 1529 operibus
1558 1454 1819 1521 laborem.
1854 1458 1904 1512 in
1936 1456 2186 1529 profecti-
2360 1461 2424 1516 ll.
2465 1460 2520 1517 Si
2552 1465 2671 1533 quis
2702 1464 2804 1519 hoc
2851 1464 3137 1534 intelligit,
3187 1467 3275 1522 c‘ui
3310 1467 3451 1522 Deus
3480 1466 3742 1538 donavit,
3768 1485 3856 1541 qua

591 1553 689 1606 bus
715 1550 949 1607 studium
978 1550 1424 1606 demonstremus.
1458 1549 1661 1604 Crebro
1690 1550 1845 1605 nobis
1891 1549 2185 1620 przedican-
2290 1551 2400 1605 vita
2421 1552 2597 1607 vivere
2620 1562 2851 1621 oportet,
2884 1562 2942 1607 ut
2962 1562 3193 1610 aeternus
3220 1556 3289 1610 sit
3310 1555 3376 1611 de
3400 1557 3640 1624 mortali,
3668 1559 3856 1630 sapiens

592 1644 735 1700 tibus
780 1644 932 1699 tarde
979 1645 1356 1711 emendamur;
1403 1645 1594 1699 crebro
1643 1642 1869 1711 offensi,
1925 1658 2049 1698 raro
2094 1657 2185 1712 pa-
2290 1642 2358 1696 de
2386 1642 2604 1708 stolido,
2636 1643 2872 1698 ccclesiis
2901 1644 2967 1699 de
2998 1652 3233 1713 terreno,
3275 1648 3503 1717 primum
3535 1663 3749 1704 sensum
3774 1650 3856 1704 ha-

589 1737 819 1803 tientes;
852 1738 1042 1792 crebro
1069 1737 1214 1801 victi,
1249 1752 1371 1790 raro
1400 1737 1662 1799 victores;
1716 1738 1909 1789 crebro
1954 1733 2207 1809 seducti,
2291 1733 2417 1790 heat
2447 1750 2636 1804 purum
2676 1751 2785 1805 quo
2814 1744 2998 1790 utatur
3027 1736 3093 1790 ad
3143 1739 3279 1792 bene
3310 1739 3596 1794 vivendum
3625 1781 3644 1807 ,
3690 1748 3739 1795 et
3768 1758 3856 1796 non

588 1841 714 1881 raro
746 1827 1102 1896 intelligentes
1147 1843 1352 1880 sumus.
1384 1825 1520 1893 Quid
1549 1841 1679 1895 ergo
1726 1825 1880 1880 nobis
1925 1826 2078 1893 quasi
2109 1826 2189 1878 in-
2225 1827 2268 1886 Β
2294 1828 2420 1898 quid
2449 1837 2531 1882 est
2553 1860 2569 1893 ς
2621 1828 2716 1883 sed
2745 1827 2871 1899 quid
2899 1828 3022 1893 erit,
3064 1829 3261 1883 videat.
3290 1829 3347 1883 Id
3378 1831 3521 1884 enim
3555 1831 3664 1887 erit
3685 1870 3699 1896 ,
3737 1832 3856 1901 quod

588 1914 755 1971 tirmis
783 1933 847 1973 ac
875 1917 1102 1976 indoctis
1129 1919 1512 1987 pugnatoribus
1539 1916 1729 1986 quibus
1771 1931 1920 1971 arma
1969 1924 2189 1970 vertun-
2293 1932 2398 1973 non
2429 1927 2549 1984 est;
2598 1926 2654 1973 et
2682 1934 2779 1988 per
2806 1934 2873 1973 ea
2899 1934 3018 1989 que
3073 1920 3257 1983 videt,
3316 1936 3380 1975 ea
3420 1935 3539 1990 qua:
3580 1938 3691 1979 non
3737 1922 3857 1977 videt

587 2017 677 2062 tur
704 2008 755 2063 in
785 2009 1025 2074 vulnera,
1058 2009 1358 2077 subveniet,
1400 2013 1525 2064 dum
1559 2026 1664 2063 non
1696 2009 1809 2063 hmo
1838 2006 2044 2071 audire,
2093 2006 2188 2061 sed
2290 2009 2511 2077 cogitet,
2542 2018 2597 2064 et
2628 2010 2826 2064 nitatur
2856 2024 2973 2065 esse
2998 2010 3140 2079 quod
3170 2020 3385 2066 creatus
3424 2021 3527 2079 est,
3551 2020 3608 2068 et
3641 2013 3731 2069 Dei
3755 2026 3857 2082 gra-

586 2099 860 2169 complere
888 2102 1002 2155 laus
1027 2101 1145 2155 est?
1194 2099 1309 2155 Non
1341 2100 1484 2153 enim
1515 2101 1699 2154 auditu
1731 2100 1760 2153 l.
1785 2115 1816 2153 χ
1867 2095 2186 2162 sanctificat,
2293 2102 2423 2153 tfam
2454 2115 2553 2155 suo
2591 2099 2817 2155 advocet
2860 2100 3147 2157 conamine
3179 2122 3192 2155 :
3243 2101 3572 2173 impossibile
3616 2113 3702 2160 est
3736 2106 3855 2160 enim

586 2189 680 2244 sed
726 2189 867 2245 facto
916 2190 1321 2259 proculdubio;
1371 2190 1731 2259 unusquisque
1785 2205 1891 2243 non
1932 2187 2187 2262 [Codex,
2291 2191 2466 2246 solum
2495 2206 2593 2262 per
2629 2207 2689 2247 se
2718 2207 3155 2263 unumquemque
3200 2194 3422 2265 adipisci
3452 2195 3599 2266 quod
3651 2196 3858 2268 perdidit

587 2280 851 2343 mendose,
882 2281 1046 2353 enim]
1087 2281 1263 2336 verbis
1315 2290 1519 2335 tantum
1570 2292 1623 2335 et
1670 2297 1700 2336 c
1738 2281 1937 2352 rporali
1980 2279 2188 2346 labore,
2292 2282 2346 2337 in
2376 2282 2565 2338 Adam.
2598 2281 2737 2349 Quid
2761 2293 2942 2338 autem
2970 2287 3190 2355 prodest
3230 2301 3446 2340 sensum
3495 2286 3781 2359 accipere,
3812 2295 3858 2342 et

587 2372 681 2426 sod
728 2388 939 2428 morum
991 2374 1301 2429 maturitate
1347 2382 1401 2428 et
1440 2372 1617 2429 cordis
1644 2373 1875 2443 puritate
1903 2372 2189 2427 Domimnn
2294 2391 2399 2431 non
2422 2392 2488 2431 eo
2516 2374 2655 2432 bene
2687 2377 2808 2431 uti?
2845 2376 2990 2433 Bene
3019 2377 3186 2433 utitur
3216 2378 3305 2433 ille
3328 2418 3346 2443 ,
3387 2378 3479 2448 qui
3509 2379 3588 2434 sic
3620 2380 3783 2446 vivit,
3809 2388 3855 2434 ut

589 2464 838 2520 honoret.
890 2466 1001 2522 Nec
1046 2467 1257 2523 dicatur
1299 2467 1367 2522 de
1418 2467 1572 2522 nobis
1598 2484 1610 2519 :
1641 2465 1744 2520 Hic
1791 2465 2009 2536 populus
2038 2464 2190 2519 labiis
2293 2485 2563 2538 nunquam
2595 2478 2690 2523 aut
2719 2469 3013 2540 pmniteat,
3056 2478 3149 2523 aut
3173 2470 3521 2541 pmnituerit:
3566 2472 3856 2541 penitentia

588 2573 667 2611 me
692 2558 932 2623 licuerat,
976 2576 1065 2615 cor
1110 2569 1281 2614 autem
1328 2577 1502 2615 carum
1549 2560 1701 2632 longe
1740 2569 1815 2613 est
1844 2576 1875 2612 (ι
1905 2575 1984 2613 me
2030 2557 2187 2630 (Ita.
2292 2563 2435 2617 enim
2484 2578 2603 2618 sera
2654 2561 2796 2618 male
2825 2580 2977 2619 usum
3023 2564 3217 2631 arguit,
3261 2571 3317 2617 et
3362 2563 3501 2619 bona
3546 2565 3856 2620 cmiscientia

588 2668 735 2719 xxix,
788 2654 885 2722 15;
936 2653 1123 2710 Matth.
1174 2670 1261 2720 xv,
1311 2654 1374 2721 8;
1426 2652 1597 2709 Marc.
1631 2668 1724 2722 vtr,
1756 2653 1810 2724 6)
1836 2671 1849 2706 :
1874 2661 1928 2708 et
1972 2652 2191 2723 quando
2296 2655 2456 2710 vitam
2483 2654 2681 2709 laudat.
2708 2654 2843 2721 Quid
2871 2669 3001 2725 ergo
3031 2670 3221 2713 sensus
3257 2670 3427 2725 purus
3451 2656 3677 2725 diligere
3703 2655 3855 2727 sapit!

587 2747 739 2803 audis
785 2762 1050 2818 pugnam,
1101 2748 1263 2804 crede
1286 2749 1530 2815 vulnera,
1564 2755 1620 2804 et
1648 2748 1798 2818 fugas
1827 2747 1930 2823 [An
1961 2744 2189 2818 fugias?]
2296 2746 2427 2800 Illud
2473 2757 2620 2801 certe
2664 2746 2809 2816 quod
2849 2746 3111 2817 diligere,
3162 2757 3217 2802 et
3262 2756 3454 2802 caetera
3484 2748 3669 2803 omnia
3716 2747 3858 2814 fecit,

588 2837 876 2905 interesse;
927 2847 980 2893 et
1022 2840 1148 2895 dum
1193 2840 1571 2910 unusquisque
1621 2853 1807 2908 pacem
1855 2837 2131 2909 possidere
2158 2852 2191 2891 a
2294 2852 2613 2908 semperque
2641 2846 2841 2902 manet,
2872 2845 2928 2893 et
2955 2853 3227 2908 nunquam
3257 2840 3509 2894 senescit.
3561 2838 3706 2895 Nihil
3733 2836 3858 2894 aliud

588 2939 795 3001 septem
844 2934 1097 3002 gentibus
1148 2932 1435 2988 hostilibus
1484 2947 1541 2987 se
1594 2930 2031 3001 impugnantibus
2083 2944 2191 2984 non
2296 2932 2653 2987 extrinsecum
2675 2931 3003 3000 diligendum
3029 2932 3425 2988 estsecundum
3446 2934 3559 2989 veri
3589 2935 3854 2998 rationem,

538 3076 539 3079 η
588 3029 789 3091 potest,
819 3023 1005 3078 tandiu
1044 3024 1319 3080 accinctus
1361 3008 1619 3079 dimicare
1646 3039 1752 3079 non
1781 3030 1976 3090 cessat,
2021 3021 2194 3077 donec
2298 3024 2397 3079 nisi
2428 3034 2707 3087 :cternum,
2747 3032 2802 3078 et
2846 3031 3047 3078 aeterna
3095 3023 3373 3089 voluntas,
3420 3039 3540 3094 quae
3580 3025 3650 3081 ab
3677 3032 3856 3080 aeterno

588 3127 796 3188 septem
845 3119 1084 3186 gentium
1133 3134 1225 3173 rex
1276 3125 1330 3173 et
1377 3126 1595 3184 rector,
1643 3116 1739 3172 Dei
1784 3117 1929 3172 dono
1969 3114 2194 3171 viriliter
2300 3115 2567 3182 mirabili,
2616 3115 2913 3185 ineli'abili,
2967 3115 3251 3181 illViribill,
3301 3116 3855 3187 incomprehensibili,

589 3211 912 3277 dimicando,
943 3212 1185 3267 exsistat.
1219 3210 1404 3267 Nullus
1430 3211 1570 3267 enim
1602 3196 1915 3276 coronatur,
1964 3210 2065 3265 nisi
2094 3210 2185 3280 qui
2216 3209 2264 3273 C
2294 3208 2475 3266 omnia
2500 3207 2775 3278 implente,
2816 3216 2873 3262 et
2901 3208 3082 3265 omnia
3109 3207 3407 3263 excedente
3428 3250 3445 3277 ,
3475 3217 3775 3279 praesente,
3814 3216 3857 3263 et

591 3302 825 3371 legitime
855 3303 1143 3359 certaverit
1173 3299 1262 3375 (11
1293 3302 1426 3357 Tim.
1460 3320 1523 3371 tt,-
1550 3302 1632 3373 5),
1681 3310 1737 3359 et
1766 3318 1929 3359 nemo
1953 3302 2195 3373 legitime
2296 3302 2556 3373 fugiente,
2587 3300 2877 3372 inspiratur
2916 3309 2973 3356 ct
3021 3300 3312 3355 animatur.
3354 3298 3495 3356 Nihil
3524 3301 3614 3357 hic
3667 3302 3858 3373 sapiens

590 3398 643 3451 in
692 3396 866 3466 primo
904 3398 1200 3452 certamine
1232 3404 1423 3452 certat.
1457 3395 1695 3452 Primum
1748 3397 1929 3467 itaque
1976 3404 2197 3451 certan-
2296 3394 2518 3464 diligere
2541 3393 2720 3460 debet,
2753 3391 2897 3463 quod
2939 3391 3073 3446 nihil
3106 3391 3303 3458 durat;
3343 3402 3546 3447 :eterna
3578 3393 3721 3447 etiim
3767 3391 3858 3446 illic

590 3488 716 3543 dum
746 3497 848 3554 est,
880 3489 1074 3545 deinde
1101 3490 1350 3545 standum
1381 3498 1487 3557 est,
1535 3500 1590 3546 et
1618 3491 1671 3545 in
1702 3489 1844 3545 bello
1872 3488 2194 3545 studendum
2295 3503 2415 3543 cum
2444 3495 2667 3552 aeterno,
2693 3494 2748 3539 et
2775 3485 2977 3541 caduca
3001 3484 3120 3539 heic
3149 3500 3270 3539 cum
3302 3484 3516 3539 mortali
3545 3493 3695 3540 sunt.
3726 3483 3857 3538 Peri-

591 3585 696 3647 est,
728 3587 786 3634 ut
814 3587 1001 3651 postea
1034 3580 1271 3653 legitime
1300 3581 1613 3637 certandum
1646 3582 1736 3637 sit.
1770 3580 1986 3636 Utinam
2012 3589 2068 3637 et
2097 3595 2197 3637 nos
2295 3579 2539 3635 culosum
2570 3585 2654 3633 est
2678 3591 2806 3647 ergo
2825 3576 3071 3633 habitare
3097 3574 3237 3630 inter
3264 3573 3502 3630 fallentia
3533 3584 3590 3630 et
3640 3575 3787 3639 falsa,
3812 3581 3858 3627 et

591 3662 829 3747 legitime
865 3685 1231 3744 certaremus,
1282 3685 1342 3733 ut
1389 3685 1445 3733 et
1496 3676 1745 3733 coronari
1774 3692 2111 3743 mereamur;
2141 3686 2196 3732 et
2296 3688 2402 3728 non
2432 3685 2559 3727 vera
2588 3668 2773 3724 videre
2801 3683 2921 3738 qua:
2949 3667 3114 3723 debes
3136 3683 3340 3735 amare,
3370 3666 3640 3735 etvidere
3666 3668 3858 3736 insuper

591 3768 729 3824 sicut
754 3769 806 3823 in
835 3769 1024 3826 eodem
1057 3778 1316 3840 apparatu
1347 3777 1402 3824 et
1429 3767 1529 3823 sub
1556 3767 1741 3822 iisdem
1769 3767 1935 3824 armis
1986 3782 2191 3833 sumus,
2295 3780 2414 3836 quae
2442 3761 2693 3832 fugiendo
2724 3769 3047 3832 provocant,
3076 3768 3131 3814 et
3158 3760 3308 3828 quasi
3341 3760 3395 3813 in
3423 3758 3633 3813 somnio
3664 3768 3717 3813 te
3754 3771 3859 3812 cum

588 3864 665 3918 ita
718 3876 840 3917 cum
887 3860 1133 3917 hostibus
1175 3862 1370 3917 nostris
1401 3860 1642 3930 quotidie
1686 3858 2086 3924 dimicaremus,
2136 3870 2194 3914 ut
2294 3859 2372 3913 eis
2401 3870 2625 3929 peccare
2655 3853 3005 3923 persuadent,
3037 3861 3093 3907 et
3132 3867 3191 3907 re
3238 3850 3424 3906 otiosa
3464 3851 3559 3906 tibi
3603 3849 3859 3906 blanditiis

589 3969 698 4008 non
728 3952 781 4006 in
838 3936 1227 4021 nosmetipsos,
1250 3953 1343 4008 sel
1391 3952 1445 4007 in
1475 3951 1814 4007 adversarios
1842 3960 2057 4007 nostros
2084 3951 2190 4006 tela
2292 3950 2497 4013 rident,
2531 3957 2585 4003 et
2599 3945 2722 4016 jure
2750 3943 3014 4015 diligenda
3036 3981 3052 4010 ,
3082 3958 3145 3999 ac
3172 3942 3216 3998 si
3248 3956 3361 3998 non
3384 3950 3564 3999 essent
3582 3984 3599 4010 ,
3622 3941 3721 3998 sed
3744 3941 3858 3997 sub-

589 4056 990 4114 torqueremus.
1048 4045 1164 4100 lloc
1217 4045 1406 4115 longus
1457 4044 1691 4100 bellandi
1744 4059 1869 4098 usus
1917 4058 2040 4097 cum
2093 4041 2188 4096 Dei
2292 4044 2513 4099 ducunt.
3186 4042 3191 4043 “

589 4136 763 4206 gratia
801 4136 1096 4207 praestabit,
1125 4152 1221 4206 per
1248 4136 1531 4191 Dominum
1564 4142 1805 4190 nostrum
1836 4135 2014 4189 Jesum
2042 4132 2192 4188 Chri-
2363 4136 2449 4191 lll.
2491 4134 2716 4190 Constat
2741 4146 2869 4201 ergo
2899 4128 3192 4187 sollicitum
3223 4143 3344 4184 esse
3390 4127 3589 4183 debere
3628 4141 3754 4182 eum
3779 4121 3856 4193 qui

524 4300 531 4305 κ
588 4243 751 4298 stum,
783 4231 869 4287 cui
900 4240 983 4288 est
1010 4232 1208 4299 honor,
1256 4242 1310 4287 et
1346 4232 1534 4301 gloria,
1576 4240 1631 4285 et
1680 4230 1845 4284 virtus
1892 4230 1945 4283 in
1995 4229 2188 4285 sazcula
2293 4232 2433 4287 inter
2462 4228 2707 4282 fallentes
2736 4224 2963 4290 habitat,
2993 4222 3140 4277 velut
3168 4221 3258 4292 qui
3304 4235 3413 4275 non
3441 4217 3655 4289 evadet,
3685 4218 3733 4273 si
3767 4231 3859 4271 non

2292 4336 2387 4376 eos
2417 4318 2650 4388 fugerit,
2679 4323 2943 4384 cauteque
2991 4312 3038 4366 si
3082 4311 3223 4366 bene
3243 4311 3433 4380 egerit.
3466 4309 3573 4364 Nos
3601 4305 3858 4379 quomodo

1118 4434 1529 4492 lNSTllUCTIO
1566 4434 1652 4490 lll.

2291 4410 2555 4481 fugientus
2591 4407 2873 4473 mundum,
2900 4420 3061 4475 quem
3088 4403 3311 4473 diligere
3340 4418 3446 4457 non
3472 4401 3753 4465 debemus,
3784 4395 3860 4469 qui

629 4524 704 4580 De
734 4527 977 4584 sectanda
1000 4527 1177 4582 mundi
1202 4536 1489 4593 contemptu
1519 4535 1565 4580 et
1594 4524 1871 4580 c‘wleslium
1901 4522 2153 4580 bonorum

2292 4504 2345 4558 in
2374 4501 2573 4556 rnundo
2596 4513 2801 4564 sumus,
2827 4496 3025 4565 quique
3053 4493 3101 4549 ei
3129 4494 3265 4548 tnori
3294 4494 3586 4556 docemur;
3613 4500 3676 4545 et
3704 4505 3734 4546 e
3755 4504 3860 4544 con-

1284 4578 1483 4651 aurai-e.
1524 4578 1559 4580 τί
1840 4578 1845 4579 7
1942 4578 1947 4579 γ
1986 4578 2020 4580 Ὗ
2215 4588 2262 4645 1)
2292 4591 2455 4647 trario
2484 4606 2606 4646 eum
2638 4590 2775 4643 intra
2818 4602 2915 4641 nos
2957 4584 3189 4655 quadam
3232 4582 3391 4638 livida
3420 4581 3674 4651 cupidine
3703 4578 3859 4635 cludi-

647 4689 691 4744 l.
736 4689 874 4756 Quid
904 4690 957 4743 in
988 4687 1191 4744 mundo
1220 4689 1489 4758 optimum
1516 4688 1637 4744 est?
1665 4687 1886 4743 Anctori
1913 4686 2032 4755 eius
2061 4684 2180 4757 pla-
2285 4698 2409 4739 mus
2437 4680 2620 4757 [Forte
2647 4676 2986 4748 claudimus],
3018 4691 3177 4747 quem
3204 4675 3304 4730 sub
3336 4673 3559 4747 pedibus
3588 4672 3748 4742 quasi
3771 4685 3858 4725 no-

590 4796 736 4837 cere.
762 4781 899 4848 Quid
922 4787 1004 4836 est
1026 4780 1144 4851 ejus
1165 4780 1436 4836 voluntas?
1464 4780 1815 4852 Complacere
1840 4779 1983 4850 quod
1999 4780 2177 4851 jussit,
2283 4778 2409 4833 stris
2435 4774 2755 4839 conculcare
2780 4771 3077 4827 debuimus.
3120 4769 3417 4825 Conculcat
3452 4765 3715 4822 mundum
3736 4807 3752 4832 ,
3783 4761 3858 4833 qui

590 4875 697 4931 hoc
716 4883 820 4943 est,
850 4883 997 4929 recte
1018 4874 1201 4929 vivere
1228 4882 1282 4929 et
1304 4876 1389 4944 pie
1412 4882 1671 4928 aeternum
1692 4889 1937 4944 qua'rere
1963 4891 1977 4927 :
2007 4874 2181 4944 pietas
2284 4871 2519 4940 seipsnm
2546 4866 2714 4921 vincit
2736 4907 2752 4934 ,
2784 4864 2873 4933 qui
2907 4864 3048 4917 vitiis
3077 4871 3367 4931 antequam
3418 4854 3605 4914 riatura
3631 4900 3649 4926 ,
3692 4864 3858 4912 mente

588 4325 924 4381 saeculorum.
963 4324 1156 4379 Amen.

590 4966 756 5034 enim,
800 4976 855 5021 et
881 4966 1126 5036 azquitas,
1167 4965 1243 5036 pii
1289 4975 1343 5019 et
1385 4965 1517 5020 recti
1545 4966 1794 5021 voluntas
1836 4974 1940 5021 est.
1993 4965 2074 5021 Ad
2127 4964 2179 5018 id

593 5057 868 5130 quomodo
888 5057 1254 5128 pervenitur?
1300 5054 1510 5111 Studio.
1558 5055 1890 5111 Studendum
1921 5062 2003 5109 est
2049 5068 2178 5123 ergo

592 5156 645 5208 in
676 5153 877 5225 pietate
900 5193 917 5219 ,
968 5160 1025 5207 et
1050 5151 1324 5222 mquitate.
1356 5150 1437 5205 Ad
1466 5149 1571 5205 hoc
1596 5145 2025 5203 conservandum
2050 5146 2179 5215 quid

588 5246 779 5313 juvat?
820 5243 1153 5307 Intellectus,
1187 5244 1277 5315 qui
1308 5250 1500 5297 «ctera
1532 5240 1633 5296 alia
1664 5238 1960 5295 eventilans
1984 5284 1998 5308 ,
2049 5237 2180 5293 nihil

591 5338 674 5393 cui
704 5332 926 5393 inhmret
951 5379 967 5405 ,
998 5337 1209 5393 firmum
1241 5337 1518 5394 inveniens
1540 5376 1555 5402 ,
1596 5335 1664 5390 de
1691 5334 1774 5389 his
1803 5347 1923 5406 qua:
1951 5332 2183 5389 mundus

590 5430 771 5497 habet,
802 5430 868 5486 ad
894 5446 1059 5486 unum
1081 5428 1225 5499 quod
1255 5436 1515 5483 internum
1545 5423 1659 5493 est,‘
1677 5426 1885 5481 ratione
1912 5425 2181 5481 converti-

591 5532 699 5576 tur.
731 5520 960 5578 Mundus
989 5524 1131 5579 enim
1160 5522 1409 5577 transibit
1437 5563 1452 5588 ,
1500 5528 1554 5575 et
1581 5520 1822 5591 qu0tidic
1853 5518 2085 5588 transit,
2126 5528 2180 5573 et

589 5620 799 5669 rotatur
844 5615 911 5668 ad
960 5615 1118 5669 linem
1150 5614 1297 5684 (quid
1344 5614 1486 5667 enim
1533 5612 1723 5678 habet,
1757 5611 1900 5683 quod
1950 5609 2043 5665 lini
2071 5628 2179 5665 non

591 5709 827 5779 assignet
845 5710 923 5778 ?),
954 5717 1008 5762 ct
1032 5706 1428 5777 quodammodo
1459 5705 1709 5760 vanitatis
1737 5703 2001 5761 columnis
2023 5702 2177 5757 fulci—

590 5810 696 5855 tur.
729 5798 957 5867 Quando
1001 5807 1179 5853 autem
1208 5796 1460 5856 vanitatis
1488 5795 1607 5855 linis
1634 5796 1881 5867 adfuerit,
1931 5806 2059 5854 tunc
2089 5796 2178 5852 ille

2285 4960 2467 5035 [Forte
2497 4968 2605 5013 tam
2636 4956 2874 5029 mente],
2924 4970 3086 5025 quam
3133 4967 3365 5023 corpore
3400 4952 3627 5006 moritur
3650 4967 3667 5002 :
3713 4961 3859 5003 nemo

2286 5052 2558 5122 semetipsi
2590 5047 2776 5125 [Forte
2801 5043 3144 5116 sibimetipsi]
3170 5060 3415 5115 parcens,
3445 5043 3700 5097 mundum
3722 5039 3858 5096 odire

2288 5154 2501 5216 potest;
2533 5144 2584 5197 in
2615 5157 2674 5197 se
2699 5139 2841 5196 enim
2871 5139 2988 5194 solo
3011 5138 3267 5193 mundum
3292 5145 3387 5190 aut
3405 5135 3595 5205 diligit,
3623 5130 3856 5187 autodit.

2286 5240 2428 5295 Nihil
2467 5237 2630 5293 habet
2663 5233 2809 5306 quod
2839 5242 2986 5288 amet
3014 5232 3083 5286 de
3128 5229 3352 5295 mundo,
3385 5228 3479 5300 qui
3507 5226 3751 5298 corporis
3774 5238 3859 5276 vo-

2288 5329 2584 5403 luptatibus
2610 5335 2857 5382 mortuus
2886 5332 2987 5379 est.
3030 5321 3147 5378 Tali
3189 5329 3365 5377 morte
3405 5319 3718 5381 moriamur,
3744 5312 3857 5383 quia

2290 5439 2434 5477 mors
2466 5421 2555 5476 illa
2584 5418 2880 5489 corporalis
2909 5426 3153 5481 cunctos,
3179 5416 3277 5469 ista
3303 5427 3505 5484 paucos
3528 5418 3692 5466 tenet.
3726 5406 3857 5461 Pau-

2282 5532 2470 5572 corum
2493 5514 2637 5571 enitn
2664 5512 2743 5569 sic
2764 5512 2969 5579 vivere,
3000 5510 3151 5581 quasi
3182 5508 3379 5563 mortui
3402 5505 3582 5578 [Forte
3600 5497 3861 5569 morituri}

2281 5610 2555 5682 quotidie;
2586 5616 2643 5663 et
2671 5606 2796 5662 dum
2820 5621 2925 5661 non
2954 5618 3168 5674 semper
3198 5600 3314 5666 fuit,
3341 5615 3441 5655 nec
3470 5614 3588 5655 esse
3616 5591 3858 5665 potestin

2282 5703 2507 5773 mundo,
2534 5702 2626 5757 sed
2656 5701 2709 5754 in
2740 5696 2969 5769 quadam
3002 5695 3149 5750 brevi
3177 5694 3484 5758 medietate,
3510 5692 3666 5746 debet
3702 5699 3856 5740 unus-

2281 5800 2507 5868 quisque
2522 5797 2600 5853 sic
2621 5795 2823 5860 vivere,
2839 5792 2993 5862 quasi
3017 5789 3257 5863 quotidie
3278 5786 3559 5851 moriatur,
3588 5793 3641 5836 ut
3664 5791 3855 5837 mterna
