4052 6332
248 334 355 392 9.37

1190 338 1733 400 INSTRUCTIONES
1775 341 2007 398 VARIE
2047 342 2200 401 SIVE
2237 346 2619 410 SER‘MONES.

3425 356 3529 425 9.38

246 456 461 511 tantum
490 459 545 509 et
572 450 833 521 caelestia,
862 453 913 507 in
941 452 1156 524 quibus,
1185 469 1231 510 ει
1271 463 1569 523 meruent,
1601 463 1835 511 :eternus
1867 457 1913 517 Λ
1943 454 2173 511 reddita.
2219 458 2356 524 Quid
2404 460 2505 517 hac
2551 464 2861 521 comlitionc
2910 468 3346 539 lacrymahilius?
3392 475 3438 544 Q
3461 478 3529 534 ιῑιι

245 553 309 600 et
334 543 571 601 celestis
597 543 806 598 luturus
827 542 919 610 sit,
952 543 1112 613 hujus
1139 545 1331 600 mortis
1357 545 1584 611 dubius,
1615 546 1835 616 cogitet.

244 633 383 705 Quae
406 635 548 691 enim
583 642 709 690 ante
737 634 993 690 mundum
1034 635 1265 703 fuerant,
1297 638 1410 707 ipsa
1440 643 1600 693 erunt
1636 650 1689 695 et
1716 648 1839 709 past

243 727 529 793 mundum,
568 726 697 782 etin
719 736 1035 798 perpetuum
1059 768 1076 794 ,
1107 737 1161 785 et
1190 729 1367 785 adhuc
1406 739 1529 787 sunt
1551 771 1567 797 ,
1608 730 1700 787 sed
1732 748 1837 787 non

243 830 541 893 apparent,
578 831 643 877 et
672 836 701 877 a
732 821 889 877 nobis
925 821 977 875 iu
1008 829 1214 877 tantum
1241 823 1412 878 celata
1442 830 1590 891 sunt,
1631 832 1690 877 ut
1729 839 1837 880 non

242 910 410 969 liceat
432 928 497 968 ea
528 913 674 985 loqui
705 911 1009 967 hominibus
1038 929 1052 966 :
1085 912 1138 966 in
1170 916 1265 968 cor
1292 914 1457 979 enim,
1491 921 1583 968 aut
1603 914 1654 968 in
1679 928 1837 971 aures
1886 920 1889 921 ⁷

242 1004 482 1060 hominis
510 1020 616 1059 non
648 1005 981 1069 ascendunt,
1022 1018 1198 1073 neque
1240 1004 1478 1072 intrant,
1513 1019 1685 1073 neque
1729 1005 1835 1060 hu-

241 1109 411 1149 mano
438 1095 554 1149 visu
587 1094 815 1165 perspici
862 1102 1068 1164 queunt
1114 1094 1249 1163 (Isa.
1283 1111 1425 1161 mur,
1461 1095 1523 1161 4;
1570 1095 1601 1149 1
1621 1095 1739 1150 Car.
1775 1112 1833 1163 ιι,

239 1176 329 1254 9).
358 1181 403 1238 Ο
422 1199 581 1255 quam
610 1183 840 1239 dolenda
860 1184 1098 1240 conditio
1123 1184 1137 1239 !
1168 1185 1298 1252 Quae
1325 1200 1511 1242 amare
1530 1186 1831 1253 debuimus,

238 1276 329 1332 sic
373 1290 435 1332 ea
482 1277 637 1332 nobis
682 1286 1018 1346 sequestrata
1065 1287 1123 1334 et
1168 1279 1501 1351 incomperta
1548 1290 1603 1337 et
1652 1283 1833 1353 ignota

238 1376 396 1435 sunt,
427 1378 488 1423 ut
512 1368 750 1438 quandi'u
782 1367 1028 1425 homines
1052 1385 1257 1435 sumus,
1286 1381 1339 1428 et
1368 1373 1420 1428 in
1460 1374 1563 1430 hoc
1591 1377 1834 1447 corporis

238 1458 521 1526 ergastulo
544 1460 845 1526 constituti,
888 1461 1109 1517 omnino
1140 1463 1296 1519 nobis
1325 1465 1675 1534 impossibilia
1707 1474 1833 1524 sunt

238 1546 437 1613 videri,
468 1547 643 1603 audiri
670 1587 686 1614 ,
715 1550 939 1617 cogitari
966 1565 1030 1605 ea
1058 1567 1177 1623 qua:
1204 1568 1330 1608 vera
1364 1554 1505 1610 bona
1527 1552 1729 1613 suntet
1755 1573 1828 1613 ze-

238 1645 423 1694 terna.
456 1638 591 1706 Quid
621 1653 751 1710 ergo
794 1640 1084 1696 faciemus?
1118 1641 1210 1697 Vel
1251 1642 1432 1712 ignota
1457 1659 1731 1713 amemus,
1776 1657 1832 1703 et

222 1742 569 1801 quaeramus,
600 1747 669 1788 ne
710 1731 848 1788 forte
893 1734 947 1789 in
987 1744 1303 1806 perpetuum
1346 1749 1411 1793 ea
1440 1738 1746 1808 ignoremus
1773 1751 1829 1798 et

1944 544 2047 601 hac
2084 547 2297 602 miseria
2329 548 2629 609 ini:licius?
2674 555 2774 622 Qui
2820 573 2989 627 usque
3021 561 3085 613 ad
3127 566 3528 635 corruptionem

1942 641 1999 716 et
2044 637 2317 694 interitum
2349 647 2663 711 perpetuum
2713 646 2870 716 hujus
2908 650 3029 705 vitae
3079 669 3217 708 vana
3269 665 3526 716 sectatur.

1942 714 2082 785 Vere
2111 724 2301 787 melior
2326 720 2426 789 luit
2452 737 2607 793 unius
2634 738 2780 794 hora!
2811 742 3065 808 patientia
3091 784 3107 810 ,
3154 761 3312 816 quam
3340 754 3527 805 interni

1940 824 2197 892 temporis
2242 828 2361 880 sera
2394 827 2744 897 'pceuitcntia.
2797 831 2949 889 Time
2997 850 3127 904 ergo
3170 838 3303 893 citra
3334 841 3527 896 cmluzn

1939 920 2212 981 mortem;
2261 910 2400 970 ultra
2433 918 2627 973 coelum
2678 921 2851 990 ignem
2880 933 3170 994 :eternum;
3227 929 3333 985 hoc
3380 932 3525 1000 quod

1937 1002 2118 1069 vides,
2152 1004 2281 1059 illud
2324 1006 2467 1074 quod
2511 1019 2617 1063 non
2662 1009 2845 1078 vides,
2898 1016 2992 1069 sed
3024 1023 3201 1071 tamen
3232 1020 3406 1075 credis
3435 1023 3482 1075 ei
3507 1062 3524 1087 ,

1936 1092 2028 1162 qui
2074 1094 2220 1150 vidit.
2272 1097 2446 1155 Verax
2504 1104 2647 1158 enim
2704 1114 2787 1161 est
2836 1109 3091 1166 Dominus
3140 1121 3325 1169 noster
3371 1113 3526 1174 Jesus

1937 1182 2204 1257 Christus,
2234 1191 2320 1245 cui
2352 1193 2527 1249 honor
2572 1204 2627 1251 et
2654 1198 2826 1267 gloria
2867 1202 2919 1255 in
2952 1205 3142 1259 secula
3180 1207 3521 1265 etesttlorum.

1936 1272 2128 1331 Amen;

2460 1363 2870 1439 lNSTRUCTlO
2909 1384 2996 1441 lV.

2035 1460 2188 1526 Quod
2214 1466 2265 1518 in
2294 1472 2536 1534 rra’senti
2569 1474 2668 1555 rita
2699 1474 3062 1544 laborandum,
3089 1490 3145 1533 ut
3166 1483 3219 1535 in
3249 1485 3424 1554 futura

2560 1560 2901 1609 qrttescmuas.

2004 1643 2042 1697 Ι.
2089 1644 2273 1701 Omnis
2302 1648 2601 1720 disciplina,
2637 1653 2789 1722 juxta
2816 1656 3135 1725 Apostolum
3159 1704 3174 1729 ,
3202 1678 3256 1717 ιη
3283 1666 3523 1735 prwsenti

1932 1733 2130 1790 videtur
2158 1752 2262 1791 non
2289 1755 2399 1793 esse
2426 1743 2626 1811 gaudii,
2657 1745 2750 1798 sed
2768 1751 3003 1804 ntmroris
3025 1768 3042 1816 ;
3083 1763 3262 1823 postea
3294 1772 3411 1812 vero
3429 1758 3524 1828 ju-

237 1823 570 1893 perdamus;
622 1825 739 1881 sine
766 1842 929 1882 causa
961 1827 1103 1886 enim
1131 1837 1286 1885 natus
1312 1840 1415 1896 εει,
1441 1833 1531 1903 qui
1581 1834 1669 1889 ma
1698 1851 1822 1905 per-
1862 1828 1902 1886 Β
1929 1824 2153 1879 eundum
2183 1830 2424 1898 fructum,
2470 1834 2832 1908 placidumque
2874 1843 3123 1898 mercedis
3146 1847 3293 1916 fenus
3332 1848 3412 1903 Itis
3438 1851 3524 1923 qui

238 1921 410 1985 petua
448 1922 505 1968 et
545 1915 598 1990 i_n
633 1920 961 1985 ‘rerpetuum
992 1916 1294 1988 ignorabit,
1328 1928 1384 1974 et
1429 1922 1517 1976 illa
1546 1932 1745 1979 aeterna
1777 1926 1829 1980 in

236 2011 504 2059 aeternum
532 2006 753 2060 nesciet.
775 2003 819 2059 0
842 2013 895 2061 te
917 2007 1171 2063 miserum
1194 2010 1496 2067 hominem!
1521 2014 1661 2085 quod
1684 2015 1832 2071 vides

237 2095 416 2152 debes
458 2096 609 2152 odire
636 2139 649 2161 ,
698 2107 753 2153 et
779 2100 925 2169 quod
961 2105 1146 2157 amare
1177 2110 1229 2158 te
1257 2106 1540 2172 cdnvenit,
1592 2108 1827 2179 igndras.

240 2185 500 2258 Loquens
528 2189 620 2243 tibi
647 2198 736 2245 tua
766 2193 872 2245 vita
896 2232 912 2257 ,
962 2192 1227 2261 irretiris,
1273 2197 1425 2265 velis,
1456 2199 1627 2269 nolis;
1676 2202 1730 2257 in
1779 2212 1832 2260 te

240 2276 415 2334 habes
441 2292 547 2348 quo
575 2280 938 2349 compediris;
988 2283 1039 2336 in
1082 2294 1133 2339 te
1163 2301 1269 2340 non
1320 2286 1487 2344 habes
1513 2304 1622 2360 quo
1650 2292 1828 2348 solve-

241 2367 348 2423 ris.
377 2367 673 2425 Cavebisne
703 2378 774 2434 te,
808 2371 988 2440 miser,
1023 2374 1075 2428 in
1107 2382 1265 2445 teque
1291 2391 1358 2432 ne
1384 2379 1642 2447 conlides,
1678 2383 1768 2452 qui
1799 2398 1830 2439 a

241 2469 303 2516 te
331 2460 618 2530 laquearis,
651 2478 752 2519 nec
779 2479 809 2518 a
838 2473 892 2521 te
919 2466 1183 2524 solveris?
1211 2471 1397 2527 oculos
1430 2472 1634 2532 habens
1654 2490 1833 2535 cmcus

237 2546 447 2621 ligatis,
476 2552 753 2623 libensque
778 2556 939 2611 morti
967 2558 1197 2615 duceris.

318 2665 407 2723 ιν.
447 2667 493 2724 0
519 2668 873 2727 intolerabilis
897 2676 1148 2732 accitas!
1183 2693 1216 2732 ο
1245 2678 1403 2736 dolor
1428 2681 1831 2754 incomparabi-

239 2755 350 2816 lis!
382 2775 418 2815 ο
446 2759 803 2819 infelicissima
834 2766 1084 2821 miseria!
1137 2768 1238 2836 Qui
1281 2768 1424 2827 favet
1469 2773 1825 2843 adversariis,

238 2849 339 2920 qui
368 2849 598 2908 libenter
634 2868 694 2908 se
723 2855 888 2910 tradit
930 2860 1364 2928 persecutoribus
1410 2864 1509 2920 sibi
1553 2868 1828 2938 nunquam

240 2944 611 3012 parcentibus,
650 2947 740 3015 qui
769 2963 829 3003 se
859 2948 1198 3020 alligantibus
1224 2961 1279 3008 et
1306 2956 1467 3010 morti
1498 2958 1830 3016 tradentibus

239 3033 488 3101 gaudens
525 3038 815 3094 consentit.
862 3037 992 3107 Quis
1036 3059 1270 3114 unquam
1324 3045 1475 3102 lectus
1503 3048 1570 3102 ad
1601 3059 1828 3107 mortem

242 3126 460 3196 pergit?
505 3126 636 3194 Quis
661 3130 726 3184 ad
751 3130 1098 3200 jugulandum
1141 3137 1224 3191 vel
1253 3136 1626 3195 decollandum
1658 3142 1828 3199 libens

238 3220 493 3277 ducitur?
533 3223 626 3279 Va:
660 3224 775 3292 tibi,
824 3226 1059 3283 humana
1085 3230 1330 3286 miseria!
1384 3234 1589 3289 utinam
1622 3244 1824 3291 tantum

237 3310 564 3380 jugulareris
592 3314 675 3369 vel
705 3317 1065 3387 decollareris,
1096 3329 1152 3375 et
1178 3337 1285 3377 non
1328 3324 1379 3378 in
1411 3335 1669 3381 :cternum
1702 3343 1826 3383 cru-

239 3404 484 3459 ciareris.
513 3405 650 3473 Quid
681 3416 734 3463 te
761 3410 971 3477 emolus,
1007 3423 1039 3468 ο
1074 3414 1267 3469 misera
1315 3416 1652 3474 humanitas!
1700 3417 1828 3488 Quae

236 3495 324 3549 sic
350 3508 500 3551 erras
525 3496 711 3553 videns
732 3540 747 3564 ,
797 3500 925 3555 licet
946 3500 1099 3558 vides
1139 3520 1308 3575 u=que
1337 3507 1403 3561 ad
1442 3510 1668 3574 cmlum,
1720 3529 1825 3568 non

236 3585 427 3653 ultra;
467 3588 600 3643 citra
649 3591 843 3647 cmlum
870 3594 1053 3664 sapis,
1100 3597 1238 3653 ultra
1265 3601 1457 3656 cmlum
1506 3620 1610 3658 non
1662 3607 1822 3677 sapis.

236 3676 387 3735 Dura
412 3679 1070 3756 incomprehensibilisque
1094 3689 1413 3760 ignorantia,
1442 3695 1561 3766 quis
1584 3698 1675 3752 tibi
1703 3676 1825 3753 nar-

235 3769 386 3825 rabit
404 3771 1003 3833 inenarrabilia‘tlulelix
1026 3779 1349 3849 humanitas,
1373 3788 1497 3855 quid
1524 3789 1613 3844 tibi
1631 3790 1825 3848 subve-

236 3865 396 3922 niet?
421 3865 558 3923 Audi
584 3870 710 3939 quid
731 3871 957 3943 Sapiens
982 3875 1117 3930 dixit
1148 3895 1162 3931 :
1192 3877 1288 3934 Cui
1316 3896 1485 3951 pauca
1530 3901 1634 3940 non
1673 3888 1822 3943 διιΠὶ-

235 3958 413 4020 ciunt,
437 3961 588 4027 plura
610 3978 716 4018 non
738 3968 1048 4035 proderunt.
1079 3969 1308 4039 Audisti,
1333 3977 1512 4045 credo,
1546 3978 1822 4037 Dominum

235 4049 295 4104 in
319 4047 603 4120 Evangelia
631 4054 897 4113 dicentem
926 4076 940 4113 :
992 4058 1076 4116 Ite
1105 4065 1365 4121 maledicti
1393 4070 1445 4121 in
1474 4071 1642 4142 ignem
1668 4083 1821 4127 teter-

232 4146 365 4193 t'ttutt
392 4140 604 4211 (Matth.
642 4162 769 4212 xxv,
796 4147 925 4219 il);
959 4161 1013 4205 et
1050 4163 1271 4224 propter
1291 4158 1440 4227 quid,
1477 4140 1602 4229 scis,
1635 4164 1741 4220 itur
1770 4168 1820 4223 in

232 4231 419 4300 ignem
443 4273 460 4299 ,
510 4237 674 4293 miser
701 4239 885 4296 homo.
915 4242 1043 4300 Esto
1092 4248 1437 4322 misericors;
1485 4254 1621 4311 forte
1650 4273 1680 4312 a
1716 4261 1822 4315 lilio

231 4325 555 4395 perditionis
579 4339 631 4385 te
651 4332 729 4387 sic
754 4334 1069 4392 abstrahere
1092 4342 1295 4409 poteris
1323 4362 1334 4396 :
1368 4361 1433 4400 ne
1465 4363 1653 4417 parcas
1678 4352 1820 4415 cibo,

230 4431 308 4472 ne
349 4418 522 4489 fragili
548 4436 740 4491 parcas
771 4426 1091 4484 vestimento
1113 4471 1126 4495 ,
1175 4447 1243 4487 ne
1282 4435 1375 4489 tibi
1409 4446 1496 4491 tua
1528 4441 1817 4509 praeferas;

229 4509 358 4579 plus
391 4517 445 4567 te
489 4528 639 4570 ames
682 4532 838 4585 quam
888 4526 1013 4587 tua;
1066 4524 1185 4593 plus
1213 4527 1484 4595 animam,
1534 4546 1693 4602 qnam
1733 4552 1821 4592 res

229 4609 357 4655 tuas
385 4618 399 4654 :
432 4609 602 4660 tumet
628 4608 769 4663 enim
802 4617 1005 4667 tantum
1030 4629 1089 4670 es
1114 4618 1296 4685 miser,
1342 4630 1397 4676 et
1423 4639 1528 4677 non
1558 4633 1660 4681 tum
1690 4644 1776 4685 res
1804 4648 1817 4685 :

229 4690 359 4761 plus
395 4702 562 4751 temet
605 4711 787 4755 amare
833 4702 997 4759 debes
1041 4720 1200 4774 quam
1250 4711 1444 4767 aliena.
1496 4714 1632 4782 Quid
1677 4720 1818 4775 enim

226 4790 386 4838 tuum
415 4784 517 4852 est,
565 4800 757 4859 praeter
783 4793 1054 4852 animam!
1097 4798 1215 4855 Noli
1256 4817 1384 4872 ergo
1414 4807 1643 4863 animam
1676 4820 1819 4868 tuam

226 4873 465 4947 perdere
512 4893 612 4947 pro
643 4881 830 4938 nihilo.
880 4884 957 4940 Ne
1006 4904 1197 4957 parcas
1239 4894 1473 4960 caducis,
1521 4916 1589 4955 ne
1616 4912 1817 4961 :eterna

226 4965 465 5037 perdas;
518 4968 750 5027 alienum
780 4974 876 5029 tibi
926 4984 1069 5033 totus
1098 4984 1327 5039 mundus
1355 4996 1477 5055 est;
1526 4992 1615 5060 qui
1648 4995 1821 5052 nudus

227 5065 417 5145 natus,
450 5060 622 5119 nudus
650 5067 894 5135 sepeliris
937 5070 1281 5148 [sepelieris].
1324 5077 1369 5131 υ
1412 5080 1822 5143 irretnediabilis

218 5148 507 5206 dementia
534 5154 548 5206 !
598 5155 726 5227 quid
750 5158 985 5215 alienum
1014 5165 1274 5223 caducum
1313 5178 1462 5227 tanto
1487 5190 1670 5234 amore
1698 5179 1821 5235 dili-

224 5515 369 5570 ahiit
396 5516 599 5575 lastitia.
618 5522 816 5593 Luxus,
834 5530 1009 5599 jocus,
1042 5534 1227 5606 libido,
1247 5538 1453 5598 luxuria
1475 5550 1816 5619 conticuere;

222 5614 292 5663 et
317 5610 549 5668 cadaver
576 5617 799 5685 nudum,
829 5628 1104 5684 vermibus
1125 5639 1178 5685 et
1205 5638 1492 5704 putredine
1519 5642 1817 5701 dissolven-

224 5697 385 5767 dum,
418 5702 572 5761 limus
598 5713 853 5782 suscepit,
885 5717 1181 5775 miserrima
1211 5726 1388 5780 anima
1413 5732 1583 5797 pmnis
1604 5742 1818 5794 artem-lis

312 5829 336 5857 ἰ
364 5820 683 5883 Musicarum
724 5831 991 5893 discentes.

1932 1924 2023 1985 per
2049 1931 2162 1972 eam
2213 1923 2481 1978 exercitati
2509 1936 2647 1993 sunt,
2690 1929 2869 1985 reddet
2913 1931 3101 2003 (llebr.
3153 1953 3245 2003 xu,
3277 1938 3355 2009 ‘2).
3384 1939 3521 2008 Quid

1931 2009 2075 2063 enim
2121 2025 2308 2066 revera
2362 2014 2451 2068 hic
2479 2016 2596 2072 sine
2624 2035 2857 2076 moerere
2894 2023 2977 2079 vel
3008 2025 3190 2082 labore
3219 2029 3441 2085 discitur
3468 2031 3535 2087 in-

1933 2105 2175 2169 tempore
2219 2102 2303 2156 vel
2353 2105 2603 2160 maxima:
2647 2110 2956 2169 stoliditatis
2986 2122 3041 2169 et
3089 2114 3112 2168 l'
3134 2117 3389 2185 agilitatis
3418 2135 3519 2175 no-

1930 2193 2094 2247 str-a3?
2122 2191 2179 2247 Si
2208 2198 2338 2251 vero
2368 2200 2682 2268 temper-alia
2721 2201 3124 2274 disciplinarum
3152 2222 3346 2277 genera
3381 2226 3523 2281 pra:-

1933 2286 2099 2341 sentis
2127 2288 2305 2356 gaudii
2353 2292 2673 2347 suavitatem
2719 2295 2979 2363 adimunt,
3012 2299 3143 2367 quid
3174 2301 3240 2356 de
3278 2300 3382 2357 hac
3419 2319 3521 2359 no-

1930 2384 2056 2431 stne
2098 2379 2292 2435 εεΙιοΙιε
2328 2380 2606 2453 disciplina
2660 2388 2984 2456 sperandum
3031 2393 3150 2447 est?
3199 2393 3329 2461 Quae
3358 2397 3519 2454 etiam

1930 2469 2209 2540 disciplina
2239 2472 2640 2544 disciplinarum
2681 2487 2784 2543 est,
2817 2495 3042 2550 qumque
3090 2485 3276 2539 teterni
3306 2497 3522 2557 tempo-

1930 2558 2006 2614 ris
2029 2559 2444 2633 jucunditatem,
2476 2573 2532 2619 et
2555 2569 2740 2621 :eterni
2772 2568 2948 2636 gaudii
2979 2573 3346 2629 atnmnitatem
3377 2592 3515 2646 pra:-

1928 2653 2068 2707 senti
2108 2665 2344 2710 maerore
2380 2666 2677 2727 comparat.
2727 2658 2881 2726 Quod
2923 2663 3063 2717 enim
3113 2674 3195 2719 cst
3232 2665 3522 2738 disciplina:

1930 2755 2099 2811 genus
2127 2743 2270 2813 quod
2298 2745 2666 2815 castigationis
2705 2765 2936 2806 nunrore
2975 2756 3202 2809 careat?
3248 2755 3516 2823 Quantum

1932 2835 2167 2890 tristitia:
2193 2835 2279 2891 vel
2326 2839 2577 2896 muaroris
2624 2840 2685 2895 in
2727 2840 2969 2898 artiﬁciis
3016 2844 3289 2903 fabrilibus
3337 2849 3522 2906 inest?

1932 2918 2203 2992 Quantum
2233 2926 2481 2984 laboris?
2511 2929 2780 2997 Quantum
2814 2934 3088 2992 industria:
3117 2939 3520 3007 fabricantibus.

1930 3016 2020 3072 vel
2064 3017 2228 3073 etiam
2278 3018 2667 3077 aediﬁcantibus
2697 3023 2986 3081 imminet?
3032 3028 3257 3095 Quantis
3285 3034 3523 3090 verberi-

1930 3107 2033 3165 bus
2058 3150 2074 3174 ,
2113 3110 2309 3180 quibus
2360 3111 2637 3168 doloribus
2685 3117 3008 3173 musicarum
3051 3121 3318 3180 discentes
3346 3135 3370 3160 τι
3421 3126 3524 3183 im~

1855 3199 1902 3261 C
1932 3201 2214 3258 buuntur?
2243 3203 2535 3270 Quantisve
2564 3206 2986 3278 fatigationibus,
3023 3213 3106 3266 vel
3135 3217 3349 3283 quantis
3384 3232 3521 3274 ma:-

1932 3293 2143 3349 roribus
2196 3294 2528 3350 medicorum
2588 3297 2834 3368 discipuli
2890 3305 3198 3358 vrxanlur?
3264 3304 3523 3371 Qualibus

1928 3398 2061 3442 vero
2088 3385 2543 3457 inquietudinibus
2571 3390 2845 3460 sapientia:
2876 3400 3147 3449 amatores
3172 3434 3187 3460 ,
3229 3397 3312 3451 vel
3340 3411 3517 3465 quan-

1930 3476 2000 3530 tis
2046 3477 2380 3547 paupertatis
2426 3480 2685 3547 angustiis
2729 3480 3085 3551 philosophici
3144 3484 3244 3558 [An
3283 3487 3522 3556 philoso-

1928 3567 2086 3639 phiil
2125 3570 2501 3624 coarctantur?
2546 3568 2825 3626 Postremo
2872 3575 3089 3643 quantis
3128 3579 3382 3646 periculis
3419 3594 3519 3648 gu-

1927 3660 2218 3715 bernacula
2255 3663 2626 3730 appetuntur?
2658 3661 2714 3716 ln
2744 3664 2938 3732 quibus
2964 3668 3213 3723 omnibus
3246 3678 3367 3739 post
3396 3672 3520 3729 licet

1929 3752 2395 3808 innumerabilium
2452 3753 2786 3811 miseriarum
2836 3757 3090 3825 labores,
3143 3762 3517 3830 pacatissimus

1929 3841 2047 3897 linis
2076 3843 2345 3912 patienter
2375 3854 2740 3915 exspectatur,
2780 3847 2934 3917 cujus
2962 3851 3392 3910 consideratione
3418 3871 3517 3911 su-

1925 3948 2021 4004 pra
2048 3934 2202 3989 dictae
2231 3935 2561 3991 calamitates
2583 3975 2600 4001 ,
2645 3934 2779 3993 licet
2801 3954 2907 3993 non
2938 3941 3055 3995 sine
3085 3958 3317 4001 mmrore
3340 3988 3356 4015 ,
3387 3946 3517 4005 licet

1927 4040 2050 4080 cum
2076 4027 2241 4081 multa
2271 4027 2625 4083 amaritudine
2646 4066 2662 4091 ,
2714 4029 3029 4086 tolerantur.
3060 4031 3269 4091 Etenim
3315 4037 3359 4093 si
3389 4054 3513 4095 cum

1926 4131 2161 4172 maerore
2205 4118 2484 4186 disciplina
2537 4120 2865 4186 comitatur,
2907 4122 3030 4178 linis
3073 4134 3251 4181 tamen
3297 4128 3414 4196 ejus
3459 4130 3512 4185 iu

1926 4205 2109 4261 lzetitia
2139 4207 2265 4275 agit,
2294 4221 2350 4261 et
2380 4208 2531 4262 labor
2555 4209 2607 4263 in
2630 4211 2924 4266 securitate
2946 4223 3215 4284 versatur,
3237 4226 3292 4273 et
3320 4220 3512 4276 mirum

1926 4296 1978 4352 in
2008 4299 2227 4353 modum
2258 4314 2356 4369 pro
2395 4299 2578 4355 lastitia
2609 4302 2844 4369 tristitia,
2876 4319 2976 4374 pro
3003 4308 3269 4363 suavitate
3308 4292 3511 4375 amad-

1927 4389 2079 4455 tudo,
2115 4407 2213 4460 pro
2259 4393 2549 4449 securitate
2597 4395 2787 4462 labor,
2831 4414 2929 4467 pro
2974 4401 3155 4469 quiete
3196 4402 3514 4475 inquietudo

1927 4481 2315 4550 patientissime
2348 4485 2627 4539 toleratur.
2673 4485 2824 4542 Licet
2852 4489 2993 4543 enim
3033 4491 3320 4561 ignorant,
3371 4497 3416 4552 si
3445 4498 3513 4552 ad

1856 4578 1902 4635 ι)
1925 4573 2185 4644 cujusque
2211 4575 2505 4637 disciplina:
2534 4576 2692 4631 linem
2725 4580 3059 4649 perveniant,
3094 4593 3271 4641 tamen
3300 4588 3382 4645 vel
3413 4605 3512 4659 pro

1928 4666 2129 4721 incerta
2158 4682 2255 4737 spe
2285 4666 2444 4721 futuri
2475 4668 2655 4736 gaudii
2687 4677 3000 4737 pratsentem
3033 4690 3320 4734 mcerorem
3350 4684 3513 4737 susti-

1929 4764 2078 4823 nent,
2110 4772 2219 4813 nnn
2249 4768 2607 4825 aspernantur
2634 4758 2817 4830 [Forte
2838 4763 3104 4821 sustinere
3129 4783 3234 4822 non
3260 4769 3429 4843 asp.],
3460 4781 3514 4828 et

1926 4845 2052 4901 dum
2097 4846 2337 4900 laborem
2370 4844 2553 4917 [Forte
2581 4839 2850 4922 laborant]
2897 4866 3004 4909 non
3051 4839 3338 4926 segniter,
3366 4839 3513 4919 asse-

1927 4948 2183 5009 quuntur.
2214 4938 2347 5005 Quis
2368 4939 2508 4993 cutim
2539 4956 2723 4996 eorum
2745 4953 2924 4999 certus
2951 4954 3052 5010 est.
3082 4949 3127 5004 si
3154 4949 3237 5004 vel
3262 4953 3511 5021 magister

1931 5029 2072 5084 illius
2097 5044 2331 5098 unquam
2356 5027 2539 5103 [Forte
2567 5030 2752 5104 etiam]
2771 5031 3070 5105 'discipliaze
3092 5039 3244 5109 cujus
3271 5042 3508 5099 laborem

1930 5121 2191 5184 sustinet,
2242 5119 2448 5175 futurus
2474 5120 2581 5176 sit?
2629 5120 2722 5177 Vel
2763 5126 2807 5179 si
2852 5127 3012 5195 hujus
3055 5131 3231 5198 gaudii
3275 5149 3374 5203 pro
3400 5149 3509 5203 quo

1928 5226 2219 5266 mmrorem
2250 5210 2464 5274 tolerat,
2493 5212 2762 5284 particeps
2790 5218 3051 5273 exsistet?

1998 5299 2064 5355 ll.
2106 5300 2257 5366 Quod
2305 5302 2350 5356 si
2399 5301 2580 5372 itaque
2626 5319 2727 5370 pro
2763 5309 3146 5376 temporalibus
3196 5320 3247 5365 et
3290 5314 3510 5372 incertis

1932 5397 2075 5443 tanta
2106 5398 2161 5443 et
2189 5391 2314 5445 talia
2345 5392 2743 5461 infatigabiliter
2766 5397 3087 5464 tolerantur,
3128 5402 3254 5469 quid
3291 5421 3391 5461 nos
3411 5421 3511 5477 pro

1916 5481 2132 5537 :eternis
2150 5490 2205 5537 et
2232 5483 2377 5539 veris
2399 5485 2665 5555 certisque
2690 5488 2957 5542 sustinere
2977 5487 3251 5559 debemus,
3280 5510 3509 5567 quorum

1917 5572 2038 5629 linis
2058 5583 2292 5631 aeternus
2318 5579 2443 5632 est?
2490 5576 2699 5633 Etenim
2728 5580 2773 5632 si
2803 5579 3064 5635 incertum
3092 5594 3172 5637 cst
3203 5589 3341 5656 apud
3374 5599 3508 5645 tem-s

1917 5663 2182 5729 paraliqu
2213 5664 2612 5735 disciplinarum
2641 5670 3004 5737 appetitores,
3033 5684 3234 5742 quanto
3266 5686 3507 5750 tempore

1920 5750 2108 5821 adepta
2137 5753 2414 5823 disciplina
2442 5756 2541 5810 frui
2574 5758 2652 5812 eis
2693 5757 2907 5825 licebit;
2941 5762 3083 5816 nulla
3118 5774 3295 5823 tamen
3325 5773 3503 5847 segni:

1020 5837 1177 5895 Forte
1210 5847 1551 5919 musicorum,
1598 5864 1655 5909 ut
1696 5875 1817 5915 mox
1855 5868 2183 5924 medicor-mn.
2220 5871 2485 5926 Disrentes
2518 5892 2662 5943 vero,
2709 5880 2758 5933 id
2787 5890 2863 5937 est
2894 5884 3153 5947 discipuli.
