  <div class='ocr_page' id='page_1' title='image "/cluster/home/n/w/nwhite01/storage/ocr_20150623/80/hvd.32044015469422/125.png"; bbox 0 0 4052 6332; ppageno 0'>
   <div class='ocr_carea' id='block_1_1' title="bbox 523 315 3795 380">
    <p class='ocr_par' dir='ltr' id='par_1_1' title="bbox 523 315 3795 380">
     <span class='ocr_line' id='line_1_1' title="bbox 523 315 3795 380; baseline -0.001 -1"><span class='ocrx_word' id='word_1_1' title='bbox 523 327 627 380; x_wconf 74' lang='lat'><strong>259</strong></span> <span class='ocrx_word' id='word_1_2' title='bbox 1753 318 1807 373; x_wconf 89' lang='lat' dir='ltr'><strong>S.</strong></span> <span class='ocrx_word' id='word_1_3' title='bbox 1853 315 2242 373; x_wconf 60' lang='lat' dir='ltr'><strong>COLUMUANI</strong></span> <span class='ocrx_word' id='word_1_4' title='bbox 2284 320 2321 371; x_wconf 78' lang='grc' dir='ltr'>Α</span> <span class='ocrx_word' id='word_1_5' title='bbox 2334 317 2574 374; x_wconf 64' lang='grc' dir='ltr'><strong>ΒΒᾹΤΙΞ</strong></span> <span class='ocrx_word' id='word_1_6' title='bbox 3695 321 3795 378; x_wconf 68' lang='lat' dir='ltr'><strong>2w</strong></span> 
     </span>
    </p>
   </div>
   <div class='ocr_carea' id='block_1_2' title="bbox 522 431 3796 508">
    <p class='ocr_par' dir='ltr' id='par_1_2' title="bbox 522 431 3796 508">
     <span class='ocr_line' id='line_1_2' title="bbox 522 431 3796 508; baseline -0.002 -13"><span class='ocrx_word' id='word_1_7' title='bbox 522 442 596 497; x_wconf 83' lang='lat' dir='ltr'><strong>lia</strong></span> <span class='ocrx_word' id='word_1_8' title='bbox 626 453 745 495; x_wconf 87' lang='lat' dir='ltr'><strong>earn</strong></span> <span class='ocrx_word' id='word_1_9' title='bbox 775 435 1032 508; x_wconf 80' lang='lat' dir='ltr'><strong>sequendi</strong></span> <span class='ocrx_word' id='word_1_10' title='bbox 1065 436 1079 507; x_wconf 79' lang='lat'><strong>[</strong></span> <span class='ocrx_word' id='word_1_11' title='bbox 1097 435 1176 489; x_wconf 81' lang='lat' dir='ltr'><strong>Au</strong></span> <span class='ocrx_word' id='word_1_12' title='bbox 1206 433 1521 504; x_wconf 83' lang='lat' dir='ltr'><strong>assequendi</strong></span> <span class='ocrx_word' id='word_1_13' title='bbox 1548 432 1591 503; x_wconf 71' lang='grc' dir='ltr'>η</span> <span class='ocrx_word' id='word_1_14' title='bbox 1620 432 1989 489; x_wconf 85' lang='lat' dir='ltr'><strong>dissolvuntur</strong></span> <span class='ocrx_word' id='word_1_15' title='bbox 2017 454 2032 497; x_wconf 82' lang='lat'><strong>-,</strong></span> <span class='ocrx_word' id='word_1_16' title='bbox 2060 440 2117 486; x_wconf 92' lang='lat' dir='ltr'><strong>et</strong></span> <span class='ocrx_word' id='word_1_17' title='bbox 2148 437 2191 494; x_wconf 83' lang='grc' dir='ltr'><strong>Λ</strong></span> <span class='ocrx_word' id='word_1_18' title='bbox 2222 432 2482 487; x_wconf 83' lang='lat' dir='ltr'><strong>seriarum</strong></span> <span class='ocrx_word' id='word_1_19' title='bbox 2528 431 2849 488; x_wconf 76' lang='lat' dir='ltr'><strong>mmroribus</strong></span> <span class='ocrx_word' id='word_1_20' title='bbox 2895 432 3201 503; x_wconf 84' lang='lat' dir='ltr'><strong>repleamur</strong></span> <span class='ocrx_word' id='word_1_21' title='bbox 3223 476 3238 500; x_wconf 95' lang='lat'><strong>,</strong></span> <span class='ocrx_word' id='word_1_22' title='bbox 3285 434 3411 490; x_wconf 90' lang='lat' dir='ltr'><strong>licet</strong></span> <span class='ocrx_word' id='word_1_23' title='bbox 3458 445 3796 506; x_wconf 72' lang='lat' dir='ltr'><strong>peccatorum</strong></span> 
     </span>
    </p>
   </div>
   <div class='ocr_carea' id='block_1_3' title="bbox 522 524 2107 602">
    <p class='ocr_par' dir='ltr' id='par_1_3' title="bbox 522 524 2107 602">
     <span class='ocr_line' id='line_1_3' title="bbox 522 524 2107 602; baseline -0.008 -12"><span class='ocrx_word' id='word_1_24' title='bbox 522 534 600 589; x_wconf 73' lang='lat' dir='ltr'><strong>tie</strong></span> <span class='ocrx_word' id='word_1_25' title='bbox 629 530 914 602; x_wconf 75' lang='lat' dir='ltr'><strong>dupliciter</strong></span> <span class='ocrx_word' id='word_1_26' title='bbox 958 528 1114 583; x_wconf 91' lang='lat' dir='ltr'><strong>nobis</strong></span> <span class='ocrx_word' id='word_1_27' title='bbox 1156 526 1299 581; x_wconf 84' lang='lat' dir='ltr'><strong>dubii</strong></span> <span class='ocrx_word' id='word_1_28' title='bbox 1348 525 1730 595; x_wconf 88' lang='lat' dir='ltr'><strong>pertinaciores</strong></span> <span class='ocrx_word' id='word_1_29' title='bbox 1771 534 1938 578; x_wconf 88' lang='lat' dir='ltr'><strong>sunt:</strong></span> <span class='ocrx_word' id='word_1_30' title='bbox 1980 524 2107 593; x_wconf 88' lang='lat' dir='ltr'><strong>quia</strong></span> 
     </span>
    </p>
   </div>
   <div class='ocr_carea' id='block_1_4' title="bbox 523 614 2105 689">
    <p class='ocr_par' dir='ltr' id='par_1_4' title="bbox 523 614 2105 689">
     <span class='ocr_line' id='line_1_4' title="bbox 523 614 2105 689; baseline -0.007 -10"><span class='ocrx_word' id='word_1_31' title='bbox 523 624 569 680; x_wconf 83' lang='lat' dir='ltr'><strong>si</strong></span> <span class='ocrx_word' id='word_1_32' title='bbox 597 622 665 677; x_wconf 90' lang='lat' dir='ltr'><strong>ad</strong></span> <span class='ocrx_word' id='word_1_33' title='bbox 689 620 980 689; x_wconf 80' lang='lat' dir='ltr'><strong>disciplina:</strong></span> <span class='ocrx_word' id='word_1_34' title='bbox 1010 617 1167 671; x_wconf 79' lang='lat' dir='ltr'><strong>tinent</strong></span> <span class='ocrx_word' id='word_1_35' title='bbox 1210 617 1560 686; x_wconf 88' lang='lat' dir='ltr'><strong>perveniant,</strong></span> <span class='ocrx_word' id='word_1_36' title='bbox 1601 623 1658 669; x_wconf 91' lang='lat' dir='ltr'><strong>ut</strong></span> <span class='ocrx_word' id='word_1_37' title='bbox 1682 615 1789 669; x_wconf 90' lang='lat' dir='ltr'><strong>dixi</strong></span> <span class='ocrx_word' id='word_1_38' title='bbox 1814 657 1831 681; x_wconf 92' lang='lat'><strong>,</strong></span> <span class='ocrx_word' id='word_1_39' title='bbox 1878 614 2105 679; x_wconf 89' lang='lat' dir='ltr'><strong>incerti,</strong></span> 
     </span>
    </p>
   </div>
   <div class='ocr_carea' id='block_1_5' title="bbox 525 710 2110 788">
    <p class='ocr_par' dir='ltr' id='par_1_5' title="bbox 525 710 2110 788">
     <span class='ocr_line' id='line_1_5' title="bbox 525 710 2110 788; baseline -0.006 -15"><span class='ocrx_word' id='word_1_40' title='bbox 525 725 622 788; x_wconf 80' lang='lat' dir='ltr'><strong>pro</strong></span> <span class='ocrx_word' id='word_1_41' title='bbox 648 717 770 772; x_wconf 75' lang='lat' dir='ltr'><strong>vitm</strong></span> <span class='ocrx_word' id='word_1_42' title='bbox 789 715 993 770; x_wconf 74' lang='lat' dir='ltr'><strong>scilicet</strong></span> <span class='ocrx_word' id='word_1_43' title='bbox 1023 714 1155 766; x_wconf 83' lang='lat' dir='ltr'><strong>ineet</strong></span> <span class='ocrx_word' id='word_1_44' title='bbox 1173 720 1228 765; x_wconf 91' lang='lat' dir='ltr'><strong>to</strong></span> <span class='ocrx_word' id='word_1_45' title='bbox 1257 719 1313 765; x_wconf 87' lang='lat' dir='ltr'><strong>et</strong></span> <span class='ocrx_word' id='word_1_46' title='bbox 1337 727 1525 765; x_wconf 84' lang='lat' dir='ltr'><strong>sensus</strong></span> <span class='ocrx_word' id='word_1_47' title='bbox 1551 710 1842 764; x_wconf 74' lang='lat' dir='ltr'><strong>stoliditate</strong></span> <span class='ocrx_word' id='word_1_48' title='bbox 1867 727 1881 774; x_wconf 91' lang='lat'><strong>;</strong></span> <span class='ocrx_word' id='word_1_49' title='bbox 1915 710 2110 764; x_wconf 72' lang='grc' dir='ltr'>ιιὶΙιΊοο</span> 
     </span>
    </p>
   </div>
   <div class='ocr_carea' id='block_1_6' title="bbox 527 802 2110 878">
    <p class='ocr_par' dir='ltr' id='par_1_6' title="bbox 527 802 2110 878">
     <span class='ocr_line' id='line_1_6' title="bbox 527 802 2110 878; baseline -0.006 -13"><span class='ocrx_word' id='word_1_50' title='bbox 527 811 705 866; x_wconf 87' lang='lat' dir='ltr'><strong>minus</strong></span> <span class='ocrx_word' id='word_1_51' title='bbox 735 809 927 878; x_wconf 86' lang='lat' dir='ltr'><strong>adepta</strong></span> <span class='ocrx_word' id='word_1_52' title='bbox 951 805 1227 874; x_wconf 82' lang='lat' dir='ltr'><strong>disciplina</strong></span> <span class='ocrx_word' id='word_1_53' title='bbox 1260 805 1436 858; x_wconf 89' lang='lat' dir='ltr'><strong>denuo</strong></span> <span class='ocrx_word' id='word_1_54' title='bbox 1467 803 1735 869; x_wconf 85' lang='lat' dir='ltr'><strong>dubitant,</strong></span> <span class='ocrx_word' id='word_1_55' title='bbox 1757 817 1917 873; x_wconf 88' lang='lat' dir='ltr'><strong>quam</strong></span> <span class='ocrx_word' id='word_1_56' title='bbox 1954 802 2110 870; x_wconf 89' lang='lat' dir='ltr'><strong>longe</strong></span> 
     </span>
    </p>
   </div>
   <div class='ocr_carea' id='block_1_7' title="bbox 525 892 2105 967">
    <p class='ocr_par' dir='ltr' id='par_1_7' title="bbox 525 892 2105 967">
     <span class='ocr_line' id='line_1_7' title="bbox 525 892 2105 967; baseline -0.009 -8"><span class='ocrx_word' id='word_1_57' title='bbox 525 904 714 959; x_wconf 88' lang='lat' dir='ltr'><strong>eadem</strong></span> <span class='ocrx_word' id='word_1_58' title='bbox 758 908 1017 956; x_wconf 88' lang='lat' dir='ltr'><strong>utantur:</strong></span> <span class='ocrx_word' id='word_1_59' title='bbox 1050 906 1254 967; x_wconf 85' lang='lat' dir='ltr'><strong>quanto</strong></span> <span class='ocrx_word' id='word_1_60' title='bbox 1300 895 1443 951; x_wconf 90' lang='lat' dir='ltr'><strong>enim</strong></span> <span class='ocrx_word' id='word_1_61' title='bbox 1494 894 1681 950; x_wconf 82' lang='lat' dir='ltr'><strong>incerti</strong></span> <span class='ocrx_word' id='word_1_62' title='bbox 1712 896 1779 949; x_wconf 90' lang='lat' dir='ltr'><strong>de</strong></span> <span class='ocrx_word' id='word_1_63' title='bbox 1825 892 2105 963; x_wconf 89' lang='lat' dir='ltr'><strong>profectu,</strong></span> 
     </span>
    </p>
   </div>
   <div class='ocr_carea' id='block_1_8' title="bbox 525 973 2108 1054">
    <p class='ocr_par' dir='ltr' id='par_1_8' title="bbox 525 973 2108 1054">
     <span class='ocr_line' id='line_1_8' title="bbox 525 973 2108 1054; baseline -0.008 -6"><span class='ocrx_word' id='word_1_64' title='bbox 525 1001 677 1048; x_wconf 86' lang='lat' dir='ltr'><strong>tanto</strong></span> <span class='ocrx_word' id='word_1_65' title='bbox 713 990 843 1047; x_wconf 86' lang='lat' dir='ltr'><strong>certi</strong></span> <span class='ocrx_word' id='word_1_66' title='bbox 894 988 961 1043; x_wconf 89' lang='lat' dir='ltr'><strong>de</strong></span> <span class='ocrx_word' id='word_1_67' title='bbox 1000 987 1293 1041; x_wconf 85' lang='lat' dir='ltr'><strong>amittenda</strong></span> <span class='ocrx_word' id='word_1_68' title='bbox 1346 985 1397 1039; x_wconf 90' lang='lat' dir='ltr'><strong>in</strong></span> <span class='ocrx_word' id='word_1_69' title='bbox 1442 973 1588 1039; x_wconf 69' lang='lat' dir='ltr'><strong>brevi</strong></span> <span class='ocrx_word' id='word_1_70' title='bbox 1636 985 1915 1054; x_wconf 77' lang='lat' dir='ltr'><strong>disciplina</strong></span> <span class='ocrx_word' id='word_1_71' title='bbox 1966 993 2108 1037; x_wconf 79' lang='lat' dir='ltr'><strong>stitit.</strong></span> 
     </span>
    </p>
   </div>
   <div class='ocr_carea' id='block_1_9' title="bbox 525 1074 2113 1154">
    <p class='ocr_par' dir='ltr' id='par_1_9' title="bbox 525 1074 2113 1154">
     <span class='ocr_line' id='line_1_9' title="bbox 525 1074 2113 1154; baseline -0.008 -15"><span class='ocrx_word' id='word_1_72' title='bbox 525 1074 863 1154; x_wconf 77' lang='lat' dir='ltr'><strong>Temporalia</strong></span> <span class='ocrx_word' id='word_1_73' title='bbox 886 1095 1038 1150; x_wconf 81' lang='lat' dir='ltr'><strong>ergo,</strong></span> <span class='ocrx_word' id='word_1_74' title='bbox 1071 1088 1127 1133; x_wconf 89' lang='lat' dir='ltr'><strong>ut</strong></span> <span class='ocrx_word' id='word_1_75' title='bbox 1157 1079 1407 1143; x_wconf 78' lang='lat' dir='ltr'><strong>diximus,</strong></span> <span class='ocrx_word' id='word_1_76' title='bbox 1442 1077 1640 1144; x_wconf 77' lang='lat' dir='ltr'><strong>studia,</strong></span> <span class='ocrx_word' id='word_1_77' title='bbox 1669 1086 1723 1130; x_wconf 76' lang='lat' dir='ltr'><strong>et</strong></span> <span class='ocrx_word' id='word_1_78' title='bbox 1750 1075 2009 1130; x_wconf 80' lang='lat' dir='ltr'><strong>defectiva</strong></span> <span class='ocrx_word' id='word_1_79' title='bbox 2031 1076 2113 1128; x_wconf 86' lang='lat' dir='ltr'><strong>in-</strong></span> 
     </span>
    </p>
   </div>
   <div class='ocr_carea' id='block_1_10' title="bbox 524 1167 2107 1244">
    <p class='ocr_par' dir='ltr' id='par_1_10' title="bbox 524 1167 2107 1244">
     <span class='ocr_line' id='line_1_10' title="bbox 524 1167 2107 1244; baseline -0.007 -13"><span class='ocrx_word' id='word_1_80' title='bbox 524 1176 702 1244; x_wconf 81' lang='lat' dir='ltr'><strong>genia,</strong></span> <span class='ocrx_word' id='word_1_81' title='bbox 733 1167 994 1228; x_wconf 63' lang='lat' dir='ltr'><strong>maerores</strong></span> <span class='ocrx_word' id='word_1_82' title='bbox 1039 1186 1103 1225; x_wconf 89' lang='lat' dir='ltr'><strong>ac</strong></span> <span class='ocrx_word' id='word_1_83' title='bbox 1135 1170 1408 1234; x_wconf 88' lang='lat' dir='ltr'><strong>tristitias,</strong></span> <span class='ocrx_word' id='word_1_84' title='bbox 1456 1168 1730 1236; x_wconf 84' lang='lat' dir='ltr'><strong>angustias</strong></span> <span class='ocrx_word' id='word_1_85' title='bbox 1764 1182 1830 1221; x_wconf 91' lang='lat' dir='ltr'><strong>ac</strong></span> <span class='ocrx_word' id='word_1_86' title='bbox 1859 1168 2070 1222; x_wconf 83' lang='lat' dir='ltr'><strong>labores</strong></span> <span class='ocrx_word' id='word_1_87' title='bbox 2092 1207 2107 1231; x_wconf 95' lang='lat'><strong>,</strong></span> 
     </span>
    </p>
   </div>
   <div class='ocr_carea' id='block_1_11' title="bbox 524 1259 2111 1340">
    <p class='ocr_par' dir='ltr' id='par_1_11' title="bbox 524 1259 2111 1340">
     <span class='ocr_line' id='line_1_11' title="bbox 524 1259 2111 1340; baseline -0.008 -16"><span class='ocrx_word' id='word_1_88' title='bbox 524 1269 759 1340; x_wconf 87' lang='lat' dir='ltr'><strong>pericula</strong></span> <span class='ocrx_word' id='word_1_89' title='bbox 792 1282 854 1318; x_wconf 84' lang='lat' dir='ltr'><strong>ac</strong></span> <span class='ocrx_word' id='word_1_90' title='bbox 880 1262 1359 1334; x_wconf 75' lang='lat' dir='ltr'><strong>peregrinationes,</strong></span> <span class='ocrx_word' id='word_1_91' title='bbox 1391 1260 1611 1326; x_wconf 84' lang='lat' dir='ltr'><strong>injurias</strong></span> <span class='ocrx_word' id='word_1_92' title='bbox 1653 1274 1715 1314; x_wconf 90' lang='lat' dir='ltr'><strong>ac</strong></span> <span class='ocrx_word' id='word_1_93' title='bbox 1745 1259 2111 1327; x_wconf 79' lang='lat' dir='ltr'><strong>fatigationes,</strong></span> 
     </span>
    </p>
   </div>
   <div class='ocr_carea' id='block_1_12' title="bbox 523 1348 2112 1424">
    <p class='ocr_par' dir='ltr' id='par_1_12' title="bbox 523 1348 2112 1424">
     <span class='ocr_line' id='line_1_12' title="bbox 523 1348 2112 1424; baseline -0.008 -10"><span class='ocrx_word' id='word_1_94' title='bbox 523 1373 645 1414; x_wconf 90' lang='lat' dir='ltr'><strong>cum</strong></span> <span class='ocrx_word' id='word_1_95' title='bbox 674 1357 887 1424; x_wconf 79' lang='lat' dir='ltr'><strong>quidem</strong></span> <span class='ocrx_word' id='word_1_96' title='bbox 916 1353 1057 1423; x_wconf 89' lang='lat' dir='ltr'><strong>apud</strong></span> <span class='ocrx_word' id='word_1_97' title='bbox 1088 1353 1207 1405; x_wconf 78' lang='lat' dir='ltr'><strong>illos</strong></span> <span class='ocrx_word' id='word_1_98' title='bbox 1228 1359 1440 1406; x_wconf 87' lang='lat' dir='ltr'><strong>constat</strong></span> <span class='ocrx_word' id='word_1_99' title='bbox 1485 1350 1688 1404; x_wconf 77' lang='lat' dir='ltr'><strong>incerta</strong></span> <span class='ocrx_word' id='word_1_100' title='bbox 1718 1364 1835 1405; x_wconf 88' lang='lat' dir='ltr'><strong>esse</strong></span> <span class='ocrx_word' id='word_1_101' title='bbox 1864 1358 1919 1404; x_wconf 92' lang='lat' dir='ltr'><strong>et</strong></span> <span class='ocrx_word' id='word_1_102' title='bbox 1949 1348 2112 1419; x_wconf 76' lang='lat' dir='ltr'><strong>fragi-</strong></span> 
     </span>
    </p>
   </div>
   <div class='ocr_carea' id='block_1_13' title="bbox 525 1442 2109 1518">
    <p class='ocr_par' dir='ltr' id='par_1_13' title="bbox 525 1442 2109 1518">
     <span class='ocr_line' id='line_1_13' title="bbox 525 1442 2109 1518; baseline -0.005 -14"><span class='ocrx_word' id='word_1_103' title='bbox 525 1451 592 1503; x_wconf 85' lang='lat' dir='ltr'><strong>lia</strong></span> <span class='ocrx_word' id='word_1_104' title='bbox 622 1449 735 1504; x_wconf 71' lang='lat' dir='ltr'><strong>bmc</strong></span> <span class='ocrx_word' id='word_1_105' title='bbox 774 1463 872 1518; x_wconf 86' lang='lat' dir='ltr'><strong>pro</strong></span> <span class='ocrx_word' id='word_1_106' title='bbox 899 1446 1094 1515; x_wconf 83' lang='lat' dir='ltr'><strong>quibus</strong></span> <span class='ocrx_word' id='word_1_107' title='bbox 1140 1452 1299 1498; x_wconf 75' lang='lat' dir='ltr'><strong>tauue</strong></span> <span class='ocrx_word' id='word_1_108' title='bbox 1344 1442 1676 1498; x_wconf 87' lang='lat' dir='ltr'><strong>calamitates</strong></span> <span class='ocrx_word' id='word_1_109' title='bbox 1704 1449 2109 1505; x_wconf 85' lang='lat' dir='ltr'><strong>sustentantur,</strong></span> 
     </span>
    </p>
   </div>
   <div class='ocr_carea' id='block_1_14' title="bbox 524 1531 2113 1606">
    <p class='ocr_par' dir='ltr' id='par_1_14' title="bbox 524 1531 2113 1606">
     <span class='ocr_line' id='line_1_14' title="bbox 524 1531 2113 1606; baseline -0.007 -7"><span class='ocrx_word' id='word_1_110' title='bbox 524 1531 760 1599; x_wconf 78' lang='lat' dir='ltr'><strong>tolerant</strong></span> <span class='ocrx_word' id='word_1_111' title='bbox 794 1549 993 1595; x_wconf 66' lang='lat' dir='ltr'><strong>nostras</strong></span> <span class='ocrx_word' id='word_1_112' title='bbox 1017 1538 1215 1593; x_wconf 79' lang='lat' dir='ltr'><strong>schola:</strong></span> <span class='ocrx_word' id='word_1_113' title='bbox 1238 1536 1515 1606; x_wconf 81' lang='lat' dir='ltr'><strong>disciplina</strong></span> <span class='ocrx_word' id='word_1_114' title='bbox 1542 1535 1586 1589; x_wconf 91' lang='lat' dir='ltr'><strong>si</strong></span> <span class='ocrx_word' id='word_1_115' title='bbox 1615 1534 1986 1589; x_wconf 89' lang='lat' dir='ltr'><strong>tribulationes</strong></span> <span class='ocrx_word' id='word_1_116' title='bbox 2015 1534 2113 1588; x_wconf 59' lang='lat' dir='ltr'><strong>hac</strong></span> 
     </span>
    </p>
   </div>
   <div class='ocr_carea' id='block_1_15' title="bbox 527 1623 2108 1703">
    <p class='ocr_par' dir='ltr' id='par_1_15' title="bbox 527 1623 2108 1703">
     <span class='ocr_line' id='line_1_15' title="bbox 527 1623 2108 1703; baseline -0.008 -14"><span class='ocrx_word' id='word_1_117' title='bbox 527 1637 672 1701; x_wconf 89' lang='lat' dir='ltr'><strong>beat,</strong></span> <span class='ocrx_word' id='word_1_118' title='bbox 701 1635 745 1688; x_wconf 91' lang='lat' dir='ltr'><strong>si</strong></span> <span class='ocrx_word' id='word_1_119' title='bbox 775 1630 1066 1695; x_wconf 81' lang='lat' dir='ltr'><strong>molestias,</strong></span> <span class='ocrx_word' id='word_1_120' title='bbox 1117 1629 1161 1681; x_wconf 92' lang='lat' dir='ltr'><strong>si</strong></span> <span class='ocrx_word' id='word_1_121' title='bbox 1192 1636 1483 1703; x_wconf 74' lang='lat' dir='ltr'><strong>tumrores,</strong></span> <span class='ocrx_word' id='word_1_122' title='bbox 1524 1625 1568 1679; x_wconf 91' lang='lat' dir='ltr'><strong>si</strong></span> <span class='ocrx_word' id='word_1_123' title='bbox 1599 1624 1984 1679; x_wconf 89' lang='lat' dir='ltr'><strong>amaritudines</strong></span> <span class='ocrx_word' id='word_1_124' title='bbox 2014 1623 2108 1677; x_wconf 85' lang='lat' dir='ltr'><strong>ha-</strong></span> 
     </span>
    </p>
   </div>
   <div class='ocr_carea' id='block_1_16' title="bbox 528 1705 2106 1794">
    <p class='ocr_par' dir='ltr' id='par_1_16' title="bbox 528 1705 2106 1794">
     <span class='ocr_line' id='line_1_16' title="bbox 528 1705 2106 1794; baseline -0.008 -12"><span class='ocrx_word' id='word_1_125' title='bbox 528 1731 673 1794; x_wconf 88' lang='lat' dir='ltr'><strong>beat,</strong></span> <span class='ocrx_word' id='word_1_126' title='bbox 698 1725 999 1789; x_wconf 86' lang='lat' dir='ltr'><strong>mirabitur,</strong></span> <span class='ocrx_word' id='word_1_127' title='bbox 1029 1705 1273 1791; x_wconf 83' lang='lat' dir='ltr'><strong>fugienda</strong></span> <span class='ocrx_word' id='word_1_128' title='bbox 1304 1719 1610 1789; x_wconf 85' lang='lat' dir='ltr'><strong>pntabitur?</strong></span> <span class='ocrx_word' id='word_1_129' title='bbox 1642 1718 1827 1771; x_wconf 75' lang='lat' dir='ltr'><strong>Nonne</strong></span> <span class='ocrx_word' id='word_1_130' title='bbox 1855 1717 1971 1771; x_wconf 91' lang='lat' dir='ltr'><strong>sine</strong></span> <span class='ocrx_word' id='word_1_131' title='bbox 2000 1716 2106 1794; x_wconf 87' lang='lat' dir='ltr'><strong>dis-</strong></span> 
     </span>
    </p>
   </div>
   <div class='ocr_carea' id='block_1_17' title="bbox 2212 525 3797 595">
    <p class='ocr_par' dir='ltr' id='par_1_17' title="bbox 2212 525 3797 595">
     <span class='ocr_line' id='line_1_17' title="bbox 2212 525 3797 595; baseline 0.005 -17"><span class='ocrx_word' id='word_1_132' title='bbox 2212 532 2518 579; x_wconf 89' lang='lat' dir='ltr'><strong>nostrorum</strong></span> <span class='ocrx_word' id='word_1_133' title='bbox 2574 525 2875 595; x_wconf 77' lang='lat' dir='ltr'><strong>frequentia</strong></span> <span class='ocrx_word' id='word_1_134' title='bbox 2937 526 3279 590; x_wconf 68' lang='lat' dir='ltr'><strong>tristemur;</strong></span> <span class='ocrx_word' id='word_1_135' title='bbox 3326 526 3550 582; x_wconf 85' lang='lat' dir='ltr'><strong>victoria</strong></span> <span class='ocrx_word' id='word_1_136' title='bbox 3622 535 3797 586; x_wconf 84' lang='lat' dir='ltr'><strong>tamen</strong></span> 
     </span>
    </p>
   </div>
   <div class='ocr_carea' id='block_1_18' title="bbox 2212 619 3795 689">
    <p class='ocr_par' dir='ltr' id='par_1_18' title="bbox 2212 619 3795 689">
     <span class='ocr_line' id='line_1_18' title="bbox 2212 619 3795 689; baseline 0.003 -17"><span class='ocrx_word' id='word_1_137' title='bbox 2212 627 2563 688; x_wconf 88' lang='lat' dir='ltr'><strong>utrorumque</strong></span> <span class='ocrx_word' id='word_1_138' title='bbox 2592 619 2830 675; x_wconf 83' lang='lat' dir='ltr'><strong>liberalis</strong></span> <span class='ocrx_word' id='word_1_139' title='bbox 2859 619 3042 674; x_wconf 71' lang='lat' dir='ltr'><strong>lmtitia</strong></span> <span class='ocrx_word' id='word_1_140' title='bbox 3086 628 3141 674; x_wconf 90' lang='lat' dir='ltr'><strong>et</strong></span> <span class='ocrx_word' id='word_1_141' title='bbox 3170 620 3350 674; x_wconf 86' lang='lat' dir='ltr'><strong>nobile</strong></span> <span class='ocrx_word' id='word_1_142' title='bbox 3378 621 3632 689; x_wconf 76' lang='lat' dir='ltr'><strong>gaudium</strong></span> <span class='ocrx_word' id='word_1_143' title='bbox 3671 634 3754 677; x_wconf 71' lang='lat' dir='ltr'><strong>est</strong></span> <span class='ocrx_word' id='word_1_144' title='bbox 3781 644 3795 678; x_wconf 90' lang='lat'><strong>:</strong></span> 
     </span>
    </p>
   </div>
   <div class='ocr_carea' id='block_1_19' title="bbox 2212 711 3801 786">
    <p class='ocr_par' dir='ltr' id='par_1_19' title="bbox 2212 711 3801 786">
     <span class='ocr_line' id='line_1_19' title="bbox 2212 711 3801 786; baseline 0.001 -21"><span class='ocrx_word' id='word_1_145' title='bbox 2212 720 2267 765; x_wconf 87' lang='lat' dir='ltr'><strong>et</strong></span> <span class='ocrx_word' id='word_1_146' title='bbox 2295 711 2421 767; x_wconf 89' lang='lat' dir='ltr'><strong>licet</strong></span> <span class='ocrx_word' id='word_1_147' title='bbox 2450 728 2547 781; x_wconf 88' lang='lat' dir='ltr'><strong>pro</strong></span> <span class='ocrx_word' id='word_1_148' title='bbox 2576 720 2819 782; x_wconf 90' lang='lat' dir='ltr'><strong>tempore</strong></span> <span class='ocrx_word' id='word_1_149' title='bbox 2847 712 3253 781; x_wconf 75' lang='lat' dir='ltr'><strong>peregrinemur</strong></span> <span class='ocrx_word' id='word_1_150' title='bbox 3278 728 3309 766; x_wconf 87' lang='lat' dir='ltr'><strong>a</strong></span> <span class='ocrx_word' id='word_1_151' title='bbox 3342 711 3592 776; x_wconf 91' lang='lat' dir='ltr'><strong>Domino,</strong></span> <span class='ocrx_word' id='word_1_152' title='bbox 3622 723 3679 767; x_wconf 90' lang='lat' dir='ltr'><strong>ut</strong></span> <span class='ocrx_word' id='word_1_153' title='bbox 3707 730 3801 786; x_wconf 88' lang='lat' dir='ltr'><strong>pro</strong></span> 
     </span>
    </p>
   </div>
   <div class='ocr_carea' id='block_1_20' title="bbox 2211 799 3802 873">
    <p class='ocr_par' dir='ltr' id='par_1_20' title="bbox 2211 799 3802 873">
     <span class='ocr_line' id='line_1_20' title="bbox 2211 799 3802 873; baseline 0.004 -19"><span class='ocrx_word' id='word_1_154' title='bbox 2211 799 2389 855; x_wconf 89' lang='lat' dir='ltr'><strong>brevis</strong></span> <span class='ocrx_word' id='word_1_155' title='bbox 2416 802 2674 870; x_wconf 77' lang='lat' dir='ltr'><strong>temporis</strong></span> <span class='ocrx_word' id='word_1_156' title='bbox 2723 802 2866 855; x_wconf 91' lang='lat' dir='ltr'><strong>bello</strong></span> <span class='ocrx_word' id='word_1_157' title='bbox 2914 802 2967 855; x_wconf 89' lang='lat' dir='ltr'><strong>in</strong></span> <span class='ocrx_word' id='word_1_158' title='bbox 3015 812 3276 857; x_wconf 83' lang='lat' dir='ltr'><strong>:cternunt</strong></span> <span class='ocrx_word' id='word_1_159' title='bbox 3326 819 3682 873; x_wconf 86' lang='lat' dir='ltr'><strong>coronemur;</strong></span> <span class='ocrx_word' id='word_1_160' title='bbox 3725 809 3802 862; x_wconf 86' lang='lat' dir='ltr'><strong>ni-</strong></span> 
     </span>
    </p>
   </div>
   <div class='ocr_carea' id='block_1_21' title="bbox 2213 891 3804 956">
    <p class='ocr_par' dir='ltr' id='par_1_21' title="bbox 2213 891 3804 956">
     <span class='ocr_line' id='line_1_21' title="bbox 2213 891 3804 956; baseline 0.006 -14"><span class='ocrx_word' id='word_1_161' title='bbox 2213 891 2376 944; x_wconf 87' lang='lat' dir='ltr'><strong>mium</strong></span> <span class='ocrx_word' id='word_1_162' title='bbox 2408 891 2587 947; x_wconf 89' lang='lat' dir='ltr'><strong>tristes</strong></span> <span class='ocrx_word' id='word_1_163' title='bbox 2615 906 2735 946; x_wconf 85' lang='lat' dir='ltr'><strong>esse</strong></span> <span class='ocrx_word' id='word_1_164' title='bbox 2780 907 2888 946; x_wconf 91' lang='lat' dir='ltr'><strong>non</strong></span> <span class='ocrx_word' id='word_1_165' title='bbox 2922 891 3212 956; x_wconf 85' lang='lat' dir='ltr'><strong>debemus,</strong></span> <span class='ocrx_word' id='word_1_166' title='bbox 3262 892 3496 948; x_wconf 85' lang='lat' dir='ltr'><strong>scientes</strong></span> <span class='ocrx_word' id='word_1_167' title='bbox 3523 909 3652 948; x_wconf 77' lang='lat' dir='ltr'><strong>mox</strong></span> <span class='ocrx_word' id='word_1_168' title='bbox 3690 911 3804 952; x_wconf 77' lang='lat' dir='ltr'><strong>esse</strong></span> 
     </span>
    </p>
   </div>
   <div class='ocr_carea' id='block_1_22' title="bbox 2213 979 3802 1052">
    <p class='ocr_par' dir='ltr' id='par_1_22' title="bbox 2213 979 3802 1052">
     <span class='ocr_line' id='line_1_22' title="bbox 2213 979 3802 1052; baseline 0.004 -19"><span class='ocrx_word' id='word_1_169' title='bbox 2213 980 2279 1033; x_wconf 89' lang='lat' dir='ltr'><strong>ad</strong></span> <span class='ocrx_word' id='word_1_170' title='bbox 2313 979 2477 1034; x_wconf 90' lang='lat' dir='ltr'><strong>Deum</strong></span> <span class='ocrx_word' id='word_1_171' title='bbox 2510 996 2609 1037; x_wconf 91' lang='lat' dir='ltr'><strong>nos</strong></span> <span class='ocrx_word' id='word_1_172' title='bbox 2644 980 2815 1036; x_wconf 88' lang='lat' dir='ltr'><strong>ituros</strong></span> <span class='ocrx_word' id='word_1_173' title='bbox 2838 1021 2855 1048; x_wconf 94' lang='lat'><strong>,</strong></span> <span class='ocrx_word' id='word_1_174' title='bbox 2904 990 2960 1036; x_wconf 89' lang='lat' dir='ltr'><strong>ct</strong></span> <span class='ocrx_word' id='word_1_175' title='bbox 2987 997 3108 1036; x_wconf 86' lang='lat' dir='ltr'><strong>cuin</strong></span> <span class='ocrx_word' id='word_1_176' title='bbox 3139 997 3207 1036; x_wconf 88' lang='lat' dir='ltr'><strong>eo</strong></span> <span class='ocrx_word' id='word_1_177' title='bbox 3231 998 3449 1052; x_wconf 83' lang='lat' dir='ltr'><strong>semper</strong></span> <span class='ocrx_word' id='word_1_178' title='bbox 3476 1000 3758 1039; x_wconf 86' lang='lat' dir='ltr'><strong>mansuros</strong></span> <span class='ocrx_word' id='word_1_179' title='bbox 3788 1004 3802 1039; x_wconf 87' lang='lat'><strong>:</strong></span> 
     </span>
    </p>
   </div>
   <div class='ocr_carea' id='block_1_23' title="bbox 2213 1071 3802 1143">
    <p class='ocr_par' dir='ltr' id='par_1_23' title="bbox 2213 1071 3802 1143">
     <span class='ocr_line' id='line_1_23' title="bbox 2213 1071 3802 1143; baseline 0.003 -18"><span class='ocrx_word' id='word_1_180' title='bbox 2213 1071 2281 1125; x_wconf 91' lang='lat' dir='ltr'><strong>ad</strong></span> <span class='ocrx_word' id='word_1_181' title='bbox 2309 1072 2409 1137; x_wconf 86' lang='lat' dir='ltr'><strong>hoc</strong></span> <span class='ocrx_word' id='word_1_182' title='bbox 2432 1074 2573 1127; x_wconf 90' lang='lat' dir='ltr'><strong>enim</strong></span> <span class='ocrx_word' id='word_1_183' title='bbox 2606 1089 2705 1129; x_wconf 89' lang='lat' dir='ltr'><strong>nos</strong></span> <span class='ocrx_word' id='word_1_184' title='bbox 2735 1081 2957 1138; x_wconf 79' lang='lat' dir='ltr'><strong>creavrt,</strong></span> <span class='ocrx_word' id='word_1_185' title='bbox 2988 1081 3046 1128; x_wconf 91' lang='lat' dir='ltr'><strong>ut</strong></span> <span class='ocrx_word' id='word_1_186' title='bbox 3072 1089 3195 1127; x_wconf 90' lang='lat' dir='ltr'><strong>cum</strong></span> <span class='ocrx_word' id='word_1_187' title='bbox 3224 1089 3290 1128; x_wconf 89' lang='lat' dir='ltr'><strong>eo</strong></span> <span class='ocrx_word' id='word_1_188' title='bbox 3315 1089 3531 1143; x_wconf 87' lang='lat' dir='ltr'><strong>semper</strong></span> <span class='ocrx_word' id='word_1_189' title='bbox 3574 1088 3802 1142; x_wconf 46' lang='lat' dir='ltr'><strong>rrgnan‘</strong></span> 
     </span>
    </p>
   </div>
   <div class='ocr_carea' id='block_1_24' title="bbox 2216 1165 3806 1233">
    <p class='ocr_par' dir='ltr' id='par_1_24' title="bbox 2216 1165 3806 1233">
     <span class='ocr_line' id='line_1_24' title="bbox 2216 1165 3806 1233; baseline 0.002 -16"><span class='ocrx_word' id='word_1_190' title='bbox 2216 1173 2296 1221; x_wconf 90' lang='lat' dir='ltr'><strong>tes</strong></span> <span class='ocrx_word' id='word_1_191' title='bbox 2338 1165 2391 1218; x_wconf 91' lang='lat' dir='ltr'><strong>in</strong></span> <span class='ocrx_word' id='word_1_192' title='bbox 2438 1166 2635 1221; x_wconf 68' lang='lat' dir='ltr'><strong>saecula</strong></span> <span class='ocrx_word' id='word_1_193' title='bbox 2677 1165 3018 1229; x_wconf 66' lang='lat' dir='ltr'><strong>satculurum,</strong></span> <span class='ocrx_word' id='word_1_194' title='bbox 3072 1165 3387 1230; x_wconf 68' lang='lat' dir='ltr'><strong>laudrntuz,</strong></span> <span class='ocrx_word' id='word_1_195' title='bbox 3439 1173 3493 1218; x_wconf 90' lang='lat' dir='ltr'><strong>et</strong></span> <span class='ocrx_word' id='word_1_196' title='bbox 3533 1167 3736 1233; x_wconf 69' lang='lat' dir='ltr'><strong>grarias</strong></span> <span class='ocrx_word' id='word_1_197' title='bbox 3759 1167 3806 1220; x_wconf 91' lang='lat' dir='ltr'><strong>ei</strong></span> 
     </span>
    </p>
   </div>
   <div class='ocr_carea' id='block_1_25' title="bbox 2213 1255 3806 1327">
    <p class='ocr_par' dir='ltr' id='par_1_25' title="bbox 2213 1255 3806 1327">
     <span class='ocr_line' id='line_1_25' title="bbox 2213 1255 3806 1327; baseline 0.003 -19"><span class='ocrx_word' id='word_1_198' title='bbox 2213 1270 2374 1326; x_wconf 79' lang='lat' dir='ltr'><strong>agere</strong></span> <span class='ocrx_word' id='word_1_199' title='bbox 2398 1271 2826 1327; x_wconf 88' lang='lat' dir='ltr'><strong>perseveremus.</strong></span> <span class='ocrx_word' id='word_1_200' title='bbox 2852 1255 2976 1311; x_wconf 74' lang='lat' dir='ltr'><strong>llaec</strong></span> <span class='ocrx_word' id='word_1_201' title='bbox 2996 1269 3126 1325; x_wconf 83' lang='lat' dir='ltr'><strong>ergo</strong></span> <span class='ocrx_word' id='word_1_202' title='bbox 3154 1257 3390 1312; x_wconf 78' lang='lat' dir='ltr'><strong>scientes</strong></span> <span class='ocrx_word' id='word_1_203' title='bbox 3424 1258 3585 1311; x_wconf 89' lang='lat' dir='ltr'><strong>nullis</strong></span> <span class='ocrx_word' id='word_1_204' title='bbox 3608 1258 3806 1312; x_wconf 83' lang='lat' dir='ltr'><strong>labori-</strong></span> 
     </span>
    </p>
   </div>
   <div class='ocr_carea' id='block_1_26' title="bbox 2214 1344 3807 1413">
    <p class='ocr_par' dir='ltr' id='par_1_26' title="bbox 2214 1344 3807 1413">
     <span class='ocr_line' id='line_1_26' title="bbox 2214 1344 3807 1413; baseline 0.004 -16"><span class='ocrx_word' id='word_1_205' title='bbox 2214 1344 2335 1409; x_wconf 88' lang='lat' dir='ltr'><strong>bus,</strong></span> <span class='ocrx_word' id='word_1_206' title='bbox 2369 1347 2457 1400; x_wconf 89' lang='lat' dir='ltr'><strong>nul</strong></span> <span class='ocrx_word' id='word_1_207' title='bbox 2483 1346 2527 1401; x_wconf 91' lang='lat' dir='ltr'><strong>is</strong></span> <span class='ocrx_word' id='word_1_208' title='bbox 2554 1347 2988 1401; x_wconf 86' lang='lat' dir='ltr'><strong>tribulationibus</strong></span> <span class='ocrx_word' id='word_1_209' title='bbox 3015 1347 3368 1413; x_wconf 79' lang='lat' dir='ltr'><strong>deficiamus,</strong></span> <span class='ocrx_word' id='word_1_210' title='bbox 3411 1347 3570 1402; x_wconf 86' lang='lat' dir='ltr'><strong>nullis</strong></span> <span class='ocrx_word' id='word_1_211' title='bbox 3608 1363 3807 1404; x_wconf 74' lang='lat' dir='ltr'><strong>mcero-</strong></span> 
     </span>
    </p>
   </div>
   <div class='ocr_carea' id='block_1_27' title="bbox 2216 1434 3812 1504">
    <p class='ocr_par' dir='ltr' id='par_1_27' title="bbox 2216 1434 3812 1504">
     <span class='ocr_line' id='line_1_27' title="bbox 2216 1434 3812 1504; baseline 0.003 -16"><span class='ocrx_word' id='word_1_212' title='bbox 2216 1436 2361 1490; x_wconf 88' lang='lat' dir='ltr'><strong>ribus</strong></span> <span class='ocrx_word' id='word_1_213' title='bbox 2380 1434 2677 1501; x_wconf 85' lang='lat' dir='ltr'><strong>vincamur,</strong></span> <span class='ocrx_word' id='word_1_214' title='bbox 2709 1435 2866 1490; x_wconf 90' lang='lat' dir='ltr'><strong>nullis</strong></span> <span class='ocrx_word' id='word_1_215' title='bbox 2913 1436 3066 1491; x_wconf 79' lang='lat' dir='ltr'><strong>beilis</strong></span> <span class='ocrx_word' id='word_1_216' title='bbox 3112 1435 3416 1504; x_wconf 84' lang='lat' dir='ltr'><strong>faligemur,</strong></span> <span class='ocrx_word' id='word_1_217' title='bbox 3470 1438 3630 1493; x_wconf 91' lang='lat' dir='ltr'><strong>nullis</strong></span> <span class='ocrx_word' id='word_1_218' title='bbox 3654 1436 3812 1493; x_wconf 81' lang='lat' dir='ltr'><strong>disci-</strong></span> 
     </span>
    </p>
   </div>
   <div class='ocr_carea' id='block_1_28' title="bbox 2217 1525 3812 1595">
    <p class='ocr_par' dir='ltr' id='par_1_28' title="bbox 2217 1525 3812 1595">
     <span class='ocr_line' id='line_1_28' title="bbox 2217 1525 3812 1595; baseline 0.005 -16"><span class='ocrx_word' id='word_1_219' title='bbox 2217 1525 2479 1595; x_wconf 89' lang='lat' dir='ltr'><strong>plinarum</strong></span> <span class='ocrx_word' id='word_1_220' title='bbox 2502 1526 2864 1581; x_wconf 75' lang='lat' dir='ltr'><strong>anxietatibus</strong></span> <span class='ocrx_word' id='word_1_221' title='bbox 2883 1526 3259 1589; x_wconf 88' lang='lat' dir='ltr'><strong>destituamur,</strong></span> <span class='ocrx_word' id='word_1_222' title='bbox 3291 1527 3452 1582; x_wconf 72' lang='lat' dir='ltr'><strong>nullis</strong></span> <span class='ocrx_word' id='word_1_223' title='bbox 3473 1544 3691 1583; x_wconf 84' lang='lat' dir='ltr'><strong>rursum</strong></span> <span class='ocrx_word' id='word_1_224' title='bbox 3720 1529 3812 1587; x_wconf 88' lang='lat' dir='ltr'><strong>de-</strong></span> 
     </span>
    </p>
   </div>
   <div class='ocr_carea' id='block_1_29' title="bbox 2217 1616 3814 1690">
    <p class='ocr_par' dir='ltr' id='par_1_29' title="bbox 2217 1616 3814 1690">
     <span class='ocr_line' id='line_1_29' title="bbox 2217 1616 3814 1690; baseline 0.003 -20"><span class='ocrx_word' id='word_1_225' title='bbox 2217 1616 2233 1670; x_wconf 94' lang='lat' dir='ltr'><strong>l</strong></span> <span class='ocrx_word' id='word_1_226' title='bbox 2257 1616 2355 1672; x_wconf 88' lang='lat' dir='ltr'><strong>ciis</strong></span> <span class='ocrx_word' id='word_1_227' title='bbox 2377 1617 2756 1682; x_wconf 78' lang='lat' dir='ltr'><strong>dissolvantur,</strong></span> <span class='ocrx_word' id='word_1_228' title='bbox 2791 1618 2951 1673; x_wconf 90' lang='lat' dir='ltr'><strong>nullis</strong></span> <span class='ocrx_word' id='word_1_229' title='bbox 2972 1617 3247 1674; x_wconf 87' lang='lat' dir='ltr'><strong>blanditiis</strong></span> <span class='ocrx_word' id='word_1_230' title='bbox 3270 1619 3622 1690; x_wconf 87' lang='lat' dir='ltr'><strong>decipiamur,</strong></span> <span class='ocrx_word' id='word_1_231' title='bbox 3654 1630 3730 1685; x_wconf 90' lang='lat' dir='ltr'><strong>et,</strong></span> <span class='ocrx_word' id='word_1_232' title='bbox 3758 1630 3814 1675; x_wconf 89' lang='lat' dir='ltr'><strong>nt</strong></span> 
     </span>
    </p>
   </div>
   <div class='ocr_carea' id='block_1_30' title="bbox 2220 1708 3816 1783">
    <p class='ocr_par' dir='ltr' id='par_1_30' title="bbox 2220 1708 3816 1783">
     <span class='ocr_line' id='line_1_30' title="bbox 2220 1708 3816 1783; baseline 0.004 -21"><span class='ocrx_word' id='word_1_233' title='bbox 2220 1708 2463 1778; x_wconf 88' lang='lat' dir='ltr'><strong>Apostoli</strong></span> <span class='ocrx_word' id='word_1_234' title='bbox 2513 1723 2648 1764; x_wconf 86' lang='lat' dir='ltr'><strong>voce</strong></span> <span class='ocrx_word' id='word_1_235' title='bbox 2691 1709 2931 1764; x_wconf 73' lang='lat' dir='ltr'><strong>dicamus</strong></span> <span class='ocrx_word' id='word_1_236' title='bbox 2975 1709 3154 1773; x_wconf 76' lang='lat' dir='ltr'><strong>(Itoni.</strong></span> <span class='ocrx_word' id='word_1_237' title='bbox 3210 1727 3322 1776; x_wconf 85' lang='lat' dir='ltr'><strong>vin,</strong></span> <span class='ocrx_word' id='word_1_238' title='bbox 3354 1711 3443 1774; x_wconf 81' lang='lat'><strong>&#39;58,</strong></span> <span class='ocrx_word' id='word_1_239' title='bbox 3493 1711 3605 1783; x_wconf 76' lang='lat'><strong>39),</strong></span> <span class='ocrx_word' id='word_1_240' title='bbox 3637 1714 3816 1768; x_wconf 82' lang='lat' dir='ltr'><strong>nullus</strong></span> 
     </span>
    </p>
   </div>
   <div class='ocr_carea' id='block_1_31' title="bbox 528 1792 3809 1891">
    <p class='ocr_par' dir='ltr' id='par_1_31' title="bbox 528 1792 3809 1891">
     <span class='ocr_line' id='line_1_31' title="bbox 528 1792 3809 1891; baseline -0.002 -25"><span class='ocrx_word' id='word_1_241' title='bbox 528 1792 722 1891; x_wconf 66' lang='lat' dir='ltr'><strong>ciplina</strong></span> <span class='ocrx_word' id='word_1_242' title='bbox 754 1819 930 1887; x_wconf 82' lang='lat' dir='ltr'><strong>aliqua</strong></span> <span class='ocrx_word' id='word_1_243' title='bbox 958 1814 1193 1886; x_wconf 85' lang='lat' dir='ltr'><strong>perfecta</strong></span> <span class='ocrx_word' id='word_1_244' title='bbox 1221 1812 1572 1881; x_wconf 68' lang='lat' dir='ltr'><strong>magistratia,</strong></span> <span class='ocrx_word' id='word_1_245' title='bbox 1606 1819 1662 1863; x_wconf 89' lang='lat' dir='ltr'><strong>ut</strong></span> <span class='ocrx_word' id='word_1_246' title='bbox 1693 1810 1871 1877; x_wconf 87' lang='lat' dir='ltr'><strong>aliqua</strong></span> <span class='ocrx_word' id='word_1_247' title='bbox 1909 1792 2110 1863; x_wconf 86' lang='lat' dir='ltr'><strong>malitia</strong></span> <span class='ocrx_word' id='word_1_248' title='bbox 2152 1816 2192 1874; x_wconf 68' lang='grc' dir='ltr'>ις</span> <span class='ocrx_word' id='word_1_249' title='bbox 2221 1814 2338 1864; x_wconf 85' lang='lat' dir='ltr'><strong>nos,</strong></span> <span class='ocrx_word' id='word_1_250' title='bbox 2371 1798 2500 1853; x_wconf 83' lang='lat' dir='ltr'><strong>nihil</strong></span> <span class='ocrx_word' id='word_1_251' title='bbox 2531 1815 2629 1853; x_wconf 90' lang='lat' dir='ltr'><strong>nos</strong></span> <span class='ocrx_word' id='word_1_252' title='bbox 2654 1815 2684 1852; x_wconf 91' lang='lat' dir='ltr'><strong>a</strong></span> <span class='ocrx_word' id='word_1_253' title='bbox 2715 1799 2913 1853; x_wconf 82' lang='lat' dir='ltr'><strong>Christi</strong></span> <span class='ocrx_word' id='word_1_254' title='bbox 2944 1800 3208 1856; x_wconf 87' lang='lat' dir='ltr'><strong>charitate</strong></span> <span class='ocrx_word' id='word_1_255' title='bbox 3230 1812 3485 1870; x_wconf 85' lang='lat' dir='ltr'><strong>separet;</strong></span> <span class='ocrx_word' id='word_1_256' title='bbox 3537 1804 3685 1857; x_wconf 88' lang='lat' dir='ltr'><strong>nulla</strong></span> <span class='ocrx_word' id='word_1_257' title='bbox 3721 1804 3809 1857; x_wconf 82' lang='lat' dir='ltr'><strong>tri-</strong></span> 
     </span>
    </p>
   </div>
   <div class='ocr_carea' id='block_1_32' title="bbox 528 1901 2118 1985">
    <p class='ocr_par' dir='ltr' id='par_1_32' title="bbox 528 1901 2118 1985">
     <span class='ocr_line' id='line_1_32' title="bbox 528 1901 2118 1985; baseline -0.008 -18"><span class='ocrx_word' id='word_1_258' title='bbox 528 1912 681 1985; x_wconf 84' lang='lat' dir='ltr'><strong>[Leg.</strong></span> <span class='ocrx_word' id='word_1_259' title='bbox 727 1909 927 1964; x_wconf 79' lang='lat' dir='ltr'><strong>videtur</strong></span> <span class='ocrx_word' id='word_1_260' title='bbox 971 1904 1181 1976; x_wconf 87' lang='lat' dir='ltr'><strong>militia]</strong></span> <span class='ocrx_word' id='word_1_261' title='bbox 1234 1903 1439 1974; x_wconf 86' lang='lat' dir='ltr'><strong>acquiri</strong></span> <span class='ocrx_word' id='word_1_262' title='bbox 1492 1901 1821 1971; x_wconf 86' lang='lat' dir='ltr'><strong>impossibile</strong></span> <span class='ocrx_word' id='word_1_263' title='bbox 1850 1901 1964 1955; x_wconf 81' lang='lat' dir='ltr'><strong>est?</strong></span> <span class='ocrx_word' id='word_1_264' title='bbox 2009 1901 2118 1954; x_wconf 85' lang='lat' dir='ltr'><strong>Aut</strong></span> 
     </span>
    </p>
   </div>
   <div class='ocr_carea' id='block_1_33' title="bbox 527 1989 2117 2073">
    <p class='ocr_par' dir='ltr' id='par_1_33' title="bbox 527 1989 2117 2073">
     <span class='ocr_line' id='line_1_33' title="bbox 527 1989 2117 2073; baseline -0.006 -20"><span class='ocrx_word' id='word_1_265' title='bbox 527 2001 802 2073; x_wconf 61' lang='lat' dir='ltr'><strong>disciplina</strong></span> <span class='ocrx_word' id='word_1_266' title='bbox 831 2000 947 2054; x_wconf 89' lang='lat' dir='ltr'><strong>sine</strong></span> <span class='ocrx_word' id='word_1_267' title='bbox 976 1995 1330 2051; x_wconf 86' lang='lat' dir='ltr'><strong>amaritudine</strong></span> <span class='ocrx_word' id='word_1_268' title='bbox 1361 1993 1579 2063; x_wconf 69' lang='lat' dir='ltr'><strong>adipisei</strong></span> <span class='ocrx_word' id='word_1_269' title='bbox 1604 1992 1805 2061; x_wconf 88' lang='lat' dir='ltr'><strong>queat?</strong></span> <span class='ocrx_word' id='word_1_270' title='bbox 1841 1990 1977 2044; x_wconf 86' lang='lat' dir='ltr'><strong>Cum</strong></span> <span class='ocrx_word' id='word_1_271' title='bbox 2002 1989 2117 2044; x_wconf 73' lang='lat' dir='ltr'><strong>lucc</strong></span> 
     </span>
    </p>
   </div>
   <div class='ocr_carea' id='block_1_34' title="bbox 529 2080 2117 2163">
    <p class='ocr_par' dir='ltr' id='par_1_34' title="bbox 529 2080 2117 2163">
     <span class='ocr_line' id='line_1_34' title="bbox 529 2080 2117 2163; baseline -0.01 -13"><span class='ocrx_word' id='word_1_272' title='bbox 529 2109 658 2163; x_wconf 87' lang='lat' dir='ltr'><strong>ergo</strong></span> <span class='ocrx_word' id='word_1_273' title='bbox 691 2096 761 2148; x_wconf 89' lang='lat' dir='ltr'><strong>ita</strong></span> <span class='ocrx_word' id='word_1_274' title='bbox 790 2108 850 2149; x_wconf 92' lang='lat' dir='ltr'><strong>se</strong></span> <span class='ocrx_word' id='word_1_275' title='bbox 878 2090 1113 2145; x_wconf 90' lang='lat' dir='ltr'><strong>habeant</strong></span> <span class='ocrx_word' id='word_1_276' title='bbox 1139 2129 1154 2154; x_wconf 92' lang='lat'><strong>,</strong></span> <span class='ocrx_word' id='word_1_277' title='bbox 1195 2102 1559 2157; x_wconf 69' lang='lat' dir='ltr'><strong>prmparcnms</strong></span> <span class='ocrx_word' id='word_1_278' title='bbox 1588 2084 1823 2138; x_wconf 90' lang='lat' dir='ltr'><strong>animum</strong></span> <span class='ocrx_word' id='word_1_279' title='bbox 1848 2124 1862 2148; x_wconf 94' lang='lat'><strong>,</strong></span> <span class='ocrx_word' id='word_1_280' title='bbox 1915 2098 2021 2136; x_wconf 87' lang='lat' dir='ltr'><strong>non</strong></span> <span class='ocrx_word' id='word_1_281' title='bbox 2050 2080 2117 2134; x_wconf 89' lang='lat' dir='ltr'><strong>ad</strong></span> 
     </span>
    </p>
   </div>
   <div class='ocr_carea' id='block_1_35' title="bbox 531 2172 2113 2248">
    <p class='ocr_par' dir='ltr' id='par_1_35' title="bbox 531 2172 2113 2248">
     <span class='ocr_line' id='line_1_35' title="bbox 531 2172 2113 2248; baseline -0.009 -8"><span class='ocrx_word' id='word_1_282' title='bbox 531 2187 768 2241; x_wconf 80' lang='lat' dir='ltr'><strong>lzetitiam</strong></span> <span class='ocrx_word' id='word_1_283' title='bbox 792 2225 807 2248; x_wconf 90' lang='lat'><strong>,</strong></span> <span class='ocrx_word' id='word_1_284' title='bbox 839 2201 946 2239; x_wconf 86' lang='lat' dir='ltr'><strong>non</strong></span> <span class='ocrx_word' id='word_1_285' title='bbox 978 2182 1044 2235; x_wconf 89' lang='lat' dir='ltr'><strong>ad</strong></span> <span class='ocrx_word' id='word_1_286' title='bbox 1073 2180 1415 2234; x_wconf 81' lang='lat' dir='ltr'><strong>securitatem</strong></span> <span class='ocrx_word' id='word_1_287' title='bbox 1441 2218 1455 2242; x_wconf 95' lang='lat'><strong>,</strong></span> <span class='ocrx_word' id='word_1_288' title='bbox 1490 2185 1548 2231; x_wconf 91' lang='lat' dir='ltr'><strong>ut</strong></span> <span class='ocrx_word' id='word_1_289' title='bbox 1574 2176 1800 2246; x_wconf 82' lang='lat' dir='ltr'><strong>Sapiens</strong></span> <span class='ocrx_word' id='word_1_290' title='bbox 1839 2172 2024 2243; x_wconf 73' lang='lat' dir='ltr'><strong>(Eccli.</strong></span> <span class='ocrx_word' id='word_1_291' title='bbox 2058 2189 2113 2235; x_wconf 89' lang='grc' dir='ltr'><strong>ιι,</strong></span> 
     </span>
    </p>
   </div>
   <div class='ocr_carea' id='block_1_36' title="bbox 530 2263 2116 2348">
    <p class='ocr_par' dir='ltr' id='par_1_36' title="bbox 530 2263 2116 2348">
     <span class='ocr_line' id='line_1_36' title="bbox 530 2263 2116 2348; baseline -0.009 -17"><span class='ocrx_word' id='word_1_292' title='bbox 530 2282 582 2348; x_wconf 81' lang='grc'><strong>1)</strong></span> <span class='ocrx_word' id='word_1_293' title='bbox 616 2280 688 2332; x_wconf 88' lang='lat' dir='ltr'><strong>ait</strong></span> <span class='ocrx_word' id='word_1_294' title='bbox 713 2318 726 2342; x_wconf 93' lang='lat'><strong>,</strong></span> <span class='ocrx_word' id='word_1_295' title='bbox 759 2275 853 2331; x_wconf 90' lang='lat' dir='ltr'><strong>sed</strong></span> <span class='ocrx_word' id='word_1_296' title='bbox 881 2274 948 2327; x_wconf 90' lang='lat' dir='ltr'><strong>ad</strong></span> <span class='ocrx_word' id='word_1_297' title='bbox 978 2273 1301 2326; x_wconf 84' lang='lat' dir='ltr'><strong>tentationes</strong></span> <span class='ocrx_word' id='word_1_298' title='bbox 1325 2276 1379 2322; x_wconf 92' lang='lat' dir='ltr'><strong>et</strong></span> <span class='ocrx_word' id='word_1_299' title='bbox 1414 2266 1788 2321; x_wconf 87' lang='lat' dir='ltr'><strong>tribulatiuncs</strong></span> <span class='ocrx_word' id='word_1_300' title='bbox 1813 2303 1828 2330; x_wconf 88' lang='lat'><strong>,</strong></span> <span class='ocrx_word' id='word_1_301' title='bbox 1849 2263 1916 2318; x_wconf 91' lang='lat' dir='ltr'><strong>ad</strong></span> <span class='ocrx_word' id='word_1_302' title='bbox 1948 2263 2116 2318; x_wconf 78' lang='lat' dir='ltr'><strong>tristi-</strong></span> 
     </span>
    </p>
   </div>
   <div class='ocr_carea' id='block_1_37' title="bbox 528 2353 2116 2439">
    <p class='ocr_par' dir='ltr' id='par_1_37' title="bbox 528 2353 2116 2439">
     <span class='ocr_line' id='line_1_37' title="bbox 528 2353 2116 2439; baseline -0.013 -15"><span class='ocrx_word' id='word_1_303' title='bbox 528 2371 633 2425; x_wconf 92' lang='lat' dir='ltr'><strong>tias</strong></span> <span class='ocrx_word' id='word_1_304' title='bbox 658 2375 821 2439; x_wconf 81' lang='lat' dir='ltr'><strong>alque</strong></span> <span class='ocrx_word' id='word_1_305' title='bbox 846 2366 1079 2420; x_wconf 78' lang='lat' dir='ltr'><strong>labores.</strong></span> <span class='ocrx_word' id='word_1_306' title='bbox 1104 2361 1345 2417; x_wconf 87' lang='lat' dir='ltr'><strong>Christus</strong></span> <span class='ocrx_word' id='word_1_307' title='bbox 1374 2356 1656 2412; x_wconf 86' lang='lat' dir='ltr'><strong>tribulatus</strong></span> <span class='ocrx_word' id='word_1_308' title='bbox 1683 2363 1786 2418; x_wconf 86' lang='lat' dir='ltr'><strong>est,</strong></span> <span class='ocrx_word' id='word_1_309' title='bbox 1812 2353 2116 2423; x_wconf 78' lang='lat' dir='ltr'><strong>injuriatus,</strong></span> 
     </span>
    </p>
   </div>
   <div class='ocr_carea' id='block_1_38' title="bbox 528 2446 2116 2525">
    <p class='ocr_par' dir='ltr' id='par_1_38' title="bbox 528 2446 2116 2525">
     <span class='ocr_line' id='line_1_38' title="bbox 528 2446 2116 2525; baseline -0.013 -7"><span class='ocrx_word' id='word_1_310' title='bbox 528 2459 963 2522; x_wconf 85' lang='lat' dir='ltr'><strong>contunieliatus,</strong></span> <span class='ocrx_word' id='word_1_311' title='bbox 1008 2469 1198 2525; x_wconf 90' lang='lat' dir='ltr'><strong>passus</strong></span> <span class='ocrx_word' id='word_1_312' title='bbox 1224 2459 1340 2516; x_wconf 88' lang='lat' dir='ltr'><strong>est;</strong></span> <span class='ocrx_word' id='word_1_313' title='bbox 1384 2458 1439 2503; x_wconf 90' lang='lat' dir='ltr'><strong>tu</strong></span> <span class='ocrx_word' id='word_1_314' title='bbox 1487 2448 1539 2501; x_wconf 92' lang='lat' dir='ltr'><strong>in</strong></span> <span class='ocrx_word' id='word_1_315' title='bbox 1586 2456 1726 2501; x_wconf 89' lang='lat' dir='ltr'><strong>terra</strong></span> <span class='ocrx_word' id='word_1_316' title='bbox 1771 2446 2116 2500; x_wconf 80' lang='lat' dir='ltr'><strong>securitatem</strong></span> 
     </span>
    </p>
   </div>
   <div class='ocr_carea' id='block_1_39' title="bbox 529 2536 2117 2626">
    <p class='ocr_par' dir='ltr' id='par_1_39' title="bbox 529 2536 2117 2626">
     <span class='ocr_line' id='line_1_39' title="bbox 529 2536 2117 2626; baseline -0.012 -15"><span class='ocrx_word' id='word_1_317' title='bbox 529 2553 724 2626; x_wconf 86' lang='lat' dir='ltr'><strong>putas?</strong></span> <span class='ocrx_word' id='word_1_318' title='bbox 778 2549 914 2606; x_wconf 85' lang='lat' dir='ltr'><strong>Vide</strong></span> <span class='ocrx_word' id='word_1_319' title='bbox 970 2557 1026 2603; x_wconf 84' lang='lat' dir='ltr'><strong>et</strong></span> <span class='ocrx_word' id='word_1_320' title='bbox 1082 2544 1318 2613; x_wconf 82' lang='lat' dir='ltr'><strong>intellige</strong></span> <span class='ocrx_word' id='word_1_321' title='bbox 1366 2557 1526 2611; x_wconf 91' lang='lat' dir='ltr'><strong>quam</strong></span> <span class='ocrx_word' id='word_1_322' title='bbox 1574 2537 1789 2595; x_wconf 82' lang='lat' dir='ltr'><strong>difficile</strong></span> <span class='ocrx_word' id='word_1_323' title='bbox 1843 2545 1929 2594; x_wconf 88' lang='lat' dir='ltr'><strong>est</strong></span> <span class='ocrx_word' id='word_1_324' title='bbox 1976 2536 2117 2605; x_wconf 82' lang='lat' dir='ltr'><strong>vinci</strong></span> 
     </span>
    </p>
   </div>
   <div class='ocr_carea' id='block_1_40' title="bbox 528 2629 2116 2719">
    <p class='ocr_par' dir='ltr' id='par_1_40' title="bbox 528 2629 2116 2719">
     <span class='ocr_line' id='line_1_40' title="bbox 528 2629 2116 2719; baseline -0.01 -20"><span class='ocrx_word' id='word_1_325' title='bbox 528 2644 715 2719; x_wconf 74' lang='lat' dir='ltr'><strong>[Forte</strong></span> <span class='ocrx_word' id='word_1_326' title='bbox 735 2635 970 2709; x_wconf 86' lang='lat' dir='ltr'><strong>vincere]</strong></span> <span class='ocrx_word' id='word_1_327' title='bbox 999 2637 1274 2699; x_wconf 69' lang='lat' dir='ltr'><strong>stccu’um,</strong></span> <span class='ocrx_word' id='word_1_328' title='bbox 1299 2632 1424 2688; x_wconf 90' lang='lat' dir='ltr'><strong>dum</strong></span> <span class='ocrx_word' id='word_1_329' title='bbox 1457 2647 1561 2685; x_wconf 91' lang='lat' dir='ltr'><strong>non</strong></span> <span class='ocrx_word' id='word_1_330' title='bbox 1590 2632 1765 2697; x_wconf 67' lang='lat' dir='ltr'><strong>aliter,</strong></span> <span class='ocrx_word' id='word_1_331' title='bbox 1797 2630 1897 2685; x_wconf 89' lang='lat' dir='ltr'><strong>nisi</strong></span> <span class='ocrx_word' id='word_1_332' title='bbox 1919 2629 2116 2685; x_wconf 86' lang='lat' dir='ltr'><strong>Christi</strong></span> 
     </span>
    </p>
   </div>
   <div class='ocr_carea' id='block_1_41' title="bbox 533 2721 2120 2792">
    <p class='ocr_par' dir='ltr' id='par_1_41' title="bbox 533 2721 2120 2792">
     <span class='ocr_line' id='line_1_41' title="bbox 533 2721 2120 2792; baseline -0.009 -2"><span class='ocrx_word' id='word_1_333' title='bbox 533 2742 710 2790; x_wconf 75' lang='lat' dir='ltr'><strong>morte</strong></span> <span class='ocrx_word' id='word_1_334' title='bbox 739 2738 957 2786; x_wconf 88' lang='lat' dir='ltr'><strong>sanctus</strong></span> <span class='ocrx_word' id='word_1_335' title='bbox 985 2727 1055 2782; x_wconf 87' lang='lat' dir='ltr'><strong>de</strong></span> <span class='ocrx_word' id='word_1_336' title='bbox 1091 2741 1158 2781; x_wconf 91' lang='lat' dir='ltr'><strong>eo</strong></span> <span class='ocrx_word' id='word_1_337' title='bbox 1188 2725 1484 2780; x_wconf 87' lang='lat' dir='ltr'><strong>liberatur:</strong></span> <span class='ocrx_word' id='word_1_338' title='bbox 1518 2722 1578 2776; x_wconf 86' lang='lat' dir='ltr'><strong>Si</strong></span> <span class='ocrx_word' id='word_1_339' title='bbox 1606 2723 1688 2776; x_wconf 81' lang='lat' dir='ltr'><strong>vix</strong></span> <span class='ocrx_word' id='word_1_340' title='bbox 1712 2722 1886 2792; x_wconf 83' lang='lat' dir='ltr'><strong>justus</strong></span> <span class='ocrx_word' id='word_1_341' title='bbox 1913 2723 1988 2776; x_wconf 77' lang='lat' dir='ltr'><strong>sic</strong></span> <span class='ocrx_word' id='word_1_342' title='bbox 2011 2721 2120 2775; x_wconf 84' lang='lat' dir='ltr'><strong>sal-</strong></span> 
     </span>
    </p>
   </div>
   <div class='ocr_carea' id='block_1_42' title="bbox 530 2810 2118 2893">
    <p class='ocr_par' dir='ltr' id='par_1_42' title="bbox 530 2810 2118 2893">
     <span class='ocr_line' id='line_1_42' title="bbox 530 2810 2118 2893; baseline -0.008 -16"><span class='ocrx_word' id='word_1_343' title='bbox 530 2833 694 2886; x_wconf 78' lang='lat' dir='ltr'><strong>eatur,</strong></span> <span class='ocrx_word' id='word_1_344' title='bbox 724 2829 961 2893; x_wconf 83' lang='lat' dir='ltr'><strong>peccator</strong></span> <span class='ocrx_word' id='word_1_345' title='bbox 987 2825 1036 2871; x_wconf 85' lang='lat' dir='ltr'><strong>et</strong></span> <span class='ocrx_word' id='word_1_346' title='bbox 1064 2816 1250 2886; x_wconf 85' lang='lat' dir='ltr'><strong>impius</strong></span> <span class='ocrx_word' id='word_1_347' title='bbox 1279 2814 1362 2866; x_wconf 85' lang='lat' dir='ltr'><strong>ubi</strong></span> <span class='ocrx_word' id='word_1_348' title='bbox 1390 2812 1587 2883; x_wconf 78' lang='lat' dir='ltr'><strong>parebit</strong></span> <span class='ocrx_word' id='word_1_349' title='bbox 1624 2810 1677 2876; x_wconf 91' lang='grc'><strong>(1</strong></span> <span class='ocrx_word' id='word_1_350' title='bbox 1699 2812 1837 2865; x_wconf 81' lang='lat' dir='ltr'><strong>I’etr.</strong></span> <span class='ocrx_word' id='word_1_351' title='bbox 1869 2828 1937 2877; x_wconf 84' lang='lat' dir='ltr'><strong>iv,</strong></span> <span class='ocrx_word' id='word_1_352' title='bbox 1984 2811 2069 2879; x_wconf 84' lang='lat' dir='ltr'><strong>l8)</strong></span> <span class='ocrx_word' id='word_1_353' title='bbox 2095 2813 2118 2865; x_wconf 88' lang='lat'><strong>?</strong></span> 
     </span>
    </p>
   </div>
   <div class='ocr_carea' id='block_1_43' title="bbox 530 2902 2117 2974">
    <p class='ocr_par' dir='ltr' id='par_1_43' title="bbox 530 2902 2117 2974">
     <span class='ocr_line' id='line_1_43' title="bbox 530 2902 2117 2974; baseline -0.01 -4"><span class='ocrx_word' id='word_1_354' title='bbox 530 2914 667 2969; x_wconf 74' lang='lat' dir='ltr'><strong>Audi</strong></span> <span class='ocrx_word' id='word_1_355' title='bbox 697 2912 978 2968; x_wconf 79' lang='lat' dir='ltr'><strong>Dominum</strong></span> <span class='ocrx_word' id='word_1_356' title='bbox 1000 2909 1266 2961; x_wconf 89' lang='lat' dir='ltr'><strong>dicentem</strong></span> <span class='ocrx_word' id='word_1_357' title='bbox 1296 2904 1569 2974; x_wconf 61' lang='lat' dir='ltr'><strong>discipulis</strong></span> <span class='ocrx_word' id='word_1_358' title='bbox 1604 2921 1614 2957; x_wconf 94' lang='lat'>:</span> <span class='ocrx_word' id='word_1_359' title='bbox 1652 2902 1716 2956; x_wconf 85' lang='lat' dir='ltr'><strong>In</strong></span> <span class='ocrx_word' id='word_1_360' title='bbox 1748 2903 1939 2956; x_wconf 80' lang='lat' dir='ltr'><strong>mundo</strong></span> <span class='ocrx_word' id='word_1_361' title='bbox 1967 2919 2117 2971; x_wconf 79' lang='lat' dir='ltr'><strong>ptes-</strong></span> 
     </span>
    </p>
   </div>
   <div class='ocr_carea' id='block_1_44' title="bbox 531 2994 2118 3073">
    <p class='ocr_par' dir='ltr' id='par_1_44' title="bbox 531 2994 2118 3073">
     <span class='ocr_line' id='line_1_44' title="bbox 531 2994 2118 3073; baseline -0.011 -9"><span class='ocrx_word' id='word_1_362' title='bbox 531 3025 708 3064; x_wconf 82' lang='lat' dir='ltr'><strong>suram</strong></span> <span class='ocrx_word' id='word_1_363' title='bbox 736 3006 986 3060; x_wconf 77' lang='lat' dir='ltr'><strong>habebitis</strong></span> <span class='ocrx_word' id='word_1_364' title='bbox 1017 3001 1198 3073; x_wconf 80' lang='lat' dir='ltr'><strong>(Joan.</strong></span> <span class='ocrx_word' id='word_1_365' title='bbox 1224 3016 1335 3067; x_wconf 76' lang='lat' dir='ltr'><strong>xvr,</strong></span> <span class='ocrx_word' id='word_1_366' title='bbox 1360 2998 1473 3065; x_wconf 75' lang='lat'><strong>55).</strong></span> <span class='ocrx_word' id='word_1_367' title='bbox 1516 2996 1580 3049; x_wconf 85' lang='lat' dir='ltr'><strong>Et</strong></span> <span class='ocrx_word' id='word_1_368' title='bbox 1611 2997 1801 3050; x_wconf 87' lang='lat' dir='ltr'><strong>iterum</strong></span> <span class='ocrx_word' id='word_1_369' title='bbox 1832 3014 1845 3050; x_wconf 92' lang='lat'><strong>:</strong></span> <span class='ocrx_word' id='word_1_370' title='bbox 1886 2994 1988 3049; x_wconf 85' lang='lat' dir='ltr'><strong>Vos</strong></span> <span class='ocrx_word' id='word_1_371' title='bbox 2022 3010 2118 3047; x_wconf 84' lang='lat' dir='ltr'><strong>au-</strong></span> 
     </span>
    </p>
   </div>
   <div class='ocr_carea' id='block_1_45' title="bbox 532 3088 2119 3173">
    <p class='ocr_par' dir='ltr' id='par_1_45' title="bbox 532 3088 2119 3173">
     <span class='ocr_line' id='line_1_45' title="bbox 532 3088 2119 3173; baseline -0.011 -13"><span class='ocrx_word' id='word_1_372' title='bbox 532 3115 631 3160; x_wconf 84' lang='lat' dir='ltr'><strong>tem</strong></span> <span class='ocrx_word' id='word_1_373' title='bbox 657 3102 844 3173; x_wconf 72' lang='lat' dir='ltr'><strong>ﬂebitis</strong></span> <span class='ocrx_word' id='word_1_374' title='bbox 873 3108 919 3153; x_wconf 87' lang='lat' dir='ltr'><strong>et</strong></span> <span class='ocrx_word' id='word_1_375' title='bbox 943 3094 1197 3170; x_wconf 84' lang='lat' dir='ltr'><strong>lugebitis,</strong></span> <span class='ocrx_word' id='word_1_376' title='bbox 1225 3092 1444 3149; x_wconf 80' lang='lat' dir='ltr'><strong>mundus</strong></span> <span class='ocrx_word' id='word_1_377' title='bbox 1467 3100 1639 3145; x_wconf 83' lang='lat' dir='ltr'><strong>autem</strong></span> <span class='ocrx_word' id='word_1_378' title='bbox 1669 3088 1929 3170; x_wconf 63' lang='lat' dir='ltr'><strong>gaudebit,</strong></span> <span class='ocrx_word' id='word_1_379' title='bbox 1961 3098 2010 3143; x_wconf 82' lang='lat' dir='ltr'><strong>et</strong></span> <span class='ocrx_word' id='word_1_380' title='bbox 2031 3104 2119 3143; x_wconf 77' lang='lat' dir='ltr'><strong>vos</strong></span> 
     </span>
    </p>
   </div>
   <div class='ocr_carea' id='block_1_46' title="bbox 530 3186 1200 3262">
    <p class='ocr_par' dir='ltr' id='par_1_46' title="bbox 530 3186 1200 3262">
     <span class='ocr_line' id='line_1_46' title="bbox 530 3186 1200 3262; baseline -0.016 -11"><span class='ocrx_word' id='word_1_381' title='bbox 530 3199 702 3251; x_wconf 76' lang='lat' dir='ltr'><strong>tristes</strong></span> <span class='ocrx_word' id='word_1_382' title='bbox 730 3193 872 3247; x_wconf 77' lang='lat' dir='ltr'><strong>eritis</strong></span> <span class='ocrx_word' id='word_1_383' title='bbox 902 3189 1084 3262; x_wconf 85' lang='lat' dir='ltr'><strong>(lbid.,</strong></span> <span class='ocrx_word' id='word_1_384' title='bbox 1110 3186 1200 3258; x_wconf 73' lang='lat'><strong>9.0)</strong></span> 
     </span>
    </p>
   </div>
   <div class='ocr_carea' id='block_1_47' title="bbox 602 3275 2123 3348">
    <p class='ocr_par' dir='ltr' id='par_1_47' title="bbox 602 3275 2123 3348">
     <span class='ocr_line' id='line_1_47' title="bbox 602 3275 2123 3348; baseline -0.007 -5"><span class='ocrx_word' id='word_1_385' title='bbox 602 3287 687 3343; x_wconf 83' lang='grc' dir='ltr'><strong>ΙΙΙ.</strong></span> <span class='ocrx_word' id='word_1_386' title='bbox 732 3285 862 3341; x_wconf 84' lang='lat' dir='ltr'><strong>Vide</strong></span> <span class='ocrx_word' id='word_1_387' title='bbox 914 3296 1200 3339; x_wconf 70' lang='lat' dir='ltr'><strong>maerorem</strong></span> <span class='ocrx_word' id='word_1_388' title='bbox 1240 3277 1533 3348; x_wconf 83' lang='lat' dir='ltr'><strong>discipline</strong></span> <span class='ocrx_word' id='word_1_389' title='bbox 1587 3284 1825 3343; x_wconf 72' lang='lat' dir='ltr'><strong>noslrzc;</strong></span> <span class='ocrx_word' id='word_1_390' title='bbox 1882 3275 2123 3345; x_wconf 81' lang='lat' dir='ltr'><strong>intellige</strong></span> 
     </span>
    </p>
   </div>
   <div class='ocr_carea' id='block_1_48' title="bbox 530 3366 2125 3451">
    <p class='ocr_par' dir='ltr' id='par_1_48' title="bbox 530 3366 2125 3451">
     <span class='ocr_line' id='line_1_48' title="bbox 530 3366 2125 3451; baseline -0.009 -15"><span class='ocrx_word' id='word_1_391' title='bbox 530 3379 673 3451; x_wconf 91' lang='lat' dir='ltr'><strong>quod</strong></span> <span class='ocrx_word' id='word_1_392' title='bbox 702 3394 806 3433; x_wconf 92' lang='lat' dir='ltr'><strong>non</strong></span> <span class='ocrx_word' id='word_1_393' title='bbox 828 3376 905 3449; x_wconf 28' lang='lat' dir='ltr'><strong>de.</strong></span> <span class='ocrx_word' id='word_1_394' title='bbox 924 3374 1105 3429; x_wconf 64' lang='lat' dir='ltr'><strong>laetitia</strong></span> <span class='ocrx_word' id='word_1_395' title='bbox 1128 3369 1198 3426; x_wconf 90' lang='lat' dir='ltr'><strong>ad</strong></span> <span class='ocrx_word' id='word_1_396' title='bbox 1228 3370 1462 3424; x_wconf 68' lang='lat' dir='ltr'><strong>laztitiam</strong></span> <span class='ocrx_word' id='word_1_397' title='bbox 1488 3406 1504 3435; x_wconf 88' lang='lat'><strong>,</strong></span> <span class='ocrx_word' id='word_1_398' title='bbox 1544 3382 1719 3437; x_wconf 87' lang='lat' dir='ltr'><strong>neque</strong></span> <span class='ocrx_word' id='word_1_399' title='bbox 1742 3366 1809 3422; x_wconf 91' lang='lat' dir='ltr'><strong>de</strong></span> <span class='ocrx_word' id='word_1_400' title='bbox 1830 3368 2125 3423; x_wconf 79' lang='lat' dir='ltr'><strong>securitate</strong></span> 
     </span>
    </p>
   </div>
   <div class='ocr_carea' id='block_1_49' title="bbox 533 3458 2122 3529">
    <p class='ocr_par' dir='ltr' id='par_1_49' title="bbox 533 3458 2122 3529">
     <span class='ocr_line' id='line_1_49' title="bbox 533 3458 2122 3529; baseline -0.01 -3"><span class='ocrx_word' id='word_1_401' title='bbox 533 3470 604 3526; x_wconf 90' lang='lat' dir='ltr'><strong>ad</strong></span> <span class='ocrx_word' id='word_1_402' title='bbox 634 3468 1002 3529; x_wconf 86' lang='lat' dir='ltr'><strong>securitatem,</strong></span> <span class='ocrx_word' id='word_1_403' title='bbox 1032 3463 1125 3519; x_wconf 88' lang='lat' dir='ltr'><strong>sed</strong></span> <span class='ocrx_word' id='word_1_404' title='bbox 1156 3460 1223 3516; x_wconf 90' lang='lat' dir='ltr'><strong>de</strong></span> <span class='ocrx_word' id='word_1_405' title='bbox 1252 3461 1394 3515; x_wconf 90' lang='lat' dir='ltr'><strong>luctu</strong></span> <span class='ocrx_word' id='word_1_406' title='bbox 1423 3459 1489 3513; x_wconf 90' lang='lat' dir='ltr'><strong>ad</strong></span> <span class='ocrx_word' id='word_1_407' title='bbox 1520 3458 1758 3513; x_wconf 75' lang='lat' dir='ltr'><strong>ltetitiam</strong></span> <span class='ocrx_word' id='word_1_408' title='bbox 1783 3497 1802 3524; x_wconf 93' lang='lat'><strong>,</strong></span> <span class='ocrx_word' id='word_1_409' title='bbox 1840 3473 1904 3512; x_wconf 90' lang='lat' dir='ltr'><strong>ac</strong></span> <span class='ocrx_word' id='word_1_410' title='bbox 1928 3458 1997 3513; x_wconf 91' lang='lat' dir='ltr'><strong>de</strong></span> <span class='ocrx_word' id='word_1_411' title='bbox 2027 3458 2122 3511; x_wconf 90' lang='lat' dir='ltr'><strong>tri-</strong></span> 
     </span>
    </p>
   </div>
   <div class='ocr_carea' id='block_1_50' title="bbox 531 3546 2124 3615">
    <p class='ocr_par' dir='ltr' id='par_1_50' title="bbox 531 3546 2124 3615">
     <span class='ocr_line' id='line_1_50' title="bbox 531 3546 2124 3615; baseline -0.009 0"><span class='ocrx_word' id='word_1_412' title='bbox 531 3558 807 3615; x_wconf 88' lang='lat' dir='ltr'><strong>bulatione</strong></span> <span class='ocrx_word' id='word_1_413' title='bbox 849 3555 918 3609; x_wconf 86' lang='lat' dir='ltr'><strong>ad</strong></span> <span class='ocrx_word' id='word_1_414' title='bbox 962 3551 1304 3610; x_wconf 86' lang='lat' dir='ltr'><strong>securitatem</strong></span> <span class='ocrx_word' id='word_1_415' title='bbox 1348 3548 1625 3603; x_wconf 87' lang='lat' dir='ltr'><strong>transitur.</strong></span> <span class='ocrx_word' id='word_1_416' title='bbox 1672 3546 1950 3602; x_wconf 87' lang='lat' dir='ltr'><strong>Patienter</strong></span> <span class='ocrx_word' id='word_1_417' title='bbox 1994 3560 2124 3615; x_wconf 88' lang='lat' dir='ltr'><strong>ergo</strong></span> 
     </span>
    </p>
   </div>
   <div class='ocr_carea' id='block_1_51' title="bbox 533 3638 2126 3706">
    <p class='ocr_par' dir='ltr' id='par_1_51' title="bbox 533 3638 2126 3706">
     <span class='ocr_line' id='line_1_51' title="bbox 533 3638 2126 3706; baseline -0.009 0"><span class='ocrx_word' id='word_1_418' title='bbox 533 3648 843 3706; x_wconf 87' lang='lat' dir='ltr'><strong>tolerandus</strong></span> <span class='ocrx_word' id='word_1_419' title='bbox 872 3653 953 3702; x_wconf 88' lang='lat' dir='ltr'><strong>est</strong></span> <span class='ocrx_word' id='word_1_420' title='bbox 1004 3643 1180 3699; x_wconf 84' lang='lat' dir='ltr'><strong>brevis</strong></span> <span class='ocrx_word' id='word_1_421' title='bbox 1208 3656 1412 3697; x_wconf 70' lang='lat' dir='ltr'><strong>mceror</strong></span> <span class='ocrx_word' id='word_1_422' title='bbox 1434 3681 1449 3706; x_wconf 93' lang='lat'><strong>,</strong></span> <span class='ocrx_word' id='word_1_423' title='bbox 1482 3646 1544 3693; x_wconf 86' lang='lat' dir='ltr'><strong>ut</strong></span> <span class='ocrx_word' id='word_1_424' title='bbox 1569 3647 1773 3694; x_wconf 65' lang='lat' dir='ltr'><strong>aeterna</strong></span> <span class='ocrx_word' id='word_1_425' title='bbox 1814 3638 2126 3706; x_wconf 88' lang='lat' dir='ltr'><strong>acquiralur</strong></span> 
     </span>
    </p>
   </div>
   <div class='ocr_carea' id='block_1_52' title="bbox 533 3730 2126 3809">
    <p class='ocr_par' dir='ltr' id='par_1_52' title="bbox 533 3730 2126 3809">
     <span class='ocr_line' id='line_1_52' title="bbox 533 3730 2126 3809; baseline -0.009 -8"><span class='ocrx_word' id='word_1_426' title='bbox 533 3744 750 3809; x_wconf 77' lang='lat' dir='ltr'><strong>hctitia;</strong></span> <span class='ocrx_word' id='word_1_427' title='bbox 800 3748 857 3797; x_wconf 89' lang='lat' dir='ltr'><strong>et</strong></span> <span class='ocrx_word' id='word_1_428' title='bbox 901 3740 1016 3795; x_wconf 87' lang='lat' dir='ltr'><strong>leve</strong></span> <span class='ocrx_word' id='word_1_429' title='bbox 1056 3734 1412 3791; x_wconf 89' lang='lat' dir='ltr'><strong>tribulationis</strong></span> <span class='ocrx_word' id='word_1_430' title='bbox 1442 3740 1638 3787; x_wconf 65' lang='lat' dir='ltr'><strong>nostras</strong></span> <span class='ocrx_word' id='word_1_431' title='bbox 1684 3747 1805 3787; x_wconf 91' lang='lat' dir='ltr'><strong>cum</strong></span> <span class='ocrx_word' id='word_1_432' title='bbox 1846 3730 2126 3786; x_wconf 85' lang='lat' dir='ltr'><strong>alacritate</strong></span> 
     </span>
    </p>
   </div>
   <div class='ocr_carea' id='block_1_53' title="bbox 531 3824 2122 3896">
    <p class='ocr_par' dir='ltr' id='par_1_53' title="bbox 531 3824 2122 3896">
     <span class='ocr_line' id='line_1_53' title="bbox 531 3824 2122 3896; baseline -0.011 -1"><span class='ocrx_word' id='word_1_433' title='bbox 531 3834 899 3896; x_wconf 87' lang='lat' dir='ltr'><strong>sustinendum</strong></span> <span class='ocrx_word' id='word_1_434' title='bbox 928 3838 1043 3892; x_wconf 85' lang='lat' dir='ltr'><strong>est,</strong></span> <span class='ocrx_word' id='word_1_435' title='bbox 1077 3838 1135 3884; x_wconf 88' lang='lat' dir='ltr'><strong>ut</strong></span> <span class='ocrx_word' id='word_1_436' title='bbox 1162 3837 1419 3889; x_wconf 76' lang='lat' dir='ltr'><strong>mternam</strong></span> <span class='ocrx_word' id='word_1_437' title='bbox 1450 3826 1721 3880; x_wconf 54' lang='lat' dir='ltr'><strong>immutate</strong></span> <span class='ocrx_word' id='word_1_438' title='bbox 1745 3824 1928 3894; x_wconf 69' lang='lat' dir='ltr'><strong>glorie</strong></span> <span class='ocrx_word' id='word_1_439' title='bbox 1959 3825 2122 3880; x_wconf 89' lang='lat' dir='ltr'><strong>vitam</strong></span> 
     </span>
    </p>
   </div>
   <div class='ocr_carea' id='block_1_54' title="bbox 532 3914 2125 3998">
    <p class='ocr_par' dir='ltr' id='par_1_54' title="bbox 532 3914 2125 3998">
     <span class='ocr_line' id='line_1_54' title="bbox 532 3914 2125 3998; baseline -0.009 -16"><span class='ocrx_word' id='word_1_440' title='bbox 532 3925 1015 3998; x_wconf 88' lang='lat' dir='ltr'><strong>apprehendamus.</strong></span> <span class='ocrx_word' id='word_1_441' title='bbox 1044 3920 1101 3975; x_wconf 92' lang='lat' dir='ltr'><strong>Si</strong></span> <span class='ocrx_word' id='word_1_442' title='bbox 1128 3918 1273 3975; x_wconf 89' lang='lat' dir='ltr'><strong>enim</strong></span> <span class='ocrx_word' id='word_1_443' title='bbox 1303 3932 1404 3989; x_wconf 90' lang='lat' dir='ltr'><strong>pro</strong></span> <span class='ocrx_word' id='word_1_444' title='bbox 1434 3914 1654 3971; x_wconf 86' lang='lat' dir='ltr'><strong>caducis</strong></span> <span class='ocrx_word' id='word_1_445' title='bbox 1684 3914 1848 3970; x_wconf 89' lang='lat' dir='ltr'><strong>rebus</strong></span> <span class='ocrx_word' id='word_1_446' title='bbox 1873 3914 1989 3970; x_wconf 61' lang='lat' dir='ltr'><strong>base</strong></span> <span class='ocrx_word' id='word_1_447' title='bbox 2022 3914 2039 3986; x_wconf 93' lang='lat'><strong>(</strong></span> <span class='ocrx_word' id='word_1_448' title='bbox 2067 3923 2125 3968; x_wconf 92' lang='lat' dir='ltr'><strong>ut</strong></span> 
     </span>
    </p>
   </div>
   <div class='ocr_carea' id='block_1_55' title="bbox 532 4006 2125 4087">
    <p class='ocr_par' dir='ltr' id='par_1_55' title="bbox 532 4006 2125 4087">
     <span class='ocr_line' id='line_1_55' title="bbox 532 4006 2125 4087; baseline -0.009 -10"><span class='ocrx_word' id='word_1_449' title='bbox 532 4022 766 4076; x_wconf 69' lang='lat' dir='ltr'><strong>diximus</strong></span> <span class='ocrx_word' id='word_1_450' title='bbox 792 4014 1062 4087; x_wconf 66' lang='lat' dir='ltr'><strong>perszepe)</strong></span> <span class='ocrx_word' id='word_1_451' title='bbox 1086 4012 1333 4070; x_wconf 90' lang='lat' dir='ltr'><strong>accidunt</strong></span> <span class='ocrx_word' id='word_1_452' title='bbox 1356 4019 1411 4066; x_wconf 91' lang='lat' dir='ltr'><strong>et</strong></span> <span class='ocrx_word' id='word_1_453' title='bbox 1447 4025 1554 4064; x_wconf 90' lang='lat' dir='ltr'><strong>non</strong></span> <span class='ocrx_word' id='word_1_454' title='bbox 1585 4010 1837 4075; x_wconf 87' lang='lat' dir='ltr'><strong>vincunt,</strong></span> <span class='ocrx_word' id='word_1_455' title='bbox 1869 4006 1998 4077; x_wconf 92' lang='lat' dir='ltr'><strong>quid</strong></span> <span class='ocrx_word' id='word_1_456' title='bbox 2024 4022 2125 4062; x_wconf 86' lang='lat' dir='ltr'><strong>nos</strong></span> 
     </span>
    </p>
   </div>
   <div class='ocr_carea' id='block_1_56' title="bbox 533 4098 2125 4182">
    <p class='ocr_par' dir='ltr' id='par_1_56' title="bbox 533 4098 2125 4182">
     <span class='ocr_line' id='line_1_56' title="bbox 533 4098 2125 4182; baseline -0.01 -15"><span class='ocrx_word' id='word_1_457' title='bbox 533 4125 825 4182; x_wconf 81' lang='lat' dir='ltr'><strong>regnorum</strong></span> <span class='ocrx_word' id='word_1_458' title='bbox 850 4106 1150 4164; x_wconf 64' lang='lat' dir='ltr'><strong>caelestium</strong></span> <span class='ocrx_word' id='word_1_459' title='bbox 1183 4103 1549 4171; x_wconf 88' lang='lat' dir='ltr'><strong>negotiatores</strong></span> <span class='ocrx_word' id='word_1_460' title='bbox 1579 4098 1843 4170; x_wconf 76' lang='lat' dir='ltr'><strong>fatigabit,</strong></span> <span class='ocrx_word' id='word_1_461' title='bbox 1887 4108 1981 4153; x_wconf 91' lang='lat' dir='ltr'><strong>aut</strong></span> <span class='ocrx_word' id='word_1_462' title='bbox 2007 4099 2125 4152; x_wconf 86' lang='lat' dir='ltr'><strong>vin-</strong></span> 
     </span>
    </p>
   </div>
   <div class='ocr_carea' id='block_1_57' title="bbox 531 4192 2128 4267">
    <p class='ocr_par' dir='ltr' id='par_1_57' title="bbox 531 4192 2128 4267">
     <span class='ocr_line' id='line_1_57' title="bbox 531 4192 2128 4267; baseline -0.009 -7"><span class='ocrx_word' id='word_1_463' title='bbox 531 4204 663 4262; x_wconf 88' lang='lat' dir='ltr'><strong>cet?</strong></span> <span class='ocrx_word' id='word_1_464' title='bbox 712 4202 883 4258; x_wconf 84' lang='lat' dir='ltr'><strong>Nullis</strong></span> <span class='ocrx_word' id='word_1_465' title='bbox 929 4200 1065 4255; x_wconf 65' lang='lat' dir='ltr'><strong>laetis</strong></span> <span class='ocrx_word' id='word_1_466' title='bbox 1108 4199 1194 4253; x_wconf 86' lang='lat' dir='ltr'><strong>vel</strong></span> <span class='ocrx_word' id='word_1_467' title='bbox 1234 4196 1501 4261; x_wconf 84' lang='lat' dir='ltr'><strong>tristibus,</strong></span> <span class='ocrx_word' id='word_1_468' title='bbox 1544 4194 1764 4267; x_wconf 81' lang='lat' dir='ltr'><strong>blandis</strong></span> <span class='ocrx_word' id='word_1_469' title='bbox 1805 4192 1890 4247; x_wconf 88' lang='lat' dir='ltr'><strong>vel</strong></span> <span class='ocrx_word' id='word_1_470' title='bbox 1940 4192 2128 4246; x_wconf 90' lang='lat' dir='ltr'><strong>amicis</strong></span> 
     </span>
    </p>
   </div>
   <div class='ocr_carea' id='block_1_58' title="bbox 533 4284 2124 4358">
    <p class='ocr_par' dir='ltr' id='par_1_58' title="bbox 533 4284 2124 4358">
     <span class='ocr_line' id='line_1_58' title="bbox 533 4284 2124 4358; baseline -0.009 -7"><span class='ocrx_word' id='word_1_471' title='bbox 533 4295 728 4351; x_wconf 85' lang='lat' dir='ltr'><strong>cedere</strong></span> <span class='ocrx_word' id='word_1_472' title='bbox 758 4293 1018 4348; x_wconf 85' lang='lat' dir='ltr'><strong>debemus</strong></span> <span class='ocrx_word' id='word_1_473' title='bbox 1046 4308 1059 4344; x_wconf 91' lang='lat'><strong>:</strong></span> <span class='ocrx_word' id='word_1_474' title='bbox 1102 4290 1343 4358; x_wconf 88' lang='lat' dir='ltr'><strong>utrisque</strong></span> <span class='ocrx_word' id='word_1_475' title='bbox 1372 4288 1512 4341; x_wconf 92' lang='lat' dir='ltr'><strong>enim</strong></span> <span class='ocrx_word' id='word_1_476' title='bbox 1543 4284 1775 4340; x_wconf 85' lang='lat' dir='ltr'><strong>mundus</strong></span> <span class='ocrx_word' id='word_1_477' title='bbox 1803 4284 1995 4356; x_wconf 90' lang='lat' dir='ltr'><strong>plenus</strong></span> <span class='ocrx_word' id='word_1_478' title='bbox 2020 4293 2124 4349; x_wconf 85' lang='lat' dir='ltr'><strong>est,</strong></span> 
     </span>
    </p>
   </div>
   <div class='ocr_carea' id='block_1_59' title="bbox 533 4376 2125 4457">
    <p class='ocr_par' dir='ltr' id='par_1_59' title="bbox 533 4376 2125 4457">
     <span class='ocr_line' id='line_1_59' title="bbox 533 4376 2125 4457; baseline -0.008 -15"><span class='ocrx_word' id='word_1_479' title='bbox 533 4397 589 4443; x_wconf 90' lang='lat' dir='ltr'><strong>et</strong></span> <span class='ocrx_word' id='word_1_480' title='bbox 617 4396 842 4457; x_wconf 86' lang='lat' dir='ltr'><strong>utraque</strong></span> <span class='ocrx_word' id='word_1_481' title='bbox 869 4384 980 4440; x_wconf 83' lang='lat' dir='ltr'><strong>dux</strong></span> <span class='ocrx_word' id='word_1_482' title='bbox 1007 4383 1132 4440; x_wconf 89' lang='lat' dir='ltr'><strong>belli</strong></span> <span class='ocrx_word' id='word_1_483' title='bbox 1156 4381 1325 4438; x_wconf 84' lang='lat' dir='ltr'><strong>nostri</strong></span> <span class='ocrx_word' id='word_1_484' title='bbox 1356 4379 1537 4435; x_wconf 90' lang='lat' dir='ltr'><strong>vincit.</strong></span> <span class='ocrx_word' id='word_1_485' title='bbox 1569 4377 1640 4432; x_wconf 85' lang='lat' dir='ltr'><strong>Et</strong></span> <span class='ocrx_word' id='word_1_486' title='bbox 1667 4376 1946 4433; x_wconf 88' lang='lat' dir='ltr'><strong>videamus</strong></span> <span class='ocrx_word' id='word_1_487' title='bbox 1962 4391 2125 4447; x_wconf 89' lang='lat' dir='ltr'><strong>quam</strong></span> 
     </span>
    </p>
   </div>
   <div class='ocr_carea' id='block_1_60' title="bbox 535 4469 2126 4547">
    <p class='ocr_par' dir='ltr' id='par_1_60' title="bbox 535 4469 2126 4547">
     <span class='ocr_line' id='line_1_60' title="bbox 535 4469 2126 4547; baseline -0.005 -15"><span class='ocrx_word' id='word_1_488' title='bbox 535 4476 838 4547; x_wconf 87' lang='lat' dir='ltr'><strong>periculose</strong></span> <span class='ocrx_word' id='word_1_489' title='bbox 890 4474 1197 4530; x_wconf 88' lang='lat' dir='ltr'><strong>immundus</strong></span> <span class='ocrx_word' id='word_1_490' title='bbox 1247 4471 1392 4528; x_wconf 90' lang='lat' dir='ltr'><strong>cedit</strong></span> <span class='ocrx_word' id='word_1_491' title='bbox 1439 4470 1522 4525; x_wconf 88' lang='lat' dir='ltr'><strong>his</strong></span> <span class='ocrx_word' id='word_1_492' title='bbox 1567 4470 1764 4538; x_wconf 86' lang='lat' dir='ltr'><strong>quibus</strong></span> <span class='ocrx_word' id='word_1_493' title='bbox 1811 4469 2043 4525; x_wconf 89' lang='lat' dir='ltr'><strong>mundus</strong></span> <span class='ocrx_word' id='word_1_494' title='bbox 2070 4478 2126 4524; x_wconf 87' lang='lat' dir='ltr'><strong>et</strong></span> 
     </span>
    </p>
   </div>
   <div class='ocr_carea' id='block_1_61' title="bbox 2220 1891 3814 1962">
    <p class='ocr_par' dir='ltr' id='par_1_61' title="bbox 2220 1891 3814 1962">
     <span class='ocr_line' id='line_1_61' title="bbox 2220 1891 3814 1962; baseline 0.003 -18"><span class='ocrx_word' id='word_1_495' title='bbox 2220 1891 2446 1954; x_wconf 89' lang='lat' dir='ltr'><strong>bulatio,</strong></span> <span class='ocrx_word' id='word_1_496' title='bbox 2493 1891 2635 1944; x_wconf 89' lang='lat' dir='ltr'><strong>nulla</strong></span> <span class='ocrx_word' id='word_1_497' title='bbox 2664 1891 2947 1960; x_wconf 86' lang='lat' dir='ltr'><strong>angustia,</strong></span> <span class='ocrx_word' id='word_1_498' title='bbox 2998 1893 3141 1946; x_wconf 91' lang='lat' dir='ltr'><strong>nulla</strong></span> <span class='ocrx_word' id='word_1_499' title='bbox 3192 1896 3516 1962; x_wconf 85' lang='lat' dir='ltr'><strong>persecutio,</strong></span> <span class='ocrx_word' id='word_1_500' title='bbox 3563 1896 3710 1950; x_wconf 81' lang='lat' dir='ltr'><strong>nulla</strong></span> <span class='ocrx_word' id='word_1_501' title='bbox 3742 1896 3814 1949; x_wconf 77' lang='lat' dir='ltr'><strong>fa-</strong></span> 
     </span>
    </p>
   </div>
   <div class='ocr_carea' id='block_1_62' title="bbox 2221 1981 3820 2053">
    <p class='ocr_par' dir='ltr' id='par_1_62' title="bbox 2221 1981 3820 2053">
     <span class='ocr_line' id='line_1_62' title="bbox 2221 1981 3820 2053; baseline 0.003 -17"><span class='ocrx_word' id='word_1_502' title='bbox 2221 1996 2356 2047; x_wconf 66' lang='lat' dir='ltr'><strong>mes,</strong></span> <span class='ocrx_word' id='word_1_503' title='bbox 2383 1981 2527 2035; x_wconf 90' lang='lat' dir='ltr'><strong>nulla</strong></span> <span class='ocrx_word' id='word_1_504' title='bbox 2552 1981 2784 2044; x_wconf 86' lang='lat' dir='ltr'><strong>nuditas,</strong></span> <span class='ocrx_word' id='word_1_505' title='bbox 2813 1982 3019 2036; x_wconf 92' lang='lat' dir='ltr'><strong>nullum</strong></span> <span class='ocrx_word' id='word_1_506' title='bbox 3048 1984 3368 2053; x_wconf 87' lang='lat' dir='ltr'><strong>periculum,</strong></span> <span class='ocrx_word' id='word_1_507' title='bbox 3396 1985 3540 2039; x_wconf 86' lang='lat' dir='ltr'><strong>nulla</strong></span> <span class='ocrx_word' id='word_1_508' title='bbox 3568 1985 3650 2040; x_wconf 89' lang='lat' dir='ltr'><strong>vel</strong></span> <span class='ocrx_word' id='word_1_509' title='bbox 3675 2002 3820 2041; x_wconf 69' lang='lat' dir='ltr'><strong>mors</strong></span> 
     </span>
    </p>
   </div>
   <div class='ocr_carea' id='block_1_63' title="bbox 2220 2071 3813 2142">
    <p class='ocr_par' dir='ltr' id='par_1_63' title="bbox 2220 2071 3813 2142">
     <span class='ocr_line' id='line_1_63' title="bbox 2220 2071 3813 2142; baseline 0.004 -17"><span class='ocrx_word' id='word_1_510' title='bbox 2220 2071 2400 2139; x_wconf 80' lang='lat' dir='ltr'><strong>gladii,</strong></span> <span class='ocrx_word' id='word_1_511' title='bbox 2431 2071 2588 2140; x_wconf 68' lang='lat' dir='ltr'><strong>ignis,</strong></span> <span class='ocrx_word' id='word_1_512' title='bbox 2617 2072 2809 2136; x_wconf 89' lang='lat' dir='ltr'><strong>crucis,</strong></span> <span class='ocrx_word' id='word_1_513' title='bbox 2850 2073 3037 2140; x_wconf 83' lang='lat' dir='ltr'><strong>necis;</strong></span> <span class='ocrx_word' id='word_1_514' title='bbox 3071 2074 3204 2128; x_wconf 88' lang='lat' dir='ltr'><strong>nihil</strong></span> <span class='ocrx_word' id='word_1_515' title='bbox 3237 2076 3410 2142; x_wconf 84' lang='lat' dir='ltr'><strong>triste,</strong></span> <span class='ocrx_word' id='word_1_516' title='bbox 3444 2076 3574 2130; x_wconf 90' lang='lat' dir='ltr'><strong>nihil</strong></span> <span class='ocrx_word' id='word_1_517' title='bbox 3603 2092 3776 2131; x_wconf 67' lang='lat' dir='ltr'><strong>suave</strong></span> <span class='ocrx_word' id='word_1_518' title='bbox 3796 2118 3813 2142; x_wconf 90' lang='lat'><strong>,</strong></span> 
     </span>
    </p>
   </div>
   <div class='ocr_carea' id='block_1_64' title="bbox 2222 2163 3819 2234">
    <p class='ocr_par' dir='ltr' id='par_1_64' title="bbox 2222 2163 3819 2234">
     <span class='ocr_line' id='line_1_64' title="bbox 2222 2163 3819 2234; baseline 0.007 -20"><span class='ocrx_word' id='word_1_519' title='bbox 2222 2163 2349 2216; x_wconf 87' lang='lat' dir='ltr'><strong>nihil</strong></span> <span class='ocrx_word' id='word_1_520' title='bbox 2383 2163 2608 2229; x_wconf 89' lang='lat' dir='ltr'><strong>durum,</strong></span> <span class='ocrx_word' id='word_1_521' title='bbox 2661 2164 2792 2218; x_wconf 91' lang='lat' dir='ltr'><strong>nihil</strong></span> <span class='ocrx_word' id='word_1_522' title='bbox 2841 2164 3119 2234; x_wconf 88' lang='lat' dir='ltr'><strong>blandum,</strong></span> <span class='ocrx_word' id='word_1_523' title='bbox 3164 2167 3296 2221; x_wconf 90' lang='lat' dir='ltr'><strong>nihil</strong></span> <span class='ocrx_word' id='word_1_524' title='bbox 3335 2169 3518 2223; x_wconf 84' lang='lat' dir='ltr'><strong>mundi</strong></span> <span class='ocrx_word' id='word_1_525' title='bbox 3572 2184 3819 2225; x_wconf 84' lang='lat' dir='ltr'><strong>verorum</strong></span> 
     </span>
    </p>
   </div>
   <div class='ocr_carea' id='block_1_65' title="bbox 2222 2254 3821 2331">
    <p class='ocr_par' dir='ltr' id='par_1_65' title="bbox 2222 2254 3821 2331">
     <span class='ocr_line' id='line_1_65' title="bbox 2222 2254 3821 2331; baseline 0.008 -23"><span class='ocrx_word' id='word_1_526' title='bbox 2222 2254 2410 2328; x_wconf 80' lang='lat' dir='ltr'><strong>[Forte</strong></span> <span class='ocrx_word' id='word_1_527' title='bbox 2434 2255 2717 2328; x_wconf 81' lang='lat' dir='ltr'><strong>vanorum]</strong></span> <span class='ocrx_word' id='word_1_528' title='bbox 2751 2274 2850 2313; x_wconf 91' lang='lat' dir='ltr'><strong>nos</strong></span> <span class='ocrx_word' id='word_1_529' title='bbox 2877 2274 2906 2313; x_wconf 89' lang='lat' dir='ltr'><strong>a</strong></span> <span class='ocrx_word' id='word_1_530' title='bbox 2944 2257 3162 2315; x_wconf 89' lang='lat' dir='ltr'><strong>Christo</strong></span> <span class='ocrx_word' id='word_1_531' title='bbox 3204 2272 3441 2331; x_wconf 88' lang='lat' dir='ltr'><strong>separet,</strong></span> <span class='ocrx_word' id='word_1_532' title='bbox 3475 2272 3534 2317; x_wconf 90' lang='lat' dir='ltr'><strong>ut</strong></span> <span class='ocrx_word' id='word_1_533' title='bbox 3572 2264 3622 2319; x_wconf 90' lang='lat' dir='ltr'><strong>ei</strong></span> <span class='ocrx_word' id='word_1_534' title='bbox 3651 2264 3745 2320; x_wconf 90' lang='lat' dir='ltr'><strong>hic</strong></span> <span class='ocrx_word' id='word_1_535' title='bbox 3772 2275 3821 2320; x_wconf 87' lang='lat' dir='ltr'><strong>et</strong></span> 
     </span>
    </p>
   </div>
   <div class='ocr_carea' id='block_1_66' title="bbox 2222 2348 3644 2411">
    <p class='ocr_par' dir='ltr' id='par_1_66' title="bbox 2222 2348 3644 2411">
     <span class='ocr_line' id='line_1_66' title="bbox 2222 2348 3644 2411; baseline 0.006 -9"><span class='ocrx_word' id='word_1_536' title='bbox 2222 2348 2273 2403; x_wconf 90' lang='lat' dir='ltr'><strong>in</strong></span> <span class='ocrx_word' id='word_1_537' title='bbox 2294 2359 2496 2406; x_wconf 69' lang='lat' dir='ltr'><strong>mterna</strong></span> <span class='ocrx_word' id='word_1_538' title='bbox 2522 2350 2718 2406; x_wconf 70' lang='lat' dir='ltr'><strong>smcula</strong></span> <span class='ocrx_word' id='word_1_539' title='bbox 2753 2350 3053 2407; x_wconf 72' lang='lat' dir='ltr'><strong>hrereamus</strong></span> <span class='ocrx_word' id='word_1_540' title='bbox 3074 2354 3423 2410; x_wconf 73' lang='lat' dir='ltr'><strong>szeculorum.</strong></span> <span class='ocrx_word' id='word_1_541' title='bbox 3456 2356 3644 2411; x_wconf 82' lang='lat' dir='ltr'><strong>Amen.</strong></span> 
     </span>
    </p>
   </div>
   <div class='ocr_carea' id='block_1_67' title="bbox 2781 2445 3279 2539">
    <p class='ocr_par' dir='ltr' id='par_1_67' title="bbox 2781 2445 3279 2539">
     <span class='ocr_line' id='line_1_67' title="bbox 2781 2445 3279 2539; baseline 0.006 -3"><span class='ocrx_word' id='word_1_542' title='bbox 2781 2445 3279 2539; x_wconf 65' lang='grc' dir='ltr'><strong>ιΝδτιιυοτιοίν.</strong></span> 
     </span>
    </p>
   </div>
   <div class='ocr_carea' id='block_1_68' title="bbox 2225 2580 3821 2669">
    <p class='ocr_par' dir='ltr' id='par_1_68' title="bbox 2225 2580 3821 2669">
     <span class='ocr_line' id='line_1_68' title="bbox 2225 2580 3821 2669; baseline 0.007 -22"><span class='ocrx_word' id='word_1_543' title='bbox 2225 2596 2375 2664; x_wconf 83' lang='lat' dir='ltr'><strong>Quod</strong></span> <span class='ocrx_word' id='word_1_544' title='bbox 2426 2580 2654 2667; x_wconf 75' lang='lat' dir='ltr'><strong>prwsens</strong></span> <span class='ocrx_word' id='word_1_545' title='bbox 2709 2599 2812 2651; x_wconf 81' lang='lat' dir='ltr'><strong>rita</strong></span> <span class='ocrx_word' id='word_1_546' title='bbox 2854 2615 2959 2652; x_wconf 85' lang='lat' dir='ltr'><strong>non</strong></span> <span class='ocrx_word' id='word_1_547' title='bbox 3006 2599 3073 2652; x_wconf 85' lang='lat' dir='ltr'><strong>sit</strong></span> <span class='ocrx_word' id='word_1_548' title='bbox 3136 2599 3354 2653; x_wconf 84' lang='lat' dir='ltr'><strong>dicenda</strong></span> <span class='ocrx_word' id='word_1_549' title='bbox 3411 2604 3552 2669; x_wconf 78' lang='lat' dir='ltr'><strong>vita,</strong></span> <span class='ocrx_word' id='word_1_550' title='bbox 3601 2604 3693 2657; x_wconf 79' lang='lat' dir='ltr'><strong>sed</strong></span> <span class='ocrx_word' id='word_1_551' title='bbox 3726 2604 3821 2659; x_wconf 85' lang='lat' dir='ltr'><strong>ria.</strong></span> 
     </span>
    </p>
   </div>
   <div class='ocr_carea' id='block_1_69' title="bbox 2293 2718 3823 2804">
    <p class='ocr_par' dir='ltr' id='par_1_69' title="bbox 2293 2718 3823 2804">
     <span class='ocr_line' id='line_1_69' title="bbox 2293 2718 3823 2804; baseline 0.002 -17"><span class='ocrx_word' id='word_1_552' title='bbox 2293 2733 2333 2787; x_wconf 91' lang='grc' dir='ltr'><strong>Ι.</strong></span> <span class='ocrx_word' id='word_1_553' title='bbox 2365 2731 2408 2786; x_wconf 87' lang='grc'>0</span> <span class='ocrx_word' id='word_1_554' title='bbox 2439 2718 2517 2799; x_wconf 84' lang='grc' dir='ltr'>ιιι,</span> <span class='ocrx_word' id='word_1_555' title='bbox 2547 2734 2675 2800; x_wconf 89' lang='lat' dir='ltr'><strong>vita,</strong></span> <span class='ocrx_word' id='word_1_556' title='bbox 2705 2743 2938 2803; x_wconf 87' lang='lat' dir='ltr'><strong>quantos</strong></span> <span class='ocrx_word' id='word_1_557' title='bbox 2966 2733 3245 2804; x_wconf 85' lang='lat' dir='ltr'><strong>decepisti,</strong></span> <span class='ocrx_word' id='word_1_558' title='bbox 3277 2740 3511 2804; x_wconf 86' lang='lat' dir='ltr'><strong>quantos</strong></span> <span class='ocrx_word' id='word_1_559' title='bbox 3538 2735 3823 2802; x_wconf 80' lang='lat' dir='ltr'><strong>seduxiSIi,</strong></span> 
     </span>
    </p>
   </div>
   <div class='ocr_carea' id='block_1_70' title="bbox 2220 2823 3825 2894">
    <p class='ocr_par' dir='ltr' id='par_1_70' title="bbox 2220 2823 3825 2894">
     <span class='ocr_line' id='line_1_70' title="bbox 2220 2823 3825 2894; baseline 0.003 -17"><span class='ocrx_word' id='word_1_560' title='bbox 2220 2833 2451 2894; x_wconf 81' lang='lat' dir='ltr'><strong>quantos</strong></span> <span class='ocrx_word' id='word_1_561' title='bbox 2479 2823 2789 2878; x_wconf 64' lang='lat' dir='ltr'><strong>excaecasti!</strong></span> <span class='ocrx_word' id='word_1_562' title='bbox 2818 2838 2937 2894; x_wconf 77' lang='lat' dir='ltr'><strong>qua:</strong></span> <span class='ocrx_word' id='word_1_563' title='bbox 2966 2823 3092 2878; x_wconf 91' lang='lat' dir='ltr'><strong>dum</strong></span> <span class='ocrx_word' id='word_1_564' title='bbox 3123 2825 3283 2892; x_wconf 66' lang='lat' dir='ltr'><strong>iugis,</strong></span> <span class='ocrx_word' id='word_1_565' title='bbox 3315 2824 3446 2879; x_wconf 88' lang='lat' dir='ltr'><strong>nihil</strong></span> <span class='ocrx_word' id='word_1_566' title='bbox 3473 2840 3561 2890; x_wconf 89' lang='lat' dir='ltr'><strong>es,</strong></span> <span class='ocrx_word' id='word_1_567' title='bbox 3590 2826 3723 2882; x_wconf 83' lang='lat' dir='ltr'><strong>dum</strong></span> <span class='ocrx_word' id='word_1_568' title='bbox 3751 2827 3825 2881; x_wconf 86' lang='lat' dir='ltr'><strong>vi-</strong></span> 
     </span>
    </p>
   </div>
   <div class='ocr_carea' id='block_1_71' title="bbox 2222 2916 3827 2989">
    <p class='ocr_par' dir='ltr' id='par_1_71' title="bbox 2222 2916 3827 2989">
     <span class='ocr_line' id='line_1_71' title="bbox 2222 2916 3827 2989; baseline 0.002 -19"><span class='ocrx_word' id='word_1_569' title='bbox 2222 2916 2396 2984; x_wconf 87' lang='lat' dir='ltr'><strong>deris,</strong></span> <span class='ocrx_word' id='word_1_570' title='bbox 2421 2916 2606 2970; x_wconf 90' lang='lat' dir='ltr'><strong>umbra</strong></span> <span class='ocrx_word' id='word_1_571' title='bbox 2636 2930 2723 2981; x_wconf 90' lang='lat' dir='ltr'><strong>es;</strong></span> <span class='ocrx_word' id='word_1_572' title='bbox 2748 2916 2872 2969; x_wconf 89' lang='lat' dir='ltr'><strong>dum</strong></span> <span class='ocrx_word' id='word_1_573' title='bbox 2906 2916 3160 2971; x_wconf 83' lang='lat' dir='ltr'><strong>exaltaris</strong></span> <span class='ocrx_word' id='word_1_574' title='bbox 3184 2959 3199 2984; x_wconf 91' lang='lat'><strong>,</strong></span> <span class='ocrx_word' id='word_1_575' title='bbox 3230 2916 3408 2971; x_wconf 81' lang='lat' dir='ltr'><strong>lamus</strong></span> <span class='ocrx_word' id='word_1_576' title='bbox 3428 2933 3515 2986; x_wconf 89' lang='lat' dir='ltr'><strong>es;</strong></span> <span class='ocrx_word' id='word_1_577' title='bbox 3544 2933 3662 2988; x_wconf 65' lang='lat' dir='ltr'><strong>quae</strong></span> <span class='ocrx_word' id='word_1_578' title='bbox 3688 2934 3827 2989; x_wconf 86' lang='lat' dir='ltr'><strong>quo-</strong></span> 
     </span>
    </p>
   </div>
   <div class='ocr_carea' id='block_1_72' title="bbox 2223 3004 3829 3078">
    <p class='ocr_par' dir='ltr' id='par_1_72' title="bbox 2223 3004 3829 3078">
     <span class='ocr_line' id='line_1_72' title="bbox 2223 3004 3829 3078; baseline 0.001 -17"><span class='ocrx_word' id='word_1_579' title='bbox 2223 3005 2350 3061; x_wconf 77' lang='lat' dir='ltr'><strong>tidie</strong></span> <span class='ocrx_word' id='word_1_580' title='bbox 2381 3005 2515 3074; x_wconf 83' lang='lat' dir='ltr'><strong>fugis</strong></span> <span class='ocrx_word' id='word_1_581' title='bbox 2540 3046 2556 3071; x_wconf 95' lang='lat'><strong>,</strong></span> <span class='ocrx_word' id='word_1_582' title='bbox 2613 3013 2669 3059; x_wconf 91' lang='lat' dir='ltr'><strong>et</strong></span> <span class='ocrx_word' id='word_1_583' title='bbox 2692 3004 2933 3073; x_wconf 88' lang='lat' dir='ltr'><strong>quotidie</strong></span> <span class='ocrx_word' id='word_1_584' title='bbox 2962 3005 3143 3071; x_wconf 84' lang='lat' dir='ltr'><strong>venis;</strong></span> <span class='ocrx_word' id='word_1_585' title='bbox 3197 3005 3464 3061; x_wconf 53' lang='lat' dir='ltr'><strong>vt-nivndo</strong></span> <span class='ocrx_word' id='word_1_586' title='bbox 3485 3005 3654 3076; x_wconf 89' lang='lat' dir='ltr'><strong>fugis,</strong></span> <span class='ocrx_word' id='word_1_587' title='bbox 3714 3024 3829 3078; x_wconf 79' lang='lat' dir='ltr'><strong>quze</strong></span> 
     </span>
    </p>
   </div>
   <div class='ocr_carea' id='block_1_73' title="bbox 2222 3095 3829 3165">
    <p class='ocr_par' dir='ltr' id='par_1_73' title="bbox 2222 3095 3829 3165">
     <span class='ocr_line' id='line_1_73' title="bbox 2222 3095 3829 3165; baseline 0.003 -16"><span class='ocrx_word' id='word_1_588' title='bbox 2222 3096 2476 3165; x_wconf 84' lang='lat' dir='ltr'><strong>fugiendo</strong></span> <span class='ocrx_word' id='word_1_589' title='bbox 2509 3095 2657 3150; x_wconf 84' lang='lat' dir='ltr'><strong>venis</strong></span> <span class='ocrx_word' id='word_1_590' title='bbox 2685 3112 2699 3159; x_wconf 90' lang='lat'><strong>;</strong></span> <span class='ocrx_word' id='word_1_591' title='bbox 2733 3095 3010 3151; x_wconf 88' lang='lat' dir='ltr'><strong>dissimilis</strong></span> <span class='ocrx_word' id='word_1_592' title='bbox 3039 3107 3236 3151; x_wconf 89' lang='lat' dir='ltr'><strong>eventu</strong></span> <span class='ocrx_word' id='word_1_593' title='bbox 3256 3138 3272 3164; x_wconf 97' lang='lat'><strong>,</strong></span> <span class='ocrx_word' id='word_1_594' title='bbox 3312 3097 3502 3152; x_wconf 80' lang='lat' dir='ltr'><strong>similis</strong></span> <span class='ocrx_word' id='word_1_595' title='bbox 3529 3109 3688 3164; x_wconf 87' lang='lat' dir='ltr'><strong>ortu;</strong></span> <span class='ocrx_word' id='word_1_596' title='bbox 3720 3100 3829 3154; x_wconf 58' lang='lat' dir='ltr'><strong>di,-</strong></span> 
     </span>
    </p>
   </div>
   <div class='ocr_carea' id='block_1_74' title="bbox 2146 3185 3831 3263">
    <p class='ocr_par' dir='ltr' id='par_1_74' title="bbox 2146 3185 3831 3263">
     <span class='ocr_line' id='line_1_74' title="bbox 2146 3185 3831 3263; baseline 0.001 -20"><span class='ocrx_word' id='word_1_597' title='bbox 2146 3187 2409 3263; x_wconf 76' lang='lat' dir='ltr'><strong>Csiniilis</strong></span> <span class='ocrx_word' id='word_1_598' title='bbox 2469 3188 2636 3252; x_wconf 90' lang='lat' dir='ltr'><strong>luxu;</strong></span> <span class='ocrx_word' id='word_1_599' title='bbox 2690 3186 2879 3241; x_wconf 85' lang='lat' dir='ltr'><strong>similis</strong></span> <span class='ocrx_word' id='word_1_600' title='bbox 2931 3185 3108 3253; x_wconf 82' lang='lat' dir='ltr'><strong>lluxn;</strong></span> <span class='ocrx_word' id='word_1_601' title='bbox 3162 3187 3335 3243; x_wconf 83' lang='lat' dir='ltr'><strong>dulcis</strong></span> <span class='ocrx_word' id='word_1_602' title='bbox 3381 3188 3588 3255; x_wconf 85' lang='lat' dir='ltr'><strong>stultis,</strong></span> <span class='ocrx_word' id='word_1_603' title='bbox 3645 3204 3831 3245; x_wconf 80' lang='lat' dir='ltr'><strong>atnara</strong></span> 
     </span>
    </p>
   </div>
   <div class='ocr_carea' id='block_1_75' title="bbox 2228 3276 3834 3350">
    <p class='ocr_par' dir='ltr' id='par_1_75' title="bbox 2228 3276 3834 3350">
     <span class='ocr_line' id='line_1_75' title="bbox 2228 3276 3834 3350; baseline 0.002 -16"><span class='ocrx_word' id='word_1_604' title='bbox 2228 3279 2576 3350; x_wconf 86' lang='lat' dir='ltr'><strong>sapientibus.</strong></span> <span class='ocrx_word' id='word_1_605' title='bbox 2635 3276 2737 3345; x_wconf 85' lang='lat' dir='ltr'><strong>Qui</strong></span> <span class='ocrx_word' id='word_1_606' title='bbox 2766 3286 2818 3334; x_wconf 91' lang='lat' dir='ltr'><strong>te</strong></span> <span class='ocrx_word' id='word_1_607' title='bbox 2847 3289 3059 3343; x_wconf 67' lang='lat' dir='ltr'><strong>autaut,</strong></span> <span class='ocrx_word' id='word_1_608' title='bbox 3093 3294 3198 3335; x_wconf 90' lang='lat' dir='ltr'><strong>non</strong></span> <span class='ocrx_word' id='word_1_609' title='bbox 3231 3288 3283 3334; x_wconf 91' lang='lat' dir='ltr'><strong>te</strong></span> <span class='ocrx_word' id='word_1_610' title='bbox 3312 3280 3488 3335; x_wconf 88' lang='lat' dir='ltr'><strong>sciunt</strong></span> <span class='ocrx_word' id='word_1_611' title='bbox 3514 3297 3529 3346; x_wconf 91' lang='lat'><strong>;</strong></span> <span class='ocrx_word' id='word_1_612' title='bbox 3575 3293 3632 3336; x_wconf 89' lang='lat' dir='ltr'><strong>et</strong></span> <span class='ocrx_word' id='word_1_613' title='bbox 3657 3282 3753 3350; x_wconf 87' lang='lat' dir='ltr'><strong>qui</strong></span> <span class='ocrx_word' id='word_1_614' title='bbox 3783 3290 3834 3338; x_wconf 78' lang='lat' dir='ltr'><strong>to</strong></span> 
     </span>
    </p>
   </div>
   <div class='ocr_carea' id='block_1_76' title="bbox 2226 3356 3833 3441">
    <p class='ocr_par' dir='ltr' id='par_1_76' title="bbox 2226 3356 3833 3441">
     <span class='ocr_line' id='line_1_76' title="bbox 2226 3356 3833 3441; baseline -0.001 -13"><span class='ocrx_word' id='word_1_615' title='bbox 2226 3380 2614 3435; x_wconf 89' lang='lat' dir='ltr'><strong>contemnunt,</strong></span> <span class='ocrx_word' id='word_1_616' title='bbox 2647 3370 2746 3441; x_wconf 89' lang='lat' dir='ltr'><strong>ipsi</strong></span> <span class='ocrx_word' id='word_1_617' title='bbox 2786 3379 2839 3426; x_wconf 90' lang='lat' dir='ltr'><strong>te</strong></span> <span class='ocrx_word' id='word_1_618' title='bbox 2868 3356 3192 3441; x_wconf 86' lang='lat' dir='ltr'><strong>intelligunt.</strong></span> <span class='ocrx_word' id='word_1_619' title='bbox 3226 3370 3366 3441; x_wconf 75' lang='lat' dir='ltr'><strong>Ergo</strong></span> <span class='ocrx_word' id='word_1_620' title='bbox 3397 3388 3503 3428; x_wconf 91' lang='lat' dir='ltr'><strong>non</strong></span> <span class='ocrx_word' id='word_1_621' title='bbox 3535 3390 3595 3428; x_wconf 79' lang='lat' dir='ltr'><strong>cs</strong></span> <span class='ocrx_word' id='word_1_622' title='bbox 3622 3388 3784 3427; x_wconf 80' lang='lat' dir='ltr'><strong>verax</strong></span> <span class='ocrx_word' id='word_1_623' title='bbox 3812 3413 3833 3441; x_wconf 85' lang='lat'><strong>,</strong></span> 
     </span>
    </p>
   </div>
   <div class='ocr_carea' id='block_1_77' title="bbox 2225 3463 3835 3536">
    <p class='ocr_par' dir='ltr' id='par_1_77' title="bbox 2225 3463 3835 3536">
     <span class='ocr_line' id='line_1_77' title="bbox 2225 3463 3835 3536; baseline 0.002 -17"><span class='ocrx_word' id='word_1_624' title='bbox 2225 3465 2319 3519; x_wconf 88' lang='lat' dir='ltr'><strong>sed</strong></span> <span class='ocrx_word' id='word_1_625' title='bbox 2351 3463 2550 3518; x_wconf 81' lang='lat' dir='ltr'><strong>fallax:</strong></span> <span class='ocrx_word' id='word_1_626' title='bbox 2584 3473 2637 3519; x_wconf 91' lang='lat' dir='ltr'><strong>te</strong></span> <span class='ocrx_word' id='word_1_627' title='bbox 2675 3463 2914 3519; x_wconf 89' lang='lat' dir='ltr'><strong>ostendis</strong></span> <span class='ocrx_word' id='word_1_628' title='bbox 2947 3475 3200 3536; x_wconf 69' lang='lat' dir='ltr'><strong>tanquam</strong></span> <span class='ocrx_word' id='word_1_629' title='bbox 3247 3480 3465 3530; x_wconf 89' lang='lat' dir='ltr'><strong>veram,</strong></span> <span class='ocrx_word' id='word_1_630' title='bbox 3517 3474 3570 3521; x_wconf 91' lang='lat' dir='ltr'><strong>te</strong></span> <span class='ocrx_word' id='word_1_631' title='bbox 3616 3467 3835 3522; x_wconf 80' lang='lat' dir='ltr'><strong>reducis</strong></span> 
     </span>
    </p>
   </div>
   <div class='ocr_carea' id='block_1_78' title="bbox 2228 3554 3833 3628">
    <p class='ocr_par' dir='ltr' id='par_1_78' title="bbox 2228 3554 3833 3628">
     <span class='ocr_line' id='line_1_78' title="bbox 2228 3554 3833 3628; baseline -0.001 -16"><span class='ocrx_word' id='word_1_632' title='bbox 2228 3566 2479 3628; x_wconf 88' lang='lat' dir='ltr'><strong>tanquam</strong></span> <span class='ocrx_word' id='word_1_633' title='bbox 2525 3554 2787 3613; x_wconf 87' lang='lat' dir='ltr'><strong>fallacem.</strong></span> <span class='ocrx_word' id='word_1_634' title='bbox 2821 3556 2959 3624; x_wconf 79' lang='lat' dir='ltr'><strong>Quid</strong></span> <span class='ocrx_word' id='word_1_635' title='bbox 3007 3573 3137 3627; x_wconf 83' lang='lat' dir='ltr'><strong>ergo</strong></span> <span class='ocrx_word' id='word_1_636' title='bbox 3165 3573 3243 3622; x_wconf 79' lang='lat' dir='ltr'><strong>es,</strong></span> <span class='ocrx_word' id='word_1_637' title='bbox 3292 3557 3520 3611; x_wconf 89' lang='lat' dir='ltr'><strong>humana</strong></span> <span class='ocrx_word' id='word_1_638' title='bbox 3556 3558 3705 3613; x_wconf 79' lang='lat' dir='ltr'><strong>vita?</strong></span> <span class='ocrx_word' id='word_1_639' title='bbox 3736 3557 3833 3612; x_wconf 82' lang='lat' dir='ltr'><strong>Via</strong></span> 
     </span>
    </p>
   </div>
   <div class='ocr_carea' id='block_1_79' title="bbox 2228 3638 3831 3718">
    <p class='ocr_par' dir='ltr' id='par_1_79' title="bbox 2228 3638 3831 3718">
     <span class='ocr_line' id='line_1_79' title="bbox 2228 3638 3831 3718; baseline -0.001 -12"><span class='ocrx_word' id='word_1_640' title='bbox 2228 3667 2288 3706; x_wconf 89' lang='lat' dir='ltr'><strong>es</strong></span> <span class='ocrx_word' id='word_1_641' title='bbox 2317 3638 2664 3717; x_wconf 90' lang='lat' dir='ltr'><strong>mortalium,</strong></span> <span class='ocrx_word' id='word_1_642' title='bbox 2696 3658 2752 3705; x_wconf 88' lang='lat' dir='ltr'><strong>et</strong></span> <span class='ocrx_word' id='word_1_643' title='bbox 2778 3665 2885 3705; x_wconf 90' lang='lat' dir='ltr'><strong>non</strong></span> <span class='ocrx_word' id='word_1_644' title='bbox 2928 3650 3075 3715; x_wconf 88' lang='lat' dir='ltr'><strong>vita;</strong></span> <span class='ocrx_word' id='word_1_645' title='bbox 3120 3646 3162 3702; x_wconf 76' lang='lat' dir='ltr'><strong>a&#39;</strong></span> <span class='ocrx_word' id='word_1_646' title='bbox 3195 3658 3419 3718; x_wconf 86' lang='lat' dir='ltr'><strong>peccato</strong></span> <span class='ocrx_word' id='word_1_647' title='bbox 3446 3648 3714 3716; x_wconf 84' lang='lat' dir='ltr'><strong>incipiens</strong></span> <span class='ocrx_word' id='word_1_648' title='bbox 3743 3665 3831 3705; x_wconf 85' lang='lat' dir='ltr'><strong>us-</strong></span> 
     </span>
    </p>
   </div>
   <div class='ocr_carea' id='block_1_80' title="bbox 2226 3740 3832 3812">
    <p class='ocr_par' dir='ltr' id='par_1_80' title="bbox 2226 3740 3832 3812">
     <span class='ocr_line' id='line_1_80' title="bbox 2226 3740 3832 3812; baseline 0 -17"><span class='ocrx_word' id='word_1_649' title='bbox 2226 3756 2331 3812; x_wconf 89' lang='lat' dir='ltr'><strong>que</strong></span> <span class='ocrx_word' id='word_1_650' title='bbox 2359 3740 2427 3794; x_wconf 89' lang='lat' dir='ltr'><strong>ad</strong></span> <span class='ocrx_word' id='word_1_651' title='bbox 2460 3749 2726 3803; x_wconf 65' lang='lat' dir='ltr'><strong>mortem;</strong></span> <span class='ocrx_word' id='word_1_652' title='bbox 2778 3756 2904 3796; x_wconf 88' lang='lat' dir='ltr'><strong>vera</strong></span> <span class='ocrx_word' id='word_1_653' title='bbox 2958 3741 3296 3809; x_wconf 72' lang='lat' dir='ltr'><strong>eniuresses</strong></span> <span class='ocrx_word' id='word_1_654' title='bbox 3348 3741 3394 3795; x_wconf 87' lang='lat' dir='ltr'><strong>si</strong></span> <span class='ocrx_word' id='word_1_655' title='bbox 3448 3748 3503 3796; x_wconf 91' lang='lat' dir='ltr'><strong>te</strong></span> <span class='ocrx_word' id='word_1_656' title='bbox 3548 3751 3832 3809; x_wconf 83' lang='lat' dir='ltr'><strong>peccatum</strong></span> 
     </span>
    </p>
   </div>
   <div class='ocr_carea' id='block_1_81' title="bbox 2228 3833 3833 3905">
    <p class='ocr_par' dir='ltr' id='par_1_81' title="bbox 2228 3833 3833 3905">
     <span class='ocr_line' id='line_1_81' title="bbox 2228 3833 3833 3905; baseline 0.002 -17"><span class='ocrx_word' id='word_1_657' title='bbox 2228 3833 2413 3905; x_wconf 79' lang='lat' dir='ltr'><strong>prima:</strong></span> <span class='ocrx_word' id='word_1_658' title='bbox 2445 3834 2887 3902; x_wconf 75' lang='lat' dir='ltr'><strong>transgressionis</strong></span> <span class='ocrx_word' id='word_1_659' title='bbox 2915 3834 3160 3889; x_wconf 78' lang='lat' dir='ltr'><strong>humana:</strong></span> <span class='ocrx_word' id='word_1_660' title='bbox 3189 3849 3299 3889; x_wconf 90' lang='lat' dir='ltr'><strong>non</strong></span> <span class='ocrx_word' id='word_1_661' title='bbox 3346 3834 3609 3905; x_wconf 87' lang='lat' dir='ltr'><strong>interrupi</strong></span> <span class='ocrx_word' id='word_1_662' title='bbox 3641 3844 3747 3902; x_wconf 80' lang='lat' dir='ltr'><strong>set,</strong></span> <span class='ocrx_word' id='word_1_663' title='bbox 3776 3844 3833 3891; x_wconf 86' lang='lat' dir='ltr'><strong>et</strong></span> 
     </span>
    </p>
   </div>
   <div class='ocr_carea' id='block_1_82' title="bbox 2229 3916 3838 3995">
    <p class='ocr_par' dir='ltr' id='par_1_82' title="bbox 2229 3916 3838 3995">
     <span class='ocr_line' id='line_1_82' title="bbox 2229 3916 3838 3995; baseline 0.003 -15"><span class='ocrx_word' id='word_1_664' title='bbox 2229 3934 2356 3982; x_wconf 90' lang='lat' dir='ltr'><strong>tunc</strong></span> <span class='ocrx_word' id='word_1_665' title='bbox 2387 3936 2409 3963; x_wconf 76' lang='grc' dir='ltr'><strong>ι</strong></span> <span class='ocrx_word' id='word_1_666' title='bbox 2435 3916 2769 3982; x_wconf 89' lang='lat' dir='ltr'><strong>cassabunda</strong></span> <span class='ocrx_word' id='word_1_667' title='bbox 2798 3936 2854 3981; x_wconf 89' lang='lat' dir='ltr'><strong>et</strong></span> <span class='ocrx_word' id='word_1_668' title='bbox 2885 3927 3127 3982; x_wconf 89' lang='lat' dir='ltr'><strong>mortalis</strong></span> <span class='ocrx_word' id='word_1_669' title='bbox 3155 3927 3416 3984; x_wconf 78' lang='lat' dir='ltr'><strong>devenisti</strong></span> <span class='ocrx_word' id='word_1_670' title='bbox 3441 3970 3458 3995; x_wconf 94' lang='lat'><strong>,</strong></span> <span class='ocrx_word' id='word_1_671' title='bbox 3490 3944 3613 3983; x_wconf 91' lang='lat' dir='ltr'><strong>cum</strong></span> <span class='ocrx_word' id='word_1_672' title='bbox 3644 3944 3838 3984; x_wconf 85' lang='lat' dir='ltr'><strong>omnes</strong></span> 
     </span>
    </p>
   </div>
   <div class='ocr_carea' id='block_1_83' title="bbox 2230 4017 3834 4090">
    <p class='ocr_par' dir='ltr' id='par_1_83' title="bbox 2230 4017 3834 4090">
     <span class='ocr_line' id='line_1_83' title="bbox 2230 4017 3834 4090; baseline 0.002 -19"><span class='ocrx_word' id='word_1_673' title='bbox 2230 4028 2351 4072; x_wconf 90' lang='lat' dir='ltr'><strong>tuos</strong></span> <span class='ocrx_word' id='word_1_674' title='bbox 2383 4017 2615 4072; x_wconf 85' lang='lat' dir='ltr'><strong>viatores</strong></span> <span class='ocrx_word' id='word_1_675' title='bbox 2644 4019 2806 4072; x_wconf 86' lang='lat' dir='ltr'><strong>morti</strong></span> <span class='ocrx_word' id='word_1_676' title='bbox 2835 4018 3140 4087; x_wconf 88' lang='lat' dir='ltr'><strong>assignasti.</strong></span> <span class='ocrx_word' id='word_1_677' title='bbox 3172 4018 3268 4074; x_wconf 86' lang='lat' dir='ltr'><strong>Via</strong></span> <span class='ocrx_word' id='word_1_678' title='bbox 3298 4034 3429 4090; x_wconf 87' lang='lat' dir='ltr'><strong>ergo</strong></span> <span class='ocrx_word' id='word_1_679' title='bbox 3452 4040 3464 4069; x_wconf 81' lang='grc' dir='ltr'><strong>ι</strong></span> <span class='ocrx_word' id='word_1_680' title='bbox 3484 4034 3511 4074; x_wconf 86' lang='lat' dir='ltr'><strong>s</strong></span> <span class='ocrx_word' id='word_1_681' title='bbox 3541 4020 3607 4073; x_wconf 88' lang='lat' dir='ltr'><strong>ad</strong></span> <span class='ocrx_word' id='word_1_682' title='bbox 3639 4021 3834 4088; x_wconf 84' lang='lat' dir='ltr'><strong>vitam,</strong></span> 
     </span>
    </p>
   </div>
   <div class='ocr_carea' id='block_1_84' title="bbox 2228 4110 3833 4182">
    <p class='ocr_par' dir='ltr' id='par_1_84' title="bbox 2228 4110 3833 4182">
     <span class='ocr_line' id='line_1_84' title="bbox 2228 4110 3833 4182; baseline 0.001 -18"><span class='ocrx_word' id='word_1_683' title='bbox 2228 4120 2284 4164; x_wconf 91' lang='lat' dir='ltr'><strong>et</strong></span> <span class='ocrx_word' id='word_1_684' title='bbox 2313 4126 2418 4165; x_wconf 91' lang='lat' dir='ltr'><strong>non</strong></span> <span class='ocrx_word' id='word_1_685' title='bbox 2452 4110 2559 4164; x_wconf 84' lang='lat' dir='ltr'><strong>vita</strong></span> <span class='ocrx_word' id='word_1_686' title='bbox 2594 4127 2606 4163; x_wconf 88' lang='lat'><strong>:</strong></span> <span class='ocrx_word' id='word_1_687' title='bbox 2640 4111 2933 4165; x_wconf 82' lang='lat' dir='ltr'><strong>vera-enim</strong></span> <span class='ocrx_word' id='word_1_688' title='bbox 2966 4126 3072 4166; x_wconf 92' lang='lat' dir='ltr'><strong>non</strong></span> <span class='ocrx_word' id='word_1_689' title='bbox 3102 4126 3189 4178; x_wconf 86' lang='lat' dir='ltr'><strong>es;</strong></span> <span class='ocrx_word' id='word_1_690' title='bbox 3224 4112 3306 4167; x_wconf 87' lang='lat' dir='ltr'><strong>via</strong></span> <span class='ocrx_word' id='word_1_691' title='bbox 3327 4154 3343 4180; x_wconf 94' lang='lat'><strong>,</strong></span> <span class='ocrx_word' id='word_1_692' title='bbox 3374 4112 3469 4168; x_wconf 61' lang='lat' dir='ltr'><strong>sed</strong></span> <span class='ocrx_word' id='word_1_693' title='bbox 3498 4127 3608 4167; x_wconf 92' lang='lat' dir='ltr'><strong>non</strong></span> <span class='ocrx_word' id='word_1_694' title='bbox 3650 4112 3833 4182; x_wconf 84' lang='lat' dir='ltr'><strong>plana,</strong></span> 
     </span>
    </p>
   </div>
   <div class='ocr_carea' id='block_1_85' title="bbox 2229 4198 3839 4271">
    <p class='ocr_par' dir='ltr' id='par_1_85' title="bbox 2229 4198 3839 4271">
     <span class='ocr_line' id='line_1_85' title="bbox 2229 4198 3839 4271; baseline 0.005 -20"><span class='ocrx_word' id='word_1_695' title='bbox 2229 4198 2348 4252; x_wconf 90' lang='lat' dir='ltr'><strong>aliis</strong></span> <span class='ocrx_word' id='word_1_696' title='bbox 2373 4198 2561 4266; x_wconf 85' lang='lat' dir='ltr'><strong>longa,</strong></span> <span class='ocrx_word' id='word_1_697' title='bbox 2596 4198 2712 4251; x_wconf 87' lang='lat' dir='ltr'><strong>aliis</strong></span> <span class='ocrx_word' id='word_1_698' title='bbox 2736 4199 2941 4263; x_wconf 86' lang='lat' dir='ltr'><strong>brevis,</strong></span> <span class='ocrx_word' id='word_1_699' title='bbox 2974 4201 3092 4254; x_wconf 89' lang='lat' dir='ltr'><strong>aliis</strong></span> <span class='ocrx_word' id='word_1_700' title='bbox 3118 4200 3222 4255; x_wconf 86' lang='lat' dir='ltr'><strong>lata</strong></span> <span class='ocrx_word' id='word_1_701' title='bbox 3243 4242 3258 4267; x_wconf 96' lang='lat'><strong>,</strong></span> <span class='ocrx_word' id='word_1_702' title='bbox 3285 4201 3402 4256; x_wconf 91' lang='lat' dir='ltr'><strong>aliis</strong></span> <span class='ocrx_word' id='word_1_703' title='bbox 3431 4211 3684 4271; x_wconf 84' lang='lat' dir='ltr'><strong>angusta,</strong></span> <span class='ocrx_word' id='word_1_704' title='bbox 3712 4204 3839 4259; x_wconf 70' lang='lat' dir='ltr'><strong>afiis</strong></span> 
     </span>
    </p>
   </div>
   <div class='ocr_carea' id='block_1_86' title="bbox 2232 4282 3835 4358">
    <p class='ocr_par' dir='ltr' id='par_1_86' title="bbox 2232 4282 3835 4358">
     <span class='ocr_line' id='line_1_86' title="bbox 2232 4282 3835 4358; baseline 0.002 -15"><span class='ocrx_word' id='word_1_705' title='bbox 2232 4289 2389 4354; x_wconf 69' lang='lat' dir='ltr'><strong>laeta;</strong></span> <span class='ocrx_word' id='word_1_706' title='bbox 2424 4288 2541 4342; x_wconf 88' lang='lat' dir='ltr'><strong>aliis</strong></span> <span class='ocrx_word' id='word_1_707' title='bbox 2565 4288 2762 4353; x_wconf 83' lang='lat' dir='ltr'><strong>tristis,</strong></span> <span class='ocrx_word' id='word_1_708' title='bbox 2790 4282 3037 4343; x_wconf 85' lang='lat' dir='ltr'><strong>omnibus</strong></span> <span class='ocrx_word' id='word_1_709' title='bbox 3073 4289 3319 4345; x_wconf 91' lang='lat' dir='ltr'><strong>similiter</strong></span> <span class='ocrx_word' id='word_1_710' title='bbox 3348 4289 3606 4345; x_wconf 83' lang='lat' dir='ltr'><strong>festinans</strong></span> <span class='ocrx_word' id='word_1_711' title='bbox 3633 4332 3651 4358; x_wconf 95' lang='lat'><strong>,</strong></span> <span class='ocrx_word' id='word_1_712' title='bbox 3679 4299 3735 4345; x_wconf 90' lang='lat' dir='ltr'><strong>et</strong></span> <span class='ocrx_word' id='word_1_713' title='bbox 3765 4292 3835 4346; x_wconf 89' lang='lat' dir='ltr'><strong>ir-</strong></span> 
     </span>
    </p>
   </div>
   <div class='ocr_carea' id='block_1_87' title="bbox 2230 4379 3836 4450">
    <p class='ocr_par' dir='ltr' id='par_1_87' title="bbox 2230 4379 3836 4450">
     <span class='ocr_line' id='line_1_87' title="bbox 2230 4379 3836 4450; baseline 0.001 -14"><span class='ocrx_word' id='word_1_714' title='bbox 2230 4395 2393 4436; x_wconf 89' lang='lat' dir='ltr'><strong>revoc</strong></span> <span class='ocrx_word' id='word_1_715' title='bbox 2412 4381 2570 4436; x_wconf 76' lang='lat' dir='ltr'><strong>ibilis.</strong></span> <span class='ocrx_word' id='word_1_716' title='bbox 2597 4379 2692 4434; x_wconf 79' lang='lat' dir='ltr'><strong>Via</strong></span> <span class='ocrx_word' id='word_1_717' title='bbox 2725 4396 2804 4446; x_wconf 90' lang='lat' dir='ltr'><strong>es,</strong></span> <span class='ocrx_word' id='word_1_718' title='bbox 2830 4381 3067 4450; x_wconf 87' lang='lat' dir='ltr'><strong>inquam,</strong></span> <span class='ocrx_word' id='word_1_719' title='bbox 3108 4382 3193 4435; x_wconf 89' lang='lat' dir='ltr'><strong>via</strong></span> <span class='ocrx_word' id='word_1_720' title='bbox 3215 4383 3405 4448; x_wconf 78' lang='lat' dir='ltr'><strong>es,se.l</strong></span> <span class='ocrx_word' id='word_1_721' title='bbox 3434 4398 3542 4438; x_wconf 87' lang='lat' dir='ltr'><strong>non</strong></span> <span class='ocrx_word' id='word_1_722' title='bbox 3582 4383 3836 4439; x_wconf 88' lang='lat' dir='ltr'><strong>omnibus</strong></span> 
     </span>
    </p>
   </div>
   <div class='ocr_carea' id='block_1_88' title="bbox 2231 4472 3837 4545">
    <p class='ocr_par' dir='ltr' id='par_1_88' title="bbox 2231 4472 3837 4545">
     <span class='ocr_line' id='line_1_88' title="bbox 2231 4472 3837 4545; baseline 0.002 -18"><span class='ocrx_word' id='word_1_723' title='bbox 2231 4472 2511 4527; x_wconf 74' lang='lat' dir='ltr'><strong>manifesta</strong></span> <span class='ocrx_word' id='word_1_724' title='bbox 2542 4487 2642 4526; x_wconf 88' lang='lat' dir='ltr'><strong>es:</strong></span> <span class='ocrx_word' id='word_1_725' title='bbox 2692 4473 2842 4525; x_wconf 88' lang='lat' dir='ltr'><strong>multi</strong></span> <span class='ocrx_word' id='word_1_726' title='bbox 2888 4473 3029 4525; x_wconf 88' lang='lat' dir='ltr'><strong>enim</strong></span> <span class='ocrx_word' id='word_1_727' title='bbox 3078 4481 3131 4528; x_wconf 88' lang='lat' dir='ltr'><strong>te</strong></span> <span class='ocrx_word' id='word_1_728' title='bbox 3178 4473 3402 4539; x_wconf 87' lang='lat' dir='ltr'><strong>vident;</strong></span> <span class='ocrx_word' id='word_1_729' title='bbox 3451 4483 3507 4527; x_wconf 83' lang='lat' dir='ltr'><strong>et</strong></span> <span class='ocrx_word' id='word_1_730' title='bbox 3570 4476 3724 4545; x_wconf 89' lang='lat' dir='ltr'><strong>pauci</strong></span> <span class='ocrx_word' id='word_1_731' title='bbox 3783 4485 3837 4530; x_wconf 84' lang='lat' dir='ltr'><strong>te</strong></span> 
     </span>
    </p>
   </div>
   <div class='ocr_carea' id='block_1_89' title="bbox 535 4562 3836 4641">
    <p class='ocr_par' dir='ltr' id='par_1_89' title="bbox 535 4562 3836 4641">
     <span class='ocr_line' id='line_1_89' title="bbox 535 4562 3836 4641; baseline -0 -19"><span class='ocrx_word' id='word_1_732' title='bbox 535 4567 911 4623; x_wconf 87' lang='lat' dir='ltr'><strong>imtnaculatus</strong></span> <span class='ocrx_word' id='word_1_733' title='bbox 956 4583 1065 4622; x_wconf 90' lang='lat' dir='ltr'><strong>non</strong></span> <span class='ocrx_word' id='word_1_734' title='bbox 1093 4565 1257 4622; x_wconf 85' lang='lat' dir='ltr'><strong>cessit</strong></span> <span class='ocrx_word' id='word_1_735' title='bbox 1300 4581 1314 4618; x_wconf 90' lang='lat'><strong>:</strong></span> <span class='ocrx_word' id='word_1_736' title='bbox 1364 4577 1486 4619; x_wconf 90' lang='lat' dir='ltr'><strong>cum</strong></span> <span class='ocrx_word' id='word_1_737' title='bbox 1517 4563 1736 4618; x_wconf 88' lang='lat' dir='ltr'><strong>Christo</strong></span> <span class='ocrx_word' id='word_1_738' title='bbox 1775 4562 2125 4632; x_wconf 88' lang='lat' dir='ltr'><strong>respiciamus</strong></span> <span class='ocrx_word' id='word_1_739' title='bbox 2156 4584 2199 4641; x_wconf 76' lang='grc' dir='ltr'><strong>ο</strong></span> <span class='ocrx_word' id='word_1_740' title='bbox 2232 4565 2371 4618; x_wconf 89' lang='lat' dir='ltr'><strong>viam</strong></span> <span class='ocrx_word' id='word_1_741' title='bbox 2402 4577 2519 4617; x_wconf 85' lang='lat' dir='ltr'><strong>esse</strong></span> <span class='ocrx_word' id='word_1_742' title='bbox 2542 4562 2863 4632; x_wconf 79' lang='lat' dir='ltr'><strong>intelligunt.</strong></span> <span class='ocrx_word' id='word_1_743' title='bbox 2890 4563 2983 4618; x_wconf 86' lang='lat' dir='ltr'><strong>Sic</strong></span> <span class='ocrx_word' id='word_1_744' title='bbox 3017 4563 3159 4617; x_wconf 78' lang='lat' dir='ltr'><strong>enim</strong></span> <span class='ocrx_word' id='word_1_745' title='bbox 3186 4563 3396 4620; x_wconf 89' lang='lat' dir='ltr'><strong>subtilis</strong></span> <span class='ocrx_word' id='word_1_746' title='bbox 3426 4581 3484 4619; x_wconf 88' lang='lat' dir='ltr'><strong>es</strong></span> <span class='ocrx_word' id='word_1_747' title='bbox 3504 4566 3663 4620; x_wconf 89' lang='lat' dir='ltr'><strong>etsic</strong></span> <span class='ocrx_word' id='word_1_748' title='bbox 3682 4566 3836 4621; x_wconf 84' lang='lat' dir='ltr'><strong>sedu-</strong></span> 
     </span>
    </p>
   </div>
   <div class='ocr_carea' id='block_1_90' title="bbox 533 4656 2121 4725">
    <p class='ocr_par' dir='ltr' id='par_1_90' title="bbox 533 4656 2121 4725">
     <span class='ocr_line' id='line_1_90' title="bbox 533 4656 2121 4725; baseline -0.004 -9"><span class='ocrx_word' id='word_1_749' title='bbox 533 4659 719 4716; x_wconf 87' lang='lat' dir='ltr'><strong>mundi</strong></span> <span class='ocrx_word' id='word_1_750' title='bbox 765 4660 1031 4723; x_wconf 89' lang='lat' dir='ltr'><strong>honores,</strong></span> <span class='ocrx_word' id='word_1_751' title='bbox 1074 4667 1130 4715; x_wconf 93' lang='lat' dir='ltr'><strong>et</strong></span> <span class='ocrx_word' id='word_1_752' title='bbox 1170 4657 1369 4713; x_wconf 90' lang='lat' dir='ltr'><strong>diaboli</strong></span> <span class='ocrx_word' id='word_1_753' title='bbox 1414 4670 1576 4725; x_wconf 86' lang='lat' dir='ltr'><strong>regna</strong></span> <span class='ocrx_word' id='word_1_754' title='bbox 1615 4672 1736 4712; x_wconf 93' lang='lat' dir='ltr'><strong>cum</strong></span> <span class='ocrx_word' id='word_1_755' title='bbox 1777 4657 1923 4711; x_wconf 90' lang='lat' dir='ltr'><strong>omni</strong></span> <span class='ocrx_word' id='word_1_756' title='bbox 1953 4656 2121 4725; x_wconf 80' lang='lat' dir='ltr'><strong>gloria</strong></span> 
     </span>
    </p>
   </div>
   <div class='ocr_carea' id='block_1_91' title="bbox 533 4748 2119 4819">
    <p class='ocr_par' dir='ltr' id='par_1_91' title="bbox 533 4748 2119 4819">
     <span class='ocr_line' id='line_1_91' title="bbox 533 4748 2119 4819; baseline -0.002 -12"><span class='ocrx_word' id='word_1_757' title='bbox 533 4766 746 4809; x_wconf 89' lang='lat' dir='ltr'><strong>eorum.</strong></span> <span class='ocrx_word' id='word_1_758' title='bbox 779 4748 1043 4819; x_wconf 88' lang='lat' dir='ltr'><strong>Quidquid</strong></span> <span class='ocrx_word' id='word_1_759' title='bbox 1081 4748 1281 4804; x_wconf 91' lang='lat' dir='ltr'><strong>diaboli</strong></span> <span class='ocrx_word' id='word_1_760' title='bbox 1326 4756 1409 4804; x_wconf 88' lang='lat' dir='ltr'><strong>est</strong></span> <span class='ocrx_word' id='word_1_761' title='bbox 1456 4748 1808 4818; x_wconf 80' lang='lat' dir='ltr'><strong>dedignemur</strong></span> <span class='ocrx_word' id='word_1_762' title='bbox 1834 4748 2081 4819; x_wconf 56' lang='lat' dir='ltr'><strong>accipere</strong></span> <span class='ocrx_word' id='word_1_763' title='bbox 2103 4789 2119 4814; x_wconf 92' lang='lat'><strong>,</strong></span> 
     </span>
    </p>
   </div>
   <div class='ocr_carea' id='block_1_92' title="bbox 534 4839 2121 4917">
    <p class='ocr_par' dir='ltr' id='par_1_92' title="bbox 534 4839 2121 4917">
     <span class='ocr_line' id='line_1_92' title="bbox 534 4839 2121 4917; baseline -0.006 -15"><span class='ocrx_word' id='word_1_764' title='bbox 534 4846 695 4917; x_wconf 81' lang='lat' dir='ltr'><strong>eique</strong></span> <span class='ocrx_word' id='word_1_765' title='bbox 720 4842 899 4898; x_wconf 92' lang='lat' dir='ltr'><strong>brevis</strong></span> <span class='ocrx_word' id='word_1_766' title='bbox 928 4841 1122 4896; x_wconf 64' lang='lat' dir='ltr'><strong>lictitia:</strong></span> <span class='ocrx_word' id='word_1_767' title='bbox 1148 4840 1258 4910; x_wconf 82' lang='lat' dir='ltr'><strong>regi</strong></span> <span class='ocrx_word' id='word_1_768' title='bbox 1284 4840 1528 4896; x_wconf 89' lang='lat' dir='ltr'><strong>dicamus</strong></span> <span class='ocrx_word' id='word_1_769' title='bbox 1556 4858 1569 4893; x_wconf 91' lang='lat'><strong>:</strong></span> <span class='ocrx_word' id='word_1_770' title='bbox 1607 4839 1715 4893; x_wconf 85' lang='lat' dir='ltr'><strong>Tua</strong></span> <span class='ocrx_word' id='word_1_771' title='bbox 1741 4841 1845 4894; x_wconf 83' lang='lat' dir='ltr'><strong>sint</strong></span> <span class='ocrx_word' id='word_1_772' title='bbox 1876 4850 2035 4894; x_wconf 85' lang='lat' dir='ltr'><strong>tecum</strong></span> <span class='ocrx_word' id='word_1_773' title='bbox 2066 4841 2121 4893; x_wconf 84' lang='lat' dir='ltr'><strong>in</strong></span> 
     </span>
    </p>
   </div>
   <div class='ocr_carea' id='block_1_93' title="bbox 531 4930 2120 5008">
    <p class='ocr_par' dir='ltr' id='par_1_93' title="bbox 531 4930 2120 5008">
     <span class='ocr_line' id='line_1_93' title="bbox 531 4930 2120 5008; baseline -0.006 -16"><span class='ocrx_word' id='word_1_774' title='bbox 531 4936 820 5008; x_wconf 82' lang='lat' dir='ltr'><strong>perditione</strong></span> <span class='ocrx_word' id='word_1_775' title='bbox 867 4934 1001 5005; x_wconf 80' lang='lat' dir='ltr'><strong>(Act.</strong></span> <span class='ocrx_word' id='word_1_776' title='bbox 1053 4948 1165 4995; x_wconf 81' lang='lat' dir='ltr'><strong>vni,</strong></span> <span class='ocrx_word' id='word_1_777' title='bbox 1220 4930 1353 5000; x_wconf 74' lang='lat'><strong>20):</strong></span> <span class='ocrx_word' id='word_1_778' title='bbox 1408 4931 1586 4986; x_wconf 89' lang='lat' dir='ltr'><strong>tristes</strong></span> <span class='ocrx_word' id='word_1_779' title='bbox 1630 4932 1796 4986; x_wconf 88' lang='lat' dir='ltr'><strong>simus</strong></span> <span class='ocrx_word' id='word_1_780' title='bbox 1840 4945 2008 4999; x_wconf 89' lang='lat' dir='ltr'><strong>usque</strong></span> <span class='ocrx_word' id='word_1_781' title='bbox 2053 4931 2120 4983; x_wconf 85' lang='lat' dir='ltr'><strong>ad</strong></span> 
     </span>
    </p>
   </div>
   <div class='ocr_carea' id='block_1_94' title="bbox 533 5020 2118 5093">
    <p class='ocr_par' dir='ltr' id='par_1_94' title="bbox 533 5020 2118 5093">
     <span class='ocr_line' id='line_1_94' title="bbox 533 5020 2118 5093; baseline -0.009 -4"><span class='ocrx_word' id='word_1_782' title='bbox 533 5041 767 5090; x_wconf 89' lang='lat' dir='ltr'><strong>mortem</strong></span> <span class='ocrx_word' id='word_1_783' title='bbox 797 5045 916 5087; x_wconf 90' lang='lat' dir='ltr'><strong>cum</strong></span> <span class='ocrx_word' id='word_1_784' title='bbox 947 5027 1185 5093; x_wconf 87' lang='lat' dir='ltr'><strong>Chri-to,</strong></span> <span class='ocrx_word' id='word_1_785' title='bbox 1218 5034 1275 5080; x_wconf 88' lang='lat' dir='ltr'><strong>ut</strong></span> <span class='ocrx_word' id='word_1_786' title='bbox 1305 5024 1516 5079; x_wconf 89' lang='lat' dir='ltr'><strong>tristitia</strong></span> <span class='ocrx_word' id='word_1_787' title='bbox 1564 5032 1745 5077; x_wconf 87' lang='lat' dir='ltr'><strong>nostra</strong></span> <span class='ocrx_word' id='word_1_788' title='bbox 1776 5023 1826 5076; x_wconf 91' lang='lat' dir='ltr'><strong>in</strong></span> <span class='ocrx_word' id='word_1_789' title='bbox 1868 5020 2118 5090; x_wconf 82' lang='lat' dir='ltr'><strong>gaudium</strong></span> 
     </span>
    </p>
   </div>
   <div class='ocr_carea' id='block_1_95' title="bbox 533 5112 2121 5193">
    <p class='ocr_par' dir='ltr' id='par_1_95' title="bbox 533 5112 2121 5193">
     <span class='ocr_line' id='line_1_95' title="bbox 533 5112 2121 5193; baseline -0.01 -11"><span class='ocrx_word' id='word_1_790' title='bbox 533 5131 901 5193; x_wconf 79' lang='lat' dir='ltr'><strong>convertatur.</strong></span> <span class='ocrx_word' id='word_1_791' title='bbox 952 5119 1146 5174; x_wconf 82' lang='lat' dir='ltr'><strong>Rideat</strong></span> <span class='ocrx_word' id='word_1_792' title='bbox 1182 5117 1409 5173; x_wconf 89' lang='lat' dir='ltr'><strong>mundus</strong></span> <span class='ocrx_word' id='word_1_793' title='bbox 1450 5130 1574 5173; x_wconf 89' lang='lat' dir='ltr'><strong>cum</strong></span> <span class='ocrx_word' id='word_1_794' title='bbox 1621 5114 1837 5169; x_wconf 89' lang='lat' dir='ltr'><strong>diabolo</strong></span> <span class='ocrx_word' id='word_1_795' title='bbox 1880 5130 1890 5164; x_wconf 94' lang='lat'>:</span> <span class='ocrx_word' id='word_1_796' title='bbox 1926 5112 2064 5166; x_wconf 89' lang='lat' dir='ltr'><strong>absit</strong></span> <span class='ocrx_word' id='word_1_797' title='bbox 2091 5128 2121 5166; x_wconf 86' lang='lat' dir='ltr'><strong>a</strong></span> 
     </span>
    </p>
   </div>
   <div class='ocr_carea' id='block_1_96' title="bbox 539 5205 2124 5275">
    <p class='ocr_par' dir='ltr' id='par_1_96' title="bbox 539 5205 2124 5275">
     <span class='ocr_line' id='line_1_96' title="bbox 539 5205 2124 5275; baseline -0.011 -1"><span class='ocrx_word' id='word_1_798' title='bbox 539 5216 694 5274; x_wconf 89' lang='lat' dir='ltr'><strong>nobis</strong></span> <span class='ocrx_word' id='word_1_799' title='bbox 722 5230 907 5271; x_wconf 90' lang='lat' dir='ltr'><strong>eorum</strong></span> <span class='ocrx_word' id='word_1_800' title='bbox 947 5212 1130 5268; x_wconf 68' lang='lat' dir='ltr'><strong>laetitia</strong></span> <span class='ocrx_word' id='word_1_801' title='bbox 1158 5226 1179 5264; x_wconf 63' lang='lat'><strong>:‘</strong></span> <span class='ocrx_word' id='word_1_802' title='bbox 1221 5210 1267 5265; x_wconf 88' lang='lat' dir='ltr'><strong>si</strong></span> <span class='ocrx_word' id='word_1_803' title='bbox 1292 5209 1541 5264; x_wconf 88' lang='lat' dir='ltr'><strong>volumus</strong></span> <span class='ocrx_word' id='word_1_804' title='bbox 1570 5205 1803 5275; x_wconf 85' lang='lat' dir='ltr'><strong>gaudere</strong></span> <span class='ocrx_word' id='word_1_805' title='bbox 1834 5219 2007 5268; x_wconf 89' lang='lat' dir='ltr'><strong>nunc,</strong></span> <span class='ocrx_word' id='word_1_806' title='bbox 2056 5220 2124 5259; x_wconf 84' lang='lat' dir='ltr'><strong>ex</strong></span> 
     </span>
    </p>
   </div>
   <div class='ocr_carea' id='block_1_97' title="bbox 535 5296 2122 5383">
    <p class='ocr_par' dir='ltr' id='par_1_97' title="bbox 535 5296 2122 5383">
     <span class='ocr_line' id='line_1_97' title="bbox 535 5296 2122 5383; baseline -0.011 -16"><span class='ocrx_word' id='word_1_807' title='bbox 535 5320 690 5383; x_wconf 91' lang='lat' dir='ltr'><strong>parte</strong></span> <span class='ocrx_word' id='word_1_808' title='bbox 710 5308 1038 5380; x_wconf 80' lang='lat' dir='ltr'><strong>gaudeamus</strong></span> <span class='ocrx_word' id='word_1_809' title='bbox 1066 5307 1119 5361; x_wconf 92' lang='lat' dir='ltr'><strong>in</strong></span> <span class='ocrx_word' id='word_1_810' title='bbox 1148 5318 1245 5374; x_wconf 85' lang='lat' dir='ltr'><strong>spe</strong></span> <span class='ocrx_word' id='word_1_811' title='bbox 1266 5341 1282 5367; x_wconf 88' lang='lat'><strong>,</strong></span> <span class='ocrx_word' id='word_1_812' title='bbox 1307 5316 1495 5357; x_wconf 88' lang='lat' dir='ltr'><strong>verum</strong></span> <span class='ocrx_word' id='word_1_813' title='bbox 1525 5298 1777 5368; x_wconf 85' lang='lat' dir='ltr'><strong>gaudium</strong></span> <span class='ocrx_word' id='word_1_814' title='bbox 1807 5306 1993 5367; x_wconf 82' lang='lat' dir='ltr'><strong>postea</strong></span> <span class='ocrx_word' id='word_1_815' title='bbox 2025 5296 2122 5359; x_wconf 78' lang='lat' dir='ltr'><strong>ha-</strong></span> 
     </span>
    </p>
   </div>
   <div class='ocr_carea' id='block_1_98' title="bbox 538 5389 2126 5468">
    <p class='ocr_par' dir='ltr' id='par_1_98' title="bbox 538 5389 2126 5468">
     <span class='ocr_line' id='line_1_98' title="bbox 538 5389 2126 5468; baseline -0.01 -9"><span class='ocrx_word' id='word_1_816' title='bbox 538 5403 700 5459; x_wconf 88' lang='lat' dir='ltr'><strong>bituri</strong></span> <span class='ocrx_word' id='word_1_817' title='bbox 731 5404 783 5457; x_wconf 89' lang='lat' dir='ltr'><strong>in</strong></span> <span class='ocrx_word' id='word_1_818' title='bbox 810 5417 902 5468; x_wconf 88' lang='lat' dir='ltr'><strong>re;</strong></span> <span class='ocrx_word' id='word_1_819' title='bbox 936 5400 1117 5455; x_wconf 89' lang='lat' dir='ltr'><strong>tristes</strong></span> <span class='ocrx_word' id='word_1_820' title='bbox 1144 5411 1243 5467; x_wconf 89' lang='lat' dir='ltr'><strong>pro</strong></span> <span class='ocrx_word' id='word_1_821' title='bbox 1270 5393 1505 5465; x_wconf 84' lang='lat' dir='ltr'><strong>peccatis</strong></span> <span class='ocrx_word' id='word_1_822' title='bbox 1533 5391 1749 5454; x_wconf 89' lang='lat' dir='ltr'><strong>nostris,</strong></span> <span class='ocrx_word' id='word_1_823' title='bbox 1780 5389 1884 5443; x_wconf 75' lang='lat' dir='ltr'><strong>lzeti</strong></span> <span class='ocrx_word' id='word_1_824' title='bbox 1908 5397 2126 5459; x_wconf 88' lang='lat' dir='ltr'><strong>propter</strong></span> 
     </span>
    </p>
   </div>
   <div class='ocr_carea' id='block_1_99' title="bbox 536 5479 2121 5565">
    <p class='ocr_par' dir='ltr' id='par_1_99' title="bbox 536 5479 2121 5565">
     <span class='ocr_line' id='line_1_99' title="bbox 536 5479 2121 5565; baseline -0.011 -15"><span class='ocrx_word' id='word_1_825' title='bbox 536 5509 691 5565; x_wconf 66' lang='lat' dir='ltr'><strong>spem</strong></span> <span class='ocrx_word' id='word_1_826' title='bbox 708 5494 830 5548; x_wconf 76' lang='lat' dir='ltr'><strong>vita:</strong></span> <span class='ocrx_word' id='word_1_827' title='bbox 849 5502 1064 5547; x_wconf 70' lang='lat' dir='ltr'><strong>aeterna:</strong></span> <span class='ocrx_word' id='word_1_828' title='bbox 1088 5507 1102 5555; x_wconf 89' lang='lat'><strong>;</strong></span> <span class='ocrx_word' id='word_1_829' title='bbox 1137 5488 1316 5543; x_wconf 84' lang='lat' dir='ltr'><strong>tristes</strong></span> <span class='ocrx_word' id='word_1_830' title='bbox 1334 5490 1553 5554; x_wconf 89' lang='lat' dir='ltr'><strong>propter</strong></span> <span class='ocrx_word' id='word_1_831' title='bbox 1578 5480 1774 5536; x_wconf 83' lang='lat' dir='ltr'><strong>Christi</strong></span> <span class='ocrx_word' id='word_1_832' title='bbox 1803 5479 2121 5545; x_wconf 49' lang='lat' dir='ltr'><strong>absentiam,</strong></span> 
     </span>
    </p>
   </div>
   <div class='ocr_carea' id='block_1_100' title="bbox 537 5573 2124 5650">
    <p class='ocr_par' dir='ltr' id='par_1_100' title="bbox 537 5573 2124 5650">
     <span class='ocr_line' id='line_1_100' title="bbox 537 5573 2124 5650; baseline -0.011 -6"><span class='ocrx_word' id='word_1_833' title='bbox 537 5587 868 5644; x_wconf 75' lang='lat' dir='ltr'><strong>exsultantes</strong></span> <span class='ocrx_word' id='word_1_834' title='bbox 900 5584 1177 5650; x_wconf 75' lang='lat' dir='ltr'><strong>similiter,</strong></span> <span class='ocrx_word' id='word_1_835' title='bbox 1224 5580 1348 5649; x_wconf 87' lang='lat' dir='ltr'><strong>quia</strong></span> <span class='ocrx_word' id='word_1_836' title='bbox 1380 5578 1604 5646; x_wconf 76' lang='lat' dir='ltr'><strong>legimus</strong></span> <span class='ocrx_word' id='word_1_837' title='bbox 1635 5594 1647 5629; x_wconf 90' lang='lat'>:</span> <span class='ocrx_word' id='word_1_838' title='bbox 1687 5573 1983 5628; x_wconf 84' lang='lat' dir='ltr'><strong>Videbimus</strong></span> <span class='ocrx_word' id='word_1_839' title='bbox 2010 5590 2124 5627; x_wconf 86' lang='lat' dir='ltr'><strong>eum</strong></span> 
     </span>
    </p>
   </div>
   <div class='ocr_carea' id='block_1_101' title="bbox 535 5665 2127 5741">
    <p class='ocr_par' dir='ltr' id='par_1_101' title="bbox 535 5665 2127 5741">
     <span class='ocr_line' id='line_1_101' title="bbox 535 5665 2127 5741; baseline -0.009 -5"><span class='ocrx_word' id='word_1_840' title='bbox 535 5675 691 5736; x_wconf 73' lang='lat' dir='ltr'><strong>sicuti</strong></span> <span class='ocrx_word' id='word_1_841' title='bbox 713 5684 788 5729; x_wconf 88' lang='lat' dir='ltr'><strong>est</strong></span> <span class='ocrx_word' id='word_1_842' title='bbox 818 5672 870 5741; x_wconf 90' lang='lat' dir='ltr'><strong>(I</strong></span> <span class='ocrx_word' id='word_1_843' title='bbox 897 5673 1057 5727; x_wconf 78' lang='lat' dir='ltr'><strong>lacn.</strong></span> <span class='ocrx_word' id='word_1_844' title='bbox 1091 5687 1167 5736; x_wconf 89' lang='grc' dir='ltr'>ιιι,</span> <span class='ocrx_word' id='word_1_845' title='bbox 1197 5669 1274 5740; x_wconf 68' lang='lat' dir='ltr'><strong>ﬂ).</strong></span> <span class='ocrx_word' id='word_1_846' title='bbox 1313 5667 1463 5724; x_wconf 85' lang='lat' dir='ltr'><strong>Licet</strong></span> <span class='ocrx_word' id='word_1_847' title='bbox 1490 5668 1631 5722; x_wconf 88' lang='lat' dir='ltr'><strong>enim</strong></span> <span class='ocrx_word' id='word_1_848' title='bbox 1665 5665 2003 5736; x_wconf 64' lang='lat' dir='ltr'><strong>praesentium</strong></span> <span class='ocrx_word' id='word_1_849' title='bbox 2027 5666 2127 5721; x_wconf 85' lang='lat' dir='ltr'><strong>mi-</strong></span> 
     </span>
    </p>
   </div>
   <div class='ocr_carea' id='block_1_102' title="bbox 2238 4654 3833 4728">
    <p class='ocr_par' dir='ltr' id='par_1_102' title="bbox 2238 4654 3833 4728">
     <span class='ocr_line' id='line_1_102' title="bbox 2238 4654 3833 4728; baseline 0.002 -17"><span class='ocrx_word' id='word_1_850' title='bbox 2238 4656 2373 4712; x_wconf 77' lang='lat' dir='ltr'><strong>ctrix</strong></span> <span class='ocrx_word' id='word_1_851' title='bbox 2399 4696 2415 4722; x_wconf 89' lang='lat'><strong>,</strong></span> <span class='ocrx_word' id='word_1_852' title='bbox 2459 4666 2516 4711; x_wconf 92' lang='lat' dir='ltr'><strong>ut</strong></span> <span class='ocrx_word' id='word_1_853' title='bbox 2545 4672 2840 4726; x_wconf 88' lang='lat' dir='ltr'><strong>paucorum</strong></span> <span class='ocrx_word' id='word_1_854' title='bbox 2868 4654 2937 4709; x_wconf 62' lang='lat' dir='ltr'><strong>sit</strong></span> <span class='ocrx_word' id='word_1_855' title='bbox 2977 4664 3029 4709; x_wconf 90' lang='lat' dir='ltr'><strong>te</strong></span> <span class='ocrx_word' id='word_1_856' title='bbox 3068 4655 3204 4711; x_wconf 90' lang='lat' dir='ltr'><strong>scire</strong></span> <span class='ocrx_word' id='word_1_857' title='bbox 3250 4656 3414 4711; x_wconf 87' lang='lat' dir='ltr'><strong>viam.</strong></span> <span class='ocrx_word' id='word_1_858' title='bbox 3445 4657 3833 4728; x_wconf 82' lang='lat' dir='ltr'><strong>lnterroganda</strong></span> 
     </span>
    </p>
   </div>
   <div class='ocr_carea' id='block_1_103' title="bbox 2228 4749 3836 4821">
    <p class='ocr_par' dir='ltr' id='par_1_103' title="bbox 2228 4749 3836 4821">
     <span class='ocr_line' id='line_1_103' title="bbox 2228 4749 3836 4821; baseline 0.003 -15"><span class='ocrx_word' id='word_1_859' title='bbox 2228 4762 2358 4821; x_wconf 85' lang='lat' dir='ltr'><strong>ergo</strong></span> <span class='ocrx_word' id='word_1_860' title='bbox 2389 4767 2476 4815; x_wconf 89' lang='lat' dir='ltr'><strong>es,</strong></span> <span class='ocrx_word' id='word_1_861' title='bbox 2518 4759 2572 4805; x_wconf 89' lang='lat' dir='ltr'><strong>et</strong></span> <span class='ocrx_word' id='word_1_862' title='bbox 2602 4766 2709 4804; x_wconf 91' lang='lat' dir='ltr'><strong>non</strong></span> <span class='ocrx_word' id='word_1_863' title='bbox 2761 4749 3050 4815; x_wconf 62' lang='lat' dir='ltr'><strong>c&#39;edenda,</strong></span> <span class='ocrx_word' id='word_1_864' title='bbox 3100 4766 3199 4806; x_wconf 92' lang='lat' dir='ltr'><strong>nec</strong></span> <span class='ocrx_word' id='word_1_865' title='bbox 3246 4750 3613 4821; x_wconf 83' lang='lat' dir='ltr'><strong>vendicanda;</strong></span> <span class='ocrx_word' id='word_1_866' title='bbox 3663 4764 3836 4811; x_wconf 84' lang='lat' dir='ltr'><strong>trans.</strong></span> 
     </span>
    </p>
   </div>
   <div class='ocr_carea' id='block_1_104' title="bbox 2228 4840 3835 4909">
    <p class='ocr_par' dir='ltr' id='par_1_104' title="bbox 2228 4840 3835 4909">
     <span class='ocr_line' id='line_1_104' title="bbox 2228 4840 3835 4909; baseline 0.003 -12"><span class='ocrx_word' id='word_1_867' title='bbox 2228 4843 2435 4909; x_wconf 89' lang='lat' dir='ltr'><strong>ennda,</strong></span> <span class='ocrx_word' id='word_1_868' title='bbox 2470 4859 2575 4898; x_wconf 91' lang='lat' dir='ltr'><strong>non</strong></span> <span class='ocrx_word' id='word_1_869' title='bbox 2611 4840 2929 4904; x_wconf 90' lang='lat' dir='ltr'><strong>habitanda,</strong></span> <span class='ocrx_word' id='word_1_870' title='bbox 2964 4843 3158 4898; x_wconf 87' lang='lat' dir='ltr'><strong>misera</strong></span> <span class='ocrx_word' id='word_1_871' title='bbox 3194 4843 3429 4898; x_wconf 87' lang='lat' dir='ltr'><strong>humana</strong></span> <span class='ocrx_word' id='word_1_872' title='bbox 3459 4846 3607 4900; x_wconf 88' lang='lat' dir='ltr'><strong>vita:</strong></span> <span class='ocrx_word' id='word_1_873' title='bbox 3656 4846 3835 4902; x_wconf 85' lang='lat' dir='ltr'><strong>nullus</strong></span> 
     </span>
    </p>
   </div>
   <div class='ocr_carea' id='block_1_105' title="bbox 2227 4933 3834 5006">
    <p class='ocr_par' dir='ltr' id='par_1_105' title="bbox 2227 4933 3834 5006">
     <span class='ocr_line' id='line_1_105' title="bbox 2227 4933 3834 5006; baseline 0.003 -17"><span class='ocrx_word' id='word_1_874' title='bbox 2227 4935 2368 4989; x_wconf 90' lang='lat' dir='ltr'><strong>enim</strong></span> <span class='ocrx_word' id='word_1_875' title='bbox 2396 4935 2447 4989; x_wconf 92' lang='lat' dir='ltr'><strong>in</strong></span> <span class='ocrx_word' id='word_1_876' title='bbox 2478 4936 2560 4988; x_wconf 92' lang='lat' dir='ltr'><strong>via</strong></span> <span class='ocrx_word' id='word_1_877' title='bbox 2588 4933 2817 5001; x_wconf 85' lang='lat' dir='ltr'><strong>habitat,</strong></span> <span class='ocrx_word' id='word_1_878' title='bbox 2851 4934 2944 4988; x_wconf 86' lang='lat' dir='ltr'><strong>sed</strong></span> <span class='ocrx_word' id='word_1_879' title='bbox 3000 4934 3275 5002; x_wconf 84' lang='lat' dir='ltr'><strong>ambulat;</strong></span> <span class='ocrx_word' id='word_1_880' title='bbox 3325 4943 3383 4989; x_wconf 91' lang='lat' dir='ltr'><strong>ut</strong></span> <span class='ocrx_word' id='word_1_881' title='bbox 3423 4938 3514 5006; x_wconf 90' lang='lat' dir='ltr'><strong>qui</strong></span> <span class='ocrx_word' id='word_1_882' title='bbox 3555 4938 3834 4994; x_wconf 86' lang='lat' dir='ltr'><strong>ambulant</strong></span> 
     </span>
    </p>
   </div>
   <div class='ocr_carea' id='block_1_106' title="bbox 2228 5025 3002 5097">
    <p class='ocr_par' dir='ltr' id='par_1_106' title="bbox 2228 5025 3002 5097">
     <span class='ocr_line' id='line_1_106' title="bbox 2228 5025 3002 5097; baseline -0.004 -14"><span class='ocrx_word' id='word_1_883' title='bbox 2228 5028 2283 5083; x_wconf 92' lang='lat' dir='ltr'><strong>in</strong></span> <span class='ocrx_word' id='word_1_884' title='bbox 2303 5027 2386 5081; x_wconf 90' lang='lat' dir='ltr'><strong>via</strong></span> <span class='ocrx_word' id='word_1_885' title='bbox 2413 5070 2427 5093; x_wconf 94' lang='lat'><strong>,</strong></span> <span class='ocrx_word' id='word_1_886' title='bbox 2456 5026 2694 5080; x_wconf 75' lang='lat' dir='ltr'><strong>habitent</strong></span> <span class='ocrx_word' id='word_1_887' title='bbox 2727 5025 2778 5079; x_wconf 92' lang='lat' dir='ltr'><strong>in</strong></span> <span class='ocrx_word' id='word_1_888' title='bbox 2810 5026 3002 5097; x_wconf 85' lang='lat' dir='ltr'><strong>patria.</strong></span> 
     </span>
    </p>
   </div>
   <div class='ocr_carea' id='block_1_107' title="bbox 2288 5114 3831 5186">
    <p class='ocr_par' dir='ltr' id='par_1_107' title="bbox 2288 5114 3831 5186">
     <span class='ocr_line' id='line_1_107' title="bbox 2288 5114 3831 5186; baseline 0.001 -14"><span class='ocrx_word' id='word_1_889' title='bbox 2288 5114 2357 5172; x_wconf 68' lang='lat' dir='ltr'><strong>il.</strong></span> <span class='ocrx_word' id='word_1_890' title='bbox 2385 5116 2561 5184; x_wconf 88' lang='lat' dir='ltr'><strong>Quare</strong></span> <span class='ocrx_word' id='word_1_891' title='bbox 2585 5131 2714 5184; x_wconf 81' lang='lat' dir='ltr'><strong>ergo</strong></span> <span class='ocrx_word' id='word_1_892' title='bbox 2740 5125 2814 5179; x_wconf 92' lang='lat' dir='ltr'><strong>tu,</strong></span> <span class='ocrx_word' id='word_1_893' title='bbox 2843 5116 3084 5171; x_wconf 83' lang='lat' dir='ltr'><strong>mortalis</strong></span> <span class='ocrx_word' id='word_1_894' title='bbox 3109 5116 3238 5184; x_wconf 88' lang='lat' dir='ltr'><strong>vita,</strong></span> <span class='ocrx_word' id='word_1_895' title='bbox 3263 5116 3542 5184; x_wconf 80' lang='lat' dir='ltr'><strong>habitaris,</strong></span> <span class='ocrx_word' id='word_1_896' title='bbox 3570 5118 3831 5186; x_wconf 78' lang='lat' dir='ltr'><strong>diliget-is,</strong></span> 
     </span>
    </p>
   </div>
   <div class='ocr_carea' id='block_1_108' title="bbox 2227 5190 3835 5279">
    <p class='ocr_par' dir='ltr' id='par_1_108' title="bbox 2227 5190 3835 5279">
     <span class='ocr_line' id='line_1_108' title="bbox 2227 5190 3835 5279; baseline -0.001 -16"><span class='ocrx_word' id='word_1_897' title='bbox 2227 5206 2549 5263; x_wconf 87' lang='lat' dir='ltr'><strong>vindicaris?</strong></span> <span class='ocrx_word' id='word_1_898' title='bbox 2573 5206 2816 5277; x_wconf 66' lang='lat' dir='ltr'><strong>Diligeais</strong></span> <span class='ocrx_word' id='word_1_899' title='bbox 2843 5248 2859 5272; x_wconf 91' lang='lat'><strong>,</strong></span> <span class='ocrx_word' id='word_1_900' title='bbox 2917 5208 3205 5263; x_wconf 88' lang='lat' dir='ltr'><strong>vindiearis</strong></span> <span class='ocrx_word' id='word_1_901' title='bbox 3234 5224 3265 5263; x_wconf 91' lang='lat' dir='ltr'><strong>a</strong></span> <span class='ocrx_word' id='word_1_902' title='bbox 3310 5190 3489 5264; x_wconf 80' lang='lat' dir='ltr'><strong>stultis</strong></span> <span class='ocrx_word' id='word_1_903' title='bbox 3525 5219 3581 5266; x_wconf 90' lang='lat' dir='ltr'><strong>et</strong></span> <span class='ocrx_word' id='word_1_904' title='bbox 3607 5225 3637 5263; x_wconf 87' lang='lat' dir='ltr'><strong>a</strong></span> <span class='ocrx_word' id='word_1_905' title='bbox 3662 5209 3835 5279; x_wconf 75' lang='lat' dir='ltr'><strong>perdi-</strong></span> 
     </span>
    </p>
   </div>
   <div class='ocr_carea' id='block_1_109' title="bbox 2226 5298 3834 5365">
    <p class='ocr_par' dir='ltr' id='par_1_109' title="bbox 2226 5298 3834 5365">
     <span class='ocr_line' id='line_1_109' title="bbox 2226 5298 3834 5365; baseline 0 -12"><span class='ocrx_word' id='word_1_906' title='bbox 2226 5299 2321 5365; x_wconf 67' lang='lat' dir='ltr'><strong>tis,</strong></span> <span class='ocrx_word' id='word_1_907' title='bbox 2353 5298 2713 5353; x_wconf 89' lang='lat' dir='ltr'><strong>contemneris</strong></span> <span class='ocrx_word' id='word_1_908' title='bbox 2759 5313 2787 5350; x_wconf 91' lang='lat' dir='ltr'><strong>a</strong></span> <span class='ocrx_word' id='word_1_909' title='bbox 2834 5298 3091 5360; x_wconf 80' lang='lat' dir='ltr'><strong>sensati~,</strong></span> <span class='ocrx_word' id='word_1_910' title='bbox 3120 5298 3326 5354; x_wconf 83' lang='lat' dir='ltr'><strong>caveris</strong></span> <span class='ocrx_word' id='word_1_911' title='bbox 3350 5313 3381 5353; x_wconf 88' lang='lat' dir='ltr'><strong>a</strong></span> <span class='ocrx_word' id='word_1_912' title='bbox 3404 5300 3694 5355; x_wconf 53' lang='lat' dir='ltr'><strong>salvandis.</strong></span> <span class='ocrx_word' id='word_1_913' title='bbox 3735 5299 3834 5354; x_wconf 80' lang='grc' dir='ltr'><strong>Τι-</strong></span> 
     </span>
    </p>
   </div>
   <div class='ocr_carea' id='block_1_110' title="bbox 2228 5390 3834 5459">
    <p class='ocr_par' dir='ltr' id='par_1_110' title="bbox 2228 5390 3834 5459">
     <span class='ocr_line' id='line_1_110' title="bbox 2228 5390 3834 5459; baseline 0.001 -14"><span class='ocrx_word' id='word_1_914' title='bbox 2228 5390 2423 5446; x_wconf 87' lang='lat' dir='ltr'><strong>menda</strong></span> <span class='ocrx_word' id='word_1_915' title='bbox 2451 5392 2628 5459; x_wconf 91' lang='lat' dir='ltr'><strong>itaque</strong></span> <span class='ocrx_word' id='word_1_916' title='bbox 2652 5406 2731 5459; x_wconf 79' lang='lat' dir='ltr'><strong>es,</strong></span> <span class='ocrx_word' id='word_1_917' title='bbox 2762 5390 2995 5445; x_wconf 88' lang='lat' dir='ltr'><strong>humana</strong></span> <span class='ocrx_word' id='word_1_918' title='bbox 3021 5390 3127 5445; x_wconf 85' lang='lat' dir='ltr'><strong>vita</strong></span> <span class='ocrx_word' id='word_1_919' title='bbox 3146 5430 3163 5457; x_wconf 94' lang='lat'><strong>,</strong></span> <span class='ocrx_word' id='word_1_920' title='bbox 3193 5398 3250 5445; x_wconf 88' lang='lat' dir='ltr'><strong>et</strong></span> <span class='ocrx_word' id='word_1_921' title='bbox 3293 5390 3520 5445; x_wconf 88' lang='lat' dir='ltr'><strong>multum</strong></span> <span class='ocrx_word' id='word_1_922' title='bbox 3550 5390 3789 5446; x_wconf 80' lang='lat' dir='ltr'><strong>cavenda</strong></span> <span class='ocrx_word' id='word_1_923' title='bbox 3813 5429 3834 5456; x_wconf 82' lang='lat'><strong><em>.</em></strong></span> 
     </span>
    </p>
   </div>
   <div class='ocr_carea' id='block_1_111' title="bbox 2230 5480 3833 5553">
    <p class='ocr_par' dir='ltr' id='par_1_111' title="bbox 2230 5480 3833 5553">
     <span class='ocr_line' id='line_1_111' title="bbox 2230 5480 3833 5553; baseline -0.002 -15"><span class='ocrx_word' id='word_1_924' title='bbox 2230 5498 2349 5553; x_wconf 77' lang='lat' dir='ltr'><strong>qua:</strong></span> <span class='ocrx_word' id='word_1_925' title='bbox 2374 5482 2451 5538; x_wconf 88' lang='lat' dir='ltr'><strong>sic</strong></span> <span class='ocrx_word' id='word_1_926' title='bbox 2479 5480 2696 5553; x_wconf 83' lang='lat' dir='ltr'><strong>fugitiva</strong></span> <span class='ocrx_word' id='word_1_927' title='bbox 2718 5497 2776 5537; x_wconf 87' lang='lat' dir='ltr'><strong>es</strong></span> <span class='ocrx_word' id='word_1_928' title='bbox 2799 5524 2814 5548; x_wconf 95' lang='lat'><strong>,</strong></span> <span class='ocrx_word' id='word_1_929' title='bbox 2861 5482 2940 5537; x_wconf 87' lang='lat' dir='ltr'><strong>sic</strong></span> <span class='ocrx_word' id='word_1_930' title='bbox 2961 5481 3167 5536; x_wconf 90' lang='lat' dir='ltr'><strong>lubrica</strong></span> <span class='ocrx_word' id='word_1_931' title='bbox 3193 5523 3208 5549; x_wconf 91' lang='lat'><strong>,</strong></span> <span class='ocrx_word' id='word_1_932' title='bbox 3254 5480 3335 5536; x_wconf 88' lang='lat' dir='ltr'><strong>sic</strong></span> <span class='ocrx_word' id='word_1_933' title='bbox 3390 5481 3718 5551; x_wconf 85' lang='lat' dir='ltr'><strong>periculosa,</strong></span> <span class='ocrx_word' id='word_1_934' title='bbox 3749 5480 3833 5535; x_wconf 86' lang='lat' dir='ltr'><strong>sic</strong></span> 
     </span>
    </p>
   </div>
   <div class='ocr_carea' id='block_1_112' title="bbox 2231 5571 3836 5642">
    <p class='ocr_par' dir='ltr' id='par_1_112' title="bbox 2231 5571 3836 5642">
     <span class='ocr_line' id='line_1_112' title="bbox 2231 5571 3836 5642; baseline -0.002 -15"><span class='ocrx_word' id='word_1_935' title='bbox 2231 5573 2438 5640; x_wconf 88' lang='lat' dir='ltr'><strong>brevis,</strong></span> <span class='ocrx_word' id='word_1_936' title='bbox 2466 5574 2542 5629; x_wconf 89' lang='lat' dir='ltr'><strong>sic</strong></span> <span class='ocrx_word' id='word_1_937' title='bbox 2572 5574 2771 5627; x_wconf 89' lang='lat' dir='ltr'><strong>incerta</strong></span> <span class='ocrx_word' id='word_1_938' title='bbox 2800 5616 2814 5641; x_wconf 92' lang='lat'><strong>,</strong></span> <span class='ocrx_word' id='word_1_939' title='bbox 2843 5581 2901 5626; x_wconf 90' lang='lat' dir='ltr'><strong>ut</strong></span> <span class='ocrx_word' id='word_1_940' title='bbox 2922 5572 3072 5642; x_wconf 88' lang='lat' dir='ltr'><strong>quasi</strong></span> <span class='ocrx_word' id='word_1_941' title='bbox 3099 5573 3282 5626; x_wconf 89' lang='lat' dir='ltr'><strong>umbra</strong></span> <span class='ocrx_word' id='word_1_942' title='bbox 3306 5612 3321 5636; x_wconf 92' lang='lat'><strong>,</strong></span> <span class='ocrx_word' id='word_1_943' title='bbox 3366 5580 3459 5625; x_wconf 91' lang='lat' dir='ltr'><strong>aut</strong></span> <span class='ocrx_word' id='word_1_944' title='bbox 3509 5571 3703 5641; x_wconf 86' lang='lat' dir='ltr'><strong>imago,</strong></span> <span class='ocrx_word' id='word_1_945' title='bbox 3732 5580 3836 5635; x_wconf 77' lang='lat' dir='ltr'><strong>aut</strong></span> 
     </span>
    </p>
   </div>
   <div class='ocr_carea' id='block_1_113' title="bbox 2234 5664 3833 5737">
    <p class='ocr_par' dir='ltr' id='par_1_113' title="bbox 2234 5664 3833 5737">
     <span class='ocr_line' id='line_1_113' title="bbox 2234 5664 3833 5737; baseline -0.001 -17"><span class='ocrx_word' id='word_1_946' title='bbox 2234 5669 2442 5736; x_wconf 85' lang='lat' dir='ltr'><strong>nubes,</strong></span> <span class='ocrx_word' id='word_1_947' title='bbox 2474 5675 2568 5723; x_wconf 89' lang='lat' dir='ltr'><strong>aut</strong></span> <span class='ocrx_word' id='word_1_948' title='bbox 2610 5667 2781 5737; x_wconf 92' lang='lat' dir='ltr'><strong>nihil,</strong></span> <span class='ocrx_word' id='word_1_949' title='bbox 2830 5676 2922 5724; x_wconf 90' lang='lat' dir='ltr'><strong>aut</strong></span> <span class='ocrx_word' id='word_1_950' title='bbox 2969 5668 3129 5724; x_wconf 90' lang='lat' dir='ltr'><strong>inane</strong></span> <span class='ocrx_word' id='word_1_951' title='bbox 3173 5665 3501 5722; x_wconf 84' lang='lat' dir='ltr'><strong>dissolveris.</strong></span> <span class='ocrx_word' id='word_1_952' title='bbox 3536 5664 3670 5722; x_wconf 87' lang='lat' dir='ltr'><strong>Dum</strong></span> <span class='ocrx_word' id='word_1_953' title='bbox 3696 5676 3833 5735; x_wconf 74' lang='lat' dir='ltr'><strong>ergo</strong></span> 
     </span>
    </p>
   </div>
   <div class='ocr_carea' id='block_1_114' title="bbox 615 5811 2425 5881">
    <p class='ocr_par' dir='ltr' id='par_1_114' title="bbox 615 5811 2425 5881">
     <span class='ocr_line' id='line_1_114' title="bbox 615 5811 2425 5881; baseline -0.004 -7"><span class='ocrx_word' id='word_1_954' title='bbox 615 5826 645 5857; x_wconf 62' lang='grc' dir='ltr'><strong><em>υ</em></strong></span> <span class='ocrx_word' id='word_1_955' title='bbox 677 5814 1013 5874; x_wconf 82' lang='lat' dir='ltr'><strong>Cassabunda</strong></span> <span class='ocrx_word' id='word_1_956' title='bbox 1046 5811 1228 5880; x_wconf 82' lang='lat' dir='ltr'><strong>Forte,</strong></span> <span class='ocrx_word' id='word_1_957' title='bbox 1258 5812 1553 5867; x_wconf 82' lang='lat' dir='ltr'><strong>cusabundu</strong></span> <span class='ocrx_word' id='word_1_958' title='bbox 1585 5812 1852 5881; x_wconf 83' lang='lat' dir='ltr'><strong>:cadm-a,</strong></span> <span class='ocrx_word' id='word_1_959' title='bbox 1879 5811 2100 5880; x_wconf 85' lang='lat' dir='ltr'><strong>lubrica,</strong></span> <span class='ocrx_word' id='word_1_960' title='bbox 2146 5811 2425 5869; x_wconf 81' lang='lat' dir='ltr'><strong>instabilis.</strong></span> 
     </span>
    </p>
   </div>
  </div>
