4052 6332
288 349 387 406 ιιι

1205 333 1737 394 lNSTltUCl‘lONES
1773 331 2005 390 nam
2042 333 2195 390 sui:
2233 333 2531 391 summa.
2557 289 2612 389 s.

3450 327 3553 382 942

283 465 418 524 nihil
447 478 530 532 es,
554 478 587 517 ο
608 458 848 517 mortalis
871 456 1002 524 vita,
1033 455 1151 512 sive
1178 456 1377 525 imago,
1403 453 1624 522 fugitiva
1646 460 1706 507 ut
1731 451 1866 518 avis,
1898 456 1946 511 Α
1973 464 2302 521 quaecunque
2331 459 2631 516 mutantur,
2662 449 2745 503 vel
2792 462 2990 517 quomo
3009 447 3062 500 lo
3108 451 3414 506 mutantur,
3446 460 3556 499 non

282 568 349 612 ut
376 556 546 612 nubes
574 553 775 608 incerta
801 592 815 617 ,
849 560 904 605 et
929 547 1128 618 fragilis
1155 557 1213 603 ut
1241 549 1448 611 umbra,
1482 555 1541 602 ut
1579 546 1870 614 somnium,

284 650 370 707 sic
398 662 493 717 per
517 656 572 701 te
598 648 702 699 iter
727 641 991 713 agendum
1019 648 1121 707 est,
1144 650 1253 696 tam
1283 640 1535 708 sollicite,
1559 648 1666 693 tam
1695 646 1872 703 caute,

284 750 400 796 tam
428 738 706 809 expedite,
735 745 793 791 ut
819 736 1085 790 viatorum
1118 750 1268 791 more
1313 733 1383 788 ad
1429 749 1610 791 veram
1642 733 1874 803 patriam

284 846 313 874 ⁸
348 835 597 892 omnibus
626 832 1049 903 intelligentibus
1076 829 1436 886 festinandum
1469 831 1556 884 sit.
1591 830 1666 885 De
1707 837 1877 883 trans-

284 944 417 990 acto
459 941 712 994 securus,
767 927 834 982 de
880 941 947 981 eo
991 923 1137 996 quod
1181 933 1350 980 restat
1393 921 1707 978 sollicitus:
1746 920 1877 976 nihil

284 1027 435 1083 enim
467 1026 560 1080 tibi
590 1023 814 1095 prodest
846 1018 1169 1085 ascendere,
1216 1015 1359 1085 quod
1407 1014 1743 1079 ascenderis,
1774 1012 1877 1068 nisi

285 1117 435 1190 quod
465 1123 652 1178 restat,
685 1113 919 1169 evaseris
951 1129 966 1165 :
998 1111 1082 1165 via
1128 1109 1271 1165 enim
1300 1116 1355 1163 et
1382 1122 1635 1163 ascensus
1661 1107 1879 1176 quidam

288 1210 527 1285 putanda
556 1216 639 1264 est
667 1208 750 1262 via
779 1205 966 1279 [Forte
1012 1202 1141 1275 vita]
1188 1203 1323 1258 haec.
1373 1202 1451 1257 Ne
1496 1215 1797 1270 quaeramus
1824 1201 1879 1255 in

286 1306 379 1358 via
408 1302 548 1372 quod
578 1302 631 1356 in
661 1300 833 1371 patria
869 1298 1103 1353 futurum
1133 1304 1216 1352 est
1246 1313 1260 1350 :
1293 1296 1447 1367 labor
1488 1295 1631 1359 enim
1660 1304 1716 1348 et
1762 1293 1883 1349 fati-

287 1395 439 1463 gatio
469 1393 521 1447 in
550 1392 742 1446 itinere
768 1396 1045 1452 versatur,
1077 1389 1128 1442 in
1155 1388 1332 1461 patria
1355 1386 1569 1456 requies
1592 1395 1647 1441 et
1674 1386 1880 1442 securi-

288 1495 378 1542 tas
398 1493 636 1557 paratur.
670 1482 980 1551 Cavendum
1006 1488 1090 1545 est
1117 1480 1298 1551 itaque
1326 1480 1502 1542 nobis,
1533 1494 1598 1533 ne
1627 1478 1762 1537 forte
1789 1494 1884 1548 per

287 1577 439 1631 viam
465 1574 642 1630 securi
687 1573 887 1649 simus,
938 1580 995 1627 et
1046 1570 1112 1639 ad
1141 1586 1318 1624 veram
1371 1578 1609 1631 nostram
1656 1569 1881 1640 patriam

289 1684 407 1724 non
456 1667 855 1738 perveniamus.
928 1663 1066 1719 Sunt
1112 1663 1255 1717 enim
1306 1677 1492 1716 revera
1542 1660 1782 1715 nonnulli
1831 1659 1884 1714 in

289 1760 405 1816 hoc
434 1758 625 1813 itinere
646 1755 879 1827 desides,
905 1754 1100 1827 securi,
1136 1753 1302 1818 lividi,
1332 1762 1516 1808 utnon
1551 1762 1659 1807 tam
1691 1753 1745 1821 in
1775 1754 1880 1816 via,

290 1867 459 1921 quam
489 1850 542 1905 in
573 1849 747 1920 patria
774 1862 895 1903 esse
941 1846 1230 1915 videantur
1259 1864 1271 1899 :
1305 1853 1360 1901 et
1404 1861 1512 1911 non
1540 1854 1647 1899 tam
1695 1846 1887 1899 volun-

1991 1837 2089 1878 nos
2131 1831 2212 1889 te,
2257 1837 2327 1878 ne
2372 1838 2471 1878 nos
2510 1822 2775 1892 decipias,
2820 1821 3087 1891 fugiamus
3136 1835 3151 1874 :

292 1945 454 2009 tarii,
499 1958 660 2014 quam
715 1941 866 2011 inviti
914 1952 1042 2009 etim
1088 1939 1151 1993 ad
1194 1939 1449 2011 patriam,
1496 1938 1742 2001 nimirum
1777 1938 1888 2007 jam

290 2037 584 2109 perditam.
640 2032 740 2097 Hic
774 2034 917 2089 enim
954 2034 1005 2088 in
1036 2034 1120 2097 via
1144 2033 1334 2097 prmusi
1358 2039 1483 2088 sunt
1505 2033 1709 2103 patria,
1740 2041 1795 2086 et
1823 2033 1890 2087 de

292 2127 449 2182 brevi
504 2126 614 2180 vita
662 2133 917 2179 aeternam
965 2134 1193 2178 mortem
1223 2123 1446 2178 mercati
1472 2130 1616 2200 sunt.
1647 2121 1890 2178 Infelices

294 2219 366 2275 de
393 2219 652 2273 frustrato
680 2216 1008 2272 commercio
1042 2215 1145 2269 lzeti
1173 2222 1325 2282 sunt,
1376 2215 1551 2269 aliena
1578 2213 1781 2269 caduca
1809 2214 1889 2268 di-

294 2311 570 2379 lexerunt,
601 2320 650 2365 et
684 2308 902 2381 propria
932 2317 1132 2363 aeterna
1156 2307 1525 2377 neglexerunt.
1550 2305 1891 2377 Quaproptrr

294 2401 545 2471 quamvis
588 2400 695 2456 sint
746 2400 901 2464 laeta,
950 2399 1193 2467 quamvis
1237 2397 1431 2453 blanda
1456 2439 1472 2465 ,
1513 2398 1757 2466 quamvis
1784 2397 1891 2452 sint

294 2491 565 2562 speciosa,
592 2490 767 2546 aliena
792 2499 1006 2545 terrena
1032 2489 1353 2554 devitemus,
1373 2496 1431 2541 nt
1452 2487 1667 2557 propria
1689 2495 1889 2553 teterna

296 2598 408 2636 non
439 2580 767 2651 perdamus:
802 2578 987 2634 fideles
1014 2595 1067 2633 in
1115 2578 1304 2633 alienis
1334 2578 1702 2643 inveniamur,
1733 2587 1792 2634 ut
1837 2579 1890 2634 in

298 2671 532 2742 propriis
559 2686 625 2725 ac
666 2670 865 2726 nostris
890 2668 1131 2731 bmredes
1158 2667 1480 2735 efficiamur,
1522 2669 1759 2731 donante
1783 2669 1889 2725 Do-

298 2764 449 2817 mino
476 2770 659 2817 nostro
683 2760 809 2818 Jesu
836 2759 1052 2820 Christo
1071 2800 1087 2828 ,
1118 2761 1204 2828 cui
1234 2760 1401 2829 gloria
1426 2761 1478 2817 in
1502 2760 1695 2817 sazcula
1726 2776 1890 2816 saecu.

298 2858 495 2914 lorum.
525 2857 717 2913 Amen.

834 2951 1243 3009 INSTRUCTIO
1263 2950 1353 3008 Vl.

514 3042 828 3103 Prmmtem
859 3046 1013 3099 vitam
1041 3045 1262 3099 similem
1306 3062 1419 3099 esse
1460 3045 1675 3100 umbrte.

372 3136 414 3190 Ι.
443 3134 688 3192 Donante
720 3136 947 3191 Domino
976 3135 1043 3191 de
1071 3135 1300 3191 humana
1324 3135 1432 3189 vita
1464 3135 1716 3198 diximus,
1746 3135 1891 3205 quod

1977 542 2174 607 video;
2205 550 2259 596 et
2286 550 2456 597 totam
2481 541 2639 596 simul
2675 541 2726 594 in
2757 554 2862 593 uno
2892 539 3053 592 vitam
3082 542 3567 602 meam‘nunquatu

1979 632 2159 688 videre
2188 649 2443 702 possum;
2473 641 2529 688 et
2554 633 2697 702 quod
2728 631 2842 686 heri
2878 629 2951 684 fui
2971 669 2994 693 ,
3034 626 3194 681 hodie
3239 641 3348 681 non
3399 639 3557 687 sum;

1977 741 2054 781 suc
2099 726 2242 796 quod
2289 727 2449 782 hodie
2493 743 2652 794 sum,
2700 741 2821 781 cras
2862 739 2968 779 non
2999 736 3121 787 ero;
3163 728 3219 775 et
3245 718 3323 774 sic
3345 731 3565 787 semper

1978 808 2190 872 mobilis
2214 825 2271 872 et
2304 818 2661 875 nmtabundus
2687 832 2785 886 per
2811 823 3011 873 caetera
3051 811 3173 866 vitae
3217 824 3349 865 meae
3388 805 3564 878 spatia

1979 924 2099 975 ero,
2132 916 2190 965 ut
2212 909 2279 965 de
2307 919 2580 964 momento
2608 910 2660 963 in
2690 916 3018 962 momentum
3037 944 3053 968 ,
3085 904 3154 958 de
3188 902 3475 956 momentis
3506 899 3565 953 in

1980 1002 2159 1068 horas,
2182 994 2249 1057 de
2277 1002 2424 1058 heris
2450 1002 2504 1055 in
2529 1000 2672 1068 dies,
2701 1014 2822 1055 cum
2843 997 3061 1053 incertis
3085 995 3258 1049 atatis
3280 1008 3411 1047 metu
3438 1005 3567 1060 spa-

1984 1096 2069 1150 tiis
2097 1109 2412 1151 concurram
2439 1092 2507 1147 ad
2533 1077 2790 1154 mortem,
2842 1099 2902 1145 ut
2948 1089 3022 1144 ibi
3070 1086 3280 1142 videam
3325 1092 3471 1139 certa
3512 1090 3569 1136 et

1982 1204 2105 1242 vera
2125 1228 2139 1251 ,
2169 1196 2223 1240 et
2253 1195 2364 1240 tota
2390 1183 2545 1239 simul
2576 1183 2629 1237 in
2677 1197 2817 1248 uno,
2848 1180 2991 1249 quod
3021 1179 3109 1235 hic
3143 1176 3271 1231 mihi
3318 1171 3567 1243 impossi-

1983 1276 2090 1331 bile
2135 1283 2236 1329 est.
3556 1316 3561 1317 κ

2054 1364 2117 1419 ll.
2154 1364 2201 1420 Ο
2228 1379 2315 1421 me
2342 1363 2629 1421 miserum!
2661 1363 2706 1419 si
2735 1362 2806 1417 ibi
2833 1362 2999 1416 vitam
3037 1375 3145 1416 non
3173 1359 3377 1423 videro,
3406 1370 3571 1426 quam

1984 1470 2258 1525 nunquam
2284 1469 2465 1510 veram
2487 1454 2676 1519 video;
2702 1467 2886 1508 veram
2915 1452 3059 1507 enim
3087 1465 3213 1507 esse
3236 1450 3308 1505 ibi
3328 1452 3447 1504 eam
3476 1461 3572 1502 ne-

1985 1561 2137 1601 cesse
2164 1554 2278 1613 est,
2310 1546 2403 1601 ubi
2426 1546 2702 1601 aeternitas
2746 1545 2876 1615 agit.
2905 1543 3052 1615 Fuge
3074 1556 3223 1611 ergo,
3256 1542 3398 1610 fuge,
3430 1555 3465 1595 o
3490 1547 3569 1603 tu,

1986 1637 2110 1690 vitm
2138 1637 2381 1691 mortalis
2408 1636 2631 1703 umbra;
2662 1634 2784 1704 fuge
2811 1644 2868 1690 tu
2889 1650 3021 1700 nos,
3046 1643 3102 1688 et
3129 1647 3229 1687 nos
3256 1640 3310 1686 te
3336 1649 3347 1684 :
3372 1639 3428 1685 tu
3451 1627 3574 1698 fuge

1989 1740 2047 1783 ut
2074 1728 2239 1796 facis;
2264 1743 2481 1799 semper
2504 1729 2647 1784 enim
2673 1727 2830 1799 fugis,
2854 1737 2912 1783 ut
2933 1727 3042 1783 cito
3070 1741 3198 1782 vera
3220 1725 3328 1779 vita
3358 1722 3571 1778 veniat:

3205 1820 3389 1872 tardos
3433 1815 3577 1870 enim

1990 1913 2200 1969 blandis
2228 1914 2476 1985 decipere
2502 1914 2645 1970 soles
2682 1912 3097 1984 impedimentis.
3128 1908 3274 1978 Fuge
3295 1948 3312 1973 ,
3339 1907 3576 1974 inquam,

1988 2017 2045 2063 et
2082 2006 2277 2063 festina
2321 2022 2440 2076 quae
2492 2007 2691 2061 multos
2735 2003 3026 2068 seduxisti,
3065 2009 3122 2057 et
3175 2015 3274 2055 nos
3319 1998 3579 2053 seducere

1990 2100 2189 2166 instas,
2216 2108 2273 2157 et
2300 2100 2435 2156 alios
2463 2108 2588 2170 post
2632 2114 2733 2155 nos
2773 2098 3035 2161 deduces,
3062 2104 3125 2151 et
3159 2092 3320 2149 morti
3350 2091 3578 2160 assigna-

1988 2193 2090 2249 bis.
2140 2192 2185 2246 0
2234 2208 2394 2263 quam
2423 2206 2565 2247 caeca
2611 2206 2671 2248 es
2717 2199 2989 2260 tu,quam
3030 2189 3327 2253 seducens,
3374 2185 3579 2240 incerta

1992 2287 2126 2340 vita!
2160 2300 2247 2340 me
2268 2292 2578 2355 exspectas,
2603 2292 2664 2338 ut
2690 2283 2901 2354 rapias;
2927 2295 3015 2337 me
3043 2294 3341 2350 provocas,
3369 2285 3426 2331 ut
3451 2290 3578 2329 sua-

1990 2376 2150 2441 deas;
2183 2391 2269 2431 me
2299 2389 2479 2445 rogas,
2510 2382 2570 2431 ut
2590 2374 2845 2441 seducas;
2875 2387 2963 2429 me
2989 2372 3296 2435 suades,ut
3322 2367 3577 2437 decipias.

1988 2468 2121 2535 Quis
2146 2478 2257 2522 tam
2298 2468 2557 2538 insipiens
2602 2476 2711 2534 est,
2743 2474 2803 2522 ut
2832 2470 2898 2521 te
2944 2464 3162 2528 credat,
3212 2476 3333 2533 quae
3376 2458 3582 2528 decipis

1992 2564 2254 2627 amantes,
2283 2569 2339 2616 et
2365 2560 2576 2616 seducis
2602 2560 2922 2614 credentes?
2948 2556 3048 2624 Qui
3079 2556 3220 2612 enim
3250 2562 3305 2609 te
3333 2552 3582 2621 diligunt,
3676 2560 3679 2567 ‘

1991 2651 2203 2722 decepti
2232 2660 2384 2718 sunt;
2416 2660 2472 2706 et
2517 2651 2609 2722 qui
2658 2659 2712 2706 te
2742 2649 2999 2715 credunt,
3046 2644 3256 2705 seducti
3296 2634 3460 2700 sunt:
3491 2642 3584 2711 qui

1991 2753 2172 2799 autem
2195 2752 2249 2799 te
2275 2742 2585 2812 negligunt,
2622 2741 2772 2797 ditati
2802 2749 2956 2806 sunt;
3005 2747 3062 2795 et
3111 2738 3204 2808 qui
3250 2748 3305 2792 te
3348 2734 3579 2804 iugiunt,

1991 2838 2179 2895 salvati
2207 2845 2350 2893 sunt.
2374 2837 2542 2893 Deum
2570 2843 2843 2907 qumrunt,
2874 2849 2966 2904 qui
2990 2842 3045 2889 te
3072 2837 3447 2888 contemnunt.
3482 2826 3583 2881 Fu-

1993 2929 2198 3001 giamus
2227 2930 2409 2998 itaque
2435 2943 2535 2983 nos
2564 2936 2648 2996 te,
2680 2934 2971 2994 antequam
3002 2931 3061 2978 tu
3090 2936 3189 2977 nos
3226 2939 3239 2974 :
3268 2927 3325 2975 et
3351 2918 3478 2990 quia
3504 2916 3607 2989 sic,

1995 3019 2270 3088 mortalis,
2299 3017 2477 3073 brevis
2501 3060 2514 3085 ,
2546 3018 2747 3072 caduca
2767 3057 2783 3084 ,
2806 3015 3009 3070 incerta
3027 3055 3042 3082 ,
3073 3010 3367 3078 instabilis,
3406 3008 3584 3064 mobi-

1996 3110 2090 3177 lis,
2151 3110 2450 3176 mutabilis,
2491 3108 2858 3181 convertibilis
2913 3123 3006 3174 es;
3055 3122 3156 3163 nos
3207 3104 3304 3159 Dei
3352 3111 3409 3160 et
3461 3102 3584 3158 vita:

298 3224 400 3279 via:
429 3224 722 3281 similitudo
747 3235 846 3291 est,
882 3226 931 3279 iu
960 3241 1064 3296 qua
1092 3225 1458 3295 unusquisque
1478 3225 1583 3280 iter
1602 3226 1667 3280 ad
1689 3235 1887 3282 :eterna

1995 3211 2211 3259 acterna:
2247 3213 2519 3277 amatores
2553 3211 2608 3257 et
2637 3201 3001 3271 negotiatores
3046 3198 3258 3269 potius,
3298 3211 3460 3266 quam
3506 3196 3585 3252 tui

298 3326 468 3383 agens
492 3312 559 3368 de
587 3314 777 3370 alienis
806 3314 1189 3385 cupiditatibus
1215 3330 1441 3370 securus
1459 3356 1474 3381 ,
1524 3314 1681 3384 quasi
1712 3315 1893 3372 viatici

297 3413 510 3463 tantum
556 3413 870 3476 paupertate
912 3412 1196 3461 contentus
1243 3421 1362 3461 esse
1390 3405 1603 3471 debeat,
1641 3414 1698 3459 ut
1736 3406 1896 3462 nullis

302 3494 518 3550 hterens
540 3495 804 3551 illecebris
830 3503 1045 3550 terrena
1075 3503 1270 3550 cuncta
1301 3495 1401 3569 sibi
1440 3511 1560 3551 esse
1593 3496 1767 3551 aliena
1809 3497 1891 3569 in-

299 3584 528 3657 telligat.
560 3585 711 3640 Nunc
740 3586 981 3640 umbram
1012 3600 1130 3641 esse
1172 3568 1422 3640 eamdem
1449 3628 1464 3653 ,
1519 3593 1576 3640 ιιι
1609 3586 1721 3655 jam
1770 3568 1896 3662 ante

299 3677 552 3743 diximus,
575 3678 921 3733 ostendamus
948 3679 1134 3733 vitam.
1170 3676 1284 3733 Non
1319 3679 1413 3733 tibi
1459 3678 1669 3757 videtur
1700 3680 1890 3753 umbra

280 3784 425 3825 esse
470 3778 526 3825 et
553 3770 729 3838 imago
775 3771 883 3825 vita
929 3771 1164 3826 hominis
1208 3788 1371 3843 super
1398 3774 1638 3827 terram?
1665 3788 1783 3842 quas
1819 3773 1898 3830 sic

300 3862 490 3928 dubia,
530 3863 765 3933 quandiu
780 3864 850 3919 sit
874 3873 929 3919 et
950 3864 1177 3930 incerta,
1210 3871 1267 3929 ut
1297 3879 1382 3919 res
1406 3865 1609 3938 umbra:
1631 3873 1891 3935 tequetur.

303 3956 469 4012 Vides
493 3958 635 4013 enim
667 3967 722 4013 et
768 3975 875 4014 non
906 3958 1091 4023 vides;
1122 3959 1259 4031 ipsa,
1292 3974 1391 4015 nec
1439 3959 1576 4029 ipsa,
1608 3959 1846 4015 dicamus
1879 3978 1891 4013 :

302 4047 454 4118 quod
485 4046 609 4112 fuit,
641 4064 748 4104 non
793 4047 978 4115 vides;
1008 4049 1149 4120 quod
1181 4049 1317 4113 erit,
1371 4063 1474 4104 nec
1514 4050 1686 4118 ipsum
1715 4049 1897 4105 videte

303 4147 483 4208 potes.
515 4138 675 4194 Vides
706 4148 911 4194 tantum
938 4139 1098 4215 quod
1127 4150 1242 4203 est,
1271 4139 1417 4209 quod
1448 4138 1537 4194 diu
1582 4148 1691 4194 stat
1721 4158 1733 4193 :
1758 4139 1897 4195 tolle

302 4229 452 4300 quod
480 4245 540 4286 es
569 4230 750 4304 [Forte
771 4231 913 4302 quod
940 4233 1075 4304 estl,
1108 4232 1236 4304 nihil
1267 4232 1450 4305 vides;
1479 4232 1560 4287 sic
1596 4240 1682 4286 est
1713 4231 1886 4286 invisa

300 4337 371 4377 ac
418 4322 461 4377 si
493 4338 599 4377 non
651 4331 837 4378 esset:
873 4338 1001 4394 ergo
1042 4308 1287 4378 umbram
1338 4323 1483 4378 videt
1529 4322 1897 4398 unusquisque

300 4410 469 4463 vitam
499 4424 647 4465 suam
667 4454 680 4477 ,
709 4420 762 4465 et
787 4427 816 4465 a
849 4427 1009 4479 mane
1059 4427 1233 4490 usque
1263 4411 1332 4481 ad
1377 4428 1693 4482 vesperam,
1741 4412 1894 4490 quasi

301 4500 358 4554 in
387 4501 619 4569 quodam
646 4503 865 4572 speculo
893 4487 1187 4571 vanitatem
1218 4518 1327 4558 sum
1357 4503 1477 4557 vita:
1508 4487 1893 4577 circumspicit.

1997 3309 2097 3350 nos
2122 3294 2446 3369 habeantur,
2472 3302 2527 3349 et
2553 3304 2606 3348 te
2627 3291 2881 3347 ﬂuentem
2898 3299 2953 3346 et
2975 3288 3263 3359 fugientem
3295 3287 3580 3356 fugiamus,

1997 3401 2065 3442 ne
2092 3401 2191 3442 nos
2211 3401 2331 3442 cum
2362 3385 2469 3441 tuis
2496 3383 2825 3441 amatoribus
2852 3383 3110 3439 vindices.
3139 3380 3469 3452 Fugiendum
3500 3388 3585 3435 est

1997 3477 2140 3533 enim
2184 3478 2342 3533 nobis
2388 3476 2534 3548 quod
2563 3476 2728 3546 fugit,
2760 3483 2815 3531 et
2859 3476 2939 3532 sic
2966 3475 3021 3530 in
3066 3489 3135 3530 eo
3160 3472 3448 3529 vivendum
3479 3479 3582 3537 est,

1996 3569 2150 3639 quasi
2176 3569 2417 3639 quotidie
2444 3568 2779 3625 moriendum
2827 3576 2992 3624 esset.
3017 3565 3155 3634 Quid
3185 3565 3330 3621 enim
3359 3564 3586 3619 interest

1997 3662 2152 3718 nobis
2176 3662 2364 3730 hodie,
2394 3663 2508 3719 sive
2534 3677 2656 3718 cras
2682 3662 2862 3717 mori?
2905 3661 3041 3716 Dum
3077 3660 3219 3714 enim
3248 3658 3385 3715 mori
3423 3657 3582 3714 nobis

1996 3767 2222 3809 necesse
2248 3762 2361 3817 est,
2402 3753 2481 3809 sic
2506 3753 2662 3809 nobis
2689 3761 2772 3809 est
2800 3767 2946 3807 mors
2983 3749 3401 3813 consideranda,
3431 3751 3584 3820 quasi

1991 3841 2101 3912 jam
2125 3843 2217 3897 diu
2244 3844 2577 3914 praeteriret;
2606 3851 2664 3900 et
2689 3844 2819 3899 dum
2847 3843 2980 3898 nihil
3007 3843 3165 3897 durat
3184 3849 3310 3895 ante
3330 3848 3584 3908 mortem,

1997 3932 2357 3990 festinandum
2384 3946 2467 3989 est
2495 3935 2563 3990 ad
2584 3946 2833 4002 mortem,
2859 3942 2920 3989 ut
2946 3934 3213 4004 possimus
3231 3949 3359 3989 vera
3380 3941 3583 3988 aeterna

1995 4023 2177 4080 videre
2199 4033 2323 4095 post
2344 4033 2590 4081 mortem.
2617 4025 2978 4093 Quamobrem
3005 4041 3113 4081 non
3140 4025 3457 4081 tardandum
3478 4034 3583 4083 est.

1996 4116 2094 4172 sed
2121 4116 2478 4172 festinandum
2527 4125 2609 4173 est
2654 4117 2721 4172 de
2772 4117 2962 4172 umbra
3000 4116 3303 4186 imaginatae
3333 4116 3487 4181 vitae,
3516 4114 3583 4169 ad

1996 4208 2279 4263 veritatem
2322 4224 2461 4264 verae
2506 4208 2646 4264 vita).
2679 4207 2744 4263 Et
2767 4209 2892 4279 quia
2922 4208 3026 4263 alia
3057 4208 3142 4263 via
3182 4207 3305 4262 vitae
3328 4205 3582 4271 carnalis,

1996 4300 2101 4356 alia
2128 4303 2214 4357 via
2253 4301 2523 4373 profectus
2565 4302 2892 4373 spiritualis;
2937 4311 3118 4359 currat
3162 4302 3373 4355 animus
3399 4297 3583 4369 profe-

1995 4391 2198 4458 ctibus,
2245 4392 2383 4447 sicut
2418 4392 2526 4448 vita
2571 4394 2845 4459 cursibus,
2896 4402 2952 4448 et
2995 4393 3069 4447 ita
3113 4391 3278 4445 animi
3323 4397 3583 4459 augeatur

1996 4481 2277 4537 maturitas
2298 4523 2314 4549 ,
2346 4490 2403 4538 ut
2428 4483 2601 4537 relatis
2628 4482 2937 4553 plenitudo;
2966 4490 3023 4537 et
3063 4482 3205 4537 sicut
3240 4482 3363 4537 vita:
3395 4480 3583 4537 circuli

301 4589 411 4644 sed
431 4590 685 4660 (ιυωῃιηι
722 4593 826 4667 εμα
867 4593 1066 4665 simini,
1115 4602 1321 4670 tantum
1364 4594 1433 4667 ίη⁸
1459 4572 1666 4649 somnis
1708 4572 1888 4669 videt;
1908 4577 1971 4637 ὀ
1998 4572 2343 4670 minuuntur,
2371 4575 2449 4628 sic
2472 4573 2723 4628 vitiorum
2754 4573 3346 4670 numerus-decrescat,
3369 4581 3429 4628 ut
3456 4585 3583 4670 eum

301 4680 551 4736 similiter
579 4682 719 4737 enim
750 4684 879 4758 falsa
915 4699 1025 4753 ιιι-οη
1041 4684 1181 4738 veris
1209 4683 1546 4752 speculatur,
1570 4691 1624 4738 et
1652 4698 1751 4754 pro
1779 4684 1888 4738 veri

300 4771 536 4840 imagine
564 4774 712 4849 vanis
741 4772 766 4810 δ
800 4775 1105 4847 includitur.
1139 4774 1277 4841 Quid
1306 4776 1468 4841 enim,
1495 4790 1647 4844 rogo,
1665 4776 1891 4830 interest

297 4863 447 4935 quod
475 4863 966 4939 hesterno‘vidisti,
1008 4882 1072 4922 ac
1117 4875 1276 4922 nocte
1319 4867 1655 4921 somniatur?
1698 4865 1888 4923 Nonne

300 4952 465 5007 hodie
492 4952 737 5029 similiter
764 4969 900 5007 vana
930 4970 1049 5009 esse
1095 4954 1188 5009 tibi
1215 4955 1502 5010 videntur?
1548 4954 1754 5010 Etenim
1784 4955 1888 5010 uti-

256 5110 268 5121 .
298 5056 408 5113 que
436 5057 523 5097 me
550 5057 658 5115 non
689 5043 809 5113 plus
839 5044 1036 5099 satiant
1072 5060 1171 5115 pro
1214 5047 1355 5102 veris
1394 5061 1515 5116 qua:
1544 5046 1769 5102 videndo
1801 5045 1886 5100 fu-
1968 5042 1969 5045 “

298 5134 484 5209 giunt,
513 5149 673 5204 quam
696 5134 815 5204 qua:
844 5136 1156 5191 somnianda
1174 5137 1451 5193 includunt
1469 5156 1481 5191 :
1502 5145 1725 5207 utraque
1745 5137 1887 5191 enim

297 5243 439 5281 vana
470 5243 588 5284 esse
614 5228 848 5284 invenio.
881 5228 1034 5296 Quod
1082 5231 1223 5286 enim
1253 5246 1369 5286 sum
1390 5268 1405 5294 ,
1430 5246 1537 5285 non
1567 5228 1667 5298 fui,
1696 5236 1750 5284 et
1781 5245 1886 5307 non

296 5332 401 5373 ero
422 5359 438 5385 ,
470 5326 524 5373 et
549 5333 872 5389 unaquaque
900 5321 1030 5374 hora
1059 5320 1200 5374 aliud
1229 5336 1371 5383 sum,
1394 5329 1449 5375 et
1477 5334 1751 5390 nunquam
1779 5330 1885 5376 sto.

296 5404 529 5478 Semper
554 5408 695 5463 enim
723 5423 882 5465 curro
911 5425 941 5463 a
980 5410 1067 5464 die
1110 5410 1401 5466 nativitatis
1451 5404 1629 5483 usque
1651 5410 1714 5465 ad
1746 5394 1887 5477 diem

299 5497 605 5564 mortis,et
631 5513 729 5568 per
773 5497 1011 5568 singulos
1063 5498 1179 5555 dies
1222 5500 1343 5554 vit-.c
1391 5515 1523 5552 mea:
1570 5508 1786 5567 mutor;
1835 5508 1891 5553 et

376 5662 406 5691 ι
446 5652 696 5710 Omnibus
721 5656 983 5711 iutell.....
1013 5656 1281 5711 sollicitus.
1306 5654 1593 5711 Colda=tus
1622 5655 1889 5713 Paramet.

300 5734 401 5797 pet.
435 5732 572 5794 part.
605 5742 640 5788 ι.
665 5741 768 5797 pag
798 5725 934 5789 155,
967 5728 1107 5781 hunc
1147 5727 1355 5793 locum,
1382 5736 1692 5793 corruptum
1736 5744 1888 5789 sane,

297 5793 382 5851 ita
427 5793 907 5853 restituit—‘z'omni
946 5797 1243 5869 intelligenti
1294 5799 1641 5869 festinandum
1683 5801 1779 5863 sit,
1827 5799 1892 5853 de

1997 4660 2195 4716 δωευιο
2230 4676 2324 4716 sua
2371 4662 2770 4731 relinquamus,
2812 4671 2867 4717 et
2904 4661 3036 4717 nihil
3075 4662 3145 4719 de
3185 4662 3301 4732 ejus
3340 4661 3582 4719 moribus

1997 4753 2274 4809 nobiscum
2300 4755 2532 4808 feramus
2569 4754 2637 4809 ad
2685 4754 2968 4829 Dominum
2988 4793 3004 4821 ,
3032 4763 3322 4824 praestante
3349 4753 3579 4809 Domino

1995 4852 2182 4900 nostro
2207 4842 2333 4900 Jesu
2357 4844 2596 4912 Christo,
2622 4846 2707 4902 cui
2733 4846 2902 4915 gloria
2930 4847 2983 4901 in
3018 4847 3213 4903 saecula
3232 4846 3577 4904 saeculorum.

1996 4934 2189 4991 Amen.

2506 5028 2913 5086 lNSTRUCTlO
2952 5030 3061 5088 VII.

2064 5121 2144 5177 De
2165 5122 2394 5199 excitate
2418 5123 2670 5191 hominis,
2702 5126 2787 5194 qui
2809 5125 3038 5206 neglecto
3082 5126 3265 5197 spiritu
3298 5122 3508 5178 inseruit

2668 5211 2892 5258 corpora.

2063 5301 2106 5357 ι.
2136 5303 2181 5357 Ο
2211 5312 2264 5359 te
2287 5320 2482 5360 caecam
2511 5306 2806 5363 insaniam!
2840 5323 2875 5364 ο
2913 5316 2967 5364 te
2990 5322 3188 5364 caecam
3218 5307 3449 5376 foveam,
3479 5306 3578 5363 hu-

1994 5411 2205 5453 manam
2234 5398 2592 5475 voluntatem,
2623 5415 2743 5469 qua:
2772 5409 2992 5471 accepta
3018 5401 3191 5469 celas,
3235 5408 3290 5454 et
3316 5400 3439 5455 data
3465 5417 3576 5457 non

1992 5490 2201 5547 reddis!
2234 5491 2431 5549 frustra
2458 5493 2682 5564 placaris
2706 5538 2721 5561 ,
2753 5510 2871 5564 qua:
2918 5496 3124 5565 ingrata
3168 5496 3433 5566 pasceris'
3463 5495 3576 5554 fru-

1994 5651 2267 5705 transactis
2291 5666 2493 5721 secure,
2519 5652 2582 5706 de
2604 5667 2661 5706 eo
2689 5651 2823 5721 quod
2862 5661 3021 5706 restat
3048 5654 3288 5709 sollicito.

2064 5721 2092 5796 ιτ
2121 5721 2429 5796 includitur.
2455 5720 2640 5796 Forte,
2665 5720 2932 5796 Δξιιιιιιὶιιιτ⁹
2961 5722 3066 5796 _Sic
3095 5724 3253 5795 paulo
3303 5732 3423 5796 post
3472 5740 3571 5794 pro

1994 5791 2257 5849 includunt
2284 5791 2563 5861 legendum
2594 5792 2802 5849 videtur
2842 5793 3079 5849 illudmit.
