4052 6332
531 300 638 356 ειδ

1749 305 1804 359 S.
1848 298 2238 358 CULUMBANI
2282 304 2568 362 ABBATIS

3692 313 3797 373 ιιι

527 428 637 474 una
664 432 849 481 voras,
876 433 994 489 qua:
1014 418 1090 475 sic
1111 426 1409 488 opportuna
1434 432 1645 472 sensum
1667 416 1852 490 [Forte
1871 411 2113 485 censum]
2144 422 2186 475 Α
2218 425 2406 485 potes;
2429 420 2475 476 si
2505 435 2633 485 non,
2664 436 2823 492 parce
2856 423 3049 491 redde,
3081 438 3242 482 avare
3261 424 3511 497 exsolve;
3537 428 3668 485 nihil
3696 431 3801 488 nisi

529 518 632 563 tua:
660 507 973 564 voracitatis
998 508 1200 577 exigas.
1244 507 1288 562 0
1315 517 1619 577 protusata,
1662 508 1981 577 sanguisuga
2013 510 2114 564 im-

528 599 771 668 patiens,
811 598 1031 654 immitis
1075 607 1346 661 saturata,
1395 598 1592 654 blanda
1646 599 1831 669 jejuna
1857 639 1874 665 ,
1920 615 2109 666 vorax,

529 690 889 747 inverecunda
908 730 925 756 ,
955 690 1091 745 edax
1113 732 1126 757 ,
1155 689 1282 759 quid
1305 689 1471 745 babes
1509 690 1676 745 recti?
1705 690 1832 758 quid
1859 691 2112 746 honesti?

527 781 680 843 nihil.
707 779 1111 848 Quaelrustrata
1146 779 1372 850 quaeris,
1416 794 1535 848 qua:
1579 778 1879 848 vituperata
1926 779 2109 844 iteras,

526 888 646 944 qum
672 873 848 942 turpia
876 887 1068 937 ornas,
1097 885 1265 940 quare
1312 880 1366 926 te
1412 870 1580 941 ipsam
1633 885 1741 926 non
1770 870 2114 926 consideras?

527 980 560 1016 υ
589 962 783 1018 misera
811 961 1143 1027 humanitas,
1185 962 1328 1019 intus
1372 960 1614 1032 putrida,
1660 960 1814 1030 felle,
1866 962 2110 1030 humore,

526 1052 769 1123 liquore,
793 1051 1087 1122 sanguine,
1128 1054 1376 1122 tlegmate
1425 1052 1579 1122 plena
1614 1051 1788 1107 :t'oris
1827 1067 1957 1108 vero
1996 1054 2112 1123 pel-

526 1145 630 1200 lem
681 1145 913 1201 lavatam
956 1142 1143 1218 [Forte
1184 1142 1415 1214 lavata],
1469 1143 1564 1200 sed
1614 1158 1886 1213 nunquam
1933 1151 2111 1199 tamen

525 1236 835 1292 mundatam
866 1236 1050 1311 [Forte
1078 1234 1389 1306 mundata];
1421 1250 1636 1305 semper
1657 1235 1796 1290 enim
1824 1234 1893 1290 de
1922 1235 2112 1291 intimo

525 1328 872 1385 immunditiie
898 1343 1055 1385 emno
1083 1328 1470 1397 coinquinaris,
1500 1327 1693 1397 polluet
1708 1327 1753 1382 is
1781 1345 1795 1381 :
1825 1327 1949 1383 licet
1974 1341 2112 1396 quo-

524 1416 653 1473 tidie
677 1416 903 1483 lavaris,
932 1416 1172 1487 quotidie
1199 1416 1436 1472 violaris.
1480 1415 1525 1471 Ο
1577 1417 1831 1487 pullatam
1880 1417 2111 1488 pellem!

523 1509 721 1566 frustra
749 1510 945 1566 lavaris
965 1550 981 1574 ,
1012 1525 1132 1580 qua:
1168 1517 1357 1565 natura
1386 1509 1657 1565 immunda
1677 1525 1757 1566 es.
1778 1509 1824 1567 0.
1844 1511 2112 1567 inversam

524 1599 860 1655 caecitatem!
896 1601 1041 1671 quod
1080 1601 1258 1665 lavas,
1307 1600 1450 1669 quod
1496 1616 1692 1669 ornas,
1738 1609 1963 1669 natura,
2013 1617 2114 1671 puo.

525 1686 679 1744 tredo
713 1705 727 1742 :
758 1688 903 1758 quod
924 1697 1103 1743 autem
1142 1688 1308 1744 violas
1336 1699 1391 1745 et
1432 1689 1660 1759 polluis,
1687 1676 1877 1746 natura
1898 1732 1914 1757 ,
1945 1691 2108 1755 nitor.

2217 509 2412 566 invitus
2465 512 2750 578 exsolvas;
2808 512 2941 569 nihil
2998 514 3226 572 libenter
3279 516 3468 573 dones.
3520 516 3627 575 Sed
3690 536 3800 576 non

2216 605 2399 668 potes;
2430 600 2613 666 video,
2646 601 2790 670 quod
2833 603 2984 673 pejus
3015 613 3071 660 et
3096 606 3311 674 gravius
3338 616 3450 674 est,
3495 609 3624 678 quia
3670 625 3801 666 exa-

2214 698 2392 746 ctores
2418 689 2611 759 diligis.
2645 691 2710 747 Et
2736 694 2941 749 amicus
2967 703 3050 749 est
3083 696 3177 752 tibi
3219 698 3465 755 inimicus
3491 708 3631 756 tuus.
3663 701 3804 770 Quid

2214 775 2412 846 dicam,
2434 780 2645 847 nescio,
2672 782 2798 852 quid
2827 784 3083 839 suadeam
3101 825 3116 851 ,
3164 786 3372 857 ignoro.
3426 786 3601 845 Unum
3625 791 3803 848 dicam

2212 865 2356 935 quod
2383 867 2497 923 scio
2528 885 2541 921 :
2573 869 2663 937 qui
2703 870 2790 926 hic
2818 872 3084 942 pascitur,
3134 874 3223 930 lue
3251 885 3551 945 saturatur,
3603 880 3691 936 hic
3716 880 3803 949 juo

2213 956 2512 1027 eundatur,
2537 957 2625 1015 hic
2648 960 2815 1029 ridet,
2851 963 2939 1018 hic
2978 964 3306 1033 inebriatur,
3353 968 3440 1024 hic
3482 968 3648 1034 ludit,
3691 972 3801 1028 illic

2214 1048 2434 1113 esuriet,
2465 1048 2572 1103 illic
2600 1050 2766 1120 sitiet,
2796 1051 2906 1108 illic
2934 1051 3158 1122 lugebit,
3189 1055 3297 1111 illic
3326 1056 3673 1125 lamentabit,
3700 1060 3809 1116 illic

2216 1139 2459 1209 ululabit,
2486 1142 2624 1197 sicut
2662 1142 2921 1201 Dominus
2973 1145 3113 1200 dixit
3149 1164 3164 1202 :
3233 1146 3325 1202 Va:
3369 1151 3448 1203 hia
3491 1150 3579 1220 qui
3613 1150 3805 1215 rident,

2212 1232 2333 1303 quia
2369 1234 2468 1304 ipsi
2498 1233 2766 1305 lugebant;
2815 1244 2871 1290 et
2902 1254 2915 1289 :
2952 1236 3045 1293 Va:
3087 1236 3225 1292 vobis
3269 1241 3357 1310 qui
3393 1241 3615 1294 saturati
3661 1243 3805 1306 estis,

2212 1323 2335 1393 quia
2357 1324 2593 1393 esuriens
2615 1322 2765 1395 (Luc.
2799 1342 2871 1393 vr,
2900 1324 3014 1397 25).
3064 1324 3181 1382 Duo
3210 1328 3354 1382 enim
3405 1337 3651 1398 tempora
3691 1344 3811 1383 διιε-

2216 1412 2431 1479 cedunt,
2463 1422 2518 1477 et
2558 1414 2673 1469 dua:
2702 1416 2858 1484 vitae,
2889 1424 2945 1471 et
2969 1416 3078 1479 duo
3122 1417 3320 1473 smcula
3350 1427 3477 1472 sunt
3504 1436 3517 1471 :
3549 1433 3655 1472 una
3703 1419 3809 1472 vita

2216 1506 2421 1574 brevis,
2461 1514 2517 1562 et
2545 1507 2714 1567 altera
2743 1507 2930 1577 longa;
2959 1518 3015 1562 et
3041 1508 3134 1577 qui
3164 1508 3216 1562 in
3263 1524 3367 1564 una
3396 1508 3599 1575 esurit,
3628 1508 3683 1562 in
3708 1509 3811 1563 alia

2216 1606 2491 1666 pascetur;
2518 1596 2611 1666 qui
2638 1611 2769 1659 vero
2792 1595 2879 1654 hic
2908 1603 3105 1667 vorat,
3137 1604 3409 1653 saturatur
3429 1640 3444 1666 ,
3498 1598 3812 1654 consolatur

2216 1688 2269 1751 in
2295 1703 2426 1754 una;
2458 1688 2512 1744 in
2541 1688 2710 1761 altera
2757 1690 2959 1744 esuriet
2986 1697 3042 1745 et
3069 1689 3218 1746 sitiet
3248 1690 3402 1760 juxta
3449 1691 3577 1745 illud
3605 1691 3759 1746 Isaia:
3795 1708 3809 1744 :

523 1781 663 1849 Quid
696 1782 896 1839 munda
943 1784 1290 1853 coinquinas,
1340 1792 1396 1839 et
1447 1784 1719 1841 immunda
1764 1786 1947 1852 lavas,
1991 1800 2111 1856 qua:
2146 1773 2185 1831 Β
2218 1776 2439 1848 Propter
2483 1777 2576 1841 hat:
2596 1778 2721 1839 dicit
2767 1777 3067 1845 Dominus:
3100 1779 3237 1835 Ecce
3274 1782 3360 1852 Qui
3405 1782 3633 1836 εεηὲιιηε
3662 1782 3813 1848 mihi.

522 1875 758 1931 animam
785 1878 1086 1947 corrumpis
1113 1886 1169 1935 et
1193 1893 1387 1949 corpus
1416 1881 1615 1937 ornas?
1637 1879 1852 1937 Satisne
1893 1889 1947 1937 te
1983 1880 2108 1937 dili-

521 1968 632 2037 gis,
655 1983 726 2023 an
743 1969 874 2026 satis
902 1978 956 2025 te
985 1970 1236 2040 ignoras?
1263 1971 1321 2026 Si
1349 1972 1491 2028 enim
1522 1982 1576 2029 te
1600 1973 1736 2039 scis,
1782 1988 1949 2043 quare
1976 1973 2107 2029 hor-

521 2056 638 2113 rida
663 2067 719 2114 et
746 2058 1018 2115 immunda
1040 2059 1304 2130 llegmatis
1331 2070 1386 2117 et
1407 2064 1660 2128 stercoris
1686 2063 1958 2119 domicilia
1984 2063 2108 2141 dili-

520 2148 636 2217 gis?
660 2148 719 2205 Si
754 2149 953 2206 videris
994 2151 1049 2206 in
1096 2150 1415 2208 vestimento
1463 2160 1555 2215 tuo
1599 2152 2026 2231 immunditiam,
2066 2154 2112 2209 si

524 2238 775 2308 tlegmata
834 2240 1135 2311 horrescis,
1180 2250 1234 2297 et
1276 2250 1553 2312 aspectum
1589 2250 1734 2297 retro
1774 2250 2022 2313 torques,
2056 2251 2113 2299 et

524 2338 580 2385 te
606 2330 662 2386 in
691 2330 795 2386 tuis
818 2331 1152 2389 vestimentis
1195 2332 1524 2402 immundum
1573 2334 1964 2404 sterquilinium
1988 2376 2006 2403 ,
2058 2346 2114 2391 et

524 2418 728 2475 olidum
779 2436 845 2475 ac
896 2421 1167 2491 putridum
1231 2422 1573 2493 volutabrum
1630 2439 1738 2479 non
1781 2412 1953 2494 fugis,
2002 2440 2111 2481 non

524 2509 841 2567 detestaris?
872 2510 990 2573 Non
1016 2510 1164 2569 vides
1191 2512 1318 2583 quid
1350 2521 1438 2568 tua
1459 2511 1688 2568 ﬁstulata
1715 2514 1870 2585 pellis
1891 2530 1989 2585 per
2014 2531 2112 2571 sua

524 2599 792 2657 foramina
838 2600 1057 2677 foveat?
1106 2601 1271 2673 pudet
1310 2602 1540 2668 referre,
1591 2603 1737 2679 quod
1775 2620 1961 2661 amare
2003 2620 2113 2661 non

525 2689 708 2760 pudet.
723 2690 902 2758 Quare
919 2691 1135 2759 horrida
1153 2707 1261 2748 non
1280 2692 1855 2764 horrescimusi-quare
1864 2695 2121 2766 pudenda~

524 2796 635 2835 non
659 2780 1030 2841 detestamur?
1075 2798 1246 2855 quare
1286 2783 1449 2855 fetida
1476 2800 1585 2845 non
1629 2784 1900 2857 fugimus?
1930 2786 2118 2846 Nonne

525 2871 650 2940 quia
676 2886 785 2926 non
812 2873 1051 2942 sapimus
1071 2912 1087 2939 ,
1119 2881 1170 2927 et
1196 2872 1323 2943 quia
1359 2874 1544 2929 mundi
1590 2890 1697 2935 non
1725 2876 1945 2930 sumus?
1988 2874 2117 2937 Ideo

526 2962 832 3019 immundus
861 2964 1133 3020 immunda
1158 2965 1377 3035 quaerit,
1409 2973 1463 3020 et
1490 2967 1665 3038 turpia
1696 2968 1897 3040 turpis,
1942 2976 1999 3025 et
2036 2970 2118 3024 in-

526 3056 754 3112 honesta
777 3056 1093 3126 inhonestus
1119 3075 1134 3125 ;
1164 3067 1220 3114 et
1244 3057 1368 3128 quia
1398 3059 1523 3125 caeci
1544 3100 1561 3126 ,
1594 3059 1865 3117 inhonesti
1912 3076 2117 3129 sumus,

526 3146 725 3204 idcirco
770 3148 916 3204 nulla
954 3149 1261 3221 verecunda
1295 3149 1647 3206 declinamus.
1700 3149 1758 3205 Si
1804 3150 1946 3207 enim
1985 3151 2114 3208 czeci
2141 3142 2186 3204 (Σ

525 3256 639 3304 non
692 3257 910 3311 sumus,
957 3258 1124 3313 quare
1172 3243 1532 3314 nosmetipsos
1576 3243 1803 3314 primam
1871 3253 2113 3300 nostram

523 3332 917 3405 immunditiam
947 3349 1055 3388 non
1070 3334 1393 3405 despicimus
1410 3336 1435 3389 ?
1453 3350 1622 3405 quare
1645 3351 1743 3391 nos
1763 3334 1855 3405 vel,
1874 3344 2115 3393 nostram

525 3426 928 3495 verecundiam,
960 3427 1052 3490 vel
1073 3437 1310 3484 nostram
1335 3429 1717 3500 turpitudinem
1742 3445 1851 3507 non
1871 3437 2115 3485 contem—

526 3519 738 3572 nimus?
768 3518 956 3587 Nonne
978 3520 1157 3597 turpia
1184 3535 1303 3575 esse
1325 3520 1550 3579 honesta
1582 3519 1677 3575 tibi
1697 3536 1804 3576 non
1825 3519 2121 3582 videntur?

524 3623 647 3680 qua:
674 3608 878 3673 crebris
907 3609 1153 3679 lamentis
1178 3619 1235 3667 et
1252 3613 1531 3668 ornatibus
1570 3613 1731 3675 variis
1774 3612 2034 3682 indigent,
2062 3620 2118 3668 et

525 3699 736 3771 ingrata
756 3700 868 3767 suis
906 3717 1013 3757 non
1042 3703 1308 3775 satiantur
1346 3703 1663 3774 impendiis,
1694 3711 1748 3756 el.
1785 3704 1977 3760 satiata
2007 3718 2117 3759 non

524 3790 717 3861 juvant
742 3790 953 3865 futuris,
983 3801 1039 3855 et
1061 3802 1328 3865 transacta
1375 3794 1626 3873 voluntas
1663 3805 1978 3871 prasentem
2006 3811 2115 3853 non

524 3883 728 3949 satiat,
772 3901 876 3941 nec
921 3886 1160 3945 futuram
1201 3888 1411 3959 repellit
1461 3899 1507 3943 α.

528 4010 531 4011 ν
593 3972 661 4029 ll.
691 3973 751 4029 ln
776 3991 975 4031 vanum
1000 3991 1137 4046 ergo
1174 3979 1381 4035 laborat
1427 3981 1520 4055 qui
1566 3981 1695 4038 talia
1732 3983 1933 4053 pascit,
1980 3992 2037 4040 et
2062 3985 2114 4041 in

525 4071 748 4118 ventum
776 4064 1029 4138 seminat,
1048 4067 1140 4135 qui
1162 4083 1313 4123 vana:
1341 4069 1607 4125 voluntati
1656 4070 1780 4126 huic
1806 4072 1992 4137 servit,
2025 4071 2120 4127 ubi

526 4171 824 4229 expensum
873 4172 981 4213 non
1029 4159 1251 4229 expedit
1292 4161 1591 4223 servitium.
1642 4160 1896 4229 Esuriant
1937 4164 2118 4234 itaque

525 4252 666 4316 ista,
697 4266 817 4321 qua:
841 4252 921 4307 sic
964 4250 1203 4333 ingrata,
1229 4253 1307 4308 sic
1356 4254 1580 4310 molesta
1606 4263 1758 4322 sunt,
1806 4264 1865 4311 ut
1906 4271 2119 4329 semper

526 4342 733 4397 esurire
746 4342 1047 4417 videantur.
1071 4344 1171 4429 Qui
1194 4345 1299 4411 ista
1316 4356 1565 4429 pascunt,
1579 4364 1637 4403 se
1656 4348 1802 4418 ipsos
1822 4349 2114 4421 decipiunt.

527 4431 571 4486 Ο
594 4432 877 4489 inhonesta
898 4435 1166 4508 servitus,
1199 4451 1305 4505 qua
1334 4452 1495 4494 carne
1539 4437 1732 4494 fruitur
1760 4438 1941 4512 [Forte
1967 4441 2117 4497 carni

2213 1865 2596 1920 "tanducabunt
2623 1877 2672 1933 et
2698 1866 2902 1934 bibent;
2926 1883 3013 1924 vos
3054 1878 3224 1925 autem
3264 1872 3500 1925 esurietis
3529 1881 3579 1926 et
3626 1872 3813 1925 sitietis

2215 1956 2347 2023 (Isa.
2377 1974 2503 2025 va,
2522 1957 2632 2027 l5).
2661 1957 2863 2029 Etpost
2889 1975 3061 2030 pauca
3080 1978 3094 2013 :
3115 1958 3277 2026 Ecce,
3305 1963 3390 2032 qui
3409 1964 3634 2018 serviunt
3662 1963 3815 2026 mihi,

2210 2046 2538 2103 exaultabunt
2564 2049 2615 2102 in
2637 2048 2999 2119 jucunditate;
3022 2068 3109 2105 vos
3135 2062 3305 2115 autem
3324 2063 3535 2123 propter
3570 2054 3806 2109 dolorem

2211 2141 2379 2203 cordia
2407 2140 2718 2207 clumabitis,
2739 2151 2789 2195 et
2814 2159 2924 2210 prae
2950 2143 3255 2203 contritione
3296 2143 3506 2213 spiritus
3540 2143 3808 2199 ululabitia

2170 2256 2173 2261 ~
2212 2231 2416 2309 (lbid.,
2444 2230 2557 2302 id).
2589 2230 2721 2286 Cum
2762 2231 2876 2288 hanc
2919 2245 3048 2301 ergo
3078 2232 3149 2287 ita
3170 2232 3308 2297 sint,
3350 2232 3676 2303 parcendum
3725 2242 3808 2290 est

2212 2318 2438 2387 divitiis,
2470 2331 2524 2378 et
2555 2322 2706 2379 brevi
2736 2322 2995 2395 voluntati
3024 2320 3209 2396 [Forte
3254 2322 3545 2397 voluptati]
3581 2324 3810 2380 minime

2213 2413 2552 2473 serviendum
2571 2455 2593 2491 ,_
2619 2430 2688 2470 ne
2714 2429 2997 2485 pascamur
3021 2414 3088 2469 ad
3118 2415 3383 2481 esuriem,
3430 2430 3499 2473 ne
3556 2414 3698 2471 forte
3726 2431 3810 2472 sa-

2217 2507 2408 2561 tientur
2436 2507 2502 2563 ad
2542 2506 2737 2563 famem
2762 2550 2785 2587 ,κ
2821 2516 2875 2563 et
2920 2507 3164 2583 bibamus
3208 2507 3277 2563 ad
3323 2508 3513 2563 sitim:
3564 2508 3814 2564 videmus

2216 2599 2359 2653 enim
2408 2606 2500 2652 aut
2534 2598 2656 2666 hic,
2702 2607 2795 2653 aut
2846 2598 2982 2675 illic,
3033 2615 3199 2653 unum
3247 2613 3280 2655 θ
3328 2598 3540 2657 duobus
3586 2614 3814 2662 necesse

2217 2688 2470 2765 experiri.
2518 2688 2881 2755 Quamobrem
2924 2689 2972 2745 si
3018 2697 3353 2759 satuvremur,
3397 2690 3442 2745 si
3468 2690 3749 2756 bibamus,
3776 2707 3811 2747 o

2219 2797 2318 2836 nos
2347 2781 2525 2837 miseri
2542 2768 2565 2833 ξ’
2582 2796 2648 2836 ex
2680 2789 2829 2850 parte
2849 2820 2863 2844 .
2914 2798 3022 2859 non
3051 2796 3118 2837 ex
3166 2790 3282 2837 toto
3311 2782 3397 2838 hic
3438 2784 3811 2859 comedamus,

2219 2872 2519 2939 necessaria
2537 2913 2555 2943 ,
2582 2886 2689 2926 non
2718 2872 2939 2946 suavia;
2968 2888 3097 2945 cum
3140 2888 3376 2948 paupere
3403 2874 3808 2941 manducemus,

2220 2980 2342 3024 cum
2387 2979 2624 3035 paupere
2658 2963 2930 3031 bibamus,
2968 2981 3088 3019 cum
3127 2980 3363 3036 paupere
3404 2966 3808 3037 participemus,

2224 3062 2281 3110 ut
2308 3055 2391 3111 vel
2420 3055 2500 3110 sic
2547 3071 2669 3111 eum
2700 3071 2933 3128 paupere
2976 3056 3085 3113 illic
3112 3058 3433 3128 participare
3480 3073 3808 3125 mereamur,

2219 3146 2308 3202 ubi
2351 3147 2731 3203 saturabuntur
2779 3148 2869 3216 qui
2913 3148 2999 3202 hic
3058 3164 3155 3217 pro
3202 3147 3418 3205 Christo
3463 3149 3709 3204 csuriunt
3756 3159 3810 3205 et

2214 3238 2682 3308 sitinntjnstitinn
2728 3237 2952 3310 (Matth.
2993 3256 3058 3304 γ,
3110 3238 3199 3311 ϐ).
3248 3239 3489 3308 Quorum
3528 3242 3672 3295 enim
3721 3257 3810 3297 re-

2214 3345 2376 3399 gnum
2419 3329 2677 3385 cmlorum
2722 3328 2918 3397 (Ibid.,
2950 3329 3021 3400 5)
3051 3339 3163 3395 est,
3214 3332 3312 3386 nisi
3342 3346 3673 3402 pauperum,
3720 3332 3810 3403 qui

2216 3423 2409 3478 animis
2438 3422 2686 3491 humiles,
2714 3432 2766 3478 et
2786 3422 2983 3478 divitiis
3000 3439 3262 3495 pauperes
3284 3440 3382 3495 pro
3402 3423 3617 3495 Christo
3646 3426 3815 3482 sunt?~

2216 3517 2302 3571 cui
2332 3517 2501 3588 gloria
2533 3518 2585 3572 in
2614 3518 2811 3574 smcula
2855 3518 3192 3574 saeculorum.
3225 3518 3423 3597 Amen.)

2628 3612 2629 3615 ‘
2714 3629 3124 3687 lNSTRUCTlO
3157 3630 3287 3687 Vlll.

2220 3720 2371 3787 Quod
2424 3721 2493 3779 ad
2544 3723 2799 3794 cwles‘teut
2855 3724 3111 3794 patriam,
3154 3723 3251 3777 via:
3301 3721 3576 3793 praesentis
3614 3724 3808 3794 lium,

2770 3792 3122 3864 festinandum
3174 3794 3261 3846 sit.

2289 3884 2327 3939 l.
2383 3882 2523 3941 Ecce
2551 3900 2696 3941 nunc
2742 3886 2810 3940 de
2860 3884 2966 3941 line
3014 3885 3138 3955 vitae
3185 3885 3473 3951 dicendum
3504 3897 3588 3944 est
3631 3905 3647 3943 :
3694 3887 3813 3958 jam

2218 3975 2363 4032 enim
2393 3976 2626 4030 diximus
2668 3975 2806 4033 viam
2839 3989 2960 4035 esse
2988 3975 3277 4036 humanam
3307 3976 3503 4044 vitam,
3562 3987 3617 4035 et
3644 3993 3811 4048 quam,

2216 4070 2288 4125 sit
2313 4069 2473 4123 dubia
2503 4077 2557 4125 et
2587 4068 2788 4131 incerta
2812 4109 2827 4134 ,
2880 4079 2934 4122 et
2967 4084 3071 4127 non
3103 4084 3223 4130 esse
3252 4070 3397 4140 quod
3440 4079 3565 4138 est,
3600 4073 3807 4149 umbra:

2222 4160 2579 4231 similitudine
2605 4160 3059 4217 monstravimus:
3092 4161 3357 4228 similiter,
3400 4178 3560 4235 quam
3592 4164 3807 4234 impro-

2222 4253 2335 4308 visa
2366 4261 2421 4308 ct
2447 4267 2606 4323 quam
2634 4268 2781 4311 czeca
2819 4260 2902 4310 est
2955 4262 3081 4309 ante
3138 4253 3401 4321 diximus,
3451 4254 3519 4309 de
3548 4254 3654 4310 line
3679 4271 3807 4309 vero

2221 4344 2345 4401 vita:
2369 4353 2589 4417 nostrae,
2616 4342 2817 4413 Spiritu
2848 4352 3036 4417 sancto
3083 4360 3179 4399 nos
3225 4344 3513 4415 adiuvante
3543 4388 3560 4413 ,
3619 4356 3808 4403 noster

2221 4448 2402 4489 sermo
2441 4414 2816 4502 producendus
2857 4440 2958 4487 est.
2992 4414 3271 4501 Viatorum
3294 4414 3384 4491 est
3430 4434 3688 4491 festinare
3738 4437 3807 4490 ad

525 4522 813 4595 servitur]!
846 4542 879 4582 o
903 4526 1066 4585 dura!
1098 4543 1131 4583 o
1160 4528 1540 4605 inexorabilis!
1567 4545 1602 4585 o
1627 4529 1766 4605 fera,
1779 4530 1903 4586 licet
1931 4531 2117 4605 dome-
2146 4519 2195 4580 D
2222 4524 2447 4596 patriam
2476 4540 2491 4580 ;
2522 4537 2708 4577 eorum
2738 4522 2981 4578 similiter
3009 4532 3091 4578 est
3134 4523 3185 4578 in
3215 4524 3298 4578 via
3339 4525 3648 4580 sollicitudo
3672 4567 3689 4593 ,
3750 4527 3806 4589 in

527 4614 663 4670 stica
682 4613 1021 4673 dominatio!
1076 4634 1195 4689 qua:
1222 4618 1463 4689 quotidie
1504 4620 1729 4676 solvitur
1772 4629 1829 4675 et
1874 4621 2116 4691 quotidie

527 4703 788 4773 exigitur;
818 4706 918 4765 sub
945 4707 1034 4763 die
1061 4709 1205 4774 vadit
1232 4710 1496 4787 etvenit;
1521 4720 1759 4770 saturata
1806 4713 1949 4777 exit,
1991 4727 2117 4777 esu-

528 4796 674 4853 riens
712 4796 872 4853 redit.
904 4798 997 4854 Vae
1040 4799 1125 4863 bis
1165 4801 1255 4870 qui
1296 4801 1383 4857 hic
1426 4812 1756 4873 pascuntur,
1810 4803 1901 4859 ubi
1947 4802 2118 4871 fames

530 4888 855 4953 dominatur,
888 4904 990 4946 nec
1018 4890 1215 4945 divitiis
1241 4892 1491 4958 vincitur,
1518 4902 1576 4954 et
1601 4894 1737 4965 dunt
1758 4894 1871 4949 lucc
1900 4893 2118 4961 solvun-

528 4989 651 5047 tur,
681 4980 788 5035 alia
814 4984 1124 5051 exiguntur.
1149 4981 1333 5052 Redde
1361 4985 1505 5040 enim
1535 4985 1737 5055 prima,
1770 4984 2003 5040 secunda
2022 5000 2117 5041 co-

529 5072 669 5140 geris
714 5071 1026 5137 exsolvere;
1076 5073 1255 5142 gulam
1302 5089 1495 5147 pasce,
1543 5073 1817 5129 libidinem
1865 5074 2114 5143 exigeris,

531 5163 665 5218 Cum
694 5164 940 5219 Susanna
988 5178 1117 5234 ergo
1153 5164 1486 5229 clamandum
1516 5174 1599 5220 est
1630 5183 1643 5218 :
1677 5165 1946 5235 Augustin:
1992 5166 2117 5219 mihi

530 5258 753 5329 undique
775 5257 942 5330 (Dan.
971 5272 1089 5324 xm,
1121 5259 1234 5330 22).
1262 5258 1329 5313 Et
1356 5274 1477 5316 cum
1506 5257 1675 5313 Paulo
1698 5246 2007 5325 ejulandum
2035 5266 2119 5314 est

532 5356 588 5402 et
613 5348 895 5405 dicendum
922 5358 1006 5405 est
1037 5366 1051 5403 :
1081 5348 1279 5422 Infelix
1305 5365 1397 5420 ego
1425 5348 1595 5412 homo,
1626 5348 1737 5419 quis
1764 5364 1844 5402 me
1883 5347 2121 5423 liberabit

534 5437 598 5492 de
617 5455 829 5509 corpore
848 5440 1029 5495 mortis
1057 5438 1207 5510 hujus
1237 5439 1413 5510 (Rom.
1445 5454 1549 5505 vn,
1580 5438 1713 5509 9.5)?
1731 5437 1785 5493 Si
1816 5439 2116 5501 necessaria

533 5529 731 5595 solvas,
770 5546 877 5586 non
905 5530 1209 5586 necessaria
1246 5528 1473 5585 reddere
1500 5529 1726 5597 cogeris.
1755 5527 1812 5581 Si
1840 5541 1968 5597 ergo
2015 5527 2115 5592 mi-

534 5631 624 5691 ser
677 5619 839 5677 homo
887 5618 1127 5676 secunda
1179 5617 1403 5673 reddere
1452 5618 1633 5684 times,
1683 5618 1852 5687 prima
1897 5630 2031 5687 nega
2068 5620 2113 5673 si

2216 4616 2389 4688 patria
2429 4613 2712 4673 securitas.
2754 4612 3092 4675 Festinemus
3131 4627 3261 4681 ergo
3308 4614 3373 4668 ad
3416 4616 3679 4686 patriam,
3711 4615 3804 4685 qui

2218 4711 2271 4765 in
2318 4710 2402 4764 via
2441 4721 2656 4771 sumus;
2698 4715 2810 4762 tota
2857 4706 3000 4761 enim
3050 4706 3158 4767 vita
3214 4714 3395 4759 nostra
3421 4748 3449 4787 ,γ
3491 4705 3647 4775 quasi
3703 4705 3806 4759 iter

2219 4803 2378 4873 unius
2400 4802 2506 4860 diei
2544 4811 2647 4859 est.
2677 4800 2913 4856 Primum
2942 4797 3096 4873 nobis
3124 4807 3207 4853 est
3234 4839 3249 4863 ,
3294 4798 3425 4853 nihil
3451 4798 3536 4854 hic
3568 4812 3756 4852 amare
3781 4814 3809 4875 ;‘

2216 4895 2309 4952 sel
2336 4909 2544 4951 sursum
2574 4908 2814 4948 amemus
2840 4934 2855 4959 ,
2897 4906 3111 4945 sursum
3139 4889 3508 4945 desideremus
3536 4928 3553 4954 ,
3584 4906 3801 4945 sursum

2219 4986 2526 5056 sapiamus,
2569 4998 2782 5061 sursum
2829 4996 3134 5052 quaeramus
3183 4980 3455 5050 patriam:
3506 4979 3580 5035 ibi
3627 4980 3792 5044 enim,

2218 5075 2305 5130 ubi
2338 5073 2531 5147 [Forte
2558 5069 2665 5143 ibi]
2696 5072 2855 5126 Pater
2896 5077 2998 5125 est.
3050 5069 3287 5124 Patriam
3331 5085 3459 5140 ergo
3491 5086 3596 5125 non
3635 5070 3802 5126 habe—

2218 5182 2337 5220 mus
2362 5165 2414 5222 in
2446 5171 2585 5219 terra
2604 5201 2619 5229 ,
2802 5160 2962 5216 Pater
2988 5169 3169 5215 noster
3198 5161 3250 5215 in
3283 5161 3432 5216 caelis
3459 5170 3539 5214 est
3571 5159 3798 5232 (ΜαιιΙι.

2218 5274 2298 5325 vt,
2330 5257 2416 5327 9).
2450 5255 2657 5312 Etenim
2687 5256 2731 5311 si
2770 5254 3052 5326 potestatis
3081 5253 3278 5329 virtute
3301 5294 3315 5319 ,
3347 5260 3403 5306 ct
3444 5253 3661 5307 dcitatis
3688 5269 3798 5307 ma-

2218 5348 2495 5421 gnitudine
2521 5349 2716 5418 ubique
2746 5357 2865 5419 est,
2889 5362 3050 5417 quam
3082 5361 3232 5402 mare
3269 5344 3587 5417 profundior
3610 5383 3626 5407 ,
3660 5352 3802 5398 terra

2223 5439 2496 5508 stabilior,
2528 5438 2729 5495 mundo
2773 5420 2971 5503 latior,
3021 5452 3147 5492 aere
3189 5436 3406 5508 purior,
3455 5435 3593 5490 cmlo
3622 5434 3801 5505 altior,

2224 5528 2337 5587 sole
2361 5528 2556 5595 clarior
2584 5526 2835 5599 est(Job.
2868 5544 2943 5593 xt,
2964 5526 3018 5590 8,
3051 5525 3142 5599 9);
3166 5528 3217 5581 in
3242 5527 3393 5582 etnlis
3422 5534 3600 5581 tamen
3633 5523 3798 5578 mani~

2224 5620 2361 5677 {este
2391 5628 2494 5691 est,
2550 5620 2604 5679 in
2659 5618 2854 5690 quibus
2907 5618 3062 5689 panis
3112 5617 3425 5687 angc'orum
3477 5623 3593 5681 est,
3622 5614 3712 5686 qui
3743 5620 3798 5669 ut

615 5776 640 5806 τι
681 5764 917 5847 Repellit.
947 5763 1108 5820 Deest
1157 5763 1292 5819 forte
1319 5765 1581 5833 "esuriem,
1618 5763 1827 5833 imirent,
1861 5758 1945 5814 vel
1993 5757 2118 5827 quid
2157 5758 2350 5815 simile.
