4052 6332
313 270 423 329 245

1240 274 1787 365 INSTRUCTIONES
1818 279 2049 337 vanus
2089 285 2245 341 sive
2284 287 2667 351 SERMONES.
2706 274 2709 275 ί

3455 305 3560 362 266

308 383 594 484 dentestici
630 382 847 439 beatam
899 383 1021 440 eteli
1051 385 1224 484 "primi
1273 387 1475 458 regiam
1516 389 1761 443 incolunt
1789 433 1802 456 ,
1841 398 1898 446 et
1927 398 1976 457 Α
2003 410 2123 449 nem
2154 398 2417 469 vivorum,
2446 403 2534 458 ubi
2564 402 2700 459 facie
2728 405 2792 460 ad
2817 407 3005 462 faciem
3037 412 3277 470 cmlestia
3302 415 3569 484 videmus,

310 474 411 532 Dei
438 473 689 531 fruuntur
707 485 1018 545 conspectu.
1050 475 1155 532 Sed
1184 479 1309 547 quia
1339 479 1774 550 inconspicabilis
1798 481 1895 537 Dei

1999 494 2055 539 et
2081 484 2279 557 Regem
2309 506 2497 561 regum
2526 503 2675 549 recto
2702 497 2959 565 regimine
2986 516 3145 570 regna
3170 515 3444 573 regentem
3475 509 3575 564 Du-

304 575 503 621 natura
533 562 727 640 [Forte
768 567 1049 639 naturam]
1090 568 1356 625 sinceram
1400 578 1591 626 natura
1631 572 1894 628 infirmior
1995 577 2196 632 minum
2224 588 2465 637 nostrum
2485 562 2969 657 JesumChristum,
2994 562 3079 645 cuvi
3103 562 3273 664 ςιοτῖι
3304 597 3357 652 in
3380 562 3577 657 εωςυίίι

302 660 450 714 ferre
472 674 578 715 non
601 666 843 730 poterat;
867 658 989 714 ideo
1015 658 1156 715 Dens
1179 660 1323 731 pius,
1348 661 1483 717 intra
1502 676 1663 732 quem
1687 664 1889 734 omnia,

298 759 363 806 et
391 758 543 811 extra
573 760 737 820 quem
781 749 915 805 nihil
936 790 953 815 ,
993 750 1220 820 primam
1249 752 1525 823 regionem
1566 755 1890 824 cognitionis

295 856 415 901 sua:
442 856 604 913 quam
635 841 811 912 primo
841 841 981 902 cmlo
1025 841 1243 899 inclusit
1272 841 1450 915 (quod
1479 844 1635 915 aquis
1662 846 1886 903 elevatis

295 932 662 1005 temperavit)
693 932 939 1004 supernis
961 931 1248 989 virtutibus
1275 933 1552 1005 deputavit
1578 954 1591 989 :
1621 937 1722 992 nisi
1742 938 1883 997 enim

290 1027 392 1084 illa
432 1028 590 1100 primi
614 1027 739 1085 cmli
779 1036 968 1083 natura
995 1043 1157 1107 supra
1184 1028 1342 1085 dictis
1371 1030 1525 1100 aquis
1555 1036 1884 1102 temperare-

289 1129 403 1189 tur,
433 1122 651 1192 superni
692 1121 789 1187 Dei
821 1136 1050 1187 accensa
1080 1121 1299 1188 virtute,
1333 1136 1672 1197 nequaquam
1706 1124 1772 1179 ah
1799 1125 1879 1181 in-

284 1211 578 1268 ferioribus
624 1219 769 1267 esset
816 1211 1071 1284 patienda
1127 1212 1376 1277 naturis;
1428 1228 1494 1269 ac
1524 1214 1600 1271 sic
1631 1216 1879 1273 omnibus

282 1303 492 1375 ubique
519 1319 777 1376 praesens,
808 1305 1244 1376 inconspicabilis
1274 1305 1414 1363 Deus
1438 1316 1541 1373 est.
1576 1308 1701 1364 Plus
1732 1310 1875 1367 enim

280 1404 392 1463 est,
421 1412 585 1467 quam
610 1406 757 1454 totus
784 1397 1023 1469 conspici
1046 1408 1230 1471 queat,
1263 1407 1319 1455 et
1348 1400 1465 1470 plus
1493 1403 1762 1470 omnibus,
1784 1405 1877 1473 qui

277 1493 469 1549 omnia
490 1509 559 1551 ex
584 1494 754 1551 nihilo
781 1497 1020 1565 creavit;
1053 1506 1109 1553 et
1133 1498 1254 1553 ideo
1285 1514 1404 1554 cum
1435 1498 1665 1565 videtur,
1692 1496 1875 1551 invisi-

278 1585 410 1642 bilis
434 1595 538 1653 est,
576 1587 701 1658 quia
729 1588 851 1665 quis
877 1588 950 1643 sit
976 1596 1032 1643 et
1059 1597 1293 1658 quantus
1315 1590 1424 1656 sit,
1461 1588 1559 1642 sibi
1588 1587 1688 1643 soli
1712 1596 1873 1644 notus

274 1687 385 1738 est.
410 1677 691 1743 Pulsemus
721 1689 901 1736 tamen
943 1680 1129 1749 illum,
1158 1682 1284 1751 quia
1316 1681 1606 1750 unicuique
1631 1695 1729 1750 pro
1759 1695 1872 1735 me-

1991 670 2327 731 szcculorum.
2362 674 2553 730 Amen.

2520 764 2927 831 INSTRUCTIO
2954 772 3044 833 IX.

2477 857 2556 914 De
2600 871 2827 918 extremo
2867 864 3089 935 judicio.

2057 946 2100 1003 Ι.
2143 946 2331 1007 Adhuc
2349 950 2417 1006 de
2440 949 2544 1007 fine
2570 953 2829 1019 dicamus,
2861 958 3053 1015 fratres
3081 959 3379 1017 rharissimi
3409 982 3422 1017 :
3453 964 3575 1022 finis

1983 1040 2124 1094 enim
2145 1042 2240 1096 vim
2256 1052 2471 1106 nostra».
2488 1045 2999 1116 utdiximus,nostra
3018 1052 3186 1119 patria
3202 1063 3303 1108 est.
3322 1054 3428 1110 Sed
3444 1058 3568 1126 quia

1982 1133 2072 1187 alii
2111 1133 2200 1197 hic
2216 1135 2442 1205 patriam
2477 1136 2829 1207 possidentes,
2861 1140 2967 1195 illic
2997 1142 3156 1199 finem
3186 1143 3283 1198 via:
3313 1146 3365 1199 in
3398 1148 3569 1216 patria

1981 1241 2087 1281 non
2108 1226 2413 1296 habebunt;
2445 1228 2537 1285 sed
2560 1228 2628 1285 de
2663 1231 2749 1286 via
2782 1232 2834 1286 in
2866 1233 3008 1287 viam
3038 1234 3265 1301 vadunt,
3292 1235 3343 1290 id
3361 1245 3463 1303 est,
3501 1237 3570 1291 de

1980 1332 2138 1389 pmna
2168 1319 2221 1373 in
2248 1334 2462 1389 pmnam
2490 1321 2671 1378 animo
2715 1322 3060 1378 remordente
3084 1326 3456 1393 mutabuntur,
3511 1337 3568 1383 et

1978 1408 2219 1480 requiem
2247 1425 2355 1465 non
2377 1410 2684 1478 habebunt;
2710 1411 2829 1469 ideo
2858 1413 2974 1479 vite,
3000 1415 3049 1468 il
3072 1426 3174 1482 est,
3196 1417 3318 1471 vitm
3347 1416 3560 1471 illorum

1977 1500 2097 1556 finis
2130 1501 2305 1571 patria
2335 1516 2441 1557 non
2472 1510 2574 1569 est,
2597 1503 2690 1558 sed
2712 1519 2870 1574 pmna
2898 1522 2912 1573 ;
2941 1521 3047 1558 non
3078 1514 3162 1560 est
3186 1506 3430 1576 requies,
3459 1508 3556 1563 sed

1974 1592 2308 1662 inquietudo.
2331 1592 2607 1649 iustorum
2633 1604 2809 1650 autem
2826 1596 2947 1651 vita:
2973 1595 3091 1651 linis
3111 1598 3310 1653 estvita
3330 1608 3556 1666 aeterna,

1971 1688 2201 1757 requies,
2225 1703 2330 1757 pax
2359 1686 2631 1757 perennis.
2656 1687 2827 1758 patria
2858 1689 3112 1753 cmlestis,
3132 1692 3404 1748 mternitas
3431 1692 3556 1748 bea-

273 1771 389 1831 rito
415 1772 663 1842 puritatis
695 1781 855 1828 notus
879 1772 1052 1842 adest,
1082 1772 1363 1835 invisibilis
1390 1772 1550 1842 licet,
1579 1771 1868 1826 inmstima-
1898 1778 1946 1840 Β
1972 1784 2045 1843 ta,
2079 1776 2262 1832 laztitia
2293 1777 2516 1833 infinita.
2562 1777 2811 1835 Diversus
2851 1778 3031 1848 itaque
3051 1779 3171 1834 ﬁnis
3192 1781 3291 1836 viae
3310 1782 3552 1838 humanas

271 1859 402 1916 bilis
426 1860 566 1926 licet,
589 1861 732 1916 Deus
749 1860 1002 1917 Trinitas.
1028 1859 1586 1932 Pulsemus,inquam,
1602 1863 1687 1917 vel
1709 1861 1862 1930 hinc.

271 1951 366 2009 vel
390 1952 518 2008 illuc
546 1950 902 2021 familiarius,
940 1952 1025 2010 vel
1052 1952 1349 2019 intremus,
1395 1951 1483 2007 vel
1528 1950 1865 2008 manifestius

268 2042 664 2113 intelligamus,
692 2054 751 2103 et
777 2058 875 2098 nos
900 2043 953 2099 in
996 2042 1078 2097 via
1105 2051 1388 2100 cantantes
1416 2042 1660 2098 dicamus
1687 2060 1702 2096 :
1733 2040 1863 2097 Post

268 2143 324 2195 te
350 2134 405 2189 in
431 2134 642 2190 odorem
667 2145 1048 2206 unguentorum
1080 2145 1281 2190 tuorum
1305 2152 1568 2189 curramus
1592 2137 1609 2205 (
1624 2133 1775 2189 Cant.
1802 2151 1816 2190 ι
1841 2176 1858 2203 ,

265 2225 375 2297 3);
408 2235 500 2284 et:
531 2228 657 2292 Post
682 2236 732 2283 te
755 2228 973 2283 adhtesit
999 2228 1176 2283 anima
1200 2245 1313 2282 mea
1343 2226 1576 2299 (Psalm.
1600 2244 1728 2292 un,
1760 2227 1793 2280 9
1814 2228 1857 2299 );

264 2325 329 2372 et
358 2335 372 2371 :
406 2315 575 2371 Trahe
596 2334 678 2373 me
703 2326 819 2388 post
849 2328 896 2371 te
927 2317 1120 2389 (Cant.
1142 2334 1182 2384 ι,
1213 2318 1277 2389 5)
1303 2335 1318 2385 ;
1346 2325 1407 2372 ut
1431 2332 1553 2372 cum
1577 2317 1659 2373 his
1687 2318 1858 2373 canti-

264 2410 353 2466 cis
391 2410 650 2467 mundum
676 2410 993 2465 festinanter
1020 2418 1358 2466 transeamus
1381 2449 1398 2474 ,
1430 2425 1494 2465 ac
1516 2409 1584 2465 de
1611 2410 1857 2480 supernis

263 2504 576 2575 gnbernati,
607 2504 892 2576 praesentia
950 2503 1280 2573 negligamns
1301 2543 1317 2568 ,
1371 2510 1426 2558 et
1451 2501 1520 2557 de
1547 2501 1857 2565 caelestibus

259 2612 484 2667 semper
510 2598 813 2667 cogitantes
838 2638 855 2663 ,
887 2607 1101 2652 terrena
1127 2594 1491 2665 despiciaus
1518 2611 1532 2646 :
1566 2592 1665 2650 uisi
1711 2592 1853 2648 enim

258 2689 573 2747 coelestibus
586 2689 866 2747 desideriis
892 2687 1294 2760 impatientibus
1318 2686 1609 2755 inhiemus,‘
1628 2686 1854 2744 terrenis

257 2794 486 2837 necesse
508 2788 589 2836 est
615 2780 954 2837 haerebimus.

330 2893 397 2950 ll.
433 2892 772 2965 Occupemus
800 2893 982 2965 itaque
1008 2908 1108 2949 nos
1133 2892 1360 2958 divinis,
1389 2907 1458 2947 ne
1487 2891 1629 2948 forte
1656 2892 1849 2947 huma-

255 2985 378 3051 nis;
402 2992 458 3040 et
484 2986 635 3057 quasi
659 2985 931 3056 peregrini
960 2999 1176 3055 semper
1202 2984 1435 3055 patriam
1462 2984 1799 3053 suspiremus
1828 3025 1844 3051 ,

252 3090 471 3147 semper
488 3077 716 3147 patriam
743 3075 1146 3142 desideremus;
1180 3072 1301 3131 linis
1323 3074 1469 3131 enim
1499 3076 1599 3130 viae
1626 3090 1845 3143 semper

1968 1866 2091 1921 vita:
2118 1872 2230 1934 est;
2253 1869 2377 1939 quia
2407 1869 2532 1925 licet
2552 1868 2837 1940 fragilitate
2878 1878 2934 1926 et
2954 1871 3287 1929 volubilitate
3323 1872 3552 1938 lubrica,

1966 1973 2029 2015 ac
2053 1959 2256 2016 incerta
2277 1959 2563 2030 fugacitate
2593 1962 2675 2017 via
2704 1962 2827 2018 vitae
2855 1963 3100 2019 humana:
3118 1963 3329 2034 similis,
3359 1964 3552 2021 studiis

1966 2059 2143 2107 tamen
2171 2068 2234 2108 ac
2262 2053 2591 2123 profectibus
2619 2053 2890 2110 dissimilis
2936 2064 3041 2111 est.
3089 2056 3195 2111 Sel
3221 2055 3541 2114 dissimilem

1963 2147 2128 2200 vitam
2160 2145 2249 2201 hic
2278 2161 2397 2201 sors
2425 2146 2613 2202 similis
2640 2146 2876 2217 premit,
2907 2155 2962 2202 et
2989 2147 3179 2204 incerti
3217 2149 3424 2205 itineris
3452 2149 3539 2203 in-

1962 2253 2152 2294 cursus
2178 2238 2484 2294 manifestat
2509 2255 2521 2291 :
2555 2237 2802 2295 similiter
2828 2239 2972 2294 enim
3007 2254 3195 2296 omnes
3223 2251 3540 2307 nascuntur,

1962 2335 2235 2397 crescunt,
2274 2327 2612 2394 decrescunt,
2646 2327 3002 2395 infirmantur,
3035 2329 3383 2399 tribulantur,
3414 2347 3539 2389 mo-

1958 2419 2205 2487 riuntur;
2261 2419 2357 2476 sed
2384 2420 2600 2492 quando
2628 2419 2695 2475 ad
2730 2419 2891 2477 finem
2933 2421 3197 2490 veniunt,
3230 2422 3302 2479 ibi
3338 2423 3545 2479 discer-

1959 2517 2189 2579 nuntur,
2206 2518 2264 2566 et
2288 2524 2425 2580 quos
2452 2511 2642 2567 similis
2665 2511 2911 2567 incursus
2940 2511 3219 2582 fatigavit,
3268 2512 3542 2570 dissimilis

1957 2596 2093 2657 ordo
2116 2600 2417 2669 segregavit
2458 2618 2472 2653 :
2515 2599 2588 2655 ibi
2617 2601 2761 2655 enim
2791 2614 2919 2656 vera
2946 2602 3195 2672 probatio
3228 2611 3284 2657 et
3308 2602 3540 2672 diligens

1954 2690 2282 2748 examinatio
2311 2689 2499 2746 similis
2527 2690 2757 2747 miseria:
2783 2691 2924 2760 erit,
2957 2705 3063 2762 qua
3083 2706 3271 2747 omnes
3294 2692 3533 2748 viatores

1954 2779 2073 2843 viae,
2107 2795 2268 2850 quam
2294 2782 2570 2837 mortales
2614 2782 2865 2838 similiter
2908 2789 3065 2836 terra:
3100 2789 3372 2852 premunt.
3421 2782 3538 2839 Illic

1954 2871 2121 2940 enim,
2148 2879 2208 2927 ut
2232 2871 2521 2943 Apostolus
2543 2873 2619 2927 ait
2648 2890 2663 2927 :
2694 2871 3103 2947 Uniuscujusque
3123 2890 3249 2943 opus
3269 2875 3420 2943 quale
3447 2877 3534 2940 sit,

1950 2962 2087 3033 ignis
2126 2962 2364 3032 probabit
2393 2962 2463 3033 (I
2493 2962 2612 3019 Cor.
2646 2980 2734 3031 ιιι,
2767 2964 2893 3034 15).
2930 2964 3119 3021 Videte
3143 2966 3387 3022 ordinem
3435 2967 3536 3021 mi-

1950 3054 2104 3107 seria:
2129 3054 2371 3108 humana:
2396 3054 2517 3109 vita:
2537 3055 2605 3110 de
2622 3062 2786 3123 terra,
2806 3069 2969 3127 super
2988 3065 3207 3121 terram,
3237 3056 3291 3110 in
3315 3064 3533 3119 terram,

250 3145 552 3223 viatoribus
575 3166 829 3238 optabilis
855 3175 911 3222 et
931 3165 1304 3222 desiderabilis
1337 3174 1422 3221 est
1450 3184 1461 3220 :
1490 3174 1546 3220 et
1568 3166 1691 3221 ideo
1712 3167 1837 3236 quia

1950 3157 1977 3197 a
2011 3155 2150 3200 terra
2179 3146 2233 3200 in
2260 3148 2454 3215 ignem,
2483 3146 2551 3202 de
2571 3146 2693 3215 igne
2722 3148 2773 3201 in
2800 3145 3080 3215 judicium,
3104 3145 3172 3203 de
3194 3148 3396 3217 judicio
3433 3158 3529 3202 aut

247 3272 442 3315 sumus
469 3257 652 3319 mundi
693 3257 930 3314 viatores
958 3265 1013 3313 et
1042 3256 1310 3328 peregrini
1335 3296 1350 3321 ,
1383 3257 1451 3311 de
1480 3255 1586 3312 fine
1616 3257 1714 3311 via:
1737 3297 1753 3321 ,
1785 3256 1840 3310 id

253 3357 369 3415 est,
393 3349 519 3405 vitae
546 3356 747 3409 nostra:
772 3363 989 3420 semper
1015 3348 1343 3418 cogitemus;
1392 3348 1490 3402 vice
1535 3348 1680 3413 enim
1722 3347 1843 3405 linis

251 3451 496 3510 nostrze,
545 3443 719 3514 patria
754 3451 936 3499 nostra
986 3450 1087 3499 est.
1135 3442 1255 3509 Sed,
1294 3442 1377 3501 ibi
1417 3457 1608 3509 omnes
1661 3444 1842 3503 surculi

246 3534 509 3600 iterantes
535 3533 728 3608 [Forte
756 3534 1111 3609 itinerantesl
1133 3549 1231 3605 pro
1260 3533 1467 3590 meritis
1494 3534 1704 3589 diversa
1724 3550 1842 3590 sor-

245 3624 496 3691 tiuntur;
547 3633 603 3681 et
650 3624 779 3681 boni
826 3626 1062 3684 viatores
1114 3627 1169 3681 in
1216 3625 1387 3695 patria
1450 3625 1834 3693 requiescunt:

245 3716 381 3771 mali
402 3732 531 3773 vero
555 3718 622 3774 de
646 3733 709 3779 ea
739 3718 1020 3789 peribunt;
1046 3716 1203 3771 multi
1229 3716 1374 3771 enim
1399 3716 1627 3786 patriam
1651 3731 1839 3771 veram

243 3809 513 3885 perdunt,
571 3810 697 3878 quia
740 3809 860 3879 plus
902 3808 1043 3864 viam
1086 3807 1331 3877 diligunt.
1362 3806 1479 3862 Non
1531 3807 1649 3877 plus
1697 3807 1837 3862 viam

242 3911 370 3963 nos,
401 3912 565 3967 quam
594 3899 824 3969 patriam
849 3897 1135 3967 diligamus
1157 3935 1173 3963 ,
1214 3912 1283 3953 ne
1320 3906 1578 3952 :eternam
1611 3897 1838 3966 patriam

240 3992 575 4065 perdamus;
616 3994 778 4049 talem
835 3994 981 4051 enim
1030 3994 1291 4050 habemus
1358 3993 1625 4065 patriam,
1674 4006 1837 4062 quam

239 4100 431 4147 amare
456 4084 733 4141 debemus.
763 4084 930 4142 Duret
950 4086 1111 4155 igitur
1134 4085 1274 4155 apud
1311 4100 1410 4141 nos
1436 4086 1536 4141 ista
1574 4084 1835 4150 definitio,

240 4184 306 4239 ut
333 4175 420 4232 hic
471 4175 711 4232 vivamus
742 4176 794 4231 in
843 4176 1333 4243 via;utviatores,
1366 4184 1424 4230 ut
1452 4176 1737 4247 peregrini.
1780 4184 1839 4230 ut

239 4265 483 4336 boSpites
520 4266 737 4334 mundi,
766 4268 927 4331 nullis
952 4268 1215 4324 hmrentes
1243 4268 1649 4339 cupiditatibus,
1677 4267 1837 4324 nullis

239 4359 474 4415 terrenis
500 4359 767 4416 inhiantes
812 4359 1115 4429 desideriis,
1144 4360 1238 4415 sed
1268 4361 1577 4417 caelestibus
1598 4368 1652 4422 et
1679 4360 1836 4430 spiri-

240 4452 478 4516 tualibus
505 4451 693 4508 formis
714 4454 924 4509 animos
954 4462 1171 4509 nostros
1199 4454 1529 4523 repleamus,
1560 4454 1759 4508 virtute
1778 4462 1831 4508 et

1945 3234 1997 3288 in
2025 3235 2344 3301 gehennam,
2370 3244 2462 3289 aut
2481 3235 2535 3289 in
2556 3236 2753 3289 vitam:
2783 3237 2851 3290 de
2874 3244 3013 3290 terra
3033 3237 3175 3291 enim
3205 3245 3419 3292 creatus
3445 3252 3525 3302 es,

1945 3334 2143 3380 terram
2174 3326 2350 3381 calcas
2373 3366 2389 3390 ,
2424 3326 2480 3380 in
2520 3335 2715 3381 terram
2751 3326 2883 3393 ibis,
2931 3342 2962 3381 a
3012 3335 3154 3382 terra
3196 3341 3384 3397 surges
3408 3369 3425 3395 ,
3472 3329 3527 3383 in

1943 3417 2066 3487 igne
2094 3418 2431 3489 probaberis,
2471 3418 2734 3489 judicium
2762 3419 3122 3490 exspectabis,
3147 3426 3409 3476 aeternum
3431 3435 3528 3476 au-

1944 3518 2050 3564 tem
2081 3516 2205 3579 post
2232 3509 2346 3565 haec
2393 3509 2712 3581 supplicium
2764 3522 2857 3566 aut
2903 3524 3129 3581 regnum
3170 3512 3474 3583 possidebis
3507 3530 3523 3579 ;

1940 3603 2063 3670 quia
2100 3603 2211 3659 illic
2246 3613 2443 3674 Oportet
2471 3620 2589 3673 nos,
2640 3611 2699 3659 ut
2728 3603 2805 3659 ait
2832 3602 3123 3675 Apostolus
3146 3643 3162 3668 ,
3193 3603 3525 3676 manifestari

1941 3704 2061 3748 aute
2098 3693 2322 3749 tribunal
2369 3693 2589 3761 Christi,
2617 3703 2674 3748 ut
2702 3696 2894 3767 referat
2921 3694 3267 3766 unusquisque
3307 3698 3523 3765 propria

1940 3788 2174 3857 corporis
2218 3787 2318 3853 sui,
2356 3795 2506 3857 prout
2532 3788 2726 3858 gessit,
2772 3787 2877 3841 sive
2925 3785 3145 3852 bonum,
3178 3786 3282 3840 sive
3321 3789 3517 3841 malum

1941 3877 2039 3950 (Il
2069 3878 2188 3933 Cor.
2214 3895 2265 3945 v,
2301 3877 2419 3949 i0);
2449 3893 2612 3949 quam
2657 3892 2773 3934 rem
2800 3878 2963 3934 etiam
2982 3862 3249 3933 Dominus
3269 3878 3323 3933 in
3351 3876 3523 3934 Evan-

1938 3970 2080 4040 gelia
2135 3969 2465 4025 denuntiat:
2518 3967 2689 4023 Filius
2757 3969 2976 4023 hominis
3047 3981 3287 4024 renturus
3338 3978 3417 4025 est
3464 3972 3521 4024 in

1938 4062 2107 4132 gloria
2141 4077 2236 4116 sua
2268 4101 2283 4125 ,
2311 4069 2360 4113 et
2390 4069 2505 4113 tunc
2552 4059 2729 4113 reddet
2758 4060 3030 4131 unicuique
3057 4061 3337 4114 secundum
3365 4075 3523 4131 apera

1938 4168 2033 4206 sua
2063 4150 2276 4219 (Matth.
2306 4167 2425 4217 xvr,
2453 4149 2568 4221 2'7).
2593 4149 2966 4221 Expavescite,
2990 4164 3209 4221 quaso,
3254 4151 3519 4207 dictormu

1940 4242 2170 4315 pondus,
2201 4250 2255 4297 et
2281 4256 2403 4297 cum
2435 4242 2629 4297 timore
2670 4250 2726 4297 et
2770 4251 3004 4298 tremore
3027 4249 3277 4312 suspecta
3303 4256 3521 4312 semper

1938 4338 2119 4390 mente
2148 4334 2297 4390 illum
2329 4336 2665 4390 tremendum
2693 4334 2858 4390 divini
2900 4334 3083 4404 judicii
3112 4334 3400 4390 adventum
3441 4336 3519 4391 in-

1937 4429 2244 4486 desinenter
2289 4430 2523 4500 cogitate
2546 4472 2561 4495 ,
2618 4430 2707 4486 ubi
2737 4438 2864 4485 ante
2892 4429 3023 4485 illud
3059 4429 3292 4486 tribunal
3317 4428 3518 4489 Christi

236 4557 410 4613 opere
451 4542 781 4613 psallentes:
839 4543 1057 4611 Quando
1086 4521 1289 4598 veniant
1313 4554 1363 4598 et
1406 4542 1666 4615 apparebo
1706 4553 1829 4597 ante

1958 4521 2121 4579 udicis
2150 4521 2476 4587 horrificum,
2508 4522 2907 4592 uniuscujusque
2921 4537 3052 4588 opus
3078 4522 3228 4592 quale
3256 4524 3356 4587 sit,
3382 4524 3517 4595 ignis

239 4636 435 4707 faciem
463 4632 560 4689 Dei
588 4635 724 4690 mei?
752 4633 927 4691 Sitioit
952 4635 1095 4691 enim
1118 4636 1294 4691 anima
1312 4652 1429 4690 mea
1453 4634 1617 4690 Deum
1642 4637 1830 4706 fortem

232 4728 406 4783 vivunt
430 4724 655 4796 (Psalm.
682 4743 795 4796 xu,
819 4728 873 4797 ‘5)
897 4746 911 4794 ;
940 4742 1028 4782 et:
1056 4728 1244 4782 Anima
1272 4744 1388 4782 mea
1406 4735 1538 4783 sicut
1561 4737 1695 4787 terra
1717 4728 1829 4787 sine

231 4835 375 4891 aqua
406 4818 493 4871 tibi
520 4820 539 4890 (
562 4818 762 4883 Psalm.
796 4834 957 4884 cxut,
983 4818 1059 4889 6)
1084 4837 1097 4886 ;
1128 4828 1328 4874 etcum
1358 4818 1525 4873 Paulo
1548 4818 1789 4873 dicentes
1814 4836 1827 4871 :

232 4909 402 4981 Cupio
431 4912 672 4978 dissolvi,
714 4921 771 4967 et
791 4929 903 4968 esse
930 4930 1052 4967 cum
1084 4912 1287 4973 Christo
1312 4910 1582 4984 (Philipp.
1608 4928 1662 4981 ι,
1691 4910 1763 4973 23
1784 4913 1823 4981 ),

231 5005 474 5060 sciamus
502 5021 602 5061 nos
628 5006 755 5062 licet
784 5006 1097 5076 peregrinos
1136 5021 1168 5060 a
1200 5006 1428 5061 Domino
1457 5005 1694 5075 quandiu
1730 5020 1821 5061 su-

232 5108 359 5149 mus
386 5093 438 5149 in
482 5110 715 5165 corpore
741 5094 836 5166 (11
860 5094 979 5161 Cor.
1013 5112 1065 5163 v,
1106 5096 1269 5165 6-8),
1304 5105 1598 5166 praesentes
1640 5105 1820 5151 tamen

230 5197 359 5239 esse
386 5183 562 5239 oculis
589 5185 704 5241 Dei.
735 5185 1075 5257 Quapropter
1099 5187 1245 5242 omni
1275 5188 1488 5257 ignavia
1509 5187 1739 5253 calcata,
1765 5199 1822 5243 et

229 5277 384 5337 omni
410 5278 658 5349 deposito
677 5286 888 5349 tepore,
914 5279 1147 5335 nitamur
1166 5281 1216 5337 ei
1242 5282 1336 5351 qui
1365 5281 1562 5352 ubique
1586 5296 1821 5351 praesens

229 5380 320 5424 est
343 5410 360 5436 ,
388 5370 605 5439 placere
627 5411 643 5435 ,
691 5379 752 5427 ut
781 5386 906 5427 cum
934 5372 1076 5427 bona
1105 5373 1436 5429 conscientia
1464 5381 1519 5428 et
1542 5372 1627 5428 via
1658 5372 1821 5443 hujus

229 5460 417 5517 saeculi
447 5460 516 5515 ad
541 5461 753 5517 beatam
779 5462 1004 5532 patriam
1037 5463 1206 5519 nostri
1230 5465 1409 5519 Patris
1433 5473 1692 5519 :eternam
1721 5506 1736 5532 ,
1768 5474 1823 5520 et

228 5550 424 5607 sterni
453 5551 683 5607 transire
711 5552 941 5608 feliciter
969 5553 1256 5624 possimus,
1282 5552 1352 5609 de
1380 5555 1732 5623 prtesentibus
1754 5554 1821 5609 ad

231 5639 510 5703 absentia,
538 5640 607 5697 de
629 5641 869 5697 tristibus
897 5641 965 5696 ad
990 5642 1131 5709 lzcta,
1155 5641 1224 5698 de
1254 5641 1471 5698 caducis
1500 5641 1565 5696 ad
1596 5650 1820 5707 tctcma,

232 5728 309 5791 de
336 5732 563 5796 terrenis
587 5733 654 5791 ad
683 5733 943 5803 ctelestia,
979 5733 1045 5792 de
1077 5735 1297 5807 regione
1331 5735 1519 5793 mortis
1550 5733 1618 5791 ad
1645 5735 1821 5805 rcgio-
1892 5810 1895 5811 ν

1933 4612 2189 4684 probabit,
2219 4622 2269 4667 et
2297 4613 2509 4683 propria
2554 4612 2952 4681 uniuscujusque
2989 4613 3217 4681 corporis
3240 4651 3255 4675 ,
3306 4614 3410 4667 sive
3437 4613 3518 4667 bo.

1932 4707 2215 4772 uum,sive
2257 4705 2469 4769 malum,
2513 4704 2725 4775 quisque
2768 4712 2821 4756 ut
2850 4706 3015 4774 gessit,
3051 4706 3277 4774 referet;
3322 4713 3378 4760 et
3426 4705 3518 4760 ubi

1933 4796 2105 4851 Filius
2134 4797 2357 4851 hominis
2385 4796 2592 4850 veniens
2621 4795 2894 4865 unicuique
2931 4796 3210 4852 secundum
3236 4813 3394 4867 opera
3423 4814 3516 4852 sua

1931 4890 2133 4945 reddet.

2000 5002 2064 5060 ll.
2096 5000 2234 5057 Satis
2259 5000 2535 5055 tremenda
2561 5000 2828 5055 sententia
2858 5007 2973 5068 est,
3005 4999 3230 5067 fratres,
3253 5000 3381 5071 quia
3408 5016 3512 5054 non

1929 5093 2062 5148 dixit
2088 5136 2103 5162 ,
2144 5092 2424 5147 secundum
2464 5091 2873 5146 misericordiam
2898 5108 3042 5146 suam
3062 5132 3079 5159 ,
3107 5093 3203 5149 sed
3232 5092 3511 5147 secundum

1928 5202 2086 5255 opera
2112 5202 2208 5241 sua
2250 5186 2521 5257 unicuique
2565 5183 2784 5237 reddet:
2833 5183 2919 5238 hic
2960 5186 3106 5239 enim
3161 5182 3467 5239 misericors
3495 5224 3512 5251 ,

1929 5277 2037 5332 illic
2056 5276 2233 5346 justus
2255 5275 2441 5346 judex.
2487 5274 2689 5332 Idcirco
2718 5275 3012 5330 timendum
3041 5283 3155 5343 est,
3178 5271 3512 5329 tremendum

1928 5366 2084 5423 nobis
2136 5376 2221 5422 est
2274 5368 2520 5433 multum,
2576 5367 2667 5438 qui
2714 5366 2828 5421 hmo
2885 5365 3112 5433 legimus
3162 5373 3217 5418 et
3243 5363 3506 5431 audimus,

1928 5460 2261 5526 cbarissimi,
2309 5459 2523 5531 quando
2570 5457 2683 5514 Deo
2724 5457 3054 5528 praedicante
3097 5456 3503 5525 cognoscimus,

1924 5550 2077 5619 juxta
2124 5565 2289 5621 opera
2337 5565 2432 5605 sua
2479 5548 2762 5617 unicuique
2813 5545 3143 5601 reddendum
3185 5561 3325 5603 esse.
3372 5546 3509 5614 Quid

1926 5641 2109 5696 durius
2145 5639 2322 5695 dicere
2363 5638 2572 5711 potuit?
2615 5635 2739 5708 quid
2788 5636 2906 5705 spei
2956 5636 3171 5706 reliquit
3217 5637 3508 5693 humanae?

1926 5734 2043 5803 quis
2071 5733 2212 5793 enim
2243 5740 2419 5811 potest
2443 5731 2731 5804 perignetn
2750 5729 3036 5800 justifitari
3063 5741 3113 5788 et
3135 5732 3334 5788 iudicis
3357 5729 3501 5787 mise
