4052 6332
558 332 657 387 ’.Π

1769 324 1827 381 S.
1871 322 2260 382 COLUMBANI
2304 319 2595 382 ABBATIS

3719 322 3823 399 eis

548 446 777 504 ricordia
808 460 914 501 non
951 457 1132 515 egere,
1162 445 1253 515 qui
1284 444 1335 499 in
1380 455 1607 512 corpore
1636 440 1841 511 peccati
1882 439 2122 495 habitat?
2154 443 2196 498 Α
2227 434 2363 489 bitur
2392 454 2422 489 a
2451 436 2803 505 fundament‘s
2842 438 2968 504 suis,
3014 446 3223 509 propter
3248 438 3469 509 furorem
3493 439 3589 494 ira!
3611 437 3817 498 llatnirzi

548 538 680 607 Quis
702 578 719 604 ,
765 551 895 608 rogo
918 579 935 606 ,
973 536 1194 593 humani
1223 537 1432 606 generis
1459 548 1677 597 carnem
1723 541 1969 603 gestans,
2013 532 2130 589 haec

546 646 656 687 non
698 632 929 709 timeat,
978 632 1175 702 quibus
1219 646 1317 685 nos
1363 645 1551 685 onmes
1607 626 2027 684 manifestanoos
2073 636 2130 684 et

542 724 943 798 quodammodo
972 723 1319 793 assignandos
1348 738 1468 780 esse
1496 731 1622 777 ante
1653 722 1885 778 tribunal
1908 721 2125 790 Christi,

544 823 602 872 et
626 815 700 872 ibi
729 831 891 886 opera
919 824 1102 877 nostra
1130 830 1225 885 per
1253 815 1427 883 ignem
1455 812 1731 883 probanda
1763 811 2128 882 prmdicatnr?

542 903 679 961 Cum
727 906 913 961 dolore
942 922 1039 976 pro
1068 905 1290 975 perditis
1314 904 1598 960 dicendum
1644 912 1733 960 est
1763 922 1776 957 ε
1812 902 1881 977 Ut
1902 904 2027 974 quid
2055 906 2124 961 li-

541 1013 660 1053 mus
687 1012 899 1051 sensum
925 996 1154 1065 accipit‘t
1178 1011 1347 1065 quare
1376 1011 1566 1051 sensus
1596 995 1766 1050 factus
1792 1004 1875 1063 est
1904 996 1970 1051 de
1998 997 2125 1066 pul-

544 1087 700 1141 vere?
728 1086 818 1157 qui
839 1087 906 1140 de
935 1096 1080 1142 terra
1102 1087 1306 1155 creati,
1336 1086 1611 1156 paululum
1643 1101 1806 1155 super
1835 1101 1953 1155 eam
1975 1095 2123 1141 stan-

540 1185 641 1243 tes,
685 1176 739 1231 in
785 1176 1029 1232 eamdem
1073 1177 1236 1248 paulo
1285 1185 1404 1246 post
1457 1177 1748 1243 intraturi,
1796 1176 1984 1232 eadem
2024 1191 2124 1233 nos

535 1268 762 1339 iterum,
786 1268 937 1337 jussu
969 1269 1102 1335 Dei,
1144 1269 1403 1326 reddente
1431 1285 1493 1325 ac
1534 1269 1856 1339 projiciente
1880 1310 1895 1335 ,
1940 1269 2123 1325 novis-

533 1360 667 1416 sime
696 1374 793 1430 per
821 1361 1000 1429 ignem
1028 1361 1397 1431 probabimur,
1430 1372 1487 1416 ut
1512 1361 1743 1431 quadam
1775 1371 1891 1433 arte
1921 1370 2123 1417 terram

532 1460 589 1506 et
614 1451 785 1506 lutum
816 1451 952 1521 ignis
1001 1451 1290 1518 dissolvat;
1338 1460 1394 1507 et
1419 1451 1463 1507 si
1491 1451 1621 1521 quid
1649 1452 1765 1506 auri
1792 1460 1886 1521 aut
1914 1451 2123 1529 argenti

531 1542 775 1600 habuerit
795 1587 811 1613 ,
839 1553 931 1599 aut
970 1552 1289 1600 cmterorum
1322 1553 1477 1600 terra:
1522 1545 1731 1599 utilium
1759 1545 2121 1615 paracarassi7

532 1651 626 1692 mo
649 1633 1053 1707 [paracaximo]
1084 1634 1372 1706 liquefacto
1396 1636 1749 1692 demonstret.
1784 1635 2118 1691 Morinorum

531 1741 662 1798 ergo
686 1726 988 1781 animorum
1010 1736 1093 1781 est
1113 1735 1169 1781 et
1195 1726 1606 1797 desperabilinm
1638 1727 1738 1781 ista
1766 1742 1873 1782 non
1900 1727 2115 1782 timere:

2232 528 2444 582 sabaotli
2502 531 2555 584 in
2586 531 2669 586 die
2689 573 2705 600 ,
2735 550 2834 601 qua
2865 536 3209 603 supcrvenerit
3236 536 3382 607 {uror
3401 536 3514 605 ejus
3538 534 3675 607 (Isa.
3706 553 3819 606 Illi,

2233 619 2355 691 15).
2386 620 2453 677 Et
2479 622 2670 680 iterum
2699 624 2829 681 dicit
2861 644 2874 679 :
2908 626 3247 682 Movebuntur
3268 627 3611 698 fundamenta
3639 637 3811 693 terra,

2229 712 2613 782 perturbatione
2624 717 3003 788 perturbabitur
3022 728 3177 779 terra.
3193 728 3400 790 stupore
3419 720 3641 790 stupebit
3661 730 3818 788 terra,

2221 799 3090 886 inclinationeinclinabiturterra.
3138 820 3187 864 et
3236 812 3576 866 commotione
3604 828 3823 869 commo-

2227 896 2422 953 vebitur
2457 909 2596 969 terra
2646 918 2665 955 :
2712 900 2843 967 sicut
2888 900 3057 961 ebrius
3074 911 3123 957 et
3175 904 3476 972 crapulatus
3524 907 3816 960 excutietur

2227 984 2248 1058 (
2270 984 2384 1042 Isa.
2418 1005 2563 1057 xxrv,
2598 989 2687 1069 19ζ
2712 987 2825 1059 20).
2851 990 3030 1060 Asaph
3073 1006 3286 1061 quoque
3310 992 3504 1046 similia
3533 993 3774 1063 loquitur
3798 1012 3816 1051 :

2226 1077 2369 1157 Deus
2391 1082 2663 1153 manifeste
2684 1081 2867 1145 veniet,
2888 1080 3027 1137 Deus
3051 1091 3225 1137 noster
3248 1092 3297 1136 et
3319 1100 3423 1137 non
3447 1084 3618 1138 silebit
3641 1101 3659 1139 :
3681 1087 3819 1157 ignis

2223 1172 2279 1226 in
2303 1181 2576 1243 conspectu
2614 1173 2726 1249 ejus
2755 1173 2977 1240 ardebit,
3008 1186 3055 1229 ct
3079 1177 3134 1229 in
3164 1178 3379 1229 circuitu
3405 1176 3518 1247 ejus
3539 1185 3816 1249 tempestas

2225 1263 2401 1341 valida
2430 1263 2612 1334 (Psal.
2640 1246 2784 1329 nux,
2819 1267 2897 1337 3).
2926 1264 2990 1319 Et
3020 1267 3187 1321 David
3217 1246 3457 1323 consona
3489 1270 3614 1324 huic
3642 1246 3819 1340 loqui-

2224 1358 2312 1405 tur
2334 1354 2518 1410 dicens
2544 1373 2557 1408 :
2594 1356 2741 1427 Ignis
2765 1367 2886 1435 ante
2909 1359 3079 1428 ipsum
3100 1358 3299 1414 ardebit
3331 1399 3346 1423 ,
3378 1369 3426 1414 et
3466 1360 3815 1429 inﬂammabit

2222 1443 2277 1497 in
2303 1445 2518 1500 circuitu
2548 1444 2783 1502 inimicos
2811 1449 2923 1520 ejus
2954 1452 2972 1521 (
2995 1448 3145 1505 Psal.
3172 1444 3311 1517 xcvi,
3346 1452 3433 1519 5).
3812 1466 3813 1471 ‘

2290 1537 2351 1592 ll.
2382 1535 2510 1593 Post
2550 1537 2663 1593 haec
2685 1578 2701 1605 ,
2750 1539 2966 1609 inquam
2993 1582 3009 1609 ,
3058 1551 3166 1595 tam
3217 1542 3491 1598 tremenda
3522 1543 3737 1601 Veteris
3763 1554 3819 1603 et

2219 1626 2355 1703 Novi
2402 1627 2734 1684 Testamenti
2782 1622 3089 1701 pneconia,
3137 1633 3330 1703 quibus
3371 1634 3490 1689 heri
3548 1644 3605 1690 et
3656 1636 3819 1693 hodie

2222 1708 2391 1785 pauca
2411 1720 2984 1793 commemoravimus;
3007 1737 3114 1793 qua
3135 1723 3500 1780 satisfactione
3520 1726 3657 1781 iram
3680 1728 3816 1783 tanti

529 1833 655 1877 nam
684 1818 854 1877 cuivis
877 1818 962 1873 vel
991 1819 1160 1874 ,θηται
1206 1820 1322 1875 hmo
1364 1820 1580 1886 audire,
1611 1819 1835 1875 εδυιθιω
1864 1820 2113 1877 sufﬁcere
2147 1816 2190 1877 ιι
2216 1804 2419 1863 Judicis
2447 1808 2677 1863 evadere
2708 1811 2977 1880 possimus
2999 1854 3014 1880 ,
3042 1812 3339 1870 videamus.
3374 1816 3584 1872 Domini
3606 1834 3671 1874 ac
3690 1818 3817 1875 Sal-

528 1909 735 1966 debuit.
785 1910 1128 1982 Quapropter
1181 1911 1312 1966 nihil
1368 1912 1523 1967 nobis
1580 1912 1759 1966 utilius
1833 1911 2113 1976 sciamus,

527 2017 688 2072 quam
732 2009 791 2057 ut
830 2003 1082 2059 omnibus
1109 2004 1296 2059 diebus
1327 2003 1448 2059 vita:
1490 2013 1687 2059 nostra:
1718 2003 1883 2058 vitam
1912 2004 2117 2075 ancipi-

526 2102 636 2147 tem
665 2101 1038 2161 retractantes,
1069 2094 1426 2165 nosmetipsos
1455 2095 1694 2164 quotidie
1720 2094 2068 2151 discutiamus
2098 2114 2113 2161 ;

526 2191 583 2240 et
635 2184 919 2239 verborun
988 2186 1430 2256 cogitatnnmque
1486 2194 1792 2241 nostrorqu
1849 2186 2115 2242 rationem

525 2281 750 2341 agentes
773 2315 789 2342 ,
824 2282 881 2329 et
908 2275 1196 2329 humanam
1226 2276 1392 2331 vitam
1419 2276 1897 2347 perborrescentes
1922 2319 1937 2345 ,
1970 2277 2116 2334 hunc

524 2380 690 2435 supra
719 2366 921 2423 dictum
952 2368 1107 2425 istius
1147 2369 1245 2425 via:
1270 2411 1287 2437 ,
1334 2370 1387 2426 id
1427 2379 1509 2433 est
1534 2370 1656 2431 vita:
1683 2382 1882 2433 nostra:
1909 2367 2069 2425 linem
2095 2409 2111 2435 ,

523 2457 738 2515 uinctis
802 2462 999 2530 spretis
1054 2462 1237 2517 mundi
1310 2462 1468 2532 hujus
1538 2463 1941 2534 voluptatibus,
1995 2464 2115 2518 sine

522 2547 919 2607 Intermissione
970 2553 1287 2622 cogitemus.
1338 2554 1591 2610 Videmus
1618 2555 1783 2610 vitam
1806 2595 1822 2622 ,
1852 2555 1951 2610 sed
1989 2570 2108 2609 um-

522 2636 678 2694 bram
706 2647 762 2695 et
803 2640 1091 2713 imaginem
1134 2644 1425 2714 fugientem
1456 2656 1509 2702 et
1559 2645 1831 2702 fauentem
1872 2645 2112 2719 adverti-

520 2742 661 2785 mus.
694 2728 775 2787 Ne
820 2746 952 2801 ergo
999 2748 1098 2789 nos
1145 2734 1307 2790 fallax
1359 2744 1416 2791 et
1466 2735 1780 2803 seductrix,
1825 2736 2004 2791 brevis
2057 2743 2115 2790 et

522 2819 838 2893 temporalis
858 2860 875 2887 ,
904 2821 1104 2877 caduca
1134 2830 1190 2879 et
1218 2824 1419 2894 fragilis
1444 2867 1459 2892 ,
1508 2841 1692 2879 amara
1722 2841 1785 2880 ac
1811 2825 1978 2880 tristis
2002 2824 2110 2879 vita

521 2907 791 2979 decipiat;
820 2912 891 2966 de
918 2926 1045 2967 vera
1073 2922 1128 2967 et
1154 2921 1355 2970 {eterna
1383 2931 1597 2985 semper
1619 2916 1920 2985 cogitemus
1943 2954 1959 2981 ,
1992 2930 2111 2984 quae

523 3010 648 3068 post
693 3012 924 3059 mortem
963 3005 1290 3071 immortales
1330 3007 1503 3077 justos
1554 3009 1804 3065 habitura
1851 3010 1942 3065 sit.
1976 3009 2111 3065 Vide

521 3091 948 3152 vicissitudinem
994 3112 1174 3163 rerum
1204 3116 1218 3152 ;
1251 3099 1358 3165 vita
1405 3109 1531 3156 ante
1579 3110 1807 3156 mortem
1834 3140 1850 3170 ,
1898 3109 1956 3157 et
1986 3110 2110 3173 post

518 3191 752 3239 mortem
799 3186 909 3242 vita
939 3205 952 3242 :
978 3187 1158 3256 justus
1187 3190 1336 3261 prius
1374 3192 1509 3248 duas
1562 3193 1825 3263 possidet,
1880 3203 1936 3251 et
1980 3210 2103 3266 pec-
2138 3204 2181 3265 C

518 3281 670 3330 calor
697 3276 891 3348 impius
920 3295 1081 3335 unam
1108 3281 1392 3347 infeliciter
1416 3283 1622 3355 habuit,
1651 3285 1876 3341 alteram
1899 3284 2110 3343 felicem

518 3367 790 3435 perdidit:
824 3376 945 3440 post
993 3372 1213 3429 brevem
1263 3376 1405 3435 enim
1450 3360 1655 3449 vitam,
1701 3376 1771 3434 de
1827 3386 2006 3433 morte
2054 3378 2109 3433 in

518 3467 748 3515 mortem
780 3462 929 3517 vadit
955 3464 1009 3518 in
1058 3464 1331 3535 interitum
1356 3507 1370 3532 ,
1421 3468 1489 3522 de
1518 3482 1626 3538 quo
1654 3467 1751 3537 Dei
1778 3468 1856 3545 pii.
1894 3468 2110 3526 bonitas

519 3564 624 3607 nos
668 3550 919 3622 dignetur
946 3556 1158 3626 eripere
1187 3572 1283 3627 per
1322 3557 1609 3628 Dominum
1650 3567 1894 3635 nostrum
1920 3557 2104 3645 desum

517 3639 825 3716 Christum,
856 3647 941 3703 cui
971 3648 1145 3727 gloria
1197 3649 1251 3706 in
1301 3650 1497 3727 saecula
1539 3651 1878 3725 seculorum.
1913 3639 2105 3716 Amen.

1046 3779 1457 3855 INS'I‘RUCTIO
1495 3783 1562 3839 χ.

688 3897 764 3955 De.
788 3899 1005 3959 terribili
1036 3901 1235 3979 venturi
1261 3898 1459 3979 Judicis
1488 3900 1569 3955 ira
1600 3898 1930 3985 declinanda.

588 4008 629 4064 l.
670 4006 893 4064 Multum
923 4011 1077 4067 nobis
1104 4011 1173 4068 de
1201 4011 1338 4079 line,
1371 4010 1563 4083 fratres
1591 4010 1913 4089 c'harissimi,
1949 4009 2107 4064 timo-

509 4116 631 4156 rem
675 4100 933 4157 Dominus
983 4102 1038 4157 in
1082 4104 1452 4172 superioribus
1505 4119 1603 4173 per
1641 4089 1990 4185 Evangellinm
2051 4090 2107 4155 et

513 4191 739 4248 Paulum
768 4192 1011 4249 incussit.
1030 4192 1186 4259 Quod
1214 4195 1369 4249 nobis
1398 4202 1519 4265 post
1547 4194 1662 4249 haec
1691 4184 1797 4248 tam
1824 4184 2101 4273 tremenda

510 4284 677 4341 divini
705 4285 931 4342 canonis
959 4285 1264 4341 testimonia
1290 4284 1553 4355 refugium
1576 4287 1694 4340 est?
1723 4274 1917 4354 quibus
1937 4283 2104 4359 lacryé

510 4378 613 4432 mis
636 4419 653 4447 ,
699 4378 915 4449 quantis
943 4377 1190 4449 suspiriis
1216 4393 1353 4449 opus
1379 4380 1507 4434 est?
1551 4378 1798 4449 qualibus
1835 4370 2099 4451 compun-

510 4470 780 4526 ctionibus
820 4469 1015 4526 durum
1042 4478 1100 4537 et
1140 4469 1413 4541 lapideum
1450 4485 1548 4527 cor
1574 4471 1968 4527 conterendum
1993 4482 2095 4539 est,

2220 1897 2423 1952 vatoris
2453 1898 2621 1953 nostri
2644 1897 2767 1953 Jesu
2789 1899 2990 1956 Christi
3020 1906 3328 1961 meminisse
3347 1906 3605 1965 debemus
3623 1909 3815 1966 dicen-

2221 1985 2287 2040 tis
2321 2003 2334 2038 :
2368 1983 2468 2051 Qui
2512 1990 2618 2042 vult
2664 1978 2895 2071 anirnam
2939 2008 3089 2072 suam
3133 1996 3333 2073 salvam
3382 1998 3592 2069 facere,
3637 2002 3817 2070 perdet

2218 2090 2333 2129 eam
2362 2093 2379 2130 :
2411 2094 2531 2131 nam
2577 2080 2665 2147 qui
2701 2081 2983 2150 perdiderit
3029 2085 3264 2139 animum
3286 2104 3435 2142 suam
3460 2099 3672 2160 propter
3709 2107 3816 2158 me,

2216 2167 2438 2221 inveniet
2462 2170 2609 2224 illam
2636 2168 2848 2242 (Matth.
2880 2189 2987 2238 xvi,
3021 2173 3133 2244 25).
3168 2177 3505 2234 Perdendum
3551 2194 3685 2250 ergo
3725 2189 3813 2239 est

2220 2255 2452 2313 libenter
2497 2260 2755 2330 quidquid
2804 2262 3073 2335 diligimus
3115 2276 3313 2335 prater
3359 2267 3667 2339 Christum,
3708 2288 3815 2344 pro

2217 2349 2473 2407 Christo:
2505 2353 2613 2408 vita
2645 2355 2877 2425 primum
2922 2371 3027 2426 qua
3069 2373 3267 2437 corpus
3309 2362 3501 2437 ani-mre
3546 2364 3815 2422 societate

2218 2440 2540 2513 vivificatur,
2572 2445 2615 2500 si
2647 2446 2719 2500 ita
2752 2461 2973 2504 necesse
3015 2448 3130 2517 sit,
3174 2434 3274 2520 pro
3311 2434 3529 2508 Christo
3556 2457 3814 2528 martyri-

2217 2534 2462 2590 zantibus
2490 2535 2779 2606 prodatur;
2808 2547 2904 2593 ant
2939 2540 2985 2595 si
3016 2540 3137 2595 talis
3167 2542 3514 2600 beatitudinis
3542 2545 3686 2601 desit
3712 2562 3811 2603 oc-

2215 2623 2384 2692 casio,
2415 2640 2522 2680 non
2561 2635 2740 2681 tamen
2770 2627 3107 2684 voluntatum
3135 2631 3308 2687 deerit
3336 2631 3722 2702 mortiﬁcatio;
3753 2645 3811 2690 ut

2215 2717 2300 2787 qui
2329 2718 2475 2783 vivit,
2508 2733 2611 2772 non
2637 2718 2735 2773 sibi
2774 2720 2940 2788 vivat,
2970 2722 3063 2775 sed
3096 2723 3143 2776 ei
3176 2726 3263 2795 qui
3289 2740 3382 2794 pro
3424 2726 3537 2796 ipso
3573 2737 3810 2782 mortuus

2214 2816 2290 2862 est
2320 2806 2407 2879 (11
2431 2806 2552 2866 Cor.
2577 2824 2629 2877 v,
2654 2808 2762 2882 15).
2785 2810 3038 2869 Vivamus
3063 2828 3192 2883 ergo
3221 2814 3291 2880 ei,
3319 2816 3413 2886 qui
3433 2831 3555 2872 cum
3577 2819 3810 2875 moritur

2218 2916 2317 2970 pro
2361 2901 2554 2972 nobis,
2598 2903 2708 2959 vita
2760 2912 2878 2972 est;
2926 2921 3134 2977 nosque
3175 2908 3332 2965 nobis
3380 2910 3698 2979 moriamur,
3745 2921 3806 2968 nt

2213 2994 2436 3052 Christo
2458 2998 2700 3055 vivamus
2730 3015 2746 3053 :
2777 2999 2828 3055 ei
2857 3001 3000 3057 enim
3027 3003 3208 3059 vivere
3228 3020 3335 3059 non
3365 3020 3673 3076 possumus,
3704 3008 3806 3065 nisi

2215 3086 2372 3141 nobis
2399 3095 2545 3155 ante,
2578 3087 2683 3145 hoc
2707 3098 2809 3157 est,
2842 3092 3040 3148 nostris
3067 3094 3452 3161 voluntatibus,
3483 3099 3803 3155 moriamur.

2213 3177 2411 3235 Christi
2439 3180 2633 3246 simus,
2672 3196 2781 3237 non
2810 3183 2986 3238 nostri
3014 3202 3026 3236 ε
3057 3182 3181 3240 Non
3208 3188 3345 3241 enim
3396 3206 3569 3243 sumus
3596 3193 3764 3245 nostri
3786 3230 3805 3259 ,

2216 3272 2373 3339 empti
2397 3274 2533 3327 enim
2560 3290 2735 3329 sumus
2759 3275 2923 3345 pretio
2950 3291 3141 3347 magno
3171 3276 3224 3350 (Ι
3253 3276 3371 3333 Cor.
3402 3296 3475 3347 γι,
3503 3280 3591 3345 19,
3613 3280 3726 3349 90),
3748 3289 3806 3337 et

2217 3377 2342 3418 vere
2370 3377 2585 3434 magno,
2617 3365 2835 3435 quando
2862 3352 3120 3424 Dominus
3163 3382 3267 3438 pro
3304 3385 3493 3437 servo,
3540 3370 3658 3427 Rex
3701 3356 3811 3443 pro

2216 3453 2481 3522 ministro,
2510 3455 2653 3511 Deus
2680 3470 2779 3527 pro
2808 3456 3026 3514 homine
3052 3457 3227 3514 datur.
3252 3458 3389 3527 Quid
3418 3460 3677 3519 debemus
3700 3479 3804 3521 nos

2213 3547 2470 3615 reddere,
2495 3550 2541 3605 si
2569 3558 2787 3608 creator
2810 3553 3174 3610 universitatis
3201 3554 3478 3615 immerito
3509 3573 3609 3627 pro
3643 3561 3805 3618 nobis

2215 3640 2391 3711 impiis
2433 3642 2704 3713 (creatura
2750 3653 2931 3701 tamen
2974 3648 3094 3718 sua)
3135 3655 3379 3705 mortuus
3408 3652 3533 3706 est?
3564 3650 3803 3711 Putasne

2213 3750 2321 3790 non
2349 3734 2546 3790 debras
2581 3737 2715 3792 mori
2764 3739 3036 3807 peccato?
3081 3748 3230 3795 certe
3275 3740 3462 3796 debes.
3506 3742 3802 3808 Moriamur

2211 3840 2364 3896 ergo,
2386 3827 2681 3883 moriamur
2710 3844 2807 3899 pro
2836 3830 2965 3897 vita,
2997 3830 3124 3900 quia
3153 3831 3263 3886 vita
3284 3834 3511 3887 moritur
3532 3851 3632 3903 pro
3654 3852 3803 3890 moro

2213 3916 2338 3984 tuis,
2364 3916 2428 3971 “ut
2452 3933 2573 3973 cum
2602 3916 2769 3974 Paulo
2821 3920 3002 3975 dicere
3035 3921 3303 3990 possimus
3335 3940 3347 3975 :
3394 3922 3513 3978 Viro
3542 3942 3662 3995 ego,
3681 3927 3801 3997 jam

2209 4027 2310 4065 non
2337 4028 2451 4081 ego,
2484 4012 2600 4065 vivit
2643 4028 2760 4066 vero
2797 4013 2853 4066 in
2898 4028 2977 4067 me
3021 3998 3256 4067 Christus
3283 4014 3427 4081 (Cal.
3457 4031 3523 4081 ll,
3552 4016 3644 4086 20)
3664 4057 3679 4083 ,
3707 4017 3801 4074 ile

2208 4102 2299 4169 qui
2324 4090 2529 4171 prome
2550 4110 2793 4156 mortuus
2812 4108 2894 4155 est
2921 4120 2932 4154 :
2957 4101 3251 4158 electorum
3275 4105 3417 4159 enim
3441 4114 3523 4161 est
3543 4106 3642 4160 ista
3668 4123 3799 4161 vox.

2208 4194 2395 4249 Nullus
2424 4196 2603 4248 autem
2635 4201 2816 4264 potest
2841 4193 3056 4248 sibimet
3094 4194 3263 4261 mori,
3314 4196 3412 4251 nisi
3459 4195 3704 4252 Christus
3738 4197 3797 4251 in

2208 4284 2300 4338 illo
2339 4284 2488 4349 vivat
2533 4301 2546 4336 :
2593 4283 2638 4337 si
2682 4286 2861 4337 antem
2904 4281 3146 4339 Christus
3191 4288 3242 4339 in
3286 4285 3378 4341 illo
3419 4287 3529 4353 sit,
3580 4287 3798 4343 sibimet

2206 4374 2390 4429 vivere
2424 4376 2538 4428 non
2587 4379 2787 4444 potest.
2832 4370 2967 4440 Vive
3018 4371 3071 4428 iu
3127 4372 3384 4442 Christo,
3437 4384 3497 4431 ut
3547 4374 3797 4433 Christus

2204 4466 2256 4520 in
2284 4475 2360 4522 te.
2446 4467 2453 4474 ’

509 4570 571 4614 ut
617 4560 752 4617 iram
798 4560 999 4619 Judicis
1046 4570 1252 4617 tantam
1302 4561 1537 4631 ell‘ugere
1586 4561 1893 4633 possimus?
1936 4579 2095 4634 quam
2130 4586 2181 4647 ι)
2272 4558 2362 4613 Ill.
2390 4558 2498 4614 Sed
2525 4561 2722 4629 quaeris
2750 4562 3025 4632 quomodo
3068 4576 3259 4631 sensus
3296 4561 3443 4617 vivat
3483 4561 3537 4617 in
3578 4563 3705 4627 illo,
3736 4570 3797 4617 ut

508 4653 879 4710 universitatis
908 4663 1125 4717 creator
1150 4655 1292 4729 Deus
1319 4671 1384 4725 ac
1410 4655 1673 4729 Dominus
1700 4664 1885 4712 noster
1912 4670 2011 4726 per
2039 4670 2099 4712 se

2216 4662 2255 4707 te
2293 4650 2490 4707 doceat
2527 4651 2737 4708 tibimet
2777 4654 2915 4708 mori
2962 4663 3018 4709 et
3044 4652 3261 4710 Christo
3301 4654 3524 4717 vivere:
3556 4654 3640 4710 vel
3664 4693 3682 4720 ,
3735 4662 3797 4709 nt

506 4760 576 4801 ac
605 4744 925 4816 Apostolnm
972 4748 1381 4821 prOphetasqqe
1421 4748 1661 4814 minatur
1689 4789 1706 4818 ,
1757 4747 1849 4817 qui
1878 4746 2097 4803 easdem

452 4904 461 4907 ἢ
507 4837 686 4891 minas
714 4852 825 4892 non
850 4844 1030 4892 tacent
1058 4837 1285 4894 dicendo
1311 4857 1323 4891 :
1367 4836 1503 4894 Ecce
1535 4821 1646 4894 dies
1693 4838 1909 4894 Domini
1937 4838 2093 4904 venit,

504 4930 696 4984 ardens
745 4938 802 4984 ut
848 4930 1116 5011 clibanus,
1165 4934 1221 5011 et;
1255 4942 1434 5009 exuret
1488 4930 1575 5003 eos
1601 4949 1620 4987 :
1650 4942 1706 5011 et
1745 4920 1896 4998 erunt
1923 4948 2098 4987 omnes

506 5021 813 5093 alienigena:
829 5031 878 5075 et
907 5010 1083 5076 omnes
1108 5006 1194 5106 qui
1216 5006 1414 5101 faciunt
1433 5006 1775 5105 iniquitatem,
1796 5013 2098 5106 ut'stipula;

504 5122 556 5165 et
580 5110 818 5167 incendet
854 5128 942 5167 eos
990 5112 1100 5166 dies
1140 5102 1246 5169 illa
1288 5128 1401 5191 quin
1446 5102 1584 5191 venit
1609 5152 1625 5179 ,
1680 5111 1806 5164 dicit
1846 5102 2100 5166 Dominus

506 5207 862 5276 omnipotens;
889 5216 1063 5261 etnon
1090 5190 1339 5282 relinquet
1361 5207 1515 5267 radia;
1537 5215 1587 5260 et
1612 5223 1818 5279 germen
1841 5204 2097 5278 (Malach.

480 5312 582 5360 1v,
618 5298 643 5353 1
663 5311 701 5367 ).
732 5298 994 5356 Similiter
1014 5286 1077 5353 et
1097 5288 1395 5353 alius’dicit
1443 5282 1708 5368 propheta
1739 5316 1752 5351 :
1813 5296 1947 5353 Ecce
1965 5299 2103 5355 venit

506 5384 762 5443 Dominus
791 5389 1113 5459 omnipotens
1135 5404 1153 5441 :
1176 5397 1225 5442 et
1248 5389 1359 5458 quis
1384 5388 1657 5453 sustinebit
1687 5388 1822 5455 diem
1851 5384 2099 5465 adventus

506 5478 656 5548 ejus?
675 5478 775 5532 Aut
811 5482 929 5549 quis
956 5468 1276 5551 supportabit
1305 5472 1629 5550 conspectum
1655 5481 1763 5551 ejus
1786 5470 1812 5533 ἲ
1841 5477 1973 5543 Quia
1995 5475 2104 5549 ipse

506 5571 824 5640 ingredietur
846 5580 900 5625 ut
926 5573 1060 5643 ignis
1082 5561 1377 5641 conﬂaton‘i
1406 5570 1671 5642 (Malach.
1706 5578 1783 5637 tu,
1811 5571 1830 5624 i
1847 5612 1863 5639 ,
1884 5561 1961 5640 2)..
1995 5569 2101 5625 Sed

510 5672 566 5721 et
591 5659 755 5716 Isaias
785 5661 918 5718 dicit
958 5682 970 5716 ε
1002 5661 1139 5717 Ecce
1178 5664 1287 5718 dies
1310 5650 1528 5718 Domini
1558 5665 1720 5718 veniet
1750 5648 2057 5716 insanabilis
2087 5702 2102 5727 ,

512 5755 620 5819 dies
643 5754 736 5810 iraa
752 5764 804 5810 et
825 5756 1035 5827 furoris,
1061 5757 1170 5812 dies
1187 5755 1339 5811 nubis
1360 5766 1408 5811 et
1434 5756 1631 5811 nebulw
1653 5755 1908 5826 (Sep/ron.
1931 5771 1966 5823 ι,
1990 5753 2098 5826 15).

510 5840 765 5917 Εῑλμιιίο
793 5859 916 5921 post
946 5870 958 5909 :
1000 5854 1190 5912 Caelum
1218 5856 1352 5911 enim
1376 5856 1644 5925 quatietur,
1689 5862 1736 5909 ct
1770 5861 1909 5908 terra
1941 5867 2102 5909 more-

2200 4742 2380 4799 verius
2409 4743 2699 4800 dicendum
2727 4752 2841 4811 est,
2873 4744 2973 4800 tibi
3001 4746 3187 4803 vivere
3220 4766 3230 4800 :
3266 4746 3358 4817 qui
3385 4747 3530 4808 enim
3563 4747 3797 4804 moritur

2204 4847 2301 4901 pro
2325 4830 2576 4900 Christo,
2618 4832 2736 4904 ipse
2761 4834 2928 4902 vivit;
2974 4844 3030 4891 et
3058 4837 3150 4906 qui
3188 4836 3290 4894 sibi
3328 4838 3499 4904 vivit,
3542 4840 3794 4901 moritur.

2203 4921 2444 4979 Mortalis
2471 4935 2554 4980 est
2596 4925 2740 4981 enim
2765 4966 2781 4993 ,
2830 4927 2879 4981 si
2915 4927 3280 4987 voluntatibus
3318 4932 3429 4995 suis
3476 4930 3607 4997 vivit
3642 4931 3795 5000 juxta

2208 5014 2339 5071 illud
2375 5015 2617 5085 Apostnli
2654 5034 2666 5069 :
2701 5016 2762 5071 Si
2786 5018 2935 5081 enim
2978 5018 3257 5091 secundum
3295 5037 3504 5087 carnem
3544 5022 3793 5096 videritis,

2208 5109 2500 5163 moriemini
2527 5107 2702 5177 (Rom.
2734 5125 2849 5178 vm,
2884 5108 2989 5179 i3).
3022 5109 3229 5170 Videtis
3265 5125 3395 5180 ergo
3420 5151 3435 5177 ,
3467 5113 3792 5184 charissignj,

2207 5200 2332 5270 quia
2383 5200 2435 5252 in
2469 5199 2660 5254 alienis
2698 5201 3005 5257 habitamus
3029 5240 3043 5265 ,
3073 5202 3198 5256 dum
3224 5202 3311 5261 vel
3334 5204 3443 5265 vita
3474 5214 3654 5271 nostra
3688 5220 3793 5265 non

2208 5300 2292 5347 est
2316 5300 2532 5347 nostra:
2563 5300 2618 5346 et
2645 5308 2751 5346 non
2781 5293 2938 5348 nobis
2966 5293 3150 5348 vivere
3179 5294 3466 5360 debemus;
3491 5304 3547 5350 et
3579 5296 3793 5364 grandis

2207 5385 2460 5440 violentia
2490 5393 2591 5451 est,
2623 5402 2718 5455 per
2745 5386 2985 5441 laborem
3029 5402 3303 5455 quaerere,
3335 5398 3390 5457 et
3420 5404 3517 5458 per
3558 5388 3791 5449 studium

2206 5476 2435 5543 habere,
2466 5479 2609 5548 quod
2640 5488 2829 5533 natura
2854 5480 3039 5535 vitiata
3081 5496 3189 5535 non
3225 5496 3543 5546 servaverit.
3572 5481 3678 5543 Sed
3707 5488 3791 5536 ta-

2207 5585 2328 5623 men
2374 5570 2579 5645 arbitrii
2620 5570 2974 5637 electionem,
3028 5571 3225 5626 amissa
3270 5571 3395 5626 licet
3432 5570 3787 5636 beatitudine,
3860 5560 3869 5565 ’

2205 5677 2313 5715 non
2341 5662 2536 5717 amisit.
2569 5662 2697 5716 Iule
2724 5677 2867 5716 nunc
2888 5677 2983 5733 per
3008 5662 3113 5716 vim
3146 5671 3202 5717 et
3227 5662 3536 5718 violentiam
3567 5677 3786 5731 regnum

2202 5754 2439 5824 rapimus
2466 5753 2724 5809 caelorum
2744 5792 2758 5818 ,
2789 5762 2846 5808 et
2871 5751 3004 5808 illud
3035 5752 3433 5825 quodannnodo
3460 5754 3618 5825 quasi
3647 5753 3788 5812 inter

2203 5848 2402 5907 medias
2430 5848 2664 5906 hostium
2692 5862 2881 5905 manus
2905 5862 2934 5905 e
2963 5847 3142 5907 medio
3166 5851 3352 5920 agonis
3377 5864 3592 5922 campo,
3617 5856 3671 5905 et
3689 5861 3785 5905 seu
