4052 6332
269 343 386 403 με)

1185 334 1730 396 ΙΧΞΪΒυΟΤΙΟΝΕΞ
1768 332 2004 391 γΑιιιΑς
2044 330 2201 390 εκεῖ
2240 330 2626 389 SERMONES.

3456 332 3563 393 250

273 459 589 520 certaminis
616 458 912 528 sanguineo
961 456 1114 526 solo,
1166 455 1554 520 abstrahimur,
1586 453 1713 508 dum
1754 467 1863 507 non
1891 454 1942 513 Α
1968 466 2117 517 mus;
2149 450 2292 521 quod
2323 451 2478 507 nobis
2519 451 2661 507 Deus
2700 449 2944 507 Christus
2974 438 3231 521 praestare
3281 449 3555 525 dignetur,

273 553 451 608 solum
482 550 549 606 ab
578 548 919 616 adversariis,
948 548 1043 604 sed
1072 565 1101 603 a
1133 548 1287 603 nobis
1317 548 1445 617 ipsis
1472 545 1657 601 durius
1685 546 1863 615 impu-

275 657 509 712 gnantur
553 641 678 696 dum
721 640 1087 710 unusquisque
1129 639 1269 693 male
1296 639 1531 709 seipsum
1562 636 1734 706 diligit
1763 679 1779 704 ,
1812 645 1870 691 et

280 737 334 788 in
364 749 431 789 eo
450 747 561 804 quo
589 730 781 802 diligit,
830 731 1068 800 seipsum
1100 739 1261 786 nocet
1292 748 1305 783 :
1336 729 1426 793 ille
1462 729 1602 783 enim
1626 728 1765 783 bene
1786 726 1869 781 di-

280 825 433 895 ligit,
474 826 565 896 qui
591 826 825 896 seipsum
866 823 1154 879 salubriter
1192 823 1339 889 odit,
1370 823 1478 879 hoc
1506 831 1607 887 est,
1643 820 1866 889 afﬂigit;

279 921 377 989 qui
405 934 536 975 vero
560 918 674 984 suis
702 916 1021 972 adversariis
1041 917 1329 982 consentit,
1361 906 1646 971 non'recte
1666 928 1725 967 se
1747 911 1869 965 dili-

281 1027 411 1081 gere
438 1011 653 1067 dicitur.
683 1009 911 1067 Grandis
939 1024 1069 1078 ergo
1104 1010 1318 1065 miseria
1347 1017 1457 1074 est,
1498 1007 1591 1078 qui
1630 1006 1869 1075 seipsum

282 1094 489 1156 nocens
517 1116 624 1155 non
655 1101 840 1156 sentit.
872 1098 1007 1171 Cum
1037 1100 1181 1155 enim
1223 1100 1339 1170 ipse
1386 1099 1488 1153 sibi
1528 1088 1694 1153 homo
1740 1112 1870 1152 con-

283 1191 485 1245 trarius
514 1199 632 1254 est,
665 1205 774 1256 non
816 1199 896 1245 est
937 1191 1176 1245 omnium
1221 1189 1301 1245 sic
1348 1188 1496 1243 illum
1549 1202 1780 1258 pacare,
1811 1194 1871 1241 ut

281 1296 414 1338 vere
442 1284 531 1353 qui
563 1283 796 1354 selpsum
845 1281 1049 1351 diligat.
1122 1280 1469 1351 Pugnundum
1500 1294 1628 1359 ergo
1658 1279 1745 1334 hic
1787 1285 1871 1343 est

281 1385 339 1430 ει
361 1374 677 1430 certandum
706 1389 827 1429 cum
855 1374 999 1429 vitiis
1021 1373 1246 1436 nostris,
1281 1382 1341 1427 ut
1368 1371 1493 1426 alibi
1517 1385 1859 1433 coronemur.

280 1464 522 1535 Tempus
543 1465 685 1520 enim
710 1465 831 1529 hoc,
860 1473 1070 1534 tempus
1095 1464 1221 1519 belli
1244 1471 1360 1527 est;
1393 1462 1517 1517 ideo
1541 1461 1683 1517 enim
1707 1476 1869 1517 nemo

280 1564 437 1626 putet
484 1556 825 1611 securitatem
873 1554 926 1609 in
970 1554 1153 1620 bello,
1198 1555 1323 1625 quia
1368 1554 1548 1608 nullus
1588 1555 1785 1607 dormit
1814 1552 1866 1609 in

279 1649 447 1713 bello,
466 1659 519 1704 et
540 1648 716 1702 nullus
735 1663 955 1704 securus
978 1647 1274 1717 ingreditur
1292 1647 1485 1703 aciem.
1510 1647 1667 1701 Acies
1688 1647 1868 1716 itaque

280 1740 443 1795 nobis
471 1739 748 1808 dirigenda
775 1748 857 1795 est
882 1748 1072 1794 contra
1102 1754 1263 1795 omne
1282 1739 1557 1806 vitiosum,
1584 1738 1867 1810 voluptuo-

1969 543 2065 611 qui
2102 557 2224 597 cum
2254 541 2414 597 Patre
2442 558 2656 614 semper
2698 550 2753 597 et
2796 542 3003 613 Spiritu
3051 550 3239 599 sancto
3293 549 3379 599 est
3427 556 3567 601 unus

1971 620 2112 689 Deus
2142 634 2195 687 in
2220 634 2414 702 saecula
2441 634 2787 690 saeculorum.
2819 635 3011 689 Amen.

2484 725 2592 781 INS
2607 723 2893 781 [RUCTIO
2937 724 3031 780 XI.

2338 815 2414 871 De
2442 817 2716 872 dilectione
2743 817 2839 872 Dei
2870 826 2921 872 et
2950 820 3194 888 proximi.

2043 909 2085 978 l.
2120 908 2334 981 Moyses
2378 909 2431 962 in
2480 911 2599 977 lege
2641 909 2901 979 scripsit:
2940 908 3091 965 Fecit
3118 910 3261 965 Deus
3302 913 3563 968 hominem

1971 1003 2041 1056 ad
2063 1003 2339 1073 imaginem
2368 1009 2419 1055 et
2442 1000 2835 1055 similitudinem
2861 1018 3010 1055 suam
3040 1001 3195 1072 (Gen.
3221 1018 3260 1067 ι,
3280 1002 3395 1074 26).
3418 1003 3563 1059 Con-

1971 1095 2222 1160 siderate,
2250 1108 2466 1164 quasso,
2501 1091 2629 1147 dicti
2659 1092 2819 1162 hujus
2847 1092 3184 1162 dignitatem.
3214 1092 3358 1149 Deus
3387 1094 3565 1149 omni-

1970 1195 2184 1261 potens,
2208 1186 2509 1253 invisibilis,
2555 1185 3130 1256 incomprehensibilis,
3167 1185 3561 1250 inenarrabilis,

1972 1266 2387 1346 inaestimabilis,
2442 1278 2511 1334 de
2557 1278 2688 1334 limo
2717 1278 2991 1333 hominem
3030 1275 3273 1347 ﬁngens,
3315 1277 3565 1347 imaginis

1970 1388 2082 1429 suae
2127 1372 2388 1441 dignitate
2436 1370 2762 1425 nobilitavit.
2814 1367 2953 1436 Quid
3000 1368 3205 1424 homini
3252 1367 3320 1424 ad
3351 1368 3564 1425 Deum?

1972 1464 2111 1531 Quid
2138 1464 2329 1519 limoso
2358 1460 2543 1536 [Forte
2564 1458 2742 1532 limo],
2770 1469 2826 1515 et
2844 1458 3101 1529 spiritui?
3128 1456 3269 1513 Deus
3290 1458 3434 1515 enim
3456 1461 3566 1527 spi-

1970 1558 2102 1611 ritus
2130 1562 2207 1610 est
2236 1553 2415 1627 (Joan.
2445 1569 2519 1619 tv,
2542 1551 2658 1623 24).
2687 1550 2921 1607 Grandis
2954 1550 3223 1620 dignatio,
3253 1550 3400 1619 quod
3419 1549 3566 1605 Deus

1944 1622 2079 1702 .sua:
2119 1644 2434 1701 aeternitatis
2456 1644 2765 1714 imaginem,
2795 1652 2851 1698 et
2879 1658 3091 1699 morum
3118 1656 3340 1697 suorum
3370 1641 3563 1697 simili-

1973 1737 2212 1792 tudinem
2242 1735 2447 1792 homini
2476 1734 2718 1790 donavit.
2750 1733 2940 1803 Magna
2969 1733 3202 1803 dignitas
3230 1732 3435 1788 homini
3464 1731 3565 1789 Dei

278 1846 428 1899 sum,
459 1830 596 1885 male
623 1830 894 1885 blandum.
929 1829 1138 1885 Suﬂicit
1174 1838 1355 1886 autem
1395 1830 1753 1900 pugnantibus
1782 1830 1869 1884 ad-
1896 1826 1947 1888 B
1972 1828 2263 1884 similitudo
2282 1866 2297 1892 ,
2330 1828 2374 1883 si
2404 1835 2787 1893 conservetur;
2818 1825 2912 1881 sed
2941 1826 3159 1896 grandis
3187 1825 3382 1879 iterum
3410 1824 3565 1879 dam-

278 1921 553 1976 versarios
571 1920 787 1989 vincere
812 1939 823 1976 :
857 1922 901 1977 si
926 1923 1154 1993 teipsum
1176 1922 1396 1989 viceris,
1431 1923 1672 1977 omnium
1698 1924 1871 1979 vietor

277 2026 375 2076 es;
408 2011 455 2065 si
486 2026 614 2065 vero
647 2012 723 2066 tui
749 2012 923 2067 victor
942 2013 1191 2082 proprius
1216 2020 1300 2067 est
1329 2012 1421 2067 tibi
1452 2023 1718 2078 mortuus,
1756 2013 1868 2070 Deo

277 2103 437 2157 vivus
466 2105 864 2173 comprobaris;
908 2106 1123 2175 quando
1152 2115 1331 2161 autem
1375 2115 1651 2162 mortuum
1691 2107 1864 2174 audis,

277 2211 389 2266 qua
437 2195 665 2251 audacia
714 2196 1007 2253 intraturus
1054 2199 1119 2252 ad
1164 2198 1426 2268 judicium
1473 2197 1706 2267 Christi,
1757 2216 1868 2255 suze

277 2302 462 2343 causa:
489 2288 809 2344 advocatum
856 2298 911 2345 et
939 2291 1022 2345 sui
1061 2289 1313 2346 desiderii
1358 2300 1727 2362 suggestorem
1754 2335 1771 2362 ,
1814 2301 1870 2349 et

276 2377 365 2433 sui
410 2385 753 2448 contemptus
802 2380 1069 2444 ultorem,
1120 2369 1482 2452 unusquisque
1516 2398 1615 2453 pro
1652 2382 1869 2440 Christo

275 2469 640 2540 martyrizans
686 2484 747 2525 se
793 2463 967 2539 ips'um
1006 2470 1153 2526 facit.
1211 2458 1287 2527 Si‘
1318 2472 1461 2543 enim
1501 2488 1629 2528 vere
1668 2472 1868 2528 Christi

276 2576 499 2635 crucem
541 2562 932 2632 assumpsisset,
966 2563 1097 2617 nihil
1129 2564 1177 2618 ei
1208 2564 1401 2631 borum
1429 2564 1592 2619 licere
1621 2564 1868 2620 animad-

279 2661 541 2718 verteret,
570 2654 697 2723 quia
726 2662 780 2708 et
807 2652 1051 2721 Christus
1082 2655 1137 2709 in
1169 2654 1273 2711 hoc
1294 2657 1596 2726 exemplum
1618 2657 1787 2725 dedit,
1811 2667 1870 2712 ut

278 2744 463 2799 nullus
492 2745 636 2815 quod
666 2760 819 2801 suum
862 2756 945 2801 est
983 2755 1220 2815 quierat,
1274 2746 1502 2802 dicendo
1529 2767 1541 2801 :
1570 2747 1694 2821 Non
1738 2750 1869 2803 sicut

277 2855 376 2909 ego
406 2838 539 2904 volo,
569 2838 659 2893 sed
678 2839 808 2893 sicut
849 2849 900 2892 tu
935 2840 1008 2893 eis
1035 2837 1248 2903 (Matth.
1282 2856 1425 2904 xxu,
1459 2841 1573 2912 59),
1606 2849 1660 2895 et
1690 2858 1703 2894 :
1738 2839 1871 2895 Des-

276 2932 431 2986 ceudi
457 2950 559 2987 non
587 2943 642 2986 ut
669 2933 858 3005 faciam
892 2934 1203 2988 roluutalem
1224 2952 1390 2990 meum
1409 2979 1425 3005 ,
1449 2937 1539 2991 sed
1559 2938 1871 2996 voluntatem

276 3024 392 3095 ejus
420 3026 506 3096 qui
536 3024 673 3078 misit
699 3041 779 3079 me
806 3024 983 3096 (Joan.
1014 3042 1084 3090 νι,
1115 3025 1226 3097 '58).

356 3115 443 3172 IV.
477 3116 548 3173 Se
580 3119 943 3189 unusquisque
982 3118 1324 3183 consideret,
1358 3134 1426 3174 ne
1470 3118 1605 3175 liber
1632 3130 1688 3177 et
1715 3122 1870 3179 vivus

1975 1923 2147 1989 natio,
2179 1921 2273 1976 Dei
2296 1921 2542 1990 imaginis
2566 1918 2806 1975 violatio.
2835 1919 2990 1986 Quod
3013 1920 3156 1974 enim
3178 1918 3344 1973 homo
3364 1916 3565 1987 accipit

1972 2015 2040 2071 de
2069 2014 2195 2069 ﬂatu
2223 2015 2339 2083 Dei,
2380 2015 2423 2069 si
2458 2014 2513 2069 in
2543 2014 2871 2069 contrarium
2900 2013 3276 2084 depravaverit
3301 2028 3476 2081 usum,
3508 2020 3565 2068 et

1969 2108 2289 2165 beneficium
2338 2117 2543 2163 natura:
2581 2107 3063 2172 contaminaverit;
3098 2115 3225 2162 tunc
3249 2106 3346 2161 Dei
3373 2105 3564 2161 simili-

1973 2200 2212 2256 tudinem
2263 2200 2578 2271 corrumpit,
2621 2211 2678 2255 ct
2721 2206 2977 2268 quantum
3017 2199 3069 2254 in
3096 2214 3155 2254 se
3182 2207 3266 2254 est
3301 2197 3448 2254 delet
3474 2215 3489 2251 :
3516 2197 3564 2253 si

1973 2300 2151 2347 autem
2183 2292 2374 2346 animm
2406 2291 2577 2347 insitis
2600 2290 2887 2346 virtutibus
2908 2305 3036 2345 usus
3067 2288 3229 2345 fuerit
3255 2290 3308 2344 in
3330 2298 3561 2355 rectum,

1971 2391 2098 2439 tunc
2128 2383 2239 2439 Deo
2262 2382 2366 2438 erit
2390 2381 2597 2437 similis.
2631 2380 2989 2450 Quaseunque
3014 2395 3144 2450 ergo
3166 2379 3307 2435 Deus
3327 2379 3380 2435 in
3407 2379 3563 2436 nobis

1972 2475 2025 2530 in
2056 2475 2231 2545 prima
2263 2484 2448 2529 nostra
2477 2473 2790 2529 conditione
2818 2473 3046 2527 virtutes
3075 2469 3391 2538 seminavit,
3418 2470 3562 2539 ipsas

1971 2568 2020 2622 ei
2052 2566 2274 2621 reddere
2320 2582 2418 2621 nos
2464 2565 2745 2635 praeceptis
2788 2563 2993 2619 docuit.
3027 2563 3140 2617 lloc
3168 2560 3509 2633 estprimum
3545 2580 3560 2614 :

1970 2661 2201 2733 Diligere
2222 2678 2286 2715 ex
2308 2668 2414 2715 toto
2437 2659 2589 2713 corde
2612 2656 2776 2712 Deum
2796 2666 3028 2711 nostrum
3064 2654 3431 2731 (Matt/nun,
3456 2653 3561 2718 '57;

1974 2754 2144 2808 Marc.
2180 2769 2269 2815 xu,
2303 2752 2413 2819 '50),
2445 2752 2564 2823 quia
2592 2749 2701 2821 ipse
2727 2750 2870 2819 prior
2892 2747 3074 2801 dilexit
3107 2762 3197 2800 nos
3230 2744 3278 2817 (l
3303 2743 3461 2799 Jouu.
3484 2758 3561 2810 ιγ,
3610 2738 3615 2739 7

1975 2846 2061 2917 10)
2092 2846 2159 2900 ab
2188 2845 2341 2899 initio
2367 2854 2423 2899 et
2448 2851 2738 2912 antequam
2761 2856 3018 2896 essemus.
3045 2840 3138 2895 Dei
3157 2839 3301 2894 enim
3322 2837 3560 2904 dilectio,

1975 2936 2222 3008 imaginis
2251 2936 2367 3005 ejus
2396 2932 2696 2989 renovatio.
2725 2931 2894 2987 Deum
2927 2940 3105 2986 autem
3127 2929 3303 2999 diligit
3328 2928 3420 2999 qui
3441 2927 3561 2996 ejus

1974 3030 2228 3084 mandata
2259 3026 2528 3094 custodit;
2560 3026 2697 3081 dixit
2723 3026 2866 3081 enim
2901 3042 2913 3077 :
2948 3023 3008 3080 Si
3036 3013 3265 3095 diligitis.
3283 3040 3384 3090 me,
3408 3039 3559 3075 man-

1974 3122 2099 3177 data
2128 3139 2241 3176 mea
2264 3130 2460 3178 servate
2486 3120 2661 3193 (Joan.
2691 3137 2798 3187 xxv,
2833 3118 2945 3190 i5);
2978 3120 3083 3175 hoc
3122 3127 3205 3174 est
3249 3117 3558 3174 mandatum

278 3210 336 3265 in
365 3210 486 3267 loco
513 3212 654 3267 servi
686 3222 740 3266 et
766 3213 1009 3268 crucilixi
1041 3212 1376 3279 inveniatur;
1415 3221 1471 3268 et
1498 3215 1868 3286 unusquisque
1896 3192 1943 3257 Ο
1974 3214 2110 3283 ejus,
2142 3213 2362 3267 dilectio
2390 3192 2639 3276 invicem,
2666 3211 2817 3280 juxta
2848 3209 2979 3264 illud
3014 3227 3026 3263 :
3061 3208 3177 3264 Hoc
3216 3217 3294 3262 est
3332 3207 3558 3262 manda-
3620 3286 3623 3291 Ι

277 3303 338 3358 in
368 3318 476 3373 quo
507 3313 729 3360 vocatus
758 3312 859 3368 est,
881 3305 946 3359 in
978 3320 1044 3359 «ιο
1074 3314 1390 3374 permaneat
1418 3305 1562 3378 apud
1595 3306 1781 3374 Deum,
1814 3316 1870 3363 et

276 3394 422 3449 sicut
448 3393 736 3469 Apostolus
756 3394 893 3451 dixit
916 3414 930 3450 :
954 3396 1072 3450 Sive
1094 3395 1239 3462 liber,
1263 3396 1366 3450 sive
1388 3397 1643 3468 subjectus
1668 3398 1722 3471 (1
1742 3398 1864 3455 Cor.

276 3503 378 3553 xu,
414 3476 509 3557 15)
532 3488 629 3543 sub
666 3488 796 3557 jugo
838 3487 1171 3553 humilitatis,
1213 3489 1366 3557 quasi
1393 3490 1534 3545 servi
1567 3491 1617 3545 in
1645 3490 1863 3548 Christo

276 3579 408 3636 sint.
426 3577 623 3635 Contra
648 3596 705 3635 se
726 3595 854 3649 ergo
876 3580 1241 3651 unusquisque
1261 3592 1522 3650 nostrum,
1542 3582 1859 3653 eharissimi,

275 3670 465 3725 veniat
490 3689 504 3725 :
532 3688 653 3726 nam
684 3673 728 3727 si
759 3689 866 3747 non
906 3681 1093 3727 contra
1125 3675 1515 3745 nosmetipsos,
1543 3675 1640 3731 sed
1672 3686 1862 3731 contra

275 3766 478 3822 fratres
505 3769 778 3833 vivamus,
810 3777 865 3823 et
893 3768 936 3825 si
985 3769 1267 3839 loquamur
1311 3780 1371 3826 ut
1416 3771 1583 3838 libet,
1633 3789 1741 3828 non
1782 3783 1865 3829 est

276 3873 433 3925 vera,
465 3860 559 3915 sed
590 3860 718 3915 falsa
749 3862 936 3931 religio
967 3873 1170 3921 nostra.
1225 3864 1364 3920 Nihil
1413 3865 1594 3937 itaque
1636 3867 1861 3922 liberum

278 3951 339 4006 in
368 3953 538 4007 servis
567 3951 762 4009 Christi
788 3970 906 4009 esse
935 3955 1115 4028 debet,
1148 3964 1203 4013 et
1229 3956 1358 4013 nihil
1388 3957 1554 4011 altum
1579 3958 1630 4011 in
1663 3957 1861 4014 Chrisi

275 4057 402 4099 esse
433 4042 727 4099 humilitate
755 4053 989 4115 oportet.
1012 4046 1127 4101 Non
1150 4047 1315 4102 simus
1343 4062 1471 4118 ergo
1495 4043 1731 4118 sup'erbi,
1756 4067 1864 4106 non

275 4132 448 4188 simus
474 4135 730 4204 protervi,
757 4153 863 4190 non
894 4136 1076 4204 liberi;
1107 4137 1200 4191 sed
1232 4139 1397 4193 simus
1419 4139 1665 4207 humiles,
1692 4141 1862 4207 lenes,

275 4221 542 4290 aﬂ'abiles,
571 4240 905 4293 communes,
932 4237 990 4282 ut
1015 4228 1128 4283 Rex
1151 4230 1389 4295 humilis,
1418 4231 1554 4287 alius
1585 4242 1783 4299 tamen,
1810 4234 1863 4289 in

275 4317 438 4372 nobis
461 4316 701 4374 Christus
729 4329 929 4388 regnet.
960 4319 1065 4376 Sed
1098 4331 1156 4376 ut
1179 4322 1317 4377 hanc
1337 4324 1605 4380 salubrem
1635 4335 1863 4381 mortem

277 4408 516 4479 quadam
544 4410 658 4480 spei
690 4412 955 4466 suavitate
979 4411 1298 4481 diligamus,
1330 4412 1487 4468 linem
1515 4421 1631 4482 ejus
1673 4415 1861 4470 audia-

276 4516 422 4556 mus.
480 4500 609 4567 Quis
636 4502 778 4557 enim
809 4517 996 4557 revera
1038 4501 1246 4558 felicior
1272 4514 1355 4559 est
1393 4505 1483 4560 illo
1525 4505 1678 4575 cujus
1719 4524 1865 4563 mors

1974 3317 2079 3362 tum
2105 3324 2307 3372 meum,
2357 3316 2413 3360 ut
2456 3306 2687 3378 diligatis
2727 3305 2981 3370 invicem,
3025 3306 3155 3358 sicut
3186 3312 3236 3358 et
3262 3319 3356 3374 ego
3396 3302 3558 3356 dilexi

1970 3418 2055 3455 ros
2086 3399 2266 3469 (Joan.
2300 3415 2412 3464 xm,
2445 3396 2559 3466 54).
2606 3397 2833 3452 Dilectio
2877 3405 3057 3451 autem
3089 3410 3215 3449 vera
3263 3410 3366 3451 non
3408 3392 3557 3447 verba

1956 3482 2049 3548 est
2091 3501 2335 3557 tantum,
2384 3491 2475 3560 sed
2504 3506 2657 3561 opere
2683 3499 2732 3543 et
2760 3489 2971 3543 veritate
3000 3487 3052 3559 (Ι
3092 3487 3254 3542 Joan.
3296 3501 3393 3551 ιιι,
3441 3482 3555 3556 28).

1968 3585 2279 3641 Ileddantus
2308 3587 2493 3655 itaque
2543 3583 2655 3640 Deo
2701 3591 2889 3638 nostro
2912 3620 2927 3645 ,
2964 3580 3125 3635 Patri
3156 3587 3372 3642 nostro,
3402 3590 3556 3631 suam

1968 3684 2252 3753 imaginem
2281 3682 2591 3736 inviolatam
2620 3680 2671 3735 in
2699 3680 3001 3743 sanctitate,
3028 3676 3156 3746 quia
3191 3675 3282 3729 ille
3327 3680 3549 3729 sanctus

1967 3786 2070 3845 est,
2094 3775 2247 3845 juxta
2281 3774 2410 3828 illud
2436 3790 2452 3831 :
2486 3773 2670 3828 Sancti
2699 3780 2893 3834 estote,
2926 3770 3045 3839 quia
3080 3784 3172 3838 ego
3201 3774 3410 3820 sanctus
3440 3779 3554 3817 sum

1967 3867 2111 3935 (Lev.
2146 3883 2219 3933 xi,
2246 3864 2350 3931 44;
2385 3864 2413 3918 ι
2444 3863 2591 3918 Petr.
2624 3861 2788 3933 ι,”16)
2823 3879 2836 3914 :
2871 3861 2924 3915 in
2954 3859 3237 3922 charitate,
3270 3856 3396 3925 quia
3419 3854 3554 3910 cha-

1966 3957 2097 4012 ritas
2150 3964 2250 4020 est,
2291 3955 2443 4023 juxta
2498 3952 2625 4008 illud
2686 3947 3123 4006 Joannis:Dcus
3183 3947 3411 4001 clmri'as
3478 3952 3555 4000 est

1968 4048 2020 4122 (ι
2050 4048 2209 4104 Joan.
2244 4064 2311 4113 tv,
2343 4048 2397 4118 8)
2435 4065 2448 4101 ι
2482 4048 2533 4102 in
2564 4046 2768 4118 pietate
2797 4045 3123 4113 et.veritate,
3154 4042 3280 4113 quia
3316 4041 3406 4096 ille
3432 4040 3553 4111 pius

1966 4153 2022 4198 et
2054 4156 2212 4196 verax
2235 4149 2333 4195 85L

2035 4236 2101 4291 Il.
2132 4235 2209 4290 Ne
2254 4235 2421 4289 simus
2449 4232 2635 4287 aliena:
2664 4232 2909 4302 imaginis
2938 4231 3175 4303 pictores
3210 4248 3224 4283 :
3257 4226 3552 4301 tyrannicas

1967 4328 2110 4383 enim
2139 4326 2382 4395 imaginis
2413 4325 2587 4395 pietor
2611 4332 2711 4388 est,
2739 4324 2830 4392 q'ui
2853 4324 2997 4377 ferus
3017 4330 3119 4385 est,
3144 4320 3235 4391 qui
3264 4316 3553 4374 iracundus

1952 4420 2068 4485 est,
2097 4421 2187 4491 qui
2231 4420 2492 4489 superbus
2519 4427 2621 4473 est.
2660 4417 2812 4472 Sicut
2838 4417 2981 4471 enim
3013 4413 3140 4470 falsa
3171 4403 3394 4468 scientia
3421 4411 3553 4479 legi-

1970 4521 2086 4579 tur,
2116 4512 2193 4567 sic
2238 4510 2369 4565 falsa
2400 4510 2558 4564 etiam
2604 4510 2780 4577 imago
2822 4507 3063 4561 umbrata
3115 4502 3551 4575 deprehenditur.

274 4596 390 4650 vita
418 4606 516 4662 est,
544 4598 698 4665 cujus
723 4598 829 4651 vita
860 4596 1104 4653 Christus
1133 4606 1247 4663 est,
1278 4606 1333 4653 et
1371 4598 1621 4653 Salvator
1658 4614 1865 4654 merces
1896 4582 1945 4640 ί)
1971 4605 2147 4659 Divisa
2177 4611 2258 4658 est
2286 4603 2430 4657 enim
2464 4601 2660 4655 veritas
2688 4616 2718 4653 a
2746 4598 2998 4663 falsitate,
3024 4595 3229 4664 ju-titia
3258 4595 3325 4649 ab
3360 4593 3551 4663 iniqui-

276 4694 398 4750 est;
432 4686 513 4739 cui
545 4686 737 4740 malum
767 4686 1078 4739 humiliatur
1120 4694 1175 4741 et
1221 4686 1502 4755 paradisus
1548 4694 1729 4757 patet;
1776 4688 1862 4743 cui

276 4786 425 4830 terra
455 4776 713 4843 caelestis,
745 4786 798 4830 et
830 4775 1067 4831 infernus
1096 4776 1275 4831 clusus
1296 4785 1405 4842 est;
1432 4777 1516 4832 cui
1539 4777 1706 4847 janua
1735 4794 1865 4848 ape-

274 4865 418 4921 ritur
444 4873 498 4920 et
525 4868 631 4920 vita
660 4884 766 4922 ιιι-ιι
796 4867 1010 4934 linitur;
1042 4871 1123 4923 cui
1157 4868 1298 4923 Deus
1339 4867 1529 4937 Pater,
1560 4878 1615 4924 et
1641 4870 1864 4939 angelus

275 4957 555 5023 minister;
585 4958 676 5028 qui
707 4958 773 5013 de
801 4959 949 5014 brevi
978 4961 1194 5029 longum
1220 5002 1234 5025 ,
1268 4960 1335 5016 de
1384 4960 1579 5017 misero
1622 4962 1859 5027 beatum,

274 5048 351 5103 de
379 5048 580 5104 caduco
605 5057 886 5115 mternum,
910 5050 977 5106 de
1000 5051 1134 5105 tristi
1164 5052 1361 5115 Letum,
1389 5051 1454 5107 de
1476 5053 1659 5107 humili
1684 5052 1863 5109 excel-

275 5155 422 5202 sum,
459 5140 527 5195 de
556 5148 700 5195 terra
732 5143 946 5208 cmlum,
974 5143 1041 5198 de
1070 5145 1282 5199 mortali
1313 5144 1504 5213 Deum,
1534 5146 1675 5201 felici
1706 5162 1861 5201 com-

274 5232 485 5287 mercio
514 5235 780 5304 acquirit?
807 5234 862 5289 Si
892 5236 1072 5305 itaque
1109 5238 1389 5306 praesentia
1425 5236 1781 5307 despiciemus
1810 5246 1864 5293 et

273 5324 461 5379 futura
508 5325 845 5381 solummodo
896 5342 1239 5397 quzeramus,
1296 5329 1409 5387 haec
1460 5329 1640 5383 omnia
1701 5344 1862 5399 supra

273 5415 425 5472 dicta
474 5416 527 5471 in
576 5417 768 5473 melius
797 5429 1210 5485 commutamus.
1252 5421 1355 5475 Sed
1398 5422 1441 5475 si
1492 5422 1656 5493 (quod
1702 5423 1861 5494 absit)

273 5508 492 5579 potiora
517 5509 855 5565 inferioribus
877 5518 1284 5581 postponamus,
1309 5521 1535 5581 utraque
1560 5514 1675 5569 sine
1699 5514 1860 5568 dubio

273 5600 591 5672 perdemus.
623 5602 983 5669 Quamobrem
1024 5606 1067 5660 si
1106 5621 1228 5660 cum
1273 5603 1398 5660 Jesu
1450 5606 1611 5659 vitam
1653 5622 1862 5675 quzcra-

269 5706 423 5761 mus,
450 5700 477 5730 ⁸
508 5701 568 5748 ιιι
595 5695 1060 5755 mortificationem
1086 5695 1201 5765 ejus
1231 5704 1356 5750 ante
1381 5696 1435 5750 in
1471 5696 1624 5751 nobis
1658 5696 1860 5751 habea-

1974 4704 2103 4760 tate,
2150 4694 2385 4749 charitas
2412 4708 2442 4745 a
2472 4691 2804 4758 malignitate
2828 4730 2842 4755 ,
2874 4689 3150 4758 diligentia
3179 4705 3207 4742 a
3238 4688 3549 4752 securitate,

1970 4790 2193 4861 aequitas
2222 4804 2251 4842 a
2279 4787 2542 4858 pravitate
2562 4826 2576 4848 ,
2604 4785 2819 4839 dilectio
2848 4799 2877 4837 a
2906 4782 3250 4837 simulatione
3280 4799 3292 4834 :
3322 4789 3377 4836 et
3408 4789 3550 4834 utra-

1971 4898 2076 4951 que
2105 4879 2363 4949 imagines
2383 4875 2640 4947 quasdam
2666 4870 2716 4929 in
2742 4875 2894 4929 nobis
2923 4875 3166 4945 pingunt,
3190 4872 3291 4929 sibi
3319 4870 3549 4927 invicem

1970 4972 2291 5027 Contrarias.
2322 4968 2499 5025 Pietas
2526 4968 2669 5023 enim
2699 4977 2753 5023 et
2781 4967 3046 5037 impietas,
3091 4982 3196 5036 pax
3243 4974 3299 5019 et
3342 4963 3549 5019 discor-

1968 5062 2055 5116 dia
2086 5060 2355 5117 contraria
2387 5060 2485 5114 sibi
2516 5068 2659 5114 sunt.
2702 5058 2779 5112 Ne
2808 5060 2944 5111 forte
2977 5058 3154 5125 itaque
3186 5054 3338 5109 nobis
3370 5062 3549 5125 tyran-

1970 5154 2117 5207 nicas
2144 5151 2546 5206 introducamus
2576 5150 2853 5218 imagines,
2878 5147 3121 5202 Christus
3150 5147 3202 5202 in
3232 5147 3386 5201 nobis
3425 5146 3549 5215 pin-

1966 5254 2057 5312 gat
2108 5258 2260 5297 suam
2306 5242 2590 5309 imaginem
2618 5282 2633 5306 ,
2688 5241 2777 5308 qui
2827 5240 2997 5308 pinxit
3049 5238 3275 5293 dicendo
3306 5256 3319 5290 :
3351 5236 3547 5291 Pacem

1966 5350 2131 5387 meam
2161 5333 2226 5386 do
2255 5333 2414 5399 vobis,
2436 5349 2614 5402 pacem
2633 5349 2796 5385 meum
2820 5333 3049 5403 relinquo
3071 5331 3207 5384 vobis
3234 5328 3411 5401 (Joan.
3438 5346 3546 5395 xlv,

1966 5424 2080 5496 27).
2123 5424 2228 5479 Sed
2258 5425 2384 5493 quid
2426 5425 2645 5495 prodest
2671 5426 2815 5495 quod
2862 5426 3058 5480 scimus
3087 5424 3212 5491 quia
3256 5439 3359 5493 pax
3406 5412 3547 5481 bona

1936 5527 2086 5583 'est,
2136 5517 2181 5572 si
2229 5533 2337 5572 non
2385 5518 2523 5573 bene
2569 5520 2851 5573 servetur?
2895 5516 3046 5572 Solet
3090 5515 3233 5571 enim
3284 5518 3546 5587 optimum

1967 5611 2218 5681 quodque
2247 5610 2639 5680 fragilissimum
2672 5610 2813 5678 ﬁcri;
2840 5618 2892 5664 ct
2922 5608 3155 5680 pretiosa
3181 5625 3408 5681 qumque
3429 5625 3547 5664 ma-

1966 5702 2070 5772 jori
2094 5702 2303 5758 cautela
2323 5688 2379 5757 et
2402 5701 2725 5771 diligentiori
2748 5701 2989 5759 custodia
3015 5700 3254 5771 indigent
3284 5721 3296 5757 :
3326 5703 3546 5758 nimium

354 5825 379 5854 ⁸
414 5814 481 5873 Ut
510 5819 704 5890 ntortif.
740 5817 1191 5890 Praetuittendum,
1219 5837 1345 5893 Opus
1374 5829 1467 5893 est,
1513 5828 1603 5877 aut
1624 5819 1751 5893 quid
1779 5821 1951 5880 simile
1980 5837 2193 5880 sensum
2224 5822 2518 5894 complens.
