4052 6332
526 294 626 349 εει
1760 280 1817 335 s.
1857 272 2251 334 cowamam
2290 274 2578 332 .IlBltA'l‘lS
3687 273 3803 343 2.5.2

525 407 672 466 enim
699 404 886 476 fragile
913 409 1017 468 est,
1048 399 1191 472 quod
1219 398 1319 454 levi
1343 408 1597 454 sermone
1624 393 1888 464 perditur,
1917 398 1974 447 et
2005 390 2112 445 mi—
2139 388 2183 448 Α
2214 389 2477 459 inspirare
2504 390 2753 461 dignetur
2780 390 3039 455 Dominus
3067 397 3249 447 noster
3275 395 3332 444 et
3360 386 3609 445 Salvator
3635 384 3804 444 Iesus

528 501 675 558 nima
718 496 900 554 fratris
946 494 1166 550 besionc
1204 489 1433 560 deperit.
1488 486 1703 542 Nullum
1745 484 1887 540 enim
1939 483 2109 549 laedis,

528 590 745 666 quando
773 589 824 646 ei
850 585 1120 651 adularis;
1150 591 1205 639 et
1234 580 1365 636 nulli
1405 577 1664 636 blandiris
1682 616 1700 645 ,
1730 573 1946 647 quando
1989 588 2113 631 eum

530 682 784 756 despicis.
826 679 923 736 Dic
948 677 1090 733 enim
1126 672 1295 728 Fatue
1320 670 1539 738 (Matth.
1570 687 1624 736 v,
1653 667 1779 737 22),
1825 676 1881 724 et
1920 681 2114 739 pacem

530 774 768 843 violasti,
799 779 856 828 et
895 785 1019 825 reus
1050 765 1224 823 factus
1251 780 1312 821 es
1354 764 1633 833 gehennae.
1680 759 1988 817 Cavendum
2032 767 2117 816 est

532 871 718 940 itaque
741 862 1083 921 dilectionem
1109 856 1404 914 fraternam
1435 852 1773 912 studentibus
1817 849 2113 922 complere,

532 958 682 1031 loqui
709 962 771 1011 ut
795 954 967 1016 libet,
1008 958 1065 1006 et
1092 963 1191 1020 pro
1214 945 1381 1005 animi
1406 952 1557 1002 motu
1584 941 1823 1011 linguam
1863 953 2117 1031 movere;

530 1030 657 1106 dum
687 1062 795 1103 non
821 1042 999 1104 solum
1027 1040 1097 1097 de
1124 1037 1423 1109 injuriosis,
1472 1034 1566 1090 sed
1613 1034 1776 1089 etiam
1817 1031 1887 1089 de
1930 1030 2119 1088 otiosis

530 1137 872 1197 sermonibus
918 1134 1187 1191 rationem
1231 1128 1519 1193 reddemus
1564 1124 1780 1199 (Matth.
1830 1140 1951 1191 xu,
1998 1122 2115 1196 56).

531 1233 875 1303 Quapropter
898 1225 1223 1284 studendum
1252 1231 1338 1280 est
1365 1223 1421 1279 in
1443 1221 1628 1278 multis
1648 1218 1990 1275 sermonibus
2013 1231 2122 1272 non

530 1324 833 1392 immorari,
859 1321 954 1379 sed
981 1317 1285 1383 necessaria
1314 1330 1542 1387 qumque
1587 1314 1756 1384 loqui.
1800 1311 1945 1369 Nihil
1976 1311 2121 1366 enim

530 1415 751 1475 suavius
777 1410 1109 1477 hominibus,
1138 1424 1299 1480 quam
1328 1407 1503 1462 aliena
1531 1404 1680 1475 loqui
1725 1412 1781 1460 et
1820 1404 1996 1460 aliena
2023 1416 2122 1459 cu-

532 1521 659 1563 rare
676 1544 692 1571 ,
725 1512 782 1561 et
808 1503 985 1560 otiosa
1012 1500 1214 1573 passim
1257 1499 1422 1557 verba
1452 1497 1718 1573 proferre,
1744 1502 1799 1552 et
1830 1495 1901 1553 de
1929 1495 2126 1552 absen-

541 1600 688 1655 tibus
713 1595 1031 1659 detrahere;
1076 1600 1132 1649 et
1178 1592 1300 1648 ideo
1330 1591 1421 1663 qui
1469 1606 1577 1646 non
1627 1596 1855 1661 possunt
1893 1588 2123 1646 dicere:

537 1688 793 1743 Dominus
819 1685 963 1741 dedit
988 1684 1113 1739 mihi
1140 1688 1372 1753 linguam
1399 1681 1675 1747 eruditam,
1707 1687 1766 1734 ut
1808 1680 2004 1751 possim
2030 1695 2124 1735 su-

2212 478 2495 549 Cliristus,
2544 482 2636 552 qui
2689 481 2940 552 dignatus
2993 490 3077 537 est
3122 480 3294 543 dare,
3343 479 3492 551 pacis
3546 478 3809 533 conditor

2213 584 2270 632 et
2297 575 2574 631 cbaritatis
2600 574 2743 632 Deus
2761 615 2777 643 ,
2805 575 2892 632 cui
2920 574 3091 647 gloria
3134 575 3189 629 in
3228 572 3422 629 saecula
3450 570 3802 628 saeculorum.

2215 668 2408 725 Amen.

2719 758 3130 817 lNSTRUCTlO
3173 760 3285 816 XII.

2221 850 2297 909 De
2338 855 2726 925 compunctione
2764 864 2812 909 et
2860 855 3131 926 vigilantia
3171 872 3275 927 qua
3311 853 3512 911 Iudicis
3551 853 3807 909 adventus

2752 927 3126 997 exspectandus
3162 936 3259 981 est.

2287 1038 2331 1096 l.
2363 1038 2804 1111 Compunctionis
2844 1041 3159 1098 necessaria:
3200 1037 3614 1099 insinuationem
3644 1052 3816 1108 supe-

2220 1128 2455 1186 rioribus
2476 1130 3021 1188 sermocinationibus
3048 1140 3323 1202 utcunque
3364 1144 3658 1203 suggerere
3686 1138 3814 1187 ten—

2223 1218 2474 1286 tavimus,
2498 1228 2555 1277 et
2579 1221 2733 1292 quasi
2753 1220 3071 1294 soliloquus,
3095 1222 3296 1295 proprii
3325 1222 3469 1290 licet,
3493 1222 3672 1280 omnis
3694 1229 3815 1277 tam

2225 1309 2411 1384 [Forte
2440 1311 2641 1386 tamen]
2687 1314 2865 1373 cordis
2903 1315 3172 1386 ignaviam
3201 1316 3466 1376 suscitare
3490 1314 3765 1371 voluimus
3798 1330 3815 1367 :

2223 1400 2321 1456 sed
2372 1402 2498 1472 quia
2548 1401 2672 1461 lidei
2719 1411 3010 1476 paupertas
3053 1413 3109 1462 et
3154 1406 3334 1463 carnis
3383 1405 3633 1462 voluntas
3683 1420 3817 1461 cum

2225 1491 2410 1557 mundi
2438 1493 2820 1565 cupiditatibus
2864 1497 2982 1554 hac
3025 1498 3439 1569 castigationum
3483 1498 3823 1567 documenta

2226 1583 2411 1654 tepide
2442 1585 2665 1642 audiens
2714 1588 3010 1649 contemnit
3035 1627 3055 1659 ι
3074 1603 3317 1661 persaepe
3344 1588 3537 1647 eadem
3565 1588 3822 1645 iteranda

2228 1688 2352 1751 sunt
2377 1694 2392 1730 :
2421 1676 2467 1733 si
2495 1678 2640 1733 enim
2666 1676 2799 1734 fides
2824 1678 2985 1737 dubia
3031 1695 3139 1736 non
3168 1687 3312 1736 esset
3334 1719 3354 1748 ,
3398 1681 3484 1736 vel
3526 1697 3697 1737 unum
3747 1679 3825 1747 de

535 1780 726 1835 stinere
747 1793 862 1834 eum
891 1777 976 1849 qui
1003 1775 1173 1830 lassus
1196 1782 1303 1839 est,
1332 1770 1482 1827 verbo
1513 1769 1648 1844 (Isa.
1679 1786 1740 1837 ι,
1770 1768 1849 1840 4),
1882 1777 2119 1838 taceant,
2152 1776 2201 1837 Β
2225 1772 2546 1843 supradictis
2585 1772 2752 1829 divini
2792 1774 2995 1834 oraculi
3036 1773 3355 1830 testimoniis
3402 1773 3615 1830 abunde
3658 1771 3823 1830 sulﬁ-s

536 1873 665 1930 etsi
698 1870 827 1943 quid
859 1871 1073 1935 dicant,
1114 1866 1397 1939 paciﬁcum
1436 1865 1525 1920 sit.
1566 1862 1821 1942 Quamvis
1857 1862 2005 1921 enim
2034 1877 2124 1918 sa-

536 1969 713 2041 piens,
738 1965 914 2027 minus
934 1962 1119 2035 paucis
1146 1958 1369 2021 oﬂ‘endit
1396 1957 1736 2015 sermonibus
1754 1996 1771 2022 ,
1801 1966 1960 2027 quam
1983 1956 2128 2012 mul-

538 2058 606 2114 tis
637 2075 650 2110 :
679 2054 894 2126 quando
923 2051 1067 2108 enim
1097 2048 1463 2119 unusquisque
1511 2047 1790 2110 mentitur,
1829 2046 2129 2114 maledicit,

537 2144 792 2207 detrahit,
842 2141 1083 2211 seipsqu
1129 2137 1349 2210 proprio
1393 2150 1654 2196 mucrone
1688 2135 1916 2207 jugulat.
1990 2135 2130 2204 Quid

538 2244 721 2292 autem
749 2233 893 2290 aliud
925 2230 1081 2288 nobis
1121 2227 1322 2285 inimici
1347 2235 1647 2299 optassent,
1690 2228 1793 2282 nisi
1834 2236 1893 2283 ut
1931 2228 2132 2284 nostris

541 2325 708 2381 armis
730 2322 965 2395 propriis
992 2320 1506 2377 succumberemus?
1550 2316 1679 2375 Noli
1725 2319 2015 2386 detrahere,
2056 2320 2132 2377 ait

542 2415 854 2486 Scriptura,
904 2429 969 2467 ne
1014 2411 1294 2466 eradiceris
1324 2409 1549 2483 (Psalm.
1582 2424 1779 2477 xxxvr,
1813 2408 1865 2476 8,
1898 2409 1973 2478 9).
2000 2408 2134 2466 Vide

543 2506 670 2576 quid
701 2505 978 2561 laboratur
1024 2502 1078 2557 in
1127 2501 1382 2572 operibus
1428 2498 2049 2570 impietatiszhabitatio
2078 2506 2136 2555 et

545 2596 827 2669 plautatio,
855 2609 1015 2667 quam
1041 2594 1130 2650 vix
1152 2592 1357 2664 magnis
1379 2608 1443 2648 ac
1465 2591 1659 2648 divinis
1687 2591 1961 2654 laboribus
1982 2593 2137 2663 plan-.

552 2699 731 2743 tamus
752 2726 770 2753 ,
817 2701 926 2741 uno
969 2684 1321 2741 detractionis
1348 2683 1514 2739 verbo
1542 2683 1878 2752 eradicatur;
1910 2692 1966 2739 et
1989 2684 2137 2754 quod

546 2780 710 2849 longo
738 2778 924 2834 labore
950 2776 1040 2833 vix
1064 2784 1227 2848 queat
1269 2775 1525 2843 stabiliri,
1556 2775 1714 2830 unius
1741 2776 2007 2831 sermonis
2028 2776 2138 2831 im-

546 2879 675 2942 petu
698 2869 995 2927 subruitur.
1027 2867 1227 2924 Caveat
1252 2882 1381 2939 ergo
1408 2868 1798 2938 unusquisque,
1827 2882 1896 2924 ne
1922 2883 2019 2924 sua
2044 2884 2138 2923 ra-

553 2961 648 3017 dix
675 2961 743 3017 de
780 2969 925 3015 terra
979 2959 1270 3015 viventium
1313 2959 1614 3016 eradicetur
1658 2976 1759 3031 pro
1805 2961 1914 3017 odii
1960 2962 2141 3018 detrao

549 3053 749 3110 ctione.
806 3051 997 3109 Nullus
1055 3052 1199 3108 enim
1270 3068 1504 3124 unquam
1558 3053 1792 3110 detrahit
1831 3056 1922 3122 ei,
1979 3070 2140 3128 quem

2229 1874 2397 1922 ceret.
2447 1865 2688 1921 Credunt
2730 1879 2859 1935 ergo
2889 1874 2946 1923 et
2973 1881 3089 1936 non,
3103 1866 3353 1934 credunt,
3384 1867 3476 1939 qui
3506 1866 3692 1923 audita
3720 1882 3824 1922 ne-

2228 1956 2463 2027 gligunt;
2496 1956 2734 2027 alioquin
2777 1956 2825 2012 si
2873 1956 2970 2012 tibi
2998 1956 3177 2023 hodie,
3210 1954 3397 2025 Utare,
3421 1958 3642 2028 quidam
3669 1957 3829 2013 dice-7

2229 2057 2331 2116 ret,
2360 2050 2503 2121 quod
2525 2047 2693 2119 judex
2718 2049 2901 2106 saiculi
2947 2047 3108 2120 hujus
3142 2048 3259 2104 vult
3285 2056 3339 2106 te
3367 2050 3607 2106 crastino
3635 2050 3827 2104 vivum

2230 2155 2490 2208 exurere;
2517 2140 2667 2212 quid,
2700 2154 2856 2211 rogo,
2886 2141 2981 2197 tibi
3015 2141 3415 2206 sollicitudinis,
3445 2140 3579 2219 quid
3607 2141 3828 2195 timoris

2231 2233 2582 2293 immineret?
2611 2231 2678 2286 Et
2703 2232 2786 2287 his
2813 2232 3045 2299 auditis,
3094 2231 3142 2288 si
3188 2239 3335 2293 esset
3381 2231 3478 2288 tibi
3510 2231 3672 2286 unius
3720 2229 3831 2290 diei

2232 2326 2467 2397 spatium
2513 2325 2743 2382 liberum
2767 2367 2783 2393 ,
2828 2332 3032 2395 quanta
3062 2323 3307 2385 faceres?
3336 2323 3611 2396 quomodo
3639 2322 3832 2378 accla-

2232 2420 2457 2473 mares?
2492 2426 2549 2473 et
2596 2432 2695 2488 per
2742 2432 2880 2487 quos
2906 2416 3285 2481 discurrerent
3311 2430 3474 2485 quam
3520 2415 3745 2470 humilis
3777 2424 3833 2470 et

2235 2523 2399 2579 quam
2432 2509 2622 2579 lugens
2651 2517 2706 2564 et
2733 2508 2986 2564 sordidus
3014 2509 3343 2569 oberrares?
3370 2506 3561 2566 Nonne
3582 2505 3835 2562 effunde-

2235 2614 2325 2655 res
2365 2614 2585 2656 omnem
2633 2599 2916 2670 pecuniam
2961 2608 3111 2655 tuam
3161 2600 3213 2655 iu
3242 2614 3359 2665 eos,
3391 2612 3626 2668 quorum
3656 2598 3835 2653 inter-

2238 2690 2486 2746 cessione
2530 2690 2763 2747 evadere
2807 2705 2967 2761 posse
3012 2697 3069 2745 te
3111 2688 3408 2746 crederes?
3436 2702 3620 2745 nonne
3642 2688 3836 2743 omnia

2240 2781 2383 2837 bona
2413 2789 2504 2841 tua
2530 2780 2737 2838 faceres
2764 2780 3192 2852 redemptionem
3221 2781 3413 2835 anima:
3442 2788 3545 2835 tua:
3591 2787 3646 2834 et
3695 2777 3837 2834 nihil

2241 2888 2571 2943 reservares,
2602 2873 2728 2930 licet
2755 2889 2950 2945 parcus
2977 2883 3033 2929 et
3057 2889 3252 2929 avarus
3280 2888 3466 2939 esses;
3518 2871 3613 2927 sed
3641 2869 3843 2926 omnia.

2244 2966 2583 3039 disperderes
2602 3006 2618 3032 ,
2650 2966 2834 3022 omnia
2862 2966 3094 3022 donares
3122 2981 3220 3037 pro
3249 2966 3359 3033 vita
3388 2966 3520 3020 tua?
3547 2962 3616 3016 Et
3641 2962 3691 3018 si
3725 2962 3841 3016 ali-_

2243 3058 2364 3131 quis
2385 3068 2438 3115 te
2465 3057 2744 3121 retardare
2770 3068 2864 3115 aut
2889 3058 3150 3131 impedire
3177 3057 3465 3117 tentaverit
3484 3098 3499 3123 ,
3536 3069 3725 3111 nonne
3752 3055 3839 3109 di-

549 3145 760 3216 diligit;
824 3144 1089 3202 detractio
1152 3146 1296 3200 enim
1324 3188 1339 3214 ,
1399 3145 1507 3201 odii
1573 3146 1961 3218 primogenitus
2015 3158 2100 3205 est
2122 3191 2139 3219 ,
2170 3147 2218 3212 C
2247 3165 2401 3207 ceres
2425 3168 2438 3206 :
2464 3151 2696 3208 Pereant
2718 3152 2899 3208 omnia
2921 3167 3019 3222 pro
3047 3150 3220 3206 salute
3239 3164 3382 3218 mea,
3405 3164 3471 3205 ne
3498 3145 3684 3222 [Forte
3708 3143 3849 3217 nec}

549 3248 602 3293 et
647 3237 770 3292 ideo
819 3237 941 3292 talis
992 3238 1159 3308 patris
1208 3236 1349 3295 filius
1393 3238 1584 3294 merito
1622 3240 1978 3298 eradicandus
2015 3242 2141 3301 erit.

624 3329 709 3386 Ill.
743 3329 1052 3387 Periculosa
1092 3329 1355 3386 habitatio
1378 3370 1394 3395 ,
1425 3330 1727 3387 charissimi
1750 3372 1766 3400 ,
1796 3333 1851 3387 iu
1890 3349 1995 3405 qua
2041 3334 2143 3391 ista

552 3438 662 3479 non
690 3419 951 3476 vitantur.
984 3421 1047 3475 Si
1073 3421 1209 3474 enim
1229 3463 1244 3489 ,
1279 3430 1336 3475 ut
1363 3422 1439 3476 ait
1467 3423 1788 3492 Apostolus,
1818 3423 2033 3478 invicem
2061 3426 2145 3479 in-

553 3515 737 3569 videtis
776 3525 825 3569 et
864 3514 1082 3569 invicem
1128 3516 1405 3586 mordetis,
1435 3517 1649 3573 invicem
1674 3518 1965 3583 detrahitis,
1995 3519 2141 3586 dico,

554 3609 719 3665 videte
741 3626 804 3663 ne
823 3608 886 3662 ab
906 3610 1119 3663 invicem
1144 3611 1517 3665 consumamini
1542 3609 1686 3682 (Gal.
1711 3628 1764 3682 ν,
1788 3610 1900 3682 15).
1923 3610 1981 3668 Si
2001 3612 2146 3668 enim

554 3701 640 3773 qui
668 3716 771 3753 non
799 3699 989 3770 diligit,
1013 3699 1067 3753 in
1094 3708 1257 3754 morte
1281 3710 1359 3756 est
1387 3699 1441 3772 (ι
1460 3700 1617 3756 Joan.
1642 3718 1723 3770 ιιι,
1750 3700 1838 3766 14)
1856 3743 1871 3768 ,
1915 3703 2006 3757 ubi
2044 3703 2149 3758 erit

555 3789 645 3860 qui
674 3789 946 3845 detrahit?
974 3788 1251 3862 Lacrymis
1277 3792 1331 3847 in
1359 3791 1441 3847 his
1470 3807 1605 3863 opus
1627 3794 1813 3862 magis,
1840 3809 2001 3863 quam
2026 3811 2149 3849 ver-

556 3881 640 3935 bis
668 3888 771 3935 est.
808 3879 945 3947 Quid
975 3880 1119 3936 enim
1160 3880 1470 3952 diiigentius
1494 3922 1509 3948 ,
1559 3882 1756 3953 quidve
1784 3884 2148 3941 abundantius

558 3970 649 4027 lex
679 3970 773 4028 Dei
801 3974 1111 4041 mandavit,
1142 3990 1304 4045 quam
1332 3974 1715 4032 dileCtionem?
1743 3974 1812 4030 Et
1840 3992 1964 4032 raro
1994 3976 2148 4034 inve-

559 4065 645 4120 nis
664 4080 993 4136 quemquam
1015 4068 1093 4123 sic
1114 4059 1419 4124 facientem.
1444 4068 1582 4135 Quid
1605 4069 1843 4125 dicemus
1867 4086 1966 4141 pro
1986 4087 2151 4126 excu-

561 4160 820 4215 satione?
873 4159 1121 4232 Nunquid
1169 4177 1455 4231 possumus
1523 4163 1703 4219 dicere
1755 4182 1769 4218 :
1820 4165 2149 4223 laboriosum

561 4252 685 4307 est?
715 4250 906 4306 durum
951 4253 1070 4306 est?
1109 4250 1225 4306 Non
1257 4260 1339 4307 est
1368 4250 1520 4307 labor
1548 4254 1765 4310 dilectio
1796 4272 1809 4309 :
1839 4255 1959 4326 plus
1987 4273 2153 4315 suave

564 4350 667 4409 est,
689 4343 809 4413 plus
833 4343 1096 4400 medicale
1116 4352 1217 4410 est,
1242 4344 1363 4415 plus
1383 4344 1598 4401 salubre
1618 4354 1705 4413 est
1725 4348 1876 4404 cordi
1906 4349 2149 4408 dilectio.

565 4434 625 4491 Si
656 4435 797 4491 enim
826 4436 969 4492 vitiis
998 4436 1308 4506 languidum
1340 4453 1446 4492 non
1475 4437 1638 4495 luerit
1665 4457 1779 4509 cor,
1811 4443 1979 4515 ipsius
2006 4446 2154 4502 sani-

2245 3242 2541 3322 quidquam
2585 3251 2893 3310 remaneat;
2924 3250 3132 3298 tantum
3164 3244 3372 3297 vivam?
3404 3240 3519 3296 lloc
3549 3253 3728 3309 quare
3759 3236 3844 3292 fa-

2246 3336 2437 3390 ceres?
2463 3333 2597 3401 Quia
2617 3349 2727 3389 non
2747 3333 3020 3389 dubitares
3041 3331 3491 3406 [Prwmittendum
3512 3328 3656 3401 quin]
3674 3328 3847 3398 juxta

2247 3427 2575 3484 severissimi
2598 3425 2807 3483 Judicis
2831 3426 3155 3483 sententiam
3184 3424 3425 3482 arderes.
3449 3423 3549 3479 llic
3568 3438 3711 3478 vero
3740 3422 3851 3478 du-

2246 3517 2419 3585 bitas,
2462 3516 2607 3588 quod
2635 3531 2797 3586 quam
2842 3516 2949 3574 cito
2996 3516 3233 3577 futurum
3276 3514 3388 3583 sit,
3428 3514 3678 3583 ignoras;
3731 3527 3851 3567 non

2251 3609 2428 3667 nescis
2457 3617 2638 3664 tamen
2669 3608 2907 3663 futurum
2927 3648 2942 3673 ,
2976 3606 3105 3671 licet
3150 3606 3397 3676 negligis.
3444 3602 3853 3675 Expergiscen-

2248 3701 2376 3757 dum
2405 3714 2535 3770 ergo
2563 3708 2683 3768 est,
2713 3699 3040 3769 vigilandum
3068 3705 3181 3764 est,
3214 3696 3475 3753 orandum
3515 3703 3595 3750 est
3616 3734 3631 3761 ,
3684 3693 3857 3763 juxta

2249 3792 2549 3850 Salvatoris
2577 3795 2749 3850 nostri
2776 3791 2904 3849 Jesu
2929 3790 3124 3848 Christi
3166 3790 3261 3847 Dei
3302 3789 3470 3846 nostri
3510 3795 3853 3860 prmceptuiu

2248 3883 2479 3941 dicentis
2511 3902 2523 3938 :
2554 3883 2813 3939 Attendite
2846 3892 3017 3938 autem
3057 3884 3237 3953 vobis,
3277 3898 3341 3936 ne
3385 3882 3517 3953 forte
3556 3887 3857 3951 graventur

2250 3977 2408 4032 corda
2434 3987 2600 4040 vc:tra
2627 3978 2841 4049 crapula
2866 3987 2916 4031 et
2941 3977 3205 4042 ebrietate,
3227 3986 3275 4031 et
3295 3976 3432 4030 curis
3453 3974 3601 4045 hujus
3628 3973 3783 4034 vita,
3806 3981 3858 4026 et

2251 4070 2571 4133 superveniat
2592 4069 2644 4121 in
2668 4084 2754 4122 vos
2775 4070 2884 4124 dies
2903 4068 2997 4127 illa
3018 4069 3285 4139 repentina
3307 4082 3325 4120 :
3346 4075 3591 4137 tanquam
3627 4062 3861 4132 laqueus

2252 4158 2389 4213 enim
2419 4160 2737 4229 superveniet
2778 4161 2834 4215 in
2880 4175 3091 4222 omnes,
3130 4160 3215 4230 qui
3253 4158 3431 4212 sedent
3459 4171 3608 4227 super
3647 4155 3860 4224 faciem

2254 4251 2422 4305 omnis
2452 4259 2621 4304 terrm.
2660 4249 2886 4323 Vigilate
2912 4251 3084 4322 itaque
3113 4251 3253 4305 omni
3302 4259 3555 4320 tempore,
3594 4254 3646 4299 ut
3690 4246 3865 4318 digni,

2254 4339 2547 4396 habeamini
2568 4341 2791 4413 e/fugere
2812 4342 2910 4395 ista
2934 4341 3108 4395 omnia
3130 4356 3245 4410 qua:
3270 4340 3446 4413 futura
3470 4344 3605 4403 sunt,
3627 4342 3673 4389 et
3701 4345 3863 4389 stare

2268 4440 2390 4488 ante
2417 4431 2611 4487 Filium
2640 4412 2863 4497 hominis
2895 4430 3046 4502 (Luc,
3080 4447 3190 4499 ιιι,
3214 4412 3426 4499 δι-ὅιῖ).

568 4537 651 4583 tas
678 4526 894 4584 dilectio
922 4540 1023 4596 est,
1051 4530 1274 4601 etquod
1307 4530 1415 4585 Deo
1445 4531 1665 4589 charum
1696 4535 1796 4590 sit:
1827 4514 1958 4592 nihil
1978 4552 2157 4595 autem
2187 4534 2243 4596 Β
2336 4523 2402 4582 Π·
2432 4525 2490 4581 Si
2516 4526 2629 4581 δαῖε
2672 4525 2953 4581 audiamus
2978 4532 3034 4579 οι
3066 4522 3354 4584 credimus,
3399 4514 3553 4574 “dem
3599 4525 3862 4572 ηθειηω

570 4619 685 4675 Deo
701 4619 817 4691 plus
831 4620 1051 4675 charum
1072 4631 1338 4691 est,quam
1356 4622 1888 4696 dilectio,spiritualis
1904 4631 2157 4699 maxime;

571 4727 696 4767 cum
713 4726 827 4767 sum
848 4711 978 4780 legis
997 4721 1050 4768 et
1067 4714 1305 4769 omnium
1325 4717 1698 4773 mandatorum
1716 4735 1936 4776 suorum
1952 4740 2158 4780 summa

572 4803 645 4857 sit
670 4800 825 4871 juxta
855 4801 983 4855 illud
1008 4803 1251 4872 Apostoli
1286 4824 1297 4858 :
1332 4804 1433 4869 Qui
1458 4817 1626 4862 autem
1648 4810 1818 4883 diligit
1841 4814 2157 4881 proximum,

575 4894 737 4964 legem
765 4893 990 4964 implevit
1021 4893 1197 4964 (Rom.
1223 4913 1334 4964 xui,
1367 4897 1444 4969 8).
1478 4899 1580 4967 Qui
1604 4917 1734 4957 vero
1764 4904 1935 4975 legem
1968 4907 2161 4978 imple-

576 4984 656 5039 vit
683 4983 863 5038 studio
893 4982 1216 5051 dilectionis,
1248 4987 1408 5044 habet
1438 4991 1598 5045 vitam
1628 5002 1905 5062 aeternam,
1938 4998 2078 5053 sicut
2107 5009 2163 5055 et

577 5076 817 5132 Joannes
843 5076 972 5132 dicit
1005 5096 1017 5131 :
1052 5077 1289 5147 Fratres,
1325 5084 1515 5139 scintus
1543 5087 1785 5155 quoniam
1814 5088 1879 5142 de
1906 5099 2069 5144 morte
2094 5093 2164 5145 ad

579 5170 739 5224 vitam
772 5170 1135 5237 transivimus,
1167 5174 1288 5243 quia
1330 5174 1591 5247 diligimus
1635 5178 1825 5249 fratres
1856 5196 1874 5234 :
1904 5186 1990 5252 qui
2019 5184 2164 5236 enim

580 5282 683 5319 non
712 5264 903 5337 diligit,
928 5266 980 5319 in
1008 5274 1171 5320 morte
1192 5274 1288 5322 est.
1313 5267 1376 5323 Si
1399 5270 1513 5339 quis
1537 5279 1709 5323 autem
1731 5272 1839 5325 odit
1857 5314 1872 5339 ,
1906 5274 2167 5330 homicida

581 5367 678 5411 est.
713 5355 873 5411 Scitis
899 5365 1086 5424 mitem,
1118 5360 1238 5431 quia
1268 5360 1435 5414 omnis
1460 5360 1717 5416 homicida
1758 5380 1860 5419 non
1905 5365 2055 5421 habet
2094 5370 2171 5423 vi-

587 5455 694 5499 tam
724 5456 972 5501 (sternam
1017 5451 1069 5503 in
1101 5466 1154 5503 se
1183 5459 1472 5505 manentem
1501 5449 1554 5522 (1
1584 5451 1740 5507 Joan.
1774 5471 1864 5520 ιιι,
1918 5454 2012 5520 14,
2059 5456 2171 5527 15).

588 5536 696 5590 Aut
723 5553 853 5606 ergo
884 5540 1011 5595 nihil
1043 5541 1307 5613 agendum
1337 5552 1420 5598 est
1441 5586 1454 5607 .
1501 5543 1601 5598 nisi
1640 5544 1887 5613 dilectio;
1919 5557 2013 5603 aut
2041 5551 2176 5608 nihil

558 5622 561 5623 ⁷
587 5640 758 5691 spera
785 5627 910 5682 dum
940 5636 1043 5696 est,
1075 5630 1177 5687 nisi
1209 5647 1366 5702 postia
1393 5650 1406 5689 :
1434 5632 1710 5690 Plenitudo
1735 5639 1869 5692 enim
1897 5640 2025 5709 legis
2053 5642 2178 5695 clm-

591 5718 719 5772 ritus
748 5718 923 5791 (liam.
949 5736 1062 5791 xm,
1091 5720 1171 5793 8),
1202 5738 1362 5796 quam
1389 5726 1541 5781 nob’s
1572 5726 1658 5782 ille
1689 5729 1807 5799 pius
1838 5730 2176 5792 abundanter

2260 4625 2537 4698 vigilantia
2567 4633 2750 4681 nostra
2780 4621 3029 4682 ostendet
3050 4662 3065 4689 ,
3094 4635 3157 4676 ac
3183 4618 3438 4675 discussis
3478 4614 3879 4685 squalentibus,

2264 4729 2427 4790 atque
2465 4716 2727 4787 torpentis
2756 4714 3016 4770 mortiferi
3045 4710 3245 4781 teporis
3288 4707 3612 4779 torporibus,
3651 4720 3873 4769 sensus

2266 4824 2481 4867 nostros
2509 4807 2721 4864 Domini
2742 4806 3038 4861 Salvatoris
3065 4802 3333 4859 sententia
3359 4799 3556 4867 vibret,
3578 4806 3635 4852 ut
3662 4799 3863 4853 omni-

2265 4904 2367 4959 bus
2395 4901 2538 4958 curis
2558 4899 2874 4973 mortalibus
2901 4894 3178 4971 depositis,
3207 4892 3381 4964 parati
3409 4905 3620 4961 semper
3646 4889 3862 4953 simus;

2268 5002 2645 5064 exspectantes
2670 4991 2876 5046 scilicet
2903 4988 3074 5043 ultimi
3112 4985 3219 5040 diei
3267 4982 3558 5038 adventum
3582 5019 3596 5044 ,
3628 4995 3743 5048 quo
3768 4989 3864 5034 aut

2268 5098 2425 5154 petua
2473 5090 2565 5137 aut
2592 5080 2761 5150 gloria
2792 5093 2891 5134 nos
2927 5075 3212 5145 suscipiet;
3243 5081 3511 5142 acuatque
3551 5071 3865 5124 animorum

2271 5185 2575 5230 nostrorum
2625 5171 2769 5228 acies
2815 5167 3153 5239 supradictus
3208 5163 3419 5219 Domini
3469 5177 3685 5227 sermo,
3746 5176 3868 5230 quo

2272 5280 2371 5320 nos
2400 5262 2679 5332 vigilantes
2716 5268 2771 5317 et
2799 5268 3019 5317 orantes
3041 5258 3242 5328 jugiter
3269 5271 3391 5312 esse
3415 5254 3627 5318 docuit,
3658 5262 3715 5305 ut
3751 5268 3873 5306 non

2274 5355 2443 5412 simus
2484 5354 2635 5422 quasi
2685 5352 2967 5409 credentes
2991 5392 3008 5420 ,
3034 5360 3089 5407 et
3118 5365 3227 5405 non
3254 5346 3538 5403 credentes
3561 5386 3579 5412 ,
3619 5352 3676 5399 et
3700 5343 3871 5412 quasi

2274 5449 2558 5504 audientes
2580 5456 2635 5503 et
2663 5463 2769 5501 non
2800 5445 3081 5499 audientes
3116 5463 3127 5497 :
3162 5451 3217 5497 et
3244 5441 3341 5496 Dei
3372 5441 3444 5512 pii
3474 5446 3531 5495 et
3566 5435 3693 5492 boui
3720 5434 3871 5490 inef-

2273 5540 2489 5597 fabilem
2514 5538 2938 5596 misericordiam
2967 5537 3035 5590 de
3066 5534 3334 5608 profutqu
3356 5533 3537 5589 cordis
3563 5529 3734 5585 nostri
3768 5545 3871 5599 per

2271 5632 2454 5692 Jesum
2482 5634 2749 5691 Christum
2779 5631 2972 5689 Filium
2997 5646 3153 5686 suum
3185 5625 3582 5697 infatigabilitcr
3608 5624 3872 5695 deprece-

2276 5746 2415 5798 mur,
2452 5744 2720 5798 rogemus,
2754 5741 2971 5784 oremus
2997 5764 3011 5789 ,
3041 5733 3100 5780 ut
3127 5723 3200 5781 ita
3231 5722 3387 5780 nobis
3426 5734 3575 5777 suam
3614 5715 3873 5775 dilectis.‘

4016 1116 4019 1321 Ψ

4016 1116 4019 1321 1
