  <div class='ocr_page' id='page_1' title='image "/cluster/home/n/w/nwhite01/storage/ocr_20150623/80/hvd.32044015469422/132.png"; bbox 0 0 4052 6332; ppageno 0'>
   <div class='ocr_carea' id='block_1_1' title="bbox 217 319 330 377">
    <p class='ocr_par' dir='ltr' id='par_1_1' title="bbox 217 319 330 377">
     <span class='ocr_line' id='line_1_1' title="bbox 217 319 330 377; baseline 0 -1"><span class='ocrx_word' id='word_1_1' title='bbox 217 319 330 377; x_wconf 70' lang='lat'><strong>2&#39;03</strong></span> 
     </span>
    </p>
   </div>
   <div class='ocr_carea' id='block_1_2' title="bbox 1135 308 2573 371">
    <p class='ocr_par' dir='ltr' id='par_1_2' title="bbox 1135 308 2573 371">
     <span class='ocr_line' id='line_1_2' title="bbox 1135 308 2573 371; baseline -0.001 -1"><span class='ocrx_word' id='word_1_2' title='bbox 1135 311 1682 371; x_wconf 69' lang='lat' dir='ltr'><strong>lNSTliUCTIUNES</strong></span> <span class='ocrx_word' id='word_1_3' title='bbox 1723 308 1957 366; x_wconf 70' lang='lat' dir='ltr'><strong>VAle</strong></span> <span class='ocrx_word' id='word_1_4' title='bbox 1995 310 2149 368; x_wconf 71' lang='grc' dir='ltr'><strong>ΘΝΕ</strong></span> <span class='ocrx_word' id='word_1_5' title='bbox 2184 312 2573 370; x_wconf 69' lang='lat' dir='ltr'><strong>SEIUIONES.</strong></span> 
     </span>
    </p>
   </div>
   <div class='ocr_carea' id='block_1_3' title="bbox 3385 315 3488 375">
    <p class='ocr_par' dir='ltr' id='par_1_3' title="bbox 3385 315 3488 375">
     <span class='ocr_line' id='line_1_3' title="bbox 3385 315 3488 375; baseline 0.029 -3"><span class='ocrx_word' id='word_1_6' title='bbox 3385 315 3488 375; x_wconf 67' lang='grc'><strong>254</strong></span> 
     </span>
    </p>
   </div>
   <div class='ocr_carea' id='block_1_4' title="bbox 217 425 3493 502">
    <p class='ocr_par' dir='ltr' id='par_1_4' title="bbox 217 425 3493 502">
     <span class='ocr_line' id='line_1_4' title="bbox 217 425 3493 502; baseline 0.002 -15"><span class='ocrx_word' id='word_1_7' title='bbox 217 449 348 490; x_wconf 87' lang='lat' dir='ltr'><strong>nem</strong></span> <span class='ocrx_word' id='word_1_8' title='bbox 379 430 643 501; x_wconf 88' lang='lat' dir='ltr'><strong>inspirare</strong></span> <span class='ocrx_word' id='word_1_9' title='bbox 671 427 957 499; x_wconf 73' lang='lat' dir='ltr'><strong>dignetur,</strong></span> <span class='ocrx_word' id='word_1_10' title='bbox 990 434 1048 483; x_wconf 88' lang='lat' dir='ltr'><strong>ut</strong></span> <span class='ocrx_word' id='word_1_11' title='bbox 1090 442 1189 484; x_wconf 91' lang='lat' dir='ltr'><strong>nos</strong></span> <span class='ocrx_word' id='word_1_12' title='bbox 1218 429 1269 484; x_wconf 92' lang='lat' dir='ltr'><strong>ei</strong></span> <span class='ocrx_word' id='word_1_13' title='bbox 1298 428 1351 483; x_wconf 89' lang='lat' dir='ltr'><strong>in</strong></span> <span class='ocrx_word' id='word_1_14' title='bbox 1379 435 1640 482; x_wconf 64' lang='lat' dir='ltr'><strong>aeternum</strong></span> <span class='ocrx_word' id='word_1_15' title='bbox 1677 440 1810 481; x_wconf 87' lang='lat' dir='ltr'><strong>con—</strong></span> <span class='ocrx_word' id='word_1_16' title='bbox 1835 425 1890 485; x_wconf 81' lang='grc' dir='ltr'><strong>Δ</strong></span> <span class='ocrx_word' id='word_1_17' title='bbox 1914 427 1968 482; x_wconf 91' lang='lat' dir='ltr'><strong>in</strong></span> <span class='ocrx_word' id='word_1_18' title='bbox 2008 428 2376 499; x_wconf 76' lang='lat' dir='ltr'><strong>superioribus</strong></span> <span class='ocrx_word' id='word_1_19' title='bbox 2414 429 2524 499; x_wconf 87' lang='lat' dir='ltr'><strong>jam</strong></span> <span class='ocrx_word' id='word_1_20' title='bbox 2572 429 2665 487; x_wconf 91' lang='lat' dir='ltr'><strong>diu</strong></span> <span class='ocrx_word' id='word_1_21' title='bbox 2706 430 3076 502; x_wconf 76' lang='lat' dir='ltr'><strong>ostendimus;</strong></span> <span class='ocrx_word' id='word_1_22' title='bbox 3105 444 3161 491; x_wconf 88' lang='lat' dir='ltr'><strong>et</strong></span> <span class='ocrx_word' id='word_1_23' title='bbox 3188 434 3314 493; x_wconf 88' lang='lat' dir='ltr'><strong>licet</strong></span> <span class='ocrx_word' id='word_1_24' title='bbox 3349 436 3493 495; x_wconf 78' lang='lat' dir='ltr'><strong>forte</strong></span> 
     </span>
    </p>
   </div>
   <div class='ocr_carea' id='block_1_5' title="bbox 217 516 1808 594">
    <p class='ocr_par' dir='ltr' id='par_1_5' title="bbox 217 516 1808 594">
     <span class='ocr_line' id='line_1_5' title="bbox 217 516 1808 594; baseline -0.007 -17"><span class='ocrx_word' id='word_1_25' title='bbox 217 523 445 594; x_wconf 89' lang='lat' dir='ltr'><strong>iungat,</strong></span> <span class='ocrx_word' id='word_1_26' title='bbox 502 518 931 590; x_wconf 90' lang='lat' dir='ltr'><strong>inseparabiliter</strong></span> <span class='ocrx_word' id='word_1_27' title='bbox 967 517 1335 586; x_wconf 78' lang='lat' dir='ltr'><strong>conglutinet,</strong></span> <span class='ocrx_word' id='word_1_28' title='bbox 1379 517 1543 571; x_wconf 91' lang='lat' dir='ltr'><strong>humo</strong></span> <span class='ocrx_word' id='word_1_29' title='bbox 1595 516 1808 583; x_wconf 83' lang='lat' dir='ltr'><strong>elevet,</strong></span> 
     </span>
    </p>
   </div>
   <div class='ocr_carea' id='block_1_6' title="bbox 216 608 1811 679">
    <p class='ocr_par' dir='ltr' id='par_1_6' title="bbox 216 608 1811 679">
     <span class='ocr_line' id='line_1_6' title="bbox 216 608 1811 679; baseline -0.006 -8"><span class='ocrx_word' id='word_1_30' title='bbox 216 614 362 672; x_wconf 67' lang='lat' dir='ltr'><strong>calo</strong></span> <span class='ocrx_word' id='word_1_31' title='bbox 412 613 585 668; x_wconf 79' lang='lat' dir='ltr'><strong>societ</strong></span> <span class='ocrx_word' id='word_1_32' title='bbox 630 610 847 667; x_wconf 83' lang='lat' dir='ltr'><strong>interim</strong></span> <span class='ocrx_word' id='word_1_33' title='bbox 895 625 1084 665; x_wconf 81' lang='lat' dir='ltr'><strong>sensus</strong></span> <span class='ocrx_word' id='word_1_34' title='bbox 1111 617 1352 675; x_wconf 90' lang='lat' dir='ltr'><strong>nostros,</strong></span> <span class='ocrx_word' id='word_1_35' title='bbox 1382 608 1620 679; x_wconf 91' lang='lat' dir='ltr'><strong>quandiu</strong></span> <span class='ocrx_word' id='word_1_36' title='bbox 1643 609 1811 664; x_wconf 88' lang='lat' dir='ltr'><strong>simus</strong></span> 
     </span>
    </p>
   </div>
   <div class='ocr_carea' id='block_1_7' title="bbox 216 699 1811 773">
    <p class='ocr_par' dir='ltr' id='par_1_7' title="bbox 216 699 1811 773">
     <span class='ocr_line' id='line_1_7' title="bbox 216 699 1811 773; baseline -0.006 -10"><span class='ocrx_word' id='word_1_37' title='bbox 216 709 276 764; x_wconf 90' lang='lat' dir='ltr'><strong>in</strong></span> <span class='ocrx_word' id='word_1_38' title='bbox 306 708 413 762; x_wconf 87' lang='lat' dir='ltr'><strong>hoc</strong></span> <span class='ocrx_word' id='word_1_39' title='bbox 443 704 635 760; x_wconf 90' lang='lat' dir='ltr'><strong>mortis</strong></span> <span class='ocrx_word' id='word_1_40' title='bbox 656 716 891 773; x_wconf 88' lang='lat' dir='ltr'><strong>corpore</strong></span> <span class='ocrx_word' id='word_1_41' title='bbox 917 702 1227 767; x_wconf 86' lang='lat' dir='ltr'><strong>constituti;</strong></span> <span class='ocrx_word' id='word_1_42' title='bbox 1259 710 1420 770; x_wconf 90' lang='lat' dir='ltr'><strong>atque</strong></span> <span class='ocrx_word' id='word_1_43' title='bbox 1461 700 1538 757; x_wconf 89' lang='lat' dir='ltr'><strong>sic</strong></span> <span class='ocrx_word' id='word_1_44' title='bbox 1566 700 1685 771; x_wconf 85' lang='lat' dir='ltr'><strong>ejus</strong></span> <span class='ocrx_word' id='word_1_45' title='bbox 1714 699 1811 755; x_wconf 91' lang='lat' dir='ltr'><strong>ad-</strong></span> 
     </span>
    </p>
   </div>
   <div class='ocr_carea' id='block_1_8' title="bbox 218 793 1810 864">
    <p class='ocr_par' dir='ltr' id='par_1_8' title="bbox 218 793 1810 864">
     <span class='ocr_line' id='line_1_8' title="bbox 218 793 1810 864; baseline -0.004 -12"><span class='ocrx_word' id='word_1_46' title='bbox 218 807 442 854; x_wconf 80' lang='lat' dir='ltr'><strong>ventum</strong></span> <span class='ocrx_word' id='word_1_47' title='bbox 491 796 608 852; x_wconf 88' lang='lat' dir='ltr'><strong>sine</strong></span> <span class='ocrx_word' id='word_1_48' title='bbox 653 793 873 864; x_wconf 82' lang='lat' dir='ltr'><strong>querela</strong></span> <span class='ocrx_word' id='word_1_49' title='bbox 900 800 1278 864; x_wconf 80' lang='lat' dir='ltr'><strong>exspectemus</strong></span> <span class='ocrx_word' id='word_1_50' title='bbox 1300 834 1316 858; x_wconf 95' lang='lat'><strong>,</strong></span> <span class='ocrx_word' id='word_1_51' title='bbox 1346 809 1454 862; x_wconf 87' lang='lat' dir='ltr'><strong>quo</strong></span> <span class='ocrx_word' id='word_1_52' title='bbox 1478 794 1529 848; x_wconf 91' lang='lat' dir='ltr'><strong>ei</strong></span> <span class='ocrx_word' id='word_1_53' title='bbox 1559 808 1683 849; x_wconf 89' lang='lat' dir='ltr'><strong>cum</strong></span> <span class='ocrx_word' id='word_1_54' title='bbox 1711 807 1810 862; x_wconf 85' lang='lat' dir='ltr'><strong>ap-</strong></span> 
     </span>
    </p>
   </div>
   <div class='ocr_carea' id='block_1_9' title="bbox 218 882 1811 962">
    <p class='ocr_par' dir='ltr' id='par_1_9' title="bbox 218 882 1811 962">
     <span class='ocr_line' id='line_1_9' title="bbox 218 882 1811 962; baseline -0.004 -18"><span class='ocrx_word' id='word_1_55' title='bbox 218 888 490 962; x_wconf 81' lang='lat' dir='ltr'><strong>paruerit,</strong></span> <span class='ocrx_word' id='word_1_56' title='bbox 520 902 644 944; x_wconf 91' lang='lat' dir='ltr'><strong>cum</strong></span> <span class='ocrx_word' id='word_1_57' title='bbox 671 885 865 956; x_wconf 87' lang='lat' dir='ltr'><strong>gaudio</strong></span> <span class='ocrx_word' id='word_1_58' title='bbox 880 894 1139 956; x_wconf 85' lang='lat' dir='ltr'><strong>etmagna</strong></span> <span class='ocrx_word' id='word_1_59' title='bbox 1166 886 1446 941; x_wconf 90' lang='lat' dir='ltr'><strong>charitatis</strong></span> <span class='ocrx_word' id='word_1_60' title='bbox 1475 884 1673 940; x_wconf 87' lang='lat' dir='ltr'><strong>liducia</strong></span> <span class='ocrx_word' id='word_1_61' title='bbox 1695 882 1811 954; x_wconf 88' lang='lat' dir='ltr'><strong>pla-</strong></span> 
     </span>
    </p>
   </div>
   <div class='ocr_carea' id='block_1_10' title="bbox 217 975 1811 1046">
    <p class='ocr_par' dir='ltr' id='par_1_10' title="bbox 217 975 1811 1046">
     <span class='ocr_line' id='line_1_10' title="bbox 217 975 1811 1046; baseline -0.004 -12"><span class='ocrx_word' id='word_1_62' title='bbox 217 987 411 1035; x_wconf 86' lang='lat' dir='ltr'><strong>centes</strong></span> <span class='ocrx_word' id='word_1_63' title='bbox 451 992 819 1035; x_wconf 84' lang='lat' dir='ltr'><strong>occurramus.</strong></span> <span class='ocrx_word' id='word_1_64' title='bbox 848 975 1022 1043; x_wconf 89' lang='lat' dir='ltr'><strong>Quam</strong></span> <span class='ocrx_word' id='word_1_65' title='bbox 1062 976 1225 1043; x_wconf 85' lang='lat' dir='ltr'><strong>beati,</strong></span> <span class='ocrx_word' id='word_1_66' title='bbox 1249 991 1412 1046; x_wconf 84' lang='lat' dir='ltr'><strong>quam</strong></span> <span class='ocrx_word' id='word_1_67' title='bbox 1457 975 1641 1031; x_wconf 83' lang='lat' dir='ltr'><strong>felices</strong></span> <span class='ocrx_word' id='word_1_68' title='bbox 1678 976 1811 1029; x_wconf 83' lang='lat' dir='ltr'><strong>servi</strong></span> 
     </span>
    </p>
   </div>
   <div class='ocr_carea' id='block_1_11' title="bbox 218 1067 1811 1141">
    <p class='ocr_par' dir='ltr' id='par_1_11' title="bbox 218 1067 1811 1141">
     <span class='ocr_line' id='line_1_11' title="bbox 218 1067 1811 1141; baseline -0.001 -18"><span class='ocrx_word' id='word_1_69' title='bbox 218 1069 344 1134; x_wconf 87' lang='lat' dir='ltr'><strong>illi,</strong></span> <span class='ocrx_word' id='word_1_70' title='bbox 383 1085 508 1141; x_wconf 84' lang='lat' dir='ltr'><strong>quos</strong></span> <span class='ocrx_word' id='word_1_71' title='bbox 540 1084 656 1131; x_wconf 86' lang='lat' dir='ltr'><strong>cum</strong></span> <span class='ocrx_word' id='word_1_72' title='bbox 705 1070 904 1125; x_wconf 75' lang='lat' dir='ltr'><strong>venerit</strong></span> <span class='ocrx_word' id='word_1_73' title='bbox 946 1068 1234 1137; x_wconf 76' lang='lat' dir='ltr'><strong>Dominus,</strong></span> <span class='ocrx_word' id='word_1_74' title='bbox 1276 1069 1498 1124; x_wconf 80' lang='lat' dir='ltr'><strong>inveniet</strong></span> <span class='ocrx_word' id='word_1_75' title='bbox 1539 1067 1811 1140; x_wconf 79' lang='lat' dir='ltr'><strong>vigilantes</strong></span> 
     </span>
    </p>
   </div>
   <div class='ocr_carea' id='block_1_12' title="bbox 220 1160 1815 1235">
    <p class='ocr_par' dir='ltr' id='par_1_12' title="bbox 220 1160 1815 1235">
     <span class='ocr_line' id='line_1_12' title="bbox 220 1160 1815 1235; baseline -0.003 -16"><span class='ocrx_word' id='word_1_76' title='bbox 220 1164 377 1235; x_wconf 84' lang='lat' dir='ltr'><strong>(Luc.</strong></span> <span class='ocrx_word' id='word_1_77' title='bbox 405 1180 498 1231; x_wconf 85' lang='lat' dir='ltr'><strong>xu,</strong></span> <span class='ocrx_word' id='word_1_78' title='bbox 530 1164 654 1232; x_wconf 77' lang='lat'><strong>57)!</strong></span> <span class='ocrx_word' id='word_1_79' title='bbox 689 1163 851 1219; x_wconf 87' lang='lat' dir='ltr'><strong>Beata</strong></span> <span class='ocrx_word' id='word_1_80' title='bbox 876 1164 1087 1234; x_wconf 78' lang='lat' dir='ltr'><strong>vigilia,</strong></span> <span class='ocrx_word' id='word_1_81' title='bbox 1120 1178 1224 1235; x_wconf 93' lang='lat' dir='ltr'><strong>qua</strong></span> <span class='ocrx_word' id='word_1_82' title='bbox 1254 1163 1323 1218; x_wconf 90' lang='lat' dir='ltr'><strong>ad</strong></span> <span class='ocrx_word' id='word_1_83' title='bbox 1349 1163 1518 1218; x_wconf 89' lang='lat' dir='ltr'><strong>Deum</strong></span> <span class='ocrx_word' id='word_1_84' title='bbox 1556 1160 1815 1218; x_wconf 89' lang='lat' dir='ltr'><strong>universi-</strong></span> 
     </span>
    </p>
   </div>
   <div class='ocr_carea' id='block_1_13' title="bbox 222 1251 1813 1325">
    <p class='ocr_par' dir='ltr' id='par_1_13' title="bbox 222 1251 1813 1325">
     <span class='ocr_line' id='line_1_13' title="bbox 222 1251 1813 1325; baseline -0.002 -14"><span class='ocrx_word' id='word_1_85' title='bbox 222 1256 355 1311; x_wconf 88' lang='lat' dir='ltr'><strong>tatis</strong></span> <span class='ocrx_word' id='word_1_86' title='bbox 379 1264 683 1320; x_wconf 79' lang='lat' dir='ltr'><strong>auctorem,</strong></span> <span class='ocrx_word' id='word_1_87' title='bbox 711 1256 893 1311; x_wconf 91' lang='lat' dir='ltr'><strong>omnia</strong></span> <span class='ocrx_word' id='word_1_88' title='bbox 923 1255 1235 1325; x_wconf 88' lang='lat' dir='ltr'><strong>implentem</strong></span> <span class='ocrx_word' id='word_1_89' title='bbox 1257 1263 1313 1315; x_wconf 90' lang='lat' dir='ltr'><strong>ct</strong></span> <span class='ocrx_word' id='word_1_90' title='bbox 1339 1254 1519 1310; x_wconf 87' lang='lat' dir='ltr'><strong>omnia</strong></span> <span class='ocrx_word' id='word_1_91' title='bbox 1544 1251 1813 1309; x_wconf 88' lang='lat' dir='ltr'><strong>exceden-</strong></span> 
     </span>
    </p>
   </div>
   <div class='ocr_carea' id='block_1_14' title="bbox 223 1345 1810 1423">
    <p class='ocr_par' dir='ltr' id='par_1_14' title="bbox 223 1345 1810 1423">
     <span class='ocr_line' id='line_1_14' title="bbox 223 1345 1810 1423; baseline -0.001 -23"><span class='ocrx_word' id='word_1_92' title='bbox 223 1355 360 1417; x_wconf 79' lang='lat' dir='ltr'><strong>tem,</strong></span> <span class='ocrx_word' id='word_1_93' title='bbox 378 1346 647 1415; x_wconf 77' lang='lat' dir='ltr'><strong>vigilatur.</strong></span> <span class='ocrx_word' id='word_1_94' title='bbox 677 1345 893 1402; x_wconf 87' lang='lat' dir='ltr'><strong>Utinam</strong></span> <span class='ocrx_word' id='word_1_95' title='bbox 915 1362 1002 1405; x_wconf 87' lang='lat' dir='ltr'><strong>me</strong></span> <span class='ocrx_word' id='word_1_96' title='bbox 1024 1361 1261 1423; x_wconf 88' lang='lat' dir='ltr'><strong>quoque,</strong></span> <span class='ocrx_word' id='word_1_97' title='bbox 1289 1346 1449 1402; x_wconf 90' lang='lat' dir='ltr'><strong>vilem</strong></span> <span class='ocrx_word' id='word_1_98' title='bbox 1473 1346 1618 1415; x_wconf 88' lang='lat' dir='ltr'><strong>licet,</strong></span> <span class='ocrx_word' id='word_1_99' title='bbox 1649 1360 1810 1403; x_wconf 90' lang='lat' dir='ltr'><strong>suum</strong></span> 
     </span>
    </p>
   </div>
   <div class='ocr_carea' id='block_1_15' title="bbox 223 1440 1814 1511">
    <p class='ocr_par' dir='ltr' id='par_1_15' title="bbox 223 1440 1814 1511">
     <span class='ocr_line' id='line_1_15' title="bbox 223 1440 1814 1511; baseline 0.002 -18"><span class='ocrx_word' id='word_1_100' title='bbox 223 1447 408 1495; x_wconf 88' lang='lat' dir='ltr'><strong>tamen</strong></span> <span class='ocrx_word' id='word_1_101' title='bbox 457 1441 762 1504; x_wconf 86' lang='lat' dir='ltr'><strong>servulum,</strong></span> <span class='ocrx_word' id='word_1_102' title='bbox 791 1441 865 1496; x_wconf 88' lang='lat' dir='ltr'><strong>ita</strong></span> <span class='ocrx_word' id='word_1_103' title='bbox 894 1440 1212 1511; x_wconf 80' lang='lat' dir='ltr'><strong>dignaretur</strong></span> <span class='ocrx_word' id='word_1_104' title='bbox 1257 1441 1324 1497; x_wconf 90' lang='lat' dir='ltr'><strong>de</strong></span> <span class='ocrx_word' id='word_1_105' title='bbox 1375 1456 1565 1497; x_wconf 88' lang='lat' dir='ltr'><strong>somno</strong></span> <span class='ocrx_word' id='word_1_106' title='bbox 1609 1440 1814 1496; x_wconf 72' lang='lat' dir='ltr'><strong>inertia:</strong></span> 
     </span>
    </p>
   </div>
   <div class='ocr_carea' id='block_1_16' title="bbox 222 1530 1813 1602">
    <p class='ocr_par' dir='ltr' id='par_1_16' title="bbox 222 1530 1813 1602">
     <span class='ocr_line' id='line_1_16' title="bbox 222 1530 1813 1602; baseline 0 -14"><span class='ocrx_word' id='word_1_107' title='bbox 222 1532 470 1598; x_wconf 71' lang='lat' dir='ltr'><strong>excitare</strong></span> <span class='ocrx_word' id='word_1_108' title='bbox 494 1571 510 1595; x_wconf 94' lang='lat'><strong>,</strong></span> <span class='ocrx_word' id='word_1_109' title='bbox 540 1530 611 1586; x_wconf 91' lang='lat' dir='ltr'><strong>ita</strong></span> <span class='ocrx_word' id='word_1_110' title='bbox 643 1532 735 1587; x_wconf 92' lang='lat' dir='ltr'><strong>illo</strong></span> <span class='ocrx_word' id='word_1_111' title='bbox 762 1532 957 1589; x_wconf 77' lang='lat' dir='ltr'><strong>divina:</strong></span> <span class='ocrx_word' id='word_1_112' title='bbox 1003 1533 1280 1588; x_wconf 83' lang='lat' dir='ltr'><strong>charitatis</strong></span> <span class='ocrx_word' id='word_1_113' title='bbox 1331 1532 1452 1602; x_wconf 91' lang='lat' dir='ltr'><strong>igne</strong></span> <span class='ocrx_word' id='word_1_114' title='bbox 1497 1532 1813 1599; x_wconf 83' lang='lat' dir='ltr'><strong>accendere,</strong></span> 
     </span>
    </p>
   </div>
   <div class='ocr_carea' id='block_1_17' title="bbox 226 1621 1814 1694">
    <p class='ocr_par' dir='ltr' id='par_1_17' title="bbox 226 1621 1814 1694">
     <span class='ocr_line' id='line_1_17' title="bbox 226 1621 1814 1694; baseline -0.003 -14"><span class='ocrx_word' id='word_1_115' title='bbox 226 1640 342 1694; x_wconf 92' lang='lat' dir='ltr'><strong>quo</strong></span> <span class='ocrx_word' id='word_1_116' title='bbox 369 1639 534 1694; x_wconf 90' lang='lat' dir='ltr'><strong>supra</strong></span> <span class='ocrx_word' id='word_1_117' title='bbox 556 1624 732 1680; x_wconf 84' lang='lat' dir='ltr'><strong>sidera</strong></span> <span class='ocrx_word' id='word_1_118' title='bbox 749 1624 1131 1681; x_wconf 86' lang='lat' dir='ltr'><strong>exardesceret</strong></span> <span class='ocrx_word' id='word_1_119' title='bbox 1156 1639 1266 1679; x_wconf 73' lang='lat' dir='ltr'><strong>sua:</strong></span> <span class='ocrx_word' id='word_1_120' title='bbox 1285 1624 1566 1685; x_wconf 85' lang='lat' dir='ltr'><strong>charitatis</strong></span> <span class='ocrx_word' id='word_1_121' title='bbox 1580 1621 1814 1690; x_wconf 87' lang='lat' dir='ltr'><strong>ﬂamma,</strong></span> 
     </span>
    </p>
   </div>
   <div class='ocr_carea' id='block_1_18' title="bbox 223 1714 1815 1785">
    <p class='ocr_par' dir='ltr' id='par_1_18' title="bbox 223 1714 1815 1785">
     <span class='ocr_line' id='line_1_18' title="bbox 223 1714 1815 1785; baseline -0.001 -14"><span class='ocrx_word' id='word_1_122' title='bbox 223 1730 342 1772; x_wconf 70' lang='lat' dir='ltr'><strong>sua:</strong></span> <span class='ocrx_word' id='word_1_123' title='bbox 370 1715 548 1769; x_wconf 64' lang='lat' dir='ltr'><strong>nimiae</strong></span> <span class='ocrx_word' id='word_1_124' title='bbox 576 1715 882 1771; x_wconf 87' lang='lat' dir='ltr'><strong>dilectionis</strong></span> <span class='ocrx_word' id='word_1_125' title='bbox 910 1714 1266 1782; x_wconf 86' lang='lat' dir='ltr'><strong>desiderium,</strong></span> <span class='ocrx_word' id='word_1_126' title='bbox 1311 1730 1635 1785; x_wconf 82' lang='lat' dir='ltr'><strong>semperque</strong></span> <span class='ocrx_word' id='word_1_127' title='bbox 1675 1714 1815 1770; x_wconf 89' lang='lat' dir='ltr'><strong>divi—</strong></span> 
     </span>
    </p>
   </div>
   <div class='ocr_carea' id='block_1_19' title="bbox 1913 518 3493 599">
    <p class='ocr_par' dir='ltr' id='par_1_19' title="bbox 1913 518 3493 599">
     <span class='ocr_line' id='line_1_19' title="bbox 1913 518 3493 599; baseline 0.008 -24"><span class='ocrx_word' id='word_1_128' title='bbox 1913 518 2182 592; x_wconf 87' lang='lat' dir='ltr'><strong>superﬂua</strong></span> <span class='ocrx_word' id='word_1_129' title='bbox 2236 521 2355 578; x_wconf 89' lang='lat' dir='ltr'><strong>aliis</strong></span> <span class='ocrx_word' id='word_1_130' title='bbox 2403 522 2648 586; x_wconf 82' lang='lat' dir='ltr'><strong>videatur</strong></span> <span class='ocrx_word' id='word_1_131' title='bbox 2694 523 2796 580; x_wconf 89' lang='lat' dir='ltr'><strong>ista</strong></span> <span class='ocrx_word' id='word_1_132' title='bbox 2846 532 3032 587; x_wconf 83' lang='lat' dir='ltr'><strong>nostra</strong></span> <span class='ocrx_word' id='word_1_133' title='bbox 3080 526 3414 599; x_wconf 89' lang='lat' dir='ltr'><strong>loquacitas,</strong></span> <span class='ocrx_word' id='word_1_134' title='bbox 3462 547 3493 586; x_wconf 92' lang='lat' dir='ltr'><strong>a</strong></span> 
     </span>
    </p>
   </div>
   <div class='ocr_carea' id='block_1_20' title="bbox 1915 611 3495 689">
    <p class='ocr_par' dir='ltr' id='par_1_20' title="bbox 1915 611 3495 689">
     <span class='ocr_line' id='line_1_20' title="bbox 1915 611 3495 689; baseline 0.009 -23"><span class='ocrx_word' id='word_1_135' title='bbox 1915 611 2069 689; x_wconf 87' lang='lat' dir='ltr'><strong>nobis</strong></span> <span class='ocrx_word' id='word_1_136' title='bbox 2097 618 2276 668; x_wconf 91' lang='lat' dir='ltr'><strong>tamen</strong></span> <span class='ocrx_word' id='word_1_137' title='bbox 2304 622 2607 684; x_wconf 90' lang='lat' dir='ltr'><strong>opportune</strong></span> <span class='ocrx_word' id='word_1_138' title='bbox 2634 616 2789 673; x_wconf 88' lang='lat' dir='ltr'><strong>nobis</strong></span> <span class='ocrx_word' id='word_1_139' title='bbox 2812 632 2994 674; x_wconf 81' lang='lat' dir='ltr'><strong>sermo</strong></span> <span class='ocrx_word' id='word_1_140' title='bbox 3021 628 3172 677; x_wconf 87' lang='lat' dir='ltr'><strong>ortus</strong></span> <span class='ocrx_word' id='word_1_141' title='bbox 3194 635 3314 679; x_wconf 89' lang='lat' dir='ltr'><strong>esse</strong></span> <span class='ocrx_word' id='word_1_142' title='bbox 3342 622 3495 679; x_wconf 88' lang='lat' dir='ltr'><strong>duei-</strong></span> 
     </span>
    </p>
   </div>
   <div class='ocr_carea' id='block_1_21' title="bbox 1916 703 3495 781">
    <p class='ocr_par' dir='ltr' id='par_1_21' title="bbox 1916 703 3495 781">
     <span class='ocr_line' id='line_1_21' title="bbox 1916 703 3495 781; baseline 0.009 -26"><span class='ocrx_word' id='word_1_143' title='bbox 1916 707 2002 756; x_wconf 92' lang='lat' dir='ltr'><strong>tur</strong></span> <span class='ocrx_word' id='word_1_144' title='bbox 2033 720 2046 755; x_wconf 91' lang='lat'><strong>:</strong></span> <span class='ocrx_word' id='word_1_145' title='bbox 2078 718 2185 759; x_wconf 92' lang='lat' dir='ltr'><strong>non</strong></span> <span class='ocrx_word' id='word_1_146' title='bbox 2215 703 2358 761; x_wconf 90' lang='lat' dir='ltr'><strong>enim</strong></span> <span class='ocrx_word' id='word_1_147' title='bbox 2390 712 2496 760; x_wconf 90' lang='lat' dir='ltr'><strong>tam</strong></span> <span class='ocrx_word' id='word_1_148' title='bbox 2523 706 2750 764; x_wconf 87' lang='lat' dir='ltr'><strong>alienam</strong></span> <span class='ocrx_word' id='word_1_149' title='bbox 2774 747 2790 775; x_wconf 85' lang='lat'><strong>,</strong></span> <span class='ocrx_word' id='word_1_150' title='bbox 2819 722 2981 779; x_wconf 87' lang='lat' dir='ltr'><strong>quam</strong></span> <span class='ocrx_word' id='word_1_151' title='bbox 3033 711 3308 781; x_wconf 79' lang='lat' dir='ltr'><strong>propriam</strong></span> <span class='ocrx_word' id='word_1_152' title='bbox 3345 715 3495 769; x_wconf 81' lang='lat' dir='ltr'><strong>exci-</strong></span> 
     </span>
    </p>
   </div>
   <div class='ocr_carea' id='block_1_22' title="bbox 1915 796 3493 869">
    <p class='ocr_par' dir='ltr' id='par_1_22' title="bbox 1915 796 3493 869">
     <span class='ocr_line' id='line_1_22' title="bbox 1915 796 3493 869; baseline 0.008 -22"><span class='ocrx_word' id='word_1_153' title='bbox 1915 799 2029 848; x_wconf 90' lang='lat' dir='ltr'><strong>tare</strong></span> <span class='ocrx_word' id='word_1_154' title='bbox 2069 807 2329 850; x_wconf 91' lang='lat' dir='ltr'><strong>conamur</strong></span> <span class='ocrx_word' id='word_1_155' title='bbox 2376 796 2673 864; x_wconf 80' lang='lat' dir='ltr'><strong>ignaviam;</strong></span> <span class='ocrx_word' id='word_1_156' title='bbox 2705 812 2769 853; x_wconf 91' lang='lat' dir='ltr'><strong>ac</strong></span> <span class='ocrx_word' id='word_1_157' title='bbox 2790 797 3010 869; x_wconf 89' lang='lat' dir='ltr'><strong>insuper</strong></span> <span class='ocrx_word' id='word_1_158' title='bbox 3036 802 3285 869; x_wconf 90' lang='lat' dir='ltr'><strong>quamvis</strong></span> <span class='ocrx_word' id='word_1_159' title='bbox 3315 804 3493 861; x_wconf 87' lang='lat' dir='ltr'><strong>minus</strong></span> 
     </span>
    </p>
   </div>
   <div class='ocr_carea' id='block_1_23' title="bbox 1912 883 3494 963">
    <p class='ocr_par' dir='ltr' id='par_1_23' title="bbox 1912 883 3494 963">
     <span class='ocr_line' id='line_1_23' title="bbox 1912 883 3494 963; baseline 0.009 -24"><span class='ocrx_word' id='word_1_160' title='bbox 1912 883 2167 954; x_wconf 76' lang='lat' dir='ltr'><strong>perfectis</strong></span> <span class='ocrx_word' id='word_1_161' title='bbox 2211 886 2542 961; x_wconf 86' lang='lat' dir='ltr'><strong>sapientibus</strong></span> <span class='ocrx_word' id='word_1_162' title='bbox 2591 888 2912 951; x_wconf 78' lang='lat' dir='ltr'><strong>satisfecerit</strong></span> <span class='ocrx_word' id='word_1_163' title='bbox 2952 891 3054 947; x_wconf 90' lang='lat' dir='ltr'><strong>ista</strong></span> <span class='ocrx_word' id='word_1_164' title='bbox 3082 894 3389 963; x_wconf 88' lang='lat' dir='ltr'><strong>excogitata</strong></span> <span class='ocrx_word' id='word_1_165' title='bbox 3421 911 3494 953; x_wconf 88' lang='lat' dir='ltr'><strong>ex</strong></span> 
     </span>
    </p>
   </div>
   <div class='ocr_carea' id='block_1_24' title="bbox 1914 977 3499 1050">
    <p class='ocr_par' dir='ltr' id='par_1_24' title="bbox 1914 977 3499 1050">
     <span class='ocr_line' id='line_1_24' title="bbox 1914 977 3499 1050; baseline 0.009 -20"><span class='ocrx_word' id='word_1_166' title='bbox 1914 984 2068 1046; x_wconf 90' lang='lat' dir='ltr'><strong>parte</strong></span> <span class='ocrx_word' id='word_1_167' title='bbox 2094 977 2380 1047; x_wconf 90' lang='lat' dir='ltr'><strong>sapientia,</strong></span> <span class='ocrx_word' id='word_1_168' title='bbox 2406 979 2784 1050; x_wconf 87' lang='lat' dir='ltr'><strong>incipientibus</strong></span> <span class='ocrx_word' id='word_1_169' title='bbox 2804 992 3001 1050; x_wconf 90' lang='lat' dir='ltr'><strong>tamen,</strong></span> <span class='ocrx_word' id='word_1_170' title='bbox 3026 1000 3092 1040; x_wconf 90' lang='lat' dir='ltr'><strong>ac</strong></span> <span class='ocrx_word' id='word_1_171' title='bbox 3118 995 3318 1044; x_wconf 66' lang='lat' dir='ltr'><strong>nostris</strong></span> <span class='ocrx_word' id='word_1_172' title='bbox 3346 1004 3499 1044; x_wconf 77' lang='lat' dir='ltr'><strong>inen-</strong></span> 
     </span>
    </p>
   </div>
   <div class='ocr_carea' id='block_1_25' title="bbox 1913 1067 3494 1146">
    <p class='ocr_par' dir='ltr' id='par_1_25' title="bbox 1913 1067 3494 1146">
     <span class='ocr_line' id='line_1_25' title="bbox 1913 1067 3494 1146; baseline 0.007 -24"><span class='ocrx_word' id='word_1_173' title='bbox 1913 1082 2052 1123; x_wconf 71' lang='lat' dir='ltr'><strong>sum:</strong></span> <span class='ocrx_word' id='word_1_174' title='bbox 2081 1067 2273 1138; x_wconf 90' lang='lat' dir='ltr'><strong>tepidis</strong></span> <span class='ocrx_word' id='word_1_175' title='bbox 2300 1071 2600 1125; x_wconf 86' lang='lat' dir='ltr'><strong>necessaria</strong></span> <span class='ocrx_word' id='word_1_176' title='bbox 2629 1079 2685 1125; x_wconf 86' lang='lat' dir='ltr'><strong>et</strong></span> <span class='ocrx_word' id='word_1_177' title='bbox 2711 1073 2841 1128; x_wconf 90' lang='lat' dir='ltr'><strong>satis</strong></span> <span class='ocrx_word' id='word_1_178' title='bbox 2882 1082 3010 1146; x_wconf 86' lang='lat' dir='ltr'><strong>apta</strong></span> <span class='ocrx_word' id='word_1_179' title='bbox 3035 1074 3325 1132; x_wconf 89' lang='lat' dir='ltr'><strong>videbitur.</strong></span> <span class='ocrx_word' id='word_1_180' title='bbox 3356 1078 3494 1144; x_wconf 84' lang='lat' dir='ltr'><strong>Quia</strong></span> 
     </span>
    </p>
   </div>
   <div class='ocr_carea' id='block_1_26' title="bbox 1913 1157 3500 1240">
    <p class='ocr_par' dir='ltr' id='par_1_26' title="bbox 1913 1157 3500 1240">
     <span class='ocr_line' id='line_1_26' title="bbox 1913 1157 3500 1240; baseline 0.009 -28"><span class='ocrx_word' id='word_1_181' title='bbox 1913 1157 2059 1227; x_wconf 92' lang='lat' dir='ltr'><strong>quod</strong></span> <span class='ocrx_word' id='word_1_182' title='bbox 2088 1167 2247 1214; x_wconf 89' lang='lat' dir='ltr'><strong>nocet</strong></span> <span class='ocrx_word' id='word_1_183' title='bbox 2274 1160 2556 1227; x_wconf 89' lang='lat' dir='ltr'><strong>abscondi,</strong></span> <span class='ocrx_word' id='word_1_184' title='bbox 2590 1163 2736 1232; x_wconf 87' lang='lat' dir='ltr'><strong>quod</strong></span> <span class='ocrx_word' id='word_1_185' title='bbox 2761 1174 2920 1221; x_wconf 88' lang='lat' dir='ltr'><strong>nocet</strong></span> <span class='ocrx_word' id='word_1_186' title='bbox 2945 1166 3109 1235; x_wconf 87' lang='lat' dir='ltr'><strong>sileri,</strong></span> <span class='ocrx_word' id='word_1_187' title='bbox 3143 1183 3251 1223; x_wconf 90' lang='lat' dir='ltr'><strong>non</strong></span> <span class='ocrx_word' id='word_1_188' title='bbox 3281 1170 3500 1240; x_wconf 83' lang='lat' dir='ltr'><strong>expedit</strong></span> 
     </span>
    </p>
   </div>
   <div class='ocr_carea' id='block_1_27' title="bbox 1914 1251 3499 1321">
    <p class='ocr_par' dir='ltr' id='par_1_27' title="bbox 1914 1251 3499 1321">
     <span class='ocr_line' id='line_1_27' title="bbox 1914 1251 3499 1321; baseline 0.01 -20"><span class='ocrx_word' id='word_1_189' title='bbox 1914 1254 2119 1318; x_wconf 89' lang='lat' dir='ltr'><strong>tegere,</strong></span> <span class='ocrx_word' id='word_1_190' title='bbox 2146 1262 2320 1317; x_wconf 89' lang='lat' dir='ltr'><strong>neque</strong></span> <span class='ocrx_word' id='word_1_191' title='bbox 2346 1251 2561 1321; x_wconf 91' lang='lat' dir='ltr'><strong>expedit</strong></span> <span class='ocrx_word' id='word_1_192' title='bbox 2580 1259 2793 1320; x_wconf 90' lang='lat' dir='ltr'><strong>tacere;</strong></span> <span class='ocrx_word' id='word_1_193' title='bbox 2818 1253 2943 1310; x_wconf 90' lang='lat' dir='ltr'><strong>inde</strong></span> <span class='ocrx_word' id='word_1_194' title='bbox 2962 1256 3106 1311; x_wconf 91' lang='lat' dir='ltr'><strong>enim</strong></span> <span class='ocrx_word' id='word_1_195' title='bbox 3126 1258 3316 1314; x_wconf 90' lang='lat' dir='ltr'><strong>melius</strong></span> <span class='ocrx_word' id='word_1_196' title='bbox 3339 1260 3499 1317; x_wconf 89' lang='lat' dir='ltr'><strong>nobis</strong></span> 
     </span>
    </p>
   </div>
   <div class='ocr_carea' id='block_1_28' title="bbox 1912 1339 3497 1419">
    <p class='ocr_par' dir='ltr' id='par_1_28' title="bbox 1912 1339 3497 1419">
     <span class='ocr_line' id='line_1_28' title="bbox 1912 1339 3497 1419; baseline 0.008 -23"><span class='ocrx_word' id='word_1_197' title='bbox 1912 1339 2061 1410; x_wconf 82' lang='lat' dir='ltr'><strong>loqui</strong></span> <span class='ocrx_word' id='word_1_198' title='bbox 2089 1342 2260 1397; x_wconf 89' lang='lat' dir='ltr'><strong>visum</strong></span> <span class='ocrx_word' id='word_1_199' title='bbox 2289 1351 2408 1410; x_wconf 87' lang='lat' dir='ltr'><strong>est,</strong></span> <span class='ocrx_word' id='word_1_200' title='bbox 2458 1344 2750 1413; x_wconf 89' lang='lat' dir='ltr'><strong>quamlibet</strong></span> <span class='ocrx_word' id='word_1_201' title='bbox 2793 1346 3065 1417; x_wconf 90' lang='lat' dir='ltr'><strong>impolite,</strong></span> <span class='ocrx_word' id='word_1_202' title='bbox 3099 1363 3260 1419; x_wconf 89' lang='lat' dir='ltr'><strong>quam</strong></span> <span class='ocrx_word' id='word_1_203' title='bbox 3290 1350 3451 1407; x_wconf 89' lang='lat' dir='ltr'><strong>silere</strong></span> <span class='ocrx_word' id='word_1_204' title='bbox 3483 1370 3497 1408; x_wconf 90' lang='lat'>:</span> 
     </span>
    </p>
   </div>
   <div class='ocr_carea' id='block_1_29' title="bbox 1914 1433 3502 1507">
    <p class='ocr_par' dir='ltr' id='par_1_29' title="bbox 1914 1433 3502 1507">
     <span class='ocr_line' id='line_1_29' title="bbox 1914 1433 3502 1507; baseline 0.008 -21"><span class='ocrx_word' id='word_1_205' title='bbox 1914 1433 2112 1487; x_wconf 91' lang='lat' dir='ltr'><strong>etenim</strong></span> <span class='ocrx_word' id='word_1_206' title='bbox 2141 1449 2201 1489; x_wconf 89' lang='lat' dir='ltr'><strong>re</strong></span> <span class='ocrx_word' id='word_1_207' title='bbox 2226 1450 2355 1489; x_wconf 89' lang='lat' dir='ltr'><strong>vera</strong></span> <span class='ocrx_word' id='word_1_208' title='bbox 2383 1435 2544 1490; x_wconf 90' lang='lat' dir='ltr'><strong>tutius</strong></span> <span class='ocrx_word' id='word_1_209' title='bbox 2572 1436 2641 1491; x_wconf 89' lang='lat' dir='ltr'><strong>de</strong></span> <span class='ocrx_word' id='word_1_210' title='bbox 2668 1436 2785 1492; x_wconf 88' lang='lat' dir='ltr'><strong>istis</strong></span> <span class='ocrx_word' id='word_1_211' title='bbox 2809 1480 2825 1506; x_wconf 92' lang='lat'><strong>,</strong></span> <span class='ocrx_word' id='word_1_212' title='bbox 2855 1454 3017 1507; x_wconf 90' lang='lat' dir='ltr'><strong>quam</strong></span> <span class='ocrx_word' id='word_1_213' title='bbox 3049 1447 3143 1494; x_wconf 91' lang='lat' dir='ltr'><strong>aut</strong></span> <span class='ocrx_word' id='word_1_214' title='bbox 3184 1440 3253 1496; x_wconf 91' lang='lat' dir='ltr'><strong>de</strong></span> <span class='ocrx_word' id='word_1_215' title='bbox 3296 1440 3502 1499; x_wconf 80' lang='lat' dir='ltr'><strong>frivolis</strong></span> 
     </span>
    </p>
   </div>
   <div class='ocr_carea' id='block_1_30' title="bbox 1916 1522 3502 1604">
    <p class='ocr_par' dir='ltr' id='par_1_30' title="bbox 1916 1522 3502 1604">
     <span class='ocr_line' id='line_1_30' title="bbox 1916 1522 3502 1604; baseline 0.008 -28"><span class='ocrx_word' id='word_1_216' title='bbox 1916 1522 2066 1590; x_wconf 89' lang='lat' dir='ltr'><strong>aliis,</strong></span> <span class='ocrx_word' id='word_1_217' title='bbox 2107 1533 2200 1579; x_wconf 92' lang='lat' dir='ltr'><strong>aut</strong></span> <span class='ocrx_word' id='word_1_218' title='bbox 2227 1525 2295 1581; x_wconf 89' lang='lat' dir='ltr'><strong>de</strong></span> <span class='ocrx_word' id='word_1_219' title='bbox 2318 1526 2506 1583; x_wconf 90' lang='lat' dir='ltr'><strong>otiosis</strong></span> <span class='ocrx_word' id='word_1_220' title='bbox 2531 1528 2897 1585; x_wconf 88' lang='lat' dir='ltr'><strong>sermocinare</strong></span> <span class='ocrx_word' id='word_1_221' title='bbox 2919 1529 3295 1599; x_wconf 89' lang='lat' dir='ltr'><strong>judicavimus.</strong></span> <span class='ocrx_word' id='word_1_222' title='bbox 3316 1532 3502 1604; x_wconf 86' lang='lat' dir='ltr'><strong>Itaque</strong></span> 
     </span>
    </p>
   </div>
   <div class='ocr_carea' id='block_1_31' title="bbox 1915 1612 3501 1691">
    <p class='ocr_par' dir='ltr' id='par_1_31' title="bbox 1915 1612 3501 1691">
     <span class='ocr_line' id='line_1_31' title="bbox 1915 1612 3501 1691; baseline 0.006 -25"><span class='ocrx_word' id='word_1_223' title='bbox 1915 1612 2111 1679; x_wconf 82' lang='lat' dir='ltr'><strong>adhuc,</strong></span> <span class='ocrx_word' id='word_1_224' title='bbox 2134 1612 2657 1684; x_wconf 81' lang='lat' dir='ltr'><strong>fratrescharissimi,</strong></span> <span class='ocrx_word' id='word_1_225' title='bbox 2674 1617 2834 1673; x_wconf 87' lang='lat' dir='ltr'><strong>dictis</strong></span> <span class='ocrx_word' id='word_1_226' title='bbox 2845 1619 3045 1676; x_wconf 86' lang='lat' dir='ltr'><strong>nostris</strong></span> <span class='ocrx_word' id='word_1_227' title='bbox 3066 1634 3225 1676; x_wconf 87' lang='lat' dir='ltr'><strong>aures</strong></span> <span class='ocrx_word' id='word_1_228' title='bbox 3245 1621 3501 1691; x_wconf 72' lang='lat' dir='ltr'><strong>pra-betc,</strong></span> 
     </span>
    </p>
   </div>
   <div class='ocr_carea' id='block_1_32' title="bbox 1920 1704 3501 1777">
    <p class='ocr_par' dir='ltr' id='par_1_32' title="bbox 1920 1704 3501 1777">
     <span class='ocr_line' id='line_1_32' title="bbox 1920 1704 3501 1777; baseline 0.005 -19"><span class='ocrx_word' id='word_1_229' title='bbox 1920 1704 2074 1772; x_wconf 87' lang='lat' dir='ltr'><strong>quasi</strong></span> <span class='ocrx_word' id='word_1_230' title='bbox 2114 1705 2313 1776; x_wconf 88' lang='lat' dir='ltr'><strong>aliquid</strong></span> <span class='ocrx_word' id='word_1_231' title='bbox 2341 1708 2702 1764; x_wconf 82' lang='lat' dir='ltr'><strong>necessarium</strong></span> <span class='ocrx_word' id='word_1_232' title='bbox 2737 1708 3010 1777; x_wconf 89' lang='lat' dir='ltr'><strong>audituri,</strong></span> <span class='ocrx_word' id='word_1_233' title='bbox 3054 1718 3109 1765; x_wconf 88' lang='lat' dir='ltr'><strong>et</strong></span> <span class='ocrx_word' id='word_1_234' title='bbox 3140 1710 3305 1767; x_wconf 91' lang='lat' dir='ltr'><strong>animi</strong></span> <span class='ocrx_word' id='word_1_235' title='bbox 3340 1712 3501 1767; x_wconf 90' lang='lat' dir='ltr'><strong>vestri</strong></span> 
     </span>
    </p>
   </div>
   <div class='ocr_carea' id='block_1_33' title="bbox 223 1790 3503 1876">
    <p class='ocr_par' dir='ltr' id='par_1_33' title="bbox 223 1790 3503 1876">
     <span class='ocr_line' id='line_1_33' title="bbox 223 1790 3503 1876; baseline 0.002 -24"><span class='ocrx_word' id='word_1_236' title='bbox 223 1822 331 1861; x_wconf 67' lang='lat' dir='ltr'><strong>nus</strong></span> <span class='ocrx_word' id='word_1_237' title='bbox 382 1806 519 1876; x_wconf 72' lang='lat' dir='ltr'><strong>ignis</strong></span> <span class='ocrx_word' id='word_1_238' title='bbox 572 1807 711 1862; x_wconf 65' lang='lat' dir='ltr'><strong>intra</strong></span> <span class='ocrx_word' id='word_1_239' title='bbox 762 1821 851 1862; x_wconf 78' lang='lat' dir='ltr'><strong>me</strong></span> <span class='ocrx_word' id='word_1_240' title='bbox 898 1806 1133 1863; x_wconf 63' lang='grc' dir='ltr'><strong>αιτιοι-ει,</strong></span> <span class='ocrx_word' id='word_1_241' title='bbox 1186 1805 1400 1863; x_wconf 62' lang='lat' dir='ltr'><strong>Urinam</strong></span> <span class='ocrx_word' id='word_1_242' title='bbox 1437 1807 1566 1861; x_wconf 72' lang='lat' dir='ltr'><strong>illud</strong></span> <span class='ocrx_word' id='word_1_243' title='bbox 1605 1807 1806 1875; x_wconf 67' lang='lat' dir='ltr'><strong>lignum</strong></span> <span class='ocrx_word' id='word_1_244' title='bbox 1837 1790 1886 1851; x_wconf 84' lang='lat' dir='ltr'><strong>B</strong></span> <span class='ocrx_word' id='word_1_245' title='bbox 1913 1796 2058 1851; x_wconf 85' lang='lat' dir='ltr'><strong>sitim</strong></span> <span class='ocrx_word' id='word_1_246' title='bbox 2084 1796 2251 1876; x_wconf 86' lang='lat' dir='ltr'><strong>divini</strong></span> <span class='ocrx_word' id='word_1_247' title='bbox 2271 1796 2435 1857; x_wconf 82' lang='lat' dir='ltr'><strong>fontis</strong></span> <span class='ocrx_word' id='word_1_248' title='bbox 2461 1799 2619 1857; x_wconf 89' lang='lat' dir='ltr'><strong>undis</strong></span> <span class='ocrx_word' id='word_1_249' title='bbox 2641 1799 2709 1856; x_wconf 89' lang='lat' dir='ltr'><strong>de</strong></span> <span class='ocrx_word' id='word_1_250' title='bbox 2735 1815 2844 1870; x_wconf 91' lang='lat' dir='ltr'><strong>quo</strong></span> <span class='ocrx_word' id='word_1_251' title='bbox 2871 1817 3016 1857; x_wconf 91' lang='lat' dir='ltr'><strong>nunc</strong></span> <span class='ocrx_word' id='word_1_252' title='bbox 3033 1802 3215 1859; x_wconf 88' lang='lat' dir='ltr'><strong>dicere</strong></span> <span class='ocrx_word' id='word_1_253' title='bbox 3235 1803 3503 1875; x_wconf 89' lang='lat' dir='ltr'><strong>cupimus,</strong></span> 
     </span>
    </p>
   </div>
   <div class='ocr_carea' id='block_1_34' title="bbox 221 1895 1809 1971">
    <p class='ocr_par' dir='ltr' id='par_1_34' title="bbox 221 1895 1809 1971">
     <span class='ocr_line' id='line_1_34' title="bbox 221 1895 1809 1971; baseline 0.001 -20"><span class='ocrx_word' id='word_1_254' title='bbox 221 1897 501 1963; x_wconf 87' lang='lat' dir='ltr'><strong>haberem,</strong></span> <span class='ocrx_word' id='word_1_255' title='bbox 525 1897 670 1966; x_wconf 90' lang='lat' dir='ltr'><strong>quod</strong></span> <span class='ocrx_word' id='word_1_256' title='bbox 696 1896 789 1953; x_wconf 92' lang='lat' dir='ltr'><strong>ille</strong></span> <span class='ocrx_word' id='word_1_257' title='bbox 817 1897 951 1966; x_wconf 85' lang='lat' dir='ltr'><strong>ignis</strong></span> <span class='ocrx_word' id='word_1_258' title='bbox 969 1896 1168 1966; x_wconf 90' lang='lat' dir='ltr'><strong>jugiter</strong></span> <span class='ocrx_word' id='word_1_259' title='bbox 1193 1897 1455 1953; x_wconf 87' lang='lat' dir='ltr'><strong>alteretur</strong></span> <span class='ocrx_word' id='word_1_260' title='bbox 1483 1895 1667 1971; x_wconf 81' lang='lat' dir='ltr'><strong>[Forte</strong></span> <span class='ocrx_word' id='word_1_261' title='bbox 1694 1897 1809 1953; x_wconf 88' lang='lat' dir='ltr'><strong>ale-</strong></span> 
     </span>
    </p>
   </div>
   <div class='ocr_carea' id='block_1_35' title="bbox 224 1986 1814 2059">
    <p class='ocr_par' dir='ltr' id='par_1_35' title="bbox 224 1986 1814 2059">
     <span class='ocr_line' id='line_1_35' title="bbox 224 1986 1814 2059; baseline 0.003 -18"><span class='ocrx_word' id='word_1_262' title='bbox 224 1986 422 2059; x_wconf 84' lang='lat' dir='ltr'><strong>retur],</strong></span> <span class='ocrx_word' id='word_1_263' title='bbox 464 1993 777 2057; x_wconf 89' lang='lat' dir='ltr'><strong>pasceretur</strong></span> <span class='ocrx_word' id='word_1_264' title='bbox 798 2026 814 2051; x_wconf 93' lang='lat'><strong>,</strong></span> <span class='ocrx_word' id='word_1_265' title='bbox 864 1987 1311 2055; x_wconf 88' lang='lat' dir='ltr'><strong>succenderetur;</strong></span> <span class='ocrx_word' id='word_1_266' title='bbox 1359 1996 1416 2043; x_wconf 91' lang='lat' dir='ltr'><strong>et</strong></span> <span class='ocrx_word' id='word_1_267' title='bbox 1460 1988 1550 2043; x_wconf 91' lang='lat' dir='ltr'><strong>illa</strong></span> <span class='ocrx_word' id='word_1_268' title='bbox 1598 1986 1814 2047; x_wconf 83' lang='lat' dir='ltr'><strong>ﬂamma</strong></span> 
     </span>
    </p>
   </div>
   <div class='ocr_carea' id='block_1_36' title="bbox 223 2076 1811 2148">
    <p class='ocr_par' dir='ltr' id='par_1_36' title="bbox 223 2076 1811 2148">
     <span class='ocr_line' id='line_1_36' title="bbox 223 2076 1811 2148; baseline 0.004 -18"><span class='ocrx_word' id='word_1_269' title='bbox 223 2077 541 2141; x_wconf 86' lang='lat' dir='ltr'><strong>nutriretur,</strong></span> <span class='ocrx_word' id='word_1_270' title='bbox 570 2091 689 2146; x_wconf 80' lang='lat' dir='ltr'><strong>qua:</strong></span> <span class='ocrx_word' id='word_1_271' title='bbox 742 2076 1011 2147; x_wconf 82' lang='lat' dir='ltr'><strong>exstingui</strong></span> <span class='ocrx_word' id='word_1_272' title='bbox 1062 2077 1317 2144; x_wconf 87' lang='lat' dir='ltr'><strong>nesciret,</strong></span> <span class='ocrx_word' id='word_1_273' title='bbox 1360 2086 1416 2133; x_wconf 91' lang='lat' dir='ltr'><strong>et</strong></span> <span class='ocrx_word' id='word_1_274' title='bbox 1466 2078 1655 2148; x_wconf 88' lang='lat' dir='ltr'><strong>augeri</strong></span> <span class='ocrx_word' id='word_1_275' title='bbox 1702 2092 1811 2136; x_wconf 89' lang='lat' dir='ltr'><strong>non</strong></span> 
     </span>
    </p>
   </div>
   <div class='ocr_carea' id='block_1_37' title="bbox 223 2165 1812 2235">
    <p class='ocr_par' dir='ltr' id='par_1_37' title="bbox 223 2165 1812 2235">
     <span class='ocr_line' id='line_1_37' title="bbox 223 2165 1812 2235; baseline -0.002 -8"><span class='ocrx_word' id='word_1_276' title='bbox 223 2166 483 2227; x_wconf 76' lang='lat' dir='ltr'><strong>nesciret.</strong></span> <span class='ocrx_word' id='word_1_277' title='bbox 514 2165 729 2223; x_wconf 89' lang='lat' dir='ltr'><strong>Utinam</strong></span> <span class='ocrx_word' id='word_1_278' title='bbox 752 2167 874 2224; x_wconf 89' lang='lat' dir='ltr'><strong>talis</strong></span> <span class='ocrx_word' id='word_1_279' title='bbox 892 2182 1068 2224; x_wconf 89' lang='lat' dir='ltr'><strong>essem</strong></span> <span class='ocrx_word' id='word_1_280' title='bbox 1097 2169 1322 2235; x_wconf 85' lang='lat' dir='ltr'><strong>meritis,</strong></span> <span class='ocrx_word' id='word_1_281' title='bbox 1353 2176 1412 2225; x_wconf 91' lang='lat' dir='ltr'><strong>ut</strong></span> <span class='ocrx_word' id='word_1_282' title='bbox 1439 2184 1560 2226; x_wconf 89' lang='lat' dir='ltr'><strong>mea</strong></span> <span class='ocrx_word' id='word_1_283' title='bbox 1591 2169 1812 2225; x_wconf 91' lang='lat' dir='ltr'><strong>lucerna</strong></span> 
     </span>
    </p>
   </div>
   <div class='ocr_carea' id='block_1_38' title="bbox 223 2258 1815 2330">
    <p class='ocr_par' dir='ltr' id='par_1_38' title="bbox 223 2258 1815 2330">
     <span class='ocr_line' id='line_1_38' title="bbox 223 2258 1815 2330; baseline 0.001 -17"><span class='ocrx_word' id='word_1_284' title='bbox 223 2271 443 2328; x_wconf 85' lang='lat' dir='ltr'><strong>semper</strong></span> <span class='ocrx_word' id='word_1_285' title='bbox 486 2266 646 2323; x_wconf 84' lang='lat' dir='ltr'><strong>nocte</strong></span> <span class='ocrx_word' id='word_1_286' title='bbox 696 2258 750 2313; x_wconf 93' lang='lat' dir='ltr'><strong>in</strong></span> <span class='ocrx_word' id='word_1_287' title='bbox 807 2258 1010 2329; x_wconf 83' lang='lat' dir='ltr'><strong>templo</strong></span> <span class='ocrx_word' id='word_1_288' title='bbox 1060 2259 1273 2317; x_wconf 91' lang='lat' dir='ltr'><strong>Domini</strong></span> <span class='ocrx_word' id='word_1_289' title='bbox 1328 2260 1437 2315; x_wconf 89' lang='lat' dir='ltr'><strong>mei</strong></span> <span class='ocrx_word' id='word_1_290' title='bbox 1486 2259 1723 2330; x_wconf 87' lang='lat' dir='ltr'><strong>arderet,</strong></span> <span class='ocrx_word' id='word_1_291' title='bbox 1754 2269 1815 2317; x_wconf 91' lang='lat' dir='ltr'><strong>ut</strong></span> 
     </span>
    </p>
   </div>
   <div class='ocr_carea' id='block_1_39' title="bbox 224 2348 1586 2408">
    <p class='ocr_par' dir='ltr' id='par_1_39' title="bbox 224 2348 1586 2408">
     <span class='ocr_line' id='line_1_39' title="bbox 224 2348 1586 2408; baseline -0.001 -1"><span class='ocrx_word' id='word_1_292' title='bbox 224 2349 478 2407; x_wconf 76' lang='lat' dir='ltr'><strong>ominibus</strong></span> <span class='ocrx_word' id='word_1_293' title='bbox 503 2348 719 2405; x_wconf 90' lang='lat' dir='ltr'><strong>domum</strong></span> <span class='ocrx_word' id='word_1_294' title='bbox 747 2349 839 2406; x_wconf 88' lang='lat' dir='ltr'><strong>Dei</strong></span> <span class='ocrx_word' id='word_1_295' title='bbox 867 2351 973 2405; x_wconf 89' lang='lat' dir='ltr'><strong>mei</strong></span> <span class='ocrx_word' id='word_1_296' title='bbox 1005 2351 1333 2408; x_wconf 87' lang='lat' dir='ltr'><strong>intrantibus</strong></span> <span class='ocrx_word' id='word_1_297' title='bbox 1361 2352 1586 2408; x_wconf 86' lang='lat' dir='ltr'><strong>luceret.</strong></span> 
     </span>
    </p>
   </div>
   <div class='ocr_carea' id='block_1_40' title="bbox 295 2439 1814 2512">
    <p class='ocr_par' dir='ltr' id='par_1_40' title="bbox 295 2439 1814 2512">
     <span class='ocr_line' id='line_1_40' title="bbox 295 2439 1814 2512; baseline 0.005 -15"><span class='ocrx_word' id='word_1_298' title='bbox 295 2439 386 2497; x_wconf 88' lang='lat' dir='ltr'><strong>lll.</strong></span> <span class='ocrx_word' id='word_1_299' title='bbox 421 2441 682 2509; x_wconf 84' lang='lat' dir='ltr'><strong>Domine,</strong></span> <span class='ocrx_word' id='word_1_300' title='bbox 731 2440 798 2496; x_wconf 90' lang='lat' dir='ltr'><strong>da</strong></span> <span class='ocrx_word' id='word_1_301' title='bbox 846 2442 977 2498; x_wconf 91' lang='lat' dir='ltr'><strong>mihi</strong></span> <span class='ocrx_word' id='word_1_302' title='bbox 1001 2482 1018 2508; x_wconf 92' lang='lat'><strong>,</strong></span> <span class='ocrx_word' id='word_1_303' title='bbox 1047 2457 1180 2512; x_wconf 89' lang='lat' dir='ltr'><strong>rogo</strong></span> <span class='ocrx_word' id='word_1_304' title='bbox 1212 2453 1265 2498; x_wconf 91' lang='lat' dir='ltr'><strong>te</strong></span> <span class='ocrx_word' id='word_1_305' title='bbox 1288 2485 1304 2511; x_wconf 92' lang='lat'><strong>,</strong></span> <span class='ocrx_word' id='word_1_306' title='bbox 1331 2443 1385 2498; x_wconf 92' lang='lat' dir='ltr'><strong>in</strong></span> <span class='ocrx_word' id='word_1_307' title='bbox 1428 2444 1644 2501; x_wconf 88' lang='lat' dir='ltr'><strong>nomine</strong></span> <span class='ocrx_word' id='word_1_308' title='bbox 1686 2443 1814 2505; x_wconf 82' lang='lat' dir='ltr'><strong>Jesu</strong></span> 
     </span>
    </p>
   </div>
   <div class='ocr_carea' id='block_1_41' title="bbox 224 2529 1816 2604">
    <p class='ocr_par' dir='ltr' id='par_1_41' title="bbox 224 2529 1816 2604">
     <span class='ocr_line' id='line_1_41' title="bbox 224 2529 1816 2604; baseline 0.003 -16"><span class='ocrx_word' id='word_1_309' title='bbox 224 2530 425 2588; x_wconf 90' lang='lat' dir='ltr'><strong>Christi</strong></span> <span class='ocrx_word' id='word_1_310' title='bbox 452 2529 571 2603; x_wconf 79' lang='lat' dir='ltr'><strong>Filii</strong></span> <span class='ocrx_word' id='word_1_311' title='bbox 601 2530 715 2597; x_wconf 82' lang='lat' dir='ltr'><strong>tui,</strong></span> <span class='ocrx_word' id='word_1_312' title='bbox 748 2531 841 2586; x_wconf 90' lang='lat' dir='ltr'><strong>Dei</strong></span> <span class='ocrx_word' id='word_1_313' title='bbox 884 2532 1032 2599; x_wconf 89' lang='lat' dir='ltr'><strong>mei,</strong></span> <span class='ocrx_word' id='word_1_314' title='bbox 1062 2532 1205 2588; x_wconf 89' lang='lat' dir='ltr'><strong>illam</strong></span> <span class='ocrx_word' id='word_1_315' title='bbox 1247 2548 1369 2604; x_wconf 67' lang='lat' dir='ltr'><strong>qua:</strong></span> <span class='ocrx_word' id='word_1_316' title='bbox 1421 2535 1592 2591; x_wconf 90' lang='lat' dir='ltr'><strong>nescit</strong></span> <span class='ocrx_word' id='word_1_317' title='bbox 1619 2535 1816 2593; x_wconf 87' lang='lat' dir='ltr'><strong>cadere</strong></span> 
     </span>
    </p>
   </div>
   <div class='ocr_carea' id='block_1_42' title="bbox 224 2622 1814 2696">
    <p class='ocr_par' dir='ltr' id='par_1_42' title="bbox 224 2622 1814 2696">
     <span class='ocr_line' id='line_1_42' title="bbox 224 2622 1814 2696; baseline 0.003 -19"><span class='ocrx_word' id='word_1_318' title='bbox 224 2622 579 2688; x_wconf 81' lang='lat' dir='ltr'><strong>charitatem,</strong></span> <span class='ocrx_word' id='word_1_319' title='bbox 619 2630 677 2676; x_wconf 92' lang='lat' dir='ltr'><strong>ut</strong></span> <span class='ocrx_word' id='word_1_320' title='bbox 701 2637 820 2678; x_wconf 92' lang='lat' dir='ltr'><strong>mea</strong></span> <span class='ocrx_word' id='word_1_321' title='bbox 845 2623 1064 2679; x_wconf 89' lang='lat' dir='ltr'><strong>lucerna</strong></span> <span class='ocrx_word' id='word_1_322' title='bbox 1093 2625 1319 2681; x_wconf 90' lang='lat' dir='ltr'><strong>accendi</strong></span> <span class='ocrx_word' id='word_1_323' title='bbox 1343 2625 1518 2692; x_wconf 88' lang='lat' dir='ltr'><strong>sciat,</strong></span> <span class='ocrx_word' id='word_1_324' title='bbox 1544 2628 1814 2696; x_wconf 77' lang='lat' dir='ltr'><strong>exstingui</strong></span> 
     </span>
    </p>
   </div>
   <div class='ocr_carea' id='block_1_43' title="bbox 226 2712 1814 2785">
    <p class='ocr_par' dir='ltr' id='par_1_43' title="bbox 226 2712 1814 2785">
     <span class='ocr_line' id='line_1_43' title="bbox 226 2712 1814 2785; baseline 0.004 -20"><span class='ocrx_word' id='word_1_325' title='bbox 226 2712 472 2777; x_wconf 81' lang='lat' dir='ltr'><strong>nesciat;</strong></span> <span class='ocrx_word' id='word_1_326' title='bbox 518 2713 648 2781; x_wconf 82' lang='lat' dir='ltr'><strong>mihi</strong></span> <span class='ocrx_word' id='word_1_327' title='bbox 691 2713 911 2779; x_wconf 85' lang='lat' dir='ltr'><strong>ardeat,</strong></span> <span class='ocrx_word' id='word_1_328' title='bbox 967 2714 1085 2769; x_wconf 89' lang='lat' dir='ltr'><strong>aliis</strong></span> <span class='ocrx_word' id='word_1_329' title='bbox 1138 2715 1332 2771; x_wconf 90' lang='lat' dir='ltr'><strong>luceat.</strong></span> <span class='ocrx_word' id='word_1_330' title='bbox 1382 2715 1501 2783; x_wconf 79' lang='lat' dir='ltr'><strong>&#39;l’u,</strong></span> <span class='ocrx_word' id='word_1_331' title='bbox 1558 2716 1814 2785; x_wconf 85' lang='lat' dir='ltr'><strong>Christe,</strong></span> 
     </span>
    </p>
   </div>
   <div class='ocr_carea' id='block_1_44' title="bbox 226 2804 1818 2877">
    <p class='ocr_par' dir='ltr' id='par_1_44' title="bbox 226 2804 1818 2877">
     <span class='ocr_line' id='line_1_44' title="bbox 226 2804 1818 2877; baseline 0.004 -19"><span class='ocrx_word' id='word_1_332' title='bbox 226 2804 476 2861; x_wconf 88' lang='lat' dir='ltr'><strong>lucernas</strong></span> <span class='ocrx_word' id='word_1_333' title='bbox 496 2814 706 2862; x_wconf 89' lang='lat' dir='ltr'><strong>nostras</strong></span> <span class='ocrx_word' id='word_1_334' title='bbox 726 2807 1020 2862; x_wconf 88' lang='lat' dir='ltr'><strong>accendere</strong></span> <span class='ocrx_word' id='word_1_335' title='bbox 1038 2806 1271 2877; x_wconf 85' lang='lat' dir='ltr'><strong>digneris</strong></span> <span class='ocrx_word' id='word_1_336' title='bbox 1288 2850 1302 2874; x_wconf 93' lang='lat'><strong>,</strong></span> <span class='ocrx_word' id='word_1_337' title='bbox 1325 2809 1634 2866; x_wconf 85' lang='lat' dir='ltr'><strong>dulcissime</strong></span> <span class='ocrx_word' id='word_1_338' title='bbox 1664 2809 1818 2866; x_wconf 91' lang='lat' dir='ltr'><strong>nobis</strong></span> 
     </span>
    </p>
   </div>
   <div class='ocr_carea' id='block_1_45' title="bbox 223 2892 1816 2973">
    <p class='ocr_par' dir='ltr' id='par_1_45' title="bbox 223 2892 1816 2973">
     <span class='ocr_line' id='line_1_45' title="bbox 223 2892 1816 2973; baseline 0.004 -21"><span class='ocrx_word' id='word_1_339' title='bbox 223 2892 484 2953; x_wconf 82' lang='lat' dir='ltr'><strong>Salvator</strong></span> <span class='ocrx_word' id='word_1_340' title='bbox 527 2906 741 2962; x_wconf 90' lang='lat' dir='ltr'><strong>noster,</strong></span> <span class='ocrx_word' id='word_1_341' title='bbox 789 2913 908 2968; x_wconf 64' lang='lat' dir='ltr'><strong>quae</strong></span> <span class='ocrx_word' id='word_1_342' title='bbox 958 2908 1219 2970; x_wconf 83' lang='lat' dir='ltr'><strong>perpetuo</strong></span> <span class='ocrx_word' id='word_1_343' title='bbox 1248 2900 1460 2957; x_wconf 91' lang='lat' dir='ltr'><strong>luceant</strong></span> <span class='ocrx_word' id='word_1_344' title='bbox 1506 2902 1560 2957; x_wconf 92' lang='lat' dir='ltr'><strong>in</strong></span> <span class='ocrx_word' id='word_1_345' title='bbox 1614 2903 1816 2973; x_wconf 85' lang='lat' dir='ltr'><strong>templo</strong></span> 
     </span>
    </p>
   </div>
   <div class='ocr_carea' id='block_1_46' title="bbox 223 2988 1811 3063">
    <p class='ocr_par' dir='ltr' id='par_1_46' title="bbox 223 2988 1811 3063">
     <span class='ocr_line' id='line_1_46' title="bbox 223 2988 1811 3063; baseline 0.004 -22"><span class='ocrx_word' id='word_1_346' title='bbox 223 2993 348 3057; x_wconf 75' lang='lat' dir='ltr'><strong>tuo,</strong></span> <span class='ocrx_word' id='word_1_347' title='bbox 378 3000 441 3041; x_wconf 88' lang='lat' dir='ltr'><strong>ac</strong></span> <span class='ocrx_word' id='word_1_348' title='bbox 460 3000 697 3056; x_wconf 90' lang='lat' dir='ltr'><strong>perenne</strong></span> <span class='ocrx_word' id='word_1_349' title='bbox 718 2988 896 3044; x_wconf 89' lang='lat' dir='ltr'><strong>lumen</strong></span> <span class='ocrx_word' id='word_1_350' title='bbox 923 3004 952 3043; x_wconf 91' lang='lat' dir='ltr'><strong>a</strong></span> <span class='ocrx_word' id='word_1_351' title='bbox 976 2997 1029 3045; x_wconf 90' lang='lat' dir='ltr'><strong>te</strong></span> <span class='ocrx_word' id='word_1_352' title='bbox 1049 2990 1271 3060; x_wconf 91' lang='lat' dir='ltr'><strong>perenni</strong></span> <span class='ocrx_word' id='word_1_353' title='bbox 1295 2990 1499 3046; x_wconf 90' lang='lat' dir='ltr'><strong>lumine</strong></span> <span class='ocrx_word' id='word_1_354' title='bbox 1523 2991 1811 3063; x_wconf 90' lang='lat' dir='ltr'><strong>accipiant,</strong></span> 
     </span>
    </p>
   </div>
   <div class='ocr_carea' id='block_1_47' title="bbox 224 3075 1814 3146">
    <p class='ocr_par' dir='ltr' id='par_1_47' title="bbox 224 3075 1814 3146">
     <span class='ocr_line' id='line_1_47' title="bbox 224 3075 1814 3146; baseline 0.005 -15"><span class='ocrx_word' id='word_1_355' title='bbox 224 3084 288 3132; x_wconf 84' lang='lat' dir='ltr'><strong>ut</strong></span> <span class='ocrx_word' id='word_1_356' title='bbox 317 3075 553 3131; x_wconf 59' lang='lat' dir='ltr'><strong>tenebrae</strong></span> <span class='ocrx_word' id='word_1_357' title='bbox 582 3086 777 3134; x_wconf 65' lang='lat' dir='ltr'><strong>nostra:</strong></span> <span class='ocrx_word' id='word_1_358' title='bbox 805 3079 1173 3135; x_wconf 89' lang='lat' dir='ltr'><strong>illuminentur</strong></span> <span class='ocrx_word' id='word_1_359' title='bbox 1194 3121 1209 3146; x_wconf 93' lang='lat'><strong>,</strong></span> <span class='ocrx_word' id='word_1_360' title='bbox 1241 3081 1426 3137; x_wconf 90' lang='lat' dir='ltr'><strong>mundi</strong></span> <span class='ocrx_word' id='word_1_361' title='bbox 1453 3091 1632 3137; x_wconf 88' lang='lat' dir='ltr'><strong>autem</strong></span> <span class='ocrx_word' id='word_1_362' title='bbox 1661 3091 1814 3139; x_wconf 87' lang='lat' dir='ltr'><strong>tene-</strong></span> 
     </span>
    </p>
   </div>
   <div class='ocr_carea' id='block_1_48' title="bbox 1914 1871 3502 1962">
    <p class='ocr_par' dir='ltr' id='par_1_48' title="bbox 1914 1871 3502 1962">
     <span class='ocr_line' id='line_1_48' title="bbox 1914 1871 3502 1962; baseline 0.005 -19"><span class='ocrx_word' id='word_1_363' title='bbox 1914 1871 2245 1955; x_wconf 82' lang='lat' dir='ltr'><strong>refocillate,</strong></span> <span class='ocrx_word' id='word_1_364' title='bbox 2301 1889 2399 1946; x_wconf 89' lang='lat' dir='ltr'><strong>sed</strong></span> <span class='ocrx_word' id='word_1_365' title='bbox 2448 1905 2558 1946; x_wconf 91' lang='lat' dir='ltr'><strong>non</strong></span> <span class='ocrx_word' id='word_1_366' title='bbox 2603 1891 2958 1962; x_wconf 76' lang='lat' dir='ltr'><strong>exstinguite;</strong></span> <span class='ocrx_word' id='word_1_367' title='bbox 3000 1893 3208 1960; x_wconf 88' lang='lat' dir='ltr'><strong>bibite,</strong></span> <span class='ocrx_word' id='word_1_368' title='bbox 3258 1871 3354 1952; x_wconf 76' lang='lat' dir='ltr'><strong>sed</strong></span> <span class='ocrx_word' id='word_1_369' title='bbox 3395 1911 3502 1951; x_wconf 92' lang='lat' dir='ltr'><strong>non</strong></span> 
     </span>
    </p>
   </div>
   <div class='ocr_carea' id='block_1_49' title="bbox 1914 1977 3501 2052">
    <p class='ocr_par' dir='ltr' id='par_1_49' title="bbox 1914 1977 3501 2052">
     <span class='ocr_line' id='line_1_49' title="bbox 1914 1977 3501 2052; baseline 0.005 -19"><span class='ocrx_word' id='word_1_370' title='bbox 1914 1978 2222 2046; x_wconf 86' lang='lat' dir='ltr'><strong>satiamini,</strong></span> <span class='ocrx_word' id='word_1_371' title='bbox 2263 1977 2374 2048; x_wconf 90' lang='lat' dir='ltr'><strong>jam</strong></span> <span class='ocrx_word' id='word_1_372' title='bbox 2420 1980 2563 2035; x_wconf 92' lang='lat' dir='ltr'><strong>enim</strong></span> <span class='ocrx_word' id='word_1_373' title='bbox 2610 1989 2768 2036; x_wconf 89' lang='lat' dir='ltr'><strong>vocat</strong></span> <span class='ocrx_word' id='word_1_374' title='bbox 2794 1996 2894 2038; x_wconf 89' lang='lat' dir='ltr'><strong>nos</strong></span> <span class='ocrx_word' id='word_1_375' title='bbox 2922 1983 2989 2037; x_wconf 89' lang='lat' dir='ltr'><strong>ad</strong></span> <span class='ocrx_word' id='word_1_376' title='bbox 3032 1997 3092 2040; x_wconf 85' lang='lat' dir='ltr'><strong>se</strong></span> <span class='ocrx_word' id='word_1_377' title='bbox 3137 1982 3280 2040; x_wconf 85' lang='lat' dir='ltr'><strong>Fons</strong></span> <span class='ocrx_word' id='word_1_378' title='bbox 3310 1984 3501 2052; x_wconf 88' lang='lat' dir='ltr'><strong>vivus,</strong></span> 
     </span>
    </p>
   </div>
   <div class='ocr_carea' id='block_1_50' title="bbox 1914 2066 3504 2141">
    <p class='ocr_par' dir='ltr' id='par_1_50' title="bbox 1914 2066 3504 2141">
     <span class='ocr_line' id='line_1_50' title="bbox 1914 2066 3504 2141; baseline 0.004 -19"><span class='ocrx_word' id='word_1_379' title='bbox 1914 2066 2059 2122; x_wconf 82' lang='lat' dir='ltr'><strong>Fons</strong></span> <span class='ocrx_word' id='word_1_380' title='bbox 2087 2069 2241 2135; x_wconf 61' lang='lat' dir='ltr'><strong>vitat,</strong></span> <span class='ocrx_word' id='word_1_381' title='bbox 2269 2076 2323 2123; x_wconf 88' lang='lat' dir='ltr'><strong>et</strong></span> <span class='ocrx_word' id='word_1_382' title='bbox 2351 2068 2482 2124; x_wconf 87' lang='lat' dir='ltr'><strong>dicit</strong></span> <span class='ocrx_word' id='word_1_383' title='bbox 2509 2086 2523 2123; x_wconf 87' lang='lat'><strong>:</strong></span> <span class='ocrx_word' id='word_1_384' title='bbox 2558 2067 2659 2136; x_wconf 80' lang='lat' dir='ltr'><strong>Qui</strong></span> <span class='ocrx_word' id='word_1_385' title='bbox 2698 2070 2807 2124; x_wconf 82' lang='lat' dir='ltr'><strong>sitit</strong></span> <span class='ocrx_word' id='word_1_386' title='bbox 2845 2073 3015 2127; x_wconf 80' lang='lat' dir='ltr'><strong>veniat</strong></span> <span class='ocrx_word' id='word_1_387' title='bbox 3040 2073 3110 2126; x_wconf 90' lang='lat' dir='ltr'><strong>ad</strong></span> <span class='ocrx_word' id='word_1_388' title='bbox 3137 2090 3218 2128; x_wconf 88' lang='lat' dir='ltr'><strong>me</strong></span> <span class='ocrx_word' id='word_1_389' title='bbox 3238 2115 3254 2141; x_wconf 92' lang='lat'><strong>,</strong></span> <span class='ocrx_word' id='word_1_390' title='bbox 3286 2084 3335 2128; x_wconf 87' lang='lat' dir='ltr'><strong>et</strong></span> <span class='ocrx_word' id='word_1_391' title='bbox 3362 2072 3504 2129; x_wconf 86' lang='lat' dir='ltr'><strong>bibat</strong></span> 
     </span>
    </p>
   </div>
   <div class='ocr_carea' id='block_1_51' title="bbox 1916 2159 3504 2233">
    <p class='ocr_par' dir='ltr' id='par_1_51' title="bbox 1916 2159 3504 2233">
     <span class='ocr_line' id='line_1_51' title="bbox 1916 2159 3504 2233; baseline 0.004 -19"><span class='ocrx_word' id='word_1_392' title='bbox 1916 2160 2097 2232; x_wconf 78' lang='lat' dir='ltr'><strong>(Joan.</strong></span> <span class='ocrx_word' id='word_1_393' title='bbox 2129 2176 2221 2229; x_wconf 87' lang='lat' dir='ltr'><strong>vn,</strong></span> <span class='ocrx_word' id='word_1_394' title='bbox 2246 2159 2360 2233; x_wconf 75' lang='lat'><strong>57).</strong></span> <span class='ocrx_word' id='word_1_395' title='bbox 2388 2162 2527 2229; x_wconf 84' lang='lat' dir='ltr'><strong>Quid</strong></span> <span class='ocrx_word' id='word_1_396' title='bbox 2556 2160 2751 2217; x_wconf 88' lang='lat' dir='ltr'><strong>bibatis</strong></span> <span class='ocrx_word' id='word_1_397' title='bbox 2774 2202 2790 2229; x_wconf 90' lang='lat'><strong>,</strong></span> <span class='ocrx_word' id='word_1_398' title='bbox 2828 2162 3128 2233; x_wconf 90' lang='lat' dir='ltr'><strong>intelligite.</strong></span> <span class='ocrx_word' id='word_1_399' title='bbox 3161 2164 3314 2220; x_wconf 91' lang='lat' dir='ltr'><strong>Dicat</strong></span> <span class='ocrx_word' id='word_1_400' title='bbox 3352 2164 3504 2222; x_wconf 87' lang='lat' dir='ltr'><strong>vobis</strong></span> 
     </span>
    </p>
   </div>
   <div class='ocr_carea' id='block_1_52' title="bbox 1914 2250 3503 2326">
    <p class='ocr_par' dir='ltr' id='par_1_52' title="bbox 1914 2250 3503 2326">
     <span class='ocr_line' id='line_1_52' title="bbox 1914 2250 3503 2326; baseline 0.002 -18"><span class='ocrx_word' id='word_1_401' title='bbox 1914 2252 2079 2317; x_wconf 82' lang='lat' dir='ltr'><strong>Isaias</strong></span> <span class='ocrx_word' id='word_1_402' title='bbox 2110 2250 2262 2324; x_wconf 85' lang='lat' dir='ltr'><strong>(Leg.</strong></span> <span class='ocrx_word' id='word_1_403' title='bbox 2308 2250 2616 2323; x_wconf 82' lang='lat' dir='ltr'><strong>Jeretnias),</strong></span> <span class='ocrx_word' id='word_1_404' title='bbox 2657 2253 2802 2310; x_wconf 87' lang='lat' dir='ltr'><strong>dicat</strong></span> <span class='ocrx_word' id='word_1_405' title='bbox 2844 2254 2997 2310; x_wconf 87' lang='lat' dir='ltr'><strong>vobis</strong></span> <span class='ocrx_word' id='word_1_406' title='bbox 3046 2253 3191 2310; x_wconf 87' lang='lat' dir='ltr'><strong>Fons</strong></span> <span class='ocrx_word' id='word_1_407' title='bbox 3218 2257 3334 2326; x_wconf 88' lang='lat' dir='ltr'><strong>ipse</strong></span> <span class='ocrx_word' id='word_1_408' title='bbox 3366 2272 3379 2308; x_wconf 91' lang='lat'><strong>:</strong></span> <span class='ocrx_word' id='word_1_409' title='bbox 3412 2254 3503 2311; x_wconf 82' lang='lat' dir='ltr'><strong>Me</strong></span> 
     </span>
    </p>
   </div>
   <div class='ocr_carea' id='block_1_53' title="bbox 1915 2345 3503 2420">
    <p class='ocr_par' dir='ltr' id='par_1_53' title="bbox 1915 2345 3503 2420">
     <span class='ocr_line' id='line_1_53' title="bbox 1915 2345 3503 2420; baseline 0 -20"><span class='ocrx_word' id='word_1_410' title='bbox 1915 2355 2085 2400; x_wconf 87' lang='lat' dir='ltr'><strong>autem</strong></span> <span class='ocrx_word' id='word_1_411' title='bbox 2108 2346 2483 2417; x_wconf 87' lang='lat' dir='ltr'><strong>dereliquerunt</strong></span> <span class='ocrx_word' id='word_1_412' title='bbox 2507 2345 2731 2402; x_wconf 84' lang='lat' dir='ltr'><strong>Fontem</strong></span> <span class='ocrx_word' id='word_1_413' title='bbox 2748 2364 2895 2420; x_wconf 78' lang='lat' dir='ltr'><strong>aqua:</strong></span> <span class='ocrx_word' id='word_1_414' title='bbox 2914 2349 3060 2416; x_wconf 74' lang='lat' dir='ltr'><strong>victe,</strong></span> <span class='ocrx_word' id='word_1_415' title='bbox 3096 2347 3222 2402; x_wconf 87' lang='lat' dir='ltr'><strong>dicit</strong></span> <span class='ocrx_word' id='word_1_416' title='bbox 3250 2345 3503 2402; x_wconf 87' lang='lat' dir='ltr'><strong>Dominus</strong></span> 
     </span>
    </p>
   </div>
   <div class='ocr_carea' id='block_1_54' title="bbox 1916 2434 3505 2508">
    <p class='ocr_par' dir='ltr' id='par_1_54' title="bbox 1916 2434 3505 2508">
     <span class='ocr_line' id='line_1_54' title="bbox 1916 2434 3505 2508; baseline -0.001 -13"><span class='ocrx_word' id='word_1_417' title='bbox 1916 2434 2051 2506; x_wconf 74' lang='lat' dir='ltr'><strong>(ler.</strong></span> <span class='ocrx_word' id='word_1_418' title='bbox 2078 2452 2137 2502; x_wconf 88' lang='lat' dir='ltr'><strong>u,</strong></span> <span class='ocrx_word' id='word_1_419' title='bbox 2170 2435 2280 2505; x_wconf 79' lang='grc'><strong>15).</strong></span> <span class='ocrx_word' id='word_1_420' title='bbox 2311 2436 2569 2493; x_wconf 86' lang='lat' dir='ltr'><strong>Dominus</strong></span> <span class='ocrx_word' id='word_1_421' title='bbox 2597 2451 2727 2507; x_wconf 85' lang='lat' dir='ltr'><strong>ergo</strong></span> <span class='ocrx_word' id='word_1_422' title='bbox 2771 2438 2889 2508; x_wconf 88' lang='lat' dir='ltr'><strong>ipse</strong></span> <span class='ocrx_word' id='word_1_423' title='bbox 2909 2477 2925 2503; x_wconf 92' lang='lat'><strong>,</strong></span> <span class='ocrx_word' id='word_1_424' title='bbox 2952 2438 3095 2494; x_wconf 90' lang='lat' dir='ltr'><strong>Deus</strong></span> <span class='ocrx_word' id='word_1_425' title='bbox 3133 2446 3319 2493; x_wconf 90' lang='lat' dir='ltr'><strong>noster</strong></span> <span class='ocrx_word' id='word_1_426' title='bbox 3345 2435 3505 2493; x_wconf 83' lang='lat' dir='ltr'><strong>Jesus</strong></span> 
     </span>
    </p>
   </div>
   <div class='ocr_carea' id='block_1_55' title="bbox 1916 2524 3505 2596">
    <p class='ocr_par' dir='ltr' id='par_1_55' title="bbox 1916 2524 3505 2596">
     <span class='ocr_line' id='line_1_55' title="bbox 1916 2524 3505 2596; baseline 0.002 -15"><span class='ocrx_word' id='word_1_427' title='bbox 1916 2524 2178 2593; x_wconf 86' lang='lat' dir='ltr'><strong>Christus,</strong></span> <span class='ocrx_word' id='word_1_428' title='bbox 2207 2536 2292 2583; x_wconf 91' lang='lat' dir='ltr'><strong>est</strong></span> <span class='ocrx_word' id='word_1_429' title='bbox 2332 2526 2476 2585; x_wconf 86' lang='lat' dir='ltr'><strong>Fons</strong></span> <span class='ocrx_word' id='word_1_430' title='bbox 2523 2527 2664 2596; x_wconf 78' lang='lat' dir='ltr'><strong>vitae,</strong></span> <span class='ocrx_word' id='word_1_431' title='bbox 2695 2536 2751 2583; x_wconf 90' lang='lat' dir='ltr'><strong>et</strong></span> <span class='ocrx_word' id='word_1_432' title='bbox 2790 2528 2915 2585; x_wconf 89' lang='lat' dir='ltr'><strong>ideo</strong></span> <span class='ocrx_word' id='word_1_433' title='bbox 2962 2529 3154 2584; x_wconf 83' lang='lat' dir='ltr'><strong>invitat</strong></span> <span class='ocrx_word' id='word_1_434' title='bbox 3183 2544 3283 2586; x_wconf 94' lang='lat' dir='ltr'><strong>nos</strong></span> <span class='ocrx_word' id='word_1_435' title='bbox 3328 2529 3397 2584; x_wconf 90' lang='lat' dir='ltr'><strong>ad</strong></span> <span class='ocrx_word' id='word_1_436' title='bbox 3444 2543 3505 2584; x_wconf 84' lang='lat' dir='ltr'><strong>sn</strong></span> 
     </span>
    </p>
   </div>
   <div class='ocr_carea' id='block_1_56' title="bbox 1915 2617 3503 2692">
    <p class='ocr_par' dir='ltr' id='par_1_56' title="bbox 1915 2617 3503 2692">
     <span class='ocr_line' id='line_1_56' title="bbox 1915 2617 3503 2692; baseline 0.001 -18"><span class='ocrx_word' id='word_1_437' title='bbox 1915 2617 2174 2685; x_wconf 90' lang='lat' dir='ltr'><strong>Fontem,</strong></span> <span class='ocrx_word' id='word_1_438' title='bbox 2205 2628 2265 2675; x_wconf 90' lang='lat' dir='ltr'><strong>ut</strong></span> <span class='ocrx_word' id='word_1_439' title='bbox 2309 2620 2458 2675; x_wconf 91' lang='lat' dir='ltr'><strong>illum</strong></span> <span class='ocrx_word' id='word_1_440' title='bbox 2504 2621 2769 2677; x_wconf 89' lang='lat' dir='ltr'><strong>bibamus.</strong></span> <span class='ocrx_word' id='word_1_441' title='bbox 2821 2619 2961 2676; x_wconf 91' lang='lat' dir='ltr'><strong>Bibit</strong></span> <span class='ocrx_word' id='word_1_442' title='bbox 3015 2636 3138 2677; x_wconf 91' lang='lat' dir='ltr'><strong>eum</strong></span> <span class='ocrx_word' id='word_1_443' title='bbox 3186 2622 3278 2692; x_wconf 89' lang='lat' dir='ltr'><strong>qui</strong></span> <span class='ocrx_word' id='word_1_444' title='bbox 3321 2629 3503 2688; x_wconf 89' lang='lat' dir='ltr'><strong>amat;</strong></span> 
     </span>
    </p>
   </div>
   <div class='ocr_carea' id='block_1_57' title="bbox 1914 2709 3504 2783">
    <p class='ocr_par' dir='ltr' id='par_1_57' title="bbox 1914 2709 3504 2783">
     <span class='ocr_line' id='line_1_57' title="bbox 1914 2709 3504 2783; baseline 0.001 -17"><span class='ocrx_word' id='word_1_445' title='bbox 1914 2709 2049 2766; x_wconf 90' lang='lat' dir='ltr'><strong>bibit</strong></span> <span class='ocrx_word' id='word_1_446' title='bbox 2093 2710 2185 2780; x_wconf 92' lang='lat' dir='ltr'><strong>qui</strong></span> <span class='ocrx_word' id='word_1_447' title='bbox 2228 2710 2326 2767; x_wconf 91' lang='lat' dir='ltr'><strong>Dei</strong></span> <span class='ocrx_word' id='word_1_448' title='bbox 2363 2711 2529 2768; x_wconf 89' lang='lat' dir='ltr'><strong>verbo</strong></span> <span class='ocrx_word' id='word_1_449' title='bbox 2557 2712 2814 2781; x_wconf 87' lang='lat' dir='ltr'><strong>satiatur,</strong></span> <span class='ocrx_word' id='word_1_450' title='bbox 2844 2713 2936 2783; x_wconf 89' lang='lat' dir='ltr'><strong>qui</strong></span> <span class='ocrx_word' id='word_1_451' title='bbox 2966 2712 3099 2769; x_wconf 89' lang='lat' dir='ltr'><strong>satis</strong></span> <span class='ocrx_word' id='word_1_452' title='bbox 3126 2712 3335 2783; x_wconf 90' lang='lat' dir='ltr'><strong>diligit,</strong></span> <span class='ocrx_word' id='word_1_453' title='bbox 3371 2712 3504 2770; x_wconf 90' lang='lat' dir='ltr'><strong>satis</strong></span> 
     </span>
    </p>
   </div>
   <div class='ocr_carea' id='block_1_58' title="bbox 1915 2802 3503 2877">
    <p class='ocr_par' dir='ltr' id='par_1_58' title="bbox 1915 2802 3503 2877">
     <span class='ocr_line' id='line_1_58' title="bbox 1915 2802 3503 2877; baseline 0.001 -19"><span class='ocrx_word' id='word_1_454' title='bbox 1915 2802 2218 2870; x_wconf 87' lang='lat' dir='ltr'><strong>desiderat;</strong></span> <span class='ocrx_word' id='word_1_455' title='bbox 2249 2803 2383 2858; x_wconf 89' lang='lat' dir='ltr'><strong>bibit</strong></span> <span class='ocrx_word' id='word_1_456' title='bbox 2426 2804 2519 2873; x_wconf 89' lang='lat' dir='ltr'><strong>qui</strong></span> <span class='ocrx_word' id='word_1_457' title='bbox 2561 2805 2838 2877; x_wconf 80' lang='lat' dir='ltr'><strong>sapientia:</strong></span> <span class='ocrx_word' id='word_1_458' title='bbox 2866 2820 3052 2861; x_wconf 89' lang='lat' dir='ltr'><strong>amore</strong></span> <span class='ocrx_word' id='word_1_459' title='bbox 3093 2803 3300 2875; x_wconf 88' lang='lat' dir='ltr'><strong>ﬂagrat.</strong></span> <span class='ocrx_word' id='word_1_460' title='bbox 3333 2804 3503 2859; x_wconf 87' lang='lat' dir='ltr'><strong>Avide</strong></span> 
     </span>
    </p>
   </div>
   <div class='ocr_carea' id='block_1_59' title="bbox 1916 2894 3499 2968">
    <p class='ocr_par' dir='ltr' id='par_1_59' title="bbox 1916 2894 3499 2968">
     <span class='ocr_line' id='line_1_59' title="bbox 1916 2894 3499 2968; baseline -0.001 -17"><span class='ocrx_word' id='word_1_461' title='bbox 1916 2909 2046 2967; x_wconf 86' lang='lat' dir='ltr'><strong>ergo</strong></span> <span class='ocrx_word' id='word_1_462' title='bbox 2074 2911 2173 2952; x_wconf 93' lang='lat' dir='ltr'><strong>nos</strong></span> <span class='ocrx_word' id='word_1_463' title='bbox 2199 2905 2386 2964; x_wconf 88' lang='lat' dir='ltr'><strong>gentes</strong></span> <span class='ocrx_word' id='word_1_464' title='bbox 2414 2895 2682 2965; x_wconf 90' lang='lat' dir='ltr'><strong>bibamus,</strong></span> <span class='ocrx_word' id='word_1_465' title='bbox 2714 2896 2857 2968; x_wconf 90' lang='lat' dir='ltr'><strong>quod</strong></span> <span class='ocrx_word' id='word_1_466' title='bbox 2883 2894 3050 2950; x_wconf 73' lang='lat' dir='ltr'><strong>Judaei</strong></span> <span class='ocrx_word' id='word_1_467' title='bbox 3075 2895 3499 2965; x_wconf 89' lang='lat' dir='ltr'><strong>dcreliquerunt.</strong></span> 
     </span>
    </p>
   </div>
   <div class='ocr_carea' id='block_1_60' title="bbox 1915 2985 3502 3057">
    <p class='ocr_par' dir='ltr' id='par_1_60' title="bbox 1915 2985 3502 3057">
     <span class='ocr_line' id='line_1_60' title="bbox 1915 2985 3502 3057; baseline 0.003 -18"><span class='ocrx_word' id='word_1_468' title='bbox 1915 2985 1993 3041; x_wconf 90' lang='lat' dir='ltr'><strong>De</strong></span> <span class='ocrx_word' id='word_1_469' title='bbox 2036 2986 2193 3042; x_wconf 88' lang='lat' dir='ltr'><strong>nobis</strong></span> <span class='ocrx_word' id='word_1_470' title='bbox 2233 2986 2378 3042; x_wconf 89' lang='lat' dir='ltr'><strong>enim</strong></span> <span class='ocrx_word' id='word_1_471' title='bbox 2429 3002 2552 3043; x_wconf 93' lang='lat' dir='ltr'><strong>cum</strong></span> <span class='ocrx_word' id='word_1_472' title='bbox 2606 2988 2854 3057; x_wconf 88' lang='lat' dir='ltr'><strong>gentibus</strong></span> <span class='ocrx_word' id='word_1_473' title='bbox 2909 2986 3048 3042; x_wconf 81' lang='lat' dir='ltr'><strong>forte</strong></span> <span class='ocrx_word' id='word_1_474' title='bbox 3096 2986 3302 3043; x_wconf 91' lang='lat' dir='ltr'><strong>dictum</strong></span> <span class='ocrx_word' id='word_1_475' title='bbox 3353 2995 3438 3043; x_wconf 91' lang='lat' dir='ltr'><strong>est</strong></span> <span class='ocrx_word' id='word_1_476' title='bbox 3486 3004 3502 3043; x_wconf 92' lang='lat'><strong>:</strong></span> 
     </span>
    </p>
   </div>
   <div class='ocr_carea' id='block_1_61' title="bbox 1918 3078 3501 3150">
    <p class='ocr_par' dir='ltr' id='par_1_61' title="bbox 1918 3078 3501 3150">
     <span class='ocr_line' id='line_1_61' title="bbox 1918 3078 3501 3150; baseline 0 -17"><span class='ocrx_word' id='word_1_477' title='bbox 1918 3078 2165 3134; x_wconf 70' lang='lat' dir='ltr'><strong>Prwcidit</strong></span> <span class='ocrx_word' id='word_1_478' title='bbox 2191 3080 2246 3134; x_wconf 89' lang='lat' dir='ltr'><strong>in</strong></span> <span class='ocrx_word' id='word_1_479' title='bbox 2273 3089 2480 3150; x_wconf 79' lang='lat' dir='ltr'><strong>stupore</strong></span> <span class='ocrx_word' id='word_1_480' title='bbox 2502 3081 2708 3147; x_wconf 86' lang='lat' dir='ltr'><strong>mentis,</strong></span> <span class='ocrx_word' id='word_1_481' title='bbox 2725 3082 2897 3149; x_wconf 84' lang='lat' dir='ltr'><strong>capita</strong></span> <span class='ocrx_word' id='word_1_482' title='bbox 2917 3082 3198 3150; x_wconf 81' lang='lat' dir='ltr'><strong>potentium</strong></span> <span class='ocrx_word' id='word_1_483' title='bbox 3220 3079 3501 3135; x_wconf 84' lang='lat' dir='ltr'><strong>movebun-</strong></span> 
     </span>
    </p>
   </div>
   <div class='ocr_carea' id='block_1_62' title="bbox 220 3169 3501 3246">
    <p class='ocr_par' dir='ltr' id='par_1_62' title="bbox 220 3169 3501 3246">
     <span class='ocr_line' id='line_1_62' title="bbox 220 3169 3501 3246; baseline 0.002 -19"><span class='ocrx_word' id='word_1_484' title='bbox 220 3171 339 3227; x_wconf 74' lang='lat' dir='ltr'><strong>bra:</strong></span> <span class='ocrx_word' id='word_1_485' title='bbox 361 3185 393 3225; x_wconf 86' lang='lat' dir='ltr'><strong>a</strong></span> <span class='ocrx_word' id='word_1_486' title='bbox 419 3169 574 3225; x_wconf 89' lang='lat' dir='ltr'><strong>nobis</strong></span> <span class='ocrx_word' id='word_1_487' title='bbox 602 3170 827 3241; x_wconf 79' lang='lat' dir='ltr'><strong>fugiant.</strong></span> <span class='ocrx_word' id='word_1_488' title='bbox 858 3171 948 3228; x_wconf 84' lang='lat' dir='ltr'><strong>Sic</strong></span> <span class='ocrx_word' id='word_1_489' title='bbox 975 3172 1154 3229; x_wconf 88' lang='lat' dir='ltr'><strong>lumen</strong></span> <span class='ocrx_word' id='word_1_490' title='bbox 1186 3183 1333 3228; x_wconf 90' lang='lat' dir='ltr'><strong>tuum</strong></span> <span class='ocrx_word' id='word_1_491' title='bbox 1364 3189 1498 3230; x_wconf 68' lang='lat' dir='ltr'><strong>me&#39;c</strong></span> <span class='ocrx_word' id='word_1_492' title='bbox 1523 3175 1766 3246; x_wconf 87' lang='lat' dir='ltr'><strong>largiaris</strong></span> <span class='ocrx_word' id='word_1_493' title='bbox 1789 3218 1805 3244; x_wconf 93' lang='lat'><strong>,</strong></span> <span class='ocrx_word' id='word_1_494' title='bbox 1837 3170 1882 3234; x_wconf 88' lang='lat' dir='ltr'><strong>C</strong></span> <span class='ocrx_word' id='word_1_495' title='bbox 1913 3179 2015 3236; x_wconf 77' lang='lat' dir='ltr'><strong>tur.</strong></span> <span class='ocrx_word' id='word_1_496' title='bbox 2057 3186 2150 3224; x_wconf 83' lang='lat' dir='ltr'><strong>nec</strong></span> <span class='ocrx_word' id='word_1_497' title='bbox 2186 3171 2255 3224; x_wconf 83' lang='lat' dir='ltr'><strong>ad</strong></span> <span class='ocrx_word' id='word_1_498' title='bbox 2281 3171 2635 3242; x_wconf 63' lang='lat' dir='ltr'><strong>adaperiam“</strong></span> <span class='ocrx_word' id='word_1_499' title='bbox 2664 3172 2908 3226; x_wconf 70' lang='lat' dir='ltr'><strong>maxillas</strong></span> <span class='ocrx_word' id='word_1_500' title='bbox 2939 3188 3089 3238; x_wconf 73' lang='lat' dir='ltr'><strong>suas,</strong></span> <span class='ocrx_word' id='word_1_501' title='bbox 3129 3172 3278 3241; x_wconf 77' lang='lat' dir='ltr'><strong>quasi</strong></span> <span class='ocrx_word' id='word_1_502' title='bbox 3306 3187 3501 3242; x_wconf 76' lang='lat' dir='ltr'><strong>pauper</strong></span> 
     </span>
    </p>
   </div>
   <div class='ocr_carea' id='block_1_63' title="bbox 218 3260 1810 3330">
    <p class='ocr_par' dir='ltr' id='par_1_63' title="bbox 218 3260 1810 3330">
     <span class='ocr_line' id='line_1_63' title="bbox 218 3260 1810 3330; baseline 0.005 -13"><span class='ocrx_word' id='word_1_503' title='bbox 218 3273 393 3330; x_wconf 76' lang='lat' dir='ltr'><strong>rogo,</strong></span> <span class='ocrx_word' id='word_1_504' title='bbox 422 3260 551 3317; x_wconf 85' lang='lat' dir='ltr'><strong>Jesu</strong></span> <span class='ocrx_word' id='word_1_505' title='bbox 590 3263 695 3326; x_wconf 92' lang='lat' dir='ltr'><strong>mi,</strong></span> <span class='ocrx_word' id='word_1_506' title='bbox 745 3263 994 3330; x_wconf 65' lang='lat' dir='ltr'><strong>lucernae,</strong></span> <span class='ocrx_word' id='word_1_507' title='bbox 1027 3273 1088 3320; x_wconf 89' lang='lat' dir='ltr'><strong>ut</strong></span> <span class='ocrx_word' id='word_1_508' title='bbox 1133 3266 1275 3322; x_wconf 91' lang='lat' dir='ltr'><strong>illius</strong></span> <span class='ocrx_word' id='word_1_509' title='bbox 1321 3267 1441 3323; x_wconf 90' lang='lat' dir='ltr'><strong>luce</strong></span> <span class='ocrx_word' id='word_1_510' title='bbox 1487 3268 1578 3324; x_wconf 92' lang='lat' dir='ltr'><strong>illa</strong></span> <span class='ocrx_word' id='word_1_511' title='bbox 1625 3278 1810 3325; x_wconf 88' lang='lat' dir='ltr'><strong>sancta</strong></span> 
     </span>
    </p>
   </div>
   <div class='ocr_carea' id='block_1_64' title="bbox 218 3353 1811 3426">
    <p class='ocr_par' dir='ltr' id='par_1_64' title="bbox 218 3353 1811 3426">
     <span class='ocr_line' id='line_1_64' title="bbox 218 3353 1811 3426; baseline 0.003 -17"><span class='ocrx_word' id='word_1_512' title='bbox 218 3360 535 3409; x_wconf 83' lang='lat' dir='ltr'><strong>sanctorum</strong></span> <span class='ocrx_word' id='word_1_513' title='bbox 565 3353 694 3409; x_wconf 91' lang='lat' dir='ltr'><strong>mihi</strong></span> <span class='ocrx_word' id='word_1_514' title='bbox 723 3364 1050 3426; x_wconf 90' lang='lat' dir='ltr'><strong>appareant,</strong></span> <span class='ocrx_word' id='word_1_515' title='bbox 1081 3371 1200 3426; x_wconf 76' lang='lat' dir='ltr'><strong>qua:</strong></span> <span class='ocrx_word' id='word_1_516' title='bbox 1224 3366 1276 3414; x_wconf 89' lang='lat' dir='ltr'><strong>te</strong></span> <span class='ocrx_word' id='word_1_517' title='bbox 1299 3368 1558 3415; x_wconf 68' lang='lat' dir='ltr'><strong>aeternum</strong></span> <span class='ocrx_word' id='word_1_518' title='bbox 1588 3358 1811 3416; x_wconf 85' lang='lat' dir='ltr'><strong>Pontili-</strong></span> 
     </span>
    </p>
   </div>
   <div class='ocr_carea' id='block_1_65' title="bbox 218 3446 1811 3522">
    <p class='ocr_par' dir='ltr' id='par_1_65' title="bbox 218 3446 1811 3522">
     <span class='ocr_line' id='line_1_65' title="bbox 218 3446 1811 3522; baseline 0.006 -24"><span class='ocrx_word' id='word_1_519' title='bbox 218 3458 344 3507; x_wconf 84' lang='lat' dir='ltr'><strong>cem</strong></span> <span class='ocrx_word' id='word_1_520' title='bbox 374 3454 702 3501; x_wconf 66' lang='lat' dir='ltr'><strong>aeternorum</strong></span> <span class='ocrx_word' id='word_1_521' title='bbox 755 3448 806 3502; x_wconf 92' lang='lat' dir='ltr'><strong>in</strong></span> <span class='ocrx_word' id='word_1_522' title='bbox 846 3446 1059 3504; x_wconf 87' lang='lat' dir='ltr'><strong>antibus</strong></span> <span class='ocrx_word' id='word_1_523' title='bbox 1097 3448 1276 3518; x_wconf 89' lang='lat' dir='ltr'><strong>magni</strong></span> <span class='ocrx_word' id='word_1_524' title='bbox 1316 3448 1457 3505; x_wconf 90' lang='lat' dir='ltr'><strong>illius</strong></span> <span class='ocrx_word' id='word_1_525' title='bbox 1507 3451 1581 3506; x_wconf 90' lang='lat' dir='ltr'><strong>tui</strong></span> <span class='ocrx_word' id='word_1_526' title='bbox 1625 3452 1811 3522; x_wconf 90' lang='lat' dir='ltr'><strong>templi</strong></span> 
     </span>
    </p>
   </div>
   <div class='ocr_carea' id='block_1_66' title="bbox 217 3534 1810 3610">
    <p class='ocr_par' dir='ltr' id='par_1_66' title="bbox 217 3534 1810 3610">
     <span class='ocr_line' id='line_1_66' title="bbox 217 3534 1810 3610; baseline 0.008 -21"><span class='ocrx_word' id='word_1_527' title='bbox 217 3534 337 3599; x_wconf 87' lang='lat' dir='ltr'><strong>illic</strong></span> <span class='ocrx_word' id='word_1_528' title='bbox 362 3535 652 3592; x_wconf 90' lang='lat' dir='ltr'><strong>intrantem</strong></span> <span class='ocrx_word' id='word_1_529' title='bbox 681 3537 951 3604; x_wconf 89' lang='lat' dir='ltr'><strong>habeant,</strong></span> <span class='ocrx_word' id='word_1_530' title='bbox 982 3553 1089 3609; x_wconf 93' lang='lat' dir='ltr'><strong>quo</strong></span> <span class='ocrx_word' id='word_1_531' title='bbox 1119 3550 1170 3595; x_wconf 91' lang='lat' dir='ltr'><strong>te</strong></span> <span class='ocrx_word' id='word_1_532' title='bbox 1202 3538 1402 3610; x_wconf 90' lang='lat' dir='ltr'><strong>jugiter</strong></span> <span class='ocrx_word' id='word_1_533' title='bbox 1437 3544 1810 3601; x_wconf 90' lang='lat' dir='ltr'><strong>tantummodo</strong></span> 
     </span>
    </p>
   </div>
   <div class='ocr_carea' id='block_1_67' title="bbox 216 3623 1811 3698">
    <p class='ocr_par' dir='ltr' id='par_1_67' title="bbox 216 3623 1811 3698">
     <span class='ocr_line' id='line_1_67' title="bbox 216 3623 1811 3698; baseline 0.007 -17"><span class='ocrx_word' id='word_1_534' title='bbox 216 3623 434 3681; x_wconf 79' lang='lat' dir='ltr'><strong>videam</strong></span> <span class='ocrx_word' id='word_1_535' title='bbox 460 3668 477 3694; x_wconf 92' lang='lat'><strong>,</strong></span> <span class='ocrx_word' id='word_1_536' title='bbox 509 3627 804 3697; x_wconf 88' lang='lat' dir='ltr'><strong>aspiciam,</strong></span> <span class='ocrx_word' id='word_1_537' title='bbox 856 3628 1197 3698; x_wconf 88' lang='lat' dir='ltr'><strong>desiderem;</strong></span> <span class='ocrx_word' id='word_1_538' title='bbox 1255 3640 1461 3688; x_wconf 90' lang='lat' dir='ltr'><strong>tantum</strong></span> <span class='ocrx_word' id='word_1_539' title='bbox 1518 3642 1572 3690; x_wconf 90' lang='lat' dir='ltr'><strong>te</strong></span> <span class='ocrx_word' id='word_1_540' title='bbox 1622 3651 1811 3693; x_wconf 89' lang='lat' dir='ltr'><strong>amans</strong></span> 
     </span>
    </p>
   </div>
   <div class='ocr_carea' id='block_1_68' title="bbox 216 3715 1809 3790">
    <p class='ocr_par' dir='ltr' id='par_1_68' title="bbox 216 3715 1809 3790">
     <span class='ocr_line' id='line_1_68' title="bbox 216 3715 1809 3790; baseline 0.01 -21"><span class='ocrx_word' id='word_1_541' title='bbox 216 3715 574 3785; x_wconf 86' lang='lat' dir='ltr'><strong>conspiciam,</strong></span> <span class='ocrx_word' id='word_1_542' title='bbox 604 3716 925 3785; x_wconf 86' lang='lat' dir='ltr'><strong>desiderem,</strong></span> <span class='ocrx_word' id='word_1_543' title='bbox 949 3729 1280 3790; x_wconf 78' lang='lat' dir='ltr'><strong>exspectem,</strong></span> <span class='ocrx_word' id='word_1_544' title='bbox 1304 3737 1370 3778; x_wconf 92' lang='lat' dir='ltr'><strong>ac</strong></span> <span class='ocrx_word' id='word_1_545' title='bbox 1396 3738 1579 3781; x_wconf 88' lang='lat' dir='ltr'><strong>coram</strong></span> <span class='ocrx_word' id='word_1_546' title='bbox 1610 3734 1664 3782; x_wconf 91' lang='lat' dir='ltr'><strong>te</strong></span> <span class='ocrx_word' id='word_1_547' title='bbox 1686 3742 1809 3785; x_wconf 88' lang='lat' dir='ltr'><strong>mea</strong></span> 
     </span>
    </p>
   </div>
   <div class='ocr_carea' id='block_1_69' title="bbox 218 3806 1810 3887">
    <p class='ocr_par' dir='ltr' id='par_1_69' title="bbox 218 3806 1810 3887">
     <span class='ocr_line' id='line_1_69' title="bbox 218 3806 1810 3887; baseline 0.011 -29"><span class='ocrx_word' id='word_1_548' title='bbox 218 3820 440 3883; x_wconf 69' lang='lat' dir='ltr'><strong>semper</strong></span> <span class='ocrx_word' id='word_1_549' title='bbox 468 3806 684 3863; x_wconf 88' lang='lat' dir='ltr'><strong>lucerna</strong></span> <span class='ocrx_word' id='word_1_550' title='bbox 714 3808 913 3878; x_wconf 90' lang='lat' dir='ltr'><strong>luceat,</strong></span> <span class='ocrx_word' id='word_1_551' title='bbox 945 3812 1148 3867; x_wconf 90' lang='lat' dir='ltr'><strong>ardeat.</strong></span> <span class='ocrx_word' id='word_1_552' title='bbox 1184 3812 1355 3869; x_wconf 90' lang='lat' dir='ltr'><strong>Tuum</strong></span> <span class='ocrx_word' id='word_1_553' title='bbox 1387 3816 1488 3882; x_wconf 90' lang='lat' dir='ltr'><strong>sit,</strong></span> <span class='ocrx_word' id='word_1_554' title='bbox 1519 3832 1724 3887; x_wconf 58' lang='lat' dir='ltr'><strong>quaeso,</strong></span> <span class='ocrx_word' id='word_1_555' title='bbox 1756 3828 1810 3876; x_wconf 87' lang='lat' dir='ltr'><strong>te</strong></span> 
     </span>
    </p>
   </div>
   <div class='ocr_carea' id='block_1_70' title="bbox 218 3897 1806 3977">
    <p class='ocr_par' dir='ltr' id='par_1_70' title="bbox 218 3897 1806 3977">
     <span class='ocr_line' id='line_1_70' title="bbox 218 3897 1806 3977; baseline 0.009 -25"><span class='ocrx_word' id='word_1_556' title='bbox 218 3897 383 3954; x_wconf 87' lang='lat' dir='ltr'><strong>nobis</strong></span> <span class='ocrx_word' id='word_1_557' title='bbox 406 3898 743 3968; x_wconf 89' lang='lat' dir='ltr'><strong>pulsantibus</strong></span> <span class='ocrx_word' id='word_1_558' title='bbox 770 3911 1101 3970; x_wconf 89' lang='lat' dir='ltr'><strong>monstrare,</strong></span> <span class='ocrx_word' id='word_1_559' title='bbox 1136 3906 1507 3963; x_wconf 89' lang='lat' dir='ltr'><strong>amantissime</strong></span> <span class='ocrx_word' id='word_1_560' title='bbox 1528 3907 1806 3977; x_wconf 87' lang='lat' dir='ltr'><strong>Salvator,</strong></span> 
     </span>
    </p>
   </div>
   <div class='ocr_carea' id='block_1_71' title="bbox 216 3992 1807 4069">
    <p class='ocr_par' dir='ltr' id='par_1_71' title="bbox 216 3992 1807 4069">
     <span class='ocr_line' id='line_1_71' title="bbox 216 3992 1807 4069; baseline 0.009 -24"><span class='ocrx_word' id='word_1_561' title='bbox 216 3998 284 4061; x_wconf 81' lang='lat' dir='ltr'><strong>ut</strong></span> <span class='ocrx_word' id='word_1_562' title='bbox 331 4000 384 4046; x_wconf 92' lang='lat' dir='ltr'><strong>te</strong></span> <span class='ocrx_word' id='word_1_563' title='bbox 432 3992 809 4064; x_wconf 86' lang='lat' dir='ltr'><strong>intelligentes,</strong></span> <span class='ocrx_word' id='word_1_564' title='bbox 857 4002 1063 4051; x_wconf 91' lang='lat' dir='ltr'><strong>tantum</strong></span> <span class='ocrx_word' id='word_1_565' title='bbox 1090 4005 1145 4053; x_wconf 91' lang='lat' dir='ltr'><strong>te</strong></span> <span class='ocrx_word' id='word_1_566' title='bbox 1192 4014 1471 4069; x_wconf 89' lang='lat' dir='ltr'><strong>amemus,</strong></span> <span class='ocrx_word' id='word_1_567' title='bbox 1530 4011 1583 4058; x_wconf 93' lang='lat' dir='ltr'><strong>te</strong></span> <span class='ocrx_word' id='word_1_568' title='bbox 1632 4004 1807 4059; x_wconf 88' lang='lat' dir='ltr'><strong>solum</strong></span> 
     </span>
    </p>
   </div>
   <div class='ocr_carea' id='block_1_72' title="bbox 215 4084 1809 4157">
    <p class='ocr_par' dir='ltr' id='par_1_72' title="bbox 215 4084 1809 4157">
     <span class='ocr_line' id='line_1_72' title="bbox 215 4084 1809 4157; baseline 0.01 -22"><span class='ocrx_word' id='word_1_569' title='bbox 215 4097 491 4157; x_wconf 83' lang='lat' dir='ltr'><strong>amemus,</strong></span> <span class='ocrx_word' id='word_1_570' title='bbox 514 4092 568 4138; x_wconf 91' lang='lat' dir='ltr'><strong>te</strong></span> <span class='ocrx_word' id='word_1_571' title='bbox 594 4084 766 4140; x_wconf 91' lang='lat' dir='ltr'><strong>solum</strong></span> <span class='ocrx_word' id='word_1_572' title='bbox 790 4085 1176 4154; x_wconf 89' lang='lat' dir='ltr'><strong>desideremus,</strong></span> <span class='ocrx_word' id='word_1_573' title='bbox 1209 4097 1264 4145; x_wconf 91' lang='lat' dir='ltr'><strong>te</strong></span> <span class='ocrx_word' id='word_1_574' title='bbox 1289 4090 1462 4147; x_wconf 91' lang='lat' dir='ltr'><strong>solum</strong></span> <span class='ocrx_word' id='word_1_575' title='bbox 1489 4093 1809 4151; x_wconf 89' lang='lat' dir='ltr'><strong>meditemur</strong></span> 
     </span>
    </p>
   </div>
   <div class='ocr_carea' id='block_1_73' title="bbox 216 4172 1807 4251">
    <p class='ocr_par' dir='ltr' id='par_1_73' title="bbox 216 4172 1807 4251">
     <span class='ocr_line' id='line_1_73' title="bbox 216 4172 1807 4251; baseline 0.011 -26"><span class='ocrx_word' id='word_1_576' title='bbox 216 4172 311 4231; x_wconf 89' lang='lat' dir='ltr'><strong>die</strong></span> <span class='ocrx_word' id='word_1_577' title='bbox 359 4188 423 4228; x_wconf 94' lang='lat' dir='ltr'><strong>ac</strong></span> <span class='ocrx_word' id='word_1_578' title='bbox 468 4185 625 4230; x_wconf 92' lang='lat' dir='ltr'><strong>nocte</strong></span> <span class='ocrx_word' id='word_1_579' title='bbox 647 4218 665 4243; x_wconf 91' lang='lat'><strong>,</strong></span> <span class='ocrx_word' id='word_1_580' title='bbox 712 4192 925 4247; x_wconf 90' lang='lat' dir='ltr'><strong>semper</strong></span> <span class='ocrx_word' id='word_1_581' title='bbox 972 4188 1024 4234; x_wconf 90' lang='lat' dir='ltr'><strong>te</strong></span> <span class='ocrx_word' id='word_1_582' title='bbox 1055 4182 1394 4251; x_wconf 86' lang='lat' dir='ltr'><strong>cogitemus;</strong></span> <span class='ocrx_word' id='word_1_583' title='bbox 1426 4193 1482 4240; x_wconf 92' lang='lat' dir='ltr'><strong>et</strong></span> <span class='ocrx_word' id='word_1_584' title='bbox 1511 4185 1563 4239; x_wconf 91' lang='lat' dir='ltr'><strong>in</strong></span> <span class='ocrx_word' id='word_1_585' title='bbox 1599 4194 1807 4242; x_wconf 90' lang='lat' dir='ltr'><strong>tantum</strong></span> 
     </span>
    </p>
   </div>
   <div class='ocr_carea' id='block_1_74' title="bbox 215 4263 1809 4346">
    <p class='ocr_par' dir='ltr' id='par_1_74' title="bbox 215 4263 1809 4346">
     <span class='ocr_line' id='line_1_74' title="bbox 215 4263 1809 4346; baseline 0.011 -28"><span class='ocrx_word' id='word_1_586' title='bbox 215 4263 378 4319; x_wconf 87' lang='lat' dir='ltr'><strong>nobis</strong></span> <span class='ocrx_word' id='word_1_587' title='bbox 405 4275 553 4320; x_wconf 84' lang='lat' dir='ltr'><strong>tuum</strong></span> <span class='ocrx_word' id='word_1_588' title='bbox 584 4268 847 4338; x_wconf 89' lang='lat' dir='ltr'><strong>inspirare</strong></span> <span class='ocrx_word' id='word_1_589' title='bbox 883 4269 1115 4340; x_wconf 89' lang='lat' dir='ltr'><strong>digneris</strong></span> <span class='ocrx_word' id='word_1_590' title='bbox 1153 4286 1392 4331; x_wconf 89' lang='lat' dir='ltr'><strong>amorem</strong></span> <span class='ocrx_word' id='word_1_591' title='bbox 1418 4314 1434 4341; x_wconf 92' lang='lat'><strong>,</strong></span> <span class='ocrx_word' id='word_1_592' title='bbox 1464 4288 1723 4346; x_wconf 90' lang='lat' dir='ltr'><strong>quantum</strong></span> <span class='ocrx_word' id='word_1_593' title='bbox 1754 4289 1809 4335; x_wconf 90' lang='lat' dir='ltr'><strong>te</strong></span> 
     </span>
    </p>
   </div>
   <div class='ocr_carea' id='block_1_75' title="bbox 215 4354 1807 4431">
    <p class='ocr_par' dir='ltr' id='par_1_75' title="bbox 215 4354 1807 4431">
     <span class='ocr_line' id='line_1_75' title="bbox 215 4354 1807 4431; baseline 0.011 -24"><span class='ocrx_word' id='word_1_594' title='bbox 215 4354 392 4409; x_wconf 86' lang='lat' dir='ltr'><strong>amari</strong></span> <span class='ocrx_word' id='word_1_595' title='bbox 405 4354 572 4410; x_wconf 88' lang='lat' dir='ltr'><strong>Deum</strong></span> <span class='ocrx_word' id='word_1_596' title='bbox 596 4355 753 4413; x_wconf 89' lang='lat' dir='ltr'><strong>decet</strong></span> <span class='ocrx_word' id='word_1_597' title='bbox 779 4374 844 4415; x_wconf 89' lang='lat' dir='ltr'><strong>ac</strong></span> <span class='ocrx_word' id='word_1_598' title='bbox 869 4360 1046 4431; x_wconf 89' lang='lat' dir='ltr'><strong>diligi;</strong></span> <span class='ocrx_word' id='word_1_599' title='bbox 1075 4371 1133 4416; x_wconf 91' lang='lat' dir='ltr'><strong>ut</strong></span> <span class='ocrx_word' id='word_1_600' title='bbox 1148 4365 1328 4419; x_wconf 92' lang='lat' dir='ltr'><strong>omnia</strong></span> <span class='ocrx_word' id='word_1_601' title='bbox 1349 4366 1604 4423; x_wconf 88' lang='lat' dir='ltr'><strong>interiora</strong></span> <span class='ocrx_word' id='word_1_602' title='bbox 1622 4379 1807 4425; x_wconf 91' lang='lat' dir='ltr'><strong>nostra</strong></span> 
     </span>
    </p>
   </div>
   <div class='ocr_carea' id='block_1_76' title="bbox 213 4448 1806 4529">
    <p class='ocr_par' dir='ltr' id='par_1_76' title="bbox 213 4448 1806 4529">
     <span class='ocr_line' id='line_1_76' title="bbox 213 4448 1806 4529; baseline 0.011 -31"><span class='ocrx_word' id='word_1_603' title='bbox 213 4452 313 4510; x_wconf 82' lang='lat' dir='ltr'><strong>tua</strong></span> <span class='ocrx_word' id='word_1_604' title='bbox 360 4455 590 4517; x_wconf 89' lang='lat' dir='ltr'><strong>occupet</strong></span> <span class='ocrx_word' id='word_1_605' title='bbox 641 4448 887 4519; x_wconf 78' lang='lat' dir='ltr'><strong>dileCtio,</strong></span> <span class='ocrx_word' id='word_1_606' title='bbox 932 4460 1180 4521; x_wconf 82' lang='lat' dir='ltr'><strong>totosque</strong></span> <span class='ocrx_word' id='word_1_607' title='bbox 1227 4471 1325 4510; x_wconf 92' lang='lat' dir='ltr'><strong>nos</strong></span> <span class='ocrx_word' id='word_1_608' title='bbox 1370 4466 1494 4512; x_wconf 91' lang='lat' dir='ltr'><strong>tuus</strong></span> <span class='ocrx_word' id='word_1_609' title='bbox 1536 4461 1806 4529; x_wconf 87' lang='lat' dir='ltr'><strong>possideat</strong></span> 
     </span>
    </p>
   </div>
   <div class='ocr_carea' id='block_1_77' title="bbox 214 4546 1803 4620">
    <p class='ocr_par' dir='ltr' id='par_1_77' title="bbox 214 4546 1803 4620">
     <span class='ocr_line' id='line_1_77' title="bbox 214 4546 1803 4620; baseline 0.014 -31"><span class='ocrx_word' id='word_1_610' title='bbox 214 4551 394 4602; x_wconf 89' lang='lat' dir='ltr'><strong>amor,</strong></span> <span class='ocrx_word' id='word_1_611' title='bbox 425 4546 571 4594; x_wconf 88' lang='lat' dir='ltr'><strong>totos</strong></span> <span class='ocrx_word' id='word_1_612' title='bbox 615 4549 829 4598; x_wconf 84' lang='lat' dir='ltr'><strong>nostros</strong></span> <span class='ocrx_word' id='word_1_613' title='bbox 873 4558 1062 4599; x_wconf 90' lang='lat' dir='ltr'><strong>sensus</strong></span> <span class='ocrx_word' id='word_1_614' title='bbox 1085 4554 1175 4600; x_wconf 90' lang='lat' dir='ltr'><strong>tua</strong></span> <span class='ocrx_word' id='word_1_615' title='bbox 1200 4546 1420 4617; x_wconf 88' lang='lat' dir='ltr'><strong>impleat</strong></span> <span class='ocrx_word' id='word_1_616' title='bbox 1447 4551 1710 4620; x_wconf 88' lang='lat' dir='ltr'><strong>charitas,</strong></span> <span class='ocrx_word' id='word_1_617' title='bbox 1747 4565 1803 4611; x_wconf 90' lang='lat' dir='ltr'><strong>ut</strong></span> 
     </span>
    </p>
   </div>
   <div class='ocr_carea' id='block_1_78' title="bbox 212 4629 1801 4711">
    <p class='ocr_par' dir='ltr' id='par_1_78' title="bbox 212 4629 1801 4711">
     <span class='ocr_line' id='line_1_78' title="bbox 212 4629 1801 4711; baseline 0.013 -31"><span class='ocrx_word' id='word_1_618' title='bbox 212 4636 416 4696; x_wconf 67' lang='lat' dir='ltr'><strong>praeter</strong></span> <span class='ocrx_word' id='word_1_619' title='bbox 443 4635 496 4683; x_wconf 89' lang='lat' dir='ltr'><strong>te</strong></span> <span class='ocrx_word' id='word_1_620' title='bbox 524 4629 668 4685; x_wconf 88' lang='lat' dir='ltr'><strong>aliud</strong></span> <span class='ocrx_word' id='word_1_621' title='bbox 712 4647 894 4689; x_wconf 90' lang='lat' dir='ltr'><strong>amare</strong></span> <span class='ocrx_word' id='word_1_622' title='bbox 940 4635 1274 4705; x_wconf 91' lang='lat' dir='ltr'><strong>nesciamus,</strong></span> <span class='ocrx_word' id='word_1_623' title='bbox 1302 4639 1395 4709; x_wconf 91' lang='lat' dir='ltr'><strong>qui</strong></span> <span class='ocrx_word' id='word_1_624' title='bbox 1442 4643 1801 4711; x_wconf 88' lang='lat' dir='ltr'><strong>sempiternus</strong></span> 
     </span>
    </p>
   </div>
   <div class='ocr_carea' id='block_1_79' title="bbox 211 4724 1802 4805">
    <p class='ocr_par' dir='ltr' id='par_1_79' title="bbox 211 4724 1802 4805">
     <span class='ocr_line' id='line_1_79' title="bbox 211 4724 1802 4805; baseline 0.013 -34"><span class='ocrx_word' id='word_1_625' title='bbox 211 4732 316 4782; x_wconf 89' lang='lat' dir='ltr'><strong>es;</strong></span> <span class='ocrx_word' id='word_1_626' title='bbox 359 4733 469 4788; x_wconf 91' lang='lat' dir='ltr'><strong>quo</strong></span> <span class='ocrx_word' id='word_1_627' title='bbox 519 4728 665 4777; x_wconf 92' lang='lat' dir='ltr'><strong>tanta</strong></span> <span class='ocrx_word' id='word_1_628' title='bbox 687 4724 920 4781; x_wconf 90' lang='lat' dir='ltr'><strong>charitas</strong></span> <span class='ocrx_word' id='word_1_629' title='bbox 951 4727 1104 4795; x_wconf 91' lang='lat' dir='ltr'><strong>aquis</strong></span> <span class='ocrx_word' id='word_1_630' title='bbox 1145 4728 1327 4784; x_wconf 91' lang='lat' dir='ltr'><strong>multis</strong></span> <span class='ocrx_word' id='word_1_631' title='bbox 1362 4730 1521 4801; x_wconf 85' lang='lat' dir='ltr'><strong>hujus</strong></span> <span class='ocrx_word' id='word_1_632' title='bbox 1557 4736 1720 4805; x_wconf 91' lang='lat' dir='ltr'><strong>aeris,</strong></span> <span class='ocrx_word' id='word_1_633' title='bbox 1745 4744 1802 4793; x_wconf 91' lang='lat' dir='ltr'><strong>et</strong></span> 
     </span>
    </p>
   </div>
   <div class='ocr_carea' id='block_1_80' title="bbox 210 4807 1801 4897">
    <p class='ocr_par' dir='ltr' id='par_1_80' title="bbox 210 4807 1801 4897">
     <span class='ocr_line' id='line_1_80' title="bbox 210 4807 1801 4897; baseline 0.014 -36"><span class='ocrx_word' id='word_1_634' title='bbox 210 4807 379 4897; x_wconf 79' lang='lat' dir='ltr'><strong>liujus</strong></span> <span class='ocrx_word' id='word_1_635' title='bbox 410 4818 584 4878; x_wconf 75' lang='lat' dir='ltr'><strong>teme,</strong></span> <span class='ocrx_word' id='word_1_636' title='bbox 604 4821 658 4868; x_wconf 92' lang='lat' dir='ltr'><strong>et</strong></span> <span class='ocrx_word' id='word_1_637' title='bbox 678 4814 834 4884; x_wconf 88' lang='lat' dir='ltr'><strong>hujus</strong></span> <span class='ocrx_word' id='word_1_638' title='bbox 859 4818 1022 4872; x_wconf 90' lang='lat' dir='ltr'><strong>maris</strong></span> <span class='ocrx_word' id='word_1_639' title='bbox 1043 4820 1309 4888; x_wconf 81' lang='lat' dir='ltr'><strong>exstingui</strong></span> <span class='ocrx_word' id='word_1_640' title='bbox 1323 4820 1375 4876; x_wconf 92' lang='lat' dir='ltr'><strong>in</strong></span> <span class='ocrx_word' id='word_1_641' title='bbox 1395 4824 1549 4879; x_wconf 89' lang='lat' dir='ltr'><strong>nobis</strong></span> <span class='ocrx_word' id='word_1_642' title='bbox 1569 4836 1801 4897; x_wconf 91' lang='lat' dir='ltr'><strong>nequeat</strong></span> 
     </span>
    </p>
   </div>
   <div class='ocr_carea' id='block_1_81' title="bbox 206 4895 1799 4986">
    <p class='ocr_par' dir='ltr' id='par_1_81' title="bbox 206 4895 1799 4986">
     <span class='ocr_line' id='line_1_81' title="bbox 206 4895 1799 4986; baseline 0.013 -36"><span class='ocrx_word' id='word_1_643' title='bbox 206 4895 368 4967; x_wconf 80' lang='lat' dir='ltr'><strong>juxta</strong></span> <span class='ocrx_word' id='word_1_644' title='bbox 398 4898 525 4955; x_wconf 88' lang='lat' dir='ltr'><strong>illud</strong></span> <span class='ocrx_word' id='word_1_645' title='bbox 559 4918 573 4955; x_wconf 88' lang='lat'><strong>:</strong></span> <span class='ocrx_word' id='word_1_646' title='bbox 601 4900 670 4956; x_wconf 84' lang='lat' dir='ltr'><strong>Et</strong></span> <span class='ocrx_word' id='word_1_647' title='bbox 691 4920 838 4974; x_wconf 78' lang='lat' dir='ltr'><strong>aqua:</strong></span> <span class='ocrx_word' id='word_1_648' title='bbox 863 4906 1038 4960; x_wconf 81' lang='lat' dir='ltr'><strong>multa:</strong></span> <span class='ocrx_word' id='word_1_649' title='bbox 1068 4918 1457 4977; x_wconf 83' lang='lat' dir='ltr'><strong>nonpolueruut</strong></span> <span class='ocrx_word' id='word_1_650' title='bbox 1476 4895 1799 4986; x_wconf 56' lang='lat' dir='ltr'><strong>exstinguere</strong></span> 
     </span>
    </p>
   </div>
   <div class='ocr_carea' id='block_1_82' title="bbox 209 4987 1801 5075">
    <p class='ocr_par' dir='ltr' id='par_1_82' title="bbox 209 4987 1801 5075">
     <span class='ocr_line' id='line_1_82' title="bbox 209 4987 1801 5075; baseline 0.013 -35"><span class='ocrx_word' id='word_1_651' title='bbox 209 4987 526 5054; x_wconf 72' lang='lat' dir='ltr'><strong>charitatem</strong></span> <span class='ocrx_word' id='word_1_652' title='bbox 570 4991 742 5061; x_wconf 85' lang='lat' dir='ltr'><strong>(Cant.</strong></span> <span class='ocrx_word' id='word_1_653' title='bbox 790 5010 916 5064; x_wconf 81' lang='lat' dir='ltr'><strong>vui,</strong></span> <span class='ocrx_word' id='word_1_654' title='bbox 946 4997 1025 5067; x_wconf 88' lang='lat'><strong>7).</strong></span> <span class='ocrx_word' id='word_1_655' title='bbox 1064 4997 1217 5065; x_wconf 88' lang='lat' dir='ltr'><strong>Quod</strong></span> <span class='ocrx_word' id='word_1_656' title='bbox 1271 5000 1326 5055; x_wconf 89' lang='lat' dir='ltr'><strong>in</strong></span> <span class='ocrx_word' id='word_1_657' title='bbox 1379 5002 1534 5058; x_wconf 89' lang='lat' dir='ltr'><strong>nobis</strong></span> <span class='ocrx_word' id='word_1_658' title='bbox 1586 5020 1801 5075; x_wconf 87' lang='lat' dir='ltr'><strong>quoque</strong></span> 
     </span>
    </p>
   </div>
   <div class='ocr_carea' id='block_1_83' title="bbox 208 5078 1799 5161">
    <p class='ocr_par' dir='ltr' id='par_1_83' title="bbox 208 5078 1799 5161">
     <span class='ocr_line' id='line_1_83' title="bbox 208 5078 1799 5161; baseline 0.011 -28"><span class='ocrx_word' id='word_1_659' title='bbox 208 5078 480 5147; x_wconf 88' lang='lat' dir='ltr'><strong>compleri</strong></span> <span class='ocrx_word' id='word_1_660' title='bbox 511 5081 594 5136; x_wconf 89' lang='lat' dir='ltr'><strong>vel</strong></span> <span class='ocrx_word' id='word_1_661' title='bbox 633 5097 698 5137; x_wconf 86' lang='lat' dir='ltr'><strong>ex</strong></span> <span class='ocrx_word' id='word_1_662' title='bbox 744 5094 898 5153; x_wconf 88' lang='lat' dir='ltr'><strong>parte</strong></span> <span class='ocrx_word' id='word_1_663' title='bbox 937 5087 1148 5161; x_wconf 82' lang='lat' dir='ltr'><strong>possit,</strong></span> <span class='ocrx_word' id='word_1_664' title='bbox 1190 5095 1245 5143; x_wconf 89' lang='lat' dir='ltr'><strong>te</strong></span> <span class='ocrx_word' id='word_1_665' title='bbox 1290 5089 1527 5147; x_wconf 91' lang='lat' dir='ltr'><strong>donante</strong></span> <span class='ocrx_word' id='word_1_666' title='bbox 1572 5092 1799 5151; x_wconf 87' lang='lat' dir='ltr'><strong>Domino</strong></span> 
     </span>
    </p>
   </div>
   <div class='ocr_carea' id='block_1_84' title="bbox 208 5167 1799 5246">
    <p class='ocr_par' dir='ltr' id='par_1_84' title="bbox 208 5167 1799 5246">
     <span class='ocr_line' id='line_1_84' title="bbox 208 5167 1799 5246; baseline 0.011 -22"><span class='ocrx_word' id='word_1_667' title='bbox 208 5176 407 5224; x_wconf 83' lang='lat' dir='ltr'><strong>nostro</strong></span> <span class='ocrx_word' id='word_1_668' title='bbox 462 5167 587 5226; x_wconf 83' lang='lat' dir='ltr'><strong>Jesu</strong></span> <span class='ocrx_word' id='word_1_669' title='bbox 632 5171 882 5242; x_wconf 84' lang='lat' dir='ltr'><strong>Christo,</strong></span> <span class='ocrx_word' id='word_1_670' title='bbox 912 5175 999 5231; x_wconf 93' lang='lat' dir='ltr'><strong>cui</strong></span> <span class='ocrx_word' id='word_1_671' title='bbox 1042 5176 1211 5246; x_wconf 90' lang='lat' dir='ltr'><strong>gloria</strong></span> <span class='ocrx_word' id='word_1_672' title='bbox 1241 5179 1293 5234; x_wconf 91' lang='lat' dir='ltr'><strong>in</strong></span> <span class='ocrx_word' id='word_1_673' title='bbox 1342 5182 1536 5237; x_wconf 64' lang='lat' dir='ltr'><strong>saecula</strong></span> <span class='ocrx_word' id='word_1_674' title='bbox 1574 5184 1799 5241; x_wconf 70' lang='lat' dir='ltr'><strong>szcculo-</strong></span> 
     </span>
    </p>
   </div>
   <div class='ocr_carea' id='block_1_85' title="bbox 207 5263 581 5320">
    <p class='ocr_par' dir='ltr' id='par_1_85' title="bbox 207 5263 581 5320">
     <span class='ocr_line' id='line_1_85' title="bbox 207 5263 581 5320; baseline 0 -1"><span class='ocrx_word' id='word_1_675' title='bbox 207 5277 361 5320; x_wconf 86' lang='lat' dir='ltr'><strong>rum.</strong></span> <span class='ocrx_word' id='word_1_676' title='bbox 392 5263 581 5320; x_wconf 83' lang='lat' dir='ltr'><strong>Amen.</strong></span> 
     </span>
    </p>
   </div>
   <div class='ocr_carea' id='block_1_86' title="bbox 717 5355 1293 5421">
    <p class='ocr_par' dir='ltr' id='par_1_86' title="bbox 717 5355 1293 5421">
     <span class='ocr_line' id='line_1_86' title="bbox 717 5355 1293 5421; baseline 0.007 -9"><span class='ocrx_word' id='word_1_677' title='bbox 717 5355 1122 5421; x_wconf 79' lang='lat' dir='ltr'><strong>INSTRUCTIO</strong></span> <span class='ocrx_word' id='word_1_678' title='bbox 1160 5360 1293 5416; x_wconf 77' lang='lat' dir='ltr'><strong>Xlll.</strong></span> 
     </span>
    </p>
   </div>
   <div class='ocr_carea' id='block_1_87' title="bbox 328 5446 1696 5530">
    <p class='ocr_par' dir='ltr' id='par_1_87' title="bbox 328 5446 1696 5530">
     <span class='ocr_line' id='line_1_87' title="bbox 328 5446 1696 5530; baseline 0.012 -30"><span class='ocrx_word' id='word_1_679' title='bbox 328 5446 405 5502; x_wconf 87' lang='lat' dir='ltr'><strong>De</strong></span> <span class='ocrx_word' id='word_1_680' title='bbox 426 5449 566 5518; x_wconf 73' lang='lat' dir='ltr'><strong>(ante</strong></span> <span class='ocrx_word' id='word_1_681' title='bbox 592 5450 699 5505; x_wconf 81' lang='lat' dir='ltr'><strong>viro</strong></span> <span class='ocrx_word' id='word_1_682' title='bbox 730 5450 934 5509; x_wconf 84' lang='lat' dir='ltr'><strong>Christo</strong></span> <span class='ocrx_word' id='word_1_683' title='bbox 962 5450 1087 5507; x_wconf 81' lang='lat' dir='ltr'><strong>Jesu</strong></span> <span class='ocrx_word' id='word_1_684' title='bbox 1118 5455 1354 5512; x_wconf 83' lang='lat' dir='ltr'><strong>adeundo</strong></span> <span class='ocrx_word' id='word_1_685' title='bbox 1378 5468 1425 5512; x_wconf 89' lang='lat' dir='ltr'><strong>et</strong></span> <span class='ocrx_word' id='word_1_686' title='bbox 1447 5462 1696 5530; x_wconf 83' lang='lat' dir='ltr'><strong>potanda.</strong></span> 
     </span>
    </p>
   </div>
   <div class='ocr_carea' id='block_1_88' title="bbox 290 5538 1797 5616">
    <p class='ocr_par' dir='ltr' id='par_1_88' title="bbox 290 5538 1797 5616">
     <span class='ocr_line' id='line_1_88' title="bbox 290 5538 1797 5616; baseline 0.011 -23"><span class='ocrx_word' id='word_1_687' title='bbox 290 5538 330 5615; x_wconf 25' lang='grc' dir='ltr'><strong>ιλ.</strong></span> <span class='ocrx_word' id='word_1_688' title='bbox 374 5541 704 5610; x_wconf 67' lang='lat' dir='ltr'><strong>Quotidianae</strong></span> <span class='ocrx_word' id='word_1_689' title='bbox 753 5544 1097 5616; x_wconf 80' lang='lat' dir='ltr'><strong>experientia:</strong></span> <span class='ocrx_word' id='word_1_690' title='bbox 1150 5548 1647 5608; x_wconf 84' lang='lat' dir='ltr'><strong>ratiocinationibus</strong></span> <span class='ocrx_word' id='word_1_691' title='bbox 1694 5554 1797 5608; x_wconf 87' lang='lat' dir='ltr'><strong>hu-</strong></span> 
     </span>
    </p>
   </div>
   <div class='ocr_carea' id='block_1_89' title="bbox 207 5633 1796 5701">
    <p class='ocr_par' dir='ltr' id='par_1_89' title="bbox 207 5633 1796 5701">
     <span class='ocr_line' id='line_1_89' title="bbox 207 5633 1796 5701; baseline 0.009 -16"><span class='ocrx_word' id='word_1_692' title='bbox 207 5648 391 5695; x_wconf 76' lang='lat' dir='ltr'><strong>mana:</strong></span> <span class='ocrx_word' id='word_1_693' title='bbox 421 5633 539 5690; x_wconf 68' lang='lat' dir='ltr'><strong>vita:</strong></span> <span class='ocrx_word' id='word_1_694' title='bbox 573 5634 787 5692; x_wconf 82' lang='lat' dir='ltr'><strong>miseria</strong></span> <span class='ocrx_word' id='word_1_695' title='bbox 828 5635 1081 5701; x_wconf 77' lang='lat' dir='ltr'><strong>culicem,</strong></span> <span class='ocrx_word' id='word_1_696' title='bbox 1114 5652 1181 5694; x_wconf 89' lang='lat' dir='ltr'><strong>ac</strong></span> <span class='ocrx_word' id='word_1_697' title='bbox 1216 5638 1409 5695; x_wconf 87' lang='lat' dir='ltr'><strong>divinis</strong></span> <span class='ocrx_word' id='word_1_698' title='bbox 1438 5641 1593 5697; x_wconf 89' lang='lat' dir='ltr'><strong>simul</strong></span> <span class='ocrx_word' id='word_1_699' title='bbox 1626 5644 1796 5699; x_wconf 87' lang='lat' dir='ltr'><strong>territi</strong></span> 
     </span>
    </p>
   </div>
   <div class='ocr_carea' id='block_1_90' title="bbox 213 5725 1794 5805">
    <p class='ocr_par' dir='ltr' id='par_1_90' title="bbox 213 5725 1794 5805">
     <span class='ocr_line' id='line_1_90' title="bbox 213 5725 1794 5805; baseline 0.008 -24"><span class='ocrx_word' id='word_1_700' title='bbox 213 5725 477 5803; x_wconf 62' lang='lat' dir='ltr'><strong>oraculis,</strong></span> <span class='ocrx_word' id='word_1_701' title='bbox 503 5726 783 5786; x_wconf 84' lang='lat' dir='ltr'><strong>temerarie</strong></span> <span class='ocrx_word' id='word_1_702' title='bbox 810 5728 965 5799; x_wconf 80' lang='lat' dir='ltr'><strong>licet.</strong></span> <span class='ocrx_word' id='word_1_703' title='bbox 998 5731 1313 5794; x_wconf 78' lang='lat' dir='ltr'><strong>parvitatem</strong></span> <span class='ocrx_word' id='word_1_704' title='bbox 1343 5733 1595 5805; x_wconf 84' lang='lat' dir='ltr'><strong>iugcuioli</strong></span> <span class='ocrx_word' id='word_1_705' title='bbox 1625 5738 1794 5794; x_wconf 86' lang='lat' dir='ltr'><strong>nostri</strong></span> 
     </span>
    </p>
   </div>
   <div class='ocr_carea' id='block_1_91' title="bbox 1912 3260 3500 3333">
    <p class='ocr_par' dir='ltr' id='par_1_91' title="bbox 1912 3260 3500 3333">
     <span class='ocr_line' id='line_1_91' title="bbox 1912 3260 3500 3333; baseline -0.001 -16"><span class='ocrx_word' id='word_1_706' title='bbox 1912 3262 2067 3317; x_wconf 83' lang='lat' dir='ltr'><strong>edens</strong></span> <span class='ocrx_word' id='word_1_707' title='bbox 2093 3303 2109 3330; x_wconf 89' lang='lat'><strong>,</strong></span> <span class='ocrx_word' id='word_1_708' title='bbox 2138 3263 2193 3316; x_wconf 90' lang='lat' dir='ltr'><strong>in</strong></span> <span class='ocrx_word' id='word_1_709' title='bbox 2222 3260 2472 3317; x_wconf 86' lang='lat' dir='ltr'><strong>absconso</strong></span> <span class='ocrx_word' id='word_1_710' title='bbox 2489 3279 2508 3327; x_wconf 87' lang='lat'><strong>;</strong></span> <span class='ocrx_word' id='word_1_711' title='bbox 2540 3270 2595 3317; x_wconf 93' lang='lat' dir='ltr'><strong>et</strong></span> <span class='ocrx_word' id='word_1_712' title='bbox 2620 3263 2774 3330; x_wconf 87' lang='lat' dir='ltr'><strong>quasi</strong></span> <span class='ocrx_word' id='word_1_713' title='bbox 2821 3261 2890 3317; x_wconf 90' lang='lat' dir='ltr'><strong>de</strong></span> <span class='ocrx_word' id='word_1_714' title='bbox 2932 3262 3086 3316; x_wconf 89' lang='lat' dir='ltr'><strong>nobis</strong></span> <span class='ocrx_word' id='word_1_715' title='bbox 3132 3276 3348 3333; x_wconf 90' lang='lat' dir='ltr'><strong>quoque</strong></span> <span class='ocrx_word' id='word_1_716' title='bbox 3376 3277 3500 3317; x_wconf 89' lang='lat' dir='ltr'><strong>cum</strong></span> 
     </span>
    </p>
   </div>
   <div class='ocr_carea' id='block_1_92' title="bbox 1910 3352 3498 3425">
    <p class='ocr_par' dir='ltr' id='par_1_92' title="bbox 1910 3352 3498 3425">
     <span class='ocr_line' id='line_1_92' title="bbox 1910 3352 3498 3425; baseline -0.001 -16"><span class='ocrx_word' id='word_1_717' title='bbox 1910 3352 2169 3425; x_wconf 85' lang='lat' dir='ltr'><strong>perlectis</strong></span> <span class='ocrx_word' id='word_1_718' title='bbox 2223 3354 2530 3422; x_wconf 87' lang='lat' dir='ltr'><strong>quibusque</strong></span> <span class='ocrx_word' id='word_1_719' title='bbox 2577 3354 2645 3408; x_wconf 90' lang='lat' dir='ltr'><strong>de</strong></span> <span class='ocrx_word' id='word_1_720' title='bbox 2686 3352 2880 3422; x_wconf 90' lang='lat' dir='ltr'><strong>quibus</strong></span> <span class='ocrx_word' id='word_1_721' title='bbox 2928 3353 3032 3408; x_wconf 89' lang='lat' dir='ltr'><strong>hoc</strong></span> <span class='ocrx_word' id='word_1_722' title='bbox 3062 3354 3326 3423; x_wconf 90' lang='lat' dir='ltr'><strong>scriptum</strong></span> <span class='ocrx_word' id='word_1_723' title='bbox 3374 3362 3498 3417; x_wconf 89' lang='lat' dir='ltr'><strong>est,</strong></span> 
     </span>
    </p>
   </div>
   <div class='ocr_carea' id='block_1_93' title="bbox 1909 3444 3500 3520">
    <p class='ocr_par' dir='ltr' id='par_1_93' title="bbox 1909 3444 3500 3520">
     <span class='ocr_line' id='line_1_93' title="bbox 1909 3444 3500 3520; baseline -0.001 -15"><span class='ocrx_word' id='word_1_724' title='bbox 1909 3450 2198 3506; x_wconf 85' lang='lat' dir='ltr'><strong>diceretur.</strong></span> <span class='ocrx_word' id='word_1_725' title='bbox 2229 3449 2536 3520; x_wconf 82' lang='lat' dir='ltr'><strong>Aperiamus</strong></span> <span class='ocrx_word' id='word_1_726' title='bbox 2582 3450 2860 3520; x_wconf 89' lang='lat' dir='ltr'><strong>(tanquam</strong></span> <span class='ocrx_word' id='word_1_727' title='bbox 2888 3463 3081 3519; x_wconf 90' lang='lat' dir='ltr'><strong>panem</strong></span> <span class='ocrx_word' id='word_1_728' title='bbox 3122 3447 3271 3502; x_wconf 88' lang='lat' dir='ltr'><strong>illum</strong></span> <span class='ocrx_word' id='word_1_729' title='bbox 3311 3445 3403 3517; x_wconf 91' lang='lat' dir='ltr'><strong>qui</strong></span> <span class='ocrx_word' id='word_1_730' title='bbox 3432 3444 3500 3503; x_wconf 80' lang='lat' dir='ltr'><strong>de</strong></span> 
     </span>
    </p>
   </div>
   <div class='ocr_carea' id='block_1_94' title="bbox 1910 3538 3499 3611">
    <p class='ocr_par' dir='ltr' id='par_1_94' title="bbox 1910 3538 3499 3611">
     <span class='ocr_line' id='line_1_94' title="bbox 1910 3538 3499 3611; baseline -0.001 -17"><span class='ocrx_word' id='word_1_731' title='bbox 1910 3540 2049 3596; x_wconf 78' lang='lat' dir='ltr'><strong>cmlo</strong></span> <span class='ocrx_word' id='word_1_732' title='bbox 2100 3538 2413 3606; x_wconf 90' lang='lat' dir='ltr'><strong>descendit,</strong></span> <span class='ocrx_word' id='word_1_733' title='bbox 2457 3540 2689 3611; x_wconf 88' lang='lat' dir='ltr'><strong>edendo)</strong></span> <span class='ocrx_word' id='word_1_734' title='bbox 2746 3540 3010 3594; x_wconf 78' lang='lat' dir='ltr'><strong>interimis</strong></span> <span class='ocrx_word' id='word_1_735' title='bbox 3060 3538 3280 3594; x_wconf 78' lang='lat' dir='ltr'><strong>hominis</strong></span> <span class='ocrx_word' id='word_1_736' title='bbox 3332 3538 3499 3593; x_wconf 79' lang='lat' dir='ltr'><strong>nostri</strong></span> 
     </span>
    </p>
   </div>
   <div class='ocr_carea' id='block_1_95' title="bbox 1910 3632 3497 3705">
    <p class='ocr_par' dir='ltr' id='par_1_95' title="bbox 1910 3632 3497 3705">
     <span class='ocr_line' id='line_1_95' title="bbox 1910 3632 3497 3705; baseline -0.004 -16"><span class='ocrx_word' id='word_1_737' title='bbox 1910 3636 2180 3702; x_wconf 75' lang='lat' dir='ltr'><strong>maxillas,</strong></span> <span class='ocrx_word' id='word_1_738' title='bbox 2196 3643 2251 3687; x_wconf 90' lang='lat' dir='ltr'><strong>ut</strong></span> <span class='ocrx_word' id='word_1_739' title='bbox 2271 3633 2500 3689; x_wconf 86' lang='lat' dir='ltr'><strong>edaciter</strong></span> <span class='ocrx_word' id='word_1_740' title='bbox 2521 3635 2755 3698; x_wconf 77' lang='lat' dir='ltr'><strong>edamus,</strong></span> <span class='ocrx_word' id='word_1_741' title='bbox 2781 3644 2830 3688; x_wconf 88' lang='lat' dir='ltr'><strong>et</strong></span> <span class='ocrx_word' id='word_1_742' title='bbox 2846 3632 3223 3705; x_wconf 84' lang='lat' dir='ltr'><strong>quodammodo</strong></span> <span class='ocrx_word' id='word_1_743' title='bbox 3237 3632 3497 3693; x_wconf 85' lang='lat' dir='ltr'><strong>velociter,</strong></span> 
     </span>
    </p>
   </div>
   <div class='ocr_carea' id='block_1_96' title="bbox 1911 3720 3499 3799">
    <p class='ocr_par' dir='ltr' id='par_1_96' title="bbox 1911 3720 3499 3799">
     <span class='ocr_line' id='line_1_96' title="bbox 1911 3720 3499 3799; baseline -0.002 -18"><span class='ocrx_word' id='word_1_744' title='bbox 1911 3743 1975 3781; x_wconf 86' lang='lat' dir='ltr'><strong>ne</strong></span> <span class='ocrx_word' id='word_1_745' title='bbox 2002 3743 2095 3784; x_wconf 84' lang='lat' dir='ltr'><strong>nos</strong></span> <span class='ocrx_word' id='word_1_746' title='bbox 2124 3729 2238 3799; x_wconf 84' lang='lat' dir='ltr'><strong>quis</strong></span> <span class='ocrx_word' id='word_1_747' title='bbox 2269 3726 2439 3781; x_wconf 84' lang='lat' dir='ltr'><strong>videat</strong></span> <span class='ocrx_word' id='word_1_748' title='bbox 2463 3768 2479 3795; x_wconf 89' lang='lat'><strong>,</strong></span> <span class='ocrx_word' id='word_1_749' title='bbox 2510 3727 2659 3796; x_wconf 83' lang='lat' dir='ltr'><strong>quasi</strong></span> <span class='ocrx_word' id='word_1_750' title='bbox 2689 3726 2743 3780; x_wconf 85' lang='lat' dir='ltr'><strong>in</strong></span> <span class='ocrx_word' id='word_1_751' title='bbox 2767 3725 3020 3781; x_wconf 84' lang='lat' dir='ltr'><strong>absconso</strong></span> <span class='ocrx_word' id='word_1_752' title='bbox 3049 3724 3397 3779; x_wconf 71' lang='lat' dir='ltr'><strong>concedamus.</strong></span> <span class='ocrx_word' id='word_1_753' title='bbox 3431 3720 3499 3778; x_wconf 88' lang='lat' dir='ltr'><strong>Ut</strong></span> 
     </span>
    </p>
   </div>
   <div class='ocr_carea' id='block_1_97' title="bbox 1911 3815 3496 3890">
    <p class='ocr_par' dir='ltr' id='par_1_97' title="bbox 1911 3815 3496 3890">
     <span class='ocr_line' id='line_1_97' title="bbox 1911 3815 3496 3890; baseline -0.004 -14"><span class='ocrx_word' id='word_1_754' title='bbox 1911 3836 2101 3890; x_wconf 88' lang='lat' dir='ltr'><strong>panem</strong></span> <span class='ocrx_word' id='word_1_755' title='bbox 2131 3834 2262 3889; x_wconf 82' lang='lat' dir='ltr'><strong>ergo</strong></span> <span class='ocrx_word' id='word_1_756' title='bbox 2289 3820 2514 3877; x_wconf 85' lang='lat' dir='ltr'><strong>edamus</strong></span> <span class='ocrx_word' id='word_1_757' title='bbox 2536 3859 2552 3886; x_wconf 93' lang='lat'><strong>,</strong></span> <span class='ocrx_word' id='word_1_758' title='bbox 2585 3828 2645 3875; x_wconf 92' lang='lat' dir='ltr'><strong>ut</strong></span> <span class='ocrx_word' id='word_1_759' title='bbox 2681 3819 2886 3874; x_wconf 80' lang='lat' dir='ltr'><strong>fontem</strong></span> <span class='ocrx_word' id='word_1_760' title='bbox 2933 3818 3179 3873; x_wconf 89' lang='lat' dir='ltr'><strong>bibamus</strong></span> <span class='ocrx_word' id='word_1_761' title='bbox 3201 3858 3216 3883; x_wconf 94' lang='lat'><strong>,</strong></span> <span class='ocrx_word' id='word_1_762' title='bbox 3248 3815 3496 3872; x_wconf 89' lang='lat' dir='ltr'><strong>eumdem</strong></span> 
     </span>
    </p>
   </div>
   <div class='ocr_carea' id='block_1_98' title="bbox 1909 3907 3497 3978">
    <p class='ocr_par' dir='ltr' id='par_1_98' title="bbox 1909 3907 3497 3978">
     <span class='ocr_line' id='line_1_98' title="bbox 1909 3907 3497 3978; baseline -0.005 -11"><span class='ocrx_word' id='word_1_763' title='bbox 1909 3911 2194 3967; x_wconf 86' lang='lat' dir='ltr'><strong>Dominum</strong></span> <span class='ocrx_word' id='word_1_764' title='bbox 2243 3920 2487 3967; x_wconf 89' lang='lat' dir='ltr'><strong>nostrum</strong></span> <span class='ocrx_word' id='word_1_765' title='bbox 2532 3908 2714 3966; x_wconf 84' lang='lat' dir='ltr'><strong>Jesum</strong></span> <span class='ocrx_word' id='word_1_766' title='bbox 2749 3909 3022 3963; x_wconf 73' lang='lat' dir='ltr'><strong>Christum</strong></span> <span class='ocrx_word' id='word_1_767' title='bbox 3047 3948 3063 3973; x_wconf 93' lang='lat'><strong>,</strong></span> <span class='ocrx_word' id='word_1_768' title='bbox 3098 3908 3190 3978; x_wconf 90' lang='lat' dir='ltr'><strong>qui</strong></span> <span class='ocrx_word' id='word_1_769' title='bbox 3218 3907 3453 3977; x_wconf 90' lang='lat' dir='ltr'><strong>seipsum</strong></span> <span class='ocrx_word' id='word_1_770' title='bbox 3479 3944 3497 3971; x_wconf 91' lang='lat'><strong>,</strong></span> 
     </span>
    </p>
   </div>
   <div class='ocr_carea' id='block_1_99' title="bbox 1910 3999 3497 4072">
    <p class='ocr_par' dir='ltr' id='par_1_99' title="bbox 1910 3999 3497 4072">
     <span class='ocr_line' id='line_1_99' title="bbox 1910 3999 3497 4072; baseline -0.004 -14"><span class='ocrx_word' id='word_1_771' title='bbox 1910 4002 2066 4058; x_wconf 88' lang='lat' dir='ltr'><strong>nobis</strong></span> <span class='ocrx_word' id='word_1_772' title='bbox 2092 4002 2245 4072; x_wconf 90' lang='lat' dir='ltr'><strong>quasi</strong></span> <span class='ocrx_word' id='word_1_773' title='bbox 2274 4002 2592 4058; x_wconf 90' lang='lat' dir='ltr'><strong>sumendum</strong></span> <span class='ocrx_word' id='word_1_774' title='bbox 2615 4041 2631 4068; x_wconf 92' lang='lat'><strong>,</strong></span> <span class='ocrx_word' id='word_1_775' title='bbox 2663 4017 2850 4072; x_wconf 85' lang='lat' dir='ltr'><strong>panem</strong></span> <span class='ocrx_word' id='word_1_776' title='bbox 2879 4000 3010 4055; x_wconf 90' lang='lat' dir='ltr'><strong>dicit</strong></span> <span class='ocrx_word' id='word_1_777' title='bbox 3047 4000 3244 4065; x_wconf 82' lang='lat' dir='ltr'><strong>vivum,</strong></span> <span class='ocrx_word' id='word_1_778' title='bbox 3271 4000 3357 4071; x_wconf 83' lang='lat' dir='ltr'><strong>qui</strong></span> <span class='ocrx_word' id='word_1_779' title='bbox 3404 3999 3497 4052; x_wconf 86' lang='lat' dir='ltr'><strong>dat</strong></span> 
     </span>
    </p>
   </div>
   <div class='ocr_carea' id='block_1_100' title="bbox 1907 4090 3496 4167">
    <p class='ocr_par' dir='ltr' id='par_1_100' title="bbox 1907 4090 3496 4167">
     <span class='ocr_line' id='line_1_100' title="bbox 1907 4090 3496 4167; baseline -0.003 -17"><span class='ocrx_word' id='word_1_780' title='bbox 1907 4097 2065 4151; x_wconf 80' lang='lat' dir='ltr'><strong>vitam</strong></span> <span class='ocrx_word' id='word_1_781' title='bbox 2104 4095 2232 4151; x_wconf 87' lang='lat' dir='ltr'><strong>huic</strong></span> <span class='ocrx_word' id='word_1_782' title='bbox 2284 4095 2473 4150; x_wconf 80' lang='lat' dir='ltr'><strong>mundo</strong></span> <span class='ocrx_word' id='word_1_783' title='bbox 2528 4093 2706 4167; x_wconf 86' lang='lat' dir='ltr'><strong>(Joan.</strong></span> <span class='ocrx_word' id='word_1_784' title='bbox 2755 4110 2826 4161; x_wconf 81' lang='lat' dir='ltr'><strong>vi,</strong></span> <span class='ocrx_word' id='word_1_785' title='bbox 2871 4093 2999 4164; x_wconf 78' lang='lat'><strong>53);</strong></span> <span class='ocrx_word' id='word_1_786' title='bbox 3041 4107 3209 4163; x_wconf 89' lang='lat' dir='ltr'><strong>seque</strong></span> <span class='ocrx_word' id='word_1_787' title='bbox 3252 4090 3496 4147; x_wconf 85' lang='lat' dir='ltr'><strong>similiter</strong></span> 
     </span>
    </p>
   </div>
   <div class='ocr_carea' id='block_1_101' title="bbox 1906 4182 3495 4253">
    <p class='ocr_par' dir='ltr' id='par_1_101' title="bbox 1906 4182 3495 4253">
     <span class='ocr_line' id='line_1_101' title="bbox 1906 4182 3495 4253; baseline -0.003 -12"><span class='ocrx_word' id='word_1_788' title='bbox 1906 4186 2109 4243; x_wconf 74' lang='lat' dir='ltr'><strong>fontem</strong></span> <span class='ocrx_word' id='word_1_789' title='bbox 2147 4188 2522 4242; x_wconf 88' lang='lat' dir='ltr'><strong>demonstrans</strong></span> <span class='ocrx_word' id='word_1_790' title='bbox 2546 4186 2622 4239; x_wconf 90' lang='lat' dir='ltr'><strong>ait</strong></span> <span class='ocrx_word' id='word_1_791' title='bbox 2648 4204 2662 4239; x_wconf 89' lang='lat'><strong>:</strong></span> <span class='ocrx_word' id='word_1_792' title='bbox 2707 4186 2805 4251; x_wconf 84' lang='lat' dir='ltr'><strong>Qui</strong></span> <span class='ocrx_word' id='word_1_793' title='bbox 2834 4186 2981 4253; x_wconf 84' lang='lat' dir='ltr'><strong>sitit,</strong></span> <span class='ocrx_word' id='word_1_794' title='bbox 3010 4186 3179 4239; x_wconf 68' lang='lat' dir='ltr'><strong>veniat</strong></span> <span class='ocrx_word' id='word_1_795' title='bbox 3202 4182 3271 4237; x_wconf 89' lang='lat' dir='ltr'><strong>ad</strong></span> <span class='ocrx_word' id='word_1_796' title='bbox 3295 4199 3375 4237; x_wconf 88' lang='lat' dir='ltr'><strong>me</strong></span> <span class='ocrx_word' id='word_1_797' title='bbox 3396 4224 3412 4248; x_wconf 89' lang='lat'><strong>,</strong></span> <span class='ocrx_word' id='word_1_798' title='bbox 3443 4189 3495 4236; x_wconf 84' lang='lat' dir='ltr'><strong>et</strong></span> 
     </span>
    </p>
   </div>
   <div class='ocr_carea' id='block_1_102' title="bbox 1907 4274 3490 4349">
    <p class='ocr_par' dir='ltr' id='par_1_102' title="bbox 1907 4274 3490 4349">
     <span class='ocr_line' id='line_1_102' title="bbox 1907 4274 3490 4349; baseline -0.001 -19"><span class='ocrx_word' id='word_1_799' title='bbox 1907 4276 2049 4331; x_wconf 71' lang='lat' dir='ltr'><strong>bibat</strong></span> <span class='ocrx_word' id='word_1_800' title='bbox 2078 4278 2260 4349; x_wconf 88' lang='lat' dir='ltr'><strong>(Joan.</strong></span> <span class='ocrx_word' id='word_1_801' title='bbox 2287 4293 2380 4346; x_wconf 90' lang='lat' dir='ltr'><strong>vn,</strong></span> <span class='ocrx_word' id='word_1_802' title='bbox 2403 4276 2518 4346; x_wconf 82' lang='lat'><strong>37).</strong></span> <span class='ocrx_word' id='word_1_803' title='bbox 2543 4275 2620 4331; x_wconf 90' lang='lat' dir='ltr'><strong>De</strong></span> <span class='ocrx_word' id='word_1_804' title='bbox 2648 4292 2755 4348; x_wconf 91' lang='lat' dir='ltr'><strong>quo</strong></span> <span class='ocrx_word' id='word_1_805' title='bbox 2786 4278 2935 4332; x_wconf 81' lang='lat' dir='ltr'><strong>fonte</strong></span> <span class='ocrx_word' id='word_1_806' title='bbox 2960 4284 3015 4331; x_wconf 91' lang='lat' dir='ltr'><strong>et</strong></span> <span class='ocrx_word' id='word_1_807' title='bbox 3039 4274 3308 4346; x_wconf 88' lang='lat' dir='ltr'><strong>Propheta</strong></span> <span class='ocrx_word' id='word_1_808' title='bbox 3326 4274 3490 4330; x_wconf 91' lang='lat' dir='ltr'><strong>dicit:</strong></span> 
     </span>
    </p>
   </div>
   <div class='ocr_carea' id='block_1_103' title="bbox 1910 4363 3381 4440">
    <p class='ocr_par' dir='ltr' id='par_1_103' title="bbox 1910 4363 3381 4440">
     <span class='ocr_line' id='line_1_103' title="bbox 1910 4363 3381 4440; baseline -0.002 -20"><span class='ocrx_word' id='word_1_809' title='bbox 1910 4363 2169 4431; x_wconf 84' lang='lat' dir='ltr'><strong>Quoniam</strong></span> <span class='ocrx_word' id='word_1_810' title='bbox 2198 4368 2336 4439; x_wconf 83' lang='lat' dir='ltr'><strong>apud</strong></span> <span class='ocrx_word' id='word_1_811' title='bbox 2365 4378 2412 4422; x_wconf 92' lang='lat' dir='ltr'><strong>te</strong></span> <span class='ocrx_word' id='word_1_812' title='bbox 2434 4377 2511 4423; x_wconf 85' lang='lat' dir='ltr'><strong>est</strong></span> <span class='ocrx_word' id='word_1_813' title='bbox 2538 4370 2655 4440; x_wconf 81' lang='lat' dir='ltr'><strong>fons</strong></span> <span class='ocrx_word' id='word_1_814' title='bbox 2684 4369 2801 4422; x_wconf 79' lang='lat' dir='ltr'><strong>vita:</strong></span> <span class='ocrx_word' id='word_1_815' title='bbox 2821 4366 3047 4437; x_wconf 87' lang='lat' dir='ltr'><strong>(Psalm.</strong></span> <span class='ocrx_word' id='word_1_816' title='bbox 3074 4380 3234 4429; x_wconf 87' lang='lat' dir='ltr'><strong>xxxv,</strong></span> <span class='ocrx_word' id='word_1_817' title='bbox 3271 4363 3381 4433; x_wconf 85' lang='grc'><strong>10).</strong></span> 
     </span>
    </p>
   </div>
   <div class='ocr_carea' id='block_1_104' title="bbox 1979 4453 3490 4515">
    <p class='ocr_par' dir='ltr' id='par_1_104' title="bbox 1979 4453 3490 4515">
     <span class='ocr_line' id='line_1_104' title="bbox 1979 4453 3490 4515; baseline -0.002 -2"><span class='ocrx_word' id='word_1_818' title='bbox 1979 4458 2041 4513; x_wconf 92' lang='lat' dir='ltr'><strong>ll.</strong></span> <span class='ocrx_word' id='word_1_819' title='bbox 2074 4457 2266 4513; x_wconf 82' lang='lat' dir='ltr'><strong>Videte</strong></span> <span class='ocrx_word' id='word_1_820' title='bbox 2295 4459 2437 4514; x_wconf 89' lang='lat' dir='ltr'><strong>unde</strong></span> <span class='ocrx_word' id='word_1_821' title='bbox 2464 4458 2568 4515; x_wconf 90' lang='lat' dir='ltr'><strong>iste</strong></span> <span class='ocrx_word' id='word_1_822' title='bbox 2595 4457 2715 4512; x_wconf 79' lang='lat' dir='ltr'><strong>fons</strong></span> <span class='ocrx_word' id='word_1_823' title='bbox 2742 4465 2925 4511; x_wconf 90' lang='lat' dir='ltr'><strong>manat</strong></span> <span class='ocrx_word' id='word_1_824' title='bbox 2957 4474 2970 4509; x_wconf 90' lang='lat'><strong>:</strong></span> <span class='ocrx_word' id='word_1_825' title='bbox 3014 4455 3136 4510; x_wconf 90' lang='lat' dir='ltr'><strong>inde</strong></span> <span class='ocrx_word' id='word_1_826' title='bbox 3163 4453 3307 4509; x_wconf 89' lang='lat' dir='ltr'><strong>enim</strong></span> <span class='ocrx_word' id='word_1_827' title='bbox 3350 4454 3490 4510; x_wconf 84' lang='lat' dir='ltr'><strong>unde</strong></span> 
     </span>
    </p>
   </div>
   <div class='ocr_carea' id='block_1_105' title="bbox 1829 4533 3486 4619">
    <p class='ocr_par' dir='ltr' id='par_1_105' title="bbox 1829 4533 3486 4619">
     <span class='ocr_line' id='line_1_105' title="bbox 1829 4533 3486 4619; baseline -0.003 -14"><span class='ocrx_word' id='word_1_828' title='bbox 1829 4533 1879 4595; x_wconf 76' lang='grc' dir='ltr'>υ</span> <span class='ocrx_word' id='word_1_829' title='bbox 1902 4557 1960 4605; x_wconf 91' lang='lat' dir='ltr'><strong>et</strong></span> <span class='ocrx_word' id='word_1_830' title='bbox 1988 4549 2141 4619; x_wconf 91' lang='lat' dir='ltr'><strong>panis</strong></span> <span class='ocrx_word' id='word_1_831' title='bbox 2164 4549 2473 4617; x_wconf 88' lang='lat' dir='ltr'><strong>descendit;</strong></span> <span class='ocrx_word' id='word_1_832' title='bbox 2494 4548 2623 4618; x_wconf 89' lang='lat' dir='ltr'><strong>quia</strong></span> <span class='ocrx_word' id='word_1_833' title='bbox 2646 4548 2784 4603; x_wconf 89' lang='lat' dir='ltr'><strong>idem</strong></span> <span class='ocrx_word' id='word_1_834' title='bbox 2813 4555 2896 4604; x_wconf 92' lang='lat' dir='ltr'><strong>est</strong></span> <span class='ocrx_word' id='word_1_835' title='bbox 2921 4547 3012 4618; x_wconf 90' lang='lat' dir='ltr'><strong>qui</strong></span> <span class='ocrx_word' id='word_1_836' title='bbox 3039 4543 3201 4601; x_wconf 91' lang='lat' dir='ltr'><strong>Panis</strong></span> <span class='ocrx_word' id='word_1_837' title='bbox 3225 4553 3281 4600; x_wconf 90' lang='lat' dir='ltr'><strong>et</strong></span> <span class='ocrx_word' id='word_1_838' title='bbox 3305 4545 3448 4602; x_wconf 88' lang='lat' dir='ltr'><strong>Fons</strong></span> <span class='ocrx_word' id='word_1_839' title='bbox 3470 4586 3486 4613; x_wconf 92' lang='lat'><strong>,</strong></span> 
     </span>
    </p>
   </div>
   <div class='ocr_carea' id='block_1_106' title="bbox 1904 4638 3486 4710">
    <p class='ocr_par' dir='ltr' id='par_1_106' title="bbox 1904 4638 3486 4710">
     <span class='ocr_line' id='line_1_106' title="bbox 1904 4638 3486 4710; baseline -0.002 -14"><span class='ocrx_word' id='word_1_840' title='bbox 1904 4640 2070 4697; x_wconf 86' lang='lat' dir='ltr'><strong>Filius</strong></span> <span class='ocrx_word' id='word_1_841' title='bbox 2100 4642 2287 4697; x_wconf 88' lang='lat' dir='ltr'><strong>unicus</strong></span> <span class='ocrx_word' id='word_1_842' title='bbox 2304 4682 2320 4708; x_wconf 94' lang='lat'><strong>,</strong></span> <span class='ocrx_word' id='word_1_843' title='bbox 2355 4641 2495 4696; x_wconf 88' lang='lat' dir='ltr'><strong>Deus</strong></span> <span class='ocrx_word' id='word_1_844' title='bbox 2520 4649 2705 4696; x_wconf 88' lang='lat' dir='ltr'><strong>noster</strong></span> <span class='ocrx_word' id='word_1_845' title='bbox 2726 4638 2972 4696; x_wconf 88' lang='lat' dir='ltr'><strong>Christus</strong></span> <span class='ocrx_word' id='word_1_846' title='bbox 2999 4638 3257 4695; x_wconf 90' lang='lat' dir='ltr'><strong>Dominus</strong></span> <span class='ocrx_word' id='word_1_847' title='bbox 3281 4681 3297 4707; x_wconf 93' lang='lat'><strong>,</strong></span> <span class='ocrx_word' id='word_1_848' title='bbox 3325 4654 3486 4710; x_wconf 88' lang='lat' dir='ltr'><strong>quem</strong></span> 
     </span>
    </p>
   </div>
   <div class='ocr_carea' id='block_1_107' title="bbox 1904 4730 3483 4801">
    <p class='ocr_par' dir='ltr' id='par_1_107' title="bbox 1904 4730 3483 4801">
     <span class='ocr_line' id='line_1_107' title="bbox 1904 4730 3483 4801; baseline 0 -14"><span class='ocrx_word' id='word_1_849' title='bbox 1904 4746 2119 4801; x_wconf 88' lang='lat' dir='ltr'><strong>semper</strong></span> <span class='ocrx_word' id='word_1_850' title='bbox 2140 4732 2345 4788; x_wconf 88' lang='lat' dir='ltr'><strong>esurire</strong></span> <span class='ocrx_word' id='word_1_851' title='bbox 2361 4731 2649 4797; x_wconf 87' lang='lat' dir='ltr'><strong>debemus;</strong></span> <span class='ocrx_word' id='word_1_852' title='bbox 2675 4731 2803 4787; x_wconf 90' lang='lat' dir='ltr'><strong>licet</strong></span> <span class='ocrx_word' id='word_1_853' title='bbox 2830 4746 2953 4787; x_wconf 91' lang='lat' dir='ltr'><strong>eum</strong></span> <span class='ocrx_word' id='word_1_854' title='bbox 2979 4730 3203 4787; x_wconf 89' lang='lat' dir='ltr'><strong>edamus</strong></span> <span class='ocrx_word' id='word_1_855' title='bbox 3228 4731 3483 4796; x_wconf 89' lang='lat' dir='ltr'><strong>amando,</strong></span> 
     </span>
    </p>
   </div>
   <div class='ocr_carea' id='block_1_108' title="bbox 1903 4823 3486 4896">
    <p class='ocr_par' dir='ltr' id='par_1_108' title="bbox 1903 4823 3486 4896">
     <span class='ocr_line' id='line_1_108' title="bbox 1903 4823 3486 4896; baseline -0.001 -15"><span class='ocrx_word' id='word_1_856' title='bbox 1903 4824 2226 4881; x_wconf 82' lang='lat' dir='ltr'><strong>devoremus</strong></span> <span class='ocrx_word' id='word_1_857' title='bbox 2279 4824 2406 4880; x_wconf 90' lang='lat' dir='ltr'><strong>licet</strong></span> <span class='ocrx_word' id='word_1_858' title='bbox 2456 4823 2857 4892; x_wconf 87' lang='lat' dir='ltr'><strong>desiderando,</strong></span> <span class='ocrx_word' id='word_1_859' title='bbox 2914 4825 3092 4881; x_wconf 90' lang='lat' dir='ltr'><strong>adhuc</strong></span> <span class='ocrx_word' id='word_1_860' title='bbox 3154 4839 3279 4881; x_wconf 92' lang='lat' dir='ltr'><strong>eum</strong></span> <span class='ocrx_word' id='word_1_861' title='bbox 3330 4826 3486 4896; x_wconf 88' lang='lat' dir='ltr'><strong>quasi</strong></span> 
     </span>
    </p>
   </div>
   <div class='ocr_carea' id='block_1_109' title="bbox 1903 4913 3482 4982">
    <p class='ocr_par' dir='ltr' id='par_1_109' title="bbox 1903 4913 3482 4982">
     <span class='ocr_line' id='line_1_109' title="bbox 1903 4913 3482 4982; baseline -0.002 -11"><span class='ocrx_word' id='word_1_862' title='bbox 1903 4917 2203 4972; x_wconf 83' lang='lat' dir='ltr'><strong>esurientes</strong></span> <span class='ocrx_word' id='word_1_863' title='bbox 2233 4914 2616 4972; x_wconf 90' lang='lat' dir='ltr'><strong>desideremus.</strong></span> <span class='ocrx_word' id='word_1_864' title='bbox 2640 4914 2813 4971; x_wconf 88' lang='lat' dir='ltr'><strong>Simili</strong></span> <span class='ocrx_word' id='word_1_865' title='bbox 2835 4914 2997 4971; x_wconf 91' lang='lat' dir='ltr'><strong>modo</strong></span> <span class='ocrx_word' id='word_1_866' title='bbox 3024 4924 3083 4970; x_wconf 90' lang='lat' dir='ltr'><strong>ut</strong></span> <span class='ocrx_word' id='word_1_867' title='bbox 3102 4913 3330 4982; x_wconf 76' lang='lat' dir='ltr'><strong>fontem,</strong></span> <span class='ocrx_word' id='word_1_868' title='bbox 3358 4929 3482 4970; x_wconf 90' lang='lat' dir='ltr'><strong>eum</strong></span> 
     </span>
    </p>
   </div>
   <div class='ocr_carea' id='block_1_110' title="bbox 1876 5006 3485 5078">
    <p class='ocr_par' dir='ltr' id='par_1_110' title="bbox 1876 5006 3485 5078">
     <span class='ocr_line' id='line_1_110' title="bbox 1876 5006 3485 5078; baseline -0.002 -14"><span class='ocrx_word' id='word_1_869' title='bbox 1876 5023 2117 5078; x_wconf 78' lang='lat' dir='ltr'><strong>semper</strong></span> <span class='ocrx_word' id='word_1_870' title='bbox 2141 5006 2444 5065; x_wconf 86' lang='lat' dir='ltr'><strong>dilectionis</strong></span> <span class='ocrx_word' id='word_1_871' title='bbox 2472 5006 2771 5073; x_wconf 89' lang='lat' dir='ltr'><strong>nimietate,</strong></span> <span class='ocrx_word' id='word_1_872' title='bbox 2800 5007 3047 5064; x_wconf 89' lang='lat' dir='ltr'><strong>bibamus</strong></span> <span class='ocrx_word' id='word_1_873' title='bbox 3071 5025 3088 5075; x_wconf 88' lang='lat'><strong>;</strong></span> <span class='ocrx_word' id='word_1_874' title='bbox 3118 5021 3242 5063; x_wconf 91' lang='lat' dir='ltr'><strong>eum</strong></span> <span class='ocrx_word' id='word_1_875' title='bbox 3269 5020 3485 5076; x_wconf 86' lang='lat' dir='ltr'><strong>semper</strong></span> 
     </span>
    </p>
   </div>
   <div class='ocr_carea' id='block_1_111' title="bbox 1899 5096 3482 5171">
    <p class='ocr_par' dir='ltr' id='par_1_111' title="bbox 1899 5096 3482 5171">
     <span class='ocr_line' id='line_1_111' title="bbox 1899 5096 3482 5171; baseline -0.001 -18"><span class='ocrx_word' id='word_1_876' title='bbox 1899 5098 2151 5155; x_wconf 85' lang='lat' dir='ltr'><strong>desiderii</strong></span> <span class='ocrx_word' id='word_1_877' title='bbox 2178 5098 2505 5171; x_wconf 90' lang='lat' dir='ltr'><strong>plenitudine</strong></span> <span class='ocrx_word' id='word_1_878' title='bbox 2543 5098 2788 5155; x_wconf 90' lang='lat' dir='ltr'><strong>bibamus</strong></span> <span class='ocrx_word' id='word_1_879' title='bbox 2810 5139 2826 5164; x_wconf 94' lang='lat'><strong>,</strong></span> <span class='ocrx_word' id='word_1_880' title='bbox 2858 5108 2914 5156; x_wconf 90' lang='lat' dir='ltr'><strong>et</strong></span> <span class='ocrx_word' id='word_1_881' title='bbox 2941 5100 3206 5156; x_wconf 87' lang='lat' dir='ltr'><strong>suavitate</strong></span> <span class='ocrx_word' id='word_1_882' title='bbox 3249 5096 3482 5167; x_wconf 88' lang='lat' dir='ltr'><strong>quadam</strong></span> 
     </span>
    </p>
   </div>
   <div class='ocr_carea' id='block_1_112' title="bbox 1901 5187 3483 5259">
    <p class='ocr_par' dir='ltr' id='par_1_112' title="bbox 1901 5187 3483 5259">
     <span class='ocr_line' id='line_1_112' title="bbox 1901 5187 3483 5259; baseline 0.001 -15"><span class='ocrx_word' id='word_1_883' title='bbox 1901 5188 2017 5259; x_wconf 89' lang='lat' dir='ltr'><strong>cjus</strong></span> <span class='ocrx_word' id='word_1_884' title='bbox 2061 5189 2357 5246; x_wconf 89' lang='lat' dir='ltr'><strong>dulcedinis</strong></span> <span class='ocrx_word' id='word_1_885' title='bbox 2403 5188 2734 5246; x_wconf 89' lang='lat' dir='ltr'><strong>delectemur</strong></span> <span class='ocrx_word' id='word_1_886' title='bbox 2764 5209 2779 5247; x_wconf 86' lang='lat'>;</span> <span class='ocrx_word' id='word_1_887' title='bbox 2810 5190 2982 5247; x_wconf 91' lang='lat' dir='ltr'><strong>dulcis</strong></span> <span class='ocrx_word' id='word_1_888' title='bbox 3010 5190 3154 5247; x_wconf 90' lang='lat' dir='ltr'><strong>enim</strong></span> <span class='ocrx_word' id='word_1_889' title='bbox 3201 5196 3257 5245; x_wconf 90' lang='lat' dir='ltr'><strong>et</strong></span> <span class='ocrx_word' id='word_1_890' title='bbox 3303 5187 3483 5245; x_wconf 87' lang='lat' dir='ltr'><strong>suavis</strong></span> 
     </span>
    </p>
   </div>
   <div class='ocr_carea' id='block_1_113' title="bbox 1902 5281 3480 5350">
    <p class='ocr_par' dir='ltr' id='par_1_113' title="bbox 1902 5281 3480 5350">
     <span class='ocr_line' id='line_1_113' title="bbox 1902 5281 3480 5350; baseline -0.001 -13"><span class='ocrx_word' id='word_1_891' title='bbox 1902 5281 2201 5338; x_wconf 89' lang='lat' dir='ltr'><strong>Dominus:</strong></span> <span class='ocrx_word' id='word_1_892' title='bbox 2231 5282 2357 5338; x_wconf 90' lang='lat' dir='ltr'><strong>licet</strong></span> <span class='ocrx_word' id='word_1_893' title='bbox 2397 5297 2520 5339; x_wconf 92' lang='lat' dir='ltr'><strong>eum</strong></span> <span class='ocrx_word' id='word_1_894' title='bbox 2568 5284 2828 5350; x_wconf 88' lang='lat' dir='ltr'><strong>edamus,</strong></span> <span class='ocrx_word' id='word_1_895' title='bbox 2860 5294 2917 5339; x_wconf 91' lang='lat' dir='ltr'><strong>et</strong></span> <span class='ocrx_word' id='word_1_896' title='bbox 2961 5284 3244 5349; x_wconf 89' lang='lat' dir='ltr'><strong>bibamus;</strong></span> <span class='ocrx_word' id='word_1_897' title='bbox 3297 5288 3480 5337; x_wconf 86' lang='lat' dir='ltr'><strong>tamen</strong></span> 
     </span>
    </p>
   </div>
   <div class='ocr_carea' id='block_1_114' title="bbox 1901 5374 3480 5443">
    <p class='ocr_par' dir='ltr' id='par_1_114' title="bbox 1901 5374 3480 5443">
     <span class='ocr_line' id='line_1_114' title="bbox 1901 5374 3480 5443; baseline -0.002 -14"><span class='ocrx_word' id='word_1_898' title='bbox 1901 5387 2113 5443; x_wconf 84' lang='lat' dir='ltr'><strong>semper</strong></span> <span class='ocrx_word' id='word_1_899' title='bbox 2149 5374 2447 5428; x_wconf 88' lang='lat' dir='ltr'><strong>esuriamus</strong></span> <span class='ocrx_word' id='word_1_900' title='bbox 2470 5381 2526 5428; x_wconf 89' lang='lat' dir='ltr'><strong>et</strong></span> <span class='ocrx_word' id='word_1_901' title='bbox 2551 5374 2791 5431; x_wconf 87' lang='lat' dir='ltr'><strong>sitiamus</strong></span> <span class='ocrx_word' id='word_1_902' title='bbox 2814 5415 2831 5443; x_wconf 95' lang='lat'><strong>,</strong></span> <span class='ocrx_word' id='word_1_903' title='bbox 2860 5374 2984 5443; x_wconf 89' lang='lat' dir='ltr'><strong>quia</strong></span> <span class='ocrx_word' id='word_1_904' title='bbox 3014 5374 3164 5429; x_wconf 90' lang='lat' dir='ltr'><strong>cibus</strong></span> <span class='ocrx_word' id='word_1_905' title='bbox 3211 5379 3397 5427; x_wconf 89' lang='lat' dir='ltr'><strong>noster</strong></span> <span class='ocrx_word' id='word_1_906' title='bbox 3424 5380 3480 5427; x_wconf 88' lang='lat' dir='ltr'><strong>et</strong></span> 
     </span>
    </p>
   </div>
   <div class='ocr_carea' id='block_1_115' title="bbox 1901 5462 3477 5537">
    <p class='ocr_par' dir='ltr' id='par_1_115' title="bbox 1901 5462 3477 5537">
     <span class='ocr_line' id='line_1_115' title="bbox 1901 5462 3477 5537; baseline -0.001 -15"><span class='ocrx_word' id='word_1_907' title='bbox 1901 5474 2062 5534; x_wconf 69' lang='lat' dir='ltr'><strong>potus</strong></span> <span class='ocrx_word' id='word_1_908' title='bbox 2085 5502 2107 5529; x_wconf 82' lang='lat'><strong>,</strong></span> <span class='ocrx_word' id='word_1_909' title='bbox 2135 5478 2243 5519; x_wconf 88' lang='lat' dir='ltr'><strong>non</strong></span> <span class='ocrx_word' id='word_1_910' title='bbox 2274 5471 2418 5521; x_wconf 86' lang='lat' dir='ltr'><strong>totus</strong></span> <span class='ocrx_word' id='word_1_911' title='bbox 2461 5481 2698 5537; x_wconf 88' lang='lat' dir='ltr'><strong>unquam</strong></span> <span class='ocrx_word' id='word_1_912' title='bbox 2747 5465 2883 5521; x_wconf 90' lang='lat' dir='ltr'><strong>sumi</strong></span> <span class='ocrx_word' id='word_1_913' title='bbox 2927 5473 3109 5534; x_wconf 85' lang='lat' dir='ltr'><strong>potest</strong></span> <span class='ocrx_word' id='word_1_914' title='bbox 3136 5471 3192 5519; x_wconf 91' lang='lat' dir='ltr'><strong>ct</strong></span> <span class='ocrx_word' id='word_1_915' title='bbox 3219 5462 3477 5535; x_wconf 85' lang='lat' dir='ltr'><strong>bibi;qui</strong></span> 
     </span>
    </p>
   </div>
   <div class='ocr_carea' id='block_1_116' title="bbox 1898 5553 3476 5621">
    <p class='ocr_par' dir='ltr' id='par_1_116' title="bbox 1898 5553 3476 5621">
     <span class='ocr_line' id='line_1_116' title="bbox 1898 5553 3476 5621; baseline 0.001 -12"><span class='ocrx_word' id='word_1_916' title='bbox 1898 5553 2027 5613; x_wconf 82' lang='lat' dir='ltr'><strong>licet</strong></span> <span class='ocrx_word' id='word_1_917' title='bbox 2051 5555 2279 5610; x_wconf 85' lang='lat' dir='ltr'><strong>sumitur</strong></span> <span class='ocrx_word' id='word_1_918' title='bbox 2301 5594 2319 5620; x_wconf 87' lang='lat'><strong>,</strong></span> <span class='ocrx_word' id='word_1_919' title='bbox 2371 5572 2478 5621; x_wconf 81' lang='lat' dir='ltr'><strong>non</strong></span> <span class='ocrx_word' id='word_1_920' title='bbox 2528 5556 2860 5614; x_wconf 83' lang='lat' dir='ltr'><strong>consumitur</strong></span> <span class='ocrx_word' id='word_1_921' title='bbox 2887 5594 2903 5621; x_wconf 91' lang='lat'><strong>,</strong></span> <span class='ocrx_word' id='word_1_922' title='bbox 2936 5555 3060 5611; x_wconf 82' lang='lat' dir='ltr'><strong>licet</strong></span> <span class='ocrx_word' id='word_1_923' title='bbox 3097 5555 3334 5621; x_wconf 88' lang='lat' dir='ltr'><strong>bibitur,</strong></span> <span class='ocrx_word' id='word_1_924' title='bbox 3366 5570 3476 5611; x_wconf 89' lang='lat' dir='ltr'><strong>non</strong></span> 
     </span>
    </p>
   </div>
   <div class='ocr_carea' id='block_1_117' title="bbox 1898 5647 3475 5719">
    <p class='ocr_par' dir='ltr' id='par_1_117' title="bbox 1898 5647 3475 5719">
     <span class='ocr_line' id='line_1_117' title="bbox 1898 5647 3475 5719; baseline 0 -16"><span class='ocrx_word' id='word_1_925' title='bbox 1898 5647 2172 5713; x_wconf 85' lang='lat' dir='ltr'><strong>adimitur,</strong></span> <span class='ocrx_word' id='word_1_926' title='bbox 2200 5650 2319 5718; x_wconf 77' lang='lat' dir='ltr'><strong>quia</strong></span> <span class='ocrx_word' id='word_1_927' title='bbox 2370 5648 2523 5719; x_wconf 86' lang='lat' dir='ltr'><strong>panis</strong></span> <span class='ocrx_word' id='word_1_928' title='bbox 2564 5658 2748 5704; x_wconf 86' lang='lat' dir='ltr'><strong>noster</strong></span> <span class='ocrx_word' id='word_1_929' title='bbox 2777 5656 3026 5714; x_wconf 72' lang='lat' dir='ltr'><strong>,aetcrnus</strong></span> <span class='ocrx_word' id='word_1_930' title='bbox 3082 5658 3205 5715; x_wconf 87' lang='lat' dir='ltr'><strong>cst,</strong></span> <span class='ocrx_word' id='word_1_931' title='bbox 3246 5659 3301 5705; x_wconf 89' lang='lat' dir='ltr'><strong>ct</strong></span> <span class='ocrx_word' id='word_1_932' title='bbox 3332 5648 3475 5705; x_wconf 81' lang='lat' dir='ltr'><strong>Fons</strong></span> 
     </span>
    </p>
   </div>
   <div class='ocr_carea' id='block_1_118' title="bbox 1896 5738 3477 5813">
    <p class='ocr_par' dir='ltr' id='par_1_118' title="bbox 1896 5738 3477 5813">
     <span class='ocr_line' id='line_1_118' title="bbox 1896 5738 3477 5813; baseline 0.001 -18"><span class='ocrx_word' id='word_1_933' title='bbox 1896 5748 2080 5801; x_wconf 77' lang='lat' dir='ltr'><strong>uoster</strong></span> <span class='ocrx_word' id='word_1_934' title='bbox 2125 5739 2377 5813; x_wconf 74' lang='lat' dir='ltr'><strong>perennis</strong></span> <span class='ocrx_word' id='word_1_935' title='bbox 2423 5745 2521 5807; x_wconf 82' lang='lat' dir='ltr'><strong>est,</strong></span> <span class='ocrx_word' id='word_1_936' title='bbox 2570 5738 2688 5796; x_wconf 80' lang='lat' dir='ltr'><strong>fons</strong></span> <span class='ocrx_word' id='word_1_937' title='bbox 2742 5746 2923 5796; x_wconf 78' lang='lat' dir='ltr'><strong>noster</strong></span> <span class='ocrx_word' id='word_1_938' title='bbox 2962 5738 3134 5798; x_wconf 80' lang='lat' dir='ltr'><strong>dulcis</strong></span> <span class='ocrx_word' id='word_1_939' title='bbox 3173 5749 3296 5808; x_wconf 74' lang='lat' dir='ltr'><strong>cst;</strong></span> <span class='ocrx_word' id='word_1_940' title='bbox 3336 5738 3477 5796; x_wconf 85' lang='lat' dir='ltr'><strong>unde</strong></span> 
     </span>
    </p>
   </div>
  </div>
