4052 6332
556 326 659 387 9.Βῖ

1796 319 1853 375 S.
1896 317 2287 376 CULUMBANI
2329 317 2609 375 ABBATIS

3734 318 3852 373 536

558 440 685 497 dicit
708 437 976 510 Propheta
1003 437 1421 505 :Quisititis,ite
1440 437 1509 491 ad
1534 432 1915 504 FontemUsa.
1942 432 2142 503 Lv,‘t);
2172 439 2216 495 Α
2247 448 2368 487 cum
2412 431 2614 502 Spiritu
2669 440 2858 487 sancto
2905 430 3081 486 unitas
3130 439 3211 485 est
3268 431 3321 487 in
3369 428 3563 493 saecu‘a
3615 430 3853 487 saculo-

558 531 851 587 sitientium
878 531 1041 596 enim,
1074 546 1179 585 non
1210 528 1562 585 saturantium
1592 527 1693 582 iste
1721 525 1864 583 Fons
1891 542 1905 592 ;
1938 537 1993 581 et
2022 525 2142 581 ideo

560 621 896 687 esurientes,
950 635 1085 691 quos
1129 620 1253 673 alibi
1309 616 1664 683 beatiiicavit,
1718 617 1786 671 ad
1832 632 1893 672 se
1945 624 2142 682 vocat;

559 712 755 779 quibus
807 727 1080 783 nunquam
1126 710 1312 765 bibere
1361 709 1491 765 satis
1520 710 1620 775 sit,
1662 709 1755 763 sed
1785 714 1985 777 quanto
2027 707 2146 777 plus

560 803 871 865 hauserint,
905 810 1055 857 tanto
1098 802 1216 873 plus
1259 802 1463 857 sitient.
1495 799 1705 864 Merito,
1757 799 1968 863 fratres,
1999 796 2147 852 Fons

561 894 829 962 sapientia:
862 891 1085 947 Verbum
1115 890 1211 946 Dei
1232 894 1285 946 in
1312 892 1529 957 extersis
1561 889 1747 961 (Eccli.
1781 906 1818 955 ι,
1852 887 1906 960 5)
1936 904 1965 944 a
1996 887 2149 943 nobis

562 983 946 1041 desiderandus
970 1023 987 1051 ,
1015 983 1358 1053 quaerendus,
1410 997 1627 1051 semper
1655 980 1914 1036 amandus
1957 981 2062 1046 sit,
2094 979 2149 1034 iu

561 1092 668 1149 quo
707 1086 861 1145 sunt,
908 1077 1059 1147 juxta
1108 1075 1351 1145 Apostoli
1409 1075 1642 1139 dictum,
1693 1090 1870 1128 omnes
1926 1073 2151 1127 thesauri

561 1169 826 1239 sapientia:
862 1175 912 1221 et
949 1168 1178 1221 scientia:
1225 1165 1513 1220 absconditi
1563 1162 1782 1235 (Coloss.
1817 1180 1873 1225 n,
1904 1163 1985 1231 5),
2015 1178 2152 1232 quos

561 1259 776 1314 haurire
803 1267 962 1313 vocat
988 1257 1079 1329 qui
1109 1257 1315 1311 sitiunt.
1343 1255 1399 1311 Si
1427 1256 1561 1320 sitis,
1594 1255 1717 1310 bibe
1744 1254 1971 1309 Fontem
1996 1253 2152 1321 vitae;

561 1354 605 1407 si
634 1352 809 1407 csuris
832 1392 848 1417 ,
877 1352 977 1406 ede
1010 1353 1205 1405 l‘anem
1237 1350 1374 1405 vita}.
1408 1348 1555 1405 Beati
1580 1391 1594 1415 ,
1619 1347 1711 1419 qui
1741 1348 1985 1403 esuriunt
2013 1345 2155 1401 hunc

564 1440 784 1505 Panem,
818 1449 873 1495 et
900 1440 1086 1495 sitiunt
1125 1441 1264 1495 hunc
1291 1439 1515 1494 Fontem
1539 1456 1553 1505 ;
1581 1453 1795 1508 semper
1820 1437 1963 1492 enim
1993 1435 2156 1492 eden-

565 1542 647 1588 tes
676 1541 731 1588 et
758 1533 1004 1588 bibentes
1028 1574 1043 1599 ,
1079 1531 1253 1587 adhuc
1283 1531 1445 1595 edere
1494 1539 1548 1586 et
1598 1530 1785 1585 bibere
1828 1527 2154 1584 desiderant.

566 1625 735 1682 Dulce
765 1626 909 1681 enim
937 1625 1093 1680 nimis
1120 1633 1222 1690 est,
1249 1625 1391 1695 quod
1413 1639 1629 1694 semper
1652 1623 1829 1678 editur
1856 1632 1912 1689 et
1933 1622 2153 1685 bibitur,

571 1724 628 1771 et
674 1729 886 1786 semper
941 1716 1172 1769 esuritur
1206 1702 1506 1781 et'sitltur,
1559 1727 1775 1783 semper
1823 1720 2069 1781 gustalur
2103 1721 2159 1767 et

2246 538 2384 579 rum.
2419 522 2606 579 Amen.

2743 613 3153 673 lNSTRUCTlO
3188 614 3323 672 XIV.

2565 706 2730 762 Varia
2752 707 3035 778 spiritualis
3064 709 3181 762 vita:
3205 708 3533 762 documenta.

2319 796 2361 853 1.
2393 796 2526 854 Cum
2569 797 2679 868 jam
2715 798 2783 853 de
2813 798 3052 853 moribus
3098 798 3501 867 moralibusque
3543 796 3859 870 disciplinis

2249 888 2338 945 diu
2388 888 2645 956 dixerim,
2675 890 2868 944 iterum
2915 902 3074 959 rogas
3098 929 3113 955 ,
3149 888 3220 943 illi
3272 887 3592 956 imbuende,
3633 890 3857 946 doceri.

2251 981 2455 1037 Audisti
2481 983 2609 1052 quid
2635 983 2893 1053 scriptum
2922 991 3006 1038 est
3039 1000 3051 1036 :
3088 980 3183 1037 Cui
3212 999 3379 1054 pauca
3402 999 3506 1037 non
3533 985 3858 1055 sufﬁciunt,

2252 1074 2401 1145 plura
2442 1092 2544 1129 non
2573 1064 2876 1146 proderunt.
2907 1074 3109 1146 Scripsi
3152 1075 3247 1131 tibi
3276 1082 3435 1130 antea
3480 1074 3547 1130 de
3591 1077 3865 1131 serietate

2253 1181 2315 1220 ac
2356 1166 2632 1237 pudicitia,
2664 1166 2753 1222 cui
2796 1166 3085 1235 nimirum,
3114 1174 3173 1221 ut
3223 1175 3351 1237 apte
3402 1166 3637 1236 quidam,
3682 1169 3865 1223 etiam

2256 1264 2364 1309 tuta
2387 1257 2559 1311 timeo.
2589 1256 2695 1312 Sed
2734 1257 2859 1326 quia
2891 1256 3190 1313 admonitio
3216 1258 3535 1328 quibusdam
3563 1258 3827 1314 custodia
3848 1301 3866 1326 ,

2254 1349 2571 1420 quibusdam
2603 1350 2903 1407 consolatio
2921 1392 2936 1416 ,
2967 1351 3288 1423 quibusdam
3309 1350 3574 1421 perfectio
3590 1351 3863 1416 edicitur,

2257 1440 2531 1496 intellecta
2585 1442 2797 1497 scilicet
2865 1441 3301 1513 corripientibus;
3359 1441 3483 1497 ideo
3536 1441 3868 1512 frequenter

2256 1530 2482 1587 docendi
2512 1541 2638 1587 sunt
2682 1549 2746 1587 ac
2788 1532 3062 1589 imbuendi
3109 1530 3203 1588 lilii
3252 1532 3586 1601 dulcissimi,
3637 1541 3701 1587 ut
3766 1548 3868 1603 per

2256 1620 2516 1690 quasdam
2548 1621 2875 1685 deiectiones
2897 1621 3221 1688 litterarum,
3251 1637 3375 1678 suas
3399 1623 3613 1679 vincere
3634 1624 3869 1693 possint

2259 1709 2325 1765 de
2382 1710 2641 1766 intestino
2690 1711 3075 1769 amaritudines
3122 1711 3289 1768 bello.
3340 1711 3547 1767 Bellum
3591 1712 3769 1782 igitur
3812 1721 3870 1768 et

566 1821 783 1876 semper
810 1805 1141 1860 desideratur
1166 1823 1180 1873 ;
1215 1805 1354 1861 unde
1386 1821 1479 1860 rex
1529 1805 1792 1875 propheta
1838 1803 1967 1858 dicit
1998 1822 2011 1858 ;
2046 1802 2153 1858 ϐυ·
2185 1827 2228 1888 Β
2258 1805 2553 1862 belluinutu
2575 1806 2732 1862 vince
2754 1848 2771 1873 ,
2799 1807 3264 1878 conrupiscentias
3288 1806 3498 1862 scilicet
3525 1822 3587 1861 ac
3607 1806 3871 1877 superci-

566 1904 697 1951 stute
710 1903 760 1950 et
773 1896 958 1959 videte,
978 1911 1137 1966 quam
1154 1895 1325 1951 dulcis
1339 1903 1438 1960 est,
1458 1912 1609 1968 quam
1627 1896 1796 1950 suavis
1812 1905 1886 1949 est
1902 1894 2153 1971 Dominus

568 1988 793 2058 (Psalm.
845 2002 1030 2052 xxxm,
1081 1987 1158 2058 9).
1212 1985 1527 2058 Propterea.
1556 1986 1770 2054 fratres,
1819 1972 2156 2041 vocationem

563 2080 706 2135 hanc
758 2094 1064 2150 sequamur,
1097 2094 1202 2150 qua
1257 2079 1323 2133 ad
1377 2079 1498 2133 vita:
1549 2076 1776 2133 Fontem
1831 2093 2090 2132 vocamur
2126 2093 2156 2132 a

563 2170 689 2225 Vita
714 2210 729 2236 ,
761 2171 852 2239 qui
884 2180 966 2225 est
994 2170 1138 2225 Fons
1163 2211 1178 2233 ,
1220 2185 1326 2224 non
1375 2169 1549 2225 solum
1576 2183 1727 2237 aqua:
1777 2168 1911 2223 vivzc
1936 2192 1951 2233 ,
1980 2158 2075 2223 Sed
2105 2178 2159 2223 et

564 2259 708 2315 Fons
732 2270 948 2315 aeterna;
969 2260 1109 2326 vitm,
1133 2260 1275 2315 Fons
1306 2260 1460 2328 lucis,
1486 2259 1625 2315 idem
1651 2269 1705 2314 et
1726 2259 1867 2316 Fons
1898 2260 2114 2315 luminis
2142 2278 2153 2313 :

566 2351 633 2405 ab
661 2351 753 2405 illo
797 2352 938 2406 enim
970 2353 1083 2407 lucc
1124 2352 1304 2405 omnia
1350 2359 1509 2415 sunt,
1544 2350 1805 2422 sapientia
1830 2391 1846 2417 ,
1886 2352 1994 2406 vita
2020 2394 2035 2419 ,
2066 2351 2157 2405 lux

567 2450 790 2496 aeterna.
841 2442 1043 2497 Auctor
1089 2443 1243 2508 vitae,
1277 2441 1421 2497 Fons
1450 2442 1573 2497 vita:
1616 2452 1734 2512 est,
1764 2443 1895 2498 lucis
1922 2452 2155 2512 creator,

567 2530 711 2589 Fons
740 2533 955 2589 luminis
984 2543 1068 2589 est
1097 2553 1109 2588 :
1141 2545 1195 2589 et
1224 2535 1346 2591 ideo
1369 2535 1692 2607 contemptis
1719 2534 1803 2590 his
1826 2549 1945 2604 qua:
1968 2535 2157 2590 viden-

566 2633 686 2689 tur,
740 2634 1055 2681 transcenso
1082 2625 1267 2700 [Forte
1307 2623 1647 2696 transcensu]
1688 2625 1740 2681 in
1790 2626 2159 2697 superioribus

567 2715 849 2781 ctelorum,
882 2714 1108 2771 Fontem
1157 2717 1411 2781 luminis,
1442 2714 1671 2770 Fontem
1724 2717 1878 2786 viuc,
1929 2715 2158 2773 Fontem

565 2820 720 2874 aqua:
775 2805 930 2873 vivte,
981 2815 1040 2859 ut
1095 2807 1442 2863 rationabiles
1494 2816 1550 2865 et
1599 2805 1925 2877 sagacissimi
1983 2808 2159 2877 pisces

566 2913 891 2966 quturamus,
920 2907 979 2953 ut
1007 2899 1251 2956 bibamus
1282 2916 1475 2970 aquam
1500 2902 1675 2956 vivam
1705 2909 1759 2956 et
1788 2899 2071 2955 salientem
2103 2899 2158 2955 in

565 2989 733 3044 vitam
762 2997 1021 3044 aeternam
1051 2989 1233 3058 (Joau.
1260 3008 1331 3058 tv,
1364 2990 1473 3063 14).

637 3077 724 3133 lll.
768 3077 983 3136 Utinam
1010 3095 1095 3135 me
1140 3080 1265 3135 illuc
1309 3080 1559 3150 dignares
1586 3080 1885 3136 adsciscere
1912 3079 1978 3134 ad
2009 3078 2157 3135 illum

564 3165 809 3236 Fontem,
841 3170 980 3227 Deus
1008 3170 1315 3227 misericors
1336 3212 1351 3237 ,
1385 3172 1472 3243 pie
1502 3171 1724 3227 Domine
1747 3213 1762 3237 ,
1788 3179 1846 3226 ut
1874 3172 1942 3227 ibi
1971 3180 2027 3227 et
2055 3185 2157 3241 ego

564 3278 689 3319 eum
719 3263 1025 3320 sitientibus
1071 3265 1178 3320 tuis
1222 3265 1399 3319 vivam
1431 3266 1625 3320 undam
1656 3265 1759 3321 vivi
1789 3263 1976 3320 Fontis
2004 3280 2158 3334 aquae

563 3351 703 3409 viva:
756 3353 1039 3422 biberem,
1098 3354 1253 3425 cujus
1310 3355 1472 3409 nimia
1528 3355 1810 3412 dulceline
1861 3355 2159 3411 delectatus

564 3458 776 3498 sursum
804 3460 1019 3515 semper
1039 3445 1089 3500 ei
1119 3447 1378 3501 haererem
1409 3454 1463 3500 et
1488 3445 1722 3502 dicerem
1749 3464 1762 3499 :
1787 3445 1957 3513 Quam
1989 3445 2161 3500 dulcis

567 3542 652 3589 est
680 3533 825 3591 Fons
872 3551 1037 3606 aqua:
1074 3538 1224 3601 vivtc,
1254 3538 1407 3607 cujus
1436 3554 1545 3593 non
1584 3537 1770 3593 delicit
1797 3553 1933 3608 aqua
1962 3538 2160 3595 saliens

565 3624 621 3678 in
649 3625 813 3680 vitam
844 3634 1100 3682 aeternam
1131 3626 1320 3699 (Ibid.)
1342 3629 1356 3681 !
1380 3627 1425 3683 Ο
1454 3628 1701 3697 Domine,
1738 3638 1798 3685 tu
1828 3644 1888 3685 es
1921 3631 2035 3700 ipse
2057 3630 2159 3685 iste

564 3715 707 3773 Fons
728 3734 943 3790 semper
956 3728 1011 3775 et
1027 3735 1241 3791 semper
1265 3720 1670 3786 desiderandus,
1701 3720 1871 3795 (Fort.
1906 3721 2031 3775 add.
2061 3738 2158 3776 eoa:

563 3807 846 3881 bibendus]
895 3826 1108 3882 semper
1154 3811 1279 3866 licet
1332 3826 1548 3881 semper
1576 3811 1940 3866 hauriendus.
1994 3810 2159 3866 Nabis

563 3916 777 3971 semper
802 3904 890 3971 da,
922 3904 1150 3960 Domine
1177 3904 1407 3971 Christe,
1443 3905 1576 3960 hanc
1603 3923 1790 3978 aquam
1821 3904 2007 3977 (Ibid.,
2042 3905 2155 3976 l5),

565 4003 627 4048 ut
646 3995 717 4049 sit
746 3995 797 4049 in
821 3996 975 4051 nobis
1003 4013 1217 4069 quoque
1246 3997 1389 4053 Fons
1414 4013 1564 4069 aqum
1594 3998 1725 4054 viva:
1754 4005 1808 4053 et
1828 3998 2071 4053 salientis
2100 3998 2155 4052 in

563 4085 732 4141 vitam
759 4095 1036 4141 mternam.
1067 4088 1257 4158 Magna
1286 4088 1503 4159 quidem
1530 4105 1695 4160 posco
1715 4131 1730 4156 ,
1759 4090 1879 4159 quis
1908 4090 2158 4145 nesciat?

564 4175 672 4232 Sed
716 4185 793 4242 tn,
829 4176 943 4232 Rex
972 4178 1179 4248 gloriar,
1230 4194 1423 4249 magna
1460 4180 1662 4235 donare
1693 4180 1833 4235 nosti
1861 4187 1916 4234 et
1962 4195 2155 4249 magna

565 4269 859 4342 promisisti
892 4289 904 4322 :
937 4270 1066 4324 nihil
1098 4278 1149 4324 tc
1172 4269 1363 4339 majus,
1387 4277 1441 4325 et
1469 4279 1520 4325 te
1547 4271 1703 4325 nobis
1724 4270 1955 4335 donasti,
1983 4280 2035 4325 te
2057 4286 2157 4340 pro

567 4364 723 4419 nobis
774 4361 987 4418 dedisti.
1040 4362 1191 4417 Unde
1239 4371 1293 4417 te
1321 4376 1601 4431 rogamus,
1635 4370 1691 4416 ut
1734 4361 1967 4417 sciamus
2011 4361 2157 4431 quod

569 4470 834 4522 amamus,
858 4457 981 4526 quia
1014 4455 1147 4510 nihil
1176 4454 1319 4509 aliud
1347 4463 1539 4525 pratter
1559 4462 1611 4509 te
1642 4454 1795 4509 nobis
1818 4453 1930 4507 dari
1962 4463 2154 4524 postu-

565 4547 739 4602 lamus
771 4565 783 4601 :
834 4554 890 4602 tu
930 4562 988 4603 es
1028 4547 1171 4602 enim
1216 4545 1394 4602 omnia
1444 4553 1649 4612 nostra,
1680 4546 1785 4600 vita
1827 4553 2031 4613 nostra,
2062 4546 2153 4600 lux

567 4646 770 4702 nostra,
812 4640 957 4694 salus
1009 4647 1213 4702 nostra,
1262 4638 1414 4693 cibus
1462 4645 1672 4703 nocter,
1724 4646 1882 4707 potus
1934 4646 2149 4703 noster,

566 4730 709 4785 Deus
736 4738 937 4785 noster.
970 4730 1173 4802 inSpira
1196 4730 1356 4787 corda
1388 4738 1590 4795 nostra,
1616 4743 1767 4799 rogo,
1795 4726 1922 4784 Jesu
1946 4739 2149 4795 noster,

562 4820 651 4875 illa
681 4823 754 4875 tui
781 4820 1012 4892 Spiritus
1032 4838 1185 4888 aura,
1216 4831 1272 4877 et
1299 4822 1515 4876 vulnera
1536 4828 1745 4876 nostras
1768 4828 1858 4874 tua
1889 4820 2154 4876 charitate

564 4912 801 4977 animas,
835 4919 890 4967 ut
922 4914 1092 4983 possit
1133 4912 1545 4984 uniuscujusque
1589 4921 1831 4967 nostrum
1880 4911 2058 4965 anima
2097 4912 2152 4967 in

566 5003 791 5057 veritate
816 5001 995 5059 dicere
1028 5022 1040 5056 :
1067 5002 1252 5057 Indica
1278 5004 1405 5058 mihi
1430 5021 1580 5076 quem
1619 5005 1802 5058 dilexit
1830 5004 2009 5056 anima
2034 5019 2148 5057 mea

566 5096 740 5168 (Cant.
774 5115 813 5164 ι,
844 5097 920 5167 6),
957 5100 1210 5168 quoniam
1257 5099 1534 5153 Vulnerata
1578 5098 1844 5154 cbaritate
1881 5111 1983 5165 ego
2009 5112 2151 5152 sum.

564 5187 705 5257 Opto
757 5189 843 5244 illa
874 5189 1091 5245 vulnera
1136 5190 1188 5244 in
1237 5206 1322 5244 me
1368 5191 1494 5254 sint,
1530 5188 1775 5243 Domine.
1826 5186 1989 5241 Beata
2032 5187 2152 5243 talis

562 5284 760 5346 anima,
793 5299 911 5353 que
951 5282 1213 5338 charitate
1260 5283 1337 5339 sic
1381 5282 1694 5337 vulneratur
1724 5298 1740 5336 :
1775 5280 1894 5337 talis
1922 5280 2149 5338 Fontem

561 5375 773 5444 quaerit,
805 5374 925 5429 talis
952 5374 1103 5438 bibit,
1134 5390 1348 5445 semper
1369 5382 1546 5429 tamen
1570 5373 1681 5427 sitit
1708 5372 1977 5440 bibendo,
2002 5390 2147 5429 sem-

561 5480 659 5530 per
684 5465 860 5522 haurit
889 5465 1266 5532 desiderando,
1284 5480 1442 5533 quem
1468 5480 1687 5535 semper
1713 5465 1847 5521 bibit
1873 5466 2142 5533 sitiendo;

558 5556 638 5611 sic
666 5573 879 5630 semper
905 5560 1096 5631 quaerit
1115 5558 1369 5627 amando,
1390 5572 1510 5628 qua:
1530 5565 1751 5621 sanatur
1774 5557 2142 5625 vulnerando;

558 5663 671 5717 quo
695 5649 917 5706 salutari
941 5651 1160 5705 vulnere
1188 5650 1381 5705 anima:
1413 5659 1608 5705 nostra:
1636 5649 1893 5705 interiora
1923 5649 2065 5705 Deus
2092 5658 2147 5705 et

560 5734 820 5793 Dominus
844 5736 1026 5794 uoster
1052 5738 1206 5794 Jesus
1231 5738 1495 5811 Christus,
1525 5741 1644 5812 pius
1674 5741 1762 5797 ille
1788 5741 2145 5811 salutarisquc

560 5826 804 5885 medicus
858 5828 1140 5886 vulnerare
1203 5830 1493 5901 dignetur,
1546 5832 1631 5889 cui
1685 5846 1807 5890 cum
1879 5830 2037 5889 l‘atrc
2091 5841 2145 5890 et

2258 1895 2473 1962 liosum,
2504 1895 2650 1951 utilis
2677 1894 2862 1968 [Forte
2891 1894 3080 1967 virilis]
3111 1905 3229 1952 esto
3259 1896 3312 1951 in
3342 1896 3660 1960 humilitate,
3686 1894 3867 1953 inﬁro

2257 2005 2485 2065 musque
2536 1988 2588 2044 in
2636 1989 2992 2054 auctoritate,
3025 1988 3251 2060 simplex
3304 1989 3359 2044 in
3415 1989 3542 2058 iide,
3570 1990 3777 2045 doetus
3814 1992 3868 2045 in

2258 2081 2537 2151 moribus,
2568 2079 2791 2136 mordax
2840 2080 2893 2135 in
2939 2072 3149 2145 alienis,
3201 2080 3458 2137 remissus
3502 2082 3554 2136 in
3582 2082 3865 2152 propriis,

2259 2189 2427 2244 purus
2453 2173 2506 2245 in
2535 2173 2791 2239 amicitia,
2822 2172 3048 2228 callidus
3071 2172 3126 2226 in
3149 2171 3376 2242 insidiis,
3403 2174 3566 2231 durus
3592 2176 3645 2229 in
3667 2175 3866 2230 molli-

2259 2263 2382 2332 bus,
2412 2264 2589 2320 mollis
2635 2265 2689 2319 in
2738 2264 2904 2320 duris.
2947 2263 3141 2319 Varius
3188 2264 3241 2319 in
3288 2264 3500 2335 planis,
3551 2265 3748 2336 planus
3813 2267 3867 2323 in

2262 2356 2443 2423 variis,
2475 2355 2741 2425 jocundus
2770 2356 2823 2411 in
2855 2356 3055 2412 amaris
3080 2398 3096 2425 ,
3126 2355 3294 2412 tristis
3342 2356 3394 2411 in
3430 2357 3698 2427 jocundis.
3738 2358 3869 2415 Dis—

2259 2463 2383 2505 cors
2405 2447 2459 2503 in
2483 2448 2824 2515 necessariis,
2854 2447 3075 2517 mqualis
3104 2447 3158 2502 in
3188 2447 3351 2503 veris.
3384 2446 3613 2504 Severus
3641 2449 3694 2503 in
3722 2464 3869 2504 sua-

2260 2544 2434 2608 vibus,
2463 2538 2635 2600 dulcis
2666 2544 2716 2599 in
2747 2541 3215 2599 amaritudinibus.
3260 2541 3440 2597 Fortis
3469 2542 3522 2598 in
3553 2541 3865 2599 tribulatio-

2261 2638 2448 2705 nibus,
2479 2645 2532 2692 et
2579 2635 2862 2693 imbecillis
2887 2636 2940 2691 in
2968 2634 3279 2703 discordiis,
3305 2634 3488 2690 tardus
3517 2635 3583 2689 ad
3616 2633 3870 2691 irascen-

2248 2731 2408 2796 dum,
2441 2730 2596 2784 velox
2630 2728 2698 2783 ad
2729 2728 3063 2794 discendum,
3101 2728 3280 2781 tardus
3303 2742 3518 2798 quoque
3544 2729 3613 2781 ad
3639 2728 3869 2799 loquen-

2262 2824 2383 2878 dum
2414 2821 2551 2895 (Jac.
2585 2838 2625 2891 ι,
2653 2821 2759 2893 19),
2791 2832 2851 2877 ut
2877 2831 3097 2877 sanctus
3129 2820 3204 2875 ait
3241 2819 3505 2893 Jacobus,
3530 2819 3677 2874 velox
3705 2820 3870 2873 simi-

2260 2913 2385 2969 liter
2433 2913 2503 2967 ad
2548 2913 2880 2967 audiendum.
2931 2910 3134 2967 Eflicax
3186 2912 3239 2967 in
3271 2911 3547 2983 proibctu,
3588 2910 3760 2965 hebes
3815 2910 3869 2964 in

2262 3003 2521 3067 vindiCIa,
2551 3013 2740 3059 cautus
2765 3004 2819 3059 in
2843 3002 3038 3071 verbo,
3089 3013 3371 3075 promptus
3392 3004 3444 3059 in
3476 3018 3660 3075 opere.
3695 3003 3870 3057 Ama-

2262 3098 2384 3154 bilis
2435 3096 2646 3170 probis,
2698 3097 2974 3169 squalidus
3030 3097 3360 3165 inhonestis,
3411 3095 3544 3165 lenis
3594 3094 3869 3160 inﬁrmis,

2182 3198 2235 3273 ς
2262 3189 2428 3246 durus
2480 3188 2689 3245 stolidis
2723 3227 2739 3256 ,
2808 3197 2987 3255 rectus
3046 3188 3244 3243 erectis
3275 3228 3291 3254 ,
3339 3186 3553 3242 humilis
3600 3184 3866 3255 dejectis.

2263 3282 2489 3349 Sobrius
2553 3280 2791 3351 ubique,
2856 3290 3039 3336 castus
3102 3280 3303 3350 ubique
3343 3320 3359 3347 ,
3418 3279 3642 3350 pudicus
3711 3293 3866 3333 sem-

2261 3392 2378 3449 per,
2410 3377 2617 3447 patiens
2666 3382 2823 3430 tenus
2871 3373 2987 3429 zelo
3011 3414 3025 3438 ,
3053 3374 3277 3446 cupidus
3324 3388 3598 3444 nunquam
3622 3412 3638 3437 ,
3677 3370 3867 3442 largus
3916 3446 3921 3451 ἡ

2261 3481 2497 3535 semper,
2527 3465 2608 3519 sin
2657 3479 2784 3534 ope,
2811 3464 2895 3519 vel
2926 3463 3126 3519 animo.
3151 3462 3500 3536 Opportunus
3522 3464 3576 3518 in
3599 3462 3865 3532 jejuniis,

2262 3557 2603 3628 importunus
2634 3558 2687 3611 in
2715 3557 2929 3627 vigiliis.
2963 3554 3236 3613 Discretus
3263 3559 3314 3612 in
3347 3554 3539 3613 officiis
3563 3597 3580 3621 ,
3610 3565 3776 3612 tenax
3808 3558 3864 3613 in

2260 3647 2470 3714 stuliis,
2515 3658 2772 3705 constans
2799 3648 2852 3703 in
2899 3647 3221 3718 fragoribus,
3250 3649 3402 3704 hctus
3425 3648 3477 3703 in
3508 3648 3867 3717 maeroribus.

2260 3741 2450 3795 Autlax
2476 3742 2528 3796 in
2556 3757 2718 3797 causa
2747 3742 3018 3809 veritatis,
3049 3742 3266 3797 timidus
3297 3743 3349 3797 in
3379 3742 3824 3799 contentionibus
3845 3786 3863 3812 ,

2259 3831 2484 3903 supplex
2509 3833 2664 3889 bonis
2688 3875 2704 3901 ,
2733 3833 3107 3904 insuperabilis
3137 3835 3292 3891 malis
3312 3877 3327 3902 ,
3356 3834 3501 3890 mitis
3528 3833 3582 3889 in
3616 3834 3863 3895 liberali-

2261 3933 2373 3980 tate
2398 3966 2413 3992 ,
2445 3925 2786 3995 infatigabilis
2829 3925 2883 3980 in
2920 3926 3184 3981 charitate
3212 3968 3227 3994 ,
3260 3925 3442 3996 justus
3485 3926 3538 3980 in
3583 3924 3861 3991 omnibus,

2244 4018 2379 4090 'pius
2402 4017 2594 4087 dignis,
2626 4019 2931 4075 misericors
2956 4020 3299 4091 pauperibus.
3334 4019 3542 4075 Memor
3562 4019 3868 4075 beneﬁcioe

2260 4124 2409 4174 rum,
2464 4108 2746 4164 immemor
2799 4109 3134 4180 injuriarum.
3187 4110 3412 4164 Amator
3457 4110 3863 4176 mediocrium,

2261 4201 2419 4256 nolus
2447 4218 2629 4271 opum,
2655 4202 2817 4257 animi
2848 4203 3160 4273 depressor,
3192 4203 3579 4272 cogitationum
3612 4204 3862 4273 publica-

2262 4300 2368 4346 tor.
2419 4291 2734 4347 Senioribus
2777 4294 3073 4357 obediens,
3125 4293 3432 4363 junioribus
3480 4308 3859 4356 concurrens,

2261 4382 2619 4451 coarqualibus
2639 4397 2945 4453 co;cquans.
2979 4381 3237 4438 Perfectis
3264 4390 3587 4438 concertans
3612 4423 3627 4449 ,
3662 4380 3860 4436 melio-

2260 4476 2408 4531 ribus
2458 4492 2564 4530 non
2619 4474 2899 4542 invidens,
2949 4475 3400 4547 prmcurrentibus
3450 4490 3560 4529 non
3610 4473 3808 4530 dolens
3839 4517 3856 4537 ,

2263 4566 2659 4622 remorantibus
2688 4583 2794 4622 non
2823 4566 3136 4631 detrahens,
3168 4567 3588 4637 provocantibus
3618 4582 3858 4639 consen-

2263 4658 2422 4723 tiens,
2450 4658 2620 4713 lassus
2647 4656 2774 4711 licet
2820 4673 2925 4711 non
2968 4654 3227 4713 deficiens
3250 4698 3264 4721 ,
3296 4656 3429 4711 flens
3455 4655 3615 4709 simul
3641 4663 3698 4711 et
3723 4670 3860 4725 gau-

2262 4751 2415 4816 dens,
2450 4766 2546 4821 pro
2590 4749 2800 4805 fervore
2828 4764 2891 4803 ac
2921 4763 3054 4823 spe;
3097 4748 3291 4804 timens
3332 4762 3548 4820 semper
3575 4761 3677 4817 pro
3725 4745 3855 4813 line,

2262 4839 2388 4895 licet
2416 4840 2728 4910 proficiens,
2753 4839 2976 4893 incerto.

2332 4931 2393 4985 ll.
2438 4930 2514 4985 En
2547 4941 2717 4999 tuum,
2765 4947 2797 4986 ο
2826 4947 2959 5001 puer
2988 4929 3215 4986 amande
3262 4932 3613 5003 ministerque
3656 4928 3853 4994 dulcis,

2260 5024 2681 5086 monimentum;
2734 5022 2857 5077 talis
2903 5022 2948 5076 si
2989 5021 3083 5089 sis,
3133 5022 3289 5077 nimis
3315 5024 3503 5077 beatus
3529 5022 3675 5097 eris,
3726 5022 3853 5092 quia

2261 5131 2355 5186 per
2381 5130 2637 5185 prospera
2659 5121 2716 5169 et
2735 5113 2957 5169 adversa
2988 5113 3128 5171 idem
3177 5114 3302 5177 eris,
3352 5123 3572 5185 paratus
3618 5113 3686 5168 ad
3714 5130 3855 5169 cun-

2258 5215 2365 5273 cta,
2407 5204 2629 5276 singulis
2653 5220 2960 5269 occurrens,
3013 5214 3318 5276 temperans
3355 5213 3574 5285 gestus,
3605 5204 3857 5279 nutriens

2258 5299 2573 5365 crescenda,
2616 5299 2927 5354 interimens
2977 5297 3365 5365 decrescenda,
3399 5299 3639 5369 levigans
3667 5298 3854 5370 dispe-

2256 5402 2371 5447 rata
2404 5391 2587 5465 (Forte
2614 5393 2848 5463 aspera),
2879 5407 3205 5463 cxasperans
3245 5390 3551 5461 vituperata
3573 5434 3587 5457 ,
3636 5406 3859 5461 semper

2251 5484 2532 5552 sollicitus,
2557 5499 2769 5555 semper
2795 5498 3065 5550 crescens,
3088 5498 3301 5553 semper
3329 5483 3617 5554 acquirens
3634 5523 3649 5549 ,
3703 5496 3855 5548 sean-

2249 5594 2346 5650 per
2376 5576 2599 5634 tendens
2627 5577 2693 5632 ad
2725 5572 3209 5648 superna,semper
3237 5591 3458 5632 currens
3487 5574 3557 5630 ad
3578 5573 3853 5641 bravium,

2250 5687 2462 5741 semper
2490 5670 2728 5725 cmlestia
2760 5669 3093 5735 desiderans,
3146 5684 3360 5740 semper
3408 5667 3590 5723 divina
3638 5667 3850 5724 sitiens.

2253 5763 2386 5819 Ecce
2410 5764 2710 5820 doctrinam
2738 5784 2748 5818 :
2785 5764 2850 5819 da
2880 5765 3265 5834 sequacitatem
3288 5763 3330 5819 si
3356 5771 3527 5834 potes,
3556 5770 3620 5817 ut
3650 5763 3855 5818 habeas

2252 5854 2563 5912 felicitatem
2622 5865 2677 5937 ct
2724 5863 3071 5925 potestatem,
3126 5873 3249 5912 cum
3296 5855 3525 5928 puerilia
3581 5854 3854 5929 desideria
