4052 6332
190 310 300 368 357

1115 306 1653 366 INSTRUCTIONES
1692 306 1926 365 VARI/EI
1967 308 2125 367 SIVE
2162 310 2550 370 SERMONES.

3374 313 3481 372 258

189 424 427 494 fugiens.
458 435 654 490 corpus
683 421 760 478 sic
794 420 847 477 in
879 426 1201 491 potestatem
1240 419 1460 489 spiritus
1512 417 1783 486 redegeris
1814 423 1859 480 Α
1890 418 2226 489 rediguntur,
2266 430 2321 476 et
2351 422 2506 477 nobis
2549 422 2599 477 in
2644 438 2799 478 usum
2829 421 3027 478 munde
3064 432 3480 494 componuntur.

187 528 248 573 et
279 526 332 573 te
360 516 550 571 vadem
600 530 697 584 pro
740 514 843 570 tuis
892 512 1175 568 tradideris
1225 512 1492 583 peccatis,
1550 512 1603 566 in
1638 510 1789 565 brevi

188 608 515 665 militantem
539 622 639 677 pro
664 607 881 661 :eternis
904 604 1207 676 stipendiis.
1243 605 1287 659 υ
1318 614 1369 660 te
1399 605 1638 661 felicem!
1674 619 1708 659 ο
1737 611 1791 659 te

188 692 444 754 beatum!
500 712 641 766 oqne
690 695 991 751 mirabilem
1024 703 1078 750 te
1112 709 1363 764 puerum,
1414 694 1458 750 si
1491 688 1604 748 [nec
1639 708 1788 749 com-

190 794 429 865 pleveris
459 792 738 847 universal
771 788 827 845 Si
866 789 1009 845 enim
1037 789 1091 843 in
1121 790 1203 844 bis
1232 788 1515 857 diligenter
1544 788 1793 842 omnibus

192 884 365 940 fueris
393 880 553 939 sensu
595 891 650 937 et
678 897 843 953 opere
865 886 1181 952 oecupatus,
1235 897 1343 936 non
1372 880 1588 935 vacabis
1618 896 1792 950 neque

192 958 350 1032 vanis
375 976 653 1046 vagisque,
705 988 880 1042 neque
914 973 1159 1041 turpibus
1201 971 1648 1043 cogitationibus;
1698 969 1792 1026 sed

193 1070 354 1139 quasi
385 1067 648 1138 incipiens
677 1081 893 1135 semper
933 1065 1028 1139 tibi
1067 1064 1165 1135 ipsi
1197 1065 1568 1134 congregabis,
1600 1064 1793 1133 quibus

195 1160 251 1214 in
278 1168 600 1231 perpetuum
632 1156 886 1211 fruiturus
916 1157 1043 1223 eris,
1079 1156 1237 1211 unius
1267 1157 1347 1210 vir
1378 1156 1650 1212 vocandus
1677 1155 1791 1209 aui-

196 1252 293 1316 mi,
318 1260 371 1306 et
394 1250 679 1320 singularis
704 1248 1057 1304 emolumenti
1080 1249 1358 1317 quaesitor,
1379 1248 1625 1317 egregius
1646 1247 1795 1316 regni

197 1343 505 1412 negotiator
552 1341 759 1396 :eterni.
810 1339 1144 1395 Convertere
1203 1340 1365 1408 igitur
1412 1348 1465 1393 te
1514 1348 1685 1394 totum
1739 1340 1793 1394 iu

197 1437 339 1503 lucc,
361 1437 488 1506 quia
512 1436 677 1490 habes
700 1436 751 1489 in
771 1435 964 1505 quibus
996 1423 1140 1511 tuam
1161 1449 1418 1489 exerceas
1434 1433 1792 1502 juventttem,

198 1528 478 1593 virtutem,
509 1527 829 1593 eﬂicaciam,
859 1522 1268 1592 strenuitatem;
1324 1541 1393 1580 ne
1422 1525 1473 1580 iu
1512 1525 1797 1581 contrariis

194 1622 285 1675 ba:
324 1620 523 1676 fuerint
547 1620 876 1682 exercitate,
928 1608 1156 1689 pereant
1181 1633 1424 1690 qucher
1445 1618 1552 1674 vim
1582 1618 1800 1689 rapiunt

200 1725 427 1780 regnum
450 1710 710 1767 cmlorum
739 1709 955 1780 (Matth.
982 1726 1056 1771 xI,
1099 1709 1211 1784 12).

718 1799 1131 1856 INSTRUCTIO
1159 1800 1274 1855 XV.

590 1895 665 1951 De
715 1898 913 1969 fervore
965 1896 1218 1951 serviendi
1276 1895 1402 1950 Deo.

276 1989 319 2044 Ι.
379 1976 433 2044 In
463 1989 704 2045 Ecclesia
741 1990 853 2054 Dei,
904 1988 1097 2044 fratres
1129 1989 1256 2056 mei,
1304 2006 1569 2045 summum
1621 1990 1796 2045 locum

201 2097 305 2157 per
350 2082 445 2136 Dei
493 2080 917 2136 misericordiam
973 2096 1159 2135 sumus
1210 2080 1557 2138 obtinentes:
1609 2097 1802 2138 curare

168 2208 175 2213 -
203 2187 550 2243 summopere
575 2172 867 2247 debemus,
921 2180 981 2226 ut
1022 2172 1166 2241 quod
1196 2172 1365 2228 semel
1398 2176 1800 2243 proposuimus,

203 2263 392 2320 sedula
438 2264 738 2318 intentione
785 2272 1085 2329 teneamus,
1139 2263 1359 2332 etquod
1398 2265 1635 2319 exterius
1673 2281 1797 2336 pro-

205 2357 489 2423 mittimus,
520 2372 616 2427 per
635 2357 871 2412 studium
903 2356 1030 2412 boni
1070 2358 1248 2428 operis
1278 2359 1643 2416 exhibeamus.
1687 2359 1801 2427 Qua

206 2447 260 2501 in
288 2462 347 2502 re
379 2462 598 2502 necesse
623 2455 726 2512 est,
764 2456 821 2501 ut
849 2448 1071 2504 remotis
1096 2448 1162 2502 de
1190 2449 1441 2504 cordibus
1481 2450 1678 2505 nostris
1724 2451 1804 2505 fa-

206 2538 318 2594 tuis
344 2547 401 2593 et
425 2538 622 2609 ineptis
648 2538 1084 2607 cogitationibus,
1139 2539 1434 2593 secundum
1459 2537 1805 2610 perfectionls

206 2631 334 2685 vitae
362 2631 601 2699 regulam
634 2630 774 2684 viam
810 2629 900 2684 Dei
924 2628 1309 2699 ingrediamur,
1359 2639 1414 2685 et
1442 2647 1468 2682 a
1512 2631 1804 2699 gradiendo

207 2723 259 2778 in
285 2738 350 2779 ea
382 2738 502 2793 qua:
531 2732 656 2777 ante
681 2732 827 2791 sunt,
851 2722 1002 2777 obliti
1028 2723 1411 2792 posteriorum,
1444 2724 1495 2779 id
1522 2731 1633 2788 est,
1667 2734 1807 2779 tem-
1836 2750 1843 2757 ·

206 2814 499 2886 poralium,
532 2830 653 2870 cum
682 2814 945 2885 Apostolo
971 2813 1232 2887 (Philipp.
1266 2832 1344 2884 ut,
1376 2816 1465 2888 15)
1498 2832 1597 2872 nos
1621 2826 1807 2873 exten-

208 2906 421 2970 damus,
473 2905 716 2961 dicentes
764 2904 1030 2960 conditori
1074 2913 1305 2962 uostro:
1353 2906 1523 2962 Truhe
1562 2925 1656 2963 nos
1694 2918 1811 2979 post

211 3009 302 3061 te;
333 3014 596 3051 curremus
651 2997 808 3053 simul
864 2998 918 3051 in
962 2998 1171 3051 odorem
1200 3006 1576 3067 unguentorum
1606 3009 1810 3055 tuorum

211 3087 393 3159 (Cant.
424 3104 459 3155 ι,
485 3087 564 3158 3).
616 3086 721 3143 Per
747 3104 846 3143 nos
874 3088 1090 3159 quidem
1119 3088 1188 3142 ad
1236 3089 1379 3143 viam
1410 3089 1656 3145 veritatis
1686 3107 1810 3162 per-

207 3181 442 3249 tingere,
495 3179 582 3235 vel
621 3179 673 3234 in
728 3194 791 3235 ea
855 3178 1119 3249 proficisci
1147 3194 1253 3234 non
1296 3194 1607 3250 possumus,
1644 3188 1809 3265 atque
1838 3204 1886 3267 ς

208 3273 340 3329 ideo
367 3273 596 3342 gratiam
619 3273 1036 3343 pmvenientem
1061 3281 1305 3343 petamus
1328 3272 1569 3327 dicentes
1592 3289 1607 3329 :
1640 3270 1811 3328 Tralte

209 3379 313 3419 nos
342 3372 457 3434 post
485 3368 552 3426 te,
580 3373 635 3417 ut
665 3363 743 3418 sic
762 3367 1045 3417 curramus
1071 3362 1136 3415 ad
1167 3374 1217 3416 te
1249 3366 1262 3416 :
1317 3354 1367 3416 ei
1405 3375 1642 3431 congrue
1664 3363 1811 3432 prius

210 3454 414 3511 dicitur
473 3472 486 3508 :
540 3454 710 3509 Tro/te
752 3471 843 3510 nos
891 3465 1008 3525 past
1054 3464 1138 3524 te,
1194 3465 1250 3511 et
1302 3454 1496 3510 deinde
1548 3456 1809 3525 sequitur,

209 3564 507 3610 curremus;
548 3547 671 3616 quia
712 3547 811 3602 nisi
854 3548 1029 3602 divina
1074 3547 1245 3618 gratia
1283 3561 1382 3601 nos
1427 3548 1809 3617 praeveniente,

212 3654 359 3710 opus
386 3638 587 3693 bonum
615 3637 891 3702 inchoare,
921 3648 975 3695 et
1005 3638 1193 3694 eadem
1223 3639 1605 3709 subsequente,
1638 3640 1812 3710 ipsum

211 3745 599 3787 consummare
625 3747 733 3785 non
760 3732 1029 3797 valemus;
1063 3731 1206 3786 unde
1236 3731 1433 3787 dicitur
1470 3731 1521 3787 in
1567 3735 1814 3788 oratione

211 3819 309 3875 illa
342 3837 356 3873 :
391 3818 458 3873 Et
487 3829 574 3874 tua
596 3837 711 3883 nos,
742 3818 978 3885 Domine,
1012 3820 1180 3892 gratia
1200 3822 1478 3890 prteveuiat
1500 3830 1547 3876 et
1572 3830 1815 3891 sequatur

214 3912 399 3983 (Orat.
426 3910 581 3967 Dom.
608 3926 693 3967 xv:
726 3920 841 3983 post
867 3911 1128 3984 Pentec.).
1174 3910 1320 3967 Bene
1342 3920 1520 3967 autem
1545 3913 1814 3982 congruit,

211 4003 367 4075 quod
420 4003 634 4071 dicitur,
686 4014 945 4058 ciu-remis
976 4020 994 4057 :
1032 4018 1154 4058 nam
1203 4003 1257 4057 in
1301 4003 1386 4057 via
1420 4000 1513 4057 Dei
1572 4020 1678 4058 non
1734 4006 1827 4057 est

211 4095 377 4152 nobis
398 4095 547 4150 lento
567 4095 734 4164 gradu
764 4093 1138 4157 incedendum,
1170 4094 1261 4149 sed
1280 4110 1400 4149 cum
1424 4107 1615 4161 magna
1640 4094 1818 4148 exsul-

211 4188 431 4244 tatione
476 4191 560 4243 vel
610 4186 952 4242 festinatione
982 4188 1324 4242 currendum.
1378 4186 1485 4241 Sed
1531 4184 1818 4255 Apestolus

212 4279 478 4334 admonet
532 4279 717 4336 dicens
778 4297 791 4332 :
860 4279 951 4334 Sic
1002 4280 1193 4333 currite
1261 4289 1315 4332 ut
1374 4279 1818 4350 campreltendatis

215 4372 276 4445 (I
310 4373 433 4429 Cor.
457 4389 533 4438 rx,
565 4372 678 4444 54).
704 4371 884 4427 Currit
905 4388 1054 4438 vero,
1077 4372 1166 4441 qui
1191 4373 1317 4426 totis
1344 4372 1545 4427 viribus
1561 4372 1628 4426 ad
1649 4370 1819 4427 Deum

213 4465 588 4540 proﬁciscitur
614 4484 626 4521 :
658 4466 825 4521 currit
853 4466 944 4536 qui
989 4467 1041 4521 in
1071 4466 1215 4520 bono
1238 4479 1403 4534 opere
1433 4480 1538 4519 non
1566 4465 1813 4530 la~satur,

213 4559 361 4619 sicut
390 4557 539 4612 etde
588 4556 803 4613 Christo
850 4557 979 4613 dicit
1031 4556 1295 4626 Propheta
1352 4574 1363 4608 :
1416 4554 1709 4609 Exsultavit
1760 4566 1815 4609 ut
1848 4590 1890 4649 ο

215 4654 374 4723 gigas
422 4651 492 4703 ad
533 4651 839 4704 currendum
887 4651 1021 4705 riam
1074 4649 1246 4716 (Psal.
1301 4664 1449 4714 xvlu,
1506 4647 1582 4719 6).
1638 4649 1819 4703 Currit

216 4739 416 4815 (Forte
440 4742 694 4811 cucurrit)
719 4742 915 4813 quippe
955 4741 1203 4795 Christus
1241 4741 1381 4795 viam
1416 4739 1526 4805 Dei,
1589 4740 1710 4811 quia
1763 4742 1817 4794 in

213 4836 305 4889 via
349 4843 672 4903 peccatorum
703 4850 804 4887 non
834 4834 971 4888 stetit
1029 4833 1199 4903 (l’sal.
1227 4848 1262 4899 ι,
1292 4832 1369 4903 1),
1428 4832 1479 4887 id
1520 4842 1625 4900 est,
1672 4833 1818 4887 nulla

215 4926 517 4997 gravedine
546 4927 756 4999 peccati
785 4934 867 4982 est
894 4934 1215 4981 remoratus.

301 5015 366 5069 ll.
396 5014 730 5070 Currendmn
760 5032 891 5071 vero
914 5016 1067 5071 nobis
1098 5027 1211 5078 est;
1260 5015 1351 5070 sed
1392 5015 1663 5085 quomodo
1694 5030 1819 5069 cur-

216 5106 496 5164 rendum?
543 5106 739 5162 Audite
764 5107 1056 5177 quomodo.
1125 5106 1425 5171 Curramus,
1482 5106 1719 5177 inquam,
1765 5105 1820 5158 in

218 5201 441 5255 oddrem
470 5207 843 5269 unguentorum
876 5209 1099 5253 tuorum.
1133 5198 1263 5265 Qua:
1289 5208 1413 5253 sunt
1443 5208 1736 5267 unguenta,
1766 5200 1819 5255 in

220 5306 463 5363 quorum
495 5291 717 5346 odorem
746 5299 869 5361 post
895 5289 1166 5345 Christum
1213 5292 1512 5347 currimus?
1539 5288 1821 5363 Unguenta

221 5392 361 5441 sunt
384 5391 690 5439 sanctorum
743 5383 1158 5453 prmcedentinrn
1211 5384 1478 5454 exempla.
1539 5382 1843 5452 Unguenta

223 5479 302 5533 de
332 5477 494 5533 variis
545 5477 707 5532 simul
760 5477 931 5532 mistis
969 5475 1189 5533 floribus
1214 5476 1297 5531 vel
1338 5476 1616 5545 speciebus
1667 5477 1820 5532 fiunt.

227 5568 472 5624 Diversa:
510 5567 743 5637 species,
799 5567 1026 5622 diversa:
1063 5575 1187 5621 sunt
1241 5574 1552 5621 sanctorum
1578 5567 1823 5634 virtutes,

224 5672 359 5732 qua:
382 5660 532 5733 quasi
563 5659 857 5715 redolentia
887 5667 1125 5713 aromata
1150 5674 1249 5739 per
1277 5658 1525 5712 vittutcm
1550 5657 1828 5714 charltatis

315 5830 339 5858 ⁸
384 5819 650 5889 Nunquid.
703 5817 863 5875 Forte
893 5833 994 5871 non
1026 5816 1166 5888 quid.
1209 5815 1471 5899 .chuitnr
1518 5816 1660 5873 enim
1715 5817 1824 5872 sed.

1892 510 1969 565 De
2017 511 2109 565 tali
2149 526 2420 581 unguento
2450 514 2646 569 dicitur
2678 532 2691 568 :
2740 513 2938 570 Musca:
2969 516 3242 570 morientes
3267 514 3487 586 perdunt

1889 604 2196 658 suavitatem
2241 607 2487 676 unguenti
2517 605 2710 678 (Eccle.
2749 624 2800 667 x.
2842 606 2919 677 1).
2951 605 3148 662 Mosae
3195 605 3488 675 morientes

1890 702 2016 773 sunt
2042 709 2193 748 vana:
2229 696 2586 765 cogitationes
2631 696 2778 753 cordi
2812 704 2996 754 nostro
3029 699 3312 765 irruentes,
3352 712 3488 767 quas

1894 787 2143 842 nimirum
2168 801 2265 857 per
2285 787 2518 843 studium
2540 789 2819 854 orationis,
2835 790 2986 858 quasi
3011 788 3243 859 quodam
3275 787 3488 844 ﬂabello

1893 881 2129 949 abjicere
2158 879 2441 945 debemus,
2499 896 2566 936 ne
2596 882 2821 951 perdant
2866 890 2921 936 et
2968 881 3123 935 nobis
3168 881 3488 936 suavitatem

1895 971 2171 1041 unguenti.
2212 970 2546 1026 Suavitatem
2599 972 2799 1027 ctenim
2851 987 2902 1026 ιη
2961 971 3184 1027 odorem
3235 971 3487 1040 unguenti

1894 1075 2093 1115 musca:
2123 1060 2416 1115 morientes
2445 1059 2692 1130 perdunt,
2722 1060 2939 1130 quando
2961 1076 3110 1116 vanae
3135 1061 3492 1131 cogitationes

1891 1150 2281 1221 iucunditatem
2330 1149 2588 1204 virtutum
2638 1158 2695 1203 et
2741 1150 2953 1218 regulas
3024 1149 3268 1220 obsequii
3321 1148 3492 1203 divini

1896 1256 2035 1311 quas
2064 1242 2133 1295 ab
2160 1240 2396 1311 antiquis
2424 1240 2664 1311 patribus
2702 1241 2790 1295 did
2811 1242 3000 1307 cimus,
3037 1241 3323 1312 perimunt.
3384 1239 3493 1296 Nos

1899 1333 2061 1401 igitur
2089 1331 2496 1402 diligentissime
2522 1340 2832 1387 sanctorum
2864 1332 3279 1403 przecedeotium
3309 1347 3494 1387 exem-

1899 1426 1984 1497 pla
2028 1426 2325 1489 intuentes,
2379 1427 2680 1495 festinemus
2729 1426 2930 1497 ingredi
2974 1427 3028 1480 in
3082 1426 3229 1480 illam
3267 1427 3494 1498 requiem

1903 1514 2091 1588 (Hebr.
2117 1532 2188 1580 IV,
2206 1514 2228 1567 1
2246 1515 2315 1586 l).
2346 1514 2637 1571 Curramus
2657 1524 2713 1571 et
2740 1516 2791 1571 in
2819 1527 3000 1587 empto
3022 1532 3127 1571 non
3160 1516 3490 1582 deﬁciamus,

1899 1615 2166 1677 quaternum
2203 1623 2326 1662 cum
2368 1606 2631 1678 Apostolo
2689 1609 2869 1664 dicere
2923 1609 3242 1664 valeamus:
3291 1608 3492 1663 Bonum

1902 1708 2160 1751 certamen
2190 1700 2512 1760 certavimus,
2563 1714 2770 1752 cursum
2798 1700 3281 1763 consummaeimus,
3336 1707 3393 1761 ut
3431 1698 3496 1752 tle

1831 1818 1873 1877 Β
1902 1800 2089 1843 cmtero
2115 1789 2342 1857 reposita
2368 1791 2434 1843 sit
2458 1788 2611 1843 nobis
2640 1806 2833 1844 corona
2852 1790 3094 1861 justitite,
3136 1806 3290 1861 quam
3318 1788 3497 1844 reddet

1903 1879 2124 1955 nobisin
2153 1880 2301 1933 ilium
2328 1881 2654 1951 diem‘justus
2673 1880 2848 1935 Judea:
2870 1880 3116 1937 Christus
3143 1880 3231 1951 (ll
3264 1881 3397 1936 Tim.
3422 1896 3494 1947 Iv,

1901 1971 1957 2037 7,
1980 1972 2061 2036 8),
2117 1971 2209 2040 qui
2240 1981 2324 2025 est
2351 1986 2515 2041 super
2541 1972 2722 2027 omnia
2744 1972 3061 2028 benedictus
3091 1973 3142 2027 in
3173 1971 3369 2028 saecula
3395 1984 3498 2027 sm-

1902 2079 1921 2116 (
1935 2062 2168 2117 ulorum.
2201 2063 2392 2118 Amen.

2402 2153 2812 2211 lNSTRUCTlO
2858 2155 2995 2211 XVI.

2330 2244 2470 2312 Quid
2493 2257 2569 2302 est
2590 2291 2604 2315 ,
2661 2259 2751 2303 aut
2778 2249 2900 2320 quid
2939 2249 3066 2303 erit?

1978 2324 2018 2396 l.
2085 2337 2292 2409 C'gita,
2326 2347 2350 2376 ⁸
2400 2339 2637 2410 nunquid
2686 2356 2745 2395 es
2792 2341 2956 2394 miser
3008 2340 3201 2407 homo,
3250 2339 3343 2394 sed
3372 2338 3501 2410 quid

1906 2432 2049 2487 eris?
2101 2432 2226 2503 quia
2272 2431 2417 2502 quod
2470 2446 2529 2487 es
2582 2440 2917 2488 momentum
2961 2439 3063 2499 est,
3105 2440 3160 2487 et
3196 2431 3342 2502 quod
3394 2433 3501 2487 eris

1906 2538 2141 2593 semper.
2194 2522 2311 2579 Non
2336 2523 2412 2577 sis
2439 2537 2569 2593 ergo
2593 2524 2713 2595 ipse
2740 2524 2834 2579 tibi
2858 2524 3026 2594 piger,
3052 2538 3246 2580 exerce
3271 2524 3324 2578 in
3353 2524 3502 2579 brevi

1907 2613 2123 2684 quodin
2152 2623 2410 2667 :eternum
2436 2612 2769 2684 possidebis;
2819 2614 3048 2686 repellat
3094 2615 3500 2685 pigritationem

1910 2706 2111 2763 laboris
2139 2706 2452 2776 temporalis
2481 2706 2803 2763 desiderium
2836 2708 3199 2778 praemiorum.
3231 2707 3502 2778 Spiritus-

1910 2797 1979 2854 lis
2007 2806 2146 2866 esto,
2209 2798 2255 2853 si
2286 2798 2438 2869 piger
2466 2814 2573 2854 non
2597 2813 2689 2867 es;
2742 2800 2839 2855 sed
2867 2800 2914 2855 si
2953 2800 3186 2857 mundus
3224 2807 3278 2857 te
3305 2801 3501 2869 irritat,

1909 2890 2033 2947 vide
2056 2890 2200 2961 quod
2222 2890 2414 2960 lugias,
2472 2891 2620 2961 quod
2674 2893 2936 2962 sequaris,
2979 2891 3204 2962 etquod
3228 2907 3504 2963 nunquam

1912 2982 2065 3053 fugit,
2089 2999 2189 3039 cur
2209 2999 2317 3037 non
2344 2984 2607 3053 sequaris.
2633 2983 2815 3049 Quare
2842 2983 3129 3054 impatiens
3150 2998 3209 3039 es
3233 2983 3288 3038 in
3309 2983 3507 3039 viliori-

1913 3075 2031 3138 bus,
2063 3074 2155 3143 qui
2187 3073 2477 3145 pretiosior
2506 3082 2728 3144 poteras
2747 3087 2868 3128 esse
2894 3074 2949 3127 in
2980 3072 3329 3129 melioribus?
3384 3071 3506 3127 Noli

1914 3180 2035 3222 esse
2062 3166 2298 3220 incertus
2320 3165 2387 3220 de
2412 3165 2575 3219 certis
2604 3163 2936 3229 melioribus,
2967 3169 3023 3219 et
3046 3163 3158 3219 noli
3169 3152 3305 3218 "esse
3329 3170 3508 3217 certus

1914 3255 1982 3310 de
2009 3254 2249 3309 caducis.
2282 3253 2521 3324 Respicis
2548 3253 2603 3307 in
2634 3253 2752 3308 aliis
2776 3253 2921 3322 quod
2948 3252 3039 3307 alii
3070 3252 3124 3307 in
3152 3260 3206 3307 te
3226 3250 3508 3306 videbunt.

1912 3342 2050 3415 Quid
2079 3344 2297 3418 prodest
2334 3347 2385 3401 in
2415 3346 2568 3417 aquis
2607 3345 2851 3400 umbram
2881 3330 3065 3400 videre
3108 3342 3511 3399 obiectantem?

1913 3438 2050 3508 Quid
2086 3440 2179 3493 tibi
2208 3438 2486 3495 exsultare
2533 3445 2628 3493 aut
2678 3438 2913 3507 gaudere
2958 3452 3058 3507 per
3104 3436 3354 3494 somnia?
3400 3433 3509 3491 Sed

1916 3540 2094 3586 tamen
2140 3530 2253 3585 haec
2299 3530 2529 3595 somnia,
2582 3529 2739 3599 longa
2796 3529 2942 3596 licet,
2995 3528 3287 3599 unicuique
3325 3526 3511 3582 brevia

1915 3630 2059 3688 sunt,
2080 3636 2142 3677 ea
2161 3621 2215 3675 di
2235 3619 2422 3690 (Forte
2442 3629 2498 3676 et
2513 3620 2650 3690 dies)
2663 3620 2804 3675 enim
2818 3620 2981 3677 totius
2994 3618 3177 3674 mundi
3190 3618 3341 3690 quasi
3356 3618 3513 3676 unius

1916 3716 2093 3770 noctis
2120 3713 2469 3770 obscurrimze
2502 3711 2685 3785 (Forte
2705 3711 3117 3781 obscurissimm)
3150 3716 3265 3777 est;
3325 3718 3513 3768 noctes

1914 3820 2047 3861 vero
2075 3806 2287 3861 somnia
2316 3812 2462 3859 sunt.
2517 3802 2907 3874 Expergiscere
2932 3815 3082 3870 ergo,
3116 3817 3149 3856 o
3176 3800 3271 3867 ﬁli,
3320 3800 3389 3855 de
3414 3815 3514 3855 no-

1916 3904 2035 3961 cte;
2083 3895 2262 3949 lumen
2292 3909 2475 3964 qumre
2522 3902 2584 3948 ut
2630 3892 2862 3949 videaris
2908 3899 2964 3949 et
3005 3890 3221 3956 videas;
3273 3889 3513 3947 accende

1918 3986 2192 4042 lucernam
2238 3994 2294 4040 et
2339 3985 2490 4054 lege;
2541 4001 2676 4040 cave
2720 4000 2788 4040 ne
2836 3984 3095 4050 dormias,
3125 4000 3194 4039 ne
3224 3999 3253 4038 a
3288 3983 3514 4039 somniis

1918 4076 2211 4143 seducaris,
2236 4083 2290 4130 et
2309 4075 2544 4131 falsitate
2574 4075 2862 4144 imaginata
2888 4075 3200 4146 decipiaris,
3230 4083 3291 4130 ut
3323 4075 3514 4132 credas

1918 4185 2046 4224 vera
2074 4184 2194 4225 esse
2214 4184 2335 4238 qua:
2356 4167 2487 4222 falsa
2518 4175 2663 4237 sunt,
2692 4176 2746 4223 et
2776 4182 3000 4237 surgens
3016 4174 3203 4238 postea
3229 4168 3514 4238 deceptum

1922 4252 1975 4320 te
2003 4264 2208 4321 doleas.
2239 4263 2352 4320 Tua
2375 4264 2483 4319 vita
2505 4272 2625 4320 rota
2649 4272 2750 4327 est.
2802 4263 3044 4335 quotidie
3064 4264 3250 4330 currit,
3308 4279 3417 4317 non
3458 4270 3515 4317 te

1920 4364 2243 4426 exspectat:
2288 4355 2422 4410 vade
2464 4372 2585 4411 cum
2614 4371 2702 4412 ea.
2750 4354 2915 4423 igitur
2955 4355 3079 4409 hinc
3119 4368 3361 4425 prazpara
3419 4353 3513 4408 tibi

1920 4458 2200 4518 sumptus;
2232 4462 2297 4502 ex
2338 4461 2468 4515 agro
2494 4448 2671 4503 alieno
2699 4447 2954 4503 secedere
2996 4445 3232 4515 juberis;
3286 4445 3407 4500 vide
3444 4460 3515 4502 ue

1924 4550 2073 4596 tuum
2101 4541 2321 4597 vendas.
2374 4539 2472 4595 Hic
2504 4541 2635 4596 nihil
2663 4540 2850 4606 habes,
2894 4539 3131 4605 obomo,
3180 4538 3233 4593 in
3264 4545 3405 4594 terra
3448 4538 3516 4594 de

1922 4646 2029 4701 qua
2096 4630 2272 4685 nudus
2322 4637 2482 4685 natus
2509 4645 2586 4695 es,
2619 4638 2673 4684 et
2704 4630 2755 4683 in
2783 4644 2886 4699 qua
2912 4628 3134 4699 pulvere
3162 4628 3511 4693 dissolveris;

1923 4736 1991 4776 ne
2012 4722 2211 4776 venias
2240 4721 2435 4775 coe‘um
2458 4760 2473 4786 ,
2521 4720 2610 4774 ubi
2639 4726 2838 4774 {eterna
2868 4718 3153 4774 haereditas
3178 4726 3283 4786 est,
3336 4728 3514 4775 tatnen

1921 4810 1968 4866 si
1997 4826 2103 4865 non
2132 4808 2432 4880 perdidisti.
2488 4807 2739 4878 Alioquin
2796 4807 2841 4862 si
2895 4807 3195 4878 perdidisti,
3238 4815 3291 4864 te
3337 4808 3510 4879 ipsum

1922 4900 2094 4955 vende
2118 4909 2176 4954 ut
2206 4899 2378 4969 possis
2400 4898 2661 4969 recipere.
2694 4896 2834 4965 Quid
2856 4897 2988 4963 dixi,
3018 4906 3071 4955 te
3100 4899 3275 4971 ipsum
3304 4899 3515 4955 vende?

1924 4995 2051 5050 vitia
2078 5003 2167 5048 tua
2215 4993 2405 5054 vende,
2457 5000 2512 5045 et
2552 5005 2672 5046 eme
2722 4990 2907 5046 vitam.
2956 4990 3162 5057 Qumris
3212 4990 3351 5047 forte
3396 5005 3515 5060 qua:

1927 5086 2073 5141 sint?
2119 5082 2424 5155 superbiam
2455 5081 2685 5153 primum
2726 5083 2879 5151 quasi
2932 5086 3117 5137 vitium
3168 5082 3344 5152 primo
3390 5088 3517 5135 ante

1928 5176 2107 5231 omnia
2130 5174 2322 5239 vende,
2353 5182 2408 5229 et
2443 5188 2561 5229 eme
2594 5173 2715 5228 inde
2737 5171 2966 5228 feliciter
2994 5173 3365 5233 humilitatem.
3408 5185 3516 5240 qua

1929 5268 2002 5322 sis
2028 5266 2244 5323 Christo
2266 5266 2456 5321 similis
2488 5264 2685 5320 dicenti
2719 5282 2731 5316 :
2792 5262 2986 5319 Discite
3014 5279 3046 5316 a
3076 5280 3173 5327 me,
3233 5262 3351 5332 quia
3378 5260 3516 5318 milia

1931 5378 2042 5415 sum
2070 5369 2118 5413 et
2143 5359 2349 5413 Immitis
2382 5357 2537 5412 corde
2583 5354 2798 5428 (Matth.
2828 5372 2901 5421 x1,
2928 5352 3040 5423 29).
3088 5351 3330 5406 Breviori
3359 5366 3514 5405 com-

1930 5450 2128 5522 pendio
2159 5449 2255 5504 ista
2286 5466 2349 5504 ex
2383 5449 2592 5518 integro
2618 5447 2836 5505 vendita
2862 5445 3183 5509 vendentur,
3222 5448 3279 5497 et
3307 5442 3514 5497 minora

1930 5544 2223 5614 cupiditate
2273 5539 2505 5597 habendi
2559 5546 2900 5608 contempta,
2954 5536 3078 5603 quia
3118 5534 3300 5589 radice
3335 5533 3513 5591 excisa

1930 5635 2053 5705 cuju
2086 5633 2212 5690 libet
2242 5632 2468 5698 arboris,
2499 5647 2606 5687 non
2638 5629 2812 5700 magni
2841 5626 3143 5699 penduntur
3164 5626 3320 5684 rami.
3366 5625 3515 5681 Scito
