4052 6332
560 291 661 348 259

1776 260 2269 346 διζυοιωίιιΑΝι
2312 262 2600 330 sanans

3694 260 3828 338 _260

560 420 678 477 qua:
699 392 900 460 vendas
924 402 989 457 ad
1012 398 1169 471 hujits
1193 396 1463 455 interitum
1491 406 1687 457 carnts,
1712 398 1766 444 ut
1793 389 2005 477 spiritus
2028 404 2137 441 sat-
2170 395 2217 450 Α
2248 386 2384 440 Deus
2413 394 2715 441 aaversatur
2759 386 2900 459 (Jac.
2955 400 3029 455 ιτν,
3090 380 3155 453 6;
3220 380 3249 438 1
3294 380 3439 439 Pelr.
3492 396 3549 451 v,
3604 381 3681 452 5).
3730 380 3826 437 Et:

563 475 651 550 bus
677 495 744 549 sit
769 493 825 547 in
854 492 988 545 diem
1017 488 1225 545 Domini
1263 485 1424 541 nostri
1462 481 1589 537 Iesu
1615 478 1804 535 Christi
1857 476 1906 539 (1
1939 475 2062 532 Cor.
2089 491 2144 541 v,

564 585 653 654 5);
684 583 884 654 gulam,
907 581 1276 651 cupiditatem,
1320 574 1728 632 fornicationem
1747 612 1762 638 ,
1793 571 1949 633 iram,
1982 567 2151 624 tristi-

565 673 729 739 tiam,
793 670 1071 732 acediam,
1132 680 1324 721 vanam
1375 663 1640 733 gloriam,
1692 659 1976 725 invidiam;
2034 671 2154 726 qua:

567 763 758 819 melius
810 759 986 817 fuerat
1031 758 1078 814 si
1124 756 1490 829 perdidisses,
1548 755 1678 810 licet
1724 753 1770 809 si
1810 751 1941 807 nihil
1995 765 2154 807 acce-

569 854 759 926 pisses.

1056 937 1468 998 INSTRUCTIO
1515 935 1675 993 XVII.

942 1030 1024 1086 De
1053 1040 1168 1086 octo
1196 1031 1331 1084 vitiis
1374 1027 1767 1098 principalibus.

640 1125 774 1181 Octo
801 1131 926 1179 sunt
951 1124 1081 1179 vitia
1110 1121 1444 1194 principalia,
1476 1134 1596 1191 qua:
1624 1125 1869 1190 mergunt
1888 1116 2160 1173 hominem

569 1218 623 1272 in
655 1216 928 1272 interitum
953 1233 967 1269 :
998 1214 1142 1285 gula,
1168 1213 1470 1279 fornicatio,
1494 1209 1782 1281 cupiditas,
1807 1208 1904 1276 ira,
1924 1208 2159 1274 tristitia,

569 1307 775 1373 acedia,
827 1320 964 1360 vana
1005 1305 1198 1372 gloria,
1232 1302 1505 1373 superbia.
1561 1300 1635 1356 De
1687 1299 1809 1370 gula
1855 1297 2163 1367 castiganda

570 1400 765 1455 dicitur
788 1417 801 1453 :
833 1397 1012 1453 Nolite
1037 1397 1157 1450 duci
1178 1397 1233 1451 in
1255 1397 1529 1450 saturitate
1548 1394 1732 1449 ventris
1757 1391 1946 1462 (Eccli.
1978 1407 2165 1459 κυνί,

575 1490 689 1561 20).
724 1492 801 1546 De
823 1490 1181 1546 fornicatione
1212 1507 1225 1542 :
1272 1487 1639 1544 Fornicatores
1664 1495 1832 1540 autem
1885 1494 1934 1538 et
1963 1484 2165 1538 adulte-

2255 478 2356 544 Qui
2374 495 2429 534 se
2450 481 2750 536 exultaverit
2772 480 3128 537 humiliabitur
3152 478 3367 553 (Matth.
3398 492 3551 545 nm,
3584 476 3691 550 l2).
3715 477 3832 537 [late

2254 568 2418 639 igitur
2437 571 2675 627 omnium
2697 571 2933 643 origines
2952 580 3007 629 et
3034 587 3209 629 causae
3234 578 3361 628 sunt
3377 569 3675 636 malorum;
3723 586 3835 641 qua:

2253 662 2331 718 sic
2349 670 2477 718 sunt
2501 663 2737 720 sananda
2759 678 2858 734 per
2876 664 3164 720 contraria.
3195 661 3333 718 Gula
3368 660 3564 733 triplex
3586 660 3835 715 vincenda

2256 761 2342 809 est
2369 768 2466 825 per
2502 755 2881 813 abstinentiam
2906 756 3097 828 jejunii
3148 756 3215 812 de
3242 757 3377 812 hora
3406 770 3548 811 nona
3575 754 3631 810 in
3658 754 3838 812 horam

2259 861 2477 913 nonam,
2507 855 2564 903 et
2582 849 2899 918 parcitatem
2927 848 3143 919 cibique
3165 847 3455 903 utilitatem
3487 844 3634 919 (Leg.
3668 845 3837 900 vilita-

2261 938 2415 1011 tem).
2474 937 2778 997 Fornicatio
2840 949 3013 995 autent
3056 949 3108 995 et
3163 941 3331 995 omnis
3382 938 3710 995 immunditia
3757 955 3839 994 nec

2259 1030 2581 1084 nominanda
2625 1031 2681 1084 in
2708 1031 2849 1087 vobis
2877 1032 3004 1100 sint,
3048 1031 3181 1087 sicut
3205 1030 3349 1084 decet
3390 1038 3593 1083 sanctos
3631 1026 3838 1098 (Ephes.

2260 1137 2313 1189 v,
2337 1122 2414 1192 3),
2460 1137 2559 1193 per
2586 1127 2890 1179 castitatem
2920 1133 2977 1179 et
3003 1123 3395 1180 continentiam
3423 1121 3710 1177 sollicitam
3729 1163 3745 1188 ,
3793 1128 3842 1177 et

2262 1228 2477 1286 semper
2505 1216 2805 1273 timentem.
2836 1216 3115 1288 Cupiditas
3143 1231 3273 1272 vero
3297 1213 3427 1271 nihil
3453 1213 3703 1269 habendo
3731 1228 3843 1283 pro-

2262 1308 2438 1378 prium
2468 1308 2715 1375 vincitur,
2760 1318 2817 1365 et
2839 1309 3020 1365 omnia
3047 1307 3353 1364 communia
3382 1303 3727 1375 possidendo.
3767 1301 3839 1357 Ira

2267 1399 2525 1470 patientia
2554 1407 2609 1455 et
2658 1410 2939 1455 mansueta
2981 1398 3203 1453 lenitate
3256 1393 3556 1466 superanda
3584 1400 3691 1449 est.
3735 1391 3845 1447 Tri-

2267 1490 2412 1546 stitia
2437 1506 2570 1547 vero
2599 1491 2783 1546 laetitia
2804 1489 3072 1561 spirituali
3102 1497 3157 1545 et
3207 1503 3303 1560 spe
3333 1487 3524 1542 lutum
3555 1483 3845 1541 beatudinis

572 1599 659 1639 ros
675 1582 812 1638 Deus
835 1581 1093 1653 judicabit
1122 1580 1311 1654 (Hebr.
1326 1597 1440 1644 xui,
1466 1578 1544 1651 4).
1572 1579 1646 1634 De
1669 1577 1961 1649 cupiditate
1987 1583 2157 1630 autem

2266 1582 2530 1639 vincenda
2581 1592 2683 1640 est.
2731 1580 3057 1639 lnstnbilitas
3085 1590 3264 1636 autem
3296 1578 3517 1644 acedim,
3541 1584 3845 1633 mansuetu-

573 1672 771 1742 lcgitur
796 1690 808 1726 :
839 1671 1017 1727 Radix
1038 1674 1265 1727 omnium
1285 1672 1542 1726 malorum
1564 1669 1818 1741 cupiditas
1840 1676 1917 1724 est
1945 1666 2000 1739 (Ι
2029 1667 2161 1721 Tini.
2272 1675 2397 1731 dine
2416 1674 2613 1740 stabili,
2670 1683 2727 1730 et
2747 1675 2904 1730 unius
2934 1674 3038 1729 loci
3065 1671 3401 1728 habitatione
3428 1667 3749 1738 corrigenda
3775 1676 3846 1723 est

574 1779 648 1830 γι,
682 1763 792 1834 10).
836 1763 913 1818 De
949 1764 1028 1818 ira
1063 1781 1077 1817 :
1131 1762 1233 1828 Qui
1276 1763 1519 1817 irascitur
1568 1762 1720 1833 fratri
1746 1776 1861 1825 suo,
1914 1775 2032 1812 reus
2062 1760 2157 1813 erit

2264 1781 2362 1838 per
2389 1767 2764 1835 sobrietatem,
2793 1764 3071 1836 Scriptura
3099 1764 3312 1820 dicente
3335 1780 3348 1815 :
3399 1762 3459 1817 Si
3488 1761 3705 1831 spiritus
3726 1768 3845 1830 potae

573 1856 818 1926 gehennae
858 1856 993 1927 ignis
1023 1853 1238 1928 (Matth.
1268 1870 1321 1920 v,
1347 1852 1461 1923 ΞΩ).
1508 1852 1585 1907 De
1616 1851 1735 1906 trist
1758 1849 1830 1905 tia
1858 1867 1871 1904 :
1928 1849 2157 1903 Tristitia

2263 1867 2447 1912 statem
2503 1857 2740 1911 habentis
2774 1856 3064 1911 ascenderit
3092 1872 3244 1928 super
3269 1864 3319 1909 te
3339 1895 3355 1921 ,
3409 1853 3578 1909 locum
3624 1862 3767 1906 tuum
3791 1866 3846 1905 ne

574 1955 743 1999 autem
777 1947 951 2015 surculi
980 1956 1195 2003 mortem
1220 1954 1465 2016 operatur
1517 1942 1604 2016 (11
1644 1942 1763 1999 Cor.
1796 1959 1888 2008 vn,
1922 1941 2033 2014 l0).
2088 1941 2165 1997 De

574 2036 801 2107 accdia:
848 2036 1020 2094 Multa
1066 2039 1209 2094 mala
1238 2039 1408 2093 docuit
1446 2039 1685 2093 otiositas
1730 2035 1919 2106 (Eccli.
1977 2043 2166 2101 nam,

574 2122 686 2194 39).
728 2122 803 2180 De
819 2142 953 2182 vana
975 2128 1143 2198 gloria
1177 2145 1191 2181 :
1226 2127 1479 2181 Ascendet
1506 2128 1641 2197 fetor
1662 2125 1827 2193 illius,
1850 2127 1934 2197 qui
1957 2126 2164 2198 magni-

579 2212 702 2283 ﬁcat
728 2231 885 2284 opera
912 2233 1007 2270 sua
1036 2216 1195 2285 (Joel.
1229 2232 1288 2280 ιι,
1310 2215 1424 2287 90).
1464 2215 1539 2272 De
1569 2215 1821 2285 superbia
1854 2234 1866 2269 :
1918 2214 2166 2285 Superbis

588 2352 2732 2380 W

2264 1946 2524 2001 dimiseris
2554 1944 2746 2017 (Eccle.
2784 1962 2840 2011 ι,
2871 1944 2948 2017 4).
2996 1944 3146 2000 Vana
3175 1944 3348 2015 gloria
3372 1956 3589 2014 quoque
3609 1949 3669 1997 et
3698 1940 3846 1996 elatio

2266 2036 2540 2092 immunda
2564 2045 2729 2105 atque
2751 2035 3025 2105 superbia,
3054 2050 3180 2090 vera
3226 2034 3529 2089 humilitate
3577 2040 3632 2088 et
3683 2028 3847 2087 cordis

2268 2126 2595 2183 contritione
2623 2141 2720 2197 per
2749 2126 2843 2181 Dei
2867 2127 3113 2181 timorem
3150 2126 3456 2182 vincuntur.

2734 2340 3841 2372 ——:—-————_—ﬂ

1311 2489 1985 2606 semen
2059 2482 3133 2628 COLUMBANI
3215 2406 3218 2410 ’

1768 2700 2035 2754 ABBATIS
2078 2698 2160 2752 ET
2201 2698 2627 2753 CONFESSORIS

866 2845 1801 2980 EPISTOLAS
1899 2842 2236 2975 SEX
2328 2834 2581 2974 AD
2671 2836 3547 2971 DIVERSOS

1467 3055 1619 3117 PRO
1661 3050 2109 3116 TEMPORUM
2151 3047 2510 3113 RATIONE
2555 3046 2949 3110 DIGESTE.

1059 3274 1392 3342 EPISTOLA
1427 3281 1663 3339 PRIMA.

1004 3390 1069 3430 ιι)
1108 3390 1152 3431 8.
1192 3390 1494 3432 (ειιεθοιιιωι
1533 3388 1725 3429 ΡΑΡΑΙ.

578 3458 804 3523 Domino
830 3469 1040 3530 sancto,
1079 3472 1135 3519 et
1174 3464 1228 3518 in
1256 3463 1474 3521 Christo
1519 3463 1665 3518 Patri
1690 3472 1717 3502 ι
1754 3462 2002 3518 Romano
2029 3459 2153 3531 pol-

644 3553 910 3612 cherrimo
942 3551 1199 3610 Ecclesia:
1218 3552 1423 3621 decori,
1445 3554 1610 3610 totius
1633 3552 1856 3622 Europte
1879 3551 2158 3609 ﬂaccentis

643 3646 1016 3716 augustissimo
1052 3645 1206 3715 quasi
1245 3644 1454 3700 cuidam
1502 3646 1641 3710 ﬂori,
1689 3646 1907 3717 egregio
1957 3659 2155 3715 specu~

642 3737 833 3802 latori,
866 3735 1074 3792 theoria
1116 3745 1303 3807 utpote
1332 3736 1513 3792 divina
1537 3735 1566 3776 ι»
1596 3736 1916 3792 castulitatis
1945 3736 2153 3807 potito,

644 3841 746 3897 ego
776 3837 799 3865 ο
829 3827 1084 3895 bargoma
1111 3826 1231 3882 vilis
1257 3825 1518 3884 Columba
1546 3826 1600 3881 in
1629 3824 1848 3883 Christo
1875 3826 2032 3882 mitto
2062 3840 2154 3881 sa-

649 3917 838 3971 lutem.

643 4003 686 4059 1.
734 4004 916 4059 Gratia
961 4006 1057 4061 tibi
1104 4015 1160 4062 et
1203 4022 1313 4078 pax
1355 4024 1387 4063 a
1436 4007 1547 4064 Deo
1596 4006 1757 4065 Patre
1797 4016 1983 4064 nostro
2028 4008 2156 4064 Jesu

577 4095 810 4151 Christo.
842 4095 998 4151 Libet
1024 4111 1130 4161 me,
1158 4112 1190 4151 ο
1219 4106 1407 4153 sancte
1435 4112 1571 4167 papa
1593 4139 1606 4161 ,
1640 4098 2046 4169 hyperbolicum
2078 4110 2157 4153 te—

576 4201 697 4242 cum
736 4202 844 4242 non
884 4188 956 4242 sit
992 4188 1426 4257 interrogandum
1464 4189 1532 4245 de
1580 4189 1786 4244 Pascha
1829 4189 1983 4258 juxta
2028 4190 2157 4245 illud

574 4276 853 4335 Canticum
879 4277 1183 4351 :Iuterroga
1200 4288 1399 4349 patrem
1420 4290 1581 4347 tuum,
1606 4290 1654 4333 et
1674 4281 1998 4334 annuntiabit
2029 4280 2156 4347 tibi;

575 4372 798 4442 majores
829 4382 971 4435 tuas,
1029 4381 1077 4426 et
1126 4372 1296 4425 dicent
1344 4370 1433 4425 tibi
1482 4371 1657 4442 (Deut.
1693 4388 1862 4438 χχχιι,
1896 4373 1970 4444 7).
2004 4373 2156 4429 Licet

574 4464 717 4517 enim
748 4463 896 4529 mihi,
928 4463 1178 4518 nimirum
1205 4462 1520 4531 micrologo,
1553 4462 1680 4517 illud
1703 4462 1974 4529 cujusdam
2000 4477 2157 4532 egre-

2182 3280 2230 3342 c
2262 3274 2375 3346 (tua
2401 3271 2553 3347 [Hs.,
2584 3270 2685 3345 tui]
2716 3280 2893 3328 tamen
2919 3287 3052 3343 pace
3075 3272 3277 3330 dictum
3305 3272 3399 3344 sit)
3428 3289 3535 3330 non
3564 3282 3687 3332 esse
3713 3276 3837 3331 Pas-

2259 3366 2382 3431 cha,
2431 3364 2681 3419 nimirum
2727 3364 3076 3420 tenebrosum
3139 3380 3171 3419 a
3236 3365 3417 3420 multis
3459 3367 3840 3438 comprobatur

2264 3454 2711 3511 °calcalenteris?
2739 3454 2857 3510 Non
2886 3455 3017 3511 latet
3040 3456 3204 3523 enim,
3231 3465 3293 3512 ut
3320 3457 3509 3526 credo,
3551 3457 3841 3515 efﬁcaciam

2259 3554 2423 3613 tuam,
2468 3554 2724 3617 quantum
2786 3546 3091 3612 Anatolius,
3137 3547 3289 3602 mirae
3331 3548 3595 3603 doctrina:
3638 3548 3744 3613 vir,
3788 3556 3841 3603 ut

2258 3649 2477 3694 sanctus
2508 3638 2582 3693 ait
2611 3638 2987 3710 Hieronymus,
3026 3638 3180 3708 cujus
3208 3638 3468 3696 Eusebius
3498 3639 3842 3696 Caesariensis

2257 3731 2542 3802 episcopus
2568 3731 2620 3785 in
2647 3731 3009 3786 ecclesiastica
3046 3729 3311 3801 Excerpta
3357 3730 3585 3786 inseruit
3613 3730 3840 3786 Historia

2259 3821 2403 3893 (sic),
2419 3829 2474 3876 et
2492 3830 2710 3877 sanctus
2731 3821 3085 3894 Hieronymus
3102 3821 3155 3875 iu
3167 3837 3266 3877 suo
3283 3823 3385 3877 hoc
3400 3821 3547 3877 idem
3562 3822 3630 3878 de
3644 3821 3844 3878 Pascha

2256 3929 2395 3985 opus
2422 3913 2744 3970 collaudavit
2770 3913 3054 3982 Catalogo,
3084 3913 3153 3968 de
3192 3914 3296 3970 hac
3324 3914 3463 3968 lunae
3498 3922 3664 3970 :etate
3701 3915 3838 3969 vitu-

2256 4004 2497 4075 perando
2541 4004 2807 4074 disputet;
2850 4003 2941 4071 qui
2998 4012 3189 4058 contra
3230 4002 3538 4059 Gallicanos
3577 4004 3844 4060 Rimarios

2257 4093 2325 4148 de
2353 4093 2577 4159 Pascha,
2607 4103 2667 4148 ut
2695 4096 2790 4161 ait,
2820 4104 3098 4161 errantes,
3130 4094 3454 4151 horrendam
3485 4095 3686 4161 intulit
3727 4112 3843 4151 scn-

2258 4188 2481 4241 tentiam
2522 4204 2534 4240 :
2568 4186 2734 4252 Certe,
2777 4188 3042 4256 inquiens.
3086 4190 3130 4257 si
3159 4204 3318 4259 usque
3358 4188 3428 4243 ad
3465 4189 3689 4243 duarum
3720 4188 3845 4259 rigi-

2258 4276 2446 4329 liarum
2490 4278 2758 4330 terminum
2787 4279 2922 4348 quod
2959 4280 3126 4333 noctis
3165 4280 3389 4335 medium
3430 4279 3651 4347 indicat,
3700 4289 3839 4334 ortus

2259 4367 2396 4421 luna:
2421 4368 2719 4433 tardaverit,
2751 4386 2855 4424 non
2884 4370 2975 4424 lux
3003 4372 3255 4437 tenebras,
3295 4373 3388 4427 sed
3421 4373 3585 4427 lucem
3616 4373 3842 4429 tenebris

2258 4468 2535 4524 superant;
2568 4460 2701 4530 quod
2728 4472 2916 4515 certum
2950 4472 3025 4515 est
3050 4463 3105 4516 in
3135 4462 3341 4517 Pascha
3370 4481 3473 4518 non
3510 4481 3623 4519 esse
3653 4464 3842 4536 proba—

575 4552 719 4622 gium
742 4553 995 4624 sapientis
1014 4553 1267 4621 elogium,
1290 4552 1434 4622 quod
1454 4553 1654 4609 dixisse
1678 4554 1843 4610 fertur
1869 4555 2153 4626 quamdam
2260 4548 2374 4614 bile,
2411 4560 2466 4603 ut
2494 4552 2667 4623 aliqua
2712 4569 2835 4620 pars
2865 4553 3184 4608 tenebrarum
3233 4557 3337 4610 luci
3365 4556 3685 4626 dominetur,
3721 4558 3840 4628 quia

574 4642 763 4698 videns
794 4642 818 4680 ἀ
848 4644 1211 4714 contupictam
1251 4660 1264 4696 :
1297 4642 1421 4698 Non
1450 4644 1683 4699 admiror
1712 4655 1897 4712 artem,
1928 4645 2022 4701 sed
2047 4645 2147 4700 ad-
2185 4674 2232 4734 ε)
2258 4646 2554 4700 solemnitas
2583 4646 2856 4701 dominica:
2880 4649 3268 4703 resurrectionis
3293 4649 3385 4704 tua:
3414 4655 3511 4716 est,
3540 4659 3593 4704 et
3635 4667 3743 4705 non
3769 4658 3841 4705 est

576 4734 737 4787 miror
764 4734 1019 4804 frontem;
1050 4733 1117 4789 ad
1144 4742 1197 4790 te
1224 4734 1427 4791 clarum
1456 4753 1486 4791 a
1516 4752 1602 4793 me
1631 4736 1721 4792 vili
1748 4737 2031 4792 scribendo
2058 4752 2158 4807 po-
2190 4733 2204 4734 ί
2258 4740 2652 4794 communicatio
2683 4740 2785 4793 luci
2814 4757 2926 4794 cum
2957 4740 3199 4796 tenebris.
3235 4739 3303 4794 Et
3323 4742 3370 4796 si
3398 4743 3453 4795 in
3494 4744 3653 4797 tertia
3672 4743 3844 4815 rigilia

578 4835 682 4882 test
711 4826 849 4881 inuri
881 4843 894 4882 :
927 4834 1107 4883 tamen
1135 4837 1237 4884 tute
1264 4831 1585 4898 evangelica:
1612 4830 1927 4885 humilitatis
1958 4828 2156 4885 ﬁducia
2256 4831 2381 4884 luna
2408 4831 2755 4896 excanduerit,
2788 4848 2891 4885 non
2920 4840 2995 4885 est
3020 4831 3227 4886 dubium
3256 4832 3433 4887 lunam
3475 4849 3565 4888 xxi
3609 4835 3689 4888 vel
3730 4850 3842 4889 xm

576 4914 763 4982 fretus,
809 4918 902 4973 tibi
945 4918 1180 4975 scribere
1214 4936 1513 4991 prmsumo,
1545 4932 1601 4977 et
1627 4924 1729 4978 mei
1760 4922 1964 4977 doloris
1988 4937 2155 4993 nego-
2255 4931 2492 4975 exortam
2530 4936 2664 4987 esse,
2695 4921 2749 4974 in
2778 4938 2877 4992 qua
2920 4938 3089 4976 rerum
3124 4922 3333 4977 Pascha
3359 4940 3463 4978 non
3493 4933 3570 4979 est
3597 4925 3840 4994 possibile

578 5007 709 5061 tium
752 5007 990 5079 injungn.
1038 5010 1256 5067 Vanitas
1297 5029 1527 5083 namque
1559 5014 1823 5069 scribendi
1863 5016 2005 5069 nulla
2047 5025 2154 5083 est,
2254 5014 2532 5067 immolari.
2567 5012 2708 5067 Nam
2738 5015 2823 5082 qui
2864 5015 2961 5066 hac
3000 5015 3138 5069 Iunce
3161 5024 3314 5071 artata
3340 5015 3549 5069 Pascha
3591 5017 3843 5083 deﬁniunt

577 5095 669 5152 ubi
696 5102 987 5156 necessitas
1016 5102 1159 5171 cogit
1197 5105 1447 5171 quamvis
1484 5104 1778 5172 majoribus
1801 5104 1982 5159 scribi.
2014 5104 2153 5171 Quid
2256 5103 2498 5174 possibile
2525 5104 2794 5171 celebrari,
2825 5121 2925 5158 non
2953 5105 3117 5159 solum
3142 5107 3273 5160 illud
3302 5109 3614 5162 auctoritate
3656 5108 3843 5162 divine

577 5200 707 5258 ergo
745 5187 879 5245 dicis
916 5190 985 5246 de
1026 5190 1230 5247 Pascha
1275 5210 1367 5248 XXI
1403 5203 1497 5248 aut
1525 5211 1631 5248 χιιι
1668 5195 1840 5262 luna),
1873 5195 2017 5265 quod
2040 5195 2155 5266 jam
2259 5195 2544 5267 Scripturte
2585 5196 2855 5267 affirmare
2881 5213 2984 5252 non
3012 5206 3247 5265 possunt,
3285 5199 3376 5252 sed
3401 5209 3451 5252 et
3488 5199 3756 5270 sacrilegii
3794 5206 3843 5252 et

1429 5345 1459 5359 η
1575 5345 1605 5357 η
1739 5346 1749 5356 ⁸
2256 5289 2594 5342 contumacia:
2620 5287 2810 5340 crimen
2839 5296 2889 5341 et
2910 5288 3203 5342 animarum
3230 5289 3516 5359 periculum
3544 5290 3840 5353 incurrunt;

648 5349 675 5419 ξ
707 5339 962 5419 ζζονηαῃο.
991 5342 1154 5419 _Forte
1182 5345 1378 5400 mendo
1408 5344 1606 5399 librarii
1645 5346 1900 5401 omissum
1928 5365 2099 5419 papaz.

600 5436 603 5437 ν
650 5407 676 5446 δ
707 5410 1048 5468 Castulitatis.
1078 5415 1154 5469 lta
1185 5430 1285 5468 ms.

651 5494 672 5519 ε
707 5479 985 5555 Bargoma.
1030 5485 1119 5539 Sic
1162 5500 1228 5539 ex
1286 5500 1387 5541 ms.
1444 5483 1768 5555 Flemingns.
1816 5486 2049 5555 Cangius
2095 5487 2149 5541 in

577 5547 848 5630 glossario
873 5554 1109 5630 ad_lianc
1121 5569 1348 5630 _vocem,
1379 5563 1533 5630 putat
1557 5547 1837 5630 legendum
1864 5547 2145 5630 barginna,

580 5618 630 5672 id
658 5627 746 5692 est
761 5624 1071 5688 peregrinus
1111 5623 1298 5692 ipsum
1317 5618 1537 5680 consule
1565 5618 1635 5680 vf
1649 5625 1933 5683 BARGINNA.

618 5688 675 5769 ,ά
706 5686 1080 5769 contupietam.
1105 5686 1286 5747 Editor
1306 5695 1526 5769 conjicit
1552 5707 1748 5766 compte
1777 5699 1987 5768 pictam.
2013 5698 2156 5754 Can-

578 5762 696 5825 gius
721 5773 849 5813 vero
875 5762 958 5815 vel
989 5773 1261 5832 comptam,
1286 5766 1369 5820 vel
1400 5762 1492 5819 acu
1523 5762 1796 5838 comptam}

2296 5466 2297 5469 η
2332 5427 2356 5456 ο
2383 5418 2773 5473 Calcalenleris.
2799 5418 2854 5474 Si
2875 5419 3134 5489 Cangium
3162 5421 3367 5483 audias,
3401 5420 3683 5489 legendum
3706 5421 3843 5475 forte

2261 5490 2676 5554 calculatoribus,
2725 5492 2826 5545 nisi
2880 5492 3035 5546 malis
3076 5491 3434 5557 chalcenteris,
3480 5492 3532 5545 id
3579 5502 3683 5557 est,
3712 5492 3843 5551 yiris

2261 5556 2435 5614 doctis
2468 5577 2481 5612 :
2522 5575 2628 5628 quo
2676 5560 2834 5616 titulo
2880 5563 3318 5629 cognominatum
3359 5562 3522 5617 luisse
3552 5559 3645 5617 Ori
3670 5556 3841 5617 lenem

2267 5629 2528 5683 novimus.
2557 5629 2625 5681 At
2652 5640 2837 5683 neutra
2872 5633 3179 5687 conjectura
3219 5632 3440 5687 eruditis
3483 5576 3841 5687 Benefictinis

2267 5629 2528 5683 novimus.
2557 5629 2625 5681 At
2652 5640 2837 5683 neutra
2872 5633 3179 5699 conjectura
3219 5632 3440 5687 eruditis
3483 5629 3842 5687 Benedictinis

2268 5699 2558 5774 probatur;
2610 5699 2700 5768 qui
2749 5700 2971 5754 mallent
3017 5702 3353 5769 calendariis,
3405 5704 3497 5773 qui
3546 5711 3841 5774 supputaut

2273 5767 2536 5823 Kalendas
2551 5778 2613 5825 .ct
2631 5767 2908 5840 tempora.
2976 5826 2983 5833 ,
