4052 6332
224 312 339 377 iiii

1135 328 1491 386 EPISTOLE
1527 329 1664 387 SEX
1703 330 1794 387 AD
1841 331 2199 389 DIVERSOS.
2241 363 2312 376 —
2355 336 2572 393 EPIST.
2616 339 2657 394 Ι.

3399 347 3508 404 269.

223 436 351 491 dum
378 437 652 509 afﬁrmant
689 421 860 492 veram
890 439 1054 492 lucem
1081 458 1226 511 posse
1255 442 1516 497 immolari
1552 460 1665 497 cum
1709 446 1809 499 ali-
1843 450 1884 503 Α
1915 428 1946 498 ὁ
1976 441 2219 513 Pascha;
2252 457 2306 501 et
2335 465 2440 505 non
2467 452 2644 522 potius
2666 451 2761 510 Dei
2790 455 2957 527 ipsius
2979 458 3309 519 instituentis
3339 462 3512 522 Phase

221 546 328 601 qua
365 530 718 585 dominatione
763 529 1104 597 tenebrarum,
1155 550 1269 604 qme
1315 535 1549 588 omnibus
1592 536 1815 592 tenebris

222 621 544 677 dominatur.
592 619 703 677 Nec
746 638 853 678 non
886 623 939 678 in
978 626 1151 679 sancti
1180 624 1448 697 dogmats
1495 629 1722 699 legimus
1749 629 1818 684 li-

221 714 328 769 bro
364 731 378 768 :
409 714 635 782 Pascha,
665 714 715 770 id
743 725 845 785 est,
873 717 1173 772 solemnitas
1191 720 1462 774 (taminiae
1484 725 1818 779 resurrectio-

222 808 311 862 nis
337 814 457 861 ante
486 815 865 879 transgressum
894 810 1115 864 vernalis
1160 813 1453 879 (equinoctii
1482 829 1568 867 xvr
1607 813 1815 868 initium

222 914 335 953 non
362 907 527 969 potest
555 898 823 967 celebrari,
848 910 905 954 ut
934 902 1128 956 scilicet
1153 904 1510 975 wquirioetium
1539 921 1641 959 non
1669 914 1817 961 ante-

222 992 578 1061 cedat;quod
608 994 791 1062 utique
817 992 1087 1050 Victorius
1116 995 1168 1050 in
1197 1002 1296 1049 suo
1338 1009 1703 1067 transgressus
1732 1006 1817 1052 est

221 1087 415 1161 Cyclo,
446 1096 502 1143 et
528 1103 624 1158 per
645 1088 749 1143 hoc
768 1086 953 1142 Galliae
975 1086 1087 1158 jam
1116 1087 1313 1143 dudum
1346 1089 1547 1145 invexit
1575 1106 1815 1147 errorem

221 1198 346 1247 seu,
378 1191 436 1236 ut
460 1180 712 1235 humilius
733 1179 1284 1248 dicam,conlirmavit
1309 1183 1572 1238 inclitum.
1606 1183 1816 1255 Quippe

222 1288 335 1343 qua
366 1273 575 1328 ratione
601 1283 826 1342 utraque
852 1283 997 1329 stare
1036 1282 1278 1343 possunt,
1307 1282 1366 1329 ut
1392 1274 1601 1332 scilicet
1628 1292 1811 1332 resur-

221 1365 403 1420 rectio
426 1364 631 1419 Domini
660 1374 786 1420 ante
815 1380 963 1420 suam
986 1365 1289 1422 celebretur
1313 1368 1638 1438 passionem,
1664 1368 1812 1439 quod

221 1455 318 1511 vel
359 1455 533 1526 putari
563 1456 853 1511 absurdum
900 1466 1020 1524 est;
1066 1467 1160 1512 aut
1197 1469 1403 1529 septem
1432 1460 1568 1526 dies,
1602 1461 1815 1517 Domini

220 1547 468 1617 iussione
514 1548 567 1602 in
616 1549 734 1617 lege
762 1548 990 1616 sanciti,
1024 1550 1076 1605 in
1109 1551 1304 1619 quibus
1336 1560 1540 1607 tantum
1572 1553 1811 1624 legitime

220 1638 403 1695 Phase
434 1639 643 1696 Domini
668 1640 877 1698 comedi
913 1643 1223 1698 mandatum
1254 1654 1336 1699 est
1366 1643 1477 1715 (qui
1508 1660 1538 1699 a
1569 1661 1656 1701 xtv
1686 1645 1813 1701 luna

220 1748 399 1802 usque
445 1734 511 1787 ad
559 1750 630 1789 xx
677 1735 992 1789 numerandi
1036 1735 1181 1808 sunt)
1238 1744 1425 1792 contra
1477 1738 1567 1804 jus
1626 1737 1813 1807 fasque

224 1823 716 1881 transcendantur?
756 1825 904 1879 Luna
937 1836 1114 1882 autem
1159 1840 1249 1881 XXI
1278 1836 1374 1882 aut
1405 1845 1512 1883 xxu
1540 1836 1689 1884 extra
1726 1829 1815 1899 jus
1849 1821 1892 1881 Β
1920 1810 2100 1864 “mum
2149 1828 2162 1864 τ

222 1916 365 1974 lucis
392 1926 495 1986 est,
528 1921 715 1988 utpote
746 1926 870 1988 post
912 1918 1149 1974 medium
1182 1920 1357 1975 noctis
1403 1930 1532 1976 tunc
1560 1923 1822 1991 temporis

220 2016 416 2063 exorta
443 2025 457 2074 ;
486 2018 541 2063 et
560 2009 795 2065 tenebris
822 2009 994 2065 lucem
1024 2011 1429 2082 superantibus,
1458 2011 1591 2067 lucis
1618 2012 1817 2068 solem-

218 2102 368 2158 nitas
391 2102 540 2159 nefas
569 2113 670 2167 est,
707 2112 767 2159 ut
794 2105 965 2172 aiunt,
996 2108 1103 2177 agi.

293 2191 359 2247 Ι.
386 2193 564 2260 Quare
595 2209 724 2265 ergo
754 2204 811 2250 tu
842 2210 951 2251 tam
982 2198 1218 2269 sapiens,
1250 2215 1500 2257 nimirum
1533 2202 1683 2270 cujus
1707 2218 1818 2261 ena-

218 2285 433 2340 rissima
474 2302 575 2356 per
602 2288 821 2355 orbem,
862 2297 924 2343 ut
953 2290 1249 2361 antiquitus
1268 2333 1283 2358 ,
1307 2294 1451 2349 sacri
1478 2296 1679 2365 ingenii
1708 2296 1817 2351 dilo

218 2378 341 2431 fusa
393 2386 521 2433 sunt
563 2378 762 2434 lumina
787 2422 804 2448 ,
842 2380 1047 2437 Pascha
1090 2384 1438 2441 tenebrosum
1484 2387 1659 2442 colis?
1716 2387 1815 2443 Mi-

217 2481 336 2531 ror,
368 2466 560 2534 lateor,
585 2483 615 2522 a
649 2476 701 2524 te
741 2469 883 2527 hunc
916 2468 1099 2527 Gallia
1142 2486 1412 2540 errorem,
1441 2492 1506 2533 ac
1531 2478 1575 2532 si
1608 2477 1819 2548 Schyn-

221 2562 483 2625 teneum,
538 2558 651 2629 jam
717 2560 808 2617 diu
863 2578 969 2618 non
1023 2563 1186 2621 fuisse
1240 2583 1462 2635 rasum;
1531 2570 1631 2625 nisi
1678 2569 1818 2625 forte

218 2658 437 2726 putem,
469 2654 615 2724 Quod
660 2652 750 2708 vix
796 2656 1017 2712 credere
1059 2674 1302 2731 possum,
1348 2662 1475 2719 dum
1519 2679 1644 2722 eum
1690 2682 1818 2727 con.

218 2751 333 2799 atat
381 2760 411 2799 a
462 2752 515 2800 te
569 2760 678 2802 non
734 2746 898 2805 fuisse
945 2750 1327 2822 emendatum,
1383 2757 1527 2829 apud
1587 2768 1641 2817 te
1693 2777 1818 2821 esse

218 2834 531 2906 probatum.
587 2837 758 2894 Aliter
817 2847 997 2897 tamen
1060 2854 1117 2899 et
1165 2845 1448 2905 honestius
1502 2858 1597 2908 tua
1645 2870 1816 2913 excu-

218 2928 335 2982 sari
365 2936 543 2998 potest
570 2931 785 3001 peritia,
833 2932 961 2990 dum
1009 2934 1150 2993 forte
1198 2947 1382 2997 notam
1426 2944 1607 3007 subire
1658 2951 1817 3007 times

218 3013 409 3088 [Forte
432 3019 646 3093 timens]
670 3019 1066 3096 Hermagorica:
1088 3029 1361 3099 novitatis,
1387 3044 1812 3113 antecessorum,

221 3112 282 3159 ct
323 3106 557 3164 maxime
599 3125 753 3183 papa:
804 3111 998 3171 Leonis
1032 3121 1354 3178 auctoritae
1396 3136 1685 3186 contentus
1733 3148 1809 3189 es.

1920 548 2038 589 esse
2068 533 2340 593 latendum
2371 551 2474 610 est,
2516 544 2845 615 scientiaque
2878 548 3047 606 solius
3078 553 3144 607 ad
3174 568 3364 624 purum
3403 573 3511 627 quo

1919 626 2173 696 mysterio
2207 644 2295 683 xxv
2333 631 2453 686 luna
2482 633 2548 687 ad
2586 642 2952 693 transcensum
2997 641 3170 698 electa
3201 647 3329 700 est?
3356 626 3512 713 Quod

1917 712 2056 771 forte
2084 721 2416 787 sapientibus
2445 732 2499 777 et
2537 724 2610 778 tui
2639 727 2904 783 similibus
2947 731 3336 802 aliquantulum
3370 752 3509 808 prm-

1917 807 2111 864 luceat.
2181 811 2283 877 Qui
2331 812 2436 870 hoc
2485 827 2804 888 opponunt,
2851 821 2974 877 licet
3027 824 3143 880 sine
3189 807 3511 886 auctoritate

1918 898 2030 954 Deo
2058 900 2445 972 improperent,
2493 921 2659 975 quare
2705 926 2810 965 non
2856 928 2949 967 sua
2981 918 3316 985 pnescientia
3348 930 3508 978 antea

1919 998 2046 1047 tunc
2074 996 2388 1062 praecoverit
2409 994 2715 1054 Judzeorum
2739 1006 3156 1075 contumaciam,
3185 1017 3244 1065 ut
3270 1011 3317 1067 si
3346 1013 3514 1069 nollet

1920 1096 2018 1136 nos
2049 1097 2172 1138 cum
2203 1084 2286 1141 eis
2316 1084 2523 1143 Pascha
2548 1089 2745 1157 facere,
2773 1109 2963 1150 novem
2987 1097 3100 1153 dies
3126 1115 3435 1169 azymorum
3457 1104 3513 1160 in

1916 1172 2061 1242 Lege
2089 1175 2424 1247 praeciperet,
2460 1189 2517 1234 ut
2544 1181 2627 1236 vel
2677 1192 2873 1239 nostrae
2903 1186 3258 1247 solemnitatis
3299 1192 3508 1250 initium

1918 1263 2077 1320 linem
2104 1267 2461 1325 solemnitatis
2486 1286 2672 1326 eorum
2703 1289 2811 1330 non
2843 1278 3164 1336 excederet?
3187 1280 3319 1336 Nam
3349 1284 3393 1338 si
3413 1301 3509 1341 XXI

1918 1366 2013 1411 aut
2033 1374 2143 1413 χχιι
2175 1360 2372 1415 Pascha
2392 1363 2799 1431 celebrandum,
2829 1382 2859 1422 a
2881 1384 2968 1422 xiv
2991 1386 3160 1441 usque
3175 1372 3241 1428 ad
3270 1391 3382 1430 χχιι
3413 1392 3513 1433 no-

1918 1462 2039 1503 vem
2063 1450 2175 1505 dies
2200 1453 2658 1523 computabuntur
2680 1473 2694 1522 ;
2719 1467 2925 1529 septem
2951 1461 3158 1519 scilicet
3185 1479 3216 1519 a
3238 1464 3346 1523 Deo
3373 1483 3512 1537 prse-

1917 1536 2083 1607 cepti,
2097 1546 2152 1593 et
2172 1539 2278 1594 duo
2293 1540 2359 1596 ab
2373 1543 2676 1600 hominibus
2692 1547 2856 1603 aucti.
2881 1547 2985 1604 Sed
3002 1551 3044 1606 si
3070 1552 3193 1607 licet
3209 1536 3513 1614 hominibus

1920 1640 2119 1697 augere
2149 1644 2249 1699 per
2274 1646 2333 1686 se
2371 1632 2572 1702 aliquid
2603 1635 2797 1691 divinae
2815 1654 3078 1710 censum,
3113 1645 3409 1717 interrogo,
3447 1664 3515 1706 ne

1919 1715 2060 1774 forte
2085 1719 2335 1777 videatur
2364 1726 2693 1781 contrarium
2724 1743 2845 1785 esse
2875 1731 2947 1786 illi
2972 1732 3366 1793 Deuteronomii
3392 1756 3515 1795 sen-

2210 1808 2362 1879 Ecce,
2419 1814 2614 1884 inquit,
2656 1818 2863 1874 verbum
2906 1824 3044 1893 quod
3091 1826 3184 1881 tibi
3228 1829 3313 1895 do,
3355 1846 3514 1895 neque

1923 1900 2141 1972 adjicias
2170 1905 2240 1959 ad
2267 1905 2418 1975 illud,
2450 1924 2611 1979 neque
2639 1913 2849 1982 auferas
2878 1915 2941 1969 ab
2971 1933 3029 1970 eo
3061 1917 3239 1988 (Deut.
3270 1937 3341 1986 ιν,
3373 1922 3451 1993 2).

1990 1994 2077 2049 Μ.
2101 1995 2207 2052 Sed
2237 1997 2352 2055 haec
2380 2001 2549 2070 magis
2569 2005 2873 2073 procaciter
2893 2024 3054 2078 quam
3084 2010 3359 2069 humiliter
3379 2016 3513 2071 scri-

1919 2076 2073 2155 bens,
2114 2090 2225 2146 scio
2255 2092 2489 2162 turipum
2530 2076 2961 2168 praesumptionis
2999 2102 3325 2162 difﬁcillima:
3366 2108 3500 2164 mihi

1920 2179 2153 2248 nexisse,
2186 2183 2579 2252 enavigandum
2621 2186 2738 2244 fore
2762 2189 2942 2259 irogus
2987 2192 3173 2266 [Forte
3203 2197 3507 2273 ignorans].

1920 2268 2032 2327 Nec
2072 2270 2180 2327 loci
2228 2289 2481 2346 namque,
2532 2292 2633 2334 nec
2676 2280 2880 2338 ordinis
2925 2293 3039 2351 est,
3072 2294 3132 2340 ut
3173 2303 3377 2358 magna:
3409 2300 3511 2347 tua:

1920 2364 2227 2419 auctoritati
2277 2365 2478 2436 aliquid
2528 2372 2683 2440 quasi
2733 2372 3069 2433 discutiendo
3111 2379 3409 2451 inrogetur,
3458 2392 3513 2440 et

1918 2453 2207 2512 ridiculose
2262 2465 2315 2514 te
2359 2460 2464 2515 mei
2503 2461 2776 2532 (nimirum
2824 2468 2966 2524 Petri
3010 2470 3322 2528 cathedram
3371 2489 3510 2545 apo-

1919 2547 2043 2603 stoli
2067 2556 2123 2603 et
2150 2549 2478 2608 clavicularii
2510 2554 2748 2624 legitime
2774 2558 3114 2636 insidentem)
3132 2563 3508 2626 Occidentales

1919 2640 2098 2711 apices
2126 2642 2194 2697 de
2223 2640 2429 2700 Pascha
2458 2646 2771 2705 sollicitent.
2805 2650 2911 2708 Sed
2942 2661 3000 2709 tu
3030 2671 3138 2713 non
3171 2666 3279 2713 tam
3307 2674 3397 2715 me
3423 2659 3510 2717 vi-

1918 2728 2025 2786 lem
2048 2731 2101 2787 iu
2134 2732 2239 2789 hac
2265 2749 2344 2803 re,
2366 2750 2530 2805 quam
2562 2739 2762 2796 multos
2782 2749 2838 2797 et
2862 2741 3143 2803 defunctos
3164 2755 3221 2802 et
3243 2748 3531 2819 viventes,

1919 2819 2035 2876 haec
2064 2820 2252 2877 eadem
2278 2838 2401 2893 quae
2446 2828 2648 2892 notavi,
2682 2829 2961 2889 lirmantes
2989 2835 3295 2906 magistros,
3324 2840 3509 2898 consi-

1918 2907 2111 2966 derare
2130 2909 2316 2981 debes,
2347 2923 2401 2969 et
2421 2918 2574 2986 quasi
2598 2934 2721 2974 cum
2750 2922 2828 2978 eis
2859 2932 2910 2979 te
2940 2925 3153 2983 trahere
3180 2928 3509 3001 colloquium

1920 3001 2082 3058 crede
2116 3019 2130 3057 :
2159 3004 2251 3075 pie
2278 3021 2511 3077 namque
2540 3025 2648 3078 me,
2691 3014 2830 3071 scito
2859 3015 2985 3073 licet
3025 3019 3295 3077 saltuatim
3323 3033 3378 3080 et
3408 3025 3511 3099 hy-

1920 3089 2215 3160 perbolice,
2271 3095 2535 3152 chilos'um
2584 3115 2647 3155 os
2688 3103 2921 3173 aperire.
2965 3105 3140 3163 Tuum
3190 3110 3373 3183 itaque
3417 3089 3512 3172 aut
3560 3124 3565 3127 ‘

222 3194 348 3251 Noli
379 3205 452 3263 te,
483 3214 686 3270 quzcso,
730 3202 782 3257 in
824 3205 915 3260 tali
943 3209 1244 3278 quaestione
1272 3212 1560 3274 humilitati
1604 3186 1814 3280 tantum
1841 3193 1888 3257 ο
1920 3194 2117 3280 enim
2143 3193 2239 3280 ut
2278 3186 2472 3245 damna
2508 3189 2825 3262 vmmnum’
2856 3212 3033 3254 scmus
3061 3217 3105 3256 ⁸³
3135 3202 3286 3258 [nam
3324 3205 3512 3263 lauda-

224 3297 324 3344 aut
368 3280 618 3357 gravitati
664 3296 908 3367 credere,
949 3314 1067 3368 qua:
1110 3317 1255 3375 saepe
1303 3305 1578 3366 falluntur.
1627 3312 1819 3373 Melior

224 3379 370 3437 forte
415 3392 492 3438 est
539 3402 683 3441 cams
733 3400 872 3443 vivus
929 3407 982 3447 in
1037 3396 1374 3465 problemate
1416 3401 1564 3459 leone
1610 3418 1816 3465 mortuo

222 3471 426 3545 (Eccle.
455 3491 531 3542 ιι,
557 3476 632 3549 4).
679 3477 840 3537 Vivus
885 3500 1119 3556 namque
1145 3499 1366 3549 sanctus
1404 3498 1695 3555 emendare
1718 3516 1820 3571 po-

222 3570 355 3628 test,
403 3580 523 3637 qua:
563 3568 630 3622 ab
660 3568 837 3626 altero
884 3574 1091 3645 majore
1131 3580 1561 3663 emendatanon
1590 3568 1811 3647 luerint.

222 3656 383 3717 Scias
424 3677 658 3733 namque
706 3668 903 3724 nostris
945 3673 1214 3742 magistris
1258 3685 1313 3733 et
1342 3656 1642 3738 Hibernicis
1670 3687 1815 3742 auti-

220 3749 367 3820 quis,
400 3752 735 3826 philosophis
780 3765 835 3813 et
864 3761 1274 3832 sapientissimis
1303 3774 1666 3840 componendi
1696 3777 1814 3831 cal-

222 3842 332 3899 Culi
355 3847 1036 3915 computariis,Vietorium
1068 3870 1174 3911 non
1200 3855 1363 3915 fuisse
1392 3872 1693 3934 receptum,
1720 3868 1815 3923 sed

220 3935 397 4004 magis
449 3936 561 3992 risu
606 3939 692 3993 vel
738 3942 896 3997 venia
945 3944 1206 4017 dignum,
1254 3964 1415 4019 quam
1467 3957 1812 4015 auctoritate.

220 4024 433 4085 Idcirco
475 4030 605 4086 mihi
637 4033 847 4102 timido,
898 4040 1184 4107 peregrino
1214 4043 1406 4113 magis,
1435 4061 1598 4114 quam
1620 4050 1814 4119 sciolo,

220 4130 331 4177 tum
352 4123 519 4193 dirige
543 4123 770 4182 fulcrum
786 4132 1086 4199 sententia),
1110 4143 1165 4189 et
1184 4144 1391 4194 mature
1416 4137 1545 4209 Ibis.
1579 4142 1811 4216 matura]

218 4224 482 4288 punctum
512 4227 618 4275 tua:
659 4221 1037 4292 placabilitatls
1078 4227 1202 4285 huic
1226 4234 1534 4302 tempestati
1564 4250 1666 4293 nos
1706 4238 1813 4292 cir-

217 4307 498 4364 cumdanti
539 4315 968 4383 compescendzc,
1016 4320 1382 4379 transmittam
1412 4339 1520 4381 non
1553 4326 1812 4397 dedigne-

217 4400 338 4466 ris;
384 4401 507 4470 quia
556 4419 664 4459 non
712 4405 839 4460 mihi
870 4407 1131 4464 satisfacit
1160 4420 1283 4481 post
1329 4422 1510 4473 tantos
1538 4433 1678 4487 quos
1706 4421 1811 4492 legi

214 4500 493 4558 auctores,
517 4512 623 4551 una
654 4497 881 4555 istorum
907 4504 1174 4560 sententia
1205 4507 1582 4579 episcoporum
1612 4513 1803 4568 dicen-

215 4585 353 4640 tium
384 4595 589 4642 tanlum
622 4608 634 4643 :
667 4589 794 4645 Cum
822 4594 1020 4652 Juda'is
1052 4596 1258 4654 Pascha
1284 4611 1309 4638 ε
1339 4612 1511 4671 [acere
1530 4622 1632 4661 non
1656 4608 1809 4664 debe-

213 4690 357 4731 mas.
389 4677 533 4733 Dixit
556 4679 660 4737 hoc
689 4684 816 4739 olim
854 4696 908 4742 et
948 4687 1121 4744 Victor
1155 4692 1479 4765 episcopus;
1507 4698 1602 4752 sed
1648 4715 1809 4757 nemo

211 4762 575 4826 Orientalium
601 4788 755 4828 suum
788 4778 989 4849 recepit
1019 4792 1419 4853 commentum;
1449 4788 1544 4843 sed
1569 4789 1675 4847 hoc
1719 4806 1811 4849 so-

209 4876 420 4931 pcrans
463 4863 617 4934 spina
649 4865 900 4937 Dagonis,
947 4873 1051 4929 hoc
1090 4875 1300 4934 imbibit
1344 4879 1545 4937 bubum
1584 4899 1806 4943 erroris.

211 4951 424 5021 Qualis,
447 4969 600 5025 rogo,
633 4958 745 5016 haec
769 4962 958 5019 frivola
976 4972 1030 5020 et
1057 4974 1164 5022 tam
1193 4970 1455 5042 impolita,
1480 4977 1640 5036 nullis
1665 4982 1811 5038 scili-

208 5052 306 5099 cet
328 5044 521 5102 divina:
544 5047 837 5122 Scriptura:
855 5053 985 5112 fulta
1007 5059 1326 5119 testimoniis
1347 5069 1609 5123 sententia
1638 5088 1652 5124 :
1679 5071 1808 5128 Cum

206 5132 419 5191 Iudaeis
463 5136 674 5213 Pascha
717 5144 891 5214 facere
937 5165 1041 5204 non
1086 5151 1371 5211 debemus?
1418 5156 1558 5224 Quid
1598 5162 1666 5217 ad
1694 5180 1805 5219 rem

205 5226 492 5296 pertinet?
518 5229 770 5311 Nunquid
797 5235 966 5294 Judaei
991 5245 1205 5311 reprobi
1238 5244 1438 5304 Pascha
1480 5250 1659 5310 facere
1688 5272 1809 5311 cre-

205 5319 378 5375 dendi
405 5332 532 5378 sunt
574 5306 740 5393 hunc,
771 5338 961 5401 utpote
990 5334 1107 5390 sine
1153 5338 1371 5409 templo,
1403 5351 1555 5398 extra
1584 5343 1804 5404 Jerusa-

206 5411 345 5479 lem,
370 5411 586 5472 Christo
609 5426 733 5475 tuuc
754 5418 1003 5494 ﬁgurato,
1027 5427 1094 5481 ab
1110 5429 1174 5484 iis
1194 5432 1492 5489 crucilixo?
1514 5435 1639 5501 Aut,
1665 5456 1805 5496 nun-

204 5505 346 5575 quid
375 5506 612 5578 ipsorum
641 5520 724 5568 est
742 5529 888 5574 reete
916 5520 1241 5578 credendum
1260 5526 1388 5597 ’(sic)
1412 5539 1492 5584 est
1518 5548 1603 5585 xiv
1628 5532 1652 5572 δ
1680 5535 1804 5591 luna

293 5648 319 5720 ξι
350 5639 567 5720 facere.
592 5645 757 5720 Deest
782 5651 887 5710 hoc
913 5657 1135 5714 verbum
1168 5660 1219 5715 in
1250 5661 1350 5720 Ms.

290 5709 318 5749 δ
342 5708 512 5804 Ennii
512 5733 555 5804 1e
583 5715 813 5804 Pascha.
1471 5750 1561 5796 aut
1591 5745 1713 5799 luna
1751 5759 1801 5802 et

205 5780 450 5840 Pascha.
480 5784 597 5845 Non
628 5790 823 5861 placet.

1922 3276 2087 3339 veris,
2139 3277 2283 3334 inter
2328 3287 2395 3335 te'
2421 3291 2476 3337 et
2515 3299 2677 3355 supra
2710 3287 2915 3344 dictum
2954 3289 3344 3366 Hieronymum
3387 3298 3511 3356 lidei

1919 3360 2157 3421 futurum
2188 3367 2305 3425 fore
2333 3372 2632 3443 negotium,
2665 3377 2756 3446 qui
2784 3377 3035 3436 nimirum
3062 3360 3372 3443 Anatolium
3394 3388 3511 3444 lau-

1920 3454 2067 3512 davit
2095 3458 2221 3515 huic
2245 3464 2611 3533 contrarium;
2646 3466 2719 3523 ita
2749 3477 2810 3523 ut
2837 3472 2929 3541 Qui
2959 3488 3120 3529 unum
3151 3486 3368 3534 secutus
3396 3479 3512 3538 fue-

1918 3545 2011 3613 rit,
2041 3546 2271 3603 alterum
2302 3552 2545 3623 recipere
2574 3571 2683 3612 non
2715 3561 2935 3628 poterit.
2969 3560 3081 3619 Tua
3110 3565 3293 3638 itaque
3322 3572 3509 3628 consi-

1919 3631 2075 3690 deret
2119 3636 2420 3707 vigilantia,
2469 3651 2527 3697 ut
2552 3644 2605 3699 in
2637 3645 2739 3703 ﬁde
2779 3648 3009 3706 duorum
3044 3631 3321 3713 auctorum
3349 3674 3510 3731 supra

1919 3726 2210 3799 dictorum,
2228 3732 2328 3788 sibi
2353 3733 2583 3792 invicem
2606 3742 3024 3813 contrariorum,
3039 3748 3337 3821 probanda,
3362 3754 3509 3812 nulla

1919 3815 1990 3870 sit
2031 3816 2171 3872 inter
2203 3827 2257 3874 te
2294 3830 2350 3876 et
2395 3821 2778 3898 Hieronymum
2820 3829 2874 3886 in
2914 3815 3178 3891 sententia
3209 3843 3507 3911 promenda

1917 3902 2246 3966 dissonantia
2270 3929 2285 3979 ;
2314 3929 2383 3971 ne
2413 3918 2568 3975 nobis
2594 3921 2833 3993 undique
2856 3926 2963 3980 sint
2990 3902 3268 3999 angustiae,
3311 3944 3372 3990 ut
3403 3945 3503 3993 aut

1919 3997 2040 4066 tibi,
2068 4008 2161 4055 aut
2188 4000 2263 4057 illi
2289 4008 2709 4065 consentiamus.
2737 4013 2905 4070 Parce
2934 4016 2987 4071 in
3033 3997 3135 4075 hoc
3163 3997 3411 4095 inﬁrmis,
3438 4034 3509 4084 ne

1918 4091 2233 4149 scandalum
2281 4094 2613 4156 diversitatis
2659 4105 2933 4163 ostendas.
2981 4107 3311 4182 Simpliciter
3362 4091 3508 4175 enim

1916 4195 2018 4252 ego
2083 4183 2181 4239 tibi
2220 4186 2500 4256 conﬁteor,
2551 4193 2694 4262 quod
2736 4208 2925 4255 contra
2973 4204 3147 4259 sancti
3195 4203 3507 4281 Hieronymi

1914 4276 2288 4334 auctoritatem
2320 4282 2560 4351 veniens,
2586 4288 2728 4356 apud
2749 4288 3321 4364 Occidentisecclesias
3336 4276 3507 4356 lucre-

1917 4369 2056 4426 ticus
2084 4387 2178 4427 seu
2207 4377 2544 4444 respuendas
2569 4381 2673 4435 erit
2699 4400 2709 4434 :
2744 4382 2819 4438 illi
2849 4386 2992 4440 enim
3024 4404 3121 4459 per
3142 4391 3321 4447 omnia
3351 4392 3505 4451 indu-

1900 4452 2137 4515 'bitatatn
2188 4463 2240 4517 in
2287 4462 2579 4538 Scripturis
2623 4472 2817 4529 divinis
2860 4452 3272 4537 accommodant
3320 4482 3502 4543 ﬁdem.

1839 4585 1891 4644 D
1914 4549 2020 4644 Sed
2051 4551 2167 4609 haec
2193 4553 2261 4610 de
2289 4554 2497 4615 Pascha
2526 4561 2815 4620 sulliciant.

1942 4656 1946 4660 ‘
1984 4642 2353 4704 1V.Ca:terum
2382 4649 2449 4707 de
2478 4653 2746 4725 episcopis
2784 4657 2888 4714 illis
2914 4660 3043 4731 quid
3064 4661 3297 4734 judicas,
3329 4669 3502 4728 inter-

1912 4748 2067 4804 rogo,
2090 4736 2180 4805 qui
2210 4747 2397 4795 contra
2418 4758 2654 4800 canones
2680 4746 3014 4820 ordinantur,
3048 4754 3098 4810 id
3122 4766 3227 4827 est,
3248 4772 3457 4830 quaestu
3483 4781 3499 4819 :

1912 4826 2240 4883 simoniacos
2267 4841 2323 4885 et
2365 4829 2536 4889 Giltas
2564 4846 2757 4893 auctor
2794 4851 2973 4910 pestes
3011 4826 3316 4918 scripsistis.
3349 4851 3502 4909 Nun-

1912 4916 2042 4986 quid
2088 4933 2210 4973 cum
2258 4920 2365 4977 illis
2419 4927 2925 4987 communicandum
2974 4916 3308 5012 est?'Qu°ia,
3356 4945 3501 5013 quod

1910 5009 2128 5078 gravius
2147 5020 2251 5077 est,
2274 5014 2428 5069 mulli
2450 5015 2503 5071 in
2534 5017 2637 5075 hac
2656 5022 2933 5091 provincia
2962 5027 3098 5085 tales
3126 5045 3245 5088 esse
3264 5009 3500 5090 noscun-

1911 5108 2000 5157 tur
2027 5098 2040 5156 ὲ
2069 5111 2163 5159 aut
2207 5104 2276 5161 de
2327 5107 2464 5175 aliis,
2496 5111 2588 5181 qui
2638 5111 2691 5168 in
2719 5112 3006 5172 diaconatu
3057 5121 3258 5191 violati,
3303 5133 3493 5196 postea
3540 5120 3567 5142 ⁶

1910 5192 1977 5248 ad
2006 5195 2382 5268 episcopontm
2407 5204 2631 5270 gradum
2662 5204 2980 5276 eliguntur?
3020 5211 3158 5268 Sunt
3183 5192 3327 5269 enim
3370 5231 3500 5286 quo-

1909 5299 2029 5339 rum
2059 5286 2112 5341 in
2142 5287 2225 5342 bis
2252 5291 2499 5348 novimus
2526 5296 2905 5366 conscientias,
2931 5309 2987 5357 et
3011 5318 3131 5358 cum
3162 5314 3345 5361 nostra
3374 5323 3498 5379 par-

1909 5376 2078 5435 vitate
2106 5378 2159 5434 id
2188 5381 2549 5449 conlerentes,
2582 5396 2792 5445 certum
2833 5390 2973 5447 scire
3000 5392 3275 5460 volebant,
3306 5395 3353 5452 si
3376 5376 3499 5455 sine

1915 5469 2157 5538 periculo
2185 5482 2308 5543 post
2335 5475 2439 5531 hoc
2464 5486 2487 5515 ε
2521 5478 2748 5547 possint,
2781 5481 2833 5535 id
2860 5491 2964 5548 est,
2987 5491 3081 5539 aut
3121 5493 3245 5557 post
3272 5489 3495 5559 gradum

1913 5560 2098 5617 solidis
2125 5572 2384 5635 emptum,
2430 5576 2522 5623 aut
2547 5578 2669 5640 post
2699 5570 2751 5624 in
2781 5570 3066 5629 diaconatu
3110 5576 3430 5636 adulterium
3475 5600 3490 5635 :

1985 5709 2004 5731 ν
2042 5694 2268 5779 Possint.
2299 5697 2457 5754 Deest
2487 5694 2686 5769 aliquid
2708 5703 2849 5771 quod
2874 5707 3193 5762 sententiam
3223 5710 3494 5783 complent

1909 5764 2065 5832 lorte,
2100 5769 2417 5824 ministrare.
2578 5764 2591 5769 ’
2726 5764 2740 5771 ’
2952 5808 2955 5811 ν
