4052 6332
502 273 614 330 263

1752 259 1810 315 S.
1852 256 2249 317 COLUMBANI
2286 260 2573 318 ABBATIS

3673 265 3788 327 εδδ

510 386 826 443 absconsum
870 388 1051 437 tamen
1095 377 1217 433 dico
1247 389 1368 433 cum
1416 368 1676 429 clientelis
1721 371 2041 426 adulterium
2074 387 2088 422 :
2119 372 2166 430 Α
2197 369 2450 437 volueris,
2494 371 2752 443 temporis
2796 372 3118 444 antiquitate
3159 375 3413 432 roborata
3440 378 3634 434 mum-3
3674 393 3789 437 νου

510 474 653 549 quod
684 471 825 543 apud
869 478 1083 527 nostros
1112 468 1398 538 magistros
1439 480 1545 519 non
1589 464 1813 520 minoris
1838 472 2094 520 censetur

512 584 633 626 esse
681 565 951 622 facindris.
980 560 1180 632 ,Tertio
1212 556 1648 630 interrogationis
1675 556 1797 639 loco
1824 553 2095 624 responde

513 658 708 728 adhoc,
736 662 939 728 quaeso,
965 655 1010 709 si
1039 668 1144 708 non
1176 651 1459 707 molestum
1487 657 1593 731 est,
1619 647 1746 719 quid
1790 646 2095 703 faciendum

513 762 598 811 est
625 754 691 809 de
739 748 1016 806 monachis
1046 745 1174 811 illis,
1225 740 1316 813 qui
1366 758 1466 814 pro
1513 741 1608 796 Dei
1653 741 1849 796 intuitu
1889 748 1946 793 et
1975 737 2098 793 vitae

514 841 859 916 perfectionis
895 836 1159 893 desiderio
1180 833 1393 889 accensi
1435 826 1772 888 contra'vota
1794 828 2095 895 venientes,

515 915 701 1005 primae
721 925 1090 985 conversionis
1111 924 1231 979 loca
1265 922 1575 991 relinquunt
1600 927 1655 974 et
1684 918 1865 973 invitis
1888 915 2100 971 abbati-

515 1023 635 1088 bus,
665 1020 876 1075 fervore
904 1016 1295 1071 monachorum
1322 1019 1569 1081 cogente,
1602 1018 1696 1063 aut
1726 1008 1977 1062 laxantur
2003 1014 2100 1061 aut

515 1112 578 1166 ad
607 1110 817 1165 deserta
848 1106 1076 1177 fugiunt.
1110 1103 1419 1159 Vennianus
1462 1108 1650 1155 auctor
1672 1097 1870 1153 Giltam
1909 1098 1977 1153 de
2012 1097 2098 1153 his

514 1200 890 1271 interrogavit,
938 1206 994 1254 et
1044 1194 1445 1265 elegantissime
1502 1192 1578 1247 illi
1634 1190 1945 1263 rescripsit;
2003 1189 2098 1245 sed

514 1302 692 1350 tamen
740 1291 982 1348 discendi
1029 1289 1271 1346 studioso
1314 1300 1526 1358 semper
1568 1285 1743 1356 major
1780 1292 1956 1341 metus
2002 1298 2097 1339 ac-

514 1387 729 1443 crescit.

588 1479 646 1537 ν.
677 1478 945 1535 Humilius
972 1478 1027 1532 et
1077 1475 1263 1548 purius
1300 1475 1417 1530 hmo
1442 1472 1622 1531 omnia
1648 1476 1705 1527 et
1742 1469 1915 1526 multo
1945 1469 2100 1540 plura

513 1584 631 1642 qua:
670 1567 977 1639 epistolaris
1004 1568 1241 1623 brevitas
1288 1579 1396 1620 non
1432 1561 1693 1628 admittit,
1736 1575 1833 1631 per
1864 1574 2101 1630 prmsen-

513 1662 644 1717 tiam
673 1658 1053 1729 interroganda
1083 1666 1257 1723 erant,
1289 1656 1391 1712 nisi
1421 1652 1667 1725 corporis
1693 1652 1999 1717 inﬁrmitas,
2041 1658 2098 1705 et

2198 475 2378 529 posse,
2410 461 2691 517 manifeste
2719 463 2972 535 antiquus
2999 479 3154 521 error
3182 476 3300 534 est;
3331 469 3423 524 sed
3448 484 3665 542 semper
3689 485 3792 528 an-

2200 550 2399 619 tiquior
2421 559 2508 605 est
2534 552 2731 607 veritas
2760 569 2879 623 qua:
2910 554 3055 609 illum
3089 557 3451 627 reprehendit.

2766 642 3096 700 EPISTULA
3133 646 3198 702 ll.

2199 748 2266 787 AD
2305 748 2506 788 PATRES
2543 749 2725 790 SYNODI
2776 751 3038 792 CUJUSDA!
3081 754 3392 796 ολιιιεΑΜζ
3431 757 3597 798 SUPER
3633 759 3794 809 ουδ-

2564 842 2752 883 8ΤΙΟΝ1Ξ
2792 844 3005 885 ΡΑεειιΑζ
3047 848 3411 890 (ΞΟΝΩΒΕΟΑΤᾹΞ

2200 913 2439 972 Dominis
2482 918 2700 984 sanctis,
2731 926 2786 972 et
2805 917 2857 972 in
2888 918 3104 976 Christo
3130 921 3396 989 Patribus,
3422 924 3504 980 vel
3537 924 3795 983 fratribus

2270 1009 2552 1080 episc0pis,
2589 1009 2933 1080 presbyteris,
2966 1014 3283 1083 ueterisque
3310 1024 3508 1071 sancta:
3534 1015 3796 1073 Ecclesia:

2270 1096 2575 1164 ordinibus,
2624 1090 2887 1155 Columba
2927 1096 3182 1172 peccator
3216 1106 3444 1161 salutem
3487 1107 3541 1162 in
3574 1108 3795 1166 Christo

2269 1190 2556 1260 pnemit‘o.
2848 1262 2857 1275 Ι

2270 1276 2311 1335 I.
2354 1280 2567 1337 Gratias
2592 1298 2693 1355 ago
2724 1282 2834 1341 Deo
2865 1301 3006 1351 meo,
3034 1282 3176 1363 quod
3201 1289 3305 1345 mei
3342 1305 3505 1359 causa
3536 1292 3591 1348 in
3620 1309 3794 1350 unum

2201 1370 2334 1425 tanti
2357 1373 2665 1443 congregati
2692 1383 2816 1429 sunt
2836 1374 3009 1432 sancti
3035 1377 3103 1432 de
3132 1372 3253 1433 fidei
3282 1388 3336 1434 et
3365 1381 3631 1438 honorum
3651 1400 3795 1454 ope-

2200 1477 2318 1516 rum
2340 1463 2563 1519 veritate
2587 1466 2887 1533 tractaturi,
2906 1476 2962 1522 et
2983 1478 3040 1523 ut
3056 1469 3192 1525 tales
3207 1470 3382 1542 decet,
3406 1489 3503 1544 per
3521 1478 3798 1532 exercita-

2203 1561 2286 1609 tos
2326 1568 2517 1609 sensus
2553 1554 2620 1609 ad
2651 1555 3031 1613 discretiunem
3081 1559 3205 1615 boni
3233 1577 3297 1618 ac
3336 1564 3487 1633 mali,
3516 1565 3586 1621 de
3611 1567 3796 1623 disc..-

2202 1645 2395 1699 tiendis
2417 1644 2564 1714 justo
2587 1645 2791 1716 judicio
2840 1648 3150 1717 julicaturi.
3199 1644 3414 1707 Utinam
3463 1655 3656 1726 smpius
3687 1657 3799 1713 hoc

515 1765 757 1808 meorum
786 1765 915 1805 cura
947 1746 1488 1818 comperegrinorum
1526 1744 1674 1799 datm
1721 1757 1811 1798 me
1857 1741 2098 1797 vinctum
2135 1741 2179 1802 Β
2204 1736 2433 1805 ageretis
2467 1754 2480 1789 :
2514 1740 2569 1792 'et
2608 1738 2735 1793 licet
2782 1737 2935 1808 juxta
2990 1755 3224 1796 canones
3252 1740 3418 1798 semel
3467 1755 3562 1800 aut
3606 1746 3692 1801 bis
3737 1748 3799 1803 ίη

518 1853 545 1881 κ
575 1843 644 1898 ad
669 1851 724 1898 te
752 1841 933 1907 eundi,
959 1835 1019 1896 ut
1036 1828 1177 1893 illam
1199 1836 1533 1909 spiritualem
1562 1834 1677 1919 vivi.
1694 1826 1857 1889 fontis
1879 1846 2099 1900 venam,

515 1936 799 2004 vivamque
845 1933 1042 1988 undam
1095 1930 1334 1986 scientia:
1384 1928 1599 1986 emlitus
1652 1924 1888 1995 fluentis,
1932 1938 1995 1980 ac
2047 1923 2100 1977 in

515 2032 769 2080 aeternam
816 2021 981 2077 vitam
1024 2019 1264 2076 salientis
1309 2017 1335 2056 ι)
1376 2017 1614 2077 haurire.
1660 2015 1730 2069 Et
1777 2015 1823 2071 si
1863 2015 2103 2069 animum

516 2131 713 2188 corpus
757 2120 1078 2184 sequeretur
1116 2106 1291 2167 Roma
1320 2109 1405 2166 sui
1435 2106 1631 2165 iterum
1669 2121 1784 2163 rem
1813 2106 2106 2162 sustineret

517 2214 880 2278 contemptus,
894 2212 953 2260 ut
976 2198 1447 2275 quomod0,,docto
1473 2202 1728 2255 narrante
1749 2198 2102 2270 Hieronymo,

516 2298 765 2367 legimus,
799 2296 1061 2367 quosdam
1104 2294 1171 2350 de
1200 2292 1401 2349 ultimis
1429 2280 1639 2349 lleulnti
1682 2292 1879 2348 littoris
1909 2288 2104 2347 finibus

520 2387 648 2443 olim
677 2388 889 2443 venisse
917 2386 1164 2451 Romam,
1194 2384 1271 2451 in,
1314 2392 1369 2439 et
1410 2374 1596 2456 jForte
1623 2378 1770 2443 dein.
1802 2376 1881 2452 et]
1910 2380 2103 2436 mirum

519 2479 687 2547 dictu,
720 2479 865 2534 aliud
894 2486 1046 2533 extra
1070 2468 1296 2531 Romam
1325 2476 1582 2545 qumsisse
1610 2492 1623 2541 ;
1656 2475 1726 2530 ita
1758 2482 1814 2530 et
1841 2478 1943 2542 ego
1963 2488 2107 2529 nunc

522 2579 578 2629 te
599 2613 616 2638 ,
648 2587 756 2627 non
788 2570 1016 2626 Romam
1066 2568 1377 2625 desiderans
1397 2608 1413 2633 ,
1439 2567 1585 2623 salva
1615 2575 1922 2623 sanctorum
1950 2559 2108 2620 reve-

520 2662 694 2720 rentia
742 2661 980 2718 cinerum
1018 2668 1359 2731 expeterem;
1404 2658 1532 2714 licet
1572 2659 1715 2714 enim
1746 2673 1856 2713 non
1896 2672 1984 2713 me
2012 2670 2104 2712 sa-

519 2753 781 2824 pientem,
820 2750 915 2808 sed
943 2766 1065 2808 esse
1094 2751 1366 2806 sitientem
1410 2748 1583 2806 fateor
1612 2750 1717 2806 hoc
1755 2749 1896 2805 idem
1926 2748 2107 2805 facere

521 2846 570 2903 si
620 2854 858 2902 vacaret.
908 2844 1036 2915 Legi
1083 2844 1277 2899 librum
1328 2852 1478 2898 tuum
1537 2828 1817 2899 Pastorale
1866 2845 2106 2914 regimen

521 2938 895 2995 continentem
911 2938 1049 3009 stylo
1067 2937 1308 3005 brevem,
1325 2936 1570 2992 doctrina
1591 2936 1877 3008 prolixum,
1901 2947 2105 3009 myste-

521 3028 615 3084 riis
657 3027 933 3097 refertum,
955 3026 1113 3084 melle
1150 3026 1356 3083 dulcius
1383 3026 1561 3096 egenti
1601 3042 1734 3098 opus
1756 3042 1877 3083 esse
1898 3028 2103 3097 fateor;

2203 1841 2348 1881 anno
2379 1842 2475 1898 pro
2525 1829 2865 1886 tumultuosis
2894 1831 3052 1901 hujus
3076 1832 3174 1886 aevi
3204 1830 3625 1893 dissensionibus
3652 1854 3800 1893 sem-

2203 1932 2301 1988 per
2324 1918 2402 1974 sic
2445 1924 2660 1976 servare
2700 1937 2797 1999 vos
2836 1939 2944 1979 non
2980 1924 3154 1989 vadat,
3185 1926 3269 1980 vel
3315 1944 3476 1999 quam
3505 1930 3799 1988 celerrime

2203 2007 2447 2076 quamvis
2498 2011 2671 2066 rarius
2714 2011 3047 2082 potissimum
3078 2017 3182 2073 hoc
3210 2017 3391 2073 debuit
3412 2019 3564 2076 vobis
3612 2021 3801 2079 inesse

2205 2101 2461 2175 studium,
2486 2118 2591 2172 quo
2613 2106 2966 2176 negligentes,
2996 2111 3193 2182 quique
3223 2112 3471 2170 timorem
3503 2114 3798 2180 haberent,

2206 2204 2262 2249 et
2305 2197 2534 2252 studtosi
2586 2198 2652 2253 ad
2699 2199 2958 2269 majorem
3006 2202 3431 2274 provocarentur
3466 2208 3799 2279 profectum.

2206 2284 2346 2343 Ecce
2391 2288 2630 2360 inquam,
2658 2288 2770 2347 Deo
2798 2294 2990 2361 gratia,
3020 2295 3166 2365 quod
3203 2296 3287 2352 'vel
3330 2313 3427 2367 pro
3454 2314 3543 2353 me
3568 2299 3635 2354 de
3658 2298 3803 2355 Pas-

2206 2380 2368 2436 chate
2403 2380 2743 2439 discutienda
2789 2387 3004 2441 occasio
3052 2388 3205 2443 vobis
3247 2398 3432 2444 sancta
3471 2388 3660 2446 effecta
3710 2402 3806 2447 est

2208 2473 2463 2545 synodtts.
2499 2475 2756 2532 Dominus
2798 2488 2980 2535 noster
3006 2478 3160 2537 Jesus
3202 2465 3466 2551 Christus,
3515 2485 3604 2540 ille
3639 2487 3808 2556 prin-

2208 2579 2336 2636 ceps
2355 2576 2632 2637 pastorum
2658 2578 2895 2639 praestet,
2927 2580 2983 2625 ut
3005 2573 3072 2626 ad
3098 2589 3208 2628 sua:
3231 2560 3483 2630 Ecclesia:
3507 2577 3805 2633 utilitatem

2208 2666 2449 2713 vestrum
2483 2659 2652 2728 prosit
2700 2662 3018 2731 consilium;
3060 2674 3115 2719 et
3164 2665 3277 2735 ipse
3305 2665 3466 2734 Deus,
3510 2667 3599 2738 qui
3643 2676 3808 2724 stare

2209 2748 2349 2804 solet
2397 2750 2452 2804 in
2478 2767 2741 2823 synagoga
2794 2752 3007 2808 deorum
3059 2753 3279 2827 (Psalm.
3318 2772 3500 2822 Luat,
3531 2757 3604 2825 1),
3653 2772 3810 2828 prm-

2210 2855 2339 2898 sens
2365 2842 2590 2913 inspiret
2616 2843 2780 2899 corda
2821 2852 3067 2913 suorum,
3099 2848 3162 2902 ad
3191 2863 3346 2904 suam
3369 2864 3436 2904 ex
3464 2850 3666 2919 integro
3701 2865 3811 2906 vo-

2208 2932 2469 2989 luntatem
2491 2937 2819 3005 sequendam
2844 2951 2911 2991 ex
2935 2937 3132 2991 virtute
3160 2937 3562 3006 mandatorum;
3595 2947 3650 2995 ut
3677 2956 3811 2996 non

2209 3024 2280 3080 de
2317 3023 2435 3079 solo
2466 3021 2683 3080 Pascha:
2732 3026 2949 3094 negotio
2980 3027 3146 3097 (quod
3182 3028 3293 3098 jam
3337 3028 3427 3086 diu
3450 3032 3811 3096 ventilaturz,

520 3118 654 3177 mihi
701 3117 905 3174 idcirco
952 3124 1043 3172 tua
1091 3116 1296 3174 sitienti
1345 3117 1559 3188 largire,
1608 3131 1806 3189 precor
1848 3118 2106 3189 opuscula
2137 3120 2183 3183 (ζ
2212 3128 2277 3169 ac
2314 3114 2405 3169 diu
2455 3114 2603 3171 varie
2642 3131 2672 3170 a
2713 3116 2939 3173 diversis
2982 3119 3294 3175 auctoribus
3338 3120 3632 3190 judicatum
3680 3127 3813 3195 est)

520 3225 640 3281 quae
678 3209 735 3265 in
766 3208 1103 3266 Ezechielem
1143 3210 1305 3280 miro,
1346 3218 1406 3266 ut
1447 3209 1643 3274 audivi,
1687 3210 1976 3268 elaborasti
2012 3212 2099 3268 in-

521 3301 699 3372 genio.
732 3298 862 3368 Legi
891 3298 1205 3373 Hieronymi
1233 3317 1328 3357 sex
1358 3301 1412 3356 in
1455 3300 1603 3356 illum
1641 3300 1838 3369 libros;
1877 3300 1977 3359 sed
2006 3317 2109 3361 nec

521 3393 760 3449 taedium
776 3394 1046 3465 exposuit.
1070 3393 1196 3460 Sed,
1213 3395 1259 3449 si
1280 3395 1534 3465 dignaris,
1554 3395 1733 3466 aliqua
1756 3396 1912 3452 nobis
1923 3396 1990 3453 de
2004 3397 2108 3453 tuis

523 3488 828 3543 transmitte
875 3487 1094 3543 relectis
1143 3488 1197 3542 in
1251 3488 1555 3553 civitatem,
1608 3498 1853 3544 extrema
1904 3489 2113 3545 scilicet

524 3578 645 3633 libri
680 3579 929 3649 exposita
966 3580 1289 3646 transmitte,
1335 3590 1391 3635 et
1414 3579 1641 3636 Cantica
1669 3582 2019 3638 Canticorum
2038 3584 2108 3638 ab

524 3669 617 3725 illo
647 3670 768 3726 loco
795 3671 849 3725 in
878 3685 988 3742 quo
1034 3670 1280 3727 dicit.....
1315 3670 1410 3726 Ibo
1441 3672 1509 3726 ad
1538 3682 1764 3728 montem
1804 3675 2030 3746 myrrhae
2056 3684 2109 3729 et

523 3762 705 3819 collem
754 3762 915 3817 thuris
955 3760 1133 3833 (Cant.
1177 3778 1247 3828 tv,
1290 3750 1400 3831 16),
1447 3777 1617 3833 usque
1664 3763 1720 3819 in
1766 3765 1968 3833 linem;
2015 3774 2109 3821 aut

523 3855 775 3920 aliorum,
806 3865 901 3910 aut
929 3855 1033 3911 tuis
1055 3854 1232 3910 brevis
1253 3854 1491 3933 deposco
1517 3863 1687 3911 tracta
1716 3859 2028 3926 sententiis;
2053 3866 2110 3915 et

525 3955 585 4003 ut
605 3955 771 4003 totam
794 3962 1036 4018 exponas
1055 3946 1443 4011 obscuritatem
1467 3946 1760 4012 Zacharias,
1785 3949 2107 4007 absconsam

524 4039 773 4111 propala,
802 4049 861 4094 ut
889 4039 985 4095 tibi
1012 4039 1360 4096 occidentalis
1390 4041 1444 4095 in
1482 4040 1565 4096 his
1594 4044 1800 4110 gratias
1836 4050 1963 4111 agat
2002 4058 2109 4099 ae-

523 4130 680 4187 citas.
732 4128 1041 4200 lmportuna
1086 4130 1300 4200 postulo
1339 4137 1398 4185 et
1437 4144 1629 4200 magna
1670 4130 1948 4198 sciscitor;
1985 4132 2107 4201 quis

523 4222 730 4279 nesciat
749 4224 773 4278 ἳ
794 4220 902 4277 Sed
930 4231 984 4278 et
1014 4230 1068 4277 tu
1094 4236 1285 4293 magna
1307 4223 1531 4291 habens,
1557 4224 1683 4293 quia
1709 4223 1891 4295 [Forte
1919 4225 2104 4292 habes,

522 4314 638 4389 qui]
665 4316 733 4373 de
760 4331 927 4387 parvo
957 4315 1156 4385 minus,
1178 4323 1234 4372 et
1260 4316 1327 4372 de
1356 4316 1526 4375 multo
1552 4317 1673 4389 plus
1693 4318 1831 4374 bene
1856 4320 1965 4375 scis
1987 4336 2108 4377 esse

524 4406 890 4463 fenerandum.
925 4402 1243 4463 Rescribere
1267 4415 1319 4462 te
1344 4409 1631 4479 persuadet
1658 4409 1911 4474 charitas,
1939 4425 2100 4481 expc.

2210 3206 2489 3273 tractetis;
2528 3207 2624 3263 sed
2661 3207 2824 3263 etiam
2855 3208 2925 3265 de
2956 3210 3220 3266 universis
3264 3212 3579 3268 necessariis
3606 3213 3817 3269 obser-

2206 3299 2515 3355 vationibus
2563 3301 2861 3370 canonicis,
2905 3316 3024 3372 quae
3069 3316 3101 3356 a
3150 3301 3330 3357 multis
3368 3303 3817 3374 (quod-gravius

2208 3393 2312 3462 est)
2362 3400 2630 3462 corruptae
2684 3401 2848 3457 sunt;
2898 3400 2953 3447 et
3002 3391 3131 3446 dum
3170 3392 3286 3449 dies
3333 3394 3517 3464 judicii
3570 3395 3817 3465 propior

2209 3498 2351 3539 nunc
2373 3489 2493 3546 est,
2545 3496 2707 3551 quam
2761 3492 2921 3549 tunc,
2987 3481 3189 3552 aliquid
3266 3482 3443 3539 adhuc
3502 3482 3816 3540 districtius

2208 3575 2533 3645 evangelica:
2560 3573 2835 3645 religionis
2855 3578 2910 3629 et
2934 3575 3245 3646 apostolicae
3271 3575 3569 3632 traditionis
3605 3579 3816 3632 consi-

2209 3666 2340 3721 lium
2366 3665 2575 3722 inirctis
2609 3665 2691 3720 :si
2718 3664 2862 3719 enim
2890 3665 3200 3735 evangelica
3231 3667 3482 3723 mandata
3512 3666 3816 3734 diligenter

2209 3761 2509 3834 inquiratis,
2539 3769 2647 3817 non
2675 3762 2841 3817 miror
2869 3762 3016 3833 quod
3057 3762 3112 3818 in
3142 3764 3221 3819 eis
3251 3763 3641 3836 aliquantorum
3670 3780 3816 3822 mo-

2208 3854 2357 3910 ribus
2384 3855 2657 3911 contraria
2679 3854 3041 3910 inveniantur.
3070 3854 3177 3911 Sed
3204 3855 3436 3913 sufﬁciat
3462 3857 3817 3928 significasse

2210 3956 2646 4017 unumquemque
2698 3945 2765 4000 ad
2811 3946 2894 4000 sui
2928 3944 3304 4017 Redemptoris
3345 3949 3668 4019 exemplum,
3738 3967 3817 4008 ac

2207 4038 2322 4094 veri
2348 4038 2575 4109 pastoris
2598 4036 2827 4093 formam
2852 4036 2970 4092 fore
2996 4037 3423 4102 infomtandum;
3454 4040 3543 4110 qui
3573 4040 3817 4098 humili-

2209 4139 2375 4186 tatem
2425 4131 2656 4202 primum
2695 4130 3010 4201 praedicans,
3067 4138 3383 4201 septemque
3436 4130 3816 4190 beatitudines

2209 4224 2395 4295 prima:
2420 4222 2751 4294 paupertatis
2795 4223 3015 4293 spiritus
3037 4222 3267 4294 jungens
3292 4223 3344 4277 in
3376 4230 3577 4277 tantum
3605 4222 3815 4282 docuit

2210 4316 2484 4372 hominem
2513 4331 2610 4372 sua
2647 4317 2800 4387 sequi
2824 4316 3065 4385 vestigia,
3094 4324 3153 4371 ut
3174 4316 3239 4370 ad
3270 4332 3449 4371 veram
3479 4316 3655 4373 octavi
3682 4316 3814 4375 diei

2211 4408 2716 4474 circumcisionem,
2783 4406 3045 4480 justitiam
3098 4411 3375 4480 sequendo
3445 4408 3808 4481 perveniret;

526 4511 658 4552 nere
703 4512 810 4551 non
862 4494 1119 4567 impediat
1170 4497 1371 4553 charta:
1419 4502 1704 4570 asperitas,
1752 4502 1877 4571 quia
1910 4518 2018 4559 tera
2051 4503 2104 4560 in
2137 4498 2186 4558 D
2210 4500 2334 4571 quia
2374 4499 2652 4554 beatitudo
2678 4506 2867 4554 octava
2896 4501 3154 4571 martyrio
3184 4502 3517 4569 terminatur,
3546 4516 3613 4558 eo
3640 4504 3811 4572 quod

524 4603 763 4644 errorem
784 4589 902 4655 fuit,
920 4597 976 4644 et
993 4591 1163 4645 honor
1173 4590 1385 4649 debitus
1399 4593 1545 4649 cordi
1562 4603 1645 4650 est
1658 4609 1689 4649 a
1712 4611 1800 4651 me
1830 4597 1925 4652 tibi
1951 4596 2067 4653 dari
2087 4616 2100 4651 :

522 4695 702 4735 meum
732 4678 832 4733 fuit
857 4696 1184 4751 provocare,
1215 4684 1569 4756 interrogare,
1599 4701 1830 4757 rogare;
1856 4697 2035 4755 tuum,
2057 4690 2104 4745 si

522 4770 709 4839 gratiis
754 4782 977 4841 accepta
1027 4789 1134 4828 non
1177 4790 1394 4844 negare,
1424 4777 1685 4834 talentum
1719 4778 1983 4845 fenerari,
2009 4794 2105 4849 pe-

523 4863 657 4919 tenti
674 4871 929 4934 tepanem
946 4865 1222 4937 doctrinae,
1237 4868 1450 4928 Christo
1468 4875 1810 4944 prmcipiente
1823 4876 1968 4930 dare.
1992 4874 2101 4932 Pax

522 4951 641 5019 tibi,
671 4954 907 5023 tuisque;
939 4973 1070 5012 mea:
1100 4958 1313 5029 indulge
1340 4962 1482 5031 quod
1507 4964 1588 5019 sic
1613 4964 1871 5021 audacter
1889 4965 2096 5038 scripsi,

522 5058 693 5114 rogo,
721 5047 1057 5116 procacitati,
1098 5050 1255 5106 beate
1285 5067 1446 5122 papa,
1476 5061 1532 5108 et
1568 5069 1665 5110 oro
1695 5062 1754 5109 ut
1780 5071 1881 5126 pro
1909 5071 1998 5111 me
2023 5057 2104 5111 vi-

523 5133 728 5191 lissimo
758 5146 1042 5207 peccatore
1070 5139 1153 5195 vel
1183 5142 1352 5198 semel
1396 5143 1449 5198 in
1480 5144 1585 5199 tuis
1611 5145 1809 5201 sanctis
1836 5147 2101 5204 orationi-

522 5224 623 5281 bus
670 5225 738 5281 ad
775 5242 1115 5284 communem
1165 5231 1449 5290 Dominum
1495 5249 1633 5290 ores.
1667 5235 2100 5307 Persuperllnum

524 5326 655 5386 puto
684 5322 1048 5377 commendari
1081 5324 1173 5378 tibi
1202 5340 1373 5392 meos,
1420 5342 1553 5396 quos
1581 5327 1830 5387 Salvator
1856 5332 2011 5402 quasi
2042 5335 2094 5390 in

522 5424 622 5463 suo
649 5411 864 5468 nomine
892 5414 1257 5481 ambulantes,
1289 5418 1624 5487 recipiendos
1648 5436 1784 5478 esse
1808 5423 2053 5481 decernit
2078 5444 2094 5493 ;

523 5507 579 5553 et
606 5501 670 5567 si,
692 5510 750 5557 ut
768 5504 945 5560 audivi
972 5521 1002 5559 a
1029 5514 1217 5561 sancto
1237 5504 1479 5563 Candido
1502 5517 1614 5567 tuo.
1643 5511 1745 5568 hoc
1772 5514 2100 5585 respondere

601 5657 730 5737 ".44
758 5667 807 5713 te
832 5661 1006 5737 eundi.
1031 5659 1199 5718 'Deest
1237 5662 1321 5717 hic
1373 5659 1571 5734 θωμιῘά
1623 5682 1635 5716 :
1663 5663 1851 5731 oforte,
1886 5678 2093 5737 teneret,

525 5727 762 5796 cupidum
789 5729 858 5781 ad
888 5740 958 5795 te,
989 5739 1093 5783 etc.

2208 4610 2320 4651 nott
2343 4592 2517 4648 solum
2540 4593 2747 4661 agendo
2773 4592 2966 4662 justus,
3012 4593 3106 4649 sed
3136 4593 3300 4649 etiam
3340 4611 3437 4666 pro
3457 4595 3663 4663 iustitia
3691 4612 3809 4653 su-

2207 4685 2457 4741 stinendo
2505 4692 2728 4751 martyr,
2778 4684 2930 4752 regni
2979 4685 3229 4740 nimirum
3260 4687 3493 4743 celestis
3536 4687 3805 4759 cupidus,

2207 4786 2301 4833 aut
2328 4793 2437 4833 non
2487 4776 2637 4849 [Leg.
2689 4773 2835 4847 cum]
2881 4777 3128 4835 similiter
3182 4782 3514 4838 certantibus
3559 4796 3808 4837 corona-

2209 4878 2317 4924 1111⁵.

2277 4962 2343 5017 ιι.
2369 4962 2505 5017 Dum
2533 4975 2679 5031 ergo,
2712 4964 2849 5019 sicut
2897 4966 3155 5035 scriptum
3194 4974 3295 5031 est,
3325 4965 3428 5028 Qui
3466 4966 3588 5019 dicit
3634 4982 3691 5020 se
3736 4969 3805 5024 in

2208 5056 2412 5112 Christo
2452 5056 2676 5121 credere,
2716 5055 2864 5110 debet
2893 5070 2943 5110 et
2962 5058 3072 5127 ipse
3097 5055 3380 5125 ambulare,
3414 5059 3547 5112 sicut
3572 5067 3620 5113 et
3642 5058 3805 5114 Chri-

2204 5160 2312 5205 stus
2349 5148 2626 5204 ambulauit
2648 5147 2701 5219 (1
2728 5149 2887 5204 Joan.
2930 5166 2983 5213 ll,
3016 5149 3094 5220 6),
3144 5148 3194 5203 id
3223 5159 3324 5215 est,
3366 5160 3421 5205 et
3458 5167 3678 5223 pauper,
3734 5163 3803 5209 et

2204 5240 2460 5306 humilis,
2494 5234 2569 5295 'et
2623 5239 2903 5294 veritatem
2948 5254 3172 5309 semper
3233 5255 3355 5294 cum
3410 5241 3801 5311 persecutione

2206 5333 2485 5389 hominum
2539 5332 2881 5402 praedicans;
2948 5342 3003 5387 ct
3048 5332 3241 5387 iterum
3270 5375 3285 5397 ,
3352 5331 3453 5397 Qui
3498 5335 3672 5389 volunt
3728 5335 3798 5390 its

2209 5424 2412 5479 Christo
2433 5422 2516 5493 pie
2536 5425 2715 5490 vivere,
2743 5423 3139 5493 persecutionem
3158 5425 3421 5494 patientur
3446 5424 3499 5485 (1
3506 5425 3529 5479 Ι
3551 5425 3682 5480 Tim.
3706 5444 3795 5491 ut.

2210 5514 2329 5587 12);
2358 5524 2414 5571 et
2438 5514 2562 5587 quia
2584 5513 2745 5570 Fides
2774 5516 2884 5569 sine
2910 5514 3144 5585 aperibus
3171 5525 3373 5569 mortua
3412 5526 3487 5571 est
3514 5519 3565 5571 in
3594 5530 3793 5572 semct-

2278 5674 2304 5713 ι’
2339 5673 2586 5729 ιιαωιενε.
2619 5673 2777 5730 Forte
2801 5674 3122 5741 addendum,
3149 5634 3363 5743 possem.
