4052 6332
244 312 358 369 265

1206 307 1555 365 EPISTOLIE
1600 310 1685 365 AD
1727 303 2077 365 DIVEDSOS.
2114 339 2179 348 ——
2224 306 2430 365 EPIST.
2476 307 2536 362 ll.

3402 302 3504 362 961i

242 428 365 495 ipsa
388 420 526 494 (Jac.
569 437 628 488 ιι,
662 421 746 485 l7,
774 418 865 488 '20,
897 419 1014 490 ‘26),
1047 428 1100 476 ct
1131 421 1381 477 Dominus
1404 421 1560 477 fatuis
1578 425 1691 477 sola
1725 423 1826 478 tide
1858 424 1900 483 Λ
1929 424 2108 477 verior
2134 424 2201 479 sit
2240 423 2471 487 traditio,
2502 430 2681 478 vestra
2726 437 2792 477 an
2839 424 3059 477 fratrum
3108 432 3406 478 vestrorum
3453 426 3504 479 in

243 514 514 572 ccntentis
534 512 821 583 respondet
855 530 866 564 :
907 513 1039 578 Quia
1064 529 1167 565 non
1206 515 1319 567 novi
1360 530 1445 568 ros
1476 513 1684 583 (Matth.
1719 529 1825 576 vit,

242 608 340 679 23)
362 608 590 663 :etbene
604 606 964 673 credentibus,
976 615 1030 662 et
1046 604 1285 675 Domine,
1302 607 1523 663 Domine
1536 608 1694 681 (Ibid.
1708 648 1724 674 ,
1737 608 1827 680 21)

243 699 546 756 dicentibus
593 698 837 767 promisit
879 698 1021 767 quod
1064 714 1169 753 non
1207 700 1478 755 intrabunt
1506 700 1558 755 in
1608 692 1829 771 regnum

242 788 528 846 caelorum.
561 787 629 842 Et
656 788 781 844 dum
810 803 917 844 non
946 798 1187 860 possunt,
1210 789 1292 844 vel
1320 790 1400 845 sui
1426 805 1544 846 esse
1563 791 1827 862 discipuli,

242 880 335 935 vel
362 879 505 949 digni
552 894 633 943 se,
680 879 771 948 qui
815 894 921 933 non
967 879 1389 935 renuntiaverint
1430 880 1680 936 omnibus
1713 878 1831 950 qua:

241 971 560 1042 possident,
591 968 956 1040 unusquisque
982 984 1043 1026 se
1069 970 1406 1037 consideret;
1437 978 1493 1026 et
1520 971 1565 1026 si
1587 971 1700 1027 haec
1728 968 1833 1026 fixe

242 1060 539 1131 complevit
572 1067 668 1114 aut
711 1059 985 1123 sustinuit,
1017 1073 1085 1114 ne
1139 1058 1347 1114 alienus
1374 1058 1443 1114 sit
1480 1073 1510 1114 a
1559 1060 1832 1131 discipulis

245 1149 459 1206 Domini
503 1149 672 1203 nostri
698 1146 822 1203 Jesu
864 1146 1082 1209 Christi,
1114 1148 1240 1217 quia
1272 1162 1379 1203 non
1408 1146 1570 1203 debet
1595 1147 1833 1217 degener

240 1255 369 1299 esse
400 1239 558 1302 filius,
608 1248 663 1294 et
689 1238 981 1309 discipulus
1010 1237 1261 1307 Magistro
1291 1254 1398 1293 non
1425 1238 1587 1293 debet
1613 1247 1831 1295 contra-

240 1334 325 1389 ria
370 1333 680 1405 pr.cdicare.
731 1332 834 1396 Qui
879 1333 1018 1389 enim
1061 1348 1166 1386 non
1207 1333 1370 1387 intrat
1402 1350 1493 1404 per
1521 1334 1740 1403 januam
1776 1335 1829 1387 in

240 1424 379 1481 ovile
405 1426 593 1491 ovium,
621 1425 709 1479 ille
736 1425 823 1495 fur
859 1432 937 1478 est
962 1432 1011 1477 et
1048 1422 1182 1477 latro
1227 1420 1406 1493 (Joan.
1455 1440 1512 1488 x,
1545 1422 1618 1491 l).
1646 1421 1710 1478 Et
1740 1423 1833 1493 qui

244 1516 385 1585 fugit
430 1514 726 1584 castigandi
765 1521 820 1569 et
851 1513 1056 1569 vitiosis
1097 1512 1375 1569 resistendi
1413 1512 1669 1578 laborem,
1701 1527 1835 1568 mer-

241 1606 496 1664 cenarius
524 1613 624 1669 est,
657 1619 766 1659 non
799 1603 939 1659 filius
986 1617 1201 1675 semper
1246 1602 1299 1658 in
1329 1601 1573 1658 Ecclesia
1618 1617 1835 1659 mansu-

240 1714 365 1754 rus.
399 1697 523 1752 Haec
550 1697 751 1753 idcirco
771 1695 1007 1751 breviter
1046 1696 1219 1765 tetigi,
1248 1706 1306 1751 ut
1333 1696 1377 1750 si
1406 1695 1702 1762 volueritis,
1734 1711 1833 1752 nos

1930 512 2238 569 Occidente.
2280 513 2477 568 Omnes
2523 514 2664 569 enim
2720 514 2960 569 ecclesia!
3007 515 3169 567 totius
3204 514 3505 570 Occidentis

1930 604 1999 676 (si
2037 613 2094 659 ut
2134 606 2186 660 in
2219 588 2366 659 torno
2413 605 2778 676 responsionis
2807 621 2939 659 nica:
2975 620 3136 675 quem
3184 606 3337 661 vobis
3366 608 3507 661 nunc

1931 694 2071 759 nzisi,
2121 693 2247 750 licet
2297 702 2421 751 ante
2469 696 2754 750 triennium
2792 695 3067 765 scriptum,
3112 693 3363 765 iudicavi)
3399 710 3506 751 ncn

1930 784 2223 854 respiciunt
2248 786 2371 859 (An.
2404 786 2669 855 recipiunt
2687 784 2731 856 ?]
2763 785 2876 839 fieri
2905 786 3103 841 debere
3134 786 3506 841 Resurrectio-

1931 889 2053 930 netu
2103 882 2230 930 ante
2276 874 2623 940 Passionem,
2695 876 2746 931 id
2795 886 2903 944 est,
2958 885 3083 932 ante
3127 877 3505 948 aequinoctium

1930 963 2156 1033 Pascha,
2195 974 2250 1020 et
2274 965 2581 1036 vigesimam
2610 966 2789 1021 lunam
2817 982 2924 1022 non
2953 966 3240 1033 excedunt,
3292 981 3360 1023 ne
3387 968 3507 1023 sine

1931 1056 2248 1112 auctoritate
2295 1056 2490 1112 veteris
2545 1055 2873 1112 Testamenti
2927 1067 3321 1113 sacramentum
3377 1057 3510 1114 Noti

1932 1146 2258 1202 Testamenti
2295 1155 2475 1219 agant.
2504 1146 2610 1204 Sed
2655 1148 2766 1203 btec
2792 1149 2942 1213 alias,
2975 1148 3214 1219 alioquin
3241 1147 3366 1217 quid
3390 1149 3514 1217 qni-

1931 1239 2055 1295 dem
2096 1239 2172 1294 illi
2200 1240 2439 1295 sentiunt
2485 1239 2553 1295 de
2581 1238 2787 1297 Pascha
2833 1239 2944 1295 sive
2973 1256 3121 1310 papae
3159 1255 3255 1311 per
3284 1248 3393 1296 tres
3422 1249 3508 1295 to-

1932 1346 2051 1387 mos
2091 1331 2317 1395 innotui,
2358 1340 2413 1387 et
2457 1330 2633 1386 adhuc
2678 1339 2866 1388 sancto
2904 1330 3055 1386 fratri
3098 1339 3279 1388 vestro
3324 1330 3508 1400 Arigio

1932 1423 2083 1479 brevi
2109 1423 2290 1479 libello
2312 1423 2415 1479 hoc
2441 1423 2580 1479 idem
2608 1423 2843 1479 scribere
2871 1423 3205 1493 puesumpsi.

2002 1514 2089 1569 IV.
2138 1513 2312 1570 Unum
2358 1515 2539 1585 itaque
2565 1515 2802 1586 deposco
2826 1530 2857 1569 a
2887 1525 3069 1571 vestra
3109 1516 3414 1582 sanctitate,
3456 1525 3515 1571 ut

1933 1621 2054 1663 cum
2083 1622 2215 1677 pace
2253 1616 2310 1662 ct
2351 1608 2613 1663 charitate
2666 1623 2840 1663 meam
2870 1608 3222 1678 comportetis
3250 1610 3511 1679 insipieno

1936 1699 2087 1767 tiam,
2115 1714 2183 1754 ac
2203 1700 2508 1770 superbam,
2542 1707 2601 1754 ut
2625 1700 2776 1755 aiunt
2802 1699 3041 1770 quidam,
3069 1700 3337 1755 scribendi
3381 1715 3515 1770 pne-

247 1787 409 1858 quasi
447 1786 747 1852 inferiores,
773 1800 867 1841 vos
896 1794 1077 1857 patres
1102 1784 1321 1850 docere,
1344 1785 1482 1841 hanc
1507 1800 1694 1841 vocem
1718 1785 1831 1842 veri
1866 1790 1907 1849 Β
1935 1788 2315 1858 sumptionem,
2345 1803 2504 1857 quam
2550 1789 2841 1845 necessitas
2868 1788 3113 1855 extorsit,
3144 1804 3249 1844 non
3281 1790 3512 1856 vanitas,

240 1882 485 1939 Pastoris
509 1891 566 1936 et
609 1881 662 1936 in
706 1894 871 1951 opere
900 1888 955 1935 et
989 1880 1041 1934 in
1083 1893 1179 1936 ore
1227 1878 1469 1936 habeatis
1489 1918 1503 1945 ,
1534 1893 1695 1948 quam
1728 1894 1837 1936 suae

241 1982 548 2044 agnoscunt
579 1988 709 2030 oves
734 1991 746 2027 :
780 1971 902 2027 Non
931 1974 1068 2028 enim
1094 1973 1311 2027 audiunt
1338 1990 1508 2027 uocem
1531 1973 1836 2039 alienorum,

249 2064 348 2118 sed
390 2065 591 2135 fugiunt
619 2062 683 2117 ab
727 2080 786 2117 eo
816 2062 1003 2133 (Ibid.,
1034 2062 1113 2134 5),
1134 2062 1286 2132 cujus
1314 2078 1501 2119 vocem
1533 2080 1639 2119 non
1668 2080 1837 2135 agno-

240 2161 428 2217 scunt,
459 2167 577 2224 quae
609 2153 711 2208 nisi
742 2153 965 2208 actualis
992 2152 1081 2218 sit,
1107 2153 1226 2208 voci
1256 2153 1369 2208 veri
1409 2168 1516 2207 non
1546 2153 1839 2209 concordat

243 2249 501 2317 pastoris.
531 2246 640 2303 Nec
665 2246 861 2317 poterit
890 2261 1069 2303 sermo
1090 2243 1384 2302 efﬁcaciter
1407 2256 1695 2317 penetrare
1717 2247 1837 2302 ani-

245 2354 369 2395 mos
394 2339 860 2409 disciplinatorum
890 2337 958 2394 ab
985 2353 1080 2394 ore
1104 2336 1343 2408 prolatus
1369 2337 1709 2400 mercenarii,
1735 2338 1839 2394 hoc

244 2429 463 2500 signum
492 2428 717 2495 habens,
740 2427 882 2496 quod
912 2427 1025 2498 ipse
1055 2426 1258 2498 primus
1286 2443 1393 2482 non
1422 2426 1573 2483 audit
1600 2427 1743 2497 quod
1772 2427 1839 2483 ab

242 2535 317 2575 eo
355 2535 462 2574 non
512 2518 747 2574 auditur.
780 2517 846 2572 Et
874 2517 1017 2588 quod
1062 2518 1210 2588 prior
1256 2517 1465 2573 actibus
1515 2520 1841 2588 contempsit

247 2607 507 2679 Magister
534 2608 677 2664 nudo
704 2625 811 2665 non
866 2618 1043 2680 potest
1084 2609 1292 2666 tradere
1323 2612 1486 2667 verbo
1515 2610 1583 2666 ad
1622 2626 1839 2668 conser-

255 2700 419 2757 vandi
451 2700 775 2771 exemplum.

318 2792 405 2848 lll.
436 2792 605 2850 Simul
629 2807 760 2864 ergo
790 2808 996 2861 omnes,
1030 2795 1143 2849 sive
1171 2792 1393 2862 clerici,
1423 2794 1538 2849 sive
1563 2793 1837 2859 monachi,

246 2886 387 2943 istos
423 2885 652 2956 primum
699 2900 937 2941 canones
976 2900 1133 2941 veros
1178 2900 1242 2941 ac
1295 2885 1594 2955 singulares
1628 2882 1839 2942 Domini

246 2978 425 3037 nostri
444 2976 573 3034 Jesu
611 2978 809 3035 Christi
848 2978 1094 3034 similiter
1122 2978 1509 3048 compleamus,
1556 2987 1613 3035 et
1635 2979 1713 3035 sic
1740 2993 1836 3049 po-

248 3078 371 3126 stea
420 3078 633 3125 tumore
678 3069 945 3140 superbiae
993 3069 1262 3141 deposito,
1315 3085 1478 3125 unum
1529 3070 1583 3123 in
1622 3068 1842 3139 reliquis

1943 1886 2001 1933 ut
2021 1879 2134 1947 ipsa
2167 1878 2355 1945 prohat
2396 1879 2575 1935 vilitas
2622 1878 2747 1948 (An.
2777 1878 2979 1934 utilitas
2994 1876 3038 1949 ?]
3065 1896 3079 1944 ;
3111 1887 3168 1934 et
3208 1879 3332 1948 quia
3362 1879 3520 1950 hujus

1936 1967 2263 2024 diversitatis
2292 1976 2480 2023 auctor
2499 1982 2605 2022 non
2629 1968 2753 2033 sim,
2779 1983 2843 2025 ac
2869 1982 2969 2038 pro
2993 1966 3207 2024 Christo
3236 1968 3519 2025 Salvatore

1937 2060 2207 2117 Communi
2249 2058 2475 2116 Domino
2522 2074 2585 2115 ac
2630 2060 2739 2116 Deo
2769 2061 2821 2116 in
2870 2064 2966 2117 has
3002 2070 3173 2118 terras
3203 2063 3518 2134 peregrinus

1939 2150 2319 2221 praeesserim,
2341 2150 2557 2215 deprec'
2574 2167 2605 2205 r
2625 2165 2718 2205 vos
2740 2166 2836 2220 per
2854 2166 3192 2208 communem
3208 2154 3510 2218 Dominum,

1938 2249 1995 2296 et
2022 2257 2119 2311 per
2171 2257 2293 2297 eum
2347 2242 2432 2313 qui
2478 2241 2807 2312 judicaturns
2854 2252 2932 2297 est
3001 2244 3136 2298 rivos
3183 2261 3245 2298 ac
3289 2252 3516 2299 mortuos

1940 2332 2029 2405 (II
2060 2332 2193 2388 Tim.
2227 2350 2299 2403 iv,
2334 2334 2387 2398 i)
2411 2333 2625 2403 adjuro,
2652 2334 2696 2389 si
2725 2335 3038 2391 mereamini
3072 2336 3139 2392 ab
3168 2351 3234 2392 eo
3273 2339 3514 2405 agnosci.

1940 2427 2030 2497 qui
2077 2426 2258 2481 multis
2305 2426 2444 2482 dicet
2478 2444 2490 2480 :
2524 2428 2682 2482 Amen
2713 2427 2828 2482 dico
2876 2428 3044 2493 vobis,
3092 2431 3212 2499 quia
3260 2445 3519 2500 nunquam

1941 2517 2058 2571 novi
2087 2534 2173 2573 vos
2203 2516 2417 2587 (Matth.
2450 2533 2540 2577 vn.
2572 2518 2687 2587 95),
2715 2526 2774 2572 ut
2821 2518 2949 2573 mihi
3005 2519 3162 2575 liceat
3197 2536 3317 2576 cum
3347 2530 3525 2577 vestra

1940 2623 2075 2678 pace
2097 2616 2153 2663 ct
2178 2609 2440 2663 cliaritate
2480 2609 2531 2663 in
2575 2608 2655 2663 his
2682 2609 2830 2663 silvis
2865 2610 3026 2665 silere
3071 2619 3126 2666 et
3167 2612 3346 2667 vivere
3367 2613 3522 2683 juxta

1942 2713 2065 2753 ossa
2105 2708 2413 2754 nostrorum
2456 2697 2678 2755 fratrum
2716 2698 2901 2754 decem
2929 2709 2984 2755 et
3002 2708 3207 2770 septem
3238 2702 3398 2758 delun
3438 2711 3517 2759 to-

1940 2808 2081 2858 rum,
2115 2793 2255 2848 sicut
2282 2807 2453 2862 usque
2493 2807 2637 2848 nunc
2664 2792 2812 2850 licuit
2842 2795 2996 2850 nobis
3036 2795 3177 2850 inter
3203 2812 3299 2852 vos
3332 2797 3527 2853 vixisse

1941 2884 2051 2939 duo
2070 2884 2225 2939 lecim
2248 2886 2429 2951 anuis,
2457 2894 2516 2939 ut
2536 2901 2632 2957 pro
2655 2887 2837 2951 vobis,
2867 2887 3004 2942 sicut
3031 2902 3201 2957 usque
3226 2904 3367 2943 nunc
3398 2888 3525 2944 feci-

1944 2993 2083 3041 mus,
2115 2991 2357 3037 oremus,
2383 2986 2443 3031 ut
2491 2977 2767 3033 debemus.
2799 2977 2991 3049 Capiat
3038 2994 3141 3034 nos
3174 2979 3354 3048 simul,
3402 2996 3524 3045 oro,

1944 3065 2136 3135 Gallia,
2166 3083 2301 3138 quos
2339 3070 2517 3139 capiet
2544 3083 2765 3139 regnum
2794 3070 3086 3137 caelorum,
3130 3074 3175 3127 si
3204 3072 3332 3128 boni
3358 3074 3524 3128 simus

245 3161 513 3217 scribere.
566 3159 625 3216 Si
675 3175 864 3216 omnes
893 3160 1123 3216 humiles
1150 3161 1321 3215 simus
1358 3168 1414 3214 et
1449 3173 1715 3229 pauperes
1742 3174 1840 3230 pro
1865 3176 1913 3239 ο
1947 3159 2145 3213 meriti.
2170 3157 2346 3213 Unum
2377 3161 2520 3215 enim
2551 3173 2772 3229 regnum
2803 3160 3061 3217 habemus
3105 3162 3445 3231 promissum,
3472 3170 3526 3217 et

247 3252 469 3308 Christo
520 3251 833 3316 voluntarii,
882 3251 966 3321 qui
1007 3268 1101 3321 pro
1139 3250 1286 3306 nobis
1324 3266 1519 3322 pauper
1544 3252 1713 3318 [actus
1741 3258 1839 3315 est,

245 3358 366 3395 cum
393 3340 534 3396 dives
563 3352 698 3395 esset
725 3340 810 3413 (Il
842 3340 962 3397 Cor.
1003 3358 1093 3397 vni
1116 3379 1132 3408 ,
1162 3338 1247 3411 9);
1279 3349 1466 3412 postea
1497 3356 1596 3412 per
1623 3341 1839 3397 humili-

248 3443 419 3490 tatem
444 3434 512 3490 de
535 3441 680 3489 terra
707 3434 985 3505 vitiorum,
1012 3449 1076 3491 ac
1096 3449 1192 3506 per
1220 3434 1575 3511 voluntariam
1605 3449 1839 3505 evange-

249 3527 371 3582 lica:
400 3526 781 3591 admonitionis
809 3534 1179 3597 paupertatem
1207 3525 1435 3582 diversis
1458 3526 1841 3598 cupiditatibus

249 3620 538 3691 depositis,
569 3620 820 3690 curisque
847 3618 1163 3676 mortalibus
1201 3617 1453 3684 detrusis,
1475 3618 1625 3674 velut
1652 3633 1842 3689 ampu-

246 3710 380 3765 tatis
406 3710 733 3766 diversitatis
769 3725 833 3765 ac
859 3710 1142 3770 discordiae
1170 3710 1366 3774 causis,
1393 3724 1584 3767 omnes
1621 3710 1714 3765 lilii
1745 3711 1840 3768 Dei

247 3818 436 3858 veram
493 3817 680 3873 pacem
720 3810 777 3858 et
833 3802 1094 3871 integram
1134 3802 1452 3858 charitatem
1496 3816 1594 3873 per
1630 3818 1838 3858 morum

246 3891 661 3948 similitudinem
682 3934 698 3960 ,
719 3899 773 3947 et
802 3892 963 3947 unius
992 3890 1282 3947 voluntatis
1308 3891 1672 3961 aequalitatem
1700 3891 1841 3948 inter

245 3998 309 4037 se
325 3982 558 4037 invicem
577 3982 868 4038 habebunt.
886 3981 1110 4038 Multum
1131 3996 1364 4051 namque
1379 3982 1562 4037 nocuit
1575 3991 1841 4055 nocetque

243 4072 628 4129 ecclesiasticae
674 4072 793 4144 paci
822 4088 1032 4129 morum
1058 4072 1361 4140 diversitas,
1392 4080 1448 4128 et
1469 4072 1703 4128 varietas
1727 4080 1838 4128 tra-

243 4167 514 4224 ditionum
536 4186 551 4233 ;
575 4167 671 4224 sed
706 4176 887 4224 tamen
917 4168 985 4236 si,
1012 4175 1074 4223 ut
1100 4165 1231 4233 dixi,
1253 4180 1463 4223 venena
1489 4167 1757 4237 superbiae
1784 4177 1840 4223 et

246 4257 485 4325 invidiae,
516 4272 669 4312 vana:
710 4257 1001 4328 glorimque
1050 4272 1149 4329 per
1177 4256 1474 4313 Salvatoris
1501 4258 1668 4313 nostri
1695 4273 1838 4328 prae-

242 4358 467 4418 ceptum
515 4347 582 4404 ad
627 4348 933 4420 exemplum
981 4348 1208 4405 dicentis
1241 4347 1473 4404 :Discite
1515 4365 1548 4402 a
1591 4365 1672 4403 me
1716 4350 1839 4421 quia

246 4442 390 4496 mitis
420 4458 532 4497 sum
557 4449 606 4496 et
630 4443 836 4496 Immitis
865 4442 1019 4497 corde
1047 4440 1264 4513 (Matth.
1285 4457 1358 4507 xt,
1390 4438 1505 4509 29),
1528 4450 1583 4495 et
1607 4440 1835 4511 reliqua,

1945 3266 2109 3308 unam
2139 3265 2290 3323 spem
2331 3252 2629 3307 vocationis
2676 3253 2727 3307 in
2756 3252 2994 3317 Christo,
3042 3266 3162 3308 cum
3184 3268 3293 3323 quo
3331 3269 3522 3309 conre-

1942 3345 2224 3415 gnabimus
2254 3344 2337 3416 (Il
2381 3344 2515 3400 Tim.
2564 3360 2625 3411 η,
2677 3344 2898 3413 “,12),
2949 3345 2993 3400 si
3035 3353 3212 3401 tamen
3263 3346 3410 3416 prius
3440 3346 3523 3403 hic

1942 3454 2066 3495 cum
2093 3453 2160 3494 eo
2183 3437 2469 3509 patiamur,
2500 3444 2561 3491 ut
2595 3445 2652 3492 et
2693 3436 2851 3492 simul
2891 3451 3013 3492 cum
3052 3451 3120 3493 eo
3144 3434 3521 3504 glorificemur.

1942 3529 2052 3600 Ego
2093 3530 2208 3587 scio
2249 3529 2394 3600 quod
2437 3528 2617 3584 multis
2644 3527 2913 3599 superﬂua
2941 3528 3213 3584 videbitur
3254 3528 3367 3584 lucc
3404 3544 3523 3585 mea

1941 3622 2276 3693 loquacitas;
2322 3620 2650 3679 sed,melius
2692 3619 2950 3690 judicavi,
2978 3628 3039 3675 ut
3072 3628 3129 3674 et
3172 3634 3268 3677 vos
3315 3620 3525 3676 sciretis

1940 3729 2060 3785 qua:
2108 3730 2207 3771 nos
2260 3723 2315 3768 et
2353 3713 2441 3769 hic
2477 3720 2772 3769 tractamus
2801 3721 2857 3768 et
2893 3712 3192 3783 cogitamus
3220 3713 3360 3767 inter
3400 3727 3516 3767 nos.

1943 3805 2007 3861 lli
2031 3814 2156 3861 sunt
2181 3806 2323 3861 enim
2352 3806 2523 3860 nostri
2557 3818 2815 3867 canones.
2843 3803 3112 3859 dominica
3141 3811 3196 3857 et
3224 3802 3521 3872 apostolica

1941 3896 2189 3953 mandata
2224 3906 2288 3951 εκ
2317 3896 2369 3951 in
2402 3895 2532 3951 fides
2578 3903 2760 3951 nostra
2790 3903 2911 3950 est:
2942 3895 3056 3951 haec
3094 3908 3261 3958 arma,
3310 3901 3520 3950 scutum

1940 3996 1992 4043 et
2038 3987 2308 4057 gladium:
2345 3987 2457 4041 hate
2503 3986 2789 4056 apologia:
2824 3985 2940 4040 haec
2990 3999 3089 4040 nos
3134 3994 3418 4041 moverunt
3458 3984 3527 4041 de
3590 4000 3603 4007 "

1939 4079 2114 4150 patria
2141 4096 2154 4131 :
2184 4078 2298 4134 haec
2317 4084 2373 4133 et
2400 4077 2488 4132 hic
2510 4090 2729 4132 servare
2747 4074 3141 4138 contendimus,
3162 4074 3288 4131 licet
3316 4073 3523 4145 tepide;

1939 4173 1992 4225 in
2022 4172 2105 4226 bis
2134 4184 2304 4240 usque
2342 4169 2409 4224 ad
2458 4176 2687 4225 mortem
2728 4182 3075 4238 perseverare
3115 4177 3170 4222 et
3197 4182 3435 4232 oramus,
3469 4175 3527 4222 et

1938 4274 2207 4337 optamus,
2222 4264 2361 4321 sicut
2381 4271 2436 4320 et
2454 4263 2695 4319 seniores
2708 4271 2920 4318 nostros
2934 4261 3108 4317 facere
3118 4260 3520 4330 conspeximus.

2008 4357 2076 4411 V.
2106 4356 2213 4414 Vos
2236 4371 2387 4423 vero,
2415 4354 2603 4411 Patres
2629 4354 2822 4423 sancti,
2852 4353 3029 4409 videte
3064 4352 3190 4422 quid
3221 4351 3429 4407 faciatis
3457 4353 3523 4405 aii

1939 4448 2074 4503 istos
2113 4456 2397 4502 veteranos
2444 4459 2708 4517 pauperes
2758 4452 2816 4500 et
2860 4443 3175 4515 peregrinos
3221 4455 3422 4497 senes:
3466 4450 3526 4496 ut

245 4530 570 4586 humilitatis
590 4532 1016 4587 verzeexercitiis
1037 4546 1228 4587 curare
1248 4531 1477 4601 primum
1500 4529 1832 4601 festinemus,
1866 4552 2040 4617 cho
2101 4538 2368 4602 arbitror,
2414 4537 2608 4591 melius
2658 4535 2814 4590 vobis
2870 4533 2973 4589 erit
3030 4533 3151 4587 illos
3213 4531 3526 4587 conlortare

243 4623 366 4677 sine
388 4623 500 4677 ullo
524 4623 780 4693 deinceps
800 4623 1079 4691 seandalo,
1103 4638 1293 4679 omnes
1311 4622 1555 4693 perfecti,
1587 4624 1712 4680 odio
1739 4624 1836 4681 de-

243 4714 343 4769 leti
374 4713 560 4789 [Forte
579 4711 963 4789 deletojfsicut
990 4716 1236 4787 discipuli
1268 4716 1480 4772 Domini
1510 4716 1678 4771 ηοριτὶ
1705 4714 1835 4771 Jesu

248 4805 476 4872 Christi,
525 4824 626 4865 nos
655 4808 886 4865 invicem
913 4825 981 4865 ex
1020 4818 1136 4866 toto
1171 4809 1336 4866 corde
1363 4809 1666 4878 diligemus.
1719 4808 1833 4865 Etsi

246 4896 433 4966 aliqua
460 4898 528 4952 sit
549 4898 896 4954 traditionum
918 4899 1374 4966 diversitagsirut
1395 4910 1448 4954 et
1464 4898 1530 4954 de
1550 4898 1828 4963 Paschatc,

192 5000 195 5001 '
241 4989 379 5044 dum
425 5005 531 5045 non
572 5002 794 5060 possunt
836 4993 1064 5047 humiles
1103 4992 1448 5056 contendere,
1491 5009 1650 5061 neque
1679 4992 1829 5046 talem

237 5082 669 5137 consuetudinem
698 5082 850 5137 liabet
892 5081 1125 5138 Ecclesia
1159 5082 1214 5153 (1
1242 5082 1361 5137 Cor.
1406 5099 1457 5138 xt
1481 5126 1496 5149 ,
1536 5083 1666 5152 lli);
1704 5082 1827 5136 dum

240 5171 361 5227 cito
390 5173 602 5229 veriora
647 5182 975 5243 cognoscent
1021 5174 1111 5243 qui
1164 5173 1354 5229 eodem
1401 5172 1701 5246 proposito,
1741 5186 1834 5227 en-

238 5265 482 5333 dcmque
538 5265 807 5321 desiderio
861 5265 1103 5321 veritatis
1149 5266 1533 5335 agnoscendte,
1586 5264 1832 5320 similiter

239 5363 499 5426 quaerunt
535 5356 679 5426 quod
716 5356 917 5412 rectius
942 5364 1254 5426 sequantur,
1277 5355 1496 5426 quando
1523 5370 1683 5412 nemo
1709 5354 1830 5409 vin-

242 5448 393 5503 citur
423 5449 524 5518 nisi
564 5465 736 5519 error,
777 5459 832 5505 et
857 5452 1072 5521 quando
1099 5452 1278 5507 nullus
1306 5453 1358 5507 in
1406 5466 1485 5519 se,
1515 5451 1613 5507 sed
1643 5453 1696 5507 in
1726 5451 1831 5507 Do—

242 5542 400 5598 mino
428 5542 717 5611 gloriatur;
748 5559 1045 5611 qumramus
1080 5547 1262 5615 itaque
1289 5545 1470 5613 simul,
1494 5559 1676 5615 quazso
1715 5561 1828 5612 vos,

242 5653 284 5692 ο
319 5638 667 5693 amantissimi
699 5647 878 5710 patres
914 5655 978 5696 ac
1026 5640 1237 5711 fratres,
1268 5650 1323 5697 et
1357 5640 1635 5697 videamus
1660 5641 1835 5711 qualis

1938 4645 2097 4699 quam
2125 4630 2466 4683 conturbare.
2494 4626 2603 4695 Ego
2646 4636 2826 4680 autem
2876 4626 2944 4680 ad
2989 4638 3085 4679 vos
3115 4624 3194 4678 ire
3222 4638 3328 4679 non
3360 4639 3525 4680 ausus

1935 4737 2080 4790 sum,
2109 4735 2178 4775 ne
2218 4719 2356 4777 forte
2381 4716 2765 4773 contenderem
2792 4731 3031 4787 pnesens
3059 4724 3247 4771 contra
3278 4716 3522 4787 Apostoli

1934 4812 2133 4869 dictum
2164 4810 2393 4865 dicentis
2424 4827 2438 4863 :
2473 4807 2599 4864 Noli
2631 4809 2794 4864 verbis
2837 4809 3147 4864 contendere
3175 4808 3362 4881 (Ibid.,
3390 4808 3519 4875 id);

1934 4923 1982 4965 et
2010 4911 2202 4965 iterum
2227 4926 2239 4961 :
2275 4907 2334 4962 Si
2362 4907 2473 4979 quis
2501 4908 2849 4962 contentionis
2878 4915 2973 4970 est,
3002 4922 3096 4960 nos
3121 4906 3278 4961 talem
3307 4922 3521 4960 consue-

1938 5003 2162 5058 tudinem
2192 5015 2295 5054 non
2325 4996 2585 5062 habemus,
2612 5013 2773 5068 neque
2802 4995 3039 5052 Ecclesia
3071 4996 3168 5049 Dei
3200 4994 3251 5065 (I
3278 4995 3394 5050 Cor.
3425 5010 3472 5047 x-
3504 5035 3520 5058 ,

1938 5090 2048 5161 16).
2078 5090 2185 5146 Sed
2228 5087 2489 5143 confiteor
2531 5087 2871 5143 conscientia:
2915 5099 3045 5140 meae
3083 5095 3312 5145 secreta,
3371 5081 3516 5151 quod

1936 5182 2057 5254 plus
2089 5181 2252 5238 credo
2298 5180 2567 5237 traditioni
2618 5178 2803 5249 patria:
2849 5193 2981 5233 mem
3004 5176 3157 5245 juxta
3202 5175 3416 5237 Do.....,
3461 5182 3516 5227 et

1937 5273 2200 5330 calculum
2228 5288 2424 5328 Lxxxtv
2453 5287 2716 5328 annorum
2745 5279 2802 5326 et
2832 5270 3158 5335 Anatolium,
3189 5268 3256 5322 ab
3284 5265 3513 5320 Eusebio

1937 5362 2328 5420 Ecclesiasticte
2358 5362 2605 5418 Historiae
2650 5367 2871 5417 auctore
2909 5359 3186 5430 episcOpo,
3216 5363 3272 5408 et
3327 5363 3517 5409 sancto

1936 5454 2178 5524 Catalogi
2211 5454 2475 5523 scriptore
2501 5452 2828 5523 llieronymo
2867 5450 3162 5510 laudatum,
3187 5444 3391 5500 Pascha
3418 5459 3514 5501 cc-

1938 5547 2168 5611 lebrare,
2199 5560 2359 5614 quam
2382 5545 2534 5614 juxta
2560 5544 2854 5599 Victoriam
2891 5555 3061 5611 nuper
3084 5539 3247 5596 dubie
3277 5538 3518 5596 scriben-

1940 5647 2070 5707 tem,
2099 5644 2155 5691 et
2200 5635 2287 5692 ubi
2333 5649 2556 5693 necesse
2583 5642 2719 5702 erat,
2750 5632 2878 5687 nihil
2907 5630 3275 5701 deiinientem,
3304 5638 3363 5685 ut
3404 5630 3519 5701 ipse

324 5777 347 5803 ο
387 5765 447 5822 In
482 5769 604 5839 ﬁde.
636 5768 753 5824 Vox
788 5771 842 5825 in
891 5772 1214 5841 importuna.
1264 5770 1574 5843 chendum
1612 5770 1844 5828 arbitror
1882 5770 1989 5825 lucc
2019 5769 2370 5841 utscquentia
2394 5768 2608 5824 docent.

540 5885 806 5946 Parant.
858 5885 963 5946 LX
980 5888 1026 5947 Χ
1040 5887 1091 5946 Χ
1106 5931 1119 5947 .

3043 5880 3082 5942 9
