4052 6332
526 265 628 326 267

1771 258 1828 312 S.
1868 254 2257 317 COLUMBANI
2298 258 2586 317 ABBATIS

3692 272 3789 330 θῦε

528 386 583 441 in
641 397 742 446 suo
809 387 1034 437 testatus
1086 386 1170 436 est
1220 377 1490 450 prologo:
1536 373 1629 444 qui
1690 379 1814 444 post
1872 380 2117 444 tempora
2150 377 2197 435 Α
2223 372 2472 429 detrahat
2499 373 2700 432 silentii
2743 373 2934 445 bonis;
2964 376 3067 434 nisi
3096 380 3241 436 enim
3290 389 3789 453 tepescant,secr¢u

529 471 595 531 D.
625 470 859 537 Martini,
892 477 948 526 et
986 468 1052 527 ι).
1102 466 1434 539 Hieronymi,
1466 471 1523 521 et
1547 476 1698 535 papte
1728 462 1962 530 Damasi,
1991 471 2115 534 post

529 575 749 627 centum
776 577 832 623 et
873 572 984 623 tres
1019 578 1187 619 annos
1227 561 1325 617 sub
1354 558 1535 615 Hilaro
1568 558 1802 629 scripsit.
1832 556 1943 615 Vos
1982 572 2113 615 vero

536 660 716 735 eligite
730 658 830 731 ipsi
852 672 1012 730 quem
1031 654 1183 726 sequi
1204 652 1452 720 malletis.
1476 660 1532 707 et
1551 652 1635 707 cui
1657 650 1855 708 melius
1881 650 2114 707 credatis

526 754 679 823 juxta
710 749 840 807 illud
861 747 1101 822 Apostoli
1131 763 1144 799 :
1174 746 1363 800 Omnia
1384 742 1627 816 probate;
1659 743 1797 817 quod
1824 742 2012 799 bonum
2040 752 2115 797 est

450 864 467 869 ί
533 852 695 900 tenete
713 842 766 915 (I
790 842 969 897 Thess.
990 855 1041 907 v,
1064 837 1176 910 2|).
1203 838 1354 893 Absit
1374 846 1431 892 ut
1450 851 1550 908 ego
1572 844 1759 893 contra
1779 851 1879 893 vos
1897 844 2116 892 conten-

529 938 653 993 dam
689 931 1163 1005 congrediendum,
1191 939 1248 985 ut
1281 930 1553 1000 gaudeant
1591 928 1792 985 inimici
1832 927 2003 984 nostri
2045 925 2114 982 de

529 1038 711 1085 nostra
736 1026 1161 1084 Christianorum
1187 1022 1550 1088 contentione,
1575 1019 1743 1075 Judxi
1765 1018 2000 1085 scilicet,
2024 1024 2115 1073 aut

531 1119 787 1185 hatretici,
815 1120 929 1174 sive
947 1117 1141 1190 pagani
1164 1115 1412 1186 gentiles.
1436 1113 1588 1170 Absit
1607 1126 1760 1179 sane,
1784 1109 1958 1177 absit;
1981 1109 2117 1165 alio-

526 1210 655 1282 quin
683 1210 841 1265 aliter
896 1208 1045 1283 [Leg.
1080 1205 1241 1278 inter]
1272 1222 1369 1262 nos
1395 1211 1572 1277 potest
1594 1203 1912 1271 convenire,
1945 1208 2116 1256 utaut

529 1304 872 1377 unusquisque
916 1302 972 1357 in
1017 1316 1117 1373 qua
1184 1307 1393 1354 vocatus
1462 1305 1558 1364 est,
1615 1297 1671 1351 itt
1726 1311 1786 1350 eo
1813 1301 2115 1364 permaneat

529 1396 581 1468 (1
628 1396 749 1456 Cor.
797 1411 890 1461 vn,
920 1393 1013 1464 20)
1051 1392 1194 1464 apud
1236 1390 1542 1455 Dominum,
1590 1388 1636 1443 si
1693 1395 1919 1458 utraque
1970 1386 2113 1441 bona

526 1499 609 1546 est
649 1489 868 1548 traditio
903 1506 916 1543 :
946 1494 1039 1542 aut
1089 1501 1211 1543 eum
1240 1498 1373 1556 pace
1407 1492 1465 1540 et
1507 1481 1807 1537 humilitate
1846 1480 1963 1535 sine
1988 1478 2114 1549 _ulla

528 1582 879 1639 contentione
917 1579 1039 1635 libri
1066 1578 1314 1649 legantur
1342 1576 1587 1646 utrique;
1615 1582 1670 1630 et
1707 1588 1827 1644 qua:
1855 1573 1975 1645 plus
2010 1571 2115 1627 Ve-

528 1673 629 1729 teri
662 1680 717 1727 tt
740 1670 892 1728 Novo
922 1668 1269 1726 Testamento
1296 1667 1661 1733 concordant,
1689 1665 1808 1721 sine
1838 1665 1999 1721 ullius
2025 1664 2110 1719 in-

2221 464 2412 521 melius
2441 466 2631 522 vivunt
2666 481 2827 538 quam
2871 468 3092 541 publici,
3118 480 3346 543 excepta
3385 477 3678 537 austeriore
3703 480 3792 538 ad-

2222 557 2327 615 huc
2364 558 2496 626 vita,
2528 567 2556 597 ι
2583 575 2704 631 qua:
2729 560 2991 632 majorem
3017 563 3145 621 licet
3184 566 3507 624 mercedem.
3533 568 3629 627 Ubi
3656 576 3791 631 enim

2219 647 2404 705 durior
2432 663 2631 720 pugna,
2680 651 2754 708 ibi
2802 652 3092 723 gloriosior
3133 655 3404 713 invenitur
3430 674 3650 718 corona.
3695 663 3791 736 Ipsi

2217 752 2346 808 ergo
2405 756 2514 796 non
2553 740 2784 797 credunt
2830 742 2988 800 bonis
3034 746 3257 805 secretis
3311 746 3411 818 (ut
3462 759 3676 809 sanctus
3725 754 3793 809 ait

2215 829 2530 905 Gregorius)
2556 834 2648 904 qui
2682 834 2895 905 publica
2937 836 3077 893 mala
3106 853 3214 894 non
3248 839 3509 898 devitant.
3535 843 3659 901 Inde
3681 861 3795 903 san.

2217 934 2335 982 ctus
2362 924 2727 1000 Hieronymus
2754 928 2869 985 haec
2896 929 3076 987 sciens
3112 930 3274 1002 jussit
3300 933 3582 1005 episcopos
3607 937 3793 994 imitari

2217 1018 2526 1090 apostolos,
2556 1022 2854 1077 monachos
2879 1035 3011 1081 vero
3057 1021 3241 1079 docuit
3287 1026 3440 1095 sequi
3471 1024 3657 1085 Patres
3682 1045 3797 1101 per-

2216 1110 2406 1168 fectos.
2439 1113 2554 1168 Alia
2584 1115 2727 1169 enim
2755 1122 2964 1172 suntet
3006 1114 3111 1170 alia
3152 1115 3473 1173 clericorum
3515 1128 3571 1173 et
3616 1135 3795 1177 mona-

2218 1204 2441 1260 chorum
2471 1205 2820 1272 documenta,
2849 1214 2906 1262 et
2949 1205 3111 1277 longe
3156 1205 3225 1262 ab
3266 1206 3497 1264 invicem
3534 1221 3790 1281 separata.

2222 1293 2601 1367 Unusquisque
2626 1297 2769 1367 quod
2808 1295 3054 1367 arripuit,
3089 1304 3292 1366 servet,
3320 1299 3414 1354 sed
3443 1299 3536 1354 tati
3562 1300 3794 1370 Evange-

2219 1386 2345 1447 liutn
2384 1395 2439 1442 et
2467 1388 2702 1458 utrique,
2754 1401 2820 1443 ac
2845 1388 2890 1443 si
2937 1387 3098 1444 unius
3139 1388 3382 1461 corporis
3422 1392 3661 1448 membra
3700 1409 3794 1448 una

2217 1482 2568 1536 consonantia
2596 1480 2870 1537 Christum
2901 1481 3141 1539 omnium
3181 1492 3345 1557 caput
3382 1496 3679 1557 sequantur
3713 1503 3803 1559 per

2219 1588 2315 1629 sua
2362 1575 2580 1645 propria
2624 1575 2897 1643 mandata,
2941 1590 3062 1647 qua:
3096 1584 3224 1633 sunt
3268 1577 3336 1633 ab
3375 1593 3442 1634 eo
3488 1589 3702 1637 ostensa
3750 1580 3798 1635 in

2220 1679 2351 1735 pace
2371 1673 2426 1720 et
2451 1664 2717 1722 chaiitate
2745 1666 2983 1736 perfecta
3012 1682 3153 1725 esse.
3187 1667 3317 1737 Quae
3339 1670 3448 1726 duo
3477 1670 3662 1743 perlici
3691 1686 3798 1743 per-

530 1762 671 1818 vidia
700 1770 1000 1817 serventur.
1035 1759 1167 1815 Nam
1201 1759 1247 1815 si
1269 1774 1337 1813 ex
1385 1758 1495 1814 Deo
1523 1769 1628 1825 est,
1658 1767 1718 1812 ut
1760 1771 1849 1811 me
1878 1755 2004 1811 hinc
2046 1755 2115 1810 dc
2152 1765 2186 1821 it
2219 1759 2358 1814 fecte
2387 1774 2495 1815 non
2517 1768 2745 1832 possunt
2788 1760 2889 1817 nisi
2918 1776 2949 1816 a
2977 1761 3121 1818 veris
3166 1762 3475 1833 humilibus,
3501 1772 3556 1821 et
3583 1765 3652 1821 ab
3678 1781 3797 1821 una-

530 1856 650 1910 loco
678 1852 877 1909 deserti
903 1867 1062 1924 quem
1110 1866 1211 1922 pro
1249 1849 1477 1906 Domino
1502 1863 1624 1904 meo
1645 1846 1773 1904 Jesu
1802 1846 2021 1903 Christo
2049 1846 2116 1902 de

531 1953 832 1999 transmare
881 1941 1138 2013 expetivi,
1201 1940 1546 2012 propellatis,
1598 1954 1779 1995 meum
1837 1937 1941 1993 erit
1991 1936 2118 1992 illud

528 2038 902 2111 propheticum
932 2037 1113 2093 dicere
1138 2055 1151 2091 :
1183 2037 1244 2093 Si
1272 2044 1481 2108 propter
1506 2051 1586 2090 me
1609 2033 1721 2089 luvc
1748 2039 2025 2104 tempestas
2045 2040 2120 2085 est

530 2148 682 2202 super
719 2146 826 2195 vos,
859 2133 1020 2187 tollite
1046 2146 1147 2195 me,
1171 2137 1222 2183 et
1248 2130 1435 2183 mittite
1482 2143 1563 2181 me
1605 2128 1660 2181 in
1706 2140 1869 2191 mare,
1899 2130 1954 2176 ut
1984 2139 2123 2177 com-

531 2207 689 2278 niotio
715 2221 824 2276 lucc
852 2223 1080 2292 quiescat
1107 2238 1139 2275 a
1168 2217 1306 2274 vobis
1350 2217 1493 2290 (Jan.
1528 2233 1563 2283 ι,
1600 2216 1706 2287 12).
1739 2215 1991 2272 Vestrum
2040 2219 2120 2268 ta—

536 2328 659 2370 men
700 2313 852 2384 prius
894 2312 965 2369 sit
1012 2326 1165 2369 more
1204 2312 1420 2367 illorum
1468 2319 1751 2385 nautarum
1808 2306 2121 2377 naufragum

534 2409 720 2466 conari
746 2407 957 2480 eripere
979 2406 1267 2463 visceribus
1295 2404 1527 2477 pietatis,
1546 2414 1601 2460 et
1619 2404 1684 2458 ad
1710 2412 1904 2459 terram
1934 2415 2122 2457 navem

536 2498 774 2566 trahere,
797 2499 937 2554 sicut
985 2498 1081 2566 illi,
1118 2496 1243 2553 licet
1287 2496 1509 2563 ethnici,
1558 2494 1801 2553 fecerunt
1848 2493 2122 2564 Scriptura

537 2602 789 2649 narrante
831 2610 843 2645 :
879 2591 946 2646 Et
973 2590 1295 2647 conabantur
1319 2590 1413 2646 viri
1453 2589 1645 2657 redire,
1686 2588 1875 2657 inquit,
1917 2587 1989 2641 ad
2018 2595 2120 2641 ter-

536 2701 668 2749 ram,
700 2693 750 2738 et
800 2700 900 2739 non
932 2691 1198 2753 poterant,
1238 2681 1360 2751 quia
1389 2696 1533 2734 mare
1570 2678 1698 2746 ibat,
1739 2686 1787 2733 et
1818 2676 2122 2750 exsurgebat

536 2776 701 2845 magis
722 2775 910 2844 fluctus
939 2772 1046 2846 (Ibi
1071 2780 1128 2837 ’.,
1161 2772 1274 2840 ιι).
1308 2770 1590 2827 Postremo
1622 2771 1671 2825 in
1694 2770 1843 2827 calce
1870 2769 2021 2836 dicti,
2060 2768 2123 2823 li-

540 2875 627 2923 cet
677 2872 1124 2938 prazsumptuose,
1174 2877 1423 2934 suggero,
1464 2870 1522 2917 ut
1563 2863 1686 2933 quia
1731 2862 1787 2918 in
1831 2861 1916 2917 via
1967 2859 2125 2930 hujus

538 2956 720 3012 smculi
766 2957 1003 3027 spatiosa
1032 2953 1245 3025 (Matth.
1286 2971 1379 3022 vr,
1414 2954 1500 3018 15,
1556 2953 1664 3023 li),
1694 2954 1819 3020 lata,
1873 2959 1929 3007 et
1972 2951 2121 3006 multi

539 3048 878 3103 ambulantes
924 3054 1147 3103 currunt
1189 3045 1257 3101 ad
1297 3051 1549 3116 computa
1578 3042 1830 3117 (Rectius,
1864 3041 2121 3114 compita]

540 3148 708 3208 arcta,
734 3130 779 3195 si
808 3140 970 3210 aliqui
998 3139 1153 3210 pauci
1184 3137 1547 3202 inveniuntur,
1570 3136 1663 3207 qui
1717 3150 1813 3207 per
1841 3142 2121 3206 angustam
2155 3144 2201 3204 (ζ

538 3242 749 3305 portam
792 3241 848 3289 et
893 3239 1095 3289 arctam
1126 3248 1243 3303 quae
1284 3231 1433 3287 ducit
1463 3230 1530 3287 ad
1559 3230 1744 3298 vitam,
1791 3229 1945 3301 juxta
1991 3244 2127 3301 pra:-

538 3339 753 3401 ceptutn
780 3328 988 3384 Domini
1020 3326 1352 3395 gradiantur,
1397 3325 1578 3396 potius
1618 3339 1648 3379 a
1680 3322 1833 3379 vobis
1864 3322 1930 3378 ad
1965 3323 2127 3377 vitam

540 3420 990 3487 transmittuntur,
1029 3433 1190 3488 quam
1222 3416 1645 3488 prohibeantur;
1677 3431 1745 3470 ne
1776 3415 1915 3471 forte
1943 3422 1999 3470 et
2033 3429 2130 3469 vos

540 3527 663 3567 cum
706 3509 986 3565 Pharismis
1015 3523 1194 3564 sermo
1241 3507 1450 3563 Domini
1479 3506 1695 3577 sugillet
1722 3505 1952 3561 dicentis
1984 3522 1998 3559 :
2039 3505 2131 3561 Vte

541 3601 699 3663 vobis.
726 3601 925 3657 Scribat
952 3610 1000 3655 et
1036 3599 1308 3664 Pharisau',
1339 3600 1454 3671 quin
1502 3598 1744 3653 clauditis
1781 3614 1995 3668 regnum
2032 3614 2132 3652 ca:-

543 3698 710 3750 lorum
738 3706 857 3749 ante
903 3695 1155 3759 homines,
1187 3702 1235 3747 et
1284 3709 1376 3746 nec
1426 3708 1510 3746 vos
1556 3693 1784 3756 intratis,
1828 3708 1921 3745 nec
1960 3693 2130 3746 sinitis

542 3788 856 3841 introeuntes
884 3787 1080 3841 intrare
1110 3782 1325 3856 (Matth.
1358 3799 1510 3847 χχιιι,
1545 3781 1654 3853 15).

618 3876 699 3932 Vl.
729 3876 837 3932 Sed
873 3877 1015 3933 dicet
1041 3875 1233 3947 aliquis
1264 3893 1278 3929 :
1325 3873 1573 3945 Nunquid
1604 3889 1702 3929 nos
1727 3889 1837 3930 non
1866 3874 2131 3931 intramus

547 3973 599 4026 in
628 3983 854 4040 regnum
892 3970 1153 4026 ctelorum
1176 3970 1200 4024 ?
1227 3967 1408 4037 Quare
1449 3983 1556 4025 non
1584 3970 1811 4041 potestis
1834 3968 1987 4039 juxta
2011 3984 2131 4040 gra-

545 4061 676 4117 tiam
706 4060 936 4125 Domini,
961 4061 1007 4115 si
1028 4061 1329 4131 efﬁciamini
1358 4062 1490 4115 sicut
1516 4060 1713 4131 parvuli
1738 4059 1953 4131 (Matth.
1984 4077 2128 4125 xvnt,

546 4149 626 4221 ὅ),
671 4146 899 4204 humiles
924 4146 1128 4201 scilicet
1168 4154 1226 4201 et
1253 4146 1385 4201 casti
1412 4161 1425 4211 ;
1453 4146 1710 4217 simplices
1738 4153 1793 4201 et
1820 4146 2132 4203 innocentes

544 4249 599 4303 in
637 4244 798 4309 malo,
851 4243 1125 4314 prudentes
1173 4250 1345 4295 tamen
1392 4241 1445 4294 in
1477 4240 1610 4294 bono
1663 4239 1840 4311 (Rom.
1881 4256 1989 4308 xvt,
2017 4240 2128 4313 l9),

546 4342 837 4417 placabiles
864 4349 920 4397 et
947 4339 1079 4395 iram
1110 4337 1165 4393 in
1205 4332 1368 4393 corde
1395 4350 1504 4390 non
1544 4335 1823 4391 tenentes?
1850 4333 1957 4391 Sed
1979 4351 2128 4392 com-

547 4436 698 4508 plere
741 4435 859 4491 hcce
884 4432 1067 4489 omnia
1115 4428 1371 4485 mulieres
1407 4440 1551 4497 smpe
1588 4426 1849 4496 videntes,
1889 4432 1943 4483 et
1987 4427 2129 4483 circa

2225 1856 2441 1910 uimiter
2464 1856 2832 1926 spiritualibus
2863 1855 3060 1913 Christi
3103 1857 3352 1913 mandata
3395 1858 3798 1929 complentibus.

2226 1950 2451 2007 Domino
2494 1950 2612 2020 ipso
2644 1956 2875 2004 testante
2907 1967 2920 2004 :
2955 1950 3016 2006 Si
3046 1950 3262 2023 diligitis
3298 1967 3394 2017 me,
3428 1951 3675 2007 mandata
3702 1968 3802 2006 mea

2222 2052 2419 2096 servate
2451 2042 2630 2113 (Joan.
2666 2057 2773 2109 xw,
2808 2039 2918 2113 l5).
2949 2040 3064 2098 Hoc
3090 2050 3168 2097 est
3192 2043 3497 2098 mandatum
3530 2061 3718 2111 meum,
3756 2056 3801 2098 ut

2226 2132 2454 2204 diligatis
2482 2134 2699 2187 invicem
2721 2133 2851 2187 sicut
2881 2142 2929 2187 et
2951 2149 3045 2206 ego
3074 2132 3235 2189 dilexi
3263 2151 3349 2189 vos
3374 2133 3550 2205 (Joan.
3582 2151 3669 2201 xv,
3710 2134 3800 2205 ιε).

2230 2222 2291 2277 1η
2324 2225 2416 2276 hoc
2443 2224 2580 2278 enim
2606 2225 2770 2303 scient
2814 2238 2990 2279 omnes
3027 2227 3148 2295 quia
3189 2228 3288 2280 mei
3330 2228 3569 2298 discipuli
3597 2231 3736 2293 estis,
3763 2230 3807 2283 si

2227 2331 2312 2370 vos
2339 2316 2552 2370 invicem
2598 2314 2828 2388 diligatis
2858 2314 3037 2388 (loan.
3073 2333 3188 2385 xm,
3232 2317 3347 2389 55).
3382 2319 3530 2375 Tunc
3556 2335 3687 2390 ergo
3715 2337 3800 2391 po-

2230 2414 2331 2462 test
2360 2415 2509 2462 certa
2550 2421 2670 2463 esse
2717 2406 2846 2463 unio
2894 2407 3216 2474 animorum,
3248 2417 3304 2464 et
3354 2423 3459 2481 pax
3491 2418 3547 2465 et
3584 2409 3803 2464 Charitas

2228 2514 2323 2568 per
2349 2496 2609 2567 Spiritum
2641 2509 2887 2554 sanctum
2914 2498 3103 2556 dilfusa
3131 2500 3423 2556 visceribus
3464 2501 3836 2567 credentium,‘

2226 2589 2441 2659 quando
2489 2589 2740 2646 similiter
2790 2590 3042 2647 mandata
3086 2590 3267 2648 divina
3314 2593 3586 2666 complere
3630 2606 3803 2649 omnes

2226 2682 2531 2738 desiderant
2573 2701 2585 2737 :
2630 2698 2754 2738 nam
2802 2693 3001 2753 quanta
3047 2684 3116 2741 sit
3155 2684 3603 2741 dissimilitudinis
3644 2687 3696 2741 in
3723 2700 3803 2745 ac-

2229 2772 2460 2828 tualibus
2487 2772 2676 2828 studiis
2701 2788 2950 2830 mensura
2970 2817 2985 2843 ,
3018 2781 3164 2829 tanta
3197 2775 3301 2830 erit
3333 2776 3476 2840 pacis
3504 2781 3559 2831 et
3588 2776 3803 2832 charita-

2229 2865 2296 2921 tis
2325 2865 2464 2919 inter
2490 2863 2830 2933 imperfectos
2852 2866 3059 2921 tictura.
3088 2863 3157 2921 Ut
3186 2879 3315 2935 ergo
3342 2866 3395 2922 in
3420 2867 3686 2924 charitavte
3707 2884 3804 2924 non

2230 2955 2351 3010 ticta
2382 2970 2480 3011 nos
2506 2954 2734 3011 invicem
2766 2971 3028 3024 amemus,
3059 2955 3271 3012 Domini
3303 2956 3469 3013 nostri
3499 2955 3630 3013 Jesu
3660 2956 3805 3013 Chri-

2229 3046 2295 3102 sti
2339 3055 2605 3118 praecepta
2647 3047 2931 3117 diligenter
2977 3047 3399 3115 consideremus,
3450 3058 3506 3105 et
3547 3050 3803 3106 intellecta

2233 3137 2505 3208 complere
2562 3136 2893 3205 festinemus,
2923 3146 2982 3194 ut
3031 3154 3128 3210 per
3182 3154 3333 3196 suam
3381 3138 3683 3195 doctrinam
3713 3154 3807 3196 uno

2237 3230 2439 3300 impetu
2463 3228 2687 3284 fervoris
2713 3230 2861 3285 nimii
2892 3237 3003 3285 tota
3041 3231 3106 3286 ad
3128 3230 3367 3290 celestia
3393 3231 3607 3288 festinet
3637 3231 3808 3289 Eccle-

2230 3322 2329 3377 sia.
2364 3321 2588 3379 Praestet
2624 3323 2728 3379 hoc
2757 3324 2910 3380 nobis
2936 3340 3030 3379 sua
3060 3323 3290 3395 gratuita
3328 3325 3519 3396 gratia,
3547 3337 3607 3381 ut
3636 3342 3808 3382 omnes

2233 3418 2489 3473 mundum
2522 3415 2860 3482 horreamus,
2894 3426 2949 3473 et
2977 3415 3125 3473 illum
3148 3417 3322 3473 solum
3357 3433 3621 3488 amemus,
3646 3419 3807 3474 illum.

2232 3519 2337 3574 que
2369 3519 2488 3560 cum
2535 3503 2694 3561 Patre
2738 3514 2791 3562 et
2820 3505 3021 3578 Spiritu
3066 3514 3257 3563 sancto
3299 3506 3687 3575 desideremus,
3733 3508 3807 3564 cui

2232 3595 2399 3665 gloria
2442 3595 2494 3650 in
2525 3595 2719 3651 stccula
2766 3596 3106 3652 saeculorum.
3130 3598 3321 3654 Amen.
3363 3597 3439 3654 De
3465 3609 3684 3667 caetero,
3715 3596 3807 3653 Pa-

2236 3696 2368 3754 tres,
2400 3693 2557 3741 nrate
2601 3702 2701 3757 pro
2731 3686 2905 3753 nobis,
2953 3687 3093 3743 sicut
3113 3696 3169 3744 et
3199 3705 3295 3746 nos
3323 3689 3568 3759 facimus,
3596 3691 3731 3747 viles
3753 3689 3811 3743 li-

2233 3785 2339 3843 cet,
2366 3793 2465 3847 pro
2493 3778 2665 3846 vobis,
2721 3787 2776 3835 et
2822 3780 2992 3837 nolite
3022 3796 3122 3837 nos
3161 3796 3191 3836 a
3223 3783 3375 3839 vobis
3403 3784 3611 3841 alienos
3662 3799 3807 3856 repu-

2235 3876 2382 3935 tare;
2415 3869 2572 3925 unius
2614 3870 2756 3925 enim
2788 3887 2972 3927 sumus
3013 3873 3257 3943 corporis
3282 3874 3673 3941 commembra,
3707 3873 3809 3929 sive

2234 3958 2393 4021 Galli,
2425 3959 2539 4014 sive
2568 3958 2829 4027 Britanni,
2873 3961 2989 4018 sive
3014 3959 3174 4029 lberi,
3205 3962 3318 4019 sive
3355 3978 3582 4033 quaeque
3610 3970 3807 4035 gentes.

2236 4047 2358 4104 Ideo
2387 4049 2713 4118 gaudeamus
2741 4064 2931 4105 omnes
2954 4058 3144 4120 gentes
3181 4051 3237 4105 in
3274 4053 3566 4122 cognitione
3607 4052 3732 4123 ﬁdei
3766 4062 3811 4106 et

2233 4141 2496 4209 agnitione
2512 4138 2639 4194 Filii
2657 4138 2750 4193 Dei
2768 4139 2985 4210 (Ephes.
3001 4140 3171 4211 ".13)
3191 4161 3205 4207 ;
3223 4149 3278 4197 et
3291 4141 3605 4199 festinemus
3632 4158 3808 4200 omnes

2235 4243 2501 4285 occurrere
2521 4231 2576 4284 in
2598 4231 2761 4285 virum
2786 4234 3088 4303 perfectum,
3117 4234 3170 4286 in
3194 4249 3489 4288 mensuram
3513 4236 3685 4291 aetatis
3710 4236 3810 4304 plc-

2235 4322 2481 4376 nitudinis
2510 4319 2633 4377 Jesu
2663 4320 2886 4389 Christi;
2916 4321 2970 4376 in
3008 4336 3117 4394 quo
3157 4337 3255 4379 nos
3282 4323 3510 4380 invicem
3557 4338 3807 4391 amemus,

2236 4414 2464 4469 invicem
2513 4412 2825 4482 laudemus,
2878 4414 3107 4471 invicem
3156 4415 3539 4485 emendemus,
3588 4418 3810 4474 invicem

550 4505 731 4584 mundi
782 4524 1061 4581 facultates
1088 4520 1284 4593 saepius
1312 4520 1552 4575 rixantes
1581 4526 1637 4573 et
1666 4518 1957 4575 irascentes
1985 4519 2126 4574 dilli-
2165 4527 2209 4599 ι)
2236 4505 2533 4599 Yiﬁilemust
2586 4505 2812 4599 Ῐηνίοβηι
2879 4521 3117 4599 (mimis.
3161 4514 3220 4561 ιιι
3260 4521 3384 4561 cum
3424 4521 3491 4563 θο
3532 4520 3813 4599 ιθεηθιηω

551 4620 746 4679 cillime
785 4622 1027 4688 po-sunt.
1056 4613 1261 4669 idcirco
1291 4610 1460 4667 nostri
1508 4609 1675 4665 semel
1706 4610 1906 4665 mundo
1933 4623 2131 4665 renun-

552 4712 769 4775 tiantes,
814 4717 869 4764 et
898 4721 1087 4763 causas
1128 4705 1381 4760 vitiorum
1422 4717 1487 4758 ac
1515 4701 1727 4757 fomites
1754 4701 2050 4771 iurgiorum
2078 4700 2130 4755 in

551 4799 737 4873 primis
788 4803 1149 4867 amputantes,
1206 4792 1411 4849 facilius
1461 4789 1671 4855 nudos,
1725 4802 1886 4860 quam
1942 4788 2135 4844 divites

551 4905 855 4948 sermonem
883 4886 1095 4944 Domini
1124 4899 1284 4957 posse
1311 4883 1587 4954 complere
1615 4881 1962 4937 arbitrantur.
1994 4881 2135 4936 Ante

555 4985 684 5040 istas
709 4982 910 5039 etenim
939 4986 1171 5050 quatuor
1195 4992 1283 5034 res
1303 4990 1527 5048 regnum
1556 4974 1815 5031 ctelorum
1839 4987 1944 5028 nou
1968 4974 2134 5027 intra-

555 5085 660 5143 tur,
702 5074 842 5131 sicut
868 5071 925 5129 S.
956 5069 1315 5141 Hieronymus
1342 5067 1501 5122 trium
1547 5066 1699 5122 testis
1742 5071 1843 5127 est,
1874 5073 1929 5119 et
1956 5063 2135 5134 quarti

555 5166 804 5236 Basilius,
842 5164 935 5235 qui
959 5163 1111 5233 juxta
1137 5158 1430 5228 evangelici
1455 5156 1563 5211 vim
1589 5156 1717 5210 dicti
1758 5169 1939 5210 mores
1967 5169 2137 5225 expo-

557 5266 690 5314 nunt
726 5256 1025 5313 infantium.
1053 5250 1235 5309 Infans
1280 5249 1424 5304 enim
1465 5245 1681 5301 humilis
1709 5252 1811 5311 est,
1844 5260 1949 5300 non
1978 5245 2135 5302 laesus

559 5351 822 5419 meminit,
888 5351 995 5404 no'n
1051 5344 1335 5401 mulierem
1392 5339 1580 5395 videns
1631 5337 1975 5408 concupiscit,
2025 5353 2134 5394 non

558 5440 702 5495 aliud
729 5453 823 5495 ore
860 5438 1002 5493 aliud
1047 5434 1212 5492 corde
1241 5430 1423 5487 habet.
1490 5428 1639 5496 Qtue,
1672 5430 1808 5484 sicut
1848 5429 1980 5495 dixi,
2023 5444 2140 5485 me-

560 5534 660 5588 lius
706 5529 941 5587 servabit
966 5541 1188 5594 vacans,
1234 5532 1292 5580 et
1343 5520 1530 5577 videns
1558 5520 1703 5590 quod
1728 5518 1867 5578 Deus
1907 5522 2023 5594 ipse
2067 5522 2139 5578 sit

560 5626 837 5691 Dominus,
882 5636 1044 5692 quam
1099 5619 1310 5675 diversa
1363 5612 1547 5670 videns
1583 5620 1639 5670 et
1681 5614 1921 5673 audiens.
1956 5614 2140 5673 Nullus

634 5772 656 5797 α
701 5758 846 5823 Qum,
880 5766 985 5811 etc.
1018 5754 1214 5807 Deessn
1246 5747 1445 5819 aliquid
1480 5750 1529 5803 vi
1549 5749 1702 5803 lctur.

2237 4598 2487 4662 invicem,
2514 4605 2568 4652 et
2602 4598 2950 4653 exsultemus.
2979 4596 3136 4667 Date,
3181 4611 3392 4667 quaeso,
3422 4598 3638 4654 veniam
3690 4613 3815 4656 mea

2236 4689 2547 4759 loquacitati
2603 4702 2666 4743 ac
2719 4688 3033 4759 procacitati
3092 4704 3253 4760 supra
3318 4689 3460 4745 vires
3533 4690 3813 4758 laboranti,

2238 4778 2621 4848 patientissitni
2676 4786 2840 4847 atque
2892 4779 3214 4835 sanctissimi
3271 4778 3460 4836 Patres
3518 4781 3723 4852 quique
3764 4789 3813 4839 tt

2239 4868 2447 4925 fratres.

2803 4940 3135 4998 EPISTOLA
3172 4941 3258 4998 lll.

2766 5050 2833 5089 AD
2872 5048 3184 5090 BONIFACIUI
3223 5049 3295 5091 IV.

2239 5122 2464 5181 Domino
2491 5132 2679 5180 sancto
2720 5135 2775 5210 et
2812 5126 2867 5180 in
2903 5124 3115 5182 Christo
3142 5127 3444 5197 apostolico
3472 5127 3619 5184 Patri
3646 5142 3793 5201 papa:

2451 5213 2713 5272 Columba
2750 5226 3005 5287 peccator
3032 5217 3086 5272 in
3114 5216 3332 5274 Christo
3359 5218 3608 5275 salutem.

2306 5329 2430 5387 Iam~
2445 5330 2537 5387 diu
2562 5346 2751 5390 omnes
2769 5332 2880 5390 sedi
2910 5333 3219 5404 apostolica:
3242 5333 3603 5403 praesidentes,
3636 5333 3817 5390 dulcis-

2240 5427 2405 5483 simos
2420 5428 2666 5483 omnibus
2687 5426 2940 5497 praesules
2961 5427 3223 5493 ﬁdelibus,
3243 5443 3304 5482 ac
3325 5428 3519 5484 merito
3545 5425 3815 5497 apostolici

2241 5516 2462 5575 honoris
2514 5518 2990 5575 reverendissimos
3036 5518 3229 5574 'Patres
3271 5516 3490 5574 visitare
3540 5517 3728 5590 spiritu
3763 5522 3817 5572 et

2241 5612 2521 5668 consolare
2568 5611 2823 5681 cupiens,
2877 5626 3017 5667 nunc
3067 5626 3239 5681 usque
3277 5610 3419 5667 votis
3462 5625 3560 5683 pro
3600 5608 3815 5667 diversis
