4052 6332
232 340 349 421 ιω

1179 354 1533 413 emsrosaa
1578 356 1668 411 an
1710 332 2061 409 nivsnsos.
2106 383 2173 395 .-
2214 340 2430 408 EPIST.
2472 350 2558 406 tv.

3398 346 3509 403 970

233 477 389 548 hujus
416 476 515 531 atvi
544 472 850 543 frigoribus,
878 480 931 525 et
974 458 1313 525 tumultuosis
1341 468 1580 538 gentium
1606 461 1821 522 sedilio-
1857 475 1897 529 Α
1928 463 2186 519 ecclesias
2229 462 2321 517 Dei
2350 452 2423 516 in
2464 460 2704 516 barbaris
2731 452 2979 528 gentibus
3006 458 3328 515 constitutas
3355 501 3370 525 ,
3395 457 3512 516 suis

233 569 389 625 uibus
418 561 872 634 interiacentium,
902 575 964 616 ac
989 560 1033 617 si
1063 560 1270 615 marina
1300 560 1453 614 trabe
1480 557 1816 621 interclusus,

233 660 537 719 satisfacere
565 672 672 712 nou
705 654 877 728 potui,
910 653 1117 709 insuavi
1147 651 1375 718 scilicet,
1405 648 1817 707 intransmeabi-

230 748 410 825 tique,
450 768 559 809 non
608 760 717 806 tam
766 750 927 805 thetis
966 747 1228 814 visibilis,
1266 760 1429 818 quam
1476 743 1821 816 intelligibilis

230 844 425 911 dorso,
449 842 593 914 quod
620 841 824 912 optime
858 838 1027 897 nostis
1050 882 1066 908 ,
1108 837 1268 894 nobis
1296 836 1565 909 opposito.
1604 834 1821 890 1deirco

229 935 399 992 semel
428 944 483 990 et
515 935 597 990 bis
624 933 852 988 Satanas
882 929 1163 1003 impedivit
1192 918 1485 1001 pertitores
1514 935 1820 984 nostrorum

229 1026 296 1082 ad
328 1026 482 1083 bona:
511 1024 783 1081 memoriae
824 1037 1016 1095 papam
1050 1021 1477 1093 conscriptorum
1506 1017 1820 1089 Gregorium

229 1118 361 1173 olim
401 1117 611 1188 apicum
646 1116 696 1170 in
727 1112 982 1184 subjectis
1019 1113 1341 1185 positorum,
1369 1110 1461 1182 qui
1491 1109 1582 1164 tibi
1608 1124 1824 1180 quoque

230 1206 494 1266 efferendi
542 1207 972 1276 discutiendique
1001 1219 1031 1260 a
1060 1208 1247 1260 nostra
1292 1201 1724 1257 transmittuntur
1746 1201 1825 1255 vi-

230 1302 407 1369 litate,
436 1310 545 1355 non
575 1306 686 1354 tam
712 1298 964 1369 superba,
996 1302 1055 1350 ut
1082 1310 1180 1366 per
1207 1293 1370 1349 verba
1403 1292 1822 1358 demonstratur,

229 1389 497 1447 diabolica
526 1388 965 1461 praesumptione,
994 1402 1152 1457 quam
1194 1394 1389 1442 nostras
1431 1382 1665 1456 regionis
1694 1384 1827 1440 ritus

230 1487 589 1544 observantiae
612 1486 797 1561 [Forte
819 1482 1213 1557 observantia],
1244 1500 1364 1556 qum
1391 1484 1665 1543 calcarent
1685 1498 1826 1539 verm

228 1577 651 1651 computationis
662 1578 962 1635 necessaria
984 1576 1323 1648 probatione,
1338 1576 1462 1631 dum
1485 1592 1590 1632 non
1609 1575 1825 1630 eosdem

232 1670 494 1727 terminos
522 1667 784 1724 scandunt
803 1666 924 1723 libri
954 1676 1150 1724 nostra:
1176 1666 1485 1737 provincias,
1518 1674 1572 1721 et
1601 1666 1825 1721 istorum

142 1814 149 1819 κ
230 1757 372 1813 liber
410 1756 708 1825 Gallorum,
739 1755 885 1828 quia
914 1755 1114 1815 nostris
1143 1757 1272 1812 viris
1304 1771 1411 1812 non
1447 1755 1704 1828 recipitur
1733 1771 1829 1827 per

1924 554 2105 609 vivere
2136 553 2340 623 legibus
2360 554 2495 609 sicut
2518 551 2740 607 edoctus
2769 567 2799 606 a
2828 550 3073 606 Patrihus
3108 550 3435 621 judicantes.

2482 652 2816 710 EPISTOLA
2863 653 2952 708 IV.

2236 753 2304 790 ΑΒ
2333 746 2629 791 υιεςιιιίιιοε
2658 751 2726 789 ΕΤ
2753 750 3030 790 ΙΟΝΛΟΙΙΟΒ
3059 751 3201 791 ιυοε.

1928 828 2255 885 Dulcissimis
2303 829 2415 884 suis
2468 830 2621 896 filiis,
2664 829 3101 901 discentibusque
3147 829 3509 899 charissimis,

1996 922 2250 977 fratribus
2275 920 2590 997 frugalibus,
2616 922 2825 977 cunctis
2866 920 3024 977 simul
3063 922 3341 978 monachis
3379 924 3510 988 suis,

1996 1010 2259 1069 Columba
2284 1018 2541 1082 peccator
2565 1012 2617 1065 in
2644 1010 2863 1067 Ch‘risto
2886 1012 3117 1067 salutem
3150 1013 3332 1067 mittlt.

1996 1107 2038 1161 l.
2085 1108 2201 1161 Pax
2228 1104 2368 1161 vobis
2415 1104 2618 1175 (Joan.
2646 1121 2718 1159 xx
2742 1144 2758 1170 ,
2801 1102 3030 1176 19-21),
3076 1106 3217 1161 sicut
3252 1104 3517 1160 Dominus

1930 1207 2121 1269 optans
2141 1197 2276 1251 dixit
2295 1195 2569 1266 discipulis
2590 1196 2700 1249 suis
2718 1234 2730 1258 ,
2770 1196 2840 1252 sit
2865 1202 2921 1250 et
2949 1195 3096 1251 salus
3116 1204 3166 1250 et
3190 1197 3514 1266 sempiterna

1931 1290 2185 1345 r-haritas.
2239 1288 2361 1344 ":00
2408 1287 2507 1342 tria
2565 1287 2765 1341 tribuat
2803 1287 2956 1342 vobis
3002 1286 3234 1344 Trinitas
3280 1304 3403 1343 cum
3450 1303 3517 1343 eo

1930 1378 2112 1451 [Forte
2134 1378 2241 1451 ea],
2264 1386 2318 1433 et
2349 1379 2489 1433 inter
2507 1394 2605 1434 vos
2632 1378 2899 1434 custodiat
2924 1394 3043 1434 cum
3073 1388 3201 1434 voto
3228 1395 3368 1435 meo.
3400 1379 3521 1435 Stu-

1931 1473 2003 1528 dii
2051 1474 2157 1529 mei
2202 1472 2622 1542 magnitudinem
2668 1486 2794 1541 erga
2835 1474 3024 1528 salutis
3055 1482 3241 1529 vestrm
3270 1475 3521 1531 intuitum

1932 1564 2081 1618 solus
2111 1564 2262 1618 novit
2290 1564 2381 1632 qui
2409 1562 2476 1617 de
2495 1562 2576 1629 lit,
2607 1573 2661 1618 et
2689 1563 3014 1619 desiderium
3055 1580 3231 1622 meum
3269 1582 3393 1637 erga
3428 1568 3551 1622 do-'

1933 1655 2117 1710 ctrine
2152 1662 2342 1710 vestra:
2366 1653 2701 1724 profectum;
2740 1657 2834 1711 sed
2880 1656 3005 1726 quia
3040 1655 3191 1725 juxta
3219 1671 3523 1712 sermonem

1936 1746 2146 1802 Domini
2171 1754 2291 1802 orta
2321 1754 2404 1802 est
2433 1747 2709 1803 tribulatio
2736 1756 2791 1802 et
2821 1750 3125 1819 persecutio
3162 1758 3384 1822 propter
3410 1765 3526 1806 ver-

230 1851 338 1906 duo
360 1851 477 1907 loca
498 1852 789 1921 magistris,
808 1851 946 1908 sicut
968 1852 1019 1907 in
1042 1851 1283 1923 epistolis
1307 1859 1505 1908 nostra:
1527 1853 1824 1924 parvitatis,

1939 1841 2083 1905 bum,
2113 1838 2259 1893 nulla
2290 1853 2432 1895 nunc
2468 1839 2571 1893 alia
2602 1830 2899 1897 admonitio
2932 1842 3084 1897 vobis
3130 1843 3396 1912 congruit,
3428 1844 3527 1900 nisi

230 1947 496 2010 quantum
528 1941 820 2011 po'uimus,
854 1940 921 1996 ad
946 1954 1107 2012 supra
1136 1941 1338 1997 dictum
1363 1941 1580 1997 beatum
1612 1957 1825 2013 papam,

230 2031 361 2087 licet
401 2040 845 2103 praesumptuose,
876 2030 1119 2088 indicare
1155 2046 1256 2103 pro
1283 2031 1485 2088 viribus
1506 2032 1826 2090 studuimus.

231 2123 419 2195 Itaque
442 2138 512 2179 ne
532 2123 577 2179 si
604 2122 792 2180 eadem
822 2124 1099 2190 iterarem,
1129 2125 1194 2180 ad
1226 2133 1278 2181 te
1300 2139 1517 2195 quoque
1542 2125 1831 2181 scribendo

233 2214 502 2272 fastidium
525 2215 705 2286 potius
734 2229 1072 2286 generarem,
1106 2230 1265 2287 quam
1297 2215 1570 2286 ingenium
1600 2214 1832 2287 probare

233 2316 588 2377 utrorumque
633 2316 915 2365 auctorum
973 2308 1104 2374 tibi,
1138 2316 1195 2363 ιιι
1240 2308 1427 2377 decet,
1455 2322 1827 2375 reservarem,

232 2413 357 2455 cum
406 2398 792 2455 salutationum
840 2398 1119 2471 condignis
1156 2399 1344 2455 ofliciis
1392 2415 1580 2472 preres
1621 2406 1830 2455 tantum

233 2490 300 2545 ad
332 2498 387 2546 te
414 2505 512 2561 per
536 2490 818 2546 Dominum
848 2500 1093 2546 nostrum
1118 2489 1299 2547 Jesum
1325 2489 1599 2547 Christum
1630 2500 1684 2546 et
1711 2491 1834 2562 Sp?-

234 2580 397 2635 ritum
424 2591 686 2647 sanctum,
716 2591 771 2637 et
796 2596 892 2652 per
917 2582 1175 2638 unitatem
1227 2582 1347 2638 ﬁdei
1380 2591 1576 2639 nostrze
1607 2599 1726 2654 quas
1754 2584 1833 2638 in«

235 2673 407 2727 vicem
429 2679 531 2740 est,
551 2687 651 2742 qua
674 2689 839 2728 unum
860 2672 1071 2728 Patrem
1094 2682 1337 2730 nostrum
1361 2675 1452 2745 qui
1475 2684 1558 2731 est
1586 2676 1635 2729 in
1660 2674 1829 2741 caelis,

233 2780 300 2817 ea:
325 2780 428 2836 quo
449 2765 645 2829 omnia,
672 2771 727 2819 et
749 2779 909 2819 unum
933 2764 1346 2837 Redemptorcm
1372 2774 1608 2821 nostrum
1640 2765 1833 2820 Filium

237 2853 357 2922 Dei,
386 2873 479 2925 per
503 2872 650 2927 quem
677 2858 852 2913 omnia
874 2898 891 2927 ,
923 2868 979 2915 et
1008 2874 1172 2914 unum
1200 2858 1458 2931 Spiritum
1506 2870 1748 2917 sanctum
1778 2864 1832 2917 in

235 2965 334 3019 quo
363 2952 539 3004 omnia
570 2950 637 3022 (1
667 2950 788 3007 Cor.
814 2967 924 3015 ml,
955 2951 1018 3019 6;
1053 2950 1203 3009 Rom.
1230 2970 1306 3020 ιι,
1337 2952 1442 3027 56)
1461 2996 1476 3017 ,
1503 2956 1668 3010 corde
1708 2971 1830 3012 cre-

238 3037 442 3104 dimus,
472 3047 525 3094 et
554 3055 650 3095 ore
678 3040 1019 3105 confitemur,
1063 3058 1226 3097 unum
1276 3042 1560 3098 Dominum
1611 3057 1732 3099 esse
1781 3044 1834 3099 in

238 3129 523 3198 Trinitate,
568 3141 623 3186 et
661 3131 979 3188 Trinitatem
1021 3134 1072 3188 in
1122 3132 1371 3201 lluitate,
1406 3148 1836 3205 unamquamque

1936 1942 1992 1987 ut
2014 1933 2252 1988 caveatis
2283 1947 2352 1989 ne
2381 1933 2499 1989 sitis
2525 1941 2667 1989 terra
2692 1934 2779 1989 illa
2802 1944 3019 2006 petrosa
3041 1951 3161 2005 qua:
3184 1939 3389 1993 semina
3422 1956 3526 1994 non

1935 2033 2140 2097 potest,
2172 2027 2254 2084 sui
2282 2027 2547 2083 tenuitate
2574 2027 2819 2098 cespitis,
2849 2036 3071 2099 accepta
3101 2030 3307 2085 nutrire
3332 2046 3347 2096 ;
3381 2045 3447 2086 ne
3476 2039 3528 2087 et

1933 2120 2001 2175 de
2028 2118 2182 2174 vobis
2209 2118 2353 2175 dicat
2391 2118 2687 2173 Dominus:
2721 2117 2855 2174 Orta
2895 2128 3064 2174 autem
3105 2120 3437 2177 tribulatione
3483 2130 3529 2177 et

1933 2211 2284 2281 persemtione
2312 2219 2520 2280 prOpter
2551 2209 2755 2264 uerbum
2781 2253 2795 2277 ,
2830 2212 3072 2267 continuo
3107 2213 3530 2267 scandalizentur

1937 2302 2151 2375 (Matth.
2189 2318 2298 2367 sin,
2326 2301 2440 2374 21).
2502 2301 2609 2358 Νμει
2651 2302 2752 2373 ipsi
2782 2304 2986 2359 scimus
3015 2303 3162 2373 quod
3190 2318 3311 2359 cum
3336 2305 3530 2374 gaudio

1934 2403 1992 2450 et
2016 2394 2228 2451 fervore
2258 2395 2590 2465 suscepimus
2619 2393 2746 2466 [Μδ.
2778 2392 3120 2465 suscipimus]
3168 2394 3391 2449 verbum
3420 2394 3529 2450 Do-

1934 2488 2062 2543 mini
2089 2505 2102 2541 :
2135 2502 2420 2544 caveamus
2447 2502 2622 2555 nunc,
2658 2500 2724 2539 ne
2762 2486 2928 2540 simus
2958 2484 3265 2556 temporales
3295 2484 3457 2555 (Ibid.
3486 2496 3532 2538 et

1937 2584 2108 2639 Marc.
2140 2600 2213 2648 tv,
2266 2583 2386 2656 17).
2443 2582 2705 2637 Patientia
2736 2581 2891 2638 nobis
2917 2583 3211 2637 necessaria
3250 2590 3329 2637 est
3359 2581 3528 2653 (Heb.

1937 2694 1989 2743 x,
2012 2666 2128 2748 '56),
2158 2687 2214 2730 ut
2263 2675 2499 2748 probatio
2544 2675 2668 2744 ﬁdei
2708 2685 2927 2740 nostrw,
2954 2674 3094 2730 sicut
3139 2673 3399 2745 scriptum
3428 2682 3532 2738 est,

1936 2770 2004 2823 sit
2024 2767 2299 2839 pretiosior
2326 2783 2455 2821 auro
2486 2764 2538 2839 (ι
2563 2764 2706 2821 Petr.
2741 2782 2776 2830 ι,
2805 2765 2881 2836 7).
2915 2765 3120 2821 Scitote
3148 2765 3292 2835 quod
3325 2774 3348 2800 ο
3383 2766 3525 2822 circa

1937 2859 2138 2917 caduca
2190 2858 2467 2915 contentio
2495 2865 2597 2925 est,
2644 2856 2786 2914 circa
2834 2871 3059 2929 regnum
3100 2857 3361 2915 caelorum
3407 2867 3529 2915 est:

1938 2969 2046 3009 non
2074 2959 2156 3009 est
2186 2965 2381 3007 novum
2422 2965 2597 3021 pugna
2627 2950 2694 3005 sit
2722 2957 2777 3006 et
2803 2950 3083 3006 contentio
3110 2950 3253 3006 circa
3283 2963 3530 3021 regnum.

1939 3044 2122 3115 Neque
2148 3043 2379 3115 Speretis
2407 3042 2552 3114 quod
2579 3042 2825 3098 homines
2850 3054 2950 3113 per
2976 3056 3035 3097 se
3060 3056 3157 3097 vos
3202 3054 3533 3113 persequan-

1940 3147 2062 3193 tur:
2093 3137 2367 3193 dmnoues
2395 3145 2519 3192 sunt
2543 3135 2596 3191 in
2625 3135 2708 3191 his
2733 3135 2823 3205 qui
2854 3134 3095 3191 invident
3119 3135 3277 3192 bonis
3304 3135 3531 3201 vestris;

237 3223 443 3278 scilicet
487 3240 773 3296 personam
816 3229 1033 3298 plenum
1081 3228 1366 3284 Dominum
1387 3270 1401 3294 ,
1434 3236 1489 3284 et
1537 3235 1680 3285 totas
1723 3236 1832 3285 tres
1858 3218 1903 3275 (ἒ
1938 3235 2126 3284 contra
2155 3244 2290 3297 quos
2319 3242 2465 3282 arma
2498 3227 2592 3282 Dei
2623 3226 2863 3297 arripite,
2887 3240 3006 3295 qua:
3022 3226 3358 3283 demonstrat
3385 3228 3532 3297 Apo-

239 3329 500 3384 pesonas
545 3333 709 3373 unum
758 3318 1042 3375 Dominum
1084 3320 1373 3386 fundimus,
1408 3329 1466 3375 ut
1491 3319 1647 3376 nobis
1674 3335 1832 3391 pere-

239 3406 407 3473 grinis
433 3408 799 3465 laborantibus
842 3419 947 3467 tua:
997 3411 1099 3482 pia:
1142 3411 1419 3467 senttntim
1449 3421 1668 3482 praestes
1696 3411 1835 3467 sola-

241 3497 396 3561 tium,
427 3513 556 3568 quo,
585 3499 631 3556 si
658 3518 766 3557 non
788 3511 977 3559 contra
1007 3502 1167 3558 fidem
1197 3513 1298 3571 est,
1332 3512 1639 3561 nostrorum
1671 3506 1835 3560 tradi-

1937 3314 2107 3370 stolus
2145 3314 2361 3384 (Ep/tes.
2394 3329 2465 3380 vi,
2498 3312 2584 3379 15,
2619 3312 2730 3383 17),
2774 3320 2830 3367 et
2854 3313 2996 3367 viam
3029 3312 3189 3367 facite
3216 3312 3270 3367 in
3299 3312 3529 3381 caelum;

1933 3406 2188 3477 jugulatis
2219 3406 2322 3462 illis
2350 3406 2657 3462 orationum
2693 3403 3015 3459 ferventium
3044 3417 3109 3459 ac
3138 3404 3183 3458 si
3211 3402 3531 3473 quibusdam

1937 3503 2160 3573 sagittis.
2195 3502 2461 3573 Quidquil
2492 3502 2636 3557 enim
2665 3515 2787 3556 cum
2815 3497 2919 3556 ﬁde
2942 3507 2997 3556 et
3027 3500 3380 3555 unanimitate
3407 3514 3533 3556 ora-

241 3590 447 3644 tionem
491 3591 716 3649 robores
759 3595 1050 3661 seniorum,
1077 3610 1185 3665 quo
1223 3596 1385 3651 ritum
1417 3596 1670 3667 Paschze,
1701 3597 1839 3653 sicut
1940 3592 2157 3661 veritis,
2198 3592 2411 3647 dabitur
2446 3590 2639 3646 vobis:
2669 3589 2765 3646 sed
2802 3590 2981 3646 videte
3036 3599 3094 3645 ut
3136 3605 3302 3645 unum
3331 3604 3427 3646 eor
3476 3599 3533 3645 et

239 3681 552 3751 accepimus
580 3698 612 3737 a
639 3684 968 3755 majoribus,
995 3685 1285 3742 observare
1339 3700 1434 3756 per
1464 3694 1611 3741 tuum
1663 3687 1835 3758 possi-

241 3787 364 3827 mus
389 3773 649 3842 judicium
681 3776 734 3831 in
756 3789 941 3833 nostra
967 3777 1419 3847 peregrinatione.
1442 3776 1667 3834 Constat
1693 3779 1835 3834 enim

241 3882 345 3923 nos
382 3869 435 3923 in
468 3879 651 3926 nostra
700 3885 819 3929 esse
851 3873 1022 3942 patria
1051 3874 1180 3928 dum
1213 3874 1385 3929 nullas
1414 3874 1639 3931 istorum
1668 3875 1838 3932 susci-

241 3961 420 4031 pimus
446 3963 656 4031 regulas
685 3962 959 4021 Gallorum
984 4006 1000 4031 ,
1041 3966 1135 4021 sed
1184 3966 1238 4021 in
1278 3966 1507 4022 desertis
1549 3967 1799 4022 sedentes
1822 4006 1839 4034 ,

1941 3684 2117 3739 anima
2141 3697 2243 3738 una
2271 3681 2405 3748 sitis,
2430 3688 2491 3737 ut
2517 3679 2767 3737 mercede
2791 3681 3044 3752 praesenti
3068 3681 3347 3751 accipiatis
3372 3681 3533 3750 quid~

1939 3775 2067 3845 quid
2112 3774 2446 3830 salutiferum
2496 3772 2762 3845 petieritis
2808 3787 2839 3829 a
2886 3771 3047 3829 Patre
3103 3773 3313 3828 Domini
3365 3774 3536 3828 nostri

1940 3864 2067 3921 Jesu
2114 3864 2349 3933 Christi,
2382 3872 2679 3935 nostroque
2726 3865 2998 3922 communi
3051 3864 3289 3920 omnium
3333 3864 3533 3930 Patre,

1936 3958 2090 4028 juxta
2122 3958 2445 4028 promissum
2476 3956 2686 4013 Domini
2707 3957 2876 4012 nostri
2906 3956 3174 4012 dicentis:
3204 3955 3266 4013 Si
3291 3973 3537 4013 conuene-

241 4051 376 4107 nulli
398 4054 632 4122 molesti,
654 4071 777 4111 cum
798 4065 1106 4112 nostrorum
1132 4057 1330 4126 regulis
1350 4072 1632 4114 manemus
1659 4058 1843 4115 senio-
1941 4051 2046 4105 rint
2069 4052 2172 4106 duo
2197 4066 2264 4105 ειυ
2287 4049 2425 4105 υοὺὶε
2450 4065 2603 4120 δωρον
2640 4056 2853 4113 “ﬁam,
2884 4047 2948 4103 ἀι
2967 4046 3107 4103 omni
3150 4063 3205 4103 τε
3241 4064 3528 4121 quamcun-

240 4161 383 4215 rttm,
433 4164 530 4218 pro
566 4150 759 4219 quibus
794 4150 1170 4217 defendendis,
1200 4154 1315 4208 sive
1357 4152 1423 4208 ad
1470 4168 1586 4223 vos,
1616 4161 1677 4209 ut
1703 4152 1837 4222 dixi,

239 4238 575 4310 apostolicos
617 4238 840 4308 Patres;
891 4243 1006 4298 sive
1059 4245 1124 4298 ad
1179 4245 1311 4300 istos
1364 4250 1579 4301 nostros
1632 4245 1838 4300 vicinos

239 4325 457 4396 fratres,
482 4342 698 4387 nostros
740 4332 794 4387 in
819 4331 1035 4389 Christo
1080 4343 1261 4404 patres
1304 4333 1616 4404 scripsimus
1670 4335 1837 4402 istas,

238 4436 380 4492 quas
398 4423 515 4480 haec
540 4422 786 4481 chartula
807 4425 903 4481 tibi
924 4426 1270 4482 commendat
1307 4427 1596 4497 epistolas;
1630 4436 1688 4483 ut
1713 4430 1835 4496 quia

239 4513 370 4570 dum
424 4514 554 4588 [Αι.,
586 4525 641 4572 et
666 4517 1126 4588 quandoquidem]
1153 4517 1360 4573 meritis
1388 4516 1698 4574 satisfacere
1727 4534 1832 4573 non

1941 4162 2036 4217 qrte
2080 4144 2351 4215 petierint,
2391 4144 2481 4214 ﬁet
2506 4142 2581 4199 eis
2624 4159 2658 4197 α
2712 4141 2869 4196 Patre
2907 4158 3019 4198 meo
3064 4143 3149 4215 qui
3184 4142 3240 4197 in
3281 4142 3422 4197 castis
3460 4151 3539 4196 est

1942 4238 2157 4309 (Matth.
2186 4256 2333 4305 xvtn,
2356 4237 2467 4309 19).
2498 4236 2710 4308 Alioqui
2734 4236 2906 4292 sinon
2932 4251 3095 4291 unum
3116 4235 3256 4291 velle
3283 4244 3340 4291 et
3369 4250 3533 4290 unum

1944 4335 2088 4391 nolle
2135 4335 2382 4401 habetis,
2418 4333 2607 4391 melius
2656 4341 2742 4389 est
2789 4341 2847 4387 ut
2896 4348 3005 4389 non
3049 4331 3208 4387 simul
3258 4330 3534 4387 habitetis.

1942 4426 2068 4482 Ideo
2094 4426 2289 4481 mando
2328 4440 2431 4497 ego
2452 4424 2623 4492 vobis,
2647 4433 2706 4480 ut
2748 4438 2937 4480 omnes
2961 4425 3055 4494 qui
3096 4422 3225 4477 mihi
3263 4436 3332 4478 ex
3374 4420 3539 4478 corde

1946 4518 2131 4574 volunt
2176 4518 2516 4583 consentire,
2563 4523 2619 4572 et
2660 4530 2878 4571 sensum
2909 4520 3209 4584 agnoscunt
3257 4528 3440 4569 meum
3482 4521 3539 4569 ct

239 4608 548 4677 potuimus,
594 4614 780 4678 utpote
825 4606 1273 4663 tumultuantibus
1317 4608 1496 4678 potius
1532 4622 1692 4678 quam
1750 4623 1835 4661 ra-
1867 4594 1914 4651 ι)
1941 4619 2142 4679 amant,
2164 4610 2274 4667 sint
2297 4626 2419 4667 cum
2450 4624 2575 4665 vero
2611 4622 2844 4678 sequaoe
2874 4621 2996 4662 meo
3027 4605 3225 4675 Attalo,
3264 4606 3354 4676 qui
3376 4604 3406 4644 δ
3445 4614 3539 4661 aut

166 4704 181 4755 ί
240 4695 658 4767 tiocinantibus,
684 4707 879 4754 vestra:
907 4708 1048 4755 mata
1079 4698 1237 4773 [Leg.
1272 4698 1532 4771 maturae]
1578 4709 1834 4772 punctum

238 4787 582 4842 auctoritatis
620 4788 990 4858 postulamus,
1036 4806 1157 4846 cum
1210 4789 1395 4863 [Forte
1427 4800 1484 4845 ut
1513 4807 1637 4847 cum
1681 4789 1825 4862 jud.]

235 4877 443 4949 judicio
472 4880 615 4935 inter
629 4880 806 4951 justos
834 4883 1101 4953 possimus
1115 4884 1296 4939 vivere
1316 4899 1436 4939 cum
1460 4884 1834 4941 ecclesiastica:

237 4986 378 5042 pace
406 4972 643 5041 unitatis,
671 4974 811 5029 sicut
835 4974 1005 5030 sancti
1034 4973 1241 5042 Patres,
1272 4973 1602 5047 Polycarpus
1631 4975 1834 5031 scilicet

236 5072 295 5117 et
343 5079 483 5133 papa
511 5063 767 5120 Anicetus
806 5064 925 5121 sine
969 5064 1225 5121 seandalo
1276 5064 1416 5134 fidei,
1447 5065 1556 5123 imo
1597 5081 1720 5122 cum
1753 5066 1834 5121 in-

239 5158 394 5222 tegra
422 5154 688 5212 charitate
719 5163 1050 5228 separantes,
1084 5155 1449 5227 unusquisque
1469 5156 1611 5227 quod
1642 5156 1836 5227 accipit

235 5245 395 5322 [Leg.
428 5246 657 5322 accepit]
682 5263 923 5315 servans,
948 5259 1002 5304 ct
1023 5250 1074 5304 in
1104 5263 1211 5320 quo
1236 5262 1460 5306 vocatus
1487 5257 1591 5312 est,
1624 5263 1832 5319 perma-

237 5353 400 5405 nens,
430 5338 755 5397 docuerunt.
784 5340 915 5397 Vale
936 5382 952 5407 ,
985 5340 1292 5397 dulcissime
1332 5342 1383 5395 in
1419 5340 1635 5395 Christo
1659 5355 1832 5412 papa;

238 5444 456 5487 memor
485 5432 655 5487 nostri
685 5432 739 5487 in
762 5432 963 5488 sanctis
987 5431 1322 5486 orationibus
1345 5429 1495 5500 juxta
1525 5437 1834 5485 sanctorum

240 5524 480 5594 cineres,
510 5531 567 5580 et
595 5523 646 5579 in
675 5525 928 5595 piissimis
966 5524 1336 5580 sanctionibus
1358 5524 1511 5593 juxta
1540 5522 1841 5578 Constanti-

244 5615 579 5685 nopolitanae
621 5615 815 5687 synodi
859 5622 1075 5671 centum
1117 5614 1505 5686 quinquaginta
1553 5620 1835 5683 auctores,

320 5758 347 5831 ξ
382 5747 535 5831 Circa
557 5749 673 5831 ead.
706 5749 833 5820 Leg.
857 5765 959 5806 NON
989 5751 1127 5831 circa
1146 5750 1263 5803 cad.
1283 5748 1355 5831 AEt
1372 5764 1518 5831 prox,
1546 5762 1613 5831 ur
1643 5766 1835 5831 pugna.

322 5817 346 5855 δ
398 5821 500 5873 Aul
544 5820 699 5876 sit....
758 5817 845 5875 aut
890 5830 1022 5892 post.
1072 5819 1173 5876 Pro
1204 5829 1322 5888 aut,
1369 5818 1507 5875 forte
1555 5817 1839 5890 utrobique

1942 4705 2012 4758 sit
2038 4703 2145 4770 ibi,
2187 4711 2281 4758 aut
2309 4710 2435 4772 post
2463 4714 2549 4756 me
2585 4698 2714 4754 velit
2739 4697 2953 4764 venire,
2980 4712 3089 4753 suae
3114 4696 3186 4753 sit
3210 4695 3492 4753 electionis
3518 4712 3533 4749 :

1941 4810 2039 4851 suo
2058 4794 2201 4851 enim
2230 4792 2409 4849 sensui
2439 4793 2739 4847 animarum
2757 4798 3057 4846 vestrarum
3088 4788 3403 4860 periculum,
3426 4803 3525 4844 vos

1941 4887 2015 4941 illi
2046 4886 2286 4942 obedite.
2318 4883 2425 4940 Sed
2474 4883 2521 4942 si
2566 4883 2658 4939 ille
2689 4882 2875 4938 venire
2914 4881 3176 4948 voluerit,
3216 4880 3534 4936 Valdolenas

1940 4980 2009 5037 sit
2032 4978 2366 5051 praepositus,
2396 4976 2520 5048 quia
2550 4976 2658 5033 cito
2686 4974 2799 5032 Deo
2829 4974 3124 5030 auxiliante
3150 4972 3350 5044 poterit
3377 4972 3536 5027 intel-

1938 5073 2105 5143 ligere
2149 5077 2377 5126 certum.
2440 5067 2549 5124 Sed
2594 5057 2808 5124 interim
2833 5075 3023 5123 cavete
3052 5081 3120 5123 ne
3147 5066 3218 5121 sit
3246 5065 3388 5121 inter
3413 5078 3530 5130 vos,

1937 5164 2029 5235 qui
2071 5179 2235 5219 unum
2278 5168 2463 5218 votum
2506 5159 2704 5216 habeat
2748 5160 2889 5216 inter
2928 5173 3058 5225 vos,
3094 5157 3403 5228 quicunque
3442 5154 3534 5209 ille

1937 5252 2097 5309 fuerit
2122 5271 2134 5307 :
2159 5252 2279 5323 plus
2301 5251 2445 5307 enim
2470 5250 2625 5307 nobis
2649 5258 2947 5307 nocuerunt
2961 5290 2977 5318 ,
2997 5249 3091 5320 qui
3113 5247 3254 5319 apud
3280 5260 3380 5302 nos
3400 5258 3533 5300 una-

1948 5344 2121 5400 nimes
2146 5357 2254 5398 non
2284 5340 2519 5397 fuerunt.

2015 5436 2081 5491 ll.
2129 5434 2208 5491 Tu
2261 5435 2402 5502 scis,
2448 5434 2815 5490 amantissime
2840 5432 3057 5500 Attalo,
3104 5429 3199 5499 qui
3225 5428 3407 5486 sensui
3433 5434 3530 5484 tuo

1941 5528 2156 5585 onerosi
2201 5527 2344 5594 sint;
2397 5527 2612 5599 depone
2654 5527 2952 5594 continuo,
2981 5532 3189 5579 tantum
3228 5537 3351 5580 cum
3393 5536 3530 5593 pace

1942 5624 2183 5694 deponas
2225 5628 2282 5679 et
2324 5636 2446 5679 cum
2475 5620 2671 5691 regula:
2714 5618 2957 5686 unitate,
2988 5623 3197 5674 tantum
3242 5614 3529 5672 Librarum

1945 5754 2229 5827 legendum
2269 5770 2356 5808 an.
