4052 6332
440 278 462 307 χ

452 388 459 393 _
516 310 612 364 eri

510 701 594 760 'l‘u
623 720 752 761 vero
780 703 974 760 indolis
997 702 1296 759 imbuenda:
1324 704 1428 759 scis
1470 704 1561 760 diu
1592 711 1776 759 votum
1802 719 2014 769 meum;
2044 703 2090 758 si

509 799 707 856 videris
737 799 845 856 illic
872 800 1171 869 profectum
1209 799 1543 865 animarum,
1574 806 1658 854 sta
1687 797 1788 865 ibi;
1818 797 1864 853 si
1908 797 2104 853 videris

1760 313 1819 369 S.
1859 310 2252 369 COLUMBANI
2292 311 2580 370 ABBATIS

415 415 425 445 ⁸
514 428 741 492 honora,
773 438 827 483 et
856 444 1068 497 semper
1109 430 1443 485 Vatdotenum
1490 438 1636 494 tene,
1668 430 1714 485 si
1744 428 1851 485 illic
1877 430 1948 484 sit
1974 443 2094 484 cum
2130 435 2171 489 Α
2205 425 2295 481 tibi
2325 426 2465 481 volui
2494 427 2727 484 scribere
2757 430 3070 500 epistolam;
3110 434 3241 503 quia
3286 435 3303 508 [
3330 433 3452 507 Leg.
3504 436 3600 492 sed
3630 439 3756 508 quia
3786 430 3799 501 Ι

512 520 970 590 congrrgatione;
1000 521 1138 576 bene
1168 522 1242 575 illi
1270 519 1410 576 Deus
1448 520 1627 585 faciat,
1661 520 1876 575 humilis
1904 519 2018 587 liat,
2048 532 2103 575 et

508 627 691 669 meum
716 612 791 667 illi
811 612 880 667 da
901 613 1165 679 osculum,
1181 611 1324 681 quod
1343 621 1469 668 tunc
1488 611 1745 667 festinans
1767 628 1875 667 non
1899 611 2104 666 habuit.

3691 321 3797 378 9.72

2213 516 2324 572 scio
2352 532 2449 572 cor
2480 525 2629 572 tuum
2671 518 2872 576 idcirco
2900 524 3226 579 necessariis
3279 534 3487 580 tantum
3533 526 3803 597 allegatis,

2213 606 2360 662 duris
2390 615 2445 664 et
2472 607 2600 679 ipsis
2645 610 2969 681 arduisque,
3004 612 3176 670 altero
3214 615 3355 687 style
3390 632 3516 672 usus
3541 632 3660 671 sum
3690 634 3806 675 ma-
3886 676 3903 693 νη

2210 698 2325 780 lens
2345 699 2599 756 obturare
2623 716 2784 773 quam
2806 719 3103 772 provocare
3126 706 3411 779 lacrymas.
3448 701 3603 763 Fiiris
3625 709 3807 779 itaque

2206 800 2360 849 actus
2395 801 2479 847 est
2508 808 2685 849 sermo
2731 796 2896 866 mitis,
2938 796 3085 853 intus
3113 797 3351 855 inclusus
3389 808 3473 856 est
3516 801 3692 858 dolor.
3723 802 3807 859 En

512 892 767 964 pericula,
799 891 920 947 veni
960 890 1083 946 inde
1117 907 1129 941 :
1172 889 1409 961 pericula
1440 897 1617 944 autem
1646 888 1790 953 dico,
1823 888 2103 945 discordia:
2206 892 2461 954 promunt
2485 884 2670 959 [Forte
2695 886 3039 960 promanaut]
3069 889 3316 961 lacryma:
3346 907 3360 944 :
3391 890 3485 946 sed
3506 893 3697 948 melius
3723 903 3805 948 est

508 984 780 1052 pericula;
834 983 997 1039 timeo
1037 983 1181 1039 enim
1210 1000 1279 1039 ue
1308 992 1364 1039 et
1400 983 1508 1039 illic
1538 992 1758 1055 propter
1796 981 2001 1039 Pascha
2029 983 2103 1038 sit
2201 976 2458 1035 obturare
2485 979 2723 1049 fontem;
2750 996 2860 1037 non
2888 981 3033 1037 enim
3064 980 3218 1040 fortis
3246 982 3429 1039 militis
3457 992 3542 1039 est
3571 986 3623 1039 in
3657 985 3802 1041 bello

503 1073 769 1130 discordia
795 1115 812 1143 ,
844 1088 912 1129 ne
941 1074 1103 1143 forte,
1141 1074 1359 1132 diabolo
1388 1075 1706 1144 insidiante,
1737 1090 1834 1132 vos
1862 1075 2100 1131 alienare

504 1165 687 1230 velint,
705 1165 749 1221 si
771 1181 895 1220 cum
916 1165 994 1221 eis
1016 1180 1204 1236 pacem
1231 1182 1337 1222 non
1370 1167 1599 1222 teneatis
1625 1185 1638 1221 :
1672 1166 1934 1222 inﬁrmius
1954 1167 2097 1222 enim

499 1271 643 1311 nunc
670 1256 786 1311 sine
808 1272 894 1312 me
924 1256 993 1312 ibi
1022 1267 1167 1314 stare
1190 1257 1462 1313 videmini.
1483 1257 1868 1314 ’ldcircoeauti
1898 1265 2094 1329 estote,

499 1347 907 1404 considerantes
967 1356 1214 1420 tempus,
1268 1363 1375 1420 quo
1426 1364 1610 1404 sanam
1664 1364 1774 1405 non
1828 1350 2096 1405 sustinent

498 1437 800 1494 doctrinam
832 1438 936 1510 (Il
964 1439 1096 1494 Tim.
1126 1455 1200 1509 tv,
1227 1439 1302 1510 5).
1349 1438 1460 1496 Vos
1504 1440 1650 1512 ipsos
1676 1439 1974 1507 docete,-et
2000 1440 2092 1511 qui

498 1528 666 1585 velint
688 1531 910 1586 audire:
939 1538 1147 1586 tantum
1169 1532 1310 1586 inter
1332 1547 1430 1588 vos
1449 1547 1556 1586 non
1586 1532 1656 1586 sit
1680 1532 1771 1601 qui
1795 1547 1958 1586 unum
1982 1548 2088 1587 non

495 1622 586 1679 sit.
643 1622 771 1680 Paci
825 1624 967 1680 enim
1020 1625 1252 1681 maxime
1295 1626 1548 1697 provide,
1576 1625 1837 1681 sollicitus
1875 1640 2089 1695 semper

493 1734 697 1775 servare
742 1718 990 1774 unitatem
1039 1720 1252 1787 spiritus
1302 1722 1358 1774 in
1420 1720 1619 1773 vinculo
1655 1719 1800 1790 pacis
1848 1717 2081 1789 (Epltes.

2201 1068 2437 1141 plorare.
2493 1071 2611 1128 Non
2663 1082 2748 1129 est
2775 1073 2880 1130 hoc
2908 1090 3108 1131 novum
3155 1076 3301 1147 quod
3352 1078 3506 1133 nobis
3533 1079 3800 1148 contigit:

2200 1159 2306 1216 hoc
2340 1162 2573 1218 maxime
2596 1164 2834 1234 quotidie
2862 1166 3306 1235 praedicebamus.
3348 1167 3581 1234 Quidam
3616 1170 3799 1239 philo-

2196 1251 2399 1322 SOphus
2449 1253 2618 1320 olim,
2660 1255 2959 1326 sapientior
3005 1257 3254 1323 caeteris,
3305 1274 3373 1313 eo
3416 1260 3559 1329 quod
3608 1269 3799 1315 contra

2196 1342 2435 1397 omnium
2465 1343 2775 1414 opinionem
2804 1361 2967 1401 unum
3002 1346 3171 1403 Dium
3199 1363 3317 1404 esse
3345 1348 3563 1415 dixerit,
3590 1350 3645 1406 in
3675 1367 3802 1407 car-

2193 1448 2371 1490 cerem
2399 1443 2579 1492 trusus
2608 1445 2708 1493 est.
2734 1437 3021 1509 Evangelia
3052 1441 3208 1512 plena
3230 1450 3356 1498 sunt
3384 1443 3452 1500 de
3481 1444 3582 1500 hac
3605 1461 3794 1509 causa,

2192 1536 2246 1582 et
2274 1525 2394 1582 inde
2416 1536 2540 1583 sunt
2562 1529 2795 1586 maxime
2819 1533 3125 1602 conscripta
3152 1550 3165 1586 :
3192 1533 3307 1589 haec
3329 1550 3371 1589 er-
3390 1543 3411 1588 t
3431 1535 3575 1590 enim
3597 1539 3801 1594 veritas

2192 1619 2505 1691 Evangelii,
2559 1631 2618 1677 ut
2663 1638 2791 1679 vere
2828 1622 3029 1680 Christi
3082 1624 3324 1681 cruciﬁxi
3373 1628 3622 1698 discipufi
3674 1643 3795 1685 ...πη

2188 1722 2481 1784 sequantur
2527 1731 2648 1771 cum
2682 1732 2864 1773 cruce.
2917 1717 3134 1775 Grande
3176 1721 3483 1791 exemplum
3513 1732 3795 1779 ostensum

495 1826 571 1877 tv,
601 1810 677 1882 3).
707 1810 843 1879 Quid
871 1814 1011 1867 enim
1048 1812 1266 1883 prodest
1294 1813 1493 1868 habere
1524 1827 1740 1882 corpus,
1772 1821 1827 1867 et
1853 1828 1959 1868 non
1992 1814 2086 1869 ha-
2122 1814 2164 1871 Β
2192 1815 2293 1875 est,
2324 1808 2526 1880 grande
2555 1820 2952 1866 sacramentum
2974 1811 3304 1868 declaratum
3335 1822 3415 1870 est
3444 1832 3456 1867 2
3492 1813 3584 1869 Dei
3623 1815 3794 1871 Filius

492 1903 620 1958 bere
642 1905 770 1959 cor?
800 1903 1022 1959 Fractus
1053 1920 1170 1959 sum
1187 1942 1202 1967 ,
1232 1904 1421 1970 fateor,
1448 1904 1551 1957 hac
1574 1918 1767 1966 causa,
1793 1903 1916 1958 dum
1943 1903 2082 1959 volui

492 2000 635 2048 totos
658 1992 934 2063 adjuvare,
959 1995 1069 2064 qui,
1103 2011 1217 2049 cum
1238 1980 1493 2065 loquebar
1518 1993 1623 2049 illis
1646 2031 1662 2059 ,
1700 1994 2082 2065 impugnabant

485 2102 565 2139 me
595 2086 756 2157 gratis
780 2085 1006 2156 (Psatm.
1038 2102 1182 2151 cxtx,
1211 2086 1264 2156 7)
1293 2105 1305 2138 :
1339 2095 1395 2141 et
1422 2085 1547 2141 dum
1576 2085 1828 2153 omnibus
1848 2084 2078 2151 credidi,

487 2190 625 2245 pene
667 2178 841 2232 factus
890 2193 1007 2232 sum
1048 2177 1259 2232 stultus.
1293 2176 1420 2233 Ideo
1471 2185 1522 2230 tu
1574 2175 1890 2246 prudentior
1918 2184 2076 2231 esto:

488 2266 614 2322 nolo
642 2267 838 2323 subeas
876 2275 1084 2325 tantum
1114 2285 1284 2335 onus,
1318 2269 1416 2324 sub
1444 2283 1552 2339 quo
1582 2283 1683 2338 ego
1711 2270 1899 2325 sudavi
1932 2287 1945 2324 :
1976 2269 2082 2325 scis

490 2359 595 2427 iam
623 2360 864 2429 guttulaa,
895 2375 991 2416 seu
1035 2376 1168 2417 mea:
1195 2360 1430 2417 scientie
1461 2362 1818 2431 parvitatem:
1844 2362 2077 2418 didicisti

486 2450 669 2504 omnia
701 2451 951 2507 omnibus
997 2451 1288 2507 convenire
1330 2452 1565 2517 monita,
1613 2453 1739 2522 quia
1784 2469 1963 2508 mores
1991 2454 2076 2508 di-

485 2542 625 2597 versi
652 2552 795 2609 sunt,
828 2552 883 2599 et
908 2544 1195 2615 qualitates
1228 2544 1504 2600 hominum
1530 2546 1688 2615 longe
1712 2545 1912 2600 distant
1938 2547 2079 2601 inter

483 2647 560 2688 se.
594 2632 700 2689 Sed
727 2634 853 2703 quid
881 2634 1057 2689 facio?
1083 2632 1202 2689 Jam
1234 2642 1287 2690 te
1308 2634 1375 2689 ad
1404 2636 1643 2692 laborem
1670 2636 1818 2691 illum
1852 2637 2076 2692 immen-

484 2736 603 2794 sum
633 2725 941 2793 provocabo
962 2765 978 2791 ,
1010 2724 1154 2794 quod
1201 2737 1301 2794 ego
1333 2724 1475 2797 fugio
1511 2726 1663 2796 ip:e:
1714 2726 1761 2782 si
1808 2742 2074 2797 apeiuero

481 2814 739 2886 doctrina:
786 2815 1195 2883 diversitatem,
1244 2818 1580 2888 temperabo.
1634 2816 1776 2889 Ergo
1830 2819 2075 2874 divenus

482 2914 631 2975 esto,
684 2915 739 2962 et
772 2908 1052 2980 multiplex
1080 2907 1147 2964 ad
1174 2925 1360 2965 curam
1387 2926 1574 2966 eorum
1608 2910 1698 2980 qui
1732 2910 1825 2965 tibi
1854 2910 2076 2966 obedie-

483 3000 590 3053 rint
618 3014 740 3054 cum
773 2998 875 3057 [ide
904 3010 956 3056 et
988 3015 1198 3068 amore;
1227 3001 1321 3057 sed
1353 3008 1408 3057 tu
1440 3011 1495 3057 et
1527 3002 1698 3073 ipsum
1724 3018 1914 3058 eorum
1945 3003 2073 3058 time

440 3120 460 3133 ι
480 3106 741 3159 amorem,
772 3093 895 3163 quia
928 3094 1020 3163 tibi
1050 3093 1382 3164 periculosus
1410 3096 1531 3150 erit.

548 3185 632 3242 lll.
665 3186 773 3244 Sed
799 3187 1057 3257 angustia:
1105 3187 1337 3258 undique
1373 3197 1518 3255 sunt,
1550 3188 1893 3255 cliarfssime;
1928 3189 2064 3259 peri-
2097 3209 2145 3270 ο

485 3280 681 3353 cu'um
721 3280 768 3336 si
822 3279 1067 3347 oderint,
1112 3280 1411 3352 periculum
1458 3282 1502 3336 si
1552 3282 1869 3338 amaverint.
1917 3280 2067 3337 Scito

479 3382 705 3444 utraque
726 3390 854 3430 vera
875 3389 1027 3442 esse;
1059 3374 1183 3430 inde
1207 3374 1290 3430 vel
1317 3375 1489 3439 odire,
1518 3375 1600 3429 vel
1623 3390 1804 3429 aniare
1830 3392 1842 3427 :
1870 3374 1923 3430 in
1944 3374 2068 3430 odio

478 3481 613 3535 pax,
647 3467 702 3521 in
747 3482 932 3524 amore
974 3467 1254 3539 integritas
1307 3468 1467 3538 perit.
1517 3467 1665 3523 Tene
1712 3468 1872 3536 igitur
1916 3475 1969 3523 te
1999 3467 2066 3520 ad

481 3558 638 3615 unius
661 3558 913 3616 desiderii
944 3560 1226 3631 impetum,
1258 3574 1366 3629 quo
1399 3575 1576 3614 meum
1607 3560 1711 3616 scis
1736 3574 1831 3614 cor
1851 3558 2065 3613 deside-

478 3665 620 3708 rare.
652 3652 771 3710 Scis
800 3668 885 3711 me
912 3669 1095 3709 amare
1124 3655 1411 3708 multorum
1438 3653 1690 3718 salutem,
1717 3663 1771 3707 et
1797 3662 2064 3709 secretum

477 3742 854 3816 mihimetipsi;
886 3762 1050 3801 unum
1079 3762 1176 3816 pro
1216 3744 1461 3816 profectu
1491 3744 1733 3810 Domini,
1759 3743 1809 3798 id
1833 3751 1934 3808 est,
1964 3741 2064 3797 Ec-

474 3837 652 3897 clesia:
677 3836 823 3907 ejus;
869 3838 1099 3895 alterum
1144 3853 1244 3909 pro
1294 3837 1464 3908 ipsius
1490 3835 1786 3902 desiderio;
1826 3836 1922 3892 sed
1951 3834 2066 3889 hinc

475 3936 599 3984 vota
626 3937 753 3984 sunt
781 3930 958 4000 potius
985 3930 1039 3985 in
1078 3945 1163 3985 me
1199 3945 1363 4000 quam
1409 3936 1569 3996 acta;
1621 3928 1673 3982 in
1708 3935 1759 3982 te
1784 3942 1914 3983 vero
1957 3927 2065 3982 sint

475 4019 736 4092 perfecta,
764 4036 883 4089 oro,
909 4022 1053 4094 quia,
1072 4037 1158 4078 me
1183 4024 1427 4091 absente,
1444 4028 1672 4091 utraque
1701 4028 1856 4091 potes
1885 4019 1967 4074 vel
1996 4035 2061 4075 ex

476 4122 629 4184 parte
658 4127 1027 4184 cognoscere:
1059 4130 1163 4170 non
1206 4113 1402 4185 jubens
1451 4124 1633 4168 tamen
1678 4113 1878 4169 scribo.
1911 4112 2063 4167 Scito

476 4205 637 4275 igitur
689 4220 869 4261 meum
898 4205 963 4261 ad
991 4212 1133 4261 totos
1158 4206 1363 4276 jussum
1385 4245 1401 4273 ,
1442 4213 1500 4260 ut
1527 4205 1650 4277 quia
1681 4204 1887 4259 diversa
1918 4204 2061 4258 sensi

474 4294 764 4352 multorum
794 4304 917 4353 vota
946 4296 1013 4352 ad
1043 4294 1349 4351 firmitatem
1381 4295 1576 4365 regula:
1606 4295 1961 4361 retinendam,
1995 4298 2059 4349 al

374 4404 377 4411 ’
474 4381 709 4441 radicem
738 4402 916 4443 ramos
939 4386 1119 4457 ligari,
1144 4368 1236 4456 qui
1264 4386 1344 4442 sui
1372 4387 1658 4456 fragilitate
1687 4402 1717 4441 a
1747 4402 1867 4442 mea
1897 4404 2057 4459 parvr

472 4476 858 4533 deciinaverint
879 4478 1011 4551 [At.,
1040 4477 1404 4534 declinaverit:
1429 4476 1470 4549 ι]
1516 4476 1789 4544 firmitate,
1815 4478 1865 4532 id
1896 4486 1995 4545 ist,
2029 4494 2057 4532 a

470 4567 728 4622 doctrina:
744 4576 1081 4624 recesserunt
1103 4570 1349 4624 veritate.
1364 4568 1463 4637 Qui
1483 4568 1624 4625 enim
1644 4585 1859 4626 sensum
1880 4586 2054 4626 meum
2093 4605 2138 4663 ο

473 4659 824 4723 servaverint,
856 4659 933 4715 sic
986 4660 1096 4716 Deo
1138 4662 1391 4727 serviant,
1425 4662 1686 4731 eligentes
1714 4677 1927 4733 semper
1951 4664 2052 4719 sibi

432 4772 439 4779 ι
472 4751 827 4821 sapientiores
854 4762 911 4808 et
938 4754 1314 4825 religiosiores,
1341 4757 1384 4812 si
1415 4765 1595 4812 tamen
1621 4756 1849 4814 humiles
1875 4758 1981 4814 sint
2004 4782 2014 4811 t
2039 4770 2058 4814 t

474 4843 869 4900 misericordes.
898 4844 1213 4917 Quicunque
1241 4848 1351 4903 sint
1377 4849 1622 4915 rebelles,
1648 4847 1794 4905 foras
1815 4860 2007 4905 exeant
2042 4870 2051 4902 :

473 4933 779 5004 quicunque
825 4935 931 4991 sint
960 4936 1294 5005 obedientes,
1328 4938 1423 5008 ipsi
1457 4938 1588 4994 liant
1619 4941 1875 4996 lizeredes.
1932 4940 2055 4994 llae:

473 5035 529 5082 tu
557 5028 818 5096 observa;
849 5038 905 5085 et
946 5030 1251 5101 quicunque
1298 5032 1404 5087 mei
1452 5043 1577 5087 sunt
1628 5050 1694 5088 ex
1746 5033 1973 5103 integro,
2005 5044 2058 5089 et

472 5128 693 5190 propter
741 5121 1001 5177 unitatem
1048 5130 1102 5176 et
1145 5123 1496 5179 humilitatem
1527 5168 1542 5193 ,
1589 5125 1834 5195 quamvis
1872 5126 2057 5193 multi,

472 5210 685 5267 Christo
725 5227 821 5267 Vcs
848 5213 1105 5268 dila'ante
1133 5221 1189 5267 et
1213 5213 1636 5284 multiplicante,
1668 5215 1802 5281 sitis,
1836 5215 1901 5270 ad
1932 5224 2054 5271 eum

470 5302 560 5370 qui
586 5301 738 5372 juxta
767 5303 933 5359 altare
962 5303 1102 5375 quod
1128 5314 1346 5361 sanctus
1374 5306 1536 5360 Aidus
1560 5306 1845 5377 epis-coitus
1893 5308 2055 5365 benc-

471 5394 627 5464 dixit,
658 5396 770 5454 Deo
796 5400 1059 5467 servierit,
1088 5416 1278 5456 omnes
1312 5401 1598 5472 aspiciant.
1651 5401 1857 5471 Idcirco
1885 5414 1939 5460 et
1966 5415 2051 5473 tu,

454 5490 517 5545 si
545 5506 633 5546 me
659 5491 880 5548 istorum
909 5494 1327 5565 persecutio.....

540 5581 631 5641 IV.
671 5581 798 5644 llzec
842 5586 1030 5654 scripsi
1078 5594 1301 5658 propter
1344 5587 1579 5642 incertos
1624 5588 1802 5643 exitus
1850 5605 2051 5645 rerum.

473 5670 577 5728 Mei
623 5674 734 5729 voti
776 5676 871 5730 fuit
918 5686 1105 5744 gentes
1133 5678 1383 5742 visitare,
1427 5687 1481 5734 et
1530 5678 1876 5748 Evangelium
1917 5682 1995 5737 eis
2024 5697 2053 5735 a

458 5764 629 5835 Jnobis
659 5767 967 5834 praedicari;
1008 5768 1100 5822 sed
1146 5767 1209 5822 fel
1241 5770 1404 5825 modo
1444 5770 1711 5827 referente
1756 5788 1938 5828 eorum
1972 5782 2053 5827 te-

474 5869 681 5926 porem,
714 5871 1056 5928 penemenm
1086 5858 1201 5913 tulit
1234 5860 1354 5916 inde
1384 5861 1641 5919 animum.
1679 5863 1997 5936 Lacryniosa
2022 5882 2050 5917 ti

2186 1897 2521 1954 voluntarius
2574 1900 2811 1971 (oblatus
2841 1908 2916 1955 est
2964 1902 3140 1969 enim,
3181 1904 3301 1975 quia
3330 1905 3439 1974 ipse
3462 1905 3618 1959 valuit
3643 1903 3784 1977 [lsa.

2185 2005 2298 2059 Litt,
2326 1989 2456 2062 7]),
2503 2008 2718 2048 crucem
2746 1992 2987 2050 ascendit
3028 2003 3089 2049 ut
3128 2011 3275 2063 reus,
3304 1997 3595 2069 relinquens
3641 1998 3791 2053 nobis

2185 2082 2266 2149 (ut
2287 2082 2543 2152 scriptum
2568 2083 2683 2153 est)
2708 2086 3020 2154 exemptum,
3046 2094 3100 2139 ut
3126 2103 3401 2157 sequamur
3427 2092 3639 2163 vestigia
3670 2093 3786 2161 ejus

2185 2170 2238 2238 (I
2274 2170 2412 2225 Petr.
2440 2188 2496 2237 ιι,
2523 2172 2635 2243 21).
2680 2173 2875 2231 Beatus
2912 2175 3076 2246 igitur
3098 2187 3181 2234 est
3217 2180 3309 2249 qui
3331 2180 3487 2249 hujus
3517 2185 3785 2253 passionis

2182 2270 2236 2315 et
2265 2261 2418 2317 istius
2446 2262 2777 2321 confusionis
2808 2266 2866 2321 fit
2894 2270 3184 2339 particeps.
3230 2269 3377 2325 Inest
3406 2273 3549 2327 enim
3580 2273 3785 2343 aliquid

2181 2354 2494 2413 admirabile
2510 2358 2743 2414 celatum
2763 2379 2772 2411 :
2798 2360 2949 2425 Quod
2964 2362 3105 2416 enim
3119 2363 3330 2419 stultum
3350 2363 3445 2419 Dei
3458 2374 3554 2429 est,
3568 2370 3780 2436 sapien-

2182 2452 2281 2505 tius
2307 2452 2635 2519 hominibus;
2666 2464 2717 2509 et
2737 2457 2872 2525 quod
2901 2457 3162 2529 inﬁrmum
3198 2459 3291 2516 Dei
3321 2471 3419 2529 est,
3462 2464 3647 2534 fortius
3680 2466 3779 2520 Ito-

2179 2544 2403 2600 minibus
2425 2556 2502 2601 est
2531 2547 2583 2619 (I
2607 2548 2726 2604 Cor.
2759 2566 2796 2615 ι,
2828 2549 2940 2623 25).
2982 2551 3174 2606 Mirum
3207 2554 3259 2608 in
3290 2554 3508 2610 modum
3534 2558 3775 2619 cernit‘ir

2179 2635 2231 2690 in
2261 2637 2487 2692 stultitia
2520 2640 2785 2709 sapientia
2818 2641 3245 2711 innumerabilis,
3277 2655 3331 2699 rt
3372 2647 3424 2700 in
3473 2646 3784 2704 intirmitat:

2178 2728 2437 2786 fortitudo
2498 2734 2955 2804 incomparabilis.
3017 2736 3159 2809 Ergo
3209 2738 3279 2793 ibi
3334 2739 3599 2797 absconsa
3653 2755 3781 2798 sunt

2178 2824 2357 2879 omnia
2388 2824 2764 2883 desiderabilia
2794 2829 3090 2898 refrigeria,
3122 2830 3315 2888 salutis
3353 2834 3609 2906 mysteria
3636 2853 3651 2901 ;
3683 2839 3778 2890 sed

2176 2915 2308 2970 dura
2338 2925 2483 2984 sunt,
2513 2927 2568 2973 ut
2595 2921 2830 2990 pretiosa
2871 2923 3013 2989 sint;
3061 2924 3289 2981 obscura
3332 2937 3475 2994 sunt,
3506 2937 3566 2983 ut
3595 2932 3778 3000 paucis

2177 3005 2284 3061 sint
2305 3007 2463 3078 digna
2491 3026 2505 3062 :
2539 3011 2724 3079 paucis
2749 3026 2877 3068 vero
2900 3012 3082 3083 digna,
3116 3017 3241 3084 quia
3283 3018 3441 3074 nimis
3470 3020 3605 3075 miia
3627 3033 3771 3077 sunt.

2177 3092 2362 3166 Itaque
2401 3098 2666 3167 patienter
2694 3101 3052 3157 sustineamus
3080 3105 3259 3160 omnia
3300 3106 3522 3163 adversa
3551 3124 3647 3179 pro
3681 3126 3767 3164 ve-

2177 3186 2364 3253 ritate,
2413 3198 2473 3245 ut
2501 3191 2667 3247 simus
2715 3192 3005 3264 participes
3057 3194 3264 3250 Domini
3318 3199 3674 3266 passionum:
3710 3201 3773 3255 Si

2174 3281 2311 3335 enim
2351 3283 2726 3353 compatiuntur
2748 3323 2763 3349 ,
2794 3286 3225 3356 conregnabimus
3273 3285 3361 3357 (11
3395 3288 3527 3342 Tim.
3560 3306 3617 3356 it,
3650 3289 3771 3349 12).

2172 3370 2313 3437 Quid
2364 3373 2447 3427 his
2497 3373 2853 3443 adjiciendum
2884 3384 3004 3436 est,
3039 3377 3139 3431 nisi
3188 3380 3631 3448 perseverantia?
3674 3382 3771 3446 Qui

2173 3465 2313 3518 enim
2344 3467 2741 3534 perseveraverit
2791 3485 2948 3540 usque
3002 3472 3053 3523 in
3108 3471 3298 3540 ﬁnem,
3332 3472 3413 3525 hic
3467 3474 3638 3529 salvus
3675 3478 3773 3528 erit

2172 3554 2385 3623 (Matth.
2424 3573 2474 3619 x,
2507 3555 2617 3627 22).
2650 3557 2706 3612 ln
2738 3557 2840 3613 line
2884 3560 3024 3613 enim
3051 3560 3314 3629 judicium
3342 3562 3608 3629 consistit,
3631 3571 3687 3618 et
3718 3564 3768 3616 in

2170 3646 2318 3700 exitu
2335 3646 2450 3702 laus
2470 3649 2701 3703 canitur.
2725 3648 2851 3716 Sed,
2874 3658 2933 3704 ut
2949 3651 3019 3705 sit
3040 3667 3415 3722 perseverans,
3434 3662 3556 3709 oret
3571 3654 3769 3724 jugiter

2168 3738 2395 3807 quisque
2424 3739 2677 3794 auxilium
2721 3737 2815 3795 Dei
2855 3756 2975 3795 cum
3004 3742 3149 3795 omni
3182 3743 3378 3798 mentis
3424 3744 3763 3799 humilitate:

2170 3828 2293 3884 Non
2336 3831 2491 3896 enim,
2526 3831 2717 3900 inquit,
2750 3832 2964 3887 volentis
2989 3875 3002 3897 ,
3046 3850 3210 3905 neque
3240 3836 3492 3889 currentis
3512 3876 3526 3902 ,
3554 3836 3644 3890 sed
3668 3834 3764 3890 Dei

2166 3921 2452 3975 miserentis
2482 3932 2559 3975 est
2590 3922 2775 3990 (Rom.
2810 3939 2897 3989 ix,
2934 3914 3055 3992 iii);
3101 3927 3226 3994 quia
3272 3927 3445 3995 major
3493 3937 3546 3982 et
3587 3930 3765 3983 melior

2165 4019 2239 4065 est
2260 4010 2357 4064 Dei
2376 4014 2730 4068 misericordia
2751 4032 2903 4085 super
2933 4006 3035 4069 rita
3066 4015 3233 4088 (Psal.
3264 4034 3392 4087 uti,
3416 4018 3495 4089 ιι),
3524 4022 3763 4090 quamv’s

2164 4100 2306 4157 bona
2354 4103 2616 4169 hominis;
2668 4121 2775 4160 non
2827 4106 2967 4161 enim
3023 4109 3169 4178 digni
3216 4118 3343 4165 sunt
3391 4111 3761 4165 misericordia

2167 4192 2265 4247 nisi
2305 4194 2396 4263 qui
2442 4210 2501 4249 se
2539 4195 2766 4253 miseros
2806 4198 3134 4253 confitentur
3177 4215 3362 4256 coram
3415 4201 3565 4267 Deo,
3598 4210 3654 4256 et
3684 4203 3760 4256 in-

2164 4284 2351 4353 dignos
2402 4300 2461 4341 se
2504 4287 2746 4343 sentiunt
2795 4289 2970 4345 salute
3012 4305 3111 4361 per
3146 4305 3225 4357 se,
3260 4291 3359 4346 nisi
3405 4293 3519 4347 soli
3552 4290 3756 4346 Domini

2164 4376 2531 4433 misericordia
2562 4379 2629 4435 de
2664 4382 2824 4438 tantis
2871 4382 3124 4453 periculis
3162 4384 3480 4454 eripiantur.
3511 4386 3611 4452 Qui
3642 4386 3759 4440 licet

2162 4469 2427 4526 bonorum
2467 4474 2664 4529 conscii
2708 4476 2808 4532 sibi
2844 4477 2952 4532 sint
2978 4493 3237 4549 operum,
3270 4487 3449 4535 tamen
3478 4479 3574 4536 Dei
3615 4480 3752 4550 judi-

2162 4562 2245 4617 cia
2273 4563 2542 4630 timentes,
2570 4574 2626 4621 et
2655 4568 2818 4622 multa
2852 4580 3192 4639 perpetrasse
3237 4570 3431 4638 injusta
3461 4581 3751 4640 gemente-3

2163 4656 2216 4711 in
2248 4657 2340 4713 Dei
2378 4660 2547 4715 solius
2586 4663 2838 4731 pietatem
2878 4664 3151 4719 humiliter
3178 4665 3456 4721 conﬁdunt
3486 4685 3498 4720 :
3530 4684 3749 4736 quorum

2164 4748 2324 4805 timor
2348 4749 2617 4820 perfectus
2647 4753 2766 4823 plus
2794 4754 2967 4824 placrt
2988 4795 3006 4820 ,
3035 4770 3141 4826 quo
3172 4756 3293 4826 plus
3324 4756 3613 4811 humilitati
3643 4765 3748 4812 stu-

2161 4841 2254 4898 det
2280 4861 2292 4896 :
2323 4842 2710 4916 Beneplacitum
2739 4847 2875 4901 enim
2924 4845 3145 4902 Domino
3172 4865 3326 4916 super
3356 4850 3591 4903 timert‘cs
3618 4866 3742 4907 eum,

2160 4943 2208 4987 et
2255 4937 2309 4988 in
2355 4937 2427 4991 eis
2456 4938 2541 5006 qui
2581 4948 2791 5007 sperant
2820 4956 2972 5009 super
3001 4941 3357 4996 misericordia
3406 4943 3518 5013 ejus
3569 4942 3741 5014 (ΡΜ.

2160 5042 2349 5096 cxm,
2384 5029 2494 5100 11).

2242 5119 2308 5175 ν.
2350 5120 2560 5176 Nullum
2616 5122 2796 5192 itaque
2849 5124 3077 5181 salvabit
3128 5125 3351 5180 dextera
3402 5140 3496 5180 sua
3528 5168 3545 5193 ,
3600 5125 3739 5195 juxta

2161 5215 2382 5270 verbum
2426 5214 2634 5269 Domini
2683 5215 2750 5270 ad
2779 5215 2878 5271 Job
2919 5222 3062 5285 (quo
3114 5216 3561 5286 jnstilicationem
3613 5216 3739 5269 illius

2160 5306 2477 5377 quibusdam
2513 5309 2768 5377 potentie
2795 5309 3179 5379 experimentis
3223 5307 3627 5379 quodammodo
3654 5306 3739 5359 de~

2160 5399 2314 5465 risit,
2337 5400 2522 5454 dicens
2552 5417 2564 5453 :
2597 5398 2662 5453 Et
2689 5410 2807 5455 tunc
2835 5400 3117 5473 conﬁtebor
3146 5403 3281 5472 quod
3307 5401 3512 5455 sulcare
3544 5409 3590 5453 te
3614 5408 3740 5470 pote-

2161 5492 2232 5545 rit
2258 5491 2471 5545 dextera
2497 5499 2588 5545 tua
2618 5491 2755 5563 (Job
2800 5509 2889 5561 XL,
2916 5493 2989 5563 9)
3020 5494 3121 5548 nisi
3171 5492 3260 5563 qui
3299 5493 3576 5549 humiliter
3594 5504 3733 5546 suam

2161 5584 2568 5654 possibilitatem
2594 5625 2610 5652 ,
2654 5593 2707 5639 et
2756 5583 2925 5656 ipsam
2966 5584 3145 5639 datam
3186 5584 3492 5649 exercuerit
3528 5598 3647 5638 cum
3674 5579 3736 5633 ti-

2161 5692 2311 5731 more
2340 5685 2393 5729 et
2421 5666 2737 5731 trcmorein
2767 5676 3155 5732 voluntate.Dei
3174 5717 3189 5743 ,
3212 5692 3374 5732 orans
3406 5676 3729 5743 frequenter:

2164 5764 2249 5821 Ne
2296 5768 2537 5838 projicias
2567 5785 2647 5823 me
2694 5786 2727 5823 α
2772 5770 2904 5840 {acie
2953 5778 3040 5822 tua
3070 5768 3087 5839 (
3115 5767 3258 5822 Paul.
3308 5784 3360 5831 ι,
3396 5768 3505 5838 15)
3531 5785 3545 5834 ;
3574 5776 3627 5821 et
3657 5764 3733 5816 A'e

2164 5863 2382 5932 repellas
2414 5880 2492 5918 me
2522 5881 2551 5916 α
2583 5864 2845 5917 mandatis
2874 5864 2973 5916 tuis
3006 5864 3021 5933 (
3051 5862 3195 5917 I’ml.
3238 5875 3419 5929 cxvm,
3454 5861 3540 5929 10)
3572 5877 3582 5910 :
3614 5856 3727 5926 quia
