4052 6332
337 340 445 396 9.75

1299 342 1655 401 EPISTOLIE
1699 343 1789 401 AD
1830 342 2188 400 DiVliRSOS.
2227 376 2295 388 —
2339 344 2551 404 EPIST.
2597 350 2656 404 V.

3508 352 3612 411 9η

336 475 504 532 stupe,
542 466 600 513 ut
624 458 697 513 ait
745 458 989 527 quidam,
1021 458 1321 531 magnitudo
1373 460 1572 514 uirtutis
1615 456 1917 531 quibusdam
1950 461 1985 512 A
2020 457 2175 524 citur,
2204 469 2355 515 orate
2411 464 2614 518 it-vice
2642 464 2744 519 ceti
2786 464 2855 519 sit
2904 466 3117 535 quidam
3165 467 3303 522 felici
3354 483 3610 526 revocans

335 556 435 623 fuit
482 551 684 608 occasio
727 551 1060 622 perditionis;
1098 551 1189 622 qui
1244 550 1494 605 nimirum
1547 565 1619 605 ex.
1654 564 1762 619 quo
1811 550 1919 620 pul;

332 645 579 713 ebriores
602 651 729 699 sunt
752 642 1054 707 virtutibus,
1070 642 1135 698 ab
1156 642 1475 698 humilitatis
1500 642 1665 711 gradu
1693 640 1918 697 descen-

331 736 488 790 dunt.
518 734 646 790 Inde
665 735 924 807 scriptum
950 743 1035 791 est
1058 753 1072 788 :
1106 734 1218 799 Quo
1237 735 1501 805 pulchrior
1527 751 1582 789 es
1605 775 1621 800 ,
1647 734 1919 801 descende,

329 841 485 897 surge
507 864 523 890 ,
542 836 592 879 el
620 825 788 881 dormi
814 842 928 879 cum
954 826 1324 880 incircumcisis
1346 823 1569 898 (Bacch.
1590 841 1734 880 xit-xu
1751 866 1764 889 ,
1792 823 1916 894 l9);

329 935 399 977 ac
438 920 483 975 si
528 920 645 977 aliis
674 920 851 975 verbis
878 920 1068 974 anima:
1113 918 1317 974 diceret
1358 918 1635 989 superbas:
1666 918 1789 988 quia
1827 926 1919 973 tua

328 1011 622 1068 sanctitate
652 1022 703 1068 te
732 1011 954 1067 elevasti
998 1011 1051 1066 iu
1096 1009 1401 1082 superbiam
1426 1053 1441 1077 ,
1480 1009 1747 1066 descende
1794 1008 1919 1065 inde

330 1104 495 1161 modo
518 1144 538 1172 ,
561 1114 618 1161 et
662 1112 778 1160 esto
825 1104 967 1160 inter
1011 1110 1325 1174 peceatores
1360 1102 1719 1173 computanda
1747 1144 1762 1171 ,
1790 1101 1915 1171 quia

332 1197 467 1253 nihil
495 1197 637 1268 apud
670 1211 757 1253 me
799 1203 881 1252 est
908 1195 1053 1268 quod
1077 1211 1199 1251 eum
1228 1194 1479 1266 superbia
1521 1194 1770 1250 elﬁcitur.
1808 1192 1918 1248 An-

326 1298 487 1359 gusta
517 1332 536 1360 ,
572 1288 748 1354 vides,
779 1298 933 1360 porta
963 1296 1045 1343 cst
1067 1328 1081 1354 ,
1121 1295 1178 1343 et
1215 1286 1400 1358 paucis
1444 1285 1697 1355 degresso
1751 1284 1917 1355 perfe-

327 1380 531 1436 ctionis
551 1380 635 1435 via
655 1422 671 1447 ,
699 1394 821 1449 qua:
848 1396 878 1434 a
908 1378 1041 1433 lmva
1070 1378 1198 1434 vitia
1222 1419 1237 1445 ,
1270 1393 1299 1432 a
1329 1378 1550 1433 dextera
1578 1378 1832 1432 vanitatis
1861 1388 1916 1432 et

325 1471 601 1542 superbia:
636 1470 774 1525 mala
814 1470 1065 1525 declinat.
1099 1466 1461 1525 Gradiendum
1504 1468 1666 1537 igitur
1712 1475 1795 1523 est
1828 1466 1912 1520 via

327 1566 478 1633 regia
506 1564 572 1619 ad
605 1564 875 1620 civitatem
904 1561 998 1617 Dei
1027 1562 1277 1631 viventis,
1300 1576 1397 1632 per
1417 1558 1762 1615 afﬂictioncm
1793 1573 1912 1614 car-

330 1656 416 1711 nis
436 1697 454 1722 ,
481 1664 536 1711 et
572 1654 950 1710 contritionem
992 1653 1201 1721 cordis;
1232 1668 1329 1724 per
1355 1651 1597 1723 corporis
1634 1651 1872 1707 laborem
1897 1692 1910 1719 ,

326 1753 384 1799 ct
434 1745 655 1815 spiritus
699 1744 1163 1810 humiliationem;
1213 1758 1311 1815 per
1350 1744 1583 1800 studium
1628 1750 1911 1809 nostrum,

2024 553 2246 621 remigio
2277 562 2418 608 tutu;
2447 556 2674 622 celatur,
2706 557 2798 625 qui
2823 554 3012 612 Jonam
3036 567 3270 613 vestrum
3304 567 3458 613 terra}
3487 557 3610 613 red-

2022 643 2116 697 dat
2142 652 2357 713 optatm.
2390 643 2493 700 Sed
2519 645 2629 713 jam
2660 662 2802 702 nunc
2828 647 2985 702 ﬁnem
3015 648 3241 718 epistola
3284 649 3610 719 pergaminze

2024 735 2042 807 [
2067 735 2441 807 pergamenas]
2469 751 2681 793 sumere
2715 738 2944 807 cogitur,
2978 738 3104 793 licit
3133 741 3369 794 materim
3399 741 3608 808 magni-

2024 826 2210 881 tudine
2237 828 2481 896 protendi
2510 828 2720 899 longius
2763 831 3101 901 eompeilltur
3131 830 3286 905 [Αι.,
3317 833 3610 903 compella-

2022 920 2163 974 latur
2185 916 2203 990 ]
2224 939 2236 974 :
2260 936 2411 976 amor
2438 936 2542 977 non
2570 930 2718 978 tenet
2742 923 3013 991 ordinem;
3047 924 3173 979 inde
3198 925 3358 981 missa
3388 925 3609 982 confusa

2020 1022 2124 1066 est.
2160 1010 2353 1066 Totum
2383 1011 2562 1069 dicere
2598 1013 2739 1069 volui
2782 1015 2832 1069 in
2862 1016 3049 1080 brevi;
3088 1024 3256 1071 totum
3302 1033 3406 1071 non
3435 1017 3605 1087 potui.

2023 1101 2151 1169 Qua:
2180 1102 2322 1158 volui
2350 1103 2609 1171 scribere,
2629 1104 2772 1159 nolui
2796 1120 2893 1174 pro
2918 1106 3225 1162 diversitate
3251 1109 3605 1163 voluntatum.

2026 1194 2282 1250 Voluntas
2303 1209 2424 1250 mea
2456 1194 2595 1250 forte
2625 1196 2890 1253 lenocinio
2920 1214 3026 1254 non
3057 1200 3341 1266 c:u'et;liut
3361 1202 3609 1257 voluntas

2022 1286 2131 1340 Dei‘
2146 1302 2243 1357 per
2268 1286 2491 1342 omnia:
2526 1287 2616 1343 ille
2664 1288 2708 1341 si
2756 1288 3028 1353 voluerit,
3068 1300 3248 1346 votum
3293 1292 3362 1346 sit
3404 1307 3604 1348 meum.

2024 1376 2130 1432 Vos
2160 1376 2336 1432 videte
2360 1378 2719 1435 conscientias
2746 1388 2983 1446 vestras,
3030 1381 3074 1435 si
3106 1384 3349 1453 puriores
3376 1390 3431 1438 et
3480 1398 3606 1438 san-

2019 1468 2226 1537 ctioresf
2252 1478 2378 1525 sunt
2418 1484 2503 1525 me
2552 1471 2817 1526 absente:
2872 1472 3036 1527 nolite
3083 1488 3168 1527 me
3221 1488 3461 1543 quaerere
3513 1490 3609 1547 per

2019 1576 2293 1627 antorem,
2326 1560 2421 1617 sed
2467 1576 2563 1633 per
2609 1562 2986 1618 necessitatem
3044 1571 3269 1618 tantum.
3322 1563 3437 1618 Non
3495 1564 3609 1619 sitis

2020 1655 2308 1711 occasione
2345 1654 2449 1708 hac
2487 1654 2835 1710 destitutorc-s
2858 1697 2872 1723 ,
2907 1670 3082 1726 neque
3121 1656 3223 1711 hac
3266 1655 3608 1727 separatione

2020 1744 2325 1799 libertatem
2355 1744 2640 1813 quaeratis,
2662 1759 2781 1816 qua:
2811 1760 2906 1801 vos
2934 1746 2985 1800 in
3015 1745 3327 1801 servitutem
3356 1744 3606 1799 vitiouum

326 1836 494 1892 ofﬁcii
524 1853 636 1893 rem
667 1837 925 1907 legitimi,
960 1853 1066 1893 non
1097 1838 1274 1894 meriti
1302 1836 1642 1906 dignitatem,
1667 1844 1748 1903 et,
1772 1836 1913 1908 quod
1947 1836 1989 1895 Β
2022 1837 2245 1905 redigat.
2272 1836 2422 1891 Meus
2451 1845 2553 1899 est,
2578 1837 2668 1906 qui
2699 1844 2846 1891 amat
2869 1836 3162 1902 unitatem;
3191 1853 3296 1892 non
3328 1845 3409 1893 est
3432 1851 3605 1904 meus,

326 1930 414 1986 his
440 1931 610 1999 majus
638 1939 721 1986 est
743 1972 758 1997 ,
787 1947 885 2002 per
911 1932 1109 1987 Christi
1148 1932 1405 2002 gratiam,
1438 1929 1595 1987 ﬁdem
1619 1973 1634 1999 ,
1665 1945 1814 2002 spem
1858 1938 1915 1985 et

324 2022 668 2077 eharitatem.
697 2021 858 2077 Multa
889 2038 1051 2078 earne
1102 2022 1336 2094 pericula
1364 2040 1377 2089 ;
1406 2036 1667 2092 cognosce
1694 2037 1912 2079 causam

326 2115 456 2170 belli
488 2156 503 2180 ,
558 2116 742 2185 gloriae
795 2116 1249 2186 magnitudinem,
1300 2115 1493 2171 fortem
1548 2131 1656 2171 non
1707 2115 1913 2172 nescias

326 2209 580 2276 hostem,
635 2217 690 2264 et
736 2209 1040 2265 libertatem
1090 2210 1145 2265 in
1195 2209 1374 2265 medio
1427 2209 1669 2277 arbitrii,
1702 2218 1910 2280 portam

324 2302 564 2372 intellige
620 2303 861 2358 hostibus
910 2311 1150 2374 apertam
1207 2305 1276 2359 ab
1340 2304 1637 2374 Aquilone;
1687 2303 1808 2359 ideo
1858 2313 1912 2359 et

324 2394 491 2450 llieru
522 2394 659 2450 alem
711 2395 780 2449 ab
835 2393 1100 2465 Aquilone
1153 2394 1570 2466 aperitur;inde
1627 2394 1714 2448 illa
1760 2402 1912 2465 parte

325 2487 579 2542 observat
624 2487 675 2541 in
710 2486 971 2555 Aquilone
1010 2486 1258 2542 inimicus
1285 2486 1551 2542 habitans.
1615 2486 1743 2541 lude
1781 2487 1913 2541 scri-

325 2589 480 2649 ptum
500 2587 582 2633 est
607 2596 620 2631 :
650 2578 726 2631 Ab
741 2579 990 2648 Aquilone
1014 2578 1357 2633 exardescunt
1376 2578 1515 2632 mala
1540 2594 1695 2649 super
1711 2594 1909 2633 omnem

323 2671 918 2744 terram(1er.l,M).
959 2673 1016 2728 Si
1066 2672 1209 2729 tollis
1257 2674 1496 2737 hostem,
1540 2673 1681 2727 tollis
1727 2682 1781 2728 et
1810 2689 1910 2743 pu-

321 2781 519 2833 gnam;
550 2764 593 2819 si
645 2764 786 2820 tol'is
833 2779 1064 2835 pugnam
1086 2805 1101 2830 ,
1130 2764 1271 2819 toll's
1297 2774 1351 2818 et
1387 2779 1643 2818 coronam
1671 2782 1683 2816 :
1713 2764 1757 2820 si
1799 2763 1912 2818 haec

320 2861 463 2923 sint,
489 2859 575 2914 ubi
602 2860 837 2927 fuerint,
859 2859 1052 2924 virtus',
1081 2859 1350 2928 vigilantia
1370 2900 1384 2922 ,
1410 2857 1606 2921 fervor,
1632 2858 1907 2928 patientia,

321 2952 553 3007 ﬁdelitas
579 2993 594 3020 ,
624 2953 882 3021 sapientia
900 2995 914 3019 ,
937 2952 1224 3017 stabilitas,
1249 2952 1530 3021 prudentia
1556 2953 1662 3008 sint
1689 2969 1912 3011 necesse

317 3053 438 3112 θςις
470 3046 514 3101 si
544 3060 682 3112 non,
734 3055 961 3115 strages.
997 3043 1062 3099 Et
1111 3053 1173 3101 ut.
1196 3044 1418 3101 inferam
1444 3045 1542 3101 :Si
1574 3045 1716 3102 tollis
1746 3047 1910 3103 liber-

318 3145 488 3193 tatem
514 3178 529 3204 ,
560 3138 703 3195 tollis
728 3136 1064 3209 dignitatem.
1279 3153 1283 3157 ‘

396 3250 480 3305 Vl.
522 3250 662 3309 Ecce
702 3252 896 3323 quibus
944 3252 1339 3308 circumdamur
1380 3252 1815 3319 diversitatibus;

315 3344 515 3416 quibus
544 3344 973 3413 circumluimur;
1001 3361 1064 3401 ac
1092 3346 1138 3402 si
1166 3346 1431 3417 vortigum
1460 3346 1575 3419 [AL
1604 3348 1904 3419 vorticumj

314 3439 620 3509 fragoribus
644 3479 660 3505 ,
687 3439 999 3495 charissime
1027 3439 1269 3505 discens,
1302 3440 1542 3511 exceptis
1571 3454 1689 3509 qua:
1720 3439 1908 3494 intrin-

313 3545 475 3587 secus
521 3531 717 3594 latent,
749 3539 803 3585 et
824 3530 963 3584 intra
1008 3531 1368 3603 nosmetipsos
1395 3531 1636 3601 quotidie
1678 3532 1909 3588 militant

315 3635 507 3681 contra
538 3640 655 3681 nos.
697 3624 823 3681 Ideo
850 3625 903 3680 in
937 3625 1098 3680 tantis
1121 3624 1369 3696 periculis
1395 3626 1532 3680 velle
1560 3634 1615 3679 ct
1653 3640 1905 3689 currere;

314 3717 448 3773 licet
477 3726 655 3784 tuum,
687 3733 795 3773 nou
820 3726 903 3772 est
930 3726 1110 3773 tuum:
1145 3732 1251 3773 non
1283 3717 1424 3771 enim
1453 3716 1648 3772 sufficit
1686 3714 1903 3771 inﬁrmi-

317 3817 402 3862 tas
444 3807 676 3863 humana
720 3808 859 3863 inter
887 3816 1065 3875 tantas
1092 3808 1343 3864 contrari.
1367 3816 1504 3864 tates
1533 3808 1817 3879 pervenire
1840 3807 1904 3862 ad

310 3897 458 3969 quod
489 3899 637 3965 vult,
679 3899 781 3955 nisi
826 3898 1193 3954 misericordia
1220 3898 1432 3954 Domini
1481 3907 1535 3953 et
1564 3897 1702 3954 velle
1745 3896 1908 3953 faciat

311 3999 439 4047 vota
488 3989 766 4060 gaudentis
812 3989 1105 4060 compleri,
1143 3998 1197 4045 et
1243 4004 1460 4044 currere
1506 3989 1906 4059 prosperitate,

309 4081 403 4153 lap
422 4099 496 4138 -us
525 4093 579 4138 et
607 4083 929 4139 oflendicula
950 4125 966 4150 ,
992 4099 1256 4154 casusque
1284 4084 1585 4140 contrarios
1614 4084 1904 4156 evadente,

310 4190 505 4229 (ursus
529 4174 793 4231 inoﬁ'ense
833 4174 995 4231 ﬁniri.
1026 4175 1367 4247 Quapmpter
1397 4177 1593 4232 mentis
1632 4175 1905 4234 humilitas

308 4265 490 4322 meriti
520 4274 602 4320 est
629 4282 790 4322 causa
817 4307 833 4334 ,
862 4267 979 4323 sine
1009 4268 1210 4323 auxilio
1235 4267 1375 4322 enim
1408 4284 1513 4323 non
1546 4276 1724 4339 potest
1753 4269 1904 4339 adju-

309 4359 456 4423 vari;
508 4374 612 4414 non
658 4367 895 4414 meretur
936 4360 1198 4429 snpeibus
1222 4401 1236 4425 ,
1272 4357 1551 4415 induratur
1578 4359 1900 4428 derelictus;

309 4452 557 4520 ingratus
608 4468 715 4505 non
766 4467 968 4519 orans,
1026 4453 1079 4507 in
1099 4451 1309 4507 levotus
1360 4462 1444 4508 est
1488 4468 1694 4510 servus.
1748 4454 1904 4525 l’iger

307 4541 613 4613 ﬂagellatur
643 4543 695 4597 in
726 4543 833 4597 vita
862 4584 878 4610 ,
908 4543 1269 4599 contemnitur
1296 4543 1572 4601 famulatio
1597 4564 1611 4614 ;
1641 4546 1900 4618 despera-

308 4645 395 4692 tus
420 4636 582 4691 etiam
626 4634 837 4690 fastidio
862 4677 877 4701 ,
910 4636 1101 4705 dignus
1130 4636 1259 4691 viris
1289 4652 1407 4692 esse
1432 4638 1652 4694 minime
1685 4648 1893 4710 reputa-

306 4738 418 4783 tur.
462 4725 598 4794 Quid
628 4742 757 4796 ergo
787 4727 1026 4783 dicemus
1072 4727 1137 4782 ad
1179 4728 1313 4795 hmc,
1345 4743 1379 4783 ο
1417 4743 1516 4783 nos
1566 4728 1782 4793 miseri,
1814 4730 1903 4799 qui

306 4830 599 4890 antequam
629 4820 783 4875 malis
810 4835 996 4877 carere
1017 4836 1307 4891 meremur,
1329 4821 1485 4878 bonis
1513 4823 1667 4879 nobis
1687 4824 1898 4881 blandi-

305 4929 454 4981 mur,
484 4924 538 4966 ct
581 4921 708 4967 ante
749 4912 999 4967 vitiorum
1049 4911 1440 4983 depositionem
1466 4954 1482 4978 ,
1512 4915 1898 4986 perfectionem

305 5004 511 5060 habere
552 5004 863 5074 Speramus!
905 5002 1098 5058 Totum
1145 5005 1282 5061 scire
1322 5006 1587 5076 cupimus,
1618 5016 1786 5063 totmn
1818 5008 1894 5064 fa-

302 5111 431 5152 cere
457 5093 600 5164 quod
652 5096 849 5150 scimus
893 5094 1075 5167 piget,
1107 5104 1388 5166 sperantes
1418 5097 1562 5152 dicta
1603 5115 1702 5169 pro
1742 5100 1896 5156 factis

303 5188 624 5258 repetidcre.
678 5186 881 5241 Forsan
938 5188 1040 5242 hoc
1090 5187 1217 5256 hic;
1261 5189 1538 5254 namlillic
1585 5207 1692 5247 non
1739 5209 1896 5264 posse

302 5279 652 5337 maniftstum
701 5288 784 5336 est
826 5288 950 5335 ante
996 5278 1301 5345 Dominum,
1354 5280 1477 5350 quia
1526 5282 1597 5337 ibi
1653 5302 1761 5340 non
1806 5286 1896 5355 qui

302 5372 504 5427 dixerit
526 5417 540 5438 ,
570 5372 662 5427 sed
694 5372 786 5443 qui
815 5371 1035 5438 fecerit,
1064 5371 1243 5427 salvus
1271 5372 1394 5427 erit.

380 5465 490 5522 V'J.
532 5466 682 5522 Nunc
710 5468 839 5522 mihi
863 5466 1119 5523 scribenti
1150 5468 1366 5523 nuntius
1395 5471 1703 5539 supervenit
1732 5516 1746 5539 ,
1772 5489 1895 5529 nar-

301 5574 432 5616 rans
480 5560 609 5614 mihi
643 5575 834 5616 navem
866 5560 1041 5628 parari
1072 5575 1178 5630 qua
1207 5560 1407 5616 invitus
1443 5563 1609 5618 vehar
1638 5566 1691 5620 in
1719 5582 1895 5623 meam

301 5650 585 5720 regionem
611 5692 628 5718 ,
660 5650 758 5707 sed
793 5652 837 5707 si
872 5650 1057 5721 iugero
1082 5694 1096 5718 ,
1130 5652 1306 5707 nullus
1335 5661 1480 5707 vetat
1510 5663 1728 5712 custos:
1772 5674 1894 5713 nam

300 5741 412 5798 hoc
441 5742 687 5799 videntur
725 5744 862 5800 velle
893 5751 952 5798 ut
990 5758 1090 5813 ego
1120 5743 1336 5814 fugiam.
1377 5745 1434 5801 Si
1466 5747 1519 5802 in
1551 5763 1699 5804 mare
1728 5750 1893 5820 proji-

301 5836 421 5896 ciar
452 5853 600 5894 more
624 5837 801 5902 lunae,
834 5838 924 5908 qui
953 5846 999 5895 et
1035 5839 1147 5908 ipse
1197 5841 1247 5894 in
1288 5837 1512 5897 Hebraeo
1542 5839 1787 5896 Columba
1816 5842 1894 5899 di-

1854 3254 1966 3308 ‹ι“

2014 1926 2107 1997 qui
2135 1934 2352 1997 separat
2379 1945 2392 1981 :
2427 1925 2557 1993 Qui,
2591 1927 2734 1982 enim
2766 1944 2867 1983 non
2895 1938 3173 2000 congregat
3198 1967 3212 1992 ,
3246 1929 3320 1983 ait
3350 1928 3609 1984 Dominus

2014 2034 2166 2075 meus
2193 2057 2209 2083 ,
2237 2019 2487 2091 dispergit
2515 2020 2532 2089 (
2558 2018 2687 2074 Luc.
2721 2037 2772 2075 XI
2794 2063 2808 2086 ,
2839 2020 2911 2074 25
2930 2024 2970 2091 ).
3005 2022 3254 2093 Alioquin
3284 2022 3328 2077 si
3380 2022 3609 2081 videatis

2014 2108 2396 2180 perfectionem
2430 2126 2458 2164 a
2519 2110 2670 2166 vobis
2701 2112 2820 2181 plus
2870 2112 3107 2182 elongari
3160 2127 3320 2183 quam
3365 2122 3509 2177 ante,
3554 2121 3607 2167 et

2015 2219 2100 2257 me
2127 2218 2247 2258 sors
2273 2218 2305 2257 a
2333 2203 2484 2260 vobis
2512 2203 2874 2273 separaverit,
2916 2215 2989 2259 et:
3015 2220 3121 2261 non
3152 2204 3382 2259 sufﬁciat
3427 2204 3606 2258 Attala

2014 2298 2079 2350 a.l
2110 2296 2556 2363 gubernationem
2606 2308 2841 2353 vestram
2868 2336 2882 2360 ,
2913 2298 3038 2366 quia
3086 2297 3278 2352 fratres
3315 2297 3479 2352 vestri
3517 2296 3605 2351 hic

2017 2390 2067 2441 in
2097 2388 2292 2443 vicinia
2322 2387 2624 2443 Brittonum
2647 2397 2806 2455 sunt;
2839 2404 2934 2445 vos
2961 2396 3105 2445 totos
3132 2388 3343 2444 insimul
3373 2388 3605 2443 adunate

2015 2481 2068 2534 in
2120 2496 2225 2535 una
2275 2490 2428 2551 parte
2465 2496 2585 2550 quin
2633 2482 2819 2538 melior
2869 2482 2977 2549 sit,
3009 2496 3117 2551 quo
3164 2480 3371 2536 facilius
3392 2470 3602 2536 “contra

2014 2575 2141 2628 vitia
2172 2582 2227 2630 et
2256 2574 2474 2629 insidias
2503 2573 2699 2629 diaboli
2742 2574 3047 2630 dimicetis:
3088 2582 3144 2629 et
3168 2587 3327 2644 quem
3362 2572 3459 2627 toti
3488 2572 3601 2627 elc-

2013 2665 2228 2734 geritis,
2260 2664 2472 2720 interim
2502 2666 2656 2720 vobis
2689 2665 2906 2734 praesit:
2938 2664 3064 2734 quia
3110 2664 3155 2720 si
3203 2664 3331 2718 mihi
3378 2663 3603 2717 liberum

2013 2760 2115 2824 sit,
2158 2758 2269 2813 Deo
2298 2758 2510 2814 volente
2535 2799 2549 2825 ,
2580 2759 2868 2827 pet'tineth
2918 2758 3048 2813 mihi
3091 2760 3157 2813 de
3188 2757 3357 2811 Vobis.
3388 2754 3444 2808 Si
3475 2770 3602 2809 vero

2014 2854 2167 2908 vobis
2195 2852 2411 2922 placent
2439 2851 2553 2907 IOl'a
2580 2893 2595 2917 ,
2624 2860 2679 2907 et
2708 2851 2850 2907 Deus
2879 2850 2985 2905 illic
3016 2851 3288 2907 vobiscum
3326 2848 3557 2904 aediﬁcat
3583 2888 3602 2915 ,

2015 2946 2240 3002 Crescite
2289 2945 2361 3000 ibi
2398 2944 2781 3000 benedictione
2802 2944 2855 2997 in
2886 2944 3030 2999 mille
3058 2943 3221 2998 millia
3252 2941 3421 3013 (Gen.
3454 2955 3600 3005 xxiv,

2016 3040 2138 3110 00-).
2170 3038 2332 3095 Orate
2363 3055 2459 3110 pro
2483 3053 2592 3108 me,
2623 3039 2831 3094 viscera
2862 3054 3010 3103 mea,
3036 3046 3085 3092 ut
3119 3037 3228 3092 Deo
3256 3036 3454 3091 vivam.

2592 3153 2923 3211 EPISTOLA
2969 3154 3030 3209 V.

2421 3267 2488 3304 ΑΙ)
2527 3264 2841 3303 BONIFACIUM
2881 3263 3048 3303 ιιλῐνυι
3094 3262 3163 3300 ιν.

2013 3340 2383 3398 I‘ulcherrimo
2437 3340 2675 3396 omnium
2726 3340 2891 3394 totius
2940 3336 3205 3409 Europa),
3255 3334 3599 3391 ecclesiarum

2082 3437 2280 3508 capiti,
2319 3450 2469 3506 papa:
2499 3433 2748 3505 pnedulci
2776 3472 2789 3495 ,
2824 3432 3079 3501 pri‘ce‘so
3124 3446 3218 3500 pra
3238 3429 3336 3483 suli
3366 3471 3382 3497 ,
3413 3436 3600 3500 pasto.

2083 3544 2199 3582 rum
2231 3526 2463 3592 Pastozi,
2504 3524 2954 3581 reverendissimo
2993 3521 3354 3593 speculatori:
3398 3518 3597 3575 humil«

2085 3621 2241 3674 limus
2267 3617 2559 3675 celsissimo
2580 3659 2593 3683 ,
2618 3616 2871 3682 maximo,
2898 3615 3124 3686 agrestis
3147 3613 3374 3677 urbano,
3401 3610 3599 3666 micro-

2082 3712 2237 3781 logus
2259 3710 2728 3781 eloquentissimo,
2752 3718 3024 3763 extremus
3053 3708 3225 3777 primo
3248 3746 3261 3771 ,
3287 3703 3600 3775 peregrinus

2083 3803 2342 3873 indigenae
2370 3842 2386 3867 ,
2416 3801 2774 3873 pauperculus
2806 3798 3124 3870 [impotenti
3150 3798 3167 3868 (
3193 3797 3385 3851 mirum
3417 3792 3594 3851 dictu!

2082 3910 2219 3950 nova
2250 3910 2337 3951 res
2366 3894 2378 3947 !
2409 3896 2448 3964 ),
2482 3908 2601 3948 rara
2656 3892 2807 3958 avis,
2850 3891 3087 3946 scribere
3126 3889 3288 3944 audet
3328 3886 3599 3943 Bonifacio

2082 3988 2225 4044 Patri
2257 3986 2565 4043 Palumbus.

2081 4078 2119 4133 Ι.
2161 4078 2293 4146 Quis
2348 4078 2550 4150 poterit
2594 4077 2779 4149 glaber
2826 4076 3049 4133 audire?
3098 4091 3219 4145 quis
3265 4090 3373 4129 non
3418 4072 3600 4127 statim

2008 4172 2190 4227 dicat:
2231 4170 2361 4238 Quis
2390 4180 2472 4227 est
2529 4172 2629 4226 iste
2659 4168 2906 4240 garrulus
2932 4210 2947 4231 .
2978 4185 3043 4240 pr
3070 4176 3437 4239 sumptuosus
3462 4206 3478 4233 ,
3509 4165 3600 4237 qui

2008 4282 2115 4321 non
2144 4274 2362 4336 rogatus
2391 4264 2514 4319 talia
2537 4266 2774 4320 scribere
2795 4262 2991 4319 audet?
3014 4262 3143 4330 Quis
3171 4261 3384 4317 talionis
3412 4261 3600 4315 incen-

2008 4367 2091 4413 tor
2119 4352 2224 4414 non
2248 4358 2529 4415 confestim
2554 4357 2605 4412 in
2628 4357 2756 4412 illud
2779 4358 3057 4428 antiquum
3084 4356 3399 4427 probrosum
3420 4369 3600 4409 erum-

2008 4460 2098 4524 pat
2130 4454 2360 4522 elogium
2383 4495 2397 4519 ,
2429 4467 2535 4523 quo
2584 4451 2751 4524 Moysi
2785 4450 3038 4506 [labra-us
3067 4450 3158 4506 iile
3182 4491 3197 4514 ,
3226 4447 3341 4520 qui'
3370 4446 3599 4524 faciebat

2008 4522 2256 4613 iniuriam
2311 4522 2463 4599 fratri
2507 4561 2644 4608 suo,
2677 4522 2993 4614 respondit:
3047 4539 3175 4606 Quis
3226 4552 3274 4595 te
3326 4522 3594 4597 constituit

1976 4632 2291 4711 lpriuripem
2315 4678 2331 4704 ,
2374 4646 2463 4692 aut
2495 4638 2723 4709 judicent
2770 4652 2923 4706 super
2960 4650 3052 4693 nos
3086 4634 3102 4704 (
3132 4631 3303 4691 Exod.
3338 4648 3374 4691 tt
3402 4672 3416 4698 ,
3452 4630 3600 4701 ﬂ)?

2010 4730 2108 4786 Cui
2152 4745 2254 4801 ego
2302 4732 2451 4802 prior
2500 4727 2805 4801 respondeo
2837 4745 2943 4785 non
2974 4743 3093 4787 eisc
3121 4724 3597 4797 prauumptionem

2012 4826 2098 4881 ubi
2126 4832 2340 4882 constat
2367 4839 2487 4880 esse
2518 4824 2890 4880 occessitatem
2919 4822 2986 4880 ad
3016 4819 3267 4879 Ecclesia:
3287 4816 3595 4876 aediﬁcatio-

2009 4938 2130 4978 nem
2155 4940 2170 4988 ;
2202 4930 2257 4977 et
2282 4921 2326 4977 si
2362 4920 2413 4974 in
2446 4934 2675 4991 persona
2704 4917 3004 4984 cavillatur,
3037 4932 3145 4974 non
3171 4914 3292 4986 quis
3320 4913 3473 4979 dico,
3502 4909 3595 4966 sed

2008 5016 2133 5088 quid
2164 5015 2312 5079 dico,
2344 5014 2671 5071 consideret.
2702 5012 2841 5080 Quid
2869 5013 3013 5072 enim
3060 5010 3258 5069 tacebit
3283 5004 3596 5079 peregrinus

2002 5112 2335 5170 Christianus
2352 5150 2369 5176 ,
2394 5108 2536 5181 quod
2559 5108 2672 5179 jam
2692 5107 2781 5163 diu
2810 5106 3076 5163 declamat
3096 5105 3301 5163 vicinus
3329 5099 3595 5159 Arianus?

2005 5204 2227 5262 Meliora
2276 5215 2507 5271 namque
2552 5211 2671 5257 sunt
2718 5198 2926 5256 vulnera
2964 5196 3121 5252 amici
3182 5207 3336 5266 quam
3376 5188 3593 5261 {raudu—

2002 5298 2019 5353 l
2051 5307 2141 5353 uta
2171 5296 2348 5352 oscula
2376 5293 2575 5353 inimici
2605 5292 2623 5362 (
2648 5290 2805 5345 Prov.
2832 5304 2977 5350 iuvit
2996 5330 3011 5355 ,
3043 5286 3075 5341 6
3097 5287 3136 5355 ).
3171 5284 3273 5339 Alii
3302 5281 3592 5337 detrahunt

2005 5388 2053 5441 ι.ι
2072 5388 2109 5444 ti
2152 5387 2203 5441 in
2229 5394 2442 5445 secreto
2477 5402 2492 5451 ;
2520 5399 2620 5454 ego
2652 5383 2817 5438 tristis
2842 5397 2908 5438 ac
2944 5379 3131 5435 dolens
3156 5390 3374 5444 arguam
3404 5374 3456 5431 in
3487 5389 3588 5445 pu-

2005 5478 2183 5542 blico;
2232 5477 2327 5533 sed
2381 5474 2685 5535 schismatis
2733 5471 2880 5527 noxii
2922 5468 3096 5533 mala,
3145 5482 3252 5521 non
3300 5463 3587 5536 impiorum

2001 5569 2349 5641 pacilieorum
2390 5568 2552 5623 bona.
2584 5565 2699 5620 Non
2746 5565 2905 5632 igitur
2933 5576 3031 5631 pro
3061 5558 3298 5615 vanitate
3343 5567 3435 5613 aut
3463 5574 3588 5628 pro-

2000 5664 2229 5718 c:icitate
2284 5660 2524 5717 scribere
2578 5657 2847 5712 vilissima:
2902 5651 3175 5724 qualitatis
3233 5651 3587 5705 homunculus

2002 5764 2108 5808 tan
2132 5752 2400 5824 praecelsis
2427 5752 2557 5807 viris
2584 5764 2849 5819 pra-sunto
2874 5766 2886 5800 :
2912 5745 3069 5803 dolor
3097 5744 3238 5799 enim
3282 5743 3463 5813 potius
3494 5757 3581 5795 me

2000 5860 2159 5916 quam
2206 5843 2368 5900 elatio
2415 5840 2690 5913 compellit
2739 5840 2887 5897 vobis
2942 5839 3177 5898 indicare
3207 5880 3218 5903 ,
3251 5834 3582 5896 humillima,
