4052 6332
484 258 588 314 275

1718 255 1777 309 s.
1818 251 2209 335 cucumam
2254 255 2539 311 AllDA’I‘IS

2298 44 2327 55 ς

3665 272 3769 329 276

482 380 544 431 ut
569 373 747 440 decet,
776 371 1139 444 suggestione,
1171 368 1315 439 quod
1344 383 1538 424 nomen
1568 368 1661 423 Dei
1688 382 1785 438 per
1809 382 1906 424 vos
1934 382 2065 423 con»
2099 368 2143 423 Λ
2176 367 2246 423 ris
2271 368 2470 436 sibilis,
2507 377 2742 442 notaque
2772 385 2903 427 voce
2927 414 2942 439 ,
2971 379 3027 427 et
3054 380 3138 428 sta
3186 372 3328 431 inter
3354 373 3473 432 illas
3500 386 3558 434 et
3580 378 3772 454 lupos,

485 467 770 525 tendentes
800 464 1053 535 utrinque
1079 462 1482 534 blasphematur
1512 461 1653 517 inter
1681 469 1894 531 gentes.

551 556 618 615 ll.
658 556 827 613 Doleo
852 555 1019 624 enim,
1046 553 1237 620 fateor,
1260 553 1329 609 de
1350 552 1568 608 infamia
1592 551 1858 609 cathedra:
1884 552 1942 608 S.
1974 550 2075 607 Pe«

483 649 552 705 tri
578 666 591 702 :
616 647 730 704 scio
771 653 952 702 tamen
980 660 1140 716 super
1175 659 1262 699 me
1304 658 1426 700 esse
1471 644 1748 714 negotium
1773 685 1788 711 ,
1838 654 1895 701 et
1934 645 2077 715 quod

485 740 655 811 prima
686 736 865 794 fronte
890 737 988 793 sub
1014 751 1213 808 prunas
1230 778 1246 803 ,
1288 744 1350 792 ut
1378 735 1598 801 dicitur.
1627 735 1820 792 faciem
1843 751 2037 809 ponam
2062 754 2075 801 ;

480 830 575 887 sed
620 829 749 900 quid
794 826 925 883 mihi
968 827 1131 883 facies
1182 843 1367 884 coram
1413 827 1761 893 hominibus,
1787 827 1879 883 ubi
1932 827 2078 885 zelus

482 924 497 994 [
522 921 683 977 Forte
731 921 902 978 Zelum
928 920 943 993 l
975 921 1101 977 fidei
1146 920 1297 992 prodi
1340 936 1560 983 necesse
1588 922 1712 978 est?
1740 922 1932 978 Coram
1964 922 2077 978 Deo

480 1021 535 1068 et
557 1013 760 1081 angelis
803 1027 909 1070 non
950 1010 1248 1070 confundor
1274 1030 1290 1079 ;
1318 1013 1437 1069 laus
1484 1022 1568 1075 est
1607 1028 1706 1083 pro
1756 1013 1867 1069 Deo
1891 1029 2074 1071 coram

482 1102 789 1162 hominibus
827 1106 1084 1163 confundi
1112 1122 1127 1172 ;
1159 1106 1202 1161 si
1236 1107 1512 1173 rxaudiar,
1540 1121 1828 1163 commune
1868 1106 2075 1163 lucrum

480 1198 583 1254 erit
607 1194 619 1252 ἐ
645 1198 689 1255 si
735 1197 1021 1270 despiciar,
1055 1212 1175 1254 mea
1222 1213 1430 1257 merces
1474 1198 1597 1254 erit.
1649 1196 1763 1268 Ego
1791 1198 1973 1264 enim,
2018 1206 2075 1253 ut

483 1293 688 1349 amicus
710 1330 729 1360 ,
752 1299 811 1347 ut
849 1290 1147 1362 discipulus
1169 1332 1183 1357 ,
1216 1300 1275 1347 ut
1314 1291 1637 1363 pedisequus
1657 1301 1856 1357 vester,
1886 1307 1992 1349 non
2018 1303 2078 1349 ut

482 1381 691 1440 alienus
742 1383 969 1454 loquar;
1002 1383 1124 1439 ideo
1171 1384 1339 1443 libere
1380 1383 1606 1455 eloquar
1648 1385 1850 1442 nostris
1889 1392 2077 1456 utpote

482 1475 753 1545 magistris
779 1518 795 1544 ,
835 1490 898 1531 ac
940 1476 1237 1545 spiritualis
1289 1476 1439 1533 navis
1493 1476 1960 1547 gubernatoribus,
2013 1492 2076 1532 ac

482 1567 722 1637 mysticis
751 1568 987 1638 proretis
1031 1567 1254 1627 dicens:
1288 1567 1519 1638 Vigilate
1545 1610 1561 1637 ,
1593 1568 1717 1638 quia
1758 1583 1907 1625 mare
1949 1583 2077 1639 pro-

481 1657 743 1714 cellosum
772 1667 857 1714 est
880 1700 893 1723 ,
930 1667 988 1715 et
1029 1657 1207 1729 flagris
1247 1668 1598 1731 exasperatur
1625 1661 1879 1718 feralibus
1901 1700 1918 1727 ,
1945 1660 2073 1731 quia

2184 469 2259 525 ut,
2308 461 2552 533 deposito
2604 478 2827 534 pavore,
2878 472 3008 520 tun‘c
3055 466 3285 536 primum
3333 476 3390 526 te
3438 484 3506 527 ex
3556 473 3772 544 integro

2180 561 2510 621 cognoscant
2556 561 2851 624 pastorem.
2891 554 3129 625 Populus
3170 558 3313 613 enim
3362 571 3526 629 quem
3568 561 3730 618 video
3751 603 3767 624 .

2181 646 2307 702 dum
2358 647 2557 703 multos
2603 647 2836 704 sustinet
2882 647 3202 715 haereticos,
3256 650 3468 708 zelosus
3520 663 3607 709 est
3648 694 3664 719 ,
3716 665 3773 711 et

2190 738 2300 794 cito
2354 745 2612 809 tanquam
2662 753 2796 809 grex
2840 739 3070 810 pavidus
3112 741 3454 809 turbatur,et
3481 744 3613 803 inde
3663 762 3771 803 non

2182 829 2293 885 cito
2322 843 2544 889 securus
2599 838 2685 899 est
2733 830 2862 909 quia
2912 837 3094 887 tantos
3140 830 3292 886 Italia
3341 832 3495 903 lupos
3542 835 3771 902 habuit,

2180 936 2408 991 quorum
2448 922 2612 979 catuli
2646 922 2737 977 vix
2765 930 2993 993 possunt
3018 923 3119 978 toti
3162 922 3291 979 elidi
3320 942 3333 976 :
3364 924 3489 979 dum
3518 925 3771 983 nimirum

2182 1014 2322 1071 inter
2361 1020 2515 1068 antra
2569 1014 2702 1068 tanti
2741 1014 2923 1068 nutriti
2958 1021 3101 1069 sunt.
3150 1012 3327 1069 Antra.
3361 1014 3541 1073 deleat
3584 1016 3730 1074 Deus
3754 1061 3770 1088 ,

2183 1102 2209 1142 ιι
2242 1104 2348 1159 tale
2391 1118 2575 1161 semen
2597 1144 2614 1167 ,
2643 1112 2699 1161 et
2727 1104 2931 1160 nutriat
2955 1118 3117 1175 grege
3145 1121 3247 1162 suo
3276 1147 3291 1172 ,
3324 1115 3486 1177 teque
3506 1122 3770 1181 compun-

2179 1204 2297 1264 gat:
2328 1196 2615 1265 vigilanter
2661 1196 2875 1252 insistas
2921 1195 3101 1252 officio
3144 1204 3240 1253 tuo
3278 1199 3570 1268 pastorali,
3619 1208 3771 1256 stans

2179 1301 2342 1357 super
2368 1286 2668 1343 custodiam
2701 1294 2845 1342 tuam
2873 1286 2960 1343 die
2988 1302 3051 1343 ac
3077 1295 3238 1343 nocte
3260 1328 3277 1355 ,
3309 1297 3369 1343 ut
3396 1288 3578 1346 videas
3605 1291 3773 1348 bacu-

2183 1380 2288 1434 lum
2336 1380 2486 1435 illum
2536 1395 2783 1445 nueeum,
2834 1395 2993 1450 quem
3033 1380 3288 1437 uncinum
3340 1382 3550 1453 (Antor
3577 1426 3594 1452 ,
3637 1400 3768 1450 vm,

2190 1472 2245 1536 ί,
2283 1470 2361 1542 9),
2395 1480 2581 1541 postea
2608 1472 2791 1528 videre
2830 1473 3087 1528 merearis
3118 1480 3361 1544 tempore
3389 1473 3597 1534 fructus
3621 1477 3775 1533 colli-

2159 1562 2336 1631 ,gendi
2365 1578 2542 1619 veros.
2578 1561 2647 1619 Ut
2684 1577 2812 1632 ergo
2840 1566 3047 1620 honore
3073 1565 3379 1636 apostolico
3403 1582 3512 1622 non
3541 1582 3731 1625 careas
3753 1609 3771 1635 ,
3869 1565 3874 1568 ’

2179 1669 2443 1711 conserva
2476 1655 2633 1711 fidem
2671 1656 3024 1726 apostolicam
3048 1699 3063 1723 ,
3104 1658 3366 1715 confirma
3416 1661 3769 1727 testimonio,

483 1763 591 1803 non
620 1750 736 1804 sola
767 1749 948 1805 minax
990 1750 1134 1806 unda
1158 1789 1176 1817 ,
1206 1766 1325 1822 qum
1368 1753 1529 1809 etiam
1576 1763 1821 1824 permota
1849 1765 2072 1825 pontum
2112 1755 2148 1810 lt
2180 1748 2373 1821 robora
2416 1748 2620 1817 scripto
2648 1787 2664 1812 9
2708 1749 2857 1804 muni
2900 1750 3148 1821 SYHOdO;
3192 1759 3253 1806 ιιι
3292 1751 3471 1808 Willis
3514 1752 3609 1808 tibi
3649 1753 3772 1822 iure

481 1856 694 1913 semper
747 1840 979 1915 [Forte,
1031 1842 1234 1916 super]
1282 1847 1453 1902 caulis
1500 1848 1768 1917 spumosis
1818 1862 2069 1904 concava:

480 1935 816 2001 vorticibus,
871 1936 1220 2009 hyperbolice
1268 1940 1393 1995 licet
1439 1940 1508 1995 de
1550 1940 1709 2009 longe
1756 1946 2073 2010 turgescens

480 2026 777 2093 extollitur,
809 2036 864 2082 et
903 2037 1030 2084 ante
1075 2044 1136 2086 se
1180 2028 1393 2084 calabra
1427 2030 1637 2087 fulcatis
1677 2039 1803 2087 octo
1840 2030 2074 2088 millibus

485 2117 681 2184 trudit;
712 2118 806 2174 sed
836 2127 1132 2189 tempestas
1177 2121 1341 2176 totius
1369 2122 1622 2178 elementi
1642 2163 1658 2187 ,
1692 2122 1943 2178 nimirum
1969 2138 2071 2178 un-

479 2207 640 2279 dique
687 2208 1058 2279 consurgentis
1080 2248 1096 2275 ,
1125 2217 1180 2265 et
1230 2209 1464 2279 undique
1502 2212 1800 2277 commoti,
1832 2211 2072 2285 mystica:

485 2298 634 2355 navis
662 2298 994 2370 naufragium
1024 2299 1296 2368 intentat;
1347 2299 1467 2356 ideo
1493 2301 1633 2358 addo
1664 2303 1880 2359 timidus
1909 2311 2072 2358 nauta

480 2391 719 2447 clamare
744 2408 757 2444 :
790 2389 1017 2460 Vigilate
1041 2432 1059 2459 ,
1090 2392 1216 2461 quia
1257 2405 1395 2461 aqua
1421 2392 1532 2461 jam
1562 2392 1779 2449 intrarit
1806 2395 1860 2450 in
1892 2392 2075 2450 Eccle-

482 2480 574 2535 sia:
603 2495 828 2547 navem,
853 2490 909 2537 et
936 2482 1089 2549 navis
1118 2481 1472 2552 periclitatur.
1505 2482 1614 2539 Nos
1635 2484 1776 2539 enim
1802 2482 1900 2540 SS.
1928 2483 2073 2543 Petri

479 2578 533 2625 ct
564 2568 715 2626 Pauli
742 2580 797 2628 et
821 2574 1062 2629 omnium
1094 2574 1500 2645 discipulorum,
1543 2572 1780 2630 divinum
1809 2590 2073 2633 canonem

484 2677 504 2701 η
532 2663 735 2735 Spiritu
763 2674 953 2724 sancto
992 2667 1340 2725 scribentium
1366 2707 1382 2733 ,
1421 2666 1668 2736 discipuli
1697 2682 1919 2735 smnus,
1977 2671 2074 2727 toti

481 2754 708 2820 llebcri,
741 2756 915 2812 ultimi
946 2757 1282 2813 habitatores
1332 2757 1546 2821 mundi,
1577 2757 1707 2812 nihil
1735 2767 1886 2814 extra
1915 2773 2075 2815 evan-

481 2847 711 2916 gelicam
729 2856 786 2903 et
820 2849 1171 2918 apostolicam
1196 2848 1494 2904 doctrinam
1525 2849 1877 2920 recipientes:
1901 2850 2077 2906 nullus

480 2924 768 3011 luereticus
796 2982 812 3009 ,
840 2940 1016 2995 nullus
1043 2939 1255 2996 Judmus
1284 2982 1299 3009 ,
1323 2941 1498 3015 nullus
1526 2941 1900 3007 schismaticus
1926 2941 2026 2997 fuit
2057 2959 2072 3007 ;

482 3030 578 3086 sed
607 3029 738 3087 fides
766 3032 1027 3088 catholica
1047 3074 1061 3099 ,
1089 3032 1229 3088 sicut
1257 3047 1289 3087 a
1328 3034 1479 3089 vobis
1510 3022 1738 3103 primum
1768 3042 2073 3091 sanctorum

2178 1837 2415 1894 resistat.
2444 1836 2564 1894 Noli
2593 1838 2876 1909 despicere
2898 1840 3239 1896 consiliolum
3268 1842 3583 1912 alienigena:
3609 1883 3628 1912 ,
3654 1851 3772 1897 tan-

2175 1944 2337 1999 quam
2364 1928 2559 1987 doctor
2586 1930 2728 1986 illius
2766 1932 2991 1987 zelantis
3020 1947 3118 2003 pro
3164 1941 3237 1988 te.
3268 1932 3496 1989 Mundus
3533 1935 3646 2005 jam
3674 1934 3770 1990 de-

2176 2021 2376 2088 clinat,
2428 2021 2685 2095 Princeps
2731 2032 3009 2094 pastorum
3056 2028 3452 2098 appropinquat
3483 2046 3498 2083 :
3528 2043 3660 2085 cave
3698 2045 3769 2084 ne

2180 2121 2232 2169 te
2278 2113 2641 2185 negligentem
2684 2116 2921 2172 inveniat
2943 2159 2958 2185 ,
3007 2125 3065 2173 et
3102 2133 3395 2175 conservos
3420 2120 3614 2190 pugnis
3638 2120 3768 2175 mali

2176 2205 2409 2276 exempli
2465 2207 2857 2279 percutientem
2910 2208 3433 2281 manducantemque
3483 2227 3605 2267 cum
3660 2212 3765 2287 Ile-

2177 2297 2362 2363 hrteis,
2394 2308 2450 2353 et
2497 2298 2767 2357 bibentem
2786 2340 2803 2367 ,
2831 2314 2900 2355 ne
2945 2299 3223 2369 contingat
3249 2302 3529 2371 sequentia
3555 2301 3753 2358 securi-

2180 2390 2277 2446 tati
2302 2410 2313 2444 :
2341 2388 2449 2455 Qui,
2469 2392 2608 2451 enim
2635 2393 2875 2464 ignorat,
2900 2393 3227 2463 ignorabitur
3253 2394 3272 2466 (
3302 2393 3330 2449 I
3358 2394 3477 2450 Cor.
3506 2411 3618 2462 xlv,
3649 2393 3763 2467 91).

2178 2482 2295 2537 Non
2342 2482 2539 2539 sufficit
2566 2484 2659 2539 tibi
2682 2483 2828 2552 quod
2857 2499 2955 2553 pro
2996 2493 3049 2539 te
3091 2485 3209 2554 ipso
3250 2486 3515 2542 sollicitus
3539 2486 3646 2551 sis,
3672 2486 3763 2556 qui

2180 2574 2467 2630 multorum
2498 2590 2683 2630 curam
2724 2576 3003 2647 suscepisti
3030 2594 3043 2630 :
3074 2577 3162 2633 cui
3189 2579 3333 2634 enim
3364 2579 3484 2649 plus
3508 2579 3764 2645 creditur,

2181 2668 2300 2738 plus
2318 2668 2484 2727 abeo
2508 2668 2761 2737 exigitur.

2248 2758 2337 2814 IV.
2378 2758 2545 2828 Vigila
2571 2759 2772 2829 itaque,
2804 2776 3019 2832 quaeso,
3069 2777 3204 2833 papa
3231 2804 3245 2830 ,
3279 2762 3466 2831 vigila;
3493 2772 3549 2818 et
3576 2764 3768 2821 iterum

2179 2849 2299 2906 dico
2325 2868 2336 2904 :
2370 2850 2530 2920 vigila
2561 2868 2576 2917 ;
2604 2852 2727 2920 quia
2755 2850 2892 2909 forte
2921 2867 3028 2913 non
3056 2852 3197 2910 bene
3229 2853 3725 2926 vrgilavitYigifius
3749 2901 3764 2921 ,

2179 2955 2340 3013 quem
2368 2950 2531 3012 caput
2559 2942 2794 3009 scandali
2824 2944 2908 2999 isti
2949 2944 3223 3012 clamant,
3255 2946 3347 3015 qui
3376 2946 3530 3002 vobis
3556 2946 3767 3017 culpam

2184 3033 2451 3101 injiciunt.
2498 3034 2671 3104 Vigila
2702 3036 2876 3105 primo
2915 3052 3021 3107 pro,
3055 3036 3159 3093 fide
3180 3076 3198 3104 ,
3226 3037 3420 3096 deinde
3464 3054 3565 3108 pro
3592 3041 3767 3110 operi-

483 3122 689 3178 scilicet
734 3123 1103 3194 apostolorum
1150 3126 1580 3189 successoribus,
1616 3124 1804 3180 tradita
1851 3134 1963 3193 est,
1994 3127 2075 3182 in-
2104 3134 2148 3197 ε
2180 3124 2281 3179 bus
2311 3123 2433 3180 fidei
2462 3124 2717 3196 jubendis
2747 3127 2993 3197 vitiisque
3021 3128 3294 3185 calcandis
3318 3148 3333 3197 ;
3361 3131 3486 3201 quia
3519 3139 3609 3187 tua
3633 3132 3768 3203 vigi-

484 3230 742 3271 concussa
768 3224 1001 3272 tenetur.
1033 3216 1146 3285 Qua
1180 3216 1370 3273 ﬁducia
1412 3218 1698 3273 roboratus
1722 3232 1897 3287 ausus,
1913 3232 2069 3286 sum,

484 3323 547 3362 ac
568 3306 610 3361 si
633 3308 961 3376 stimulatus,
987 3309 1250 3365 suscitare
1277 3323 1374 3364 vos
1398 3317 1585 3364 contra
1602 3323 1697 3364 eos
1713 3308 1805 3381 qui
1820 3310 2072 3381 blasphe-

486 3409 635 3455 mant
683 3408 837 3467 tuos,
867 3411 923 3456 et
964 3403 1341 3458 haereticorum
1390 3410 1701 3471 receptores
1730 3402 1965 3457 clamant
2007 3418 2073 3459 ac

485 3495 855 3549 schismaticos
877 3504 1070 3549 vocant
1096 3513 1110 3562 ;
1140 3503 1197 3549 ut
1225 3495 1473 3565 gloriatio
1501 3510 1622 3549 mea
1660 3510 1765 3564 qua
1796 3509 1893 3565 pro
1922 3495 2075 3551 vobis

489 3585 620 3639 fidus
646 3583 717 3638 illi
749 3585 1077 3654 respondens
1116 3585 1325 3641 locutus
1371 3601 1487 3641 sum
1511 3627 1526 3651 ,
1552 3601 1659 3641 non
1689 3585 1759 3640 sit
1790 3585 1991 3651 inanis,
2020 3598 2069 3641 ct

489 3675 561 3730 illi
599 3676 1015 3742 confundantur,
1047 3694 1153 3733 non
1176 3693 1292 3733 nos.
1324 3677 1436 3747 Ego
1473 3677 1615 3733 enim
1645 3693 1744 3750 pro
1772 3678 1924 3735 vobis
1950 3695 2076 3750 pro-

487 3770 643 3836 misi,
673 3770 819 3839 quod
864 3771 1065 3825 nullum
1097 3771 1403 3827 hacreticum
1436 3769 1677 3827 Ecclesia
1710 3772 1954 3827 Romana
1980 3772 2073 3828 de-

486 3859 667 3913 fendat
691 3871 877 3915 contra
923 3861 1242 3916 catholicam
1271 3861 1455 3932 fidem,
1505 3865 1646 3920 sicut
1674 3864 1967 3936 discipulos
2002 3864 2073 3919 ita

484 3949 641 4005 decet
687 3952 887 4007 sentire
928 3952 995 4008 de
1034 3955 1308 4024 magistro.
1342 3955 1546 4012 Idcirco
1576 3957 1762 4013 libenti
1810 3954 1992 4013 animo
2020 3966 2075 4013 et

488 4042 587 4114 piis
615 4043 835 4101 auribus
858 4048 1172 4103 accesserim
1194 4050 1609 4107 insinuationem
1640 4051 2075 4123 praesumptionis

486 4150 619 4191 mea:
655 4136 943 4207 suscipite:
978 4137 1234 4209 quidquid
1263 4141 1406 4195 enim
1427 4142 1635 4209 dixero,
1668 4151 1758 4198 aut
1788 4143 1917 4197 utile
1940 4181 1955 4206 ,
1982 4151 2076 4196 aut

486 4227 844 4284 orthodoxum
869 4272 883 4295 ,
915 4230 1069 4285 vobis
1097 4233 1461 4302 reputabitur;
1496 4233 1615 4290 laus
1661 4236 1803 4289 enim
1834 4234 2073 4304 magistri

487 4319 540 4371 in
586 4319 967 4390 discipulorum
998 4338 1216 4378 suorum
1247 4323 1491 4380 doctrina
1522 4334 1636 4389 est;
1684 4325 1837 4392 ideo,
1893 4326 1938 4382 si
1984 4342 2073 4383 sa-

488 4409 696 4478 pienter
743 4412 955 4468 locutus
1010 4413 1169 4471 fuerit
1214 4414 1389 4479 filius,
1418 4415 1777 4473 lmtiﬁcabitur
1816 4427 1988 4489 pater,
2020 4428 2077 4474 et

2175 3217 2339 3273 lautia
2366 3217 2657 3274 multorum
2686 3220 2789 3274 erit
2814 3219 2978 3288 salus,
3008 3221 3152 3276 sicut
3181 3236 3212 3277 e
3240 3222 3515 3279 contrario
3548 3230 3639 3277 tua
3674 3237 3763 3293 sc,-

2175 3310 2375 3366 curitas
2424 3309 2712 3366 multorum
2746 3310 2849 3365 erit
2892 3313 3141 3366 vastat-‘0.
3188 3312 3366 3367 Mittat
3415 3321 3467 3367 te
3507 3313 3674 3369 Isaias
3713 3314 3766 3368 in

2176 3408 2413 3456 montem
2436 3402 2521 3472 qui
2564 3401 2886 3471 euangelizas
2918 3402 3047 3457 Sion
3076 3404 3093 3473 (
3120 3401 3230 3457 Isa.
3265 3420 3334 3458 χι,
3358 3445 3374 3470 ,
3417 3404 3503 3475 9),
3535 3404 3641 3461 imo
3672 3420 3769 3475 per

2175 3488 2367 3546 Isaiam
2402 3490 2580 3559 Deus,
2632 3490 2784 3561 juxta
2823 3492 2897 3547 tui
2948 3492 3175 3547 nominis
3226 3492 3765 3564 interpretationem,

2182 3584 2230 3638 in
2278 3583 2551 3653 speculam
2591 3598 2732 3637 verae
2776 3583 3251 3653 contemplationis
3303 3593 3468 3654 [tonat
3496 3603 3511 3651 ;
3538 3586 3590 3639 in
3627 3602 3766 3657 qua,

2179 3675 2329 3744 quasi
2370 3674 2579 3729 cunctis
2631 3675 2948 3729 mortalibus
3000 3674 3160 3730 altior
3201 3677 3410 3746 positus
3456 3676 3768 3747 vicinusque

2178 3765 2475 3821 caelestium
2542 3766 2806 3830 efl'ectus,
2884 3769 3124 3822 exultans
3183 3769 3333 3841 quasi
3406 3768 3529 3822 tuba
3600 3752 3769 3843 vocent

2180 3867 2319 3910 luam
2348 3858 2622 3912 annunties
2651 3859 2838 3929 populo
2892 3858 3103 3915 Domini
3133 3860 3207 3914 tui
3234 3901 3250 3927 ,
3283 3859 3379 3914 tibi
3409 3858 3476 3914 ab
3518 3874 3585 3915 eo
3618 3873 3768 3923 come

2184 3948 2347 4002 misso
2403 3956 2615 4019 peccata
2669 3965 2882 4013 eorum,
2942 3959 2991 4003 et
3044 3950 3220 4006 domui
3266 3949 3432 4005 Iacob
3477 3950 3768 4022 iniquitates

2178 4057 2351 4096 eorum
2384 4040 2531 4112 (Ira.
2574 4057 2697 4097 Lvut
2720 4081 2735 4107 ,
2764 4042 2838 4110 I).
2857 4041 2972 4097 Noli
3018 4042 3205 4098 timere
3231 4042 3444 4112 culpam
3471 4030 3765 4096 mendacii:

2179 4130 2345 4186 habes
2366 4131 2510 4185 enim
2532 4131 2672 4199 quod
2693 4132 3011 4187 annuntiare
3033 4132 3226 4187 debeas
3247 4151 3262 4198 ;
3280 4132 3430 4186 multi
3450 4130 3614 4197 enim,
3630 4128 3769 4201 quod

2179 4223 2394 4291 gravius
2420 4229 2502 4277 est
2524 4262 2539 4287 ,
2567 4237 2664 4292 per
2709 4222 3054 4278 securitatem
3086 4233 3359 4293 pastorum
3403 4222 3453 4276 in
3483 4221 3567 4276 his
3592 4220 3768 4290 regio:

2181 4313 2337 4367 nibus
2365 4311 2562 4382 dejecti
2601 4320 2728 4367 sunt
2756 4351 2772 4376 ,
2802 4320 2857 4368 et
2885 4313 3036 4367 multi
3066 4328 3163 4384 per
3192 4311 3603 4383 prosperitatem
3634 4309 3766 4365 infe-

2179 4405 2446 4463 licissima:
2492 4405 2831 4462 abundantiae
2868 4406 3081 4477 decepti
3129 4415 3272 4462 sunt.
3305 4404 3434 4462 Inde
3460 4405 3585 4476 quia
3620 4405 3767 4475 juxta

489 4510 665 4556 vestra
709 4502 825 4559 laus
865 4505 998 4572 ει-ίι,
1032 4506 1158 4576 quia
1209 4523 1238 4561 ει
1287 4507 1439 4562 vobis
1468 4550 1484 4575 ,
1518 4515 1576 4563 ιιι
1599 4508 1708 4563 δίκε
1735 4548 1748 4572 ,
1777 4510 2066 4580 processit;
2108 4518 2153 4575 ι)
2182 4498 2351 4554 minas
2379 4497 2589 4555 Domini
2616 4539 2631 4564 ,
2654 4498 2870 4569 sanguis
2896 4507 3207 4555 sanctorum
3231 4499 3299 4555 de
3324 4499 3571 4555 manibus
3590 4499 3768 4569 requi-

491 4608 597 4646 non
643 4592 786 4648 enim
814 4594 929 4650 rivo
973 4598 1204 4666 purilas,
1236 4603 1328 4652 sed
1376 4595 1507 4652 fonti
1556 4599 1851 4669 reputanda
1879 4610 1982 4655 est.
2015 4599 2072 4655 Si

493 4699 623 4739 vero
644 4683 822 4752 aliqua
847 4693 1099 4754 tanquam
1121 4687 1220 4742 zeli
1248 4688 1464 4743 modum
1492 4689 1803 4746 excedentis
1828 4730 1842 4753 ,
1877 4691 2035 4746 verba
2062 4732 2076 4758 ,

495 4784 589 4829 aut
628 4773 682 4829 ih
732 4773 832 4830 hac
860 4783 953 4829 aut
992 4778 1044 4831 in
1094 4776 1261 4833 altera
1304 4788 1491 4835 contra
1537 4781 1824 4853 Agripp...,
1856 4782 1948 4851 qui
1994 4794 2081 4836 me

494 4872 665 4928 movit
689 4871 757 4925 ad
787 4868 1126 4925 scribendum
1156 4870 1381 4941 epistola
1426 4871 1738 4927 inveneritis
1765 4866 2035 4928 incondita
2063 4913 2078 4938 ,

493 4980 624 5019 mer.
650 4963 1014 5021 indiscretioni
1043 5003 1058 5028 ,
1089 4979 1196 5018 non
1221 4963 1438 5019 elationi
1467 4963 1755 5033 deputetis.

560 5055 645 5111 Ill.
691 5056 915 5127 Vigilate
956 5056 1135 5124 itaque
1179 5070 1277 5125 pro
1310 5053 1563 5109 Ecclesiae
1593 5069 1766 5124 pace,
1797 5053 2077 5109 subvenite

493 5148 681 5203 ovibus
739 5147 930 5203 vestris
962 5187 977 5210 ,
1021 5145 1132 5215 jam
1188 5154 1441 5215 tanquam
1490 5145 1735 5213 luporum
1785 5144 2078 5199 terroribus

496 5239 729 5306 pavidis,
754 5253 873 5307 qum
903 5254 998 5291 vos
1026 5239 1169 5306 ipsos
1218 5237 1435 5307 insuper
1464 5235 1630 5289 nimio
1658 5242 1847 5304 utpote
1878 5249 2078 5305 pavore

497 5329 549 5383 in
593 5329 949 5384 alternantem
997 5327 1337 5381 circumactae
1387 5323 1813 5380 convertibulum
1865 5324 2071 5395 timent.

496 5418 620 5475 Ideo
649 5419 952 5473 dubitantes
980 5417 1176 5488 partim
1205 5416 1483 5470 venientes
1507 5457 1523 5480 ,
1552 5415 1747 5485 partim
1769 5396 2069 5472 vero'rece-

498 5518 685 5573 dentes
709 5557 724 5581 ,
754 5517 892 5573 sicut
919 5516 1140 5571 veniunt
1162 5558 1176 5585 ,
1205 5514 1283 5571 sic
1311 5521 1674 5579 revertuntur,
1704 5522 1760 5571 et
1783 5528 1998 5585 semper
2026 5514 2077 5569 in

502 5625 700 5682 pavore
720 5621 862 5665 sunt.
894 5608 1252 5675 Quamobrem
1280 5615 1429 5664 utere
1455 5608 1602 5677 veri,
1627 5626 1659 5664 ο
1686 5623 1824 5680 papa
1851 5651 1865 5675 ,
1898 5618 2079 5680 pasto-

572 5755 596 5783 ⁸
638 5744 835 5816 Spiritu
860 5753 1057 5800 sancto.
1083 5743 1240 5802 Dccst
1262 5745 1484 5801 dictanle
1510 5789 1522 5816 ,
1548 5751 1635 5815 aut
1664 5742 1790 5815 quid
1817 5742 2006 5816 simile.
2064 5826 2069 5831 _

2184 4589 2384 4646 rendus
2419 4590 2522 4646 erit
2560 4600 2836 4661 pastorum
2862 4629 2877 4655 ,
2910 4590 3235 4660 vigilandum
3277 4598 3362 4645 est
3388 4589 3689 4660 diligenter,
3720 4585 3767 4644 id

2184 4691 2265 4739 est
2288 4726 2302 4751 ,
2333 4683 2728 4755 praedicandum
2756 4690 2841 4738 est
2881 4682 3188 4752 frequenter
3215 4684 3440 4738 verbum
3482 4681 3696 4737 Domini
3738 4695 3767 4734 a

2184 4777 2488 4848 pastoribus
2505 4818 2522 4845 ,
2553 4777 2761 4833 scilicet
2788 4775 3039 4832 Ecclesiae
3065 4818 3080 4842 ,
3110 4774 3541 4843 speculatoribus
3567 4781 3626 4829 et
3654 4772 3765 4828 maé

2183 4871 2400 4938 gistris,
2433 4878 2491 4925 ut
2539 4870 2715 4925 nullus
2759 4879 2944 4939 pereat
2990 4848 3087 4938 per
3114 4867 3494 4936 ignorantiam.
3524 4865 3579 4921 Si
3630 4854 3765 4922 enim

2184 4978 2279 5034 per
2308 4962 2610 5018 socordiam
2642 4960 2899 5032 perierit,
2942 4975 3071 5015 suus
3099 4959 3314 5029 sanguis
3335 4959 3389 5014 in
3429 4975 3585 5015 suum
3614 4948 3766 5033 caput

2186 5054 2536 5124 reputabitur.
3762 5048 3765 5049 ν

2256 5146 2318 5200 V.
2361 5145 2467 5201 Sed
2494 5162 2589 5201 cur
2612 5146 2726 5200 haec
2757 5143 3058 5200 mordacius
3086 5143 3173 5196 diu
3197 5142 3446 5197 omnibus
3467 5149 3598 5197 nota
3628 5154 3764 5215 com:

2186 5238 2614 5303 memoraverim,
2646 5236 2699 5290 in
2730 5235 2987 5304 subjectis
3014 5234 3349 5290 subnectam.
3381 5232 3613 5287 Faciunt
3632 5230 3763 5286 enim

2184 5336 2240 5384 et
2294 5328 2408 5383 haec
2460 5326 2526 5380 ad
2576 5327 2852 5397 proposita
2900 5323 3255 5395 suggcsuonis
3295 5322 3483 5393 prima:
3535 5334 3726 5389 genera
3750 5314 3767 5369 ε’

2182 5420 2351 5489 ligata
2395 5434 2627 5489 namque
2677 5427 2803 5473 sunt
2857 5416 3015 5472 simul
3072 5424 3338 5484 utraque:
3391 5428 3457 5467 ex
3510 5411 3594 5466 his
3629 5409 3767 5495 enim“

2183 5511 2421 5583 pendent
2446 5512 2534 5567 illa
2562 5529 2577 5577 ;
2605 5518 2662 5567 et
2704 5510 2823 5565 ideo
2856 5509 2951 5563 ista
2983 5508 3212 5579 primum
3246 5502 3578 5575 amputanda
3606 5507 3723 5556 sunt
3744 5508 3765 5585 ςς

2186 5619 2291 5657 non
2324 5603 2465 5659 cnim
2495 5610 2651 5657 curat
2696 5600 2763 5656 de
2793 5614 3013 5663 errore,
3044 5599 3135 5668 qui
3185 5612 3289 5651 non
3339 5602 3495 5651 curat
3536 5593 3603 5649 dc
3642 5590 3765 5671 relif

2254 5738 2284 5777 ³³
2330 5738 2450 5793 Tute
2473 5755 2593 5807 arm.
2625 5734 2691 5789 ΕΙ
2713 5737 2813 5805 talo
2836 5753 2956 5792 scm.
2990 5736 3107 5791 Mox
3139 5749 3265 5791 vero
3289 5732 3391 5802 leg.
3426 5746 3603 5802 greges
3626 5742 3767 5795 suam,
