4052 6332
252 334 364 392 977

1200 325 1554 386 EPISTOLAS
1592 325 1685 383 ao
1726 306 2079 382 nivensos.
2125 354 2190 365 —
2233 322 2449 381 EPIST.
2497 323 2559 378 v.

3430 328 3537 387 278

254 448 419 522 gione
443 487 458 513 ,
486 442 575 500 hic
618 456 850 513 namque
895 448 1039 498 totus
1089 440 1335 498 consistit
1381 453 1518 509 agon
1543 480 1558 505 ,
1592 437 1678 494 hic
1721 444 1833 495 tota
1862 440 1906 498 Α
1940 436 2166 507 proeliari
2188 439 2495 509 spirituales
2519 438 2686 496 duces
2713 441 2993 513 conspexi,
3025 449 3081 498 et
3106 455 3332 514 sperans
3358 445 3413 501 in
3443 460 3542 503 an-

251 548 367 598 stat
396 552 558 594 causa
580 577 597 605 ,
628 535 717 591 hic
746 535 835 591 ille
863 534 1069 607 gladius
1095 533 1171 589 bis
1201 542 1381 588 acutus
1407 532 1425 605 (
1449 532 1608 603 Apoc.
1640 545 1655 587 ι
1685 568 1701 592 .
1734 528 1801 583 16
1827 530 1844 600 )

252 632 554 705 pertingens
584 643 741 700 usque
769 624 839 680 ad
862 625 1164 680 divisionem
1194 624 1366 678 carnis
1393 630 1441 677 et
1462 622 1683 689 animm,
1710 635 1847 674 com-

252 740 447 798 pagum
470 763 485 790 ,
511 720 851 776 medullarum
877 761 893 786 ,
921 719 1007 790 qui
1043 725 1121 772 est
1150 716 1404 771 discretor
1428 712 1598 768 cordis
1628 721 1677 766 et
1704 711 1847 782 cogi-

250 817 511 871 tationum
538 812 816 884 (IIebr.tv,
848 807 937 875 I2)
968 823 1138 879 usque
1165 806 1237 862 ad
1263 822 1325 863 os
1344 805 1702 861 debetsecare
1729 818 1851 857 ner-

255 925 372 966 vos.
426 906 563 962 Hine
626 905 736 960 sale
785 902 965 958 divino
1013 917 1182 956 sermo
1254 905 1439 955 noster
1484 895 1723 951 conditus
1774 901 1850 948 est

252 999 480 1073 (Coloss.
503 1014 574 1066 IV,
602 996 658 1068 6)
688 997 706 1068 (
738 1008 899 1051 omne
927 1008 1121 1064 nempe
1151 990 1472 1048 sacrificium
1500 987 1615 1044 sale
1644 986 1853 1059 aspergi

250 1100 583 1164 prmceptum
606 1089 709 1159 est)
733 1106 748 1155 ;
787 1088 917 1143 hinc
941 1085 1187 1142 scintilla:
1210 1086 1278 1140 de
1308 1083 1399 1140 illo
1427 1082 1609 1138 divino
1640 1080 1850 1155 [SuppL

250 1188 381 1257 igne
402 1184 458 1256 '1,
478 1198 638 1254 quem
671 1178 928 1237 Dominus
950 1178 1005 1233 in
1033 1186 1232 1234 terram
1258 1175 1476 1231 mittere
1504 1172 1695 1243 venit(
1722 1169 1850 1225 Luc.

251 1292 330 1332 xu
356 1317 375 1347 ,
404 1274 512 1345 49)
544 1273 934 1329 descendentes
986 1268 1306 1326 comburant
1351 1267 1551 1337 lignum
1574 1308 1591 1335 ,
1614 1265 1812 1322 fumum
1836 1308 1851 1334 ,

247 1370 509 1442 stipulam
533 1366 595 1442 (1
625 1366 747 1423 Cor.
779 1381 873 1433 ιιι,
903 1364 1012 1437 12)
1041 1378 1164 1435 quae.
1190 1362 1334 1418 male
1361 1360 1857 1433 superaedilicantur

248 1477 282 1518 a
336 1461 524 1519 multis
574 1474 739 1530 super
788 1456 1221 1514 fundamentum.
1275 1453 1392 1511 Hoc
1440 1451 1854 1517 admirandum,

247 1569 380 1612 cum
410 1553 570 1609 toties
596 1549 1091 1624 supersediticamur
1114 1546 1406 1603 Christiani
1432 1589 1447 1616 ,
1478 1551 1674 1616 praater
1713 1541 1858 1613 quod

252 1665 411 1705 nemo
441 1646 584 1702 aliud
612 1653 778 1717 potest
798 1658 989 1716 ponere
1012 1682 1028 1710 ,
1054 1648 1243 1710 praeter
1269 1640 1323 1695 id
1351 1640 1487 1711 quod
1512 1639 1736 1709 positum
1758 1643 1855 1700 est,

247 1741 394 1815 quod
419 1748 496 1795 est
509 1738 663 1794 Iesus
692 1736 926 1792 Christus
950 1732 1137 1807 (Ibid.,
1166 1732 1281 1802 11).
1306 1731 1421 1787 Heu
1446 1738 1644 1801 quanta
1667 1729 1860 1799 gehen-

1951 536 2035 583 tea
2073 528 2257 586 videre
2277 527 2531 589 fortiores
2558 531 2951 602 peritioresqne
2978 532 3135 604 hujus
3173 535 3350 591 sancti
3404 551 3539 594 con-

1951 619 2127 677 flictus
2154 620 2352 691 duces;
2382 630 2439 680 et
2464 622 2537 681 ita
2567 624 2878 693 inveniens,
2931 641 2994 682 ac
3024 628 3070 683 si
3117 627 3335 697 quidam
3363 632 3541 703 campi

1952 710 2130 767 bellici
2153 713 2394 769 roscidus
2421 714 2743 772 cadaverum
2775 730 2842 772 ac
2884 716 3132 773 madidus
3160 727 3284 789 post
3308 733 3543 790 pugnam

1952 800 2371 873 contemplator,
2401 812 2614 875 stupeo,
2644 813 2700 860 et
2724 805 2914 862 dolens
2946 822 3010 863 ac
3037 808 3228 864 timens
3250 850 3266 877 ,
3297 810 3363 866 ad
3385 817 3546 881 teque

1954 899 2159 947 tantum
2182 893 2271 964 qui
2299 895 2457 951 unica
2479 910 2605 967 spes
2624 897 2690 953 de
2711 897 3041 970 principibus
3063 916 3144 971 es,
3168 914 3266 972 per
3284 902 3545 961 honorem

1956 992 2147 1054 potens
2168 982 2312 1039 Petri
2340 986 2573 1058 apostoli
2600 988 2771 1044 sancti
2790 1028 2808 1058 ,
2839 989 3137 1061 respiciens
3164 991 3362 1062 plango
3410 994 3545 1063 tanti

1954 1076 2223 1133 exercitus
2242 1086 2499 1150 stragem.
2529 1080 2636 1137 Sed
2662 1082 2790 1153 quia
2833 1081 3037 1155 fragilis
3091 1086 3289 1156 ingenii
3320 1087 3511 1159 cymba
3530 1128 3547 1153 ,

1958 1188 2064 1228 non
2098 1182 2204 1229 tam
2233 1174 2287 1229 in
2314 1174 2479 1232 altum
2505 1175 2658 1247 juxta
2691 1178 2913 1234 verbum
2960 1178 3172 1235 Domini
3204 1179 3358 1252 (Luc.
3396 1197 3451 1249 v,
3495 1180 3549 1251 4)

1956 1265 2114 1321 ducta
2141 1276 2245 1335 est,
2276 1281 2439 1337 quam
2459 1266 2635 1325 adhuc
2656 1268 2710 1325 in
2733 1284 2841 1326 uno
2860 1270 3059 1326 haereat
3085 1270 3240 1328 loco:
3271 1287 3381 1328 non
3407 1273 3550 1329 enim

1957 1357 2143 1413 charta
2170 1365 2345 1414 totum
2374 1359 2838 1431 comprehendere
2894 1370 3093 1433 potest,
3150 1363 3295 1434 quod
3341 1364 3553 1420 animus

1960 1449 2290 1508 variantibus
2314 1453 2512 1521 causis,
2557 1452 2799 1525 epistola:
2824 1456 3083 1526 angustiis
3110 1456 3434 1514 concludere
3458 1473 3553 1513 vo-

1961 1541 2080 1607 luit,
2111 1557 2142 1597 a
2167 1557 2297 1613 rege
2325 1558 2511 1615 roger,
2541 1555 2601 1600 ut
2626 1546 2937 1615 singillatim
2983 1560 3266 1617 suggeram
3318 1549 3425 1604 tuis
3453 1548 3555 1617 piis

1960 1633 2182 1690 auribus
2202 1634 2283 1690 sui
2309 1636 2584 1704 negotium
2614 1636 2847 1707 doloris:
2880 1638 3035 1695 dolor
3062 1654 3296 1709 namque
3324 1655 3453 1696 suus
3475 1650 3557 1698 est

1963 1723 2193 1779 schisma
2221 1726 2403 1795 populi
2426 1741 2524 1796 pro
2546 1728 2754 1798 regina,
2787 1744 2885 1799 pro
2910 1729 3061 1798 lilio,
3090 1728 3229 1785 forte
3255 1738 3312 1786 et
3349 1745 3449 1803 pro
3493 1746 3554 1787 se

252 1849 342 1889 me
390 1830 631 1887 fomenta
676 1828 877 1897 ubique
924 1831 1299 1896 praeparantur
1327 1822 1396 1879 de
1433 1822 1517 1879 his
1559 1819 1859 1877 infelicibus
1890 1830 1936 1890 Β
1966 1817 2085 1885 ipso
2113 1833 2126 1881 ;
2154 1815 2322 1873 fertur
2366 1817 2508 1873 enim
2538 1818 2757 1887 dixisse,
2815 1821 2858 1876 si
2887 1829 3095 1877 certum
3152 1822 3319 1878 sciret
3363 1831 3416 1878 et
3446 1823 3558 1894 ipse

250 1922 497 1979 :ediliciis
516 1964 535 1991 ,
561 1936 725 1991 super
752 1933 872 1990 qua:
901 1914 1281 1993 comburenda
1309 1929 1491 1971 sermo
1532 1913 1623 1968 ille
1650 1911 1861 1967 scintil-

251 2013 382 2068 lans
427 2011 640 2068 Domini
688 2007 1025 2066 descendens
1074 2006 1144 2063 de
1191 2005 1423 2063 incendii
1476 2004 1617 2059 illius
1644 2017 1863 2074 semper

253 2105 370 2160 vivi
400 2095 760 2159 immensitate
796 2100 993 2156 cecidit
1018 2097 1249 2155 dicendo
1273 2113 1289 2152 :
1317 2096 1578 2152 Attendite
1606 2092 1778 2159 vobis,
1801 2109 1866 2148 ne

252 2197 394 2266 forte
419 2200 763 2265 aggraventur
788 2193 948 2245 corda
972 2200 1141 2245 vestra
1168 2188 1222 2243 in
1244 2187 1484 2259 crapula,
1513 2196 1563 2241 et
1597 2185 1860 2251 ebrietate,

249 2293 303 2340 et
362 2282 501 2338 curis
547 2282 700 2353 hujus
747 2283 903 2346 vitm,
936 2289 986 2335 et
1036 2280 1366 2351 superveniat
1388 2280 1444 2333 in
1494 2294 1581 2333 vos
1625 2277 1736 2331 dies
1770 2275 1863 2330 illa

255 2376 567 2448 repentina:
597 2382 843 2447 tanquam
886 2374 1101 2446 laqueus
1134 2372 1273 2427 enim
1307 2372 1627 2441 superveniet
1663 2371 1715 2424 in
1752 2385 1864 2424 om-

252 2485 349 2524 nes
408 2469 495 2540 qui
550 2467 729 2523 sedent
784 2482 940 2536 super
987 2466 1175 2538 faciem
1225 2463 1476 2519 universa:
1515 2471 1669 2517 terra:
1710 2459 1861 2533 (Luc.

256 2577 350 2616 xxI
374 2598 392 2625 ,
423 2556 495 2614 54
518 2598 534 2625 ,
564 2556 682 2630 55}.

332 2673 426 2728 Vl.
467 2671 632 2728 Vides
656 2687 769 2743 quo
828 2679 1039 2728 terrore
1095 2670 1355 2727 Dominus
1409 2676 1653 2725 nostrum
1710 2683 1867 2739 sopo-

260 2782 380 2822 rem
401 2781 467 2822 ac
486 2765 709 2822 noxium
742 2775 985 2836 teporem
1013 2764 1083 2819 ad
1115 2761 1470 2833 vigilantiam,
1520 2760 1764 2827 suscitat,
1795 2775 1865 2816 ne

262 2856 522 2929 imparati
552 2856 910 2912 inveniamur.
957 2854 1085 2912 Ideo
1135 2867 1238 2924 ego
1266 2853 1411 2909 dixi:
1461 2851 1638 2923 Papa,
1671 2853 1861 2923 vigila:

262 2960 465 3020 tempus
494 2954 572 3003 est
603 2946 668 3001 de
691 2963 888 3002 sommo
923 2960 1134 3017 surgere
1158 2941 1341 3016 (item.
1373 2958 1497 3008 xm,
1530 2943 1655 3013 I0):
1686 2942 1869 2999 Domi-

276 3053 384 3095 nus
424 3037 843 3109 appropinquat,
876 3044 932 3092 et
954 3050 1126 3107 prope
1152 3035 1264 3105 jam
1296 3034 1351 3090 in
1380 3032 1487 3090 line
1528 3033 1868 3091 consistimus

262 3132 417 3187 inter
445 3138 694 3201 tempora
724 3125 1207 3200 periculosa..Ecce
1236 3125 1630 3184 conturbantur
1655 3134 1865 3195 gentes,

1967 1907 2233 1963 crederet.

2042 1999 2174 2055 VIII.
2215 2000 2518 2060 Redeamus
2546 2003 2615 2060 ad
2640 2004 2857 2073 librum,
2888 2020 3049 2075 quem
3075 2007 3229 2075 juxta
3278 2006 3447 2078 ripam
3476 2008 3561 2063 di.-

1966 2091 2226 2147 misimus.
2250 2091 2329 2149 Ne
2359 2093 2520 2163 igitur
2545 2094 2650 2151 hoc
2678 2093 2806 2151 fune
2844 2097 3047 2153 erroris
3091 2098 3402 2168 longissimo
3429 2098 3561 2169 liget

1968 2184 2106 2239 latro
2131 2185 2384 2255 antiquus
2411 2186 2658 2244 homines
2681 2226 2695 2252 ,
2743 2203 2908 2245 causa
2934 2189 3240 2247 schismatis
3268 2190 3556 2256 incidatur,

1965 2290 2149 2347 qumso
2193 2276 2476 2334 confestim
2526 2294 2556 2334 a
2597 2287 2654 2337 te
2680 2279 2901 2337 cultello
2950 2282 3349 2353 quodammodo
3388 2287 3563 2341 sancti

1969 2370 2135 2440 Petri,
2191 2370 2245 2427 id
2273 2379 2377 2437 est,
2407 2387 2537 2429 vera
2559 2372 2613 2429 in
2665 2373 2877 2446 synodo
2931 2372 3054 2432 fidei
3105 2375 3565 2447 confessione,et

1967 2462 2343 2518 hazreticorum
2368 2464 2607 2521 omnium
2664 2465 3067 2524 abominatione
3088 2481 3155 2524 ac
3192 2468 3557 2525 anathemati-

1967 2553 2201 2622 zatione,
2231 2562 2290 2608 ut
2306 2554 2535 2610 mundus
2562 2554 2872 2611 cathedram
2897 2555 3042 2612 Petri
3069 2557 3140 2613 ab
3165 2558 3314 2613 omni
3351 2574 3557 2627 errore,

1973 2656 1996 2681 υ
2030 2646 2276 2713 horrore,
2306 2647 2352 2702 si
2382 2647 2503 2718 quis
2543 2657 2646 2715 est,
2679 2658 2739 2705 ut
2764 2649 2943 2715 aiunt,
2980 2650 3353 2717 intromissus;
3380 2650 3426 2706 si
3454 2667 3566 2707 non

1969 2737 2176 2809 put-itas
2223 2747 2549 2809 agnoscatur
2582 2740 2650 2796 ab
2682 2740 2952 2797 omnibus.
2994 2740 3290 2798 Dolendum
3327 2742 3470 2799 enim
3499 2757 3565 2798 ac

1969 2828 2275 2886 deﬂendum
2323 2840 2422 2895 est,
2454 2832 2497 2887 si
2548 2832 2602 2887 in
2623 2832 2752 2888 sede
2787 2832 3087 2904 apostolica
3141 2834 3274 2891 ﬁdes
3301 2834 3565 2891 catholica

1974 2936 2078 2977 non
2100 2928 2331 2977 tenetur.
2363 2922 2467 2978 Sed
2498 2932 2556 2979 ut
2611 2931 2783 2981 totum
2825 2924 3000 2982 dicam
3044 2930 3136 2997 (ne
3198 2926 3404 2985 adulari
3424 2927 3563 2984 ultra

1976 3011 2075 3075 fas,
2101 3010 2262 3066 etiam
2285 3010 2438 3068 vobis
2468 3013 2676 3082 videar)
2703 3014 2992 3071 dolendum
3024 3030 3241 3087 quoque
3287 3025 3373 3073 est
3421 3018 3566 3088 quod

1972 3117 2079 3157 non
2104 3118 2198 3159 vos
2224 3104 2434 3174 priores
2461 3120 2561 3175 pro
2586 3104 2705 3161 zelo
2735 3105 2880 3174 ﬁdei,
2904 3116 2964 3161 ut
2988 3106 3253 3175 decebat,
3283 3107 3374 3164 diu
3412 3117 3566 3179 parte

268 3194 603 3280 inclinantur
625 3194 796 3293 regna
825 3265 836 3276 .
872 3219 995 3277 ideo
1023 3219 1133 3276 cito
1153 3217 1304 3274 dabit
1328 3232 1517 3275 vocem
1550 3194 1702 3273 suam
1726 3218 1863 3272 Alti-

1972 3208 1998 3261 _a
2046 3194 2199 3251 vobis
2226 3195 2512 3251 recedente
2543 3197 2754 3268 (utpote
2783 3198 2872 3269 qui
2905 3207 3228 3269 potestatem
3264 3200 3558 3270 legitimam

260 3317 471 3382 simus,
502 3323 560 3371 et
589 3314 895 3370 movebitur
924 3321 1088 3369 terra.
1138 3311 1253 3381 Ego
1288 3310 1443 3381 quasi
1471 3309 1694 3367 timidus
1741 3310 1869 3367 dum

264 3421 379 3464 non
406 3406 507 3461 sim
541 3405 693 3462 fortis
724 3405 979 3473 bellator,
1027 3403 1151 3475 quia
1191 3403 1402 3459 hostem
1441 3402 1871 3459 adversariorum

264 3496 690 3553 circumdedisse
720 3512 821 3553 nos
842 3494 1021 3561 video,
1046 3503 1099 3549 te
1125 3494 1252 3550 licet
1294 3493 1615 3565 importunis
1660 3494 1869 3550 clamo-

263 3590 441 3657 ribus,
467 3600 720 3660 tanquam
745 3587 945 3643 ducum
965 3586 1260 3659 principem
1281 3586 1541 3644 suscitare
1559 3602 1761 3653 conor;
1804 3586 1872 3645 ad

265 3694 322 3738 te
350 3697 583 3751 namque
613 3681 776 3739 totius
792 3682 1063 3737 exercitus
1109 3680 1346 3747 Domini,
1372 3680 1428 3734 in
1468 3694 1662 3750 campo
1690 3679 1872 3750 potius

268 3774 563 3844 torpentis,
591 3788 755 3843 quam
787 3772 1072 3843 pugnantis
1094 3810 1110 3839 ,
1138 3779 1194 3827 et
1213 3771 1405 3842 partim
1432 3770 1598 3844 (quod
1614 3771 1875 3842 Iacryma-

266 3864 435 3922 bilius
458 3866 561 3935 est)
593 3863 914 3921 adversariis
940 3863 1123 3934 potius
1149 3877 1342 3919 manus
1359 3862 1555 3930 dantis,
1594 3876 1756 3932 quam
1782 3878 1874 3919 re-

271 3953 539 4020 sistentis,
569 3955 866 4025 periculum
896 3956 1149 4026 pertinet.
1177 3954 1255 4011 Te
1271 3963 1444 4011 totum
1466 3963 1765 4025 exspectat,
1784 3956 1875 4026 qui

268 4053 604 4116 potestatem
652 4045 859 4101 habens
884 4045 1064 4102 omnia
1112 4045 1431 4113 ordinandi,
1463 4045 1662 4101 bellum
1718 4046 1872 4102 insti-

269 4135 485 4203 tuendi,
505 4137 671 4193 duces
693 4136 980 4203 excitandi,
1012 4150 1162 4194 anna
1192 4136 1390 4209 corripi
1415 4135 1672 4206 jubendi,
1703 4136 1873 4193 aciem

276 4226 674 4295 construendi,
733 4227 887 4283 tubas
915 4227 1152 4299 undique
1180 4226 1427 4294 sonandi,
1460 4234 1735 4283 certamen
1778 4227 1875 4284 de-

226 4330 231 4337 '
270 4334 451 4387 mum,
484 4327 538 4375 te
590 4318 642 4373 in
675 4316 855 4374 fronte
879 4318 1179 4389 gradiente,
1216 4317 1456 4374 ineundi.
1501 4315 1633 4385 Quia
1676 4332 1757 4372 vae
1785 4317 1877 4372 diu

267 4420 503 4483 apparet
535 4411 585 4465 in
619 4412 721 4466 hac
770 4411 1011 4481 regione,
1042 4410 1097 4466 in
1143 4410 1248 4467 hoc
1286 4411 1553 4482 spirituali
1583 4411 1723 4469 bello
1752 4412 1875 4469 victi

267 4521 483 4574 sumus,
515 4506 679 4562 etiam
709 4504 1020 4573 Christiani,
1041 4506 1183 4561 vitiis
1209 4506 1439 4577 primum
1481 4507 1788 4563 carnalibus
1814 4522 1879 4565 ac

1979 3285 2292 3355 habuistis),
2321 3288 2576 3342 continuo
2593 3327 2611 3355 ,
2641 3296 2857 3345 ostensa
2884 3290 3033 3360 prius
3056 3301 3247 3346 vestrm
3274 3290 3396 3347 ﬁdei
3425 3292 3565 3362 puri-

1972 3386 2085 3432 tate
2136 3378 2537 3434 condemnastis
2560 3420 2576 3447 ,
2620 3395 2720 3436 nec
2762 3382 3273 3439 excommunicastis
3298 3424 3312 3448 ,
3334 3380 3370 3419 ἶ)
3400 3397 3567 3453 quare

1973 3484 2056 3527 vet
2080 3470 2339 3528 infamare
2366 3474 2592 3530 auderet
2619 3473 2743 3545 ﬁdei
2772 3474 3075 3530 orthodoxa:
3101 3476 3274 3530 sedem
3300 3475 3566 3547 principa-

1976 3566 2107 3621 lem.
2141 3565 2309 3622 Scitis
2333 3566 2475 3621 enim
2496 3580 2659 3637 quam
2685 3581 2824 3621 szeva
2854 3567 3319 3624 animadversione
3341 3582 3374 3623 a
3399 3568 3567 3639 patri-

1974 3658 2075 3713 bus
2099 3657 2155 3714 in
2183 3658 2388 3731 synodo
2418 3657 2632 3714 Nicaana
2679 3669 2866 3716 sancta
2894 3659 3131 3715 damnati
3160 3667 3287 3716 sunt
3308 3660 3568 3717 innocen-

1980 3750 2110 3805 tium
2167 3751 2560 3808 criminatores.
2595 3750 2701 3808 Sed
2731 3751 2845 3808 haec
2891 3753 3112 3820 dicens,
3165 3768 3272 3808 non
3322 3752 3570 3808 nesciens

1978 3840 2177 3896 multas
2218 3857 2340 3897 esse
2359 3857 2549 3897 causas
2577 3842 2630 3897 in
2653 3842 2992 3899 multitudine
3016 3844 3255 3900 clamosa
3301 3852 3357 3900 et
3382 3851 3565 3908 acuta,

1978 3935 2337 4002 tumultuosa,
2369 3951 2488 4006 qua:
2518 3951 2626 3991 non
2656 3936 2973 4007 permittunt
3000 3934 3113 3991 haec
3137 3933 3208 3990 ad
3240 3948 3431 4005 purum
3474 3948 3568 3991 us-

1978 4044 2085 4098 que
2123 4028 2451 4097 investigari,
2486 4042 2592 4084 non
2623 4026 2746 4097 quia
2775 4025 3074 4091 crederem,
3123 4028 3216 4082 sed
3261 4025 3387 4097 quia
3428 4038 3571 4080 nunc

1979 4123 2092 4179 fieri
2116 4122 2363 4189 debeant,
2387 4122 2517 4179 dixi.
2544 4120 2598 4177 Si
2625 4121 2717 4192 qui
2746 4127 2873 4176 sunt
2897 4121 3127 4176 rebelles
3157 4127 3346 4177 contra
3367 4116 3570 4175 verita-

1982 4225 2089 4272 tem
2121 4215 2286 4272 vestri
2317 4212 2833 4285 cemprovinciales,
2866 4221 3074 4268 tantum
3117 4211 3274 4283 culpa
3328 4208 3569 4266 includat

1980 4307 2117 4373 hos;
2149 4322 2254 4361 non
2282 4305 2425 4361 enim
2452 4304 2629 4376 ignem
2652 4302 2782 4359 ﬂare
2804 4311 2980 4375 potest
3030 4318 3090 4359 os
3138 4301 3309 4357 farina
3347 4308 3438 4355 aut
3468 4299 3569 4355 ali-

1979 4414 2085 4470 qua
2105 4398 2327 4454 materia
2356 4398 2608 4469 plenum:
2641 4398 2816 4453 omnis
2845 4397 2988 4451 enim
3021 4409 3110 4451 res
3155 4393 3366 4449 laeditur
3396 4392 3570 4447 vicina

1980 4492 2384 4548 contrarietate.
2436 4490 2644 4546 Idcirco
2671 4505 2867 4561 precor
2905 4503 3003 4545 vos
3028 4502 3127 4558 pro
3156 4485 3401 4543 Christo:
3443 4486 3568 4541 sub-

268 4612 540 4670 pomposa
580 4598 1028 4666 conversatione;
1067 4596 1262 4654 deinde
1315 4597 1437 4654 fidei
1465 4599 1763 4656 vacillantis
1791 4608 1866 4656 te-

1986 4583 2165 4638 vcnite
2196 4583 2348 4637 fama:
2397 4589 2610 4650 vestrm,
2638 4596 2759 4652 qua:
2786 4580 3052 4636 laceratur
3075 4587 3218 4635 inter
3240 4587 3451 4649 gentes,
3500 4591 3572 4632 ne

276 4704 439 4761 pore,
479 4703 585 4759 qua
614 4687 906 4758 inﬁrmata,
930 4689 1161 4745 inimicis
1187 4689 1410 4760 nostris,
1438 4688 1565 4745 dum
1613 4706 1721 4746 non
1750 4706 1876 4746 sen-

274 4783 474 4847 simus,
526 4782 844 4838 circumdati
890 4796 1077 4839 sumus
1127 4781 1423 4854 triplicibus
1477 4782 1570 4852 qui
1624 4781 1733 4837 dati
1754 4790 1881 4837 sunt

275 4873 441 4931 nobis
491 4873 560 4929 ad
612 4873 906 4929 vindictam
949 4881 1149 4930 nostra:
1205 4873 1497 4931 luxuriosa:
1548 4875 1875 4931 securitatis.

273 4967 534 5023 Omnium
581 4967 725 5023 enim
754 4967 1019 5023 malorum
1048 4981 1209 5024 causa
1240 4973 1325 5024 cst
1366 4982 1522 5024 erecte
1550 4967 1879 5039 prosperita-

278 5060 354 5116 tis
374 5058 659 5115 securitas.

353 5149 468 5207 Vll.
511 5148 696 5219 Miror,
722 5149 914 5218 fateor,
942 5150 1100 5208 talem
1128 5150 1512 5217 securitatem;
1549 5159 1605 5206 et
1632 5149 1770 5205 unde
1791 5150 1878 5206 hic

275 5241 501 5299 lethalis
520 5258 685 5314 sopor
715 5250 860 5298 totos
889 5257 1029 5313 pene
1058 5242 1327 5314 cooperit,
1342 5242 1527 5321 nescio
1548 5258 1667 5313 qua:
1693 5242 1877 5309 corda,

275 5352 405 5407 quae
428 5350 608 5406 aures,
631 5338 721 5410 qui
749 5352 943 5395 sensus
959 5380 974 5405 ,
996 5352 1135 5408 quos
1158 5351 1495 5408 nequaquam
1525 5336 1689 5407 ignita
1712 5335 1879 5407 ipsius

276 5426 499 5482 Domini
527 5428 692 5484 verba
741 5429 1138 5485 suscitaverunt
1160 5427 1224 5483 ad
1269 5428 1593 5498 vigilantiam
1650 5428 1749 5483 zeli
1793 5427 1878 5498 ju-

277 5521 427 5593 gitcr
455 5521 731 5589 ferventis,
764 5519 831 5576 ad
860 5527 1229 5591 contemptum
1257 5519 1459 5588 mundi,
1492 5520 1559 5574 ad
1590 5528 1877 5591 pauperta-

280 5625 400 5673 tem
431 5615 649 5683 Christi,
674 5616 815 5671 sicut
832 5616 1027 5671 multas
1048 5624 1236 5685 gentes
1261 5614 1333 5669 ita
1361 5620 1723 5669 asscruernnt.
1766 5612 1876 5683 Ego

281 5708 437 5766 enim
459 5710 527 5767 de
547 5724 793 5767 estremo
820 5711 1019 5766 mundo
1055 5710 1309 5776 veniens,
1370 5711 1459 5765 ubi
1498 5709 1637 5766 bella
1666 5708 1875 5764 Domini

368 5872 389 5897 ει
434 5842 684 5919 llorrorr.
706 5862 829 5919 llzec
859 5880 963 5921 vox
989 5864 1197 5922 videtur
1225 5865 1418 5923 mendo
1444 5865 1742 5936 irrepsisse.

1982 4672 2215 4745 perﬁdiae
2246 4683 2437 4738 vestrae
2466 4680 2747 4743 reputetnr
2772 4673 2840 4727 ab
2884 4670 3108 4735 azmulis,
3139 4670 3184 4725 si
3218 4668 3449 4741 amplius
3491 4676 3573 4724 ta-

1980 4763 2167 4820 centis.
2191 4763 2368 4819 Nolite
2396 4762 2581 4833 itaque
2607 4762 2837 4833 amplius
2884 4761 3248 4827 dissimulare,
3282 4760 3451 4817 nolite
3492 4768 3573 4815 ta-

1982 4869 2135 4922 cere;
2162 4853 2258 4911 sed
2286 4853 2466 4925 potius
2492 4853 2724 4910 emittite
2761 4868 2950 4910 vocem
2977 4853 3092 4909 veri
3119 4852 3377 4919 Pastoris,
3408 4867 3570 4923 quam

1982 4955 2281 5019 agnoscunt
2304 4960 2414 5001 sum
2442 4960 2572 5001 oves
2598 4960 2719 5016 quae
2744 4946 3043 5002 alienorum
3087 4960 3274 5002 vocem
3323 4959 3431 5001 non
3472 4958 3542 4999 an

1984 5041 2155 5108 diunt,
2175 5037 2271 5095 sed
2291 5035 2499 5107 fugiunt
2526 5035 2594 5091 ab
2615 5051 2680 5092 eo
2708 5035 2890 5107 (Ioan.
2915 5053 2969 5102 χ,
2992 5035 3044 5102 4,
3074 5034 3148 5108 5).

2053 5151 2143 5207 IX.
2183 5151 2296 5222 Ego
2322 5149 2514 5221 instigo
2540 5164 2660 5215 vos,
2686 5164 2837 5207 meos
2866 5158 3050 5221 patres
3087 5163 3152 5205 ac
3179 5146 3429 5219 proprios
3471 5160 3571 5215 pa-

1983 5256 2190 5312 tronos,
2218 5242 2287 5299 ad
2315 5241 2692 5314 depellendam
2722 5240 3094 5298 confusionem
3146 5239 3213 5295 de
3247 5236 3387 5294 facie
3431 5235 3571 5293 tilio-

1983 5353 2099 5392 rum
2129 5344 2428 5391 vestrorum
2456 5349 2521 5389 ac
2563 5332 2971 5405 discipulorum,
2999 5332 3090 5402 qui
3115 5344 3214 5402 pro
3244 5328 3400 5385 vobis
3443 5343 3573 5385 con-

1983 5428 2300 5483 funduntur:
2331 5433 2405 5493 et,
2433 5423 2575 5496 quod
2605 5424 2687 5481 his
2708 5422 2882 5494 majus
2905 5430 3006 5487 est,
3026 5428 3086 5476 ut
3112 5419 3287 5489 caligo
3314 5418 3574 5491 suspicio-

1991 5526 2072 5581 nis
2104 5522 2321 5579 lollatur
2362 5521 2431 5578 de
2458 5520 2710 5577 cathedra
2758 5520 2815 5575 S.
2852 5517 3015 5573 Petri.
3067 5515 3195 5577 Inde
3250 5523 3572 5573 conventum

1988 5623 2225 5687 Cogc,ut
2263 5628 2328 5670 ea
2368 5628 2487 5684 qua:
2512 5612 2667 5668 vobis
2713 5608 3070 5680 objiciuntur,
3130 5608 3404 5680 purgctis;
3463 5623 3572 5664 non

1988 5709 2128 5765 cnim
2160 5708 2304 5763 lusus
2339 5719 2526 5762 currus
2546 5702 2697 5758 vobis
2725 5700 2995 5772 objicitur.
3021 5700 3405 5765 [hereticorum
3431 5698 3575 5755 enim

2060 5862 2084 5901 δ
2129 5860 2318 5924 Quare.
2356 5858 2507 5925 Quia,
2548 5855 2633 5912 vel
2655 5857 2789 5927 quod
2810 5872 2908 5912 non
2936 5872 3126 5929 quare.
3150 5891 3218 5902 ..-
3240 5857 3353 5913 Non
3378 5855 3573 5926 p'acet.
