4052 6332
494 276 599 335 ἓῗθ

1710 271 1767 329 S.
1809 269 2199 329 COLUMBANI
2240 270 2525 330 ABBATIS

3668 274 3797 333 280

494 396 753 468 receptio,
785 402 839 450 ιιι
871 397 1050 463 audio,
1073 394 1222 450 vobis
1253 402 1550 465 reputatur,
1574 390 1717 462 quod
1744 391 1904 457 absit,
1936 389 2078 444 creti
2109 388 2159 448 Α
2187 384 2307 455 lius,
2360 387 2451 457 qui
2481 398 2563 444 est
2599 387 2863 454 Christus,
2902 388 3062 445 Pater
3093 404 3270 457 verus,
3302 390 3537 460 agitator
3580 391 3795 461 Israel,

482 504 680 545 verum
711 487 894 552 fuisse,
920 501 1038 543 esse
1067 486 1149 541 vel
1180 484 1313 542 fore.
1345 483 1537 539 Dicunt
1563 483 1706 539 enim
1756 481 2035 553 Eutychen
2061 521 2079 550 ,

494 581 818 646 Nestorium,
844 579 1173 643 Dioscorum,
1191 577 1462 649 antiquos,
1484 583 1541 631 ut
1556 575 1774 643 scimus,
1798 573 2084 630 luereticos

494 691 524 729 a
546 673 739 745 Vigilio
762 673 813 728 in
834 671 1061 745 synodo,
1087 669 1268 726 nescio
1284 682 1441 739 quam
1458 667 1643 742 [Forte
1659 665 1811 738 qua],
1826 668 1878 723 in
1892 667 2079 736 quinta

495 773 740 835 receptos
763 764 942 820 fuisse.
960 762 1100 819 Ecce
1116 776 1333 818 causam
1360 761 1544 829 totius,
1567 770 1624 815 ut
1636 760 1807 829 aiunt,
1819 759 2078 825 scaudali;

491 860 535 913 si
558 866 613 914 et
642 873 737 913 vos
761 858 850 914 sic
864 857 1120 927 recipitis,
1152 863 1210 911 ut
1234 854 1451 921 dicitur,
1475 864 1570 909 aut
1586 854 1631 910 si
1661 863 1717 910 et
1744 854 1915 924 ipsum
1936 853 2080 923 Vigi-

491 952 618 1004 lium
649 949 798 1005 scitis
822 950 897 1004 sic
919 947 1172 1004 infectum
1204 946 1511 1004 defunctum
1543 945 1723 1013 fuisse,
1746 960 1914 1016 quare
1934 944 2080 1000 illum

490 1053 676 1098 contra
707 1042 1092 1098 conscientiam
1124 1041 1392 1096 recitatis?
1424 1038 1589 1094 Omne
1618 1040 1780 1104 enim,
1812 1037 1947 1111 quod
1976 1053 2079 1092 non

489 1154 553 1189 «nr
573 1136 696 1204 ﬁde,
724 1145 989 1205 peccatum
1018 1144 1091 1188 est
1115 1133 1290 1205 (Rom.
1327 1148 1435 1195 xw,
1465 1132 1540 1202 5).
1572 1131 1690 1186 Jam
1722 1138 1897 1203 vestra
1919 1130 2077 1199 culpa

488 1236 589 1292 est,
619 1226 663 1279 si
695 1242 790 1281 vos
819 1225 1078 1280 deviastis
1105 1225 1173 1279 de
1200 1238 1325 1278 vera
1352 1222 1565 1289 fiducia,
1597 1230 1651 1277 et
1679 1222 1899 1292 primam
1922 1221 2077 1291 fidem

486 1319 691 1371 irritam
716 1318 911 1388 fecistis
937 1315 989 1387 (1
1022 1316 1156 1370 Tim.
1191 1331 1242 1380 ν,
1278 1314 1404 1384 ﬁt:
1435 1314 1629 1370 merito
1649 1313 1813 1369 vestri
1837 1312 2080 1383 juniores

487 1408 639 1465 vobis
667 1408 939 1474 resistunt,
969 1414 1024 1462 et
1071 1405 1265 1461 merito
1308 1404 1581 1460 vobiscum
1635 1418 1742 1458 non
1782 1402 2080 1459 communi-

486 1510 632 1567 cant,
664 1502 837 1557 donec
887 1500 1217 1571 perditorum
1246 1497 1505 1553 memoria
1528 1496 1796 1560 deleatur,
1849 1503 1906 1551 et
1935 1493 2075 1550 obli-

484 1594 633 1648 vioni
664 1592 927 1647 tradatur.
954 1592 1009 1645 Si
1060 1590 1202 1645 enim
1227 1590 1338 1644 haec
1363 1596 1510 1643 certa
1543 1589 1712 1657 magis
1737 1602 1898 1657 quant
1926 1586 2077 1642 fabu-

487 1686 603 1743 losa
645 1692 803 1750 sunt,
852 1696 1005 1737 versa
1058 1681 1172 1735 vice
1202 1678 1293 1733 filii
1326 1678 1486 1733 vestri
1518 1678 1572 1731 in
1626 1686 1781 1748 caput
1831 1676 2077 1732 conversi

2188 487 2334 534 trans
2358 476 2675 551 Euriporum
2721 483 2965 546 rheuma,
3011 490 3158 539 trans
3217 481 3537 554 Delphinum
3563 486 3735 544 dorsa
3766 526 3790 553 ν

2186 583 2333 630 trans
2358 583 2751 643 turgesccutem
2780 576 3130 642 dodrantem,
3190 577 3257 631 ad
3288 593 3388 633 nos
3441 594 3610 650 urque
3636 595 3789 651 per-

2185 665 2353 721 venit.
2412 665 2490 722 Ex
2515 677 2642 724 tunc
2678 683 2777 723 vos
2807 669 2985 739 magni
3011 668 3141 724 estis
3181 677 3237 724 et
3289 668 3454 737 clari,
3496 679 3551 725 et
3594 670 3791 728 Roma

2185 757 2302 828 ipsa
2325 759 2558 815 nobilior
2595 768 2652 816 et
2675 760 2873 816 clarior
2899 770 3012 828 est;
3042 762 3161 817 etsi
3184 761 3286 818 dici
3309 771 3521 834 potest,
3548 774 3793 835 propter

2186 851 2381 907 Christi
2409 852 2652 921 genuinos
2679 853 2955 925 apostolos
2979 853 3122 927 (dico
3152 854 3297 924 ipsos
3319 855 3485 912 cmlos
3513 872 3541 910 a
3563 856 3789 926 Spiritu

2183 942 2573 1010 sanctodictos,
2598 943 2691 999 Dei
2718 944 2943 1013 gloriam
2962 954 3278 1001 enarrantes
3301 945 3472 1019 [PsaL
3488 947 3704 1018 mutui]
3734 950 3789 1015 ),

2183 1034 2253 1090 de
2278 1036 2472 1104 quibus
2492 1033 2754 1091 infertur:
2785 1035 2849 1091 In
2879 1053 3080 1093 omnem
3121 1048 3312 1093 terram
3333 1040 3488 1092 exivit
3511 1056 3667 1093 sonus
3687 1056 3791 1094 eo-

2185 1141 2317 1191 rum,
2367 1138 2417 1180 et
2442 1127 2497 1180 in
2525 1128 2654 1198 ﬁnes
2676 1127 2816 1184 orbis
2858 1140 3009 1184 terra:
3042 1130 3199 1184 verba
3241 1132 3453 1186 illarum
3496 1130 3684 1205 [Ibid.,
3714 1130 3788 1203 5]

2186 1234 2281 1273 vos
2310 1233 2480 1289 prope
2533 1219 2780 1275 ctelestes
2805 1220 2953 1283 estis,
2996 1231 3054 1275 et
3101 1219 3271 1276 Roma
3303 1222 3449 1277 orbis
3502 1233 3785 1278 terrarum

2184 1321 2343 1382 caput
2372 1321 2458 1367 est
2503 1312 2655 1369 eccle
2686 1314 2878 1378 iarum,
2907 1313 3055 1368 salva
3082 1313 3187 1368 loci
3217 1313 3499 1370 dominica:
3526 1329 3787 1370 resurre-

2190 1407 2391 1463 clionis
2431 1407 2686 1475 singulari
2717 1408 3095 1479 przerogativa.
3126 1407 3195 1463 Et
3232 1408 3350 1465 ideo
3379 1410 3517 1466 sicut
3542 1423 3788 1478 magnus

2185 1498 2361 1554 honor
2392 1506 2570 1553 vester
2598 1506 2679 1552 est
2708 1515 2805 1568 pro
2832 1498 3091 1568 dignitate
3118 1501 3416 1566 cathedrzr,
3472 1501 3541 1555 ita
3571 1516 3783 1569 magna

2183 1602 2312 1643 cura
2343 1588 2497 1644 vobis
2519 1590 2818 1645 necessaria
2848 1598 2952 1655 est,
2983 1598 3040 1644 ut
3094 1606 3203 1645 non
3257 1592 3491 1662 perdatis
3530 1602 3780 1647 vestram

2183 1683 2498 1755 dignitatem
2522 1693 2743 1756 propter
2792 1685 3025 1755 aliquam
3083 1686 3508 1757 perversitatem.
3557 1686 3779 1743 Tandin

485 1786 630 1843 sunt,
661 1793 747 1831 vos
777 1792 893 1830 vero
944 1776 997 1828 in
1051 1772 1272 1827 caudam
1319 1770 1496 1844 (Deut
1554 1786 1742 1836 11H".
1772 1769 1901 1847 44);
1931 1770 2073 1839 quod
2113 1779 2149 1835 lt
2179 1776 2324 1831 enim
2355 1784 2595 1847 potestas
2632 1776 2773 1847 apud
2792 1793 2886 1832 vos
2908 1778 3031 1846 erit,
3055 1778 3291 1850 quandiu
3321 1787 3467 1835 recta
3493 1781 3633 1835 ratio
3654 1796 3782 1852 pcr-

486 1872 649 1926 etiam
680 1870 784 1925 dici
815 1870 971 1924 dolor
991 1874 1107 1924 est:
1138 1867 1260 1922 ideo
1289 1874 1345 1922 et
1366 1865 1529 1922 vestri
1565 1874 1723 1921 erunt
1740 1863 1954 1935 judices
1984 1862 2075 1934 qui

482 1974 700 2031 semper
724 1959 1085 2014 ortholoxam
1139 1956 1297 2013 tidem
1347 1964 1718 2019 servaverunt,
1768 1955 2076 2024 quicunque

483 2052 558 2108 illi
584 2051 799 2120 fuerint,
822 2053 1032 2107 etiamsi
1059 2051 1304 2121 juniores
1321 2050 1485 2106 vestri
1520 2050 1819 2106 videantur.
1846 2047 1950 2117 Ipsi
1980 2063 2076 2103 au-

486 2155 592 2201 tem
616 2146 911 2201 orthodoxi
936 2153 992 2201 et
1017 2145 1128 2200 veri
1160 2144 1543 2216 catholici,qui
1567 2158 1743 2213 neque
1770 2142 2071 2208 haereticos,

484 2251 661 2307 neque
686 2248 971 2307 suspectos
1000 2238 1212 2306 aliquos
1236 2238 1525 2307 aliquando
1554 2247 1874 2307 receperunt
1902 2251 2075 2306 neque

483 2329 863 2395 defenderunt,
893 2330 986 2386 sed
1035 2331 1088 2384 in
1133 2330 1251 2386 zelo
1280 2346 1423 2387 verae
1475 2330 1596 2386 fidei
1642 2338 2070 2402 permanserunt.

483 2422 540 2476 Si
572 2422 735 2491 igitur
763 2431 818 2477 et
848 2422 933 2476 isti
982 2439 1086 2478 non
1123 2427 1255 2477 tales
1301 2422 1427 2489 sint,
1471 2430 1529 2476 ut
1579 2422 1824 2478 seuimcs
1864 2421 2072 2489 ordine,

484 2516 639 2587 culpa
671 2524 853 2571 tamen
885 2516 1118 2588 majores
1147 2517 1293 2587 juste
1333 2517 1600 2587 judicent,
1634 2518 1882 2572 certatim
1933 2516 2081 2579 invi-,

485 2622 601 2663 cem
636 2608 848 2663 veniam
873 2625 970 2680 pro
997 2617 1104 2664 tam
1149 2611 1305 2678 longa
1334 2609 1602 2665 discordia
1630 2609 1990 2680 postulantes,
2022 2617 2079 2665 et

485 2700 697 2769 utrique
720 2701 925 2755 nullum
958 2710 1143 2757 contra
1166 2701 1430 2757 rationem
1461 2700 1828 2768 defendentes,
1863 2716 1960 2757 nec
1982 2717 2079 2757 vos

484 2792 798 2864 hasreticos,
835 2810 935 2850 nec
965 2794 1038 2849 illi
1060 2802 1360 2865 suspectos,
1392 2810 1501 2866 quo
1544 2796 1760 2866 utrique
1809 2793 2079 2866 culpabile

484 2883 712 2939 celerius
740 2884 1088 2940 concordare.

558 2973 622 3029 Χ.
693 2975 801 3031 Sed
861 2976 1134 3046 indulgete
1209 2977 1337 3032 mihi
1394 2978 1518 3032 talia
1582 2976 1898 3049 confragosa
1957 2977 2078 3035 loca

486 3078 507 3102 ελ
532 3068 854 3135 lransnanti,
877 3068 922 3121 si
944 3081 1048 3137 qua
1080 3068 1375 3124 forinsecus
1396 3069 1557 3123 verba
1586 3085 1741 3126 aures
1770 3072 1886 3141 pias
1908 3070 2079 3126 offen-

2174 1869 2464 1923 manserit:
2498 1869 2587 1924 ille
2615 1870 2760 1924 enim
2793 1877 2973 1925 certus
3004 1871 3153 1941 regni
3181 1870 3439 1926 cartorum
3478 1872 3772 1927 c‘avicula-

2174 1962 2286 2018 rius
2314 1971 2415 2029 est,
2448 1962 2539 2033 qui
2570 1960 2744 2031 dignis
2765 1978 2861 2034 per
2880 1978 3063 2019 veram
3091 1963 3368 2018 scientiam
3393 1963 3587 2034 aperit,
3602 1972 3662 2018 et
3682 1963 3774 2018 in—

2175 2057 2351 2129 dignis
2377 2057 2597 2114 claudit.
2624 2059 2898 2129 Alioquin,
2928 2060 2970 2116 si
3001 2059 3269 2115 contraria
3293 2057 3500 2126 fecerit,
3527 2074 3629 2116 nec
3641 2074 3772 2131 ape-

2175 2151 2305 2217 rire,
2342 2166 2440 2207 nec
2470 2152 2724 2208 claudere
2755 2153 2975 2222 poterit.

2247 2240 2337 2295 XI.
2379 2241 2514 2298 Cum
2546 2243 2659 2299 lucc
2688 2243 2848 2311 igitur
2878 2257 3000 2298 vera
3031 2240 3143 2298 sint
3168 2252 3224 2299 et
3259 2243 3375 2299 sine
3417 2244 3523 2299 ulla
3553 2254 3771 2301 contra-

2178 2331 2417 2389 dictione
2445 2334 2512 2390 ab
2559 2336 2807 2391 omnibus
2854 2350 2980 2391 vera
3028 2335 3361 2405 sapientibus
3405 2346 3622 2408 recepta
3661 2338 3772 2393 sint

2179 2424 2329 2497 (licet
2357 2428 2606 2482 omnibus
2636 2436 2819 2484 notum
2846 2437 2947 2496 est,
2971 2439 3027 2484 et
3044 2445 3203 2484 nemo
3227 2428 3387 2501 [Λάά.
3415 2430 3507 2503 sit]
3530 2431 3618 2502 qui
3641 2445 3768 2486 nes—

2177 2515 2286 2571 ciat
2314 2518 2547 2586 qualiter
2570 2516 2818 2574 Salvator
2845 2528 3031 2575 noster
3057 2528 3245 2575 sancto
3275 2520 3436 2575 Petro
3457 2522 3603 2591 regni
3652 2535 3767 2577 cas-

2180 2606 2353 2662 lorum
2382 2608 2613 2664 contulit
2636 2609 2837 2680 claves)
2865 2619 2921 2665 et
2950 2625 3046 2665 vos
3076 2625 3172 2681 per
3201 2611 3305 2666 hoc
3338 2610 3479 2667 forte
3521 2612 3767 2682 superci-

2181 2698 2371 2753 liosum
2402 2699 2587 2755 nescio
2609 2699 2755 2769 quid,
2782 2712 2891 2770 pne
2929 2701 3136 2756 ceteris
3158 2701 3309 2756 vobis
3337 2700 3557 2771 majoris
3580 2708 3769 2757 aucto-

2180 2790 2373 2858 ritatis,
2431 2806 2497 2847 ac
2552 2791 2604 2845 in
2651 2792 2844 2848 divinis
2897 2793 3059 2850 rebus
3112 2794 3405 2864 potestatis
3445 2791 3766 2859 vindicatis;

2182 2882 2440 2938 noveritis
2463 2882 2728 2939 minorem
2760 2883 2874 2939 fore
2897 2893 3218 2955 potestatem
3241 2893 3474 2943 vestram
3497 2885 3637 2955 apud
3662 2884 3769 2939 Do-

2182 2975 2411 3044 minum,
2440 2975 2488 3029 si
2517 2977 2602 3031 vel
2632 2978 2879 3045 cogitatis
2911 2978 3013 3032 hoc
3040 2977 3092 3032 in
3123 2976 3376 3033 cordibus
3395 2977 3589 3032 vestris
3613 2977 3767 3047 :quia

2184 3070 2362 3124 unitas
2391 3070 2511 3125 ιιιιοὶ
2545 3071 2596 3124 in
2628 3080 2743 3123 toto
2773 3069 2905 3124 orbe
2936 3072 3194 3124 unitatem
3235 3068 3364 3124 fecit
3390 3069 3679 3140 potestatis
3716 3076 3770 3123 et

484 3168 703 3230 derunt,
731 3162 855 3232 quia
907 3162 1304 3231 consequentiae
1332 3161 1757 3236 [consequentis]
1807 3165 1946 3220 ratio
1995 3164 2078 3218 hi-
2106 3172 2150 3234 (ς
2182 3163 2576 3233 prmrogativzn;
2611 3164 2681 3217 ita
2707 3172 2764 3216 ut
2794 3162 3013 3218 libertas
3044 3162 3253 3218 veritati
3282 3163 3479 3233 ubique
3505 3162 3573 3217 ab
3597 3161 3768 3217 omni-

483 3257 666 3313 storias
696 3256 824 3312 nihil
852 3272 939 3311 me
967 3257 1033 3312 de
1054 3258 1353 3326 quaestione
1375 3257 1649 3328 praeterire
1680 3258 1974 3328 permittit,
2023 3266 2079 3313 et

481 3346 705 3405 libertas
726 3354 963 3418 paterna:
987 3346 1416 3415 consuetudinis,
1443 3356 1502 3402 ut
1528 3347 1600 3403 ita
1631 3347 1825 3410 dicam,
1858 3362 1943 3402 me
1981 3362 2079 3402 au-

483 3439 615 3494 dere
644 3452 711 3494 ex
740 3446 893 3510 parte
914 3437 1059 3493 facit.
1092 3437 1207 3493 Non
1230 3440 1374 3495 enim
1401 3438 1541 3510 apud
1587 3454 1687 3495 uos
1717 3454 1944 3509 persona
1983 3438 2080 3495 scd

484 3529 628 3586 ratio
654 3529 829 3585 valet:
864 3544 1019 3583 amor
1041 3540 1220 3585 autem
1250 3531 1397 3602 pacis
1424 3530 1749 3602 evangelica:
1797 3537 1967 3586 totum
1991 3545 2078 3586 me

485 3623 669 3677 dicere
693 3623 862 3692 cogit,
896 3629 953 3676 ut
978 3622 1132 3677 vobis
1154 3622 1223 3679 sit
1252 3633 1440 3693 stupor
1464 3624 1727 3677 ainbobus
1754 3665 1769 3691 ,
1820 3622 1909 3692 qui
1941 3636 2079 3677 unus

485 3717 682 3774 chorus
712 3732 830 3772 esse
858 3717 913 3773 (ιι
929 3717 1139 3785 buistis,
1161 3717 1186 3755 δ
1207 3718 1518 3788 magnitudo
1544 3717 1922 3773 sollicitudinis
1944 3732 2076 3772 mea:

486 3825 588 3879 pro
619 3811 944 3879 concordia,
988 3826 1120 3882 pace
1151 3820 1350 3866 vestra.
1392 3811 1454 3865 Si
1482 3811 1627 3866 enim
1673 3812 1871 3882 patitur
1915 3827 2074 3865 unum

488 3904 788 3969 membrum,
814 3906 1157 3976 compatimur
1187 3903 1610 3977 [compatiuntur]
1641 3906 1817 3960 omnia
1846 3903 2079 3959 membra

490 3993 544 4065 (1
575 3994 696 4050 Cor.
722 4012 811 4060 xu,
844 3995 957 4067 26).
990 3996 1097 4052 Nos
1122 3998 1289 4066 enim,
1320 4005 1376 4053 ut
1402 4006 1526 4052 ante
1557 3998 1687 4064 dixi,
1718 3999 1952 4054 devincti
1981 4014 2075 4054 su-

478 4100 610 4141 ‘mus
648 4088 916 4143 cathedra:
936 4088 993 4143 S.
1022 4088 1161 4143 Petri
1184 4108 1198 4144 :
1223 4090 1349 4146 licet
1378 4091 1520 4146 enim
1554 4091 1720 4147 Roma
1750 4107 1944 4161 magna
1997 4101 2079 4148 est

489 4192 543 4235 et
573 4180 823 4251 vulgata;
867 4197 961 4253 per
989 4182 1145 4237 istam
1190 4183 1506 4240 cathedram
1533 4193 1740 4241 tantum
1791 4187 1933 4258 apud
1977 4204 2078 4244 nos

487 4280 572 4329 est
597 4286 788 4342 magna
813 4280 867 4328 et
896 4272 1062 4328 clara.
1104 4272 1423 4346 Quanquam
1455 4277 1597 4332 enim
1625 4278 1878 4335 Ausonici
1903 4279 2073 4337 deco-

486 4364 581 4427 ris,
614 4378 675 4418 ac
695 4364 738 4417 si
767 4365 1198 4433 angustissimum
1221 4367 1528 4436 quoddam,
1560 4384 1622 4425 ac
1646 4371 1863 4427 tetheris
1888 4372 2078 4443 procul

485 4454 787 4524 sejunctum
843 4456 1147 4513 clintatibus
1186 4460 1547 4529 promiscuis,
1609 4462 1753 4517 urbis
1805 4464 2074 4534 quondam

2180 3256 2282 3312 bus
2308 3256 2487 3325 detur,
2517 3264 2573 3312 et
2601 3256 2777 3311 aditus
2804 3256 2974 3311 errori
3005 3256 3072 3311 ab
3097 3255 3348 3311 omnibus
3398 3253 3645 3309 similiter
3672 3254 3767 3309 ab-

2183 3359 2449 3421 uegatur:
2484 3350 2608 3421 quia
2631 3349 2899 3405 confessio
2920 3356 3072 3404 recta
3119 3348 3282 3403 etiam
3313 3354 3503 3403 sancto
3553 3345 3768 3417 privile-

2181 3445 2326 3515 gium
2383 3444 2530 3499 dedit
2586 3443 2935 3499 claviculario
2971 3441 3244 3497 communi
3268 3443 3511 3497 omnium
3555 3440 3769 3505 Nonno,

2182 3536 2342 3591 liceat
2366 3534 2844 3605 etiamjunioribus
2873 3534 3067 3590 vestris
3095 3534 3387 3590 sollicitare
3415 3548 3514 3589 vos
3533 3548 3635 3605 pro
3653 3532 3768 3587 zelo

2183 3626 2327 3691 fidei,
2346 3643 2446 3696 pro
2463 3642 2648 3682 amore
2670 3627 2837 3700 pacis,
2855 3642 2954 3699 pro
2980 3625 3234 3683 Ecclesizc
3251 3627 3455 3681 unitate
3471 3626 3769 3681 communis

2183 3720 2391 3784 matris,
2420 3734 2540 3788 quae
2582 3720 2830 3774 nimirum
2879 3718 3017 3773 intra
3067 3718 3271 3774 viscera
3303 3732 3455 3773 more
3512 3716 3768 3772 Rebecca

2184 3812 2338 3885 (Gen.
2371 3829 2497 3880 xxv,
2520 3811 2636 3884 9.2.)
2657 3812 2979 3882 discerpitur
2999 3819 3263 3877 materna,
3294 3818 3348 3863 et
3369 3808 3516 3864 dolet
3536 3823 3637 3879 pro
3658 3808 3766 3863 rixa

2182 3923 2245 3962 ac
2263 3907 2517 3963 intestino
2533 3905 2673 3961 bello
2688 3905 2914 3960 filiorum
2929 3920 3173 3974 suorum,
3191 3912 3247 3960 et
3268 3912 3455 3959 marsta
3476 3904 3625 3973 luget
3641 3902 3762 3959 divi-

2181 3997 2391 4053 sionem
2407 3997 2672 4052 viscerum
2693 4012 2934 4052 suorum.
2954 3994 3227 4067 Lacrymis
3249 3995 3300 4051 in
3321 3995 3401 4051 his
3415 4011 3549 4066 opus
3572 4006 3655 4051 cst
3672 4010 3767 4050 ma-

2182 4094 2291 4164 gis,
2315 4108 2475 4163 quam
2499 4091 2698 4147 verbis.
2722 4088 3009 4157 Quomodo
3032 4088 3310 4161 pratvaluit
3330 4088 3583 4144 inimicus
3621 4087 3767 4143 Chri-

2181 4185 2340 4241 stiani
2370 4183 2601 4241 nominis
2624 4191 2747 4254 post
2770 4181 2885 4236 Filii
2920 4180 3012 4236 Dei
3036 4180 3152 4235 viva
3175 4182 3501 4250 verba,post
3530 4179 3764 4249 Evange-

2181 4279 2375 4335 liorum
2417 4275 2824 4348 plenitudinem,
2880 4282 3002 4346 post
3052 4273 3403 4344 apOstolicam
3434 4273 3767 4341 doctrinam,

2180 4382 2304 4445 post
2333 4372 2661 4428 neotericam
2686 4369 3113 4427 orthodoxorum
3134 4376 3413 4425 auctorum
3428 4368 3767 4437 scripturam,

2182 4465 2276 4536 qui
2300 4466 2368 4521 de
2390 4480 2532 4519 novo
2562 4480 2627 4519 ac
2656 4464 2826 4519 veteri
2865 4472 3202 4519 sacramenta
3237 4461 3357 4517 fidei
3400 4461 3619 4516 diverso
3667 4474 3769 4516 ser-

486 4547 717 4603 condita:
747 4564 961 4616 nomen,
998 4552 1160 4605 nimio
1192 4551 1374 4609 favore
1422 4554 1662 4610 omnium
1721 4572 1891 4627 prope
1938 4572 2071 4628 gen-
2101 4563 2157 4625 Ι)
2183 4574 2342 4614 mone
2371 4558 2742 4629 aperuerunt?
2772 4554 2982 4627 Corpus
3008 4553 3203 4610 Chri;ti
3231 4554 3489 4618 dividere,
3522 4564 3579 4607 et
3608 4567 3767 4607 tuem-

486 4640 644 4710 tium,
677 4642 804 4696 totis
832 4658 928 4713 per
947 4644 1157 4713 orbem,
1206 4662 1376 4716 usque
1405 4646 1458 4701 in
1508 4647 1732 4705 occidua
1768 4658 2075 4706 transtnuu-

486 4736 640 4792 dialis
668 4737 849 4792 limitis
878 4739 1016 4806 loca,
1050 4740 1403 4795 tiiuudalibus
1423 4741 1716 4808 saltuatim,
1741 4742 1867 4801 licet
1885 4745 2082 4814 hyper-

486 4829 683 4897 bolice,
731 4832 903 4902 pelagi
962 4830 1257 4887 vorticibus
1318 4833 1555 4904 undique
1631 4838 2079 4905 consurgentibus

456 4925 708 4992 ‘(mirum
762 4925 963 4987 dictu!)
993 4966 1007 4990 ,
1040 4942 1145 4979 non
1205 4927 1614 4997 prohibentibus
1664 4928 1822 4997 longe
1866 4929 2079 4999 lateque

486 5017 761 5084 v'ulgatum
802 5027 919 5081 est;
949 5034 1012 5071 cx
1055 5032 1121 5071 eo
1144 5028 1320 5073 tamen
1355 5028 1600 5091 tempore
1623 5063 1639 5088 ,
1691 5035 1801 5089 quo
1834 5019 1977 5077 Deus
2022 5031 2078 5076 et

491 5108 587 5163 Dei
612 5107 775 5163 Filius
806 5124 925 5164 esse
952 5109 1205 5179 dignatus
1233 5121 1334 5178 est,
1363 5128 1426 5169 ac
1473 5113 1527 5167 in
1582 5113 1795 5169 duobus
1843 5113 1947 5169 illis
1975 5114 2079 5171 fer-

487 5201 811 5258 ventissimis
844 5201 933 5256 Dei
961 5202 1193 5272 Spiritus
1215 5206 1387 5275 equis,
1417 5203 1579 5263 Petro
1610 5206 1812 5262 scilicet
1832 5216 1887 5262 ct
1910 5205 2077 5265 Paulo

489 5292 750 5361 apostolis
800 5293 1051 5364 (quorum
1093 5295 1256 5351 chara
1307 5298 1531 5367 pignora
1589 5314 1685 5353 vos
1724 5298 1907 5356 felices
1938 5300 2080 5359 fece-

487 5384 663 5453 runt),
693 5399 791 5455 per
835 5401 982 5441 mare
1028 5388 1265 5457 gentium
1314 5389 1593 5459 cquitans,
1647 5391 1876 5448 turbavit
1905 5408 2073 5465 aquas

487 5474 708 5539 multas,
730 5483 787 5528 et
809 5477 1272 5535 innumerabilium
1295 5480 1618 5551 populorum
1661 5483 1893 5540 millibus
1936 5487 2079 5540 tnui-

488 5564 750 5634 tiplicavit
774 5568 1077 5639 quadrigas,
1110 5586 1391 5641 supremus
1421 5574 1533 5646 ipse
1560 5575 1741 5647 auriga
1776 5593 1968 5635 currus
2012 5579 2077 5633 il~

563 5710 585 5788 ς
630 5702 963 5788 transfundi.
997 5710 1071 5788 l_t_a
1104 5715 1469 5788 rescripsimus
1496 5733 1591 5788 pro
1620 5720 1901 5778 trattclauti
1946 5719 2075 5776 edit.

564 5771 588 5812 ι’
631 5770 955 5849 Magnitudo.
1012 5781 1086 5839 Ιεῖτ
1134 5770 1459 5856 ηἰπιυιῖἰιιιάοξ
1624 5770 1815 5855 mox,
1843 5770 1907 5845 ὲῖὲ

2183 4656 2279 4708 bra
2310 4666 2566 4722 separare
2610 4660 2666 4705 et
2694 4649 2839 4721 ipsus
2864 4648 2981 4704 Filii
3019 4649 3112 4703 Dei
3140 4647 3438 4704 Salvatoris
3462 4646 3653 4702 mundi
3694 4654 3768 4701 tu-

2185 4744 2361 4800 nicam
2391 4744 2656 4809 scindere,
2690 4758 2810 4812 qua:
2840 4750 2923 4796 est
2952 4742 3165 4797 unitas?
3196 4738 3368 4793 Tuum
3416 4747 3501 4794 cst
3546 4739 3654 4794 hoc
3690 4752 3772 4792 ar-

2185 4838 2428 4906 tificium,
2460 4835 2693 4909 diabole,
2718 4854 2878 4910 quem
2906 4836 3148 4893 Christus
3177 4853 3282 4907 pax
3310 4845 3507 4901 nostra,
3540 4836 3627 4905 qui
3658 4831 3772 4907 fecit

2183 4942 2399 5005 utraque
2428 4950 2585 4988 unum
2617 4932 2835 5005 (Epltcs.
2869 4948 2944 4999 χι,
2980 4930 3086 5003 M),
3121 4930 3319 4984 vincat.

2256 5025 2370 5081 XII.
2412 5026 2536 5083 Ideo
2568 5027 2698 5092 cito,
2724 5023 3045 5091 charissimi,
3077 5021 3404 5078 concordate
3424 5062 3440 5087 ,
3469 5029 3523 5076 et
3573 5032 3768 5077 convc-

2185 5119 2298 5175 uite
2344 5119 2398 5174 in
2452 5133 2639 5186 unum,
2671 5126 2726 5172 et
2766 5116 2933 5171 nolite
2958 5112 3289 5171 contendere
3319 5128 3415 5184 pro
3443 5112 3679 5183 antiquis
3707 5104 3769 5164 li-

2185 5210 2360 5277 tibus;
2411 5209 2505 5265 sed
2537 5210 2706 5278 magis
2735 5217 2935 5275 tacete,
2964 5215 3020 5263 et
3064 5214 3269 5261 aeterno
3296 5205 3512 5261 silentio
3543 5221 3608 5260 ac
3635 5202 3765 5259 obli-

2182 5305 2327 5360 vioni
2357 5320 2450 5359 eas
2474 5302 2665 5357 tradite
2690 5320 2703 5369 ;
2736 5311 2790 5358 ct
2811 5301 2853 5357 si
2880 5316 2985 5371 qua
3010 5300 3168 5355 dubia
3191 5308 3343 5369 sunt,
3373 5299 3555 5354 divino
3573 5297 3765 5371 judicio

2188 5405 2479 5452 reservate.
2512 5396 2645 5463 Qua:
2675 5405 2856 5451 autem
2901 5394 3185 5449 manifesta
3258 5402 3425 5458 sunt,
3468 5392 3539 5449 de
3585 5393 3765 5464 quibus

2184 5489 2432 5545 homines
2449 5488 2689 5559 judicare
2716 5496 2962 5560 possunt,
2984 5486 3126 5556 juste
3152 5486 3272 5541 sine
3302 5500 3650 5556 personarum
3680 5497 3762 5536 ac-

2185 5584 2432 5655 ceptione
2454 5583 2719 5653 judicate;
2750 5583 2924 5655 sitque
2938 5581 3195 5652 judicium
3213 5579 3499 5652 pacificum
3527 5579 3581 5634 in
3605 5574 3760 5648 portis

2184 5737 2350 5781 vestra
