4052 6332
194 402 296 459 931

1164 384 1526 448 EPISTOLIE
1566 389 1659 446 AD
1701 383 2054 443 DIVERSOS.
2095 415 2165 429 -—
2208 386 2423 445 EPIST.
2471 388 2530 444 Υ.

3368 352 3481 449 ’ὲδά

191 521 409 584 vestris,
443 526 494 573 et
524 514 798 587 agnoscite
820 526 917 568 vos
939 508 1166 565 invicem
1195 550 1209 574 ,
1240 518 1295 563 ut
1328 509 1397 563 sit
1426 504 1675 577 gaudium
1725 502 1780 557 in
1810 499 1857 557 Δ
1887 516 2025 564 sum,
2056 517 2186 572 rogo
2213 520 2329 571 vos,
2372 504 2496 575 quia
2544 504 2697 557 multi
2727 503 2971 559 dubitant
3018 504 3084 561 de
3114 506 3238 561 {itci
3285 518 3477 565 vestrzc

193 613 337 670 C(Blo
362 618 416 666 ct
442 610 495 664 in
523 617 662 661 terra
688 620 785 675 pro
802 619 935 675 pace
950 610 1004 657 et
1028 601 1411 669 conjunctione
1426 606 1626 654 vestra.
1653 594 1790 664 Quid

192 705 351 760 vobis
380 700 523 756 aliud
544 698 856 764 defendere,
881 705 1078 764 pncter
1109 693 1270 747 ﬁdem
1322 690 1647 747 catholicam
1679 730 1694 753 ,
1746 687 1793 742 si

192 784 631 851 veriChristiani
664 790 793 846 estis
825 787 1082 859 utrique?
1105 786 1220 840 Non
1272 785 1415 840 enim
1442 798 1543 852 ego
1573 795 1793 851 possum

192 890 355 955 seire,
387 885 529 941 unde
573 883 908 939 Christianus
937 889 1125 935 contra
1153 875 1516 932 Christianum
1563 875 1631 928 de
1691 872 1796 928 ﬁde

193 978 370 1051 possit
397 974 760 1037 contcnlere;
794 972 886 1025 sed
908 969 998 1038 qui
1020 967 1167 1039 lquitl
1209 965 1410 1020 dixerit
1454 961 1796 1019 ortltodoxus

194 1068 555 1128 Christianus,
588 1064 678 1133 qui
694 1071 842 1118 recte
865 1060 1150 1116 Dominum
1182 1058 1479 1128 glorilicat,
1503 1054 1797 1126 responde—

194 1164 280 1219 bit
309 1162 445 1216 alter
478 1161 662 1225 Amen,
684 1157 810 1227 quia
844 1164 898 1210 et
938 1154 1028 1209 ille
1058 1153 1305 1208 similiter
1333 1159 1476 1205 amat
1507 1158 1561 1205 et
1604 1148 1794 1203 credit.

196 1254 380 1311 Unum
413 1254 595 1321 itaque
626 1264 815 1305 omnes
841 1246 1023 1307 dicite.
1058 1253 1114 1299 et
1143 1260 1309 1298 unum
1337 1244 1556 1306 sentite,
1588 1248 1647 1294 ut
1674 1239 1801 1293 utri-

196 1362 307 1417 que
337 1361 499 1400 unum
523 1345 643 1398 sitis
671 1342 767 1396 toti
790 1336 1079 1393 Christiani
1106 1334 1156 1406 (Ι
1198 1334 1318 1389 Cor.
1347 1350 1385 1398 I,
1430 1331 1537 1401 10).
1569 1329 1700 1384 Nam
1730 1329 1795 1392 si,

197 1449 262 1495 ut
290 1438 492 1505 audivi,
515 1435 675 1506 aliqui
708 1434 760 1488 in
785 1433 1000 1487 Christo
1032 1430 1162 1483 duas
1190 1425 1525 1482 substantias
1553 1438 1657 1477 non
1683 1435 1800 1477 ere-

195 1531 359 1596 dunt,
392 1527 631 1583 lta'retiei
656 1525 833 1596 potius
862 1538 1021 1593 quam
1053 1508 1339 1575 Chr‘stiani
1365 1514 1614 1571 credendi
1640 1519 1797 1571 sunt:

196 1625 451 1681 Cbri~tus
473 1622 616 1677 enim
665 1617 919 1673 Salvator
947 1621 1138 1668 noster
1165 1626 1325 1665 verus
1375 1608 1535 1674 Deus,
1566 1615 1803 1661 aeternus

198 1717 322 1771 s’ne
354 1725 621 1781 tempore,
652 1718 702 1765 et
729 1723 888 1762 verus
917 1706 1082 1760 Immo
1105 1702 1308 1770 absque
1333 1706 1558 1769 peccato
1581 1713 1647 1751 ex
1676 1706 1805 1750 tem-

197 1821 337 1880 pore
365 1818 477 1871 est;
506 1807 595 1877 qui
619 1804 773 1874 juxta
801 1801 1137 1857 divinitatem
1170 1805 1475 1851 cozeternus
1504 1802 1587 1849 est
1628 1792 1798 1858 Patri,

198 1872 255 1959 et
276 1903 429 1973 juxta
456 1872 848 1953 humanitatem
873 1893 1056 1963 junior
1082 1899 1166 1946 est
1197 1896 1389 1943 matre.
1428 1884 1529 1953 Qui
1560 1893 1715 1939 natus
1745 1883 1797 1938 in
1834 1872 1870 1931 li

196 2011 387 2059 carne,
419 2006 759 2062 nequaquam
790 1985 1163 2043 deeratecelo:
1189 1982 1485 2039 manensin
1513 1981 1797 2047 Trinitate,

197 2089 344 2145 vixit
382 2088 433 2142 in
460 2084 683 2140 mundo.
713 2082 781 2136 Et
810 2082 930 2136 ilco
951 2080 995 2135 si
1018 2078 1278 2148 scriptum
1306 2082 1390 2131 est
1432 2075 1484 2129 in
1512 2089 1546 2126 v
1568 2072 1798 2144 synodo,

199 2189 265 2235 ut
292 2180 511 2249 qitidam
568 2175 697 2230 mihi
749 2173 903 2238 dixit,
950 2170 1094 2240 quod
1149 2168 1241 2239 qui
1291 2168 1426 2222 duas
1472 2165 1803 2221 substantias

202 2276 418 2340 adorat,
448 2272 748 2328 orationem
791 2282 943 2323 suam
974 2265 1198 2319 divisam
1224 2262 1443 2327 habeat,
1474 2259 1564 2313 ille
1600 2258 1802 2312 divisus

199 2375 285 2422 est
316 2382 344 2419 a
376 2363 596 2428 sanctis,
624 2370 676 2414 et
717 2366 998 2430 separatus
1046 2363 1128 2409 est
1159 2369 1188 2407 a
1243 2352 1355 2407 Deo
1379 2394 1394 2420 ,
1420 2351 1515 2421 qui
1563 2348 1799 2420 scripsit.

202 2457 341 2512 Nat‘n
398 2471 495 2509 nos
523 2469 620 2523 pro
652 2450 857 2505 unitate
906 2461 1172 2518 personae,
1230 2445 1282 2499 in
1336 2459 1441 2514 qua
1490 2442 1804 2512 complacuit

200 2549 579 2621 plenitudinem
627 2544 909 2598 divinitatis
961 2533 1256 2594 inhabitare
1303 2536 1643 2605 corporaliter
1683 2534 1803 2607 (Cot-

202 2647 333 2699 loss.
368 2660 424 2703 tt.
447 2641 525 2708 9),
550 2654 711 2693 unum
731 2636 1001 2691 Christum
1025 2631 1315 2699 credimus,
1334 2629 1666 2685 divinitatem
1689 2628 1804 2698 ejus

202 2745 259 2790 ct
289 2734 455 2787 blatta
482 2733 703 2791 vit-item,
734 2726 859 2796 quia
885 2725 972 2796 qui
998 2724 1258 2804 descendit
1278 2765 1290 2788 ,
1339 2722 1449 2791 ipse
1483 2728 1559 2774 est
1599 2720 1683 2791 qui
1714 2736 1801 2773 aa-

202 2823 380 2879 ccndit
408 2838 559 2891 super
587 2836 762 2873 omnes
786 2816 957 2880 (telas,
981 2826 1036 2869 ut
1060 2814 1365 2886 adimplere!
1385 2813 1560 2867 omnia
1588 2810 1801 2881 (Ep/tes.

204 2934 281 2985 tv,
322 2914 429 2985 ιο).
459 2916 515 2969 Si
537 2913 627 2983 qui
653 2913 809 2967 aliter
830 2911 896 2965 de
918 2909 1291 2963 Incarnatione
1317 2906 1529 2961 Domini
1555 2921 1647 2962 scn
1662 2905 1805 2975 :erit,

204 3008 381 3063 hostis
408 3017 489 3061 est
515 3003 636 3059 ﬁdei
662 3042 677 3067 ,
726 3010 782 3058 et
828 2999 1219 3056 ahominandus
1246 3007 1328 3053 est
1366 2997 1615 3052 omnibus
1645 2996 1805 3053 Chri-

205 3099 418 3161 stianis,
463 3112 526 3152 ac
574 3092 1127 3158 anathematizandus,
1179 3091 1550 3161 cujuscunque
1578 3088 1803 3158 ordinis,

1898 594 2152 665 puritate,
2186 602 2242 647 ut
2270 597 2377 649 cito
2418 594 2617 650 tollatis
2648 595 2789 650 hunc
2820 610 3027 650 nmvum
3059 598 3125 651 de
3155 608 3355 653 sanetae
3387 616 3479 654 ca-
3546 636 3553 643 ο

1899 684 2097 739 thedra:
2122 685 2391 751 claritate;
2425 700 2531 740 non
2561 687 2703 739 enim
2747 685 2903 741 decet
2934 685 3189 742 Romana:
3229 686 3483 745 Ecclesia:

1896 775 2213 843 gravitatem
2246 776 2357 831 lucc
2406 777 2655 831 instantis
2684 776 2916 832 levitatis
2949 776 3087 832 fama
3108 822 3123 846 ,
3156 789 3214 834 ut
3243 781 3483 850 qualibet

1899 864 1949 916 vi
1997 864 2168 934 possit
2216 866 2421 920 moveri
2451 880 2481 919 a
2510 866 2780 921 soliditate
2809 883 2949 921 verae
2978 868 3121 935 ﬁdei,
3157 886 3254 940 pro
3277 886 3381 940 qua
3405 879 3487 926 tot

1902 965 2165 1026 martyres
2193 957 2276 1011 sui
2323 971 2479 1012 suum
2528 959 2844 1028 sanguinem
2889 961 3174 1030 fuderunt,
3223 965 3486 1020 malentes

1901 1049 2036 1119 mori
2064 1064 2224 1118 quam
2251 1048 2502 1103 convelli.
2528 1048 2779 1120 Nunquid
2806 1054 2946 1108 enim
2973 1054 3015 1108 si
3041 1054 3093 1108 in
3123 1056 3323 1111 nostris
3350 1065 3485 1111 tetu-
3536 1069 3540 1072 ’

1902 1142 2121 1211 poribus
2157 1142 2461 1213 persecutio
2506 1145 2717 1198 venerit
2768 1145 2954 1199 ultima
3004 1163 3300 1217 squamma:
3346 1151 3486 1205 illius

1903 1236 2114 1300 invisae,
2166 1235 2319 1304 cujus
2346 1235 2548 1289 corium
2590 1236 2680 1290 vix
2720 1237 2981 1292 universa:
3024 1255 3187 1294 naves
3233 1250 3488 1310 poterunt

1903 1336 2024 1397 part
2059 1345 2147 1397 re,
2198 1346 2305 1384 non
2361 1344 2529 1400 usque
2574 1330 2639 1383 ad
2670 1330 2982 1400 sanguinem
3036 1334 3348 1387 resistemus
3393 1334 3489 1388 ad—

1904 1437 2088 1477 versus
2130 1431 2411 1494 peceatum
2466 1426 2814 1494 repugnando
2845 1424 3002 1496 (Heb.
3044 1444 3143 1494 xu,
3196 1426 3297 1498 4),
3348 1429 3490 1484 sicut

1905 1524 2085 1584 patres
2116 1518 2282 1570 nostri
2334 1516 2604 1584 fecerunt,
2635 1519 2909 1589 apoSlolos
2951 1520 3091 1583 dico,
3135 1530 3189 1577 et
3239 1530 3316 1575 tot
3348 1539 3489 1577 mar-

1906 1609 2085 1678 tyres?
2113 1608 2173 1663 Si
2198 1609 2375 1678 gravis
2403 1607 2498 1663 fuit
2530 1610 2833 1679 persecutio
2864 1611 2916 1664 in
2944 1608 3102 1667 initio
3126 1612 3266 1678 ﬁdei,
3288 1624 3489 1684 quanto

1906 1702 2072 1769 magis
2096 1702 2146 1756 in
2181 1703 2307 1769 line,
2338 1702 2403 1757 de
2435 1718 2541 1772 quo
2574 1703 2831 1759 Dominus
2856 1705 3011 1760 dicit:
3032 1705 3263 1763 Putasne
3286 1709 3491 1764 veitiens

1908 1789 2075 1845 Filius
2114 1792 2334 1847 hominis
2366 1794 2590 1847 inveniat
2617 1795 2772 1865 ﬁdem
2798 1795 2851 1848 in
2896 1806 3036 1849 terra
3085 1797 3235 1867 (Luc.
3264 1814 3370 1863 vttt,
3401 1799 3494 1869 8)?

1906 1881 1969 1935 Iit
1996 1884 2187 1937 iterum
2222 1902 2237 1952 ς
2272 1883 2392 1937 Nisi
2433 1884 2644 1949 bret'iali
2683 1888 2900 1958 fuissent
2939 1889 3048 1942 (lies
3087 1888 3184 1955 illi,
3216 1906 3319 1943 non
3346 1891 3493 1960 ﬁeret

1904 1980 2069 2032 omnis
2092 1995 2215 2033 caro
2241 1980 2383 2032 salva
2416 1978 2627 2051 (Matth.
2665 1998 2806 2045 xtuv,
2839 1981 2952 2051 22).
2983 1982 3129 2038 Felix
3160 1999 3320 2052 quem
3348 2002 3494 2041 mors

1904 2081 2031 2126 ante
2060 2072 2235 2135 tollat,
2260 2085 2420 2140 quam
2447 2072 2690 2128 inﬁrmus
2713 2083 2890 2144 neget.
2928 2074 3064 2130 Dicit
3093 2083 3271 2130 tamen
3290 2078 3496 2134 electos

1904 2160 1975 2215 ibi
2009 2160 2245 2225 futuros;
2278 2162 2346 2215 de
2392 2163 2586 2229 quibus
2629 2163 2881 2217 nimirum
2926 2165 3172 2234 pnedixit
3218 2165 3496 2237 discipulis

1904 2255 2015 2309 suis
2040 2272 2050 2305 :
2089 2252 2221 2308 Ecce
2247 2271 2341 2325 ego
2364 2255 2617 2311 uobiscum
2646 2272 2754 2308 sum
2786 2257 3020 2312 omnibus
3045 2257 3221 2313 diebus
3247 2277 3405 2330 usque
3427 2261 3495 2313 ad

1905 2348 2396 2398 consummationem
2446 2347 2622 2399 δαναιιὶ
2672 2345 2884 2417 (Matth.
2938 2362 3133 2411 xxviii,
3200 2349 3312 2419 20).
3360 2349 3493 2405 Cum

1906 2437 2088 2505 itaque
2129 2437 2287 2491 electi
2335 2437 2495 2491 ﬁtturi
2538 2438 2589 2493 in
2638 2439 2828 2493 diebus
2870 2441 2973 2494 illis
3023 2442 3497 2512 periculosioribus

1907 2530 2139 2593 exteris,
2196 2539 2321 2583 ante
2352 2531 2549 2586 ctenim
2592 2532 2700 2605 [ΑΙ.
2731 2532 2916 2605 etiam]
2947 2550 3009 2589 ac
3039 2545 3184 2589 retro
3211 2537 3494 2607 incompa-

1910 2622 2183 2685 rabilihus,
2218 2622 2580 2688 sustinebunt,
2626 2623 2857 2677 Domino
2902 2626 3213 2692 roborante,
3259 2627 3494 2696 majora;

1909 2731 2006 2769 cur
2034 2729 2132 2768 nos
2163 2712 2214 2766 in
2248 2714 2536 2768 tutioribus
2566 2713 2744 2768 adhuc
2773 2731 2835 2768 ac
2865 2717 3252 2787 securioribus,
3284 2718 3369 2773 vel
3398 2736 3497 2790 pro

1911 2808 2012 2863 ﬁde
2045 2816 2225 2863 nostra
2259 2823 2363 2875 qua
2395 2808 2577 2880 (Adet,
2610 2807 2699 2880 ab]
2730 2809 2959 2865 ethnicis
2988 2827 3050 2866 ac
3090 2811 3284 2869 Judm's
3304 2829 3368 2870 ac
3390 2816 3498 2870 ha:-

1908 2900 2091 2957 reticis
2120 2898 2446 2967 diﬁ'crintus,
2478 2916 2585 2957 non
2630 2902 3039 2974 SttslilleDinllIS,
3075 2905 3302 2963 Domino
3347 2907 3500 2978 adju-

1911 3000 2087 3057 vante,
2121 2991 2327 3046 minora
2346 2994 2368 3033 ν

1983 3102 2096 3158 X‘v'.
2131 3104 2236 3160 Sed
2268 3104 2395 3159 talia
2442 3104 2708 3170 suadenti,
2754 3114 2941 3177 utpote
2971 3108 3203 3179 torpenti
3248 3118 3390 3175 actu,
3434 3126 3499 3167 ac

206 3200 302 3244 aut
332 3197 523 3252 status.
556 3196 649 3241 aut
684 3185 880 3255 gratius
910 3182 1102 3251 fuerit;
1149 3183 1325 3238 nullus
1370 3181 1515 3237 enim
1545 3181 1611 3235 ad
1665 3181 1803 3250 iuiu-
1830 3238 1878 3299 ο
1910 3196 2107 3253 dicenti
2140 3196 2340 3266 potius,
2390 3210 2550 3266 quam
2582 3195 2796 3251 tacienti
2841 3196 2989 3264 u-ihi,
3018 3197 3172 3253 Jona:
3216 3200 3497 3266 llebraice,

240 3284 251 3295 ο
374 3283 410 3299 n
453 3283 463 3293 -
497 3282 508 3299 I
546 3298 555 3299 κ
588 3281 640 3299 ,1,
695 3295 763 3299 ,μ
802 3281 1070 3299 I,-_____-
1117 3277 1270 3299 J-l_-.
1325 3276 1376 3299 l,I
1422 3292 1443 3299 λ
1506 3292 1680 3299 _--M--
1708 3292 1801 3299 η--
1920 3287 1957 3299 τι
2024 3289 2034 3299 ι
2078 3298 2084 3299 ,
2234 3285 2269 3299 Λ
2496 3285 2531 3299 n
2572 3287 2583 3299 ι
2679 3288 2691 3299 ι
2800 3286 2819 3299 Ι
2881 3288 2911 3299 μ.
3160 3290 3171 3299 .

206 3284 347 3338 riam
374 3283 464 3337 Dei
497 3281 769 3335 hominem
802 3281 1074 3335 honorare
1112 3277 1293 3333 debet.
1325 3276 1449 3331 Ideo
1500 3292 1684 3347 qumso
1708 3292 1805 3332 vos

208 3394 311 3449 pro
352 3376 587 3439 Christo,
624 3374 753 3428 nulli
808 3372 1014 3442 parcite
1051 3369 1141 3442 qui
1173 3386 1267 3425 vos
1320 3384 1349 3422 a
1382 3367 1599 3423 Christo
1649 3383 1807 3439 sepa-

210 3484 337 3524 rare
365 3468 690 3531 tentaverit;
716 3465 811 3520 scd
838 3464 1015 3535 potius
1047 3462 1097 3517 ei
1131 3462 1183 3516 in
1211 3460 1398 3516 faciem
1449 3460 1685 3515 resi~tite
1707 3504 1721 3529 ,
1764 3461 1807 3515 si

209 3564 338 3632 quis
362 3562 550 3617 nolens
572 3568 718 3615 recte
738 3557 981 3627 credere,
1008 3572 1106 3612 vos
1130 3569 1161 3611 a
1183 3555 1285 3613 ﬁde
1331 3554 1597 3611 catholica
1647 3570 1808 3611 revo-

210 3667 345 3708 care
368 3651 619 3705 voluerit.

287 3761 426 3818 XIII.
464 3761 615 3829 Date,
643 3776 858 3833 quaeso,
900 3761 1113 3817 veniam
1143 3761 1273 3817 mihi
1326 3760 1484 3817 nimis
1528 3758 1811 3830 injtnioso,

213 3870 525 3927 asperoque
554 3855 765 3911 cuidam
811 3855 1046 3925 loquaci,
1085 3857 1178 3925 qui
1218 3855 1286 3911 de
1318 3855 1411 3910 tali
1450 3870 1610 3909 causa
1659 3854 1817 3909 aliter

213 3948 459 4006 scribere
487 3964 594 4003 non
644 3947 812 4016 potui.
873 3946 1007 4002 Dum
1055 3949 1196 4003 enim
1238 3947 1451 4001 veritati
1494 3962 1589 4016 per
1634 3943 1816 4005 omnia

215 4042 441 4110 placere
467 4041 633 4106 volui,
664 4056 851 4111 azyma
885 4057 1008 4095 cum
1040 4041 1396 4095 amaritudine
1428 4056 1533 4094 non
1566 4038 1817 4095 nesciens

214 4130 579 4198 comedenda,
625 4131 724 4186 soli
761 4131 869 4185 Deo
899 4131 1115 4197 servivi,
1146 4131 1238 4200 qui
1282 4138 1368 4185 est
1419 4128 1733 4185 benedictus
1762 4127 1817 4181 in

215 4222 441 4277 secula.
478 4222 589 4291 Ego
627 4222 1038 4291 germanitatem
1069 4238 1242 4278 meam
1288 4222 1511 4294 probavi
1543 4230 1596 4277 ct
1640 4222 1817 4277 zelum

216 4316 349 4374 ﬁdei
377 4334 531 4384 meae,
576 4317 701 4372 dum
742 4317 904 4372 malui
953 4317 1431 4387 reprehensoribus
1467 4317 1644 4372 locum
1666 4315 1819 4383 dare,

215 4429 389 4483 quam
436 4412 488 4467 itt
547 4412 637 4466 ta7i
693 4427 855 4467 causa
887 4427 968 4476 os,
1020 4411 1267 4483 quamvis
1311 4409 1667 4473 ineruditum,
1711 4425 1820 4465 non

216 4503 462 4574 aperire.
503 4501 709 4558 Idcirco
758 4502 1005 4573 quamvis
1048 4501 1300 4557 trisulcus
1347 4508 1569 4555 arcuato
1599 4499 1821 4554 vulnere

1915 3287 2189 3342 Peristeraz
2230 3285 2438 3353 Crtece,
2490 3285 2751 3341 Columba:
2798 3286 3007 3354 Latin",
3060 3290 3239 3358 potius
3292 3299 3498 3345 tantum

1912 3376 2042 3450 (AL,
2089 3374 2289 3447 tamen]
2338 3384 2531 3431 vestrcc
2582 3376 2838 3433 idiomate
2885 3378 3078 3447 lingua:
3130 3390 3328 3436 naucto
3371 3383 3501 3452 (AL,

1913 3466 2265 3539 nuncupato],
2315 3468 2438 3522 lic.t
2485 3468 2661 3537 prisco
2710 3468 2849 3523 inter
2897 3470 3026 3543 (AL,
3069 3469 3230 3543 nitar]
3277 3470 3503 3529 Hebraeo

1914 3562 2154 3630 nomine,
2183 3561 2337 3631 cujus
2380 3569 2436 3615 et
2483 3576 2621 3631 pene
2650 3562 2821 3616 subivi
2854 3563 3188 3632 naufragium
3213 3604 3229 3630 ,
3268 3565 3503 3635 veniam,

1914 3669 2119 3725 quaeso,
2148 3654 2287 3709 sicut
2312 3668 2454 3724 szepe
2482 3654 2685 3723 rogavi,
2709 3652 2863 3722 date;
2889 3655 3013 3725 quia
3041 3656 3359 3711 necessitate
3384 3672 3503 3713 ma—

1914 3750 2017 3819 gis,
2068 3763 2230 3819 quam
2278 3746 2575 3803 ceuodoxia
2620 3747 2861 3803 scribere
2909 3757 3131 3804 coaetus
3178 3764 3327 3816 sum,
3372 3749 3504 3805 dum

1916 3838 2134 3909 quidam
2166 3837 2360 3893 litteris
2401 3838 2513 3891 suis
2542 3837 2735 3908 quibus
2776 3852 2861 3891 me
2890 3838 3065 3907 primo
3092 3853 3231 3910 pene
3259 3838 3503 3907 ingressu

1920 3930 1973 3985 in
2004 3929 2160 3999 hujus
2188 3928 2424 3998 regionis
2461 3930 2720 3982 terminos
2749 3928 2996 3997 arripuit,
3031 3945 3126 3984 vos
3154 3929 3283 3985 mihi
3309 3944 3506 3984 caven-

1918 4020 2037 4087 dos,
2084 4029 2335 4090 tanquam
2365 4019 2419 4075 in
2448 4018 2679 4073 Nestorii
2708 4031 2913 4073 sectam
2943 4019 3276 4089 decidentes,
3304 4020 3507 4090 signiti-

1921 4118 2081 4173 cavit.
2114 4116 2211 4173 Cui
2240 4117 2502 4173 attonitus
2531 4116 2783 4186 respondi
2814 4114 2865 4171 iu
2891 4116 3061 4185 brevi,
3094 4126 3152 4172 ut
3181 4117 3355 4189 potui,
3398 4132 3509 4177 non

1922 4211 2149 4267 credens
2187 4226 2297 4268 sua:
2326 4208 2638 4277 allegationi
2667 4226 2679 4261 :
2711 4207 2803 4265 sed
2835 4224 2905 4265 ne
2934 4208 3046 4265 ullo
3089 4209 3250 4265 modo
3294 4209 3505 4264 veritati

1923 4323 2096 4362 essem
2126 4306 2452 4369 contrarius,
2495 4302 2648 4371 juxta
2694 4317 2844 4357 suam
2890 4302 3207 4373 epistolam,
3255 4310 3311 4357 et
3352 4300 3508 4370 juxta

1912 4398 2099 4453 ‘meam
2115 4396 2312 4452 bonam
2333 4394 2403 4450 de
2420 4393 2578 4448 vobis
2597 4393 3007 4449 testimationem
3031 4392 3154 4463 (ego
3181 4393 3324 4446 enim
3342 4392 3507 4449 credo

1924 4504 2139 4561 semper
2163 4488 2468 4544 columnam
2510 4485 2763 4540 Ecclesia:
2812 4484 3019 4537 Iirmam
3067 4498 3185 4538 esse
3234 4482 3287 4538 in
3332 4485 3506 4554 ramo)

217 4595 473 4665 scorpius
515 4594 786 4662 insurgat,
839 4594 891 4649 in
941 4594 1024 4648 his
1073 4592 1141 4647 de
1170 4592 1362 4663 quibus
1409 4591 1668 4661 scriptum
1716 4599 1817 4657 est,
1851 4607 1902 4667 ι)
1926 4597 2244 4652 responsum
2272 4578 2497 4645 variavi,
2524 4576 2667 4647 quod
2692 4575 2848 4632 vobis
2872 4575 3040 4629 direxi
3070 4574 3413 4645 relegendutn
3445 4591 3511 4631 ac

216 4684 524 4742 extendczc
571 4685 801 4753 linguam
850 4699 1027 4749 suam,
1076 4683 1218 4739 sicut
1266 4697 1448 4737 arcum
1510 4680 1820 4747 mendacii;

217 4777 316 4845 qui
350 4789 489 4829 n0va
516 4788 764 4842 qumque,
804 4774 932 4829 licet
952 4774 1219 4844 epicroca,
1247 4771 1513 4843 judicant,
1545 4787 1709 4842 copes
1735 4771 1821 4825 ni-

218 4869 426 4923 mirum
458 4867 655 4933 ellccti,
680 4867 1060 4939 hyperbolice;
1091 4867 1293 4938 quique
1316 4865 1595 4935 oliginosis
1618 4864 1823 4920 celotes

218 4958 557 5030 palearibus,
608 4959 821 5028 scriptis
864 4959 1161 5029 quibusque
1212 4974 1318 5012 non
1347 4956 1561 5028 lepidis,
1609 4954 1825 5011 invidia:

217 5050 613 5118 rcfragationis
642 5065 859 5119 semper
886 5058 1169 5120 opponunt
1192 5049 1447 5121 pellaces.
1480 5046 1584 5103 Sed
1607 5046 1825 5118 quando

218 5158 324 5199 rex
353 5140 568 5211 gentilis
608 5142 947 5211 peregrinum
976 5140 1214 5196 scribere
1249 5138 1657 5211 Longobardus,
1691 5135 1827 5193 Sco-

220 5233 628 5299 tum,hcbetem
658 5243 831 5302 rogat,
877 5233 1093 5304 quando
1131 5234 1275 5289 unda
1324 5234 1581 5289 torrentis
1621 5231 1827 5301 antiqui

220 5336 384 5384 retro
412 5326 710 5393 redundat;
742 5326 861 5395 quis
883 5341 992 5380 non
1023 5325 1305 5380 mirabitur
1334 5324 1514 5394 potius
1542 5338 1703 5393 quam
1736 5337 1829 5376 ca-

222 5418 629 5476 lumniahitur?
675 5416 788 5486 Ego
819 5425 997 5472 tamen
1046 5433 1153 5472 non
1200 5407 1503 5485 trepidabo,
1552 5428 1730 5484 neque
1774 5413 1829 5468 in

219 5528 399 5568 causa
435 5511 527 5565 Dei
559 5510 767 5579 linguas
788 5510 1064 5565 hominum
1090 5508 1409 5573 fortnidabo,
1433 5523 1553 5579 qua:
1579 5508 1831 5579 frequen-

223 5606 344 5660 tius
384 5604 718 5659 tuentiuntur
760 5618 919 5674 quam
974 5618 1098 5658 vera
1138 5602 1459 5671 loquuntur;
1495 5615 1615 5656 cum
1655 5600 1834 5669 potius

222 5695 575 5752 verecundia:
598 5696 977 5762 resistendum,
1004 5710 1163 5765 quam
1187 5693 1412 5763 ignavia:
1437 5690 1831 5763 subjiciendum

221 5793 326 5855 sit,
361 5791 448 5846 ubi
483 5790 777 5847 necessitas
816 5800 990 5859 cogat.

310 5906 450 5963 XIV.
479 5907 664 5979 Igitur,
697 5917 753 5963 ut
783 5907 848 5964 ad
878 5907 928 5963 id
960 5906 1063 5963 loei
1095 5907 1370 5979 regrediar
1395 5905 1533 5963 unde
1562 5904 1831 5975 digressus

1924 4681 2214 4731 concertan
2236 4674 2376 4738 lum,
2431 4668 2599 4724 sicubi
2628 4675 2814 4723 contra
2859 4668 3142 4721 veritatem
3175 4668 3350 4734 venit;
3400 4682 3508 4722 non

1924 4766 2069 4821 enim
2102 4779 2186 4819 me
2217 4763 2356 4818 inter
2386 4756 2885 4829 irreprehensibiles
2910 4756 3148 4827 proﬁteri
3179 4758 3373 4815 audeo.

1996 4880 2133 4935 XVI.
2168 4879 2298 4935 Post
2326 4879 2465 4933 hanc
2494 4885 2675 4932 autem
2721 4876 2988 4932 scribendi
3038 4875 3399 4940 occasionem,
3429 4873 3514 4929 itt-

1927 4991 2089 5048 super
2118 4973 2258 5044 regis
2287 4972 2483 5027 insistit
2508 4971 2680 5040 jussio
2705 4972 2722 4989 ‘
2754 4970 2965 5041 Agitutﬁ
2989 4986 3005 5022 :
3038 4969 3192 5037 cujus
3216 4968 3509 5038 postulatio

1930 5088 2016 5129 me
2056 5072 2110 5127 in
2141 5079 2415 5137 stuporem
2446 5082 2509 5122 ac
2548 5066 2602 5121 in
2648 5064 3062 5121 sollicitudinem
3115 5062 3295 5135 posuit
3322 5061 3505 5115 multi-

1930 5166 2121 5237 plicem
2153 5182 2165 5217 :
2198 5163 2397 5234 quippe
2446 5160 2571 5231 quia
2601 5173 2708 5214 non
2754 5158 2871 5213 sine
2913 5157 3174 5211 miraculo
3219 5171 3345 5209 reor
3390 5167 3507 5209 esse

1929 5257 2073 5325 quod
2105 5256 2280 5309 video.
2336 5253 2511 5323 Reges
2540 5266 2770 5320 namque
2802 5249 3052 5304 Arianam
3086 5249 3223 5302 hunc
3253 5244 3424 5299 labem
3457 5244 3511 5298 in

1934 5349 2031 5404 hac
2055 5347 2146 5401 diu
2179 5346 2416 5416 regione.
2449 5343 2706 5401 calcando
2748 5341 2905 5395 lidcttt
2937 5339 3284 5403 catholicam,
3333 5336 3508 5389 ﬁrma-

1933 5448 2095 5501 runt;
2139 5453 2281 5493 nunc
2328 5442 2565 5490 nostram
2598 5441 2788 5502 rogant
2840 5429 3080 5486 roborari
3129 5427 3299 5480 Iidem.
3352 5425 3512 5479 Forte

1933 5529 2178 5584 Christus
2209 5527 2297 5597 pio
2344 5540 2445 5580 nos
2469 5523 2617 5596 [Leg.
2647 5524 2736 5591 pio
2764 5536 2862 5595 nos
2889 5518 3070 5589 oculo]
3120 5526 3248 5571 tunc
3274 5516 3515 5586 respicit,

1935 5622 2085 5691 cujus
2113 5608 2292 5673 favori:
2313 5631 2474 5672 omne
2504 5615 2742 5669 nascitur
2776 5614 2995 5665 bonum.
3025 5609 3132 5663 Nos
3164 5607 3316 5662 valde
3338 5607 3517 5662 miseri
3598 5646 3601 5649 μ

1934 5730 2136 5778 sumus,
2166 5713 2210 5767 si
2241 5719 2423 5766 nostra
2452 5709 2519 5761 de
2558 5714 2708 5775 parte
2733 5703 2918 5758 scalon
2949 5700 3178 5770 amplius
3204 5696 3313 5751 ﬁat.
3346 5697 3516 5767 Rogat

1936 5809 2116 5875 itaque
2144 5819 2258 5867 rex,
2285 5808 2545 5870 rogatque
2576 5797 2779 5863 regina,
2812 5800 3006 5862 rogant
3032 5800 3086 5845 te
3120 5791 3236 5855 toti,
3272 5798 3328 5843 ut
3355 5802 3512 5857 quam

1939 5897 2216 5957 celerrime
2243 5893 2411 5968 posdt
2438 5890 2717 5955 tieri,tiant
2737 5887 2916 5945 omnia
2948 5902 3132 5952 unum,
3153 5882 3240 5939 ﬁat
3275 5891 3330 5936 ut
3355 5880 3516 5951 patria
