  <div class='ocr_page' id='page_1' title='image "/cluster/home/n/w/nwhite01/storage/ocr_20150623/80/hvd.32044015469422/147.png"; bbox 0 0 4052 6332; ppageno 0'>
   <div class='ocr_carea' id='block_1_1' title="bbox 578 309 3839 375">
    <p class='ocr_par' dir='ltr' id='par_1_1' title="bbox 578 309 3839 375">
     <span class='ocr_line' id='line_1_1' title="bbox 578 309 3839 375; baseline 0.003 -13"><span class='ocrx_word' id='word_1_1' title='bbox 578 310 681 373; x_wconf 73' lang='lat'><strong>282</strong></span> <span class='ocrx_word' id='word_1_2' title='bbox 1799 309 1856 366; x_wconf 90' lang='lat' dir='ltr'><strong>S.</strong></span> <span class='ocrx_word' id='word_1_3' title='bbox 1894 309 2284 370; x_wconf 69' lang='grc' dir='ltr'><strong>οοιυδιωΝι</strong></span> <span class='ocrx_word' id='word_1_4' title='bbox 2326 315 2608 375; x_wconf 75' lang='grc' dir='ltr'><strong>ΑιιΒΑτιε</strong></span> <span class='ocrx_word' id='word_1_5' title='bbox 3748 317 3839 372; x_wconf 57' lang='grc' dir='ltr'><strong>Ξει</strong></span> 
     </span>
    </p>
   </div>
   <div class='ocr_carea' id='block_1_2' title="bbox 577 422 3841 502">
    <p class='ocr_par' dir='ltr' id='par_1_2' title="bbox 577 422 3841 502">
     <span class='ocr_line' id='line_1_2' title="bbox 577 422 3841 502; baseline 0.001 -21"><span class='ocrx_word' id='word_1_6' title='bbox 577 444 706 500; x_wconf 88' lang='lat' dir='ltr'><strong>pax,</strong></span> <span class='ocrx_word' id='word_1_7' title='bbox 735 443 838 499; x_wconf 77' lang='lat' dir='ltr'><strong>pax</strong></span> <span class='ocrx_word' id='word_1_8' title='bbox 870 425 963 480; x_wconf 89' lang='lat' dir='ltr'><strong>liat</strong></span> <span class='ocrx_word' id='word_1_9' title='bbox 989 441 1112 481; x_wconf 82' lang='lat' dir='ltr'><strong>mox</strong></span> <span class='ocrx_word' id='word_1_10' title='bbox 1145 423 1286 490; x_wconf 55' lang='lat' dir='ltr'><strong>ludvi,</strong></span> <span class='ocrx_word' id='word_1_11' title='bbox 1321 431 1378 478; x_wconf 89' lang='lat' dir='ltr'><strong>ut</strong></span> <span class='ocrx_word' id='word_1_12' title='bbox 1408 422 1505 477; x_wconf 73' lang='lat' dir='ltr'><strong>tuti</strong></span> <span class='ocrx_word' id='word_1_13' title='bbox 1543 422 1815 493; x_wconf 78' lang='lat' dir='ltr'><strong>deinceps,</strong></span> <span class='ocrx_word' id='word_1_14' title='bbox 1859 438 1988 493; x_wconf 82' lang='lat' dir='ltr'><strong>grex</strong></span> <span class='ocrx_word' id='word_1_15' title='bbox 2020 441 2160 480; x_wconf 91' lang='lat' dir='ltr'><strong>unus</strong></span> <span class='ocrx_word' id='word_1_16' title='bbox 2191 432 2236 490; x_wconf 78' lang='grc' dir='ltr'><strong>Α</strong></span> <span class='ocrx_word' id='word_1_17' title='bbox 2266 436 2542 499; x_wconf 78' lang='lat' dir='ltr'><strong>parantur.</strong></span> <span class='ocrx_word' id='word_1_18' title='bbox 2572 429 2710 487; x_wconf 61' lang='lat' dir='ltr'><strong>Caeci</strong></span> <span class='ocrx_word' id='word_1_19' title='bbox 2742 445 3080 502; x_wconf 84' lang='lat' dir='ltr'><strong>nequaquam</strong></span> <span class='ocrx_word' id='word_1_20' title='bbox 3123 429 3325 495; x_wconf 87' lang='lat' dir='ltr'><strong>vident,</strong></span> <span class='ocrx_word' id='word_1_21' title='bbox 3348 429 3473 500; x_wconf 90' lang='lat' dir='ltr'><strong>quid</strong></span> <span class='ocrx_word' id='word_1_22' title='bbox 3500 437 3624 502; x_wconf 81' lang='lat' dir='ltr'><strong>post</strong></span> <span class='ocrx_word' id='word_1_23' title='bbox 3648 429 3841 491; x_wconf 83' lang='lat' dir='ltr'><strong>obitum</strong></span> 
     </span>
    </p>
   </div>
   <div class='ocr_carea' id='block_1_3' title="bbox 579 512 2165 590">
    <p class='ocr_par' dir='ltr' id='par_1_3' title="bbox 579 512 2165 590">
     <span class='ocr_line' id='line_1_3' title="bbox 579 512 2165 590; baseline -0.003 -16"><span class='ocrx_word' id='word_1_24' title='bbox 579 521 675 576; x_wconf 85' lang='lat' dir='ltr'><strong>liat</strong></span> <span class='ocrx_word' id='word_1_25' title='bbox 719 519 937 577; x_wconf 87' lang='lat' dir='ltr'><strong>Christi.</strong></span> <span class='ocrx_word' id='word_1_26' title='bbox 980 517 1092 571; x_wconf 70' lang='lat' dir='ltr'><strong>Rex</strong></span> <span class='ocrx_word' id='word_1_27' title='bbox 1122 515 1270 590; x_wconf 78' lang='lat' dir='ltr'><strong>[ch.</strong></span> <span class='ocrx_word' id='word_1_28' title='bbox 1307 512 1489 585; x_wconf 81' lang='lat' dir='ltr'><strong>Regis]</strong></span> <span class='ocrx_word' id='word_1_29' title='bbox 1517 528 1702 584; x_wconf 89' lang='lat' dir='ltr'><strong>regum</strong></span> <span class='ocrx_word' id='word_1_30' title='bbox 1733 523 1789 569; x_wconf 90' lang='lat' dir='ltr'><strong>ttt</strong></span> <span class='ocrx_word' id='word_1_31' title='bbox 1837 514 2079 580; x_wconf 84' lang='lat' dir='ltr'><strong>Petrum,</strong></span> <span class='ocrx_word' id='word_1_32' title='bbox 2112 524 2165 570; x_wconf 92' lang='lat' dir='ltr'><strong>te</strong></span> 
     </span>
    </p>
   </div>
   <div class='ocr_carea' id='block_1_4' title="bbox 580 604 2167 683">
    <p class='ocr_par' dir='ltr' id='par_1_4' title="bbox 580 604 2167 683">
     <span class='ocr_line' id='line_1_4' title="bbox 580 604 2167 683; baseline -0.006 -14"><span class='ocrx_word' id='word_1_33' title='bbox 580 623 692 671; x_wconf 91' lang='lat' dir='ltr'><strong>tota</strong></span> <span class='ocrx_word' id='word_1_34' title='bbox 728 617 984 683; x_wconf 85' lang='lat' dir='ltr'><strong>sequatur</strong></span> <span class='ocrx_word' id='word_1_35' title='bbox 1015 608 1184 662; x_wconf 85' lang='lat' dir='ltr'><strong>Italia.</strong></span> <span class='ocrx_word' id='word_1_36' title='bbox 1236 604 1374 674; x_wconf 80' lang='lat' dir='ltr'><strong>Quid</strong></span> <span class='ocrx_word' id='word_1_37' title='bbox 1420 606 1638 663; x_wconf 77' lang='lat' dir='ltr'><strong>suavius</strong></span> <span class='ocrx_word' id='word_1_38' title='bbox 1676 620 1812 675; x_wconf 90' lang='lat' dir='ltr'><strong>pace</strong></span> <span class='ocrx_word' id='word_1_39' title='bbox 1839 621 1937 677; x_wconf 84' lang='lat' dir='ltr'><strong>per</strong></span> <span class='ocrx_word' id='word_1_40' title='bbox 1982 604 2167 679; x_wconf 81' lang='lat' dir='ltr'><strong>[Forte</strong></span> 
     </span>
    </p>
   </div>
   <div class='ocr_carea' id='block_1_5' title="bbox 578 696 2164 777">
    <p class='ocr_par' dir='ltr' id='par_1_5' title="bbox 578 696 2164 777">
     <span class='ocr_line' id='line_1_5' title="bbox 578 696 2164 777; baseline -0.004 -18"><span class='ocrx_word' id='word_1_41' title='bbox 578 703 740 777; x_wconf 91' lang='lat' dir='ltr'><strong>post]</strong></span> <span class='ocrx_word' id='word_1_42' title='bbox 771 703 945 759; x_wconf 75' lang='lat' dir='ltr'><strong>bella?</strong></span> <span class='ocrx_word' id='word_1_43' title='bbox 994 698 1132 768; x_wconf 85' lang='lat' dir='ltr'><strong>Quid</strong></span> <span class='ocrx_word' id='word_1_44' title='bbox 1163 696 1375 755; x_wconf 86' lang='lat' dir='ltr'><strong>dulcius</strong></span> <span class='ocrx_word' id='word_1_45' title='bbox 1404 696 1788 768; x_wconf 87' lang='lat' dir='ltr'><strong>conjunctione</strong></span> <span class='ocrx_word' id='word_1_46' title='bbox 1818 697 2042 752; x_wconf 82' lang='lat' dir='ltr'><strong>fratrum</strong></span> <span class='ocrx_word' id='word_1_47' title='bbox 2073 696 2164 752; x_wconf 92' lang='lat' dir='ltr'><strong>diu</strong></span> 
     </span>
    </p>
   </div>
   <div class='ocr_carea' id='block_1_6' title="bbox 579 787 2166 865">
    <p class='ocr_par' dir='ltr' id='par_1_6' title="bbox 579 787 2166 865">
     <span class='ocr_line' id='line_1_6' title="bbox 579 787 2166 865; baseline -0.004 -17"><span class='ocrx_word' id='word_1_48' title='bbox 579 794 989 865; x_wconf 78' lang='lat' dir='ltr'><strong>separatorum?</strong></span> <span class='ocrx_word' id='word_1_49' title='bbox 1028 790 1200 859; x_wconf 85' lang='lat' dir='ltr'><strong>Quam</strong></span> <span class='ocrx_word' id='word_1_50' title='bbox 1246 788 1426 845; x_wconf 85' lang='lat' dir='ltr'><strong>alacer</strong></span> <span class='ocrx_word' id='word_1_51' title='bbox 1462 796 1587 861; x_wconf 91' lang='lat' dir='ltr'><strong>post</strong></span> <span class='ocrx_word' id='word_1_52' title='bbox 1634 804 1806 846; x_wconf 85' lang='lat' dir='ltr'><strong>annos</strong></span> <span class='ocrx_word' id='word_1_53' title='bbox 1855 787 2166 859; x_wconf 82' lang='lat' dir='ltr'><strong>supervenit</strong></span> 
     </span>
    </p>
   </div>
   <div class='ocr_carea' id='block_1_7' title="bbox 578 880 2161 959">
    <p class='ocr_par' dir='ltr' id='par_1_7' title="bbox 578 880 2161 959">
     <span class='ocr_line' id='line_1_7' title="bbox 578 880 2161 959; baseline -0.003 -18"><span class='ocrx_word' id='word_1_54' title='bbox 578 886 743 942; x_wconf 89' lang='lat' dir='ltr'><strong>Pater</strong></span> <span class='ocrx_word' id='word_1_55' title='bbox 768 894 889 957; x_wconf 88' lang='lat' dir='ltr'><strong>post</strong></span> <span class='ocrx_word' id='word_1_56' title='bbox 924 883 1228 959; x_wconf 81' lang='lat' dir='ltr'><strong>[Rednndat</strong></span> <span class='ocrx_word' id='word_1_57' title='bbox 1252 880 1396 954; x_wconf 79' lang='lat' dir='ltr'><strong>post]</strong></span> <span class='ocrx_word' id='word_1_58' title='bbox 1427 883 1660 938; x_wconf 88' lang='lat' dir='ltr'><strong>multos?</strong></span> <span class='ocrx_word' id='word_1_59' title='bbox 1686 882 1858 950; x_wconf 86' lang='lat' dir='ltr'><strong>Quam</strong></span> <span class='ocrx_word' id='word_1_60' title='bbox 1881 896 2046 937; x_wconf 82' lang='lat' dir='ltr'><strong>suave</strong></span> <span class='ocrx_word' id='word_1_61' title='bbox 2073 880 2161 936; x_wconf 91' lang='lat' dir='ltr'><strong>diu</strong></span> 
     </span>
    </p>
   </div>
   <div class='ocr_carea' id='block_1_8' title="bbox 578 973 2163 1049">
    <p class='ocr_par' dir='ltr' id='par_1_8' title="bbox 578 973 2163 1049">
     <span class='ocr_line' id='line_1_8' title="bbox 578 973 2163 1049; baseline -0.003 -16"><span class='ocrx_word' id='word_1_62' title='bbox 578 976 912 1049; x_wconf 71' lang='lat' dir='ltr'><strong>exspectanti</strong></span> <span class='ocrx_word' id='word_1_63' title='bbox 944 975 1103 1030; x_wconf 87' lang='lat' dir='ltr'><strong>matri</strong></span> <span class='ocrx_word' id='word_1_64' title='bbox 1146 982 1399 1031; x_wconf 87' lang='lat' dir='ltr'><strong>narratur</strong></span> <span class='ocrx_word' id='word_1_65' title='bbox 1429 975 1725 1030; x_wconf 83' lang='lat' dir='ltr'><strong>adventus?</strong></span> <span class='ocrx_word' id='word_1_66' title='bbox 1762 973 1841 1028; x_wconf 86' lang='lat' dir='ltr'><strong>Ita</strong></span> <span class='ocrx_word' id='word_1_67' title='bbox 1870 973 1983 1029; x_wconf 89' lang='lat' dir='ltr'><strong>Deo</strong></span> <span class='ocrx_word' id='word_1_68' title='bbox 2022 976 2163 1045; x_wconf 89' lang='lat' dir='ltr'><strong>patri</strong></span> 
     </span>
    </p>
   </div>
   <div class='ocr_carea' id='block_1_9' title="bbox 579 1068 2167 1140">
    <p class='ocr_par' dir='ltr' id='par_1_9' title="bbox 579 1068 2167 1140">
     <span class='ocr_line' id='line_1_9' title="bbox 579 1068 2167 1140; baseline 0.001 -17"><span class='ocrx_word' id='word_1_69' title='bbox 579 1085 684 1140; x_wconf 85' lang='lat' dir='ltr'><strong>pax</strong></span> <span class='ocrx_word' id='word_1_70' title='bbox 712 1069 960 1131; x_wconf 83' lang='lat' dir='ltr'><strong>filiorum,</strong></span> <span class='ocrx_word' id='word_1_71' title='bbox 992 1068 1243 1138; x_wconf 79' lang='lat' dir='ltr'><strong>gaudium</strong></span> <span class='ocrx_word' id='word_1_72' title='bbox 1284 1069 1388 1124; x_wconf 88' lang='lat' dir='ltr'><strong>erit</strong></span> <span class='ocrx_word' id='word_1_73' title='bbox 1435 1068 1488 1125; x_wconf 90' lang='lat' dir='ltr'><strong>in</strong></span> <span class='ocrx_word' id='word_1_74' title='bbox 1517 1084 1689 1125; x_wconf 65' lang='lat' dir='ltr'><strong>aevum</strong></span> <span class='ocrx_word' id='word_1_75' title='bbox 1733 1069 2073 1137; x_wconf 65' lang='lat' dir='ltr'><strong>saeculorum,</strong></span> <span class='ocrx_word' id='word_1_76' title='bbox 2110 1078 2167 1125; x_wconf 90' lang='lat' dir='ltr'><strong>et</strong></span> 
     </span>
    </p>
   </div>
   <div class='ocr_carea' id='block_1_10' title="bbox 578 1159 2163 1232">
    <p class='ocr_par' dir='ltr' id='par_1_10' title="bbox 578 1159 2163 1232">
     <span class='ocr_line' id='line_1_10' title="bbox 578 1159 2163 1232; baseline 0 -16"><span class='ocrx_word' id='word_1_77' title='bbox 578 1161 758 1216; x_wconf 63' lang='lat' dir='ltr'><strong>Iustitia</strong></span> <span class='ocrx_word' id='word_1_78' title='bbox 781 1159 1034 1217; x_wconf 73' lang='lat' dir='ltr'><strong>Ecclesia:</strong></span> <span class='ocrx_word' id='word_1_79' title='bbox 1057 1161 1245 1225; x_wconf 82' lang='lat' dir='ltr'><strong>matris</strong></span> <span class='ocrx_word' id='word_1_80' title='bbox 1272 1160 1563 1230; x_wconf 83' lang='lat' dir='ltr'><strong>tripudium</strong></span> <span class='ocrx_word' id='word_1_81' title='bbox 1586 1162 1678 1216; x_wconf 85' lang='lat' dir='ltr'><strong>liet</strong></span> <span class='ocrx_word' id='word_1_82' title='bbox 1698 1160 2163 1232; x_wconf 87' lang='lat' dir='ltr'><strong>sempiternitatis.</strong></span> 
     </span>
    </p>
   </div>
   <div class='ocr_carea' id='block_1_11' title="bbox 576 1255 2164 1330">
    <p class='ocr_par' dir='ltr' id='par_1_11' title="bbox 576 1255 2164 1330">
     <span class='ocr_line' id='line_1_11' title="bbox 576 1255 2164 1330; baseline -0.002 -17"><span class='ocrx_word' id='word_1_83' title='bbox 576 1259 654 1315; x_wconf 80' lang='lat' dir='ltr'><strong>De</strong></span> <span class='ocrx_word' id='word_1_84' title='bbox 682 1266 901 1325; x_wconf 62' lang='lat' dir='ltr'><strong>cetero,</strong></span> <span class='ocrx_word' id='word_1_85' title='bbox 931 1265 1118 1314; x_wconf 86' lang='lat' dir='ltr'><strong>sancte</strong></span> <span class='ocrx_word' id='word_1_86' title='bbox 1145 1272 1285 1330; x_wconf 89' lang='lat' dir='ltr'><strong>papa</strong></span> <span class='ocrx_word' id='word_1_87' title='bbox 1312 1264 1368 1312; x_wconf 93' lang='lat' dir='ltr'><strong>et</strong></span> <span class='ocrx_word' id='word_1_88' title='bbox 1402 1258 1618 1323; x_wconf 88' lang='lat' dir='ltr'><strong>fratres,</strong></span> <span class='ocrx_word' id='word_1_89' title='bbox 1651 1263 1803 1313; x_wconf 89' lang='lat' dir='ltr'><strong>orate</strong></span> <span class='ocrx_word' id='word_1_90' title='bbox 1831 1270 1930 1328; x_wconf 89' lang='lat' dir='ltr'><strong>pro</strong></span> <span class='ocrx_word' id='word_1_91' title='bbox 1974 1270 2063 1310; x_wconf 91' lang='lat' dir='ltr'><strong>me</strong></span> <span class='ocrx_word' id='word_1_92' title='bbox 2086 1255 2164 1310; x_wconf 88' lang='lat' dir='ltr'><strong>vi-</strong></span> 
     </span>
    </p>
   </div>
   <div class='ocr_carea' id='block_1_12' title="bbox 574 1346 2164 1420">
    <p class='ocr_par' dir='ltr' id='par_1_12' title="bbox 574 1346 2164 1420">
     <span class='ocr_line' id='line_1_12' title="bbox 574 1346 2164 1420; baseline -0.002 -15"><span class='ocrx_word' id='word_1_93' title='bbox 574 1347 779 1407; x_wconf 84' lang='lat' dir='ltr'><strong>lissimo</strong></span> <span class='ocrx_word' id='word_1_94' title='bbox 801 1356 1088 1420; x_wconf 86' lang='lat' dir='ltr'><strong>peccatore</strong></span> <span class='ocrx_word' id='word_1_95' title='bbox 1118 1356 1175 1405; x_wconf 89' lang='lat' dir='ltr'><strong>et</strong></span> <span class='ocrx_word' id='word_1_96' title='bbox 1217 1348 1352 1404; x_wconf 85' lang='lat' dir='ltr'><strong>meis</strong></span> <span class='ocrx_word' id='word_1_97' title='bbox 1377 1347 1819 1418; x_wconf 84' lang='lat' dir='ltr'><strong>comperegrinis,</strong></span> <span class='ocrx_word' id='word_1_98' title='bbox 1862 1346 2017 1416; x_wconf 83' lang='lat' dir='ltr'><strong>juxta</strong></span> <span class='ocrx_word' id='word_1_99' title='bbox 2046 1346 2164 1402; x_wconf 86' lang='lat' dir='ltr'><strong>loca</strong></span> 
     </span>
    </p>
   </div>
   <div class='ocr_carea' id='block_1_13' title="bbox 574 1435 2166 1507">
    <p class='ocr_par' dir='ltr' id='par_1_13' title="bbox 574 1435 2166 1507">
     <span class='ocr_line' id='line_1_13' title="bbox 574 1435 2166 1507; baseline -0.002 -12"><span class='ocrx_word' id='word_1_100' title='bbox 574 1448 761 1495; x_wconf 88' lang='lat' dir='ltr'><strong>sancta</strong></span> <span class='ocrx_word' id='word_1_101' title='bbox 791 1447 846 1494; x_wconf 91' lang='lat' dir='ltr'><strong>et</strong></span> <span class='ocrx_word' id='word_1_102' title='bbox 890 1447 1204 1494; x_wconf 86' lang='lat' dir='ltr'><strong>sanctorum</strong></span> <span class='ocrx_word' id='word_1_103' title='bbox 1239 1438 1470 1502; x_wconf 86' lang='lat' dir='ltr'><strong>cineres,</strong></span> <span class='ocrx_word' id='word_1_104' title='bbox 1502 1446 1556 1492; x_wconf 93' lang='lat' dir='ltr'><strong>et</strong></span> <span class='ocrx_word' id='word_1_105' title='bbox 1579 1436 1851 1507; x_wconf 73' lang='lat' dir='ltr'><strong>prmeipue</strong></span> <span class='ocrx_word' id='word_1_106' title='bbox 1885 1435 2038 1506; x_wconf 85' lang='lat' dir='ltr'><strong>juxta</strong></span> <span class='ocrx_word' id='word_1_107' title='bbox 2064 1435 2166 1492; x_wconf 77' lang='lat' dir='ltr'><strong>Pe-</strong></span> 
     </span>
    </p>
   </div>
   <div class='ocr_carea' id='block_1_14' title="bbox 576 1525 2163 1596">
    <p class='ocr_par' dir='ltr' id='par_1_14' title="bbox 576 1525 2163 1596">
     <span class='ocr_line' id='line_1_14' title="bbox 576 1525 2163 1596; baseline -0.001 -14"><span class='ocrx_word' id='word_1_108' title='bbox 576 1540 716 1583; x_wconf 76' lang='lat' dir='ltr'><strong>trum</strong></span> <span class='ocrx_word' id='word_1_109' title='bbox 764 1536 822 1583; x_wconf 88' lang='lat' dir='ltr'><strong>et</strong></span> <span class='ocrx_word' id='word_1_110' title='bbox 871 1528 1115 1591; x_wconf 85' lang='lat' dir='ltr'><strong>Paulum,</strong></span> <span class='ocrx_word' id='word_1_111' title='bbox 1164 1526 1311 1581; x_wconf 89' lang='lat' dir='ltr'><strong>viros</strong></span> <span class='ocrx_word' id='word_1_112' title='bbox 1349 1525 1597 1582; x_wconf 83' lang='lat' dir='ltr'><strong>similiter</strong></span> <span class='ocrx_word' id='word_1_113' title='bbox 1623 1534 1679 1580; x_wconf 92' lang='lat' dir='ltr'><strong>et</strong></span> <span class='ocrx_word' id='word_1_114' title='bbox 1721 1539 1945 1595; x_wconf 87' lang='lat' dir='ltr'><strong>magnos</strong></span> <span class='ocrx_word' id='word_1_115' title='bbox 1985 1526 2163 1596; x_wconf 80' lang='lat' dir='ltr'><strong>magni</strong></span> 
     </span>
    </p>
   </div>
   <div class='ocr_carea' id='block_1_15' title="bbox 575 1617 2163 1690">
    <p class='ocr_par' dir='ltr' id='par_1_15' title="bbox 575 1617 2163 1690">
     <span class='ocr_line' id='line_1_15' title="bbox 575 1617 2163 1690; baseline -0.001 -17"><span class='ocrx_word' id='word_1_116' title='bbox 575 1619 740 1690; x_wconf 79' lang='lat' dir='ltr'><strong>Regis</strong></span> <span class='ocrx_word' id='word_1_117' title='bbox 766 1620 963 1688; x_wconf 89' lang='lat' dir='ltr'><strong>duces,</strong></span> <span class='ocrx_word' id='word_1_118' title='bbox 1012 1635 1077 1675; x_wconf 91' lang='lat' dir='ltr'><strong>ac</strong></span> <span class='ocrx_word' id='word_1_119' title='bbox 1101 1618 1423 1675; x_wconf 48' lang='lat' dir='ltr'><strong>fortissimos</strong></span> <span class='ocrx_word' id='word_1_120' title='bbox 1447 1617 1626 1688; x_wconf 90' lang='lat' dir='ltr'><strong>campi</strong></span> <span class='ocrx_word' id='word_1_121' title='bbox 1657 1617 1950 1673; x_wconf 84' lang='lat' dir='ltr'><strong>felicissimi</strong></span> <span class='ocrx_word' id='word_1_122' title='bbox 1992 1618 2163 1674; x_wconf 86' lang='lat' dir='ltr'><strong>bella-</strong></span> 
     </span>
    </p>
   </div>
   <div class='ocr_carea' id='block_1_16' title="bbox 575 1707 2163 1776">
    <p class='ocr_par' dir='ltr' id='par_1_16' title="bbox 575 1707 2163 1776">
     <span class='ocr_line' id='line_1_16' title="bbox 575 1707 2163 1776; baseline -0.001 -13"><span class='ocrx_word' id='word_1_123' title='bbox 575 1717 743 1773; x_wconf 88' lang='lat' dir='ltr'><strong>tores,</strong></span> <span class='ocrx_word' id='word_1_124' title='bbox 776 1709 1059 1764; x_wconf 90' lang='lat' dir='ltr'><strong>Dominum</strong></span> <span class='ocrx_word' id='word_1_125' title='bbox 1097 1707 1409 1765; x_wconf 80' lang='lat' dir='ltr'><strong>cruciﬁxum</strong></span> <span class='ocrx_word' id='word_1_126' title='bbox 1452 1721 1575 1762; x_wconf 92' lang='lat' dir='ltr'><strong>cum</strong></span> <span class='ocrx_word' id='word_1_127' title='bbox 1621 1721 1817 1762; x_wconf 88' lang='lat' dir='ltr'><strong>cruore</strong></span> <span class='ocrx_word' id='word_1_128' title='bbox 1844 1717 2163 1776; x_wconf 86' lang='lat' dir='ltr'><strong>sequentes;</strong></span> 
     </span>
    </p>
   </div>
   <div class='ocr_carea' id='block_1_17' title="bbox 2223 519 3844 595">
    <p class='ocr_par' dir='ltr' id='par_1_17' title="bbox 2223 519 3844 595">
     <span class='ocr_line' id='line_1_17' title="bbox 2223 519 3844 595; baseline 0.003 -21"><span class='ocrx_word' id='word_1_129' title='bbox 2223 562 2228 568; x_wconf 89' lang='lat'><strong>.</strong></span> <span class='ocrx_word' id='word_1_130' title='bbox 2272 528 2436 575; x_wconf 87' lang='lat' dir='ltr'><strong>restat</strong></span> <span class='ocrx_word' id='word_1_131' title='bbox 2463 521 2854 592; x_wconf 83' lang='lat' dir='ltr'><strong>peccatoribus,</strong></span> <span class='ocrx_word' id='word_1_132' title='bbox 2886 521 3065 593; x_wconf 87' lang='lat' dir='ltr'><strong>impiis</strong></span> <span class='ocrx_word' id='word_1_133' title='bbox 3090 522 3231 592; x_wconf 89' lang='lat' dir='ltr'><strong>quod</strong></span> <span class='ocrx_word' id='word_1_134' title='bbox 3277 520 3460 594; x_wconf 84' lang='lat' dir='ltr'><strong>[Forte</strong></span> <span class='ocrx_word' id='word_1_135' title='bbox 3484 519 3637 595; x_wconf 86' lang='lat' dir='ltr'><strong>quid]</strong></span> <span class='ocrx_word' id='word_1_136' title='bbox 3667 520 3844 593; x_wconf 76' lang='lat' dir='ltr'><strong>impie-</strong></span> 
     </span>
    </p>
   </div>
   <div class='ocr_carea' id='block_1_18' title="bbox 2271 622 2606 683">
    <p class='ocr_par' dir='ltr' id='par_1_18' title="bbox 2271 622 2606 683">
     <span class='ocr_line' id='line_1_18' title="bbox 2271 622 2606 683; baseline 0.003 -15"><span class='ocrx_word' id='word_1_137' title='bbox 2271 622 2351 668; x_wconf 89' lang='lat' dir='ltr'><strong>tas</strong></span> <span class='ocrx_word' id='word_1_138' title='bbox 2371 622 2606 683; x_wconf 73' lang='lat' dir='ltr'><strong>praestat.</strong></span> 
     </span>
    </p>
   </div>
   <div class='ocr_carea' id='block_1_19' title="bbox 2338 703 3846 775">
    <p class='ocr_par' dir='ltr' id='par_1_19' title="bbox 2338 703 3846 775">
     <span class='ocr_line' id='line_1_19' title="bbox 2338 703 3846 775; baseline 0.001 -15"><span class='ocrx_word' id='word_1_139' title='bbox 2338 703 2400 760; x_wconf 84' lang='lat' dir='ltr'><strong>ll.</strong></span> <span class='ocrx_word' id='word_1_140' title='bbox 2434 703 2684 775; x_wconf 89' lang='lat' dir='ltr'><strong>Cogitare</strong></span> <span class='ocrx_word' id='word_1_141' title='bbox 2711 705 2965 761; x_wconf 82' lang='lat' dir='ltr'><strong>convenit</strong></span> <span class='ocrx_word' id='word_1_142' title='bbox 3006 713 3057 761; x_wconf 91' lang='lat' dir='ltr'><strong>te</strong></span> <span class='ocrx_word' id='word_1_143' title='bbox 3088 705 3201 761; x_wconf 70' lang='lat' dir='ltr'><strong>hrec</strong></span> <span class='ocrx_word' id='word_1_144' title='bbox 3229 713 3444 772; x_wconf 89' lang='lat' dir='ltr'><strong>cuneta,</strong></span> <span class='ocrx_word' id='word_1_145' title='bbox 3476 705 3671 761; x_wconf 89' lang='lat' dir='ltr'><strong>amice.</strong></span> <span class='ocrx_word' id='word_1_146' title='bbox 3705 705 3846 761; x_wconf 81' lang='lat' dir='ltr'><strong>Absit</strong></span> 
     </span>
    </p>
   </div>
   <div class='ocr_carea' id='block_1_20' title="bbox 2270 793 3844 865">
    <p class='ocr_par' dir='ltr' id='par_1_20' title="bbox 2270 793 3844 865">
     <span class='ocr_line' id='line_1_20' title="bbox 2270 793 3844 865; baseline 0.003 -18"><span class='ocrx_word' id='word_1_147' title='bbox 2270 793 2363 849; x_wconf 88' lang='lat' dir='ltr'><strong>tibi</strong></span> <span class='ocrx_word' id='word_1_148' title='bbox 2403 810 2587 851; x_wconf 90' lang='lat' dir='ltr'><strong>amare</strong></span> <span class='ocrx_word' id='word_1_149' title='bbox 2625 794 2783 865; x_wconf 82' lang='lat' dir='ltr'><strong>hujus</strong></span> <span class='ocrx_word' id='word_1_150' title='bbox 2810 794 3099 852; x_wconf 77' lang='lat' dir='ltr'><strong>formulam</strong></span> <span class='ocrx_word' id='word_1_151' title='bbox 3148 797 3291 851; x_wconf 60' lang='lat' dir='ltr'><strong>vita}.</strong></span> <span class='ocrx_word' id='word_1_152' title='bbox 3326 796 3511 852; x_wconf 84' lang='lat' dir='ltr'><strong>Omnis</strong></span> <span class='ocrx_word' id='word_1_153' title='bbox 3542 797 3690 853; x_wconf 90' lang='lat' dir='ltr'><strong>enim</strong></span> <span class='ocrx_word' id='word_1_154' title='bbox 3736 814 3844 851; x_wconf 84' lang='lat' dir='ltr'><strong>caro</strong></span> 
     </span>
    </p>
   </div>
   <div class='ocr_carea' id='block_1_21' title="bbox 2270 886 3845 962">
    <p class='ocr_par' dir='ltr' id='par_1_21' title="bbox 2270 886 3845 962">
     <span class='ocr_line' id='line_1_21' title="bbox 2270 886 3845 962; baseline 0.004 -20"><span class='ocrx_word' id='word_1_155' title='bbox 2270 888 2443 957; x_wconf 77' lang='lat' dir='ltr'><strong>fenum</strong></span> <span class='ocrx_word' id='word_1_156' title='bbox 2485 886 2619 961; x_wconf 88' lang='lat' dir='ltr'><strong>(lsa.</strong></span> <span class='ocrx_word' id='word_1_157' title='bbox 2651 905 2751 955; x_wconf 75' lang='grc' dir='ltr'><strong>η,</strong></span> <span class='ocrx_word' id='word_1_158' title='bbox 2785 889 2863 957; x_wconf 87' lang='lat'><strong>6),</strong></span> <span class='ocrx_word' id='word_1_159' title='bbox 2910 890 3143 959; x_wconf 79' lang='lat' dir='ltr'><strong>ﬂagrans</strong></span> <span class='ocrx_word' id='word_1_160' title='bbox 3189 891 3344 956; x_wconf 89' lang='lat' dir='ltr'><strong>licet,</strong></span> <span class='ocrx_word' id='word_1_161' title='bbox 3399 890 3587 946; x_wconf 80' lang='lat' dir='ltr'><strong>ﬂorida</strong></span> <span class='ocrx_word' id='word_1_162' title='bbox 3622 910 3637 946; x_wconf 88' lang='lat'><strong>:</strong></span> <span class='ocrx_word' id='word_1_163' title='bbox 3671 892 3845 962; x_wconf 82' lang='lat' dir='ltr'><strong>sicque</strong></span> 
     </span>
    </p>
   </div>
   <div class='ocr_carea' id='block_1_22' title="bbox 2268 983 3845 1058">
    <p class='ocr_par' dir='ltr' id='par_1_22' title="bbox 2268 983 3845 1058">
     <span class='ocr_line' id='line_1_22' title="bbox 2268 983 3845 1058; baseline 0.002 -22"><span class='ocrx_word' id='word_1_164' title='bbox 2268 984 2415 1053; x_wconf 85' lang='lat' dir='ltr'><strong>quasi</strong></span> <span class='ocrx_word' id='word_1_165' title='bbox 2441 984 2540 1054; x_wconf 82' lang='lat' dir='ltr'><strong>ﬂos</strong></span> <span class='ocrx_word' id='word_1_166' title='bbox 2574 984 2681 1057; x_wconf 77' lang='lat' dir='ltr'><strong>feni</strong></span> <span class='ocrx_word' id='word_1_167' title='bbox 2708 984 2877 1039; x_wconf 80' lang='lat' dir='ltr'><strong>omnis</strong></span> <span class='ocrx_word' id='word_1_168' title='bbox 2902 992 2987 1040; x_wconf 89' lang='lat' dir='ltr'><strong>est</strong></span> <span class='ocrx_word' id='word_1_169' title='bbox 3013 985 3201 1058; x_wconf 81' lang='lat' dir='ltr'><strong>gloria.</strong></span> <span class='ocrx_word' id='word_1_170' title='bbox 3235 983 3365 1041; x_wconf 89' lang='lat' dir='ltr'><strong>Orto</strong></span> <span class='ocrx_word' id='word_1_171' title='bbox 3402 985 3511 1040; x_wconf 87' lang='lat' dir='ltr'><strong>sole</strong></span> <span class='ocrx_word' id='word_1_172' title='bbox 3551 987 3743 1040; x_wconf 79' lang='lat' dir='ltr'><strong>arescit</strong></span> <span class='ocrx_word' id='word_1_173' title='bbox 3779 987 3845 1056; x_wconf 62' lang='lat' dir='ltr'><strong>[eo</strong></span> 
     </span>
    </p>
   </div>
   <div class='ocr_carea' id='block_1_23' title="bbox 2270 1075 3845 1147">
    <p class='ocr_par' dir='ltr' id='par_1_23' title="bbox 2270 1075 3845 1147">
     <span class='ocr_line' id='line_1_23' title="bbox 2270 1075 3845 1147; baseline 0.003 -21"><span class='ocrx_word' id='word_1_174' title='bbox 2270 1090 2411 1139; x_wconf 87' lang='lat' dir='ltr'><strong>nmn,</strong></span> <span class='ocrx_word' id='word_1_175' title='bbox 2433 1082 2481 1128; x_wconf 85' lang='lat' dir='ltr'><strong>et</strong></span> <span class='ocrx_word' id='word_1_176' title='bbox 2502 1076 2600 1145; x_wconf 79' lang='lat' dir='ltr'><strong>[los</strong></span> <span class='ocrx_word' id='word_1_177' title='bbox 2628 1075 2824 1147; x_wconf 82' lang='lat' dir='ltr'><strong>deperit</strong></span> <span class='ocrx_word' id='word_1_178' title='bbox 2847 1075 2984 1145; x_wconf 82' lang='lat' dir='ltr'><strong>(Jac.</strong></span> <span class='ocrx_word' id='word_1_179' title='bbox 3014 1092 3047 1137; x_wconf 87' lang='grc' dir='ltr'><strong>ι.</strong></span> <span class='ocrx_word' id='word_1_180' title='bbox 3079 1076 3169 1145; x_wconf 76' lang='lat' dir='ltr'><strong>Ii)</strong></span> <span class='ocrx_word' id='word_1_181' title='bbox 3200 1095 3213 1130; x_wconf 94' lang='lat'>:</span> <span class='ocrx_word' id='word_1_182' title='bbox 3245 1077 3325 1132; x_wconf 88' lang='lat' dir='ltr'><strong>sic</strong></span> <span class='ocrx_word' id='word_1_183' title='bbox 3350 1084 3435 1132; x_wconf 90' lang='lat' dir='ltr'><strong>est</strong></span> <span class='ocrx_word' id='word_1_184' title='bbox 3463 1077 3642 1132; x_wconf 87' lang='lat' dir='ltr'><strong>omnis</strong></span> <span class='ocrx_word' id='word_1_185' title='bbox 3663 1075 3845 1146; x_wconf 81' lang='lat' dir='ltr'><strong>juven-</strong></span> 
     </span>
    </p>
   </div>
   <div class='ocr_carea' id='block_1_24' title="bbox 2274 1166 3842 1230">
    <p class='ocr_par' dir='ltr' id='par_1_24' title="bbox 2274 1166 3842 1230">
     <span class='ocr_line' id='line_1_24' title="bbox 2274 1166 3842 1230; baseline 0.004 -11"><span class='ocrx_word' id='word_1_186' title='bbox 2274 1174 2378 1230; x_wconf 85' lang='lat' dir='ltr'><strong>tus,</strong></span> <span class='ocrx_word' id='word_1_187' title='bbox 2407 1166 2576 1222; x_wconf 90' lang='lat' dir='ltr'><strong>virtus</strong></span> <span class='ocrx_word' id='word_1_188' title='bbox 2613 1182 2736 1222; x_wconf 90' lang='lat' dir='ltr'><strong>cum</strong></span> <span class='ocrx_word' id='word_1_189' title='bbox 2766 1166 3044 1223; x_wconf 87' lang='lat' dir='ltr'><strong>defecerit.</strong></span> <span class='ocrx_word' id='word_1_190' title='bbox 3078 1167 3427 1224; x_wconf 89' lang='lat' dir='ltr'><strong>Pulchritudo</strong></span> <span class='ocrx_word' id='word_1_191' title='bbox 3455 1169 3737 1225; x_wconf 86' lang='lat' dir='ltr'><strong>hominum</strong></span> <span class='ocrx_word' id='word_1_192' title='bbox 3767 1184 3842 1225; x_wconf 83' lang='lat' dir='ltr'><strong>se-</strong></span> 
     </span>
    </p>
   </div>
   <div class='ocr_carea' id='block_1_25' title="bbox 2274 1254 3845 1328">
    <p class='ocr_par' dir='ltr' id='par_1_25' title="bbox 2274 1254 3845 1328">
     <span class='ocr_line' id='line_1_25' title="bbox 2274 1254 3845 1328; baseline 0.003 -20"><span class='ocrx_word' id='word_1_193' title='bbox 2274 1270 2501 1312; x_wconf 81' lang='lat' dir='ltr'><strong>nescens</strong></span> <span class='ocrx_word' id='word_1_194' title='bbox 2528 1254 2832 1313; x_wconf 87' lang='lat' dir='ltr'><strong>delabitur:</strong></span> <span class='ocrx_word' id='word_1_195' title='bbox 2875 1256 3051 1312; x_wconf 89' lang='lat' dir='ltr'><strong>vultus</strong></span> <span class='ocrx_word' id='word_1_196' title='bbox 3075 1256 3272 1313; x_wconf 87' lang='lat' dir='ltr'><strong>Christi</strong></span> <span class='ocrx_word' id='word_1_197' title='bbox 3311 1258 3493 1314; x_wconf 85' lang='lat' dir='ltr'><strong>radius</strong></span> <span class='ocrx_word' id='word_1_198' title='bbox 3510 1272 3623 1328; x_wconf 66' lang='lat' dir='ltr'><strong>prae</strong></span> <span class='ocrx_word' id='word_1_199' title='bbox 3650 1258 3845 1313; x_wconf 83' lang='lat' dir='ltr'><strong>cunctis</strong></span> 
     </span>
    </p>
   </div>
   <div class='ocr_carea' id='block_1_26' title="bbox 2274 1344 3839 1418">
    <p class='ocr_par' dir='ltr' id='par_1_26' title="bbox 2274 1344 3839 1418">
     <span class='ocr_line' id='line_1_26' title="bbox 2274 1344 3839 1418; baseline 0.003 -20"><span class='ocrx_word' id='word_1_200' title='bbox 2274 1344 2540 1414; x_wconf 62' lang='lat' dir='ltr'><strong>amabilis,</strong></span> <span class='ocrx_word' id='word_1_201' title='bbox 2571 1347 2742 1416; x_wconf 90' lang='lat' dir='ltr'><strong>magis</strong></span> <span class='ocrx_word' id='word_1_202' title='bbox 2767 1347 3069 1415; x_wconf 87' lang='lat' dir='ltr'><strong>diligendus</strong></span> <span class='ocrx_word' id='word_1_203' title='bbox 3093 1358 3197 1416; x_wconf 87' lang='lat' dir='ltr'><strong>est,</strong></span> <span class='ocrx_word' id='word_1_204' title='bbox 3223 1363 3384 1418; x_wconf 82' lang='lat' dir='ltr'><strong>quam</strong></span> <span class='ocrx_word' id='word_1_205' title='bbox 3410 1346 3507 1403; x_wconf 88' lang='lat' dir='ltr'><strong>llos</strong></span> <span class='ocrx_word' id='word_1_206' title='bbox 3535 1349 3714 1403; x_wconf 83' lang='lat' dir='ltr'><strong>carnis</strong></span> <span class='ocrx_word' id='word_1_207' title='bbox 3750 1348 3839 1403; x_wconf 85' lang='lat' dir='ltr'><strong>fra-</strong></span> 
     </span>
    </p>
   </div>
   <div class='ocr_carea' id='block_1_27' title="bbox 2273 1436 3845 1510">
    <p class='ocr_par' dir='ltr' id='par_1_27' title="bbox 2273 1436 3845 1510">
     <span class='ocr_line' id='line_1_27' title="bbox 2273 1436 3845 1510; baseline 0.003 -20"><span class='ocrx_word' id='word_1_208' title='bbox 2273 1436 2413 1506; x_wconf 88' lang='lat' dir='ltr'><strong>gilis.</strong></span> <span class='ocrx_word' id='word_1_209' title='bbox 2438 1436 2661 1504; x_wconf 89' lang='lat' dir='ltr'><strong>Caveto,</strong></span> <span class='ocrx_word' id='word_1_210' title='bbox 2687 1436 2869 1503; x_wconf 83' lang='lat' dir='ltr'><strong>filiole,</strong></span> <span class='ocrx_word' id='word_1_211' title='bbox 2894 1439 3164 1495; x_wconf 86' lang='lat' dir='ltr'><strong>seminare</strong></span> <span class='ocrx_word' id='word_1_212' title='bbox 3184 1440 3414 1508; x_wconf 87' lang='lat' dir='ltr'><strong>species,</strong></span> <span class='ocrx_word' id='word_1_213' title='bbox 3437 1454 3572 1510; x_wconf 88' lang='lat' dir='ltr'><strong>quas</strong></span> <span class='ocrx_word' id='word_1_214' title='bbox 3599 1454 3748 1495; x_wconf 87' lang='lat' dir='ltr'><strong>mors</strong></span> <span class='ocrx_word' id='word_1_215' title='bbox 3779 1440 3845 1494; x_wconf 80' lang='lat' dir='ltr'><strong>in-</strong></span> 
     </span>
    </p>
   </div>
   <div class='ocr_carea' id='block_1_28' title="bbox 2273 1529 3846 1602">
    <p class='ocr_par' dir='ltr' id='par_1_28' title="bbox 2273 1529 3846 1602">
     <span class='ocr_line' id='line_1_28' title="bbox 2273 1529 3846 1602; baseline -0.001 -17"><span class='ocrx_word' id='word_1_216' title='bbox 2273 1529 2514 1599; x_wconf 75' lang='lat' dir='ltr'><strong>greditur</strong></span> <span class='ocrx_word' id='word_1_217' title='bbox 2537 1545 2646 1587; x_wconf 92' lang='lat' dir='ltr'><strong>non</strong></span> <span class='ocrx_word' id='word_1_218' title='bbox 2672 1546 2837 1601; x_wconf 87' lang='lat' dir='ltr'><strong>parva</strong></span> <span class='ocrx_word' id='word_1_219' title='bbox 2868 1532 3153 1602; x_wconf 89' lang='lat' dir='ltr'><strong>pernicies.</strong></span> <span class='ocrx_word' id='word_1_220' title='bbox 3185 1530 3434 1600; x_wconf 85' lang='lat' dir='ltr'><strong>Plerique</strong></span> <span class='ocrx_word' id='word_1_221' title='bbox 3460 1532 3706 1602; x_wconf 88' lang='lat' dir='ltr'><strong>perpessi</strong></span> <span class='ocrx_word' id='word_1_222' title='bbox 3734 1539 3846 1586; x_wconf 85' lang='lat' dir='ltr'><strong>sunt</strong></span> 
     </span>
    </p>
   </div>
   <div class='ocr_carea' id='block_1_29' title="bbox 2274 1620 3846 1691">
    <p class='ocr_par' dir='ltr' id='par_1_29' title="bbox 2274 1620 3846 1691">
     <span class='ocr_line' id='line_1_29' title="bbox 2274 1620 3846 1691; baseline -0.001 -13"><span class='ocrx_word' id='word_1_223' title='bbox 2274 1636 2553 1691; x_wconf 82' lang='lat' dir='ltr'><strong>[cenarum</strong></span> <span class='ocrx_word' id='word_1_224' title='bbox 2594 1621 2866 1689; x_wconf 84' lang='lat' dir='ltr'><strong>incendia,</strong></span> <span class='ocrx_word' id='word_1_225' title='bbox 2895 1622 3186 1679; x_wconf 90' lang='lat' dir='ltr'><strong>voluntatis</strong></span> <span class='ocrx_word' id='word_1_226' title='bbox 3212 1622 3428 1678; x_wconf 64' lang='lat' dir='ltr'><strong>lubrice</strong></span> <span class='ocrx_word' id='word_1_227' title='bbox 3468 1621 3717 1677; x_wconf 89' lang='lat' dir='ltr'><strong>nolentes</strong></span> <span class='ocrx_word' id='word_1_228' title='bbox 3755 1620 3846 1676; x_wconf 81' lang='lat' dir='ltr'><strong>dis-</strong></span> 
     </span>
    </p>
   </div>
   <div class='ocr_carea' id='block_1_30' title="bbox 2276 1712 3843 1786">
    <p class='ocr_par' dir='ltr' id='par_1_30' title="bbox 2276 1712 3843 1786">
     <span class='ocr_line' id='line_1_30' title="bbox 2276 1712 3843 1786; baseline -0.001 -16"><span class='ocrx_word' id='word_1_229' title='bbox 2276 1714 2489 1786; x_wconf 88' lang='lat' dir='ltr'><strong>pendia.</strong></span> <span class='ocrx_word' id='word_1_230' title='bbox 2530 1712 2787 1772; x_wconf 88' lang='lat' dir='ltr'><strong>Poculum</strong></span> <span class='ocrx_word' id='word_1_231' title='bbox 2838 1715 3165 1786; x_wconf 68' lang='lat' dir='ltr'><strong>impiissima:</strong></span> <span class='ocrx_word' id='word_1_232' title='bbox 3204 1715 3315 1771; x_wconf 94' lang='lat' dir='ltr'><strong>noli</strong></span> <span class='ocrx_word' id='word_1_233' title='bbox 3358 1731 3594 1785; x_wconf 86' lang='lat' dir='ltr'><strong>unquam</strong></span> <span class='ocrx_word' id='word_1_234' title='bbox 3627 1715 3843 1771; x_wconf 87' lang='lat' dir='ltr'><strong>bibere:</strong></span> 
     </span>
    </p>
   </div>
   <div class='ocr_carea' id='block_1_31' title="bbox 574 1797 3846 1880">
    <p class='ocr_par' dir='ltr' id='par_1_31' title="bbox 574 1797 3846 1880">
     <span class='ocr_line' id='line_1_31' title="bbox 574 1797 3846 1880; baseline 0.002 -26"><span class='ocrx_word' id='word_1_235' title='bbox 574 1810 636 1854; x_wconf 91' lang='lat' dir='ltr'><strong>ut</strong></span> <span class='ocrx_word' id='word_1_236' title='bbox 659 1816 964 1856; x_wconf 88' lang='lat' dir='ltr'><strong>mereamur</strong></span> <span class='ocrx_word' id='word_1_237' title='bbox 991 1799 1207 1856; x_wconf 89' lang='lat' dir='ltr'><strong>Christo</strong></span> <span class='ocrx_word' id='word_1_238' title='bbox 1229 1801 1453 1865; x_wconf 86' lang='lat' dir='ltr'><strong>haerere,</strong></span> <span class='ocrx_word' id='word_1_239' title='bbox 1483 1798 1718 1871; x_wconf 86' lang='lat' dir='ltr'><strong>placere,</strong></span> <span class='ocrx_word' id='word_1_240' title='bbox 1759 1797 1960 1867; x_wconf 78' lang='lat' dir='ltr'><strong>gratias</strong></span> <span class='ocrx_word' id='word_1_241' title='bbox 1985 1812 2166 1868; x_wconf 90' lang='lat' dir='ltr'><strong>agere,</strong></span> <span class='ocrx_word' id='word_1_242' title='bbox 2204 1806 2245 1864; x_wconf 79' lang='grc' dir='ltr'><strong>Β</strong></span> <span class='ocrx_word' id='word_1_243' title='bbox 2276 1810 2398 1866; x_wconf 79' lang='lat' dir='ltr'><strong>inde</strong></span> <span class='ocrx_word' id='word_1_244' title='bbox 2440 1809 2639 1866; x_wconf 64' lang='lat' dir='ltr'><strong>multos</strong></span> <span class='ocrx_word' id='word_1_245' title='bbox 2690 1809 3009 1880; x_wconf 87' lang='lat' dir='ltr'><strong>plerumque</strong></span> <span class='ocrx_word' id='word_1_246' title='bbox 3059 1810 3108 1863; x_wconf 88' lang='lat' dir='ltr'><strong>vi</strong></span> <span class='ocrx_word' id='word_1_247' title='bbox 3124 1809 3207 1864; x_wconf 85' lang='lat' dir='ltr'><strong>les</strong></span> <span class='ocrx_word' id='word_1_248' title='bbox 3250 1809 3400 1864; x_wconf 65' lang='lat' dir='ltr'><strong>laetos</strong></span> <span class='ocrx_word' id='word_1_249' title='bbox 3446 1808 3625 1864; x_wconf 88' lang='lat' dir='ltr'><strong>ridere</strong></span> <span class='ocrx_word' id='word_1_250' title='bbox 3662 1827 3685 1873; x_wconf 73' lang='grc' dir='ltr'><strong><em>ι</em></strong></span> <span class='ocrx_word' id='word_1_251' title='bbox 3734 1824 3846 1862; x_wconf 86' lang='lat' dir='ltr'><strong>nam</strong></span> 
     </span>
    </p>
   </div>
   <div class='ocr_carea' id='block_1_32' title="bbox 573 1887 2169 1962">
    <p class='ocr_par' dir='ltr' id='par_1_32' title="bbox 573 1887 2169 1962">
     <span class='ocr_line' id='line_1_32' title="bbox 573 1887 2169 1962; baseline -0.001 -18"><span class='ocrx_word' id='word_1_252' title='bbox 573 1906 809 1962; x_wconf 86' lang='lat' dir='ltr'><strong>eumque</strong></span> <span class='ocrx_word' id='word_1_253' title='bbox 833 1907 953 1947; x_wconf 78' lang='lat' dir='ltr'><strong>cum</strong></span> <span class='ocrx_word' id='word_1_254' title='bbox 981 1900 1135 1962; x_wconf 87' lang='lat' dir='ltr'><strong>patre</strong></span> <span class='ocrx_word' id='word_1_255' title='bbox 1158 1898 1214 1946; x_wconf 90' lang='lat' dir='ltr'><strong>et</strong></span> <span class='ocrx_word' id='word_1_256' title='bbox 1232 1888 1434 1961; x_wconf 87' lang='lat' dir='ltr'><strong>Spiritu</strong></span> <span class='ocrx_word' id='word_1_257' title='bbox 1466 1896 1655 1944; x_wconf 91' lang='lat' dir='ltr'><strong>sancto</strong></span> <span class='ocrx_word' id='word_1_258' title='bbox 1682 1888 1800 1944; x_wconf 89' lang='lat' dir='ltr'><strong>sine</strong></span> <span class='ocrx_word' id='word_1_259' title='bbox 1822 1887 1926 1942; x_wconf 82' lang='lat' dir='ltr'><strong>line</strong></span> <span class='ocrx_word' id='word_1_260' title='bbox 1947 1887 2169 1943; x_wconf 90' lang='lat' dir='ltr'><strong>laudare</strong></span> 
     </span>
    </p>
   </div>
   <div class='ocr_carea' id='block_1_33' title="bbox 572 1979 2165 2058">
    <p class='ocr_par' dir='ltr' id='par_1_33' title="bbox 572 1979 2165 2058">
     <span class='ocr_line' id='line_1_33' title="bbox 572 1979 2165 2058; baseline -0.003 -20"><span class='ocrx_word' id='word_1_261' title='bbox 572 1984 852 2040; x_wconf 81' lang='lat' dir='ltr'><strong>vobiscum</strong></span> <span class='ocrx_word' id='word_1_262' title='bbox 902 1983 1061 2058; x_wconf 83' lang='lat' dir='ltr'><strong>[Add.</strong></span> <span class='ocrx_word' id='word_1_263' title='bbox 1094 1982 1322 2055; x_wconf 90' lang='lat' dir='ltr'><strong>etcum]</strong></span> <span class='ocrx_word' id='word_1_264' title='bbox 1371 1981 1626 2036; x_wconf 89' lang='lat' dir='ltr'><strong>omnibus</strong></span> <span class='ocrx_word' id='word_1_265' title='bbox 1672 1980 1874 2036; x_wconf 84' lang='lat' dir='ltr'><strong>sanctis</strong></span> <span class='ocrx_word' id='word_1_266' title='bbox 1903 1979 1991 2035; x_wconf 92' lang='lat' dir='ltr'><strong>hic</strong></span> <span class='ocrx_word' id='word_1_267' title='bbox 2018 1987 2074 2034; x_wconf 90' lang='lat' dir='ltr'><strong>et</strong></span> <span class='ocrx_word' id='word_1_268' title='bbox 2114 1979 2165 2033; x_wconf 94' lang='lat' dir='ltr'><strong>in</strong></span> 
     </span>
    </p>
   </div>
   <div class='ocr_carea' id='block_1_34' title="bbox 572 2072 1588 2130">
    <p class='ocr_par' dir='ltr' id='par_1_34' title="bbox 572 2072 1588 2130">
     <span class='ocr_line' id='line_1_34' title="bbox 572 2072 1588 2130; baseline -0.002 -2"><span class='ocrx_word' id='word_1_269' title='bbox 572 2082 775 2130; x_wconf 73' lang='lat' dir='ltr'><strong>teterna</strong></span> <span class='ocrx_word' id='word_1_270' title='bbox 801 2074 998 2130; x_wconf 63' lang='lat' dir='ltr'><strong>saecula</strong></span> <span class='ocrx_word' id='word_1_271' title='bbox 1030 2075 1369 2129; x_wconf 59' lang='lat' dir='ltr'><strong>saeculorum.</strong></span> <span class='ocrx_word' id='word_1_272' title='bbox 1396 2072 1588 2127; x_wconf 85' lang='lat' dir='ltr'><strong>Amen.</strong></span> 
     </span>
    </p>
   </div>
   <div class='ocr_carea' id='block_1_35' title="bbox 920 2154 1615 2221">
    <p class='ocr_par' dir='ltr' id='par_1_35' title="bbox 920 2154 1615 2221">
     <span class='ocr_line' id='line_1_35' title="bbox 920 2154 1615 2221; baseline 0 -2"><span class='ocrx_word' id='word_1_273' title='bbox 920 2158 921 2161; x_wconf 34' lang='grc'><em>“</em></span> <span class='ocrx_word' id='word_1_274' title='bbox 1114 2176 1137 2202; x_wconf 74' lang='grc'><em>³</em></span> <span class='ocrx_word' id='word_1_275' title='bbox 1161 2164 1491 2221; x_wconf 81' lang='lat' dir='ltr'><strong>EPISTOLA</strong></span> <span class='ocrx_word' id='word_1_276' title='bbox 1530 2154 1615 2219; x_wconf 69' lang='lat' dir='ltr'><strong>VI.</strong></span> 
     </span>
    </p>
   </div>
   <div class='ocr_carea' id='block_1_36' title="bbox 927 2272 1808 2322">
    <p class='ocr_par' dir='ltr' id='par_1_36' title="bbox 927 2272 1808 2322">
     <span class='ocr_line' id='line_1_36' title="bbox 927 2272 1808 2322; baseline -0.002 -9"><span class='ocrx_word' id='word_1_277' title='bbox 927 2276 994 2313; x_wconf 79' lang='lat' dir='ltr'><strong>AD</strong></span> <span class='ocrx_word' id='word_1_278' title='bbox 1020 2274 1273 2322; x_wconf 67' lang='lat' dir='ltr'><strong>QUEMDAI</strong></span> <span class='ocrx_word' id='word_1_279' title='bbox 1301 2274 1438 2314; x_wconf 73' lang='grc' dir='ltr'><strong>ευυιι</strong></span> <span class='ocrx_word' id='word_1_280' title='bbox 1477 2272 1808 2313; x_wconf 68' lang='grc' dir='ltr'><strong>ῡιδοιρυιωι.</strong></span> 
     </span>
    </p>
   </div>
   <div class='ocr_carea' id='block_1_37' title="bbox 645 2346 2167 2422">
    <p class='ocr_par' dir='ltr' id='par_1_37' title="bbox 645 2346 2167 2422">
     <span class='ocr_line' id='line_1_37' title="bbox 645 2346 2167 2422; baseline -0.005 -14"><span class='ocrx_word' id='word_1_281' title='bbox 645 2353 688 2408; x_wconf 89' lang='lat' dir='ltr'><strong>l.</strong></span> <span class='ocrx_word' id='word_1_282' title='bbox 717 2352 949 2408; x_wconf 80' lang='lat' dir='ltr'><strong>Mundus</strong></span> <span class='ocrx_word' id='word_1_283' title='bbox 968 2352 1071 2407; x_wconf 89' lang='lat' dir='ltr'><strong>iste</strong></span> <span class='ocrx_word' id='word_1_284' title='bbox 1093 2352 1316 2406; x_wconf 89' lang='lat' dir='ltr'><strong>transit:</strong></span> <span class='ocrx_word' id='word_1_285' title='bbox 1338 2361 1391 2407; x_wconf 91' lang='lat' dir='ltr'><strong>et</strong></span> <span class='ocrx_word' id='word_1_286' title='bbox 1421 2350 1661 2422; x_wconf 85' lang='lat' dir='ltr'><strong>quotidie</strong></span> <span class='ocrx_word' id='word_1_287' title='bbox 1684 2347 1969 2406; x_wconf 87' lang='lat' dir='ltr'><strong>decrescit.</strong></span> <span class='ocrx_word' id='word_1_288' title='bbox 1997 2346 2167 2402; x_wconf 83' lang='lat' dir='ltr'><strong>Nemo</strong></span> 
     </span>
    </p>
   </div>
   <div class='ocr_carea' id='block_1_38' title="bbox 573 2438 2164 2501">
    <p class='ocr_par' dir='ltr' id='par_1_38' title="bbox 573 2438 2164 2501">
     <span class='ocr_line' id='line_1_38' title="bbox 573 2438 2164 2501; baseline -0.004 -1"><span class='ocrx_word' id='word_1_289' title='bbox 573 2444 763 2501; x_wconf 86' lang='lat' dir='ltr'><strong>vivens</strong></span> <span class='ocrx_word' id='word_1_290' title='bbox 789 2442 1029 2499; x_wconf 90' lang='lat' dir='ltr'><strong>manebit</strong></span> <span class='ocrx_word' id='word_1_291' title='bbox 1060 2460 1074 2498; x_wconf 88' lang='lat'>:</span> <span class='ocrx_word' id='word_1_292' title='bbox 1105 2443 1282 2501; x_wconf 91' lang='lat' dir='ltr'><strong>nullus</strong></span> <span class='ocrx_word' id='word_1_293' title='bbox 1318 2443 1471 2500; x_wconf 89' lang='lat' dir='ltr'><strong>vivus</strong></span> <span class='ocrx_word' id='word_1_294' title='bbox 1500 2442 1762 2498; x_wconf 87' lang='lat' dir='ltr'><strong>remansit</strong></span> <span class='ocrx_word' id='word_1_295' title='bbox 1796 2459 1809 2496; x_wconf 89' lang='lat'><strong>:</strong></span> <span class='ocrx_word' id='word_1_296' title='bbox 1842 2449 2017 2497; x_wconf 88' lang='lat' dir='ltr'><strong>totum</strong></span> <span class='ocrx_word' id='word_1_297' title='bbox 2061 2438 2164 2494; x_wconf 91' lang='lat' dir='ltr'><strong>hu-</strong></span> 
     </span>
    </p>
   </div>
   <div class='ocr_carea' id='block_1_39' title="bbox 573 2536 2168 2609">
    <p class='ocr_par' dir='ltr' id='par_1_39' title="bbox 573 2536 2168 2609">
     <span class='ocr_line' id='line_1_39' title="bbox 573 2536 2168 2609; baseline -0.002 -14"><span class='ocrx_word' id='word_1_298' title='bbox 573 2554 794 2609; x_wconf 87' lang='lat' dir='ltr'><strong>manum</strong></span> <span class='ocrx_word' id='word_1_299' title='bbox 822 2552 993 2609; x_wconf 88' lang='lat' dir='ltr'><strong>genus</strong></span> <span class='ocrx_word' id='word_1_300' title='bbox 1022 2546 1144 2593; x_wconf 90' lang='lat' dir='ltr'><strong>ortu</strong></span> <span class='ocrx_word' id='word_1_301' title='bbox 1171 2537 1340 2592; x_wconf 89' lang='lat' dir='ltr'><strong>utitur</strong></span> <span class='ocrx_word' id='word_1_302' title='bbox 1369 2536 1513 2608; x_wconf 87' lang='lat' dir='ltr'><strong>pari,</strong></span> <span class='ocrx_word' id='word_1_303' title='bbox 1555 2544 1612 2593; x_wconf 89' lang='lat' dir='ltr'><strong>et</strong></span> <span class='ocrx_word' id='word_1_304' title='bbox 1638 2538 1706 2593; x_wconf 87' lang='lat' dir='ltr'><strong>de</strong></span> <span class='ocrx_word' id='word_1_305' title='bbox 1735 2536 1898 2593; x_wconf 87' lang='lat' dir='ltr'><strong>simili</strong></span> <span class='ocrx_word' id='word_1_306' title='bbox 1922 2536 2030 2591; x_wconf 91' lang='lat' dir='ltr'><strong>vita</strong></span> <span class='ocrx_word' id='word_1_307' title='bbox 2063 2536 2168 2592; x_wconf 88' lang='lat' dir='ltr'><strong>line</strong></span> 
     </span>
    </p>
   </div>
   <div class='ocr_carea' id='block_1_40' title="bbox 572 2630 2165 2702">
    <p class='ocr_par' dir='ltr' id='par_1_40' title="bbox 572 2630 2165 2702">
     <span class='ocr_line' id='line_1_40' title="bbox 572 2630 2165 2702; baseline -0.004 -13"><span class='ocrx_word' id='word_1_308' title='bbox 572 2633 715 2690; x_wconf 86' lang='lat' dir='ltr'><strong>cadit</strong></span> <span class='ocrx_word' id='word_1_309' title='bbox 759 2632 951 2702; x_wconf 66' lang='lat' dir='ltr'><strong>aequali</strong></span> <span class='ocrx_word' id='word_1_310' title='bbox 987 2650 1000 2686; x_wconf 89' lang='lat'><strong>:</strong></span> <span class='ocrx_word' id='word_1_311' title='bbox 1043 2630 1071 2668; x_wconf 66' lang='grc' dir='ltr'>δ</span> <span class='ocrx_word' id='word_1_312' title='bbox 1123 2630 1490 2688; x_wconf 86' lang='lat' dir='ltr'><strong>deferentibus</strong></span> <span class='ocrx_word' id='word_1_313' title='bbox 1536 2631 1701 2686; x_wconf 87' lang='lat' dir='ltr'><strong>vitam</strong></span> <span class='ocrx_word' id='word_1_314' title='bbox 1755 2647 1903 2688; x_wconf 86' lang='lat' dir='ltr'><strong>mors</strong></span> <span class='ocrx_word' id='word_1_315' title='bbox 1958 2630 2165 2686; x_wconf 89' lang='lat' dir='ltr'><strong>incerta</strong></span> 
     </span>
    </p>
   </div>
   <div class='ocr_carea' id='block_1_41' title="bbox 570 2723 2168 2795">
    <p class='ocr_par' dir='ltr' id='par_1_41' title="bbox 570 2723 2168 2795">
     <span class='ocr_line' id='line_1_41' title="bbox 570 2723 2168 2795; baseline -0.001 -16"><span class='ocrx_word' id='word_1_316' title='bbox 570 2724 851 2795; x_wconf 89' lang='lat' dir='ltr'><strong>subripit:</strong></span> <span class='ocrx_word' id='word_1_317' title='bbox 894 2738 1084 2780; x_wconf 90' lang='lat' dir='ltr'><strong>omnes</strong></span> <span class='ocrx_word' id='word_1_318' title='bbox 1132 2724 1397 2795; x_wconf 90' lang='lat' dir='ltr'><strong>superbos</strong></span> <span class='ocrx_word' id='word_1_319' title='bbox 1446 2734 1469 2764; x_wconf 74' lang='grc' dir='ltr'><strong>ο</strong></span> <span class='ocrx_word' id='word_1_320' title='bbox 1510 2738 1680 2793; x_wconf 89' lang='lat' dir='ltr'><strong>vagos</strong></span> <span class='ocrx_word' id='word_1_321' title='bbox 1728 2738 1929 2780; x_wconf 76' lang='lat' dir='ltr'><strong>maeror</strong></span> <span class='ocrx_word' id='word_1_322' title='bbox 1979 2723 2168 2779; x_wconf 85' lang='lat' dir='ltr'><strong>mortis</strong></span> 
     </span>
    </p>
   </div>
   <div class='ocr_carea' id='block_1_42' title="bbox 572 2814 2166 2887">
    <p class='ocr_par' dir='ltr' id='par_1_42' title="bbox 572 2814 2166 2887">
     <span class='ocr_line' id='line_1_42' title="bbox 572 2814 2166 2887; baseline 0 -17"><span class='ocrx_word' id='word_1_323' title='bbox 572 2817 836 2886; x_wconf 86' lang='lat' dir='ltr'><strong>corripit:</strong></span> <span class='ocrx_word' id='word_1_324' title='bbox 869 2816 1012 2887; x_wconf 90' lang='lat' dir='ltr'><strong>quod</strong></span> <span class='ocrx_word' id='word_1_325' title='bbox 1064 2831 1164 2886; x_wconf 91' lang='lat' dir='ltr'><strong>pro</strong></span> <span class='ocrx_word' id='word_1_326' title='bbox 1210 2815 1426 2871; x_wconf 85' lang='lat' dir='ltr'><strong>Christo</strong></span> <span class='ocrx_word' id='word_1_327' title='bbox 1479 2814 1662 2886; x_wconf 89' lang='lat' dir='ltr'><strong>largiri</strong></span> <span class='ocrx_word' id='word_1_328' title='bbox 1708 2815 1921 2882; x_wconf 88' lang='lat' dir='ltr'><strong>nolunt,</strong></span> <span class='ocrx_word' id='word_1_329' title='bbox 1976 2830 2166 2870; x_wconf 90' lang='lat' dir='ltr'><strong>omnes</strong></span> 
     </span>
    </p>
   </div>
   <div class='ocr_carea' id='block_1_43' title="bbox 572 2905 2162 2976">
    <p class='ocr_par' dir='ltr' id='par_1_43' title="bbox 572 2905 2162 2976">
     <span class='ocr_line' id='line_1_43' title="bbox 572 2905 2162 2976; baseline 0.001 -16"><span class='ocrx_word' id='word_1_330' title='bbox 572 2920 721 2960; x_wconf 86' lang='lat' dir='ltr'><strong>avart</strong></span> <span class='ocrx_word' id='word_1_331' title='bbox 752 2906 1110 2976; x_wconf 83' lang='lat' dir='ltr'><strong>inopportuno</strong></span> <span class='ocrx_word' id='word_1_332' title='bbox 1158 2905 1415 2960; x_wconf 89' lang='lat' dir='ltr'><strong>amittunt</strong></span> <span class='ocrx_word' id='word_1_333' title='bbox 1444 2923 1457 2958; x_wconf 91' lang='lat'><strong>:</strong></span> <span class='ocrx_word' id='word_1_334' title='bbox 1488 2913 1612 2976; x_wconf 90' lang='lat' dir='ltr'><strong>post</strong></span> <span class='ocrx_word' id='word_1_335' title='bbox 1649 2921 1708 2962; x_wconf 91' lang='lat' dir='ltr'><strong>se</strong></span> <span class='ocrx_word' id='word_1_336' title='bbox 1738 2906 1998 2976; x_wconf 89' lang='lat' dir='ltr'><strong>colligunt</strong></span> <span class='ocrx_word' id='word_1_337' title='bbox 2025 2906 2114 2961; x_wconf 90' lang='lat' dir='ltr'><strong>alii</strong></span> <span class='ocrx_word' id='word_1_338' title='bbox 2149 2925 2162 2960; x_wconf 90' lang='lat'>:</span> 
     </span>
    </p>
   </div>
   <div class='ocr_carea' id='block_1_44' title="bbox 572 2996 2165 3068">
    <p class='ocr_par' dir='ltr' id='par_1_44' title="bbox 572 2996 2165 3068">
     <span class='ocr_line' id='line_1_44' title="bbox 572 2996 2165 3068; baseline 0.001 -17"><span class='ocrx_word' id='word_1_339' title='bbox 572 3012 798 3068; x_wconf 84' lang='lat' dir='ltr'><strong>parvum</strong></span> <span class='ocrx_word' id='word_1_340' title='bbox 838 2996 938 3067; x_wconf 91' lang='lat' dir='ltr'><strong>ipsi</strong></span> <span class='ocrx_word' id='word_1_341' title='bbox 979 2997 1223 3053; x_wconf 87' lang='lat' dir='ltr'><strong>viventes</strong></span> <span class='ocrx_word' id='word_1_342' title='bbox 1273 2996 1384 3052; x_wconf 90' lang='lat' dir='ltr'><strong>Deo</strong></span> <span class='ocrx_word' id='word_1_343' title='bbox 1433 2996 1565 3053; x_wconf 89' lang='lat' dir='ltr'><strong>dare</strong></span> <span class='ocrx_word' id='word_1_344' title='bbox 1593 2998 1683 3052; x_wconf 88' lang='lat' dir='ltr'><strong>vix</strong></span> <span class='ocrx_word' id='word_1_345' title='bbox 1730 2996 1949 3063; x_wconf 88' lang='lat' dir='ltr'><strong>audent,</strong></span> <span class='ocrx_word' id='word_1_346' title='bbox 2001 2998 2165 3053; x_wconf 90' lang='lat' dir='ltr'><strong>morti</strong></span> 
     </span>
    </p>
   </div>
   <div class='ocr_carea' id='block_1_45' title="bbox 570 3085 2164 3159">
    <p class='ocr_par' dir='ltr' id='par_1_45' title="bbox 570 3085 2164 3159">
     <span class='ocr_line' id='line_1_45' title="bbox 570 3085 2164 3159; baseline 0 -15"><span class='ocrx_word' id='word_1_347' title='bbox 570 3095 766 3145; x_wconf 88' lang='lat' dir='ltr'><strong>cuncta</strong></span> <span class='ocrx_word' id='word_1_348' title='bbox 796 3086 1152 3158; x_wconf 67' lang='lat' dir='ltr'><strong>rel’nquunt:</strong></span> <span class='ocrx_word' id='word_1_349' title='bbox 1192 3087 1325 3143; x_wconf 89' lang='lat' dir='ltr'><strong>nihil</strong></span> <span class='ocrx_word' id='word_1_350' title='bbox 1362 3085 1430 3144; x_wconf 90' lang='lat' dir='ltr'><strong>de</strong></span> <span class='ocrx_word' id='word_1_351' title='bbox 1476 3086 1607 3159; x_wconf 88' lang='lat' dir='ltr'><strong>ipsis</strong></span> <span class='ocrx_word' id='word_1_352' title='bbox 1648 3087 1871 3144; x_wconf 81' lang='lat' dir='ltr'><strong>habent.</strong></span> <span class='ocrx_word' id='word_1_353' title='bbox 1911 3086 2164 3155; x_wconf 86' lang='lat' dir='ltr'><strong>Quotidie</strong></span> 
     </span>
    </p>
   </div>
   <div class='ocr_carea' id='block_1_46' title="bbox 568 3171 2238 3252">
    <p class='ocr_par' dir='ltr' id='par_1_46' title="bbox 568 3171 2238 3252">
     <span class='ocr_line' id='line_1_46' title="bbox 568 3171 2238 3252; baseline -0.001 -18"><span class='ocrx_word' id='word_1_354' title='bbox 568 3180 832 3238; x_wconf 87' lang='lat' dir='ltr'><strong>decrescit</strong></span> <span class='ocrx_word' id='word_1_355' title='bbox 868 3179 976 3235; x_wconf 89' lang='lat' dir='ltr'><strong>vita</strong></span> <span class='ocrx_word' id='word_1_356' title='bbox 1007 3194 1245 3251; x_wconf 74' lang='lat' dir='ltr'><strong>prtesens</strong></span> <span class='ocrx_word' id='word_1_357' title='bbox 1265 3195 1430 3252; x_wconf 90' lang='lat' dir='ltr'><strong>quam</strong></span> <span class='ocrx_word' id='word_1_358' title='bbox 1456 3188 1676 3235; x_wconf 89' lang='lat' dir='ltr'><strong>amant:</strong></span> <span class='ocrx_word' id='word_1_359' title='bbox 1707 3178 2023 3235; x_wconf 88' lang='lat' dir='ltr'><strong>indellciens</strong></span> <span class='ocrx_word' id='word_1_360' title='bbox 2046 3195 2162 3234; x_wconf 87' lang='lat' dir='ltr'><strong>ma-</strong></span> <span class='ocrx_word' id='word_1_361' title='bbox 2191 3171 2238 3233; x_wconf 88' lang='lat' dir='ltr'><strong>C</strong></span> 
     </span>
    </p>
   </div>
   <div class='ocr_carea' id='block_1_47' title="bbox 571 3271 2158 3344">
    <p class='ocr_par' dir='ltr' id='par_1_47' title="bbox 571 3271 2158 3344">
     <span class='ocr_line' id='line_1_47' title="bbox 571 3271 2158 3344; baseline -0.001 -16"><span class='ocrx_word' id='word_1_362' title='bbox 571 3274 720 3328; x_wconf 90' lang='lat' dir='ltr'><strong>nebit</strong></span> <span class='ocrx_word' id='word_1_363' title='bbox 754 3273 855 3329; x_wconf 89' lang='lat' dir='ltr'><strong>sibi</strong></span> <span class='ocrx_word' id='word_1_364' title='bbox 886 3288 1065 3343; x_wconf 66' lang='lat' dir='ltr'><strong>poena,</strong></span> <span class='ocrx_word' id='word_1_365' title='bbox 1094 3288 1257 3343; x_wconf 89' lang='lat' dir='ltr'><strong>quam</strong></span> <span class='ocrx_word' id='word_1_366' title='bbox 1288 3280 1503 3344; x_wconf 88' lang='lat' dir='ltr'><strong>parant.</strong></span> <span class='ocrx_word' id='word_1_367' title='bbox 1536 3272 1824 3328; x_wconf 83' lang='lat' dir='ltr'><strong>Lubricum</strong></span> <span class='ocrx_word' id='word_1_368' title='bbox 1857 3287 1980 3328; x_wconf 90' lang='lat' dir='ltr'><strong>cum</strong></span> <span class='ocrx_word' id='word_1_369' title='bbox 2020 3271 2158 3327; x_wconf 88' lang='lat' dir='ltr'><strong>labi-</strong></span> 
     </span>
    </p>
   </div>
   <div class='ocr_carea' id='block_1_48' title="bbox 569 3366 2157 3439">
    <p class='ocr_par' dir='ltr' id='par_1_48' title="bbox 569 3366 2157 3439">
     <span class='ocr_line' id='line_1_48' title="bbox 569 3366 2157 3439; baseline -0.003 -15"><span class='ocrx_word' id='word_1_370' title='bbox 569 3370 711 3426; x_wconf 70' lang='lat' dir='ltr'><strong>tur&#39;l</strong></span> <span class='ocrx_word' id='word_1_371' title='bbox 742 3377 1002 3426; x_wconf 89' lang='lat' dir='ltr'><strong>conantes</strong></span> <span class='ocrx_word' id='word_1_372' title='bbox 1031 3369 1319 3439; x_wconf 68' lang='lat' dir='ltr'><strong>colligere,</strong></span> <span class='ocrx_word' id='word_1_373' title='bbox 1372 3376 1428 3425; x_wconf 88' lang='lat' dir='ltr'><strong>et</strong></span> <span class='ocrx_word' id='word_1_374' title='bbox 1475 3369 1581 3424; x_wconf 91' lang='lat' dir='ltr'><strong>hoc</strong></span> <span class='ocrx_word' id='word_1_375' title='bbox 1630 3368 1774 3439; x_wconf 90' lang='lat' dir='ltr'><strong>quod</strong></span> <span class='ocrx_word' id='word_1_376' title='bbox 1821 3382 1944 3423; x_wconf 90' lang='lat' dir='ltr'><strong>sese</strong></span> <span class='ocrx_word' id='word_1_377' title='bbox 1987 3366 2157 3435; x_wconf 90' lang='lat' dir='ltr'><strong>ducit,</strong></span> 
     </span>
    </p>
   </div>
   <div class='ocr_carea' id='block_1_49' title="bbox 569 3456 2161 3515">
    <p class='ocr_par' dir='ltr' id='par_1_49' title="bbox 569 3456 2161 3515">
     <span class='ocr_line' id='line_1_49' title="bbox 569 3456 2161 3515; baseline 0 -2"><span class='ocrx_word' id='word_1_378' title='bbox 569 3460 747 3515; x_wconf 90' lang='lat' dir='ltr'><strong>minus</strong></span> <span class='ocrx_word' id='word_1_379' title='bbox 779 3469 803 3495; x_wconf 72' lang='grc' dir='ltr'>ε</span> <span class='ocrx_word' id='word_1_380' title='bbox 836 3459 1029 3513; x_wconf 89' lang='lat' dir='ltr'><strong>timent</strong></span> <span class='ocrx_word' id='word_1_381' title='bbox 1070 3458 1309 3514; x_wconf 87' lang='lat' dir='ltr'><strong>credere.</strong></span> <span class='ocrx_word' id='word_1_382' title='bbox 1362 3456 1672 3512; x_wconf 75' lang='lat' dir='ltr'><strong>Dilexerunt</strong></span> <span class='ocrx_word' id='word_1_383' title='bbox 1716 3457 1951 3513; x_wconf 83' lang='lat' dir='ltr'><strong>tenebras</strong></span> <span class='ocrx_word' id='word_1_384' title='bbox 1994 3464 2161 3513; x_wconf 89' lang='lat' dir='ltr'><strong>tetras</strong></span> 
     </span>
    </p>
   </div>
   <div class='ocr_carea' id='block_1_50' title="bbox 569 3547 2158 3621">
    <p class='ocr_par' dir='ltr' id='par_1_50' title="bbox 569 3547 2158 3621">
     <span class='ocr_line' id='line_1_50' title="bbox 569 3547 2158 3621; baseline -0.001 -17"><span class='ocrx_word' id='word_1_385' title='bbox 569 3550 761 3621; x_wconf 86' lang='lat' dir='ltr'><strong>magis,</strong></span> <span class='ocrx_word' id='word_1_386' title='bbox 802 3566 956 3621; x_wconf 82' lang='lat' dir='ltr'><strong>quam</strong></span> <span class='ocrx_word' id='word_1_387' title='bbox 985 3550 1149 3603; x_wconf 77' lang='lat' dir='ltr'><strong>lucem</strong></span> <span class='ocrx_word' id='word_1_388' title='bbox 1197 3549 1376 3621; x_wconf 85' lang='lat' dir='ltr'><strong>(Joan.</strong></span> <span class='ocrx_word' id='word_1_389' title='bbox 1422 3565 1476 3604; x_wconf 88' lang='lat' dir='ltr'><strong>nt</strong></span> <span class='ocrx_word' id='word_1_390' title='bbox 1497 3589 1512 3615; x_wconf 91' lang='lat'><strong>,</strong></span> <span class='ocrx_word' id='word_1_391' title='bbox 1545 3549 1658 3618; x_wconf 83' lang='lat' dir='ltr'><strong>l9).</strong></span> <span class='ocrx_word' id='word_1_392' title='bbox 1689 3547 1893 3603; x_wconf 87' lang='lat' dir='ltr'><strong>Imitari</strong></span> <span class='ocrx_word' id='word_1_393' title='bbox 1921 3556 2158 3603; x_wconf 81' lang='lat' dir='ltr'><strong>contem-</strong></span> 
     </span>
    </p>
   </div>
   <div class='ocr_carea' id='block_1_51' title="bbox 571 3641 2158 3710">
    <p class='ocr_par' dir='ltr' id='par_1_51' title="bbox 571 3641 2158 3710">
     <span class='ocr_line' id='line_1_51' title="bbox 571 3641 2158 3710; baseline 0 -14"><span class='ocrx_word' id='word_1_394' title='bbox 571 3650 705 3697; x_wconf 90' lang='lat' dir='ltr'><strong>nunt</strong></span> <span class='ocrx_word' id='word_1_395' title='bbox 727 3645 849 3697; x_wconf 74' lang='lat' dir='ltr'><strong>v&#39;ta:</strong></span> <span class='ocrx_word' id='word_1_396' title='bbox 870 3641 1154 3697; x_wconf 87' lang='lat' dir='ltr'><strong>Dominum</strong></span> <span class='ocrx_word' id='word_1_397' title='bbox 1181 3642 1394 3697; x_wconf 91' lang='lat' dir='ltr'><strong>ducem.</strong></span> <span class='ocrx_word' id='word_1_398' title='bbox 1420 3641 1578 3696; x_wconf 85' lang='lat' dir='ltr'><strong>Velut</strong></span> <span class='ocrx_word' id='word_1_399' title='bbox 1606 3642 1657 3696; x_wconf 94' lang='lat' dir='ltr'><strong>in</strong></span> <span class='ocrx_word' id='word_1_400' title='bbox 1681 3641 1886 3697; x_wconf 88' lang='lat' dir='ltr'><strong>somnis</strong></span> <span class='ocrx_word' id='word_1_401' title='bbox 1911 3650 2158 3710; x_wconf 77' lang='lat' dir='ltr'><strong>regnent,</strong></span> 
     </span>
    </p>
   </div>
   <div class='ocr_carea' id='block_1_52' title="bbox 568 3728 2161 3798">
    <p class='ocr_par' dir='ltr' id='par_1_52' title="bbox 568 3728 2161 3798">
     <span class='ocr_line' id='line_1_52' title="bbox 568 3728 2161 3798; baseline 0.001 -9"><span class='ocrx_word' id='word_1_402' title='bbox 568 3750 675 3790; x_wconf 86' lang='lat' dir='ltr'><strong>una</strong></span> <span class='ocrx_word' id='word_1_403' title='bbox 704 3749 800 3791; x_wconf 89' lang='lat' dir='ltr'><strong>ora</strong></span> <span class='ocrx_word' id='word_1_404' title='bbox 849 3733 1127 3798; x_wconf 74' lang='lat' dir='ltr'><strong>lzrtantur;</strong></span> <span class='ocrx_word' id='word_1_405' title='bbox 1176 3732 1270 3791; x_wconf 89' lang='lat' dir='ltr'><strong>sed</strong></span> <span class='ocrx_word' id='word_1_406' title='bbox 1300 3728 1507 3789; x_wconf 74' lang='lat' dir='ltr'><strong>aeterna</strong></span> <span class='ocrx_word' id='word_1_407' title='bbox 1538 3742 1808 3789; x_wconf 90' lang='lat' dir='ltr'><strong>tormenta</strong></span> <span class='ocrx_word' id='word_1_408' title='bbox 1854 3734 2029 3791; x_wconf 89' lang='lat' dir='ltr'><strong>adhuc</strong></span> <span class='ocrx_word' id='word_1_409' title='bbox 2055 3735 2161 3791; x_wconf 91' lang='lat' dir='ltr'><strong>illis</strong></span> 
     </span>
    </p>
   </div>
   <div class='ocr_carea' id='block_1_53' title="bbox 642 3913 2159 3984">
    <p class='ocr_par' dir='ltr' id='par_1_53' title="bbox 642 3913 2159 3984">
     <span class='ocr_line' id='line_1_53' title="bbox 642 3913 2159 3984; baseline 0.006 -17"><span class='ocrx_word' id='word_1_410' title='bbox 642 3913 840 3984; x_wconf 15' lang='lat' dir='ltr'><strong>“illanc</strong></span> <span class='ocrx_word' id='word_1_411' title='bbox 867 3915 1151 3984; x_wconf 84' lang='lat' dir='ltr'><strong>epistolam</strong></span> <span class='ocrx_word' id='word_1_412' title='bbox 1193 3915 1396 3983; x_wconf 88' lang='lat' dir='ltr'><strong>primus</strong></span> <span class='ocrx_word' id='word_1_413' title='bbox 1424 3924 1480 3971; x_wconf 88' lang='lat' dir='ltr'><strong>et</strong></span> <span class='ocrx_word' id='word_1_414' title='bbox 1508 3933 1645 3972; x_wconf 85' lang='lat' dir='ltr'><strong>unus</strong></span> <span class='ocrx_word' id='word_1_415' title='bbox 1674 3918 1839 3973; x_wconf 88' lang='lat' dir='ltr'><strong>edidit</strong></span> <span class='ocrx_word' id='word_1_416' title='bbox 1870 3918 2159 3976; x_wconf 88' lang='lat' dir='ltr'><strong>Golstadus</strong></span> 
     </span>
    </p>
   </div>
   <div class='ocr_carea' id='block_1_54' title="bbox 568 3983 2154 4056">
    <p class='ocr_par' dir='ltr' id='par_1_54' title="bbox 568 3983 2154 4056">
     <span class='ocr_line' id='line_1_54' title="bbox 568 3983 2154 4056; baseline 0.006 -19"><span class='ocrx_word' id='word_1_417' title='bbox 568 4001 635 4038; x_wconf 72' lang='lat' dir='ltr'><strong>es</strong></span> <span class='ocrx_word' id='word_1_418' title='bbox 669 3983 764 4039; x_wconf 80' lang='lat' dir='ltr'><strong>Ms.</strong></span> <span class='ocrx_word' id='word_1_419' title='bbox 783 3983 983 4056; x_wconf 82' lang='lat' dir='ltr'><strong>Codice</strong></span> <span class='ocrx_word' id='word_1_420' title='bbox 1000 3986 1340 4041; x_wconf 66' lang='lat' dir='ltr'><strong>bibliotheca:</strong></span> <span class='ocrx_word' id='word_1_421' title='bbox 1363 3988 1675 4043; x_wconf 85' lang='lat' dir='ltr'><strong>monasterii</strong></span> <span class='ocrx_word' id='word_1_422' title='bbox 1696 3988 1755 4044; x_wconf 89' lang='lat' dir='ltr'><strong>S.</strong></span> <span class='ocrx_word' id='word_1_423' title='bbox 1770 3989 1927 4056; x_wconf 85' lang='lat' dir='ltr'><strong>Galli,</strong></span> <span class='ocrx_word' id='word_1_424' title='bbox 1950 4000 2154 4045; x_wconf 82' lang='lat' dir='ltr'><strong>exstat-</strong></span> 
     </span>
    </p>
   </div>
   <div class='ocr_carea' id='block_1_55' title="bbox 568 4054 2149 4179">
    <p class='ocr_par' dir='ltr' id='par_1_55' title="bbox 568 4054 2149 4179">
     <span class='ocr_line' id='line_1_55' title="bbox 568 4054 2149 4179; baseline 0.008 -74"><span class='ocrx_word' id='word_1_425' title='bbox 706 4054 921 4179; x_wconf 49' lang='lat' dir='ltr'><strong>;n‘sejus</strong></span> <span class='ocrx_word' id='word_1_426' title='bbox 967 4056 1407 4112; x_wconf 76' lang='lat' dir='ltr'><strong>l’arwneticorum</strong></span> <span class='ocrx_word' id='word_1_427' title='bbox 1449 4068 1673 4114; x_wconf 84' lang='lat' dir='ltr'><strong>veterum</strong></span> <span class='ocrx_word' id='word_1_428' title='bbox 1722 4069 1864 4130; x_wconf 89' lang='lat' dir='ltr'><strong>part.</strong></span> <span class='ocrx_word' id='word_1_429' title='bbox 1895 4054 1944 4127; x_wconf 54' lang='grc' dir='ltr'><strong>ι’,</strong></span> <span class='ocrx_word' id='word_1_430' title='bbox 1993 4076 2149 4133; x_wconf 74' lang='lat' dir='ltr'><strong>pagg.</strong></span> 
     </span>
    </p>
   </div>
   <div class='ocr_carea' id='block_1_56' title="bbox 2268 1899 3843 1973">
    <p class='ocr_par' dir='ltr' id='par_1_56' title="bbox 2268 1899 3843 1973">
     <span class='ocr_line' id='line_1_56' title="bbox 2268 1899 3843 1973; baseline 0 -18"><span class='ocrx_word' id='word_1_431' title='bbox 2268 1917 2621 1973; x_wconf 84' lang='lat' dir='ltr'><strong>quoscunque</strong></span> <span class='ocrx_word' id='word_1_432' title='bbox 2647 1901 2847 1959; x_wconf 88' lang='lat' dir='ltr'><strong>videris</strong></span> <span class='ocrx_word' id='word_1_433' title='bbox 2886 1900 3064 1957; x_wconf 89' lang='lat' dir='ltr'><strong>ridere</strong></span> <span class='ocrx_word' id='word_1_434' title='bbox 3101 1901 3353 1967; x_wconf 89' lang='lat' dir='ltr'><strong>inaniter,</strong></span> <span class='ocrx_word' id='word_1_435' title='bbox 3378 1901 3516 1957; x_wconf 89' lang='lat' dir='ltr'><strong>scito</strong></span> <span class='ocrx_word' id='word_1_436' title='bbox 3546 1902 3598 1956; x_wconf 91' lang='lat' dir='ltr'><strong>in</strong></span> <span class='ocrx_word' id='word_1_437' title='bbox 3628 1899 3843 1956; x_wconf 81' lang='lat' dir='ltr'><strong>novissi-</strong></span> 
     </span>
    </p>
   </div>
   <div class='ocr_carea' id='block_1_57' title="bbox 2268 1994 3075 2067">
    <p class='ocr_par' dir='ltr' id='par_1_57' title="bbox 2268 1994 3075 2067">
     <span class='ocr_line' id='line_1_57' title="bbox 2268 1994 3075 2067; baseline 0.001 -19"><span class='ocrx_word' id='word_1_438' title='bbox 2268 1995 2369 2050; x_wconf 90' lang='lat' dir='ltr'><strong>mis</strong></span> <span class='ocrx_word' id='word_1_439' title='bbox 2395 1994 2540 2067; x_wconf 91' lang='lat' dir='ltr'><strong>quod</strong></span> <span class='ocrx_word' id='word_1_440' title='bbox 2568 1994 2774 2050; x_wconf 86' lang='lat' dir='ltr'><strong>flebunt</strong></span> <span class='ocrx_word' id='word_1_441' title='bbox 2800 1994 3075 2049; x_wconf 84' lang='lat' dir='ltr'><strong>antariter.</strong></span> 
     </span>
    </p>
   </div>
   <div class='ocr_carea' id='block_1_58' title="bbox 2339 2086 3844 2160">
    <p class='ocr_par' dir='ltr' id='par_1_58' title="bbox 2339 2086 3844 2160">
     <span class='ocr_line' id='line_1_58' title="bbox 2339 2086 3844 2160; baseline -0.003 -16"><span class='ocrx_word' id='word_1_442' title='bbox 2339 2089 2425 2144; x_wconf 77' lang='grc' dir='ltr'><strong>ιιι.</strong></span> <span class='ocrx_word' id='word_1_443' title='bbox 2463 2089 2756 2160; x_wconf 90' lang='lat' dir='ltr'><strong>Conspice,</strong></span> <span class='ocrx_word' id='word_1_444' title='bbox 2793 2088 3131 2153; x_wconf 86' lang='lat' dir='ltr'><strong>charissime,</strong></span> <span class='ocrx_word' id='word_1_445' title='bbox 3179 2087 3259 2144; x_wconf 92' lang='lat' dir='ltr'><strong>sic</strong></span> <span class='ocrx_word' id='word_1_446' title='bbox 3288 2102 3409 2144; x_wconf 88' lang='lat' dir='ltr'><strong>esse</strong></span> <span class='ocrx_word' id='word_1_447' title='bbox 3438 2086 3752 2151; x_wconf 84' lang='lat' dir='ltr'><strong>libidinem,</strong></span> <span class='ocrx_word' id='word_1_448' title='bbox 3797 2096 3844 2141; x_wconf 89' lang='lat' dir='ltr'><strong>ut</strong></span> 
     </span>
    </p>
   </div>
   <div class='ocr_carea' id='block_1_59' title="bbox 2268 2177 3842 2251">
    <p class='ocr_par' dir='ltr' id='par_1_59' title="bbox 2268 2177 3842 2251">
     <span class='ocr_line' id='line_1_59' title="bbox 2268 2177 3842 2251; baseline -0.003 -16"><span class='ocrx_word' id='word_1_449' title='bbox 2268 2196 2506 2236; x_wconf 80' lang='lat' dir='ltr'><strong>morsum</strong></span> <span class='ocrx_word' id='word_1_450' title='bbox 2532 2180 2887 2247; x_wconf 90' lang='lat' dir='ltr'><strong>mortiferum,</strong></span> <span class='ocrx_word' id='word_1_451' title='bbox 2924 2178 2941 2217; x_wconf 75' lang='grc' dir='ltr'><strong>ί</strong></span> <span class='ocrx_word' id='word_1_452' title='bbox 2973 2178 3116 2251; x_wconf 87' lang='lat' dir='ltr'><strong>quod</strong></span> <span class='ocrx_word' id='word_1_453' title='bbox 3145 2178 3311 2235; x_wconf 89' lang='lat' dir='ltr'><strong>vincit</strong></span> <span class='ocrx_word' id='word_1_454' title='bbox 3338 2178 3707 2235; x_wconf 87' lang='lat' dir='ltr'><strong>dulcedinem.</strong></span> <span class='ocrx_word' id='word_1_455' title='bbox 3740 2177 3842 2232; x_wconf 80' lang='lat' dir='ltr'><strong>Noli</strong></span> 
     </span>
    </p>
   </div>
   <div class='ocr_carea' id='block_1_60' title="bbox 2267 2272 3845 2345">
    <p class='ocr_par' dir='ltr' id='par_1_60' title="bbox 2267 2272 3845 2345">
     <span class='ocr_line' id='line_1_60' title="bbox 2267 2272 3845 2345; baseline -0.002 -16"><span class='ocrx_word' id='word_1_456' title='bbox 2267 2290 2471 2345; x_wconf 87' lang='lat' dir='ltr'><strong>pronus</strong></span> <span class='ocrx_word' id='word_1_457' title='bbox 2499 2289 2723 2345; x_wconf 72' lang='lat' dir='ltr'><strong>pergere</strong></span> <span class='ocrx_word' id='word_1_458' title='bbox 2750 2289 2848 2345; x_wconf 91' lang='lat' dir='ltr'><strong>per</strong></span> <span class='ocrx_word' id='word_1_459' title='bbox 2874 2274 2992 2330; x_wconf 91' lang='lat' dir='ltr'><strong>vias</strong></span> <span class='ocrx_word' id='word_1_460' title='bbox 3018 2274 3328 2328; x_wconf 85' lang='lat' dir='ltr'><strong>mortalium</strong></span> <span class='ocrx_word' id='word_1_461' title='bbox 3363 2292 3376 2327; x_wconf 93' lang='lat'>:</span> <span class='ocrx_word' id='word_1_462' title='bbox 3408 2283 3434 2321; x_wconf 74' lang='grc' dir='ltr'><strong><em>κ</em></strong></span> <span class='ocrx_word' id='word_1_463' title='bbox 3465 2288 3629 2344; x_wconf 89' lang='lat' dir='ltr'><strong>quam</strong></span> <span class='ocrx_word' id='word_1_464' title='bbox 3678 2272 3845 2327; x_wconf 80' lang='lat' dir='ltr'><strong>multis</strong></span> 
     </span>
    </p>
   </div>
   <div class='ocr_carea' id='block_1_61' title="bbox 2266 2365 3845 2439">
    <p class='ocr_par' dir='ltr' id='par_1_61' title="bbox 2266 2365 3845 2439">
     <span class='ocr_line' id='line_1_61' title="bbox 2266 2365 3845 2439; baseline -0.003 -15"><span class='ocrx_word' id='word_1_465' title='bbox 2266 2368 2514 2425; x_wconf 87' lang='lat' dir='ltr'><strong>evenisse</strong></span> <span class='ocrx_word' id='word_1_466' title='bbox 2554 2368 2824 2439; x_wconf 90' lang='lat' dir='ltr'><strong>conspicis</strong></span> <span class='ocrx_word' id='word_1_467' title='bbox 2868 2365 3224 2439; x_wconf 87' lang='lat' dir='ltr'><strong>naufragium.</strong></span> <span class='ocrx_word' id='word_1_468' title='bbox 3256 2366 3425 2438; x_wconf 77' lang='lat' dir='ltr'><strong>Perge</strong></span> <span class='ocrx_word' id='word_1_469' title='bbox 3465 2368 3605 2424; x_wconf 89' lang='lat' dir='ltr'><strong>inter</strong></span> <span class='ocrx_word' id='word_1_470' title='bbox 3632 2367 3845 2437; x_wconf 81' lang='lat' dir='ltr'><strong>laqueos</strong></span> 
     </span>
    </p>
   </div>
   <div class='ocr_carea' id='block_1_62' title="bbox 2265 2459 3845 2533">
    <p class='ocr_par' dir='ltr' id='par_1_62' title="bbox 2265 2459 3845 2533">
     <span class='ocr_line' id='line_1_62' title="bbox 2265 2459 3845 2533; baseline -0.002 -16"><span class='ocrx_word' id='word_1_471' title='bbox 2265 2477 2389 2517; x_wconf 86' lang='lat' dir='ltr'><strong>eum</strong></span> <span class='ocrx_word' id='word_1_472' title='bbox 2435 2461 2711 2533; x_wconf 89' lang='lat' dir='ltr'><strong>suspensis</strong></span> <span class='ocrx_word' id='word_1_473' title='bbox 2762 2459 3008 2530; x_wconf 86' lang='lat' dir='ltr'><strong>pedibus,</strong></span> <span class='ocrx_word' id='word_1_474' title='bbox 3063 2476 3164 2532; x_wconf 90' lang='lat' dir='ltr'><strong>per</strong></span> <span class='ocrx_word' id='word_1_475' title='bbox 3207 2476 3346 2531; x_wconf 90' lang='lat' dir='ltr'><strong>quos</strong></span> <span class='ocrx_word' id='word_1_476' title='bbox 3398 2468 3589 2531; x_wconf 89' lang='lat' dir='ltr'><strong>captos</strong></span> <span class='ocrx_word' id='word_1_477' title='bbox 3631 2469 3845 2515; x_wconf 67' lang='lat' dir='ltr'><strong>caeteros</strong></span> 
     </span>
    </p>
   </div>
   <div class='ocr_carea' id='block_1_63' title="bbox 2266 2551 3845 2622">
    <p class='ocr_par' dir='ltr' id='par_1_63' title="bbox 2266 2551 3845 2622">
     <span class='ocr_line' id='line_1_63' title="bbox 2266 2551 3845 2622; baseline -0.001 -15"><span class='ocrx_word' id='word_1_478' title='bbox 2266 2553 2514 2608; x_wconf 86' lang='lat' dir='ltr'><strong>incautos</strong></span> <span class='ocrx_word' id='word_1_479' title='bbox 2541 2551 2922 2622; x_wconf 88' lang='lat' dir='ltr'><strong>comperimus.</strong></span> <span class='ocrx_word' id='word_1_480' title='bbox 2956 2552 3034 2608; x_wconf 88' lang='lat' dir='ltr'><strong>De</strong></span> <span class='ocrx_word' id='word_1_481' title='bbox 3076 2552 3307 2608; x_wconf 88' lang='lat' dir='ltr'><strong>terrenis</strong></span> <span class='ocrx_word' id='word_1_482' title='bbox 3351 2551 3506 2608; x_wconf 85' lang='lat' dir='ltr'><strong>eleva</strong></span> <span class='ocrx_word' id='word_1_483' title='bbox 3554 2551 3627 2608; x_wconf 93' lang='lat' dir='ltr'><strong>tui</strong></span> <span class='ocrx_word' id='word_1_484' title='bbox 3681 2551 3845 2608; x_wconf 83' lang='lat' dir='ltr'><strong>cordis</strong></span> 
     </span>
    </p>
   </div>
   <div class='ocr_carea' id='block_1_64' title="bbox 2267 2643 3841 2717">
    <p class='ocr_par' dir='ltr' id='par_1_64' title="bbox 2267 2643 3841 2717">
     <span class='ocr_line' id='line_1_64' title="bbox 2267 2643 3841 2717; baseline 0 -18"><span class='ocrx_word' id='word_1_485' title='bbox 2267 2644 2456 2700; x_wconf 89' lang='lat' dir='ltr'><strong>oculos</strong></span> <span class='ocrx_word' id='word_1_486' title='bbox 2479 2662 2493 2697; x_wconf 90' lang='lat'><strong>:</strong></span> <span class='ocrx_word' id='word_1_487' title='bbox 2521 2658 2641 2699; x_wconf 88' lang='lat' dir='ltr'><strong>ama</strong></span> <span class='ocrx_word' id='word_1_488' title='bbox 2662 2643 3065 2701; x_wconf 89' lang='lat' dir='ltr'><strong>amantissimos</strong></span> <span class='ocrx_word' id='word_1_489' title='bbox 3085 2644 3401 2715; x_wconf 84' lang='lat' dir='ltr'><strong>angelorum</strong></span> <span class='ocrx_word' id='word_1_490' title='bbox 3426 2644 3680 2717; x_wconf 88' lang='lat' dir='ltr'><strong>populos.</strong></span> <span class='ocrx_word' id='word_1_491' title='bbox 3694 2645 3841 2701; x_wconf 77' lang='lat' dir='ltr'><strong>Beata</strong></span> 
     </span>
    </p>
   </div>
   <div class='ocr_carea' id='block_1_65' title="bbox 2268 2734 3843 2806">
    <p class='ocr_par' dir='ltr' id='par_1_65' title="bbox 2268 2734 3843 2806">
     <span class='ocr_line' id='line_1_65' title="bbox 2268 2734 3843 2806; baseline 0.001 -16"><span class='ocrx_word' id='word_1_492' title='bbox 2268 2734 2468 2792; x_wconf 73' lang='lat' dir='ltr'><strong>familia</strong></span> <span class='ocrx_word' id='word_1_493' title='bbox 2495 2751 2615 2806; x_wconf 75' lang='lat' dir='ltr'><strong>qua:</strong></span> <span class='ocrx_word' id='word_1_494' title='bbox 2654 2736 2707 2791; x_wconf 92' lang='lat' dir='ltr'><strong>in</strong></span> <span class='ocrx_word' id='word_1_495' title='bbox 2736 2736 2859 2793; x_wconf 89' lang='lat' dir='ltr'><strong>altis</strong></span> <span class='ocrx_word' id='word_1_496' title='bbox 2886 2736 3122 2800; x_wconf 86' lang='lat' dir='ltr'><strong>habitat,</strong></span> <span class='ocrx_word' id='word_1_497' title='bbox 3155 2736 3245 2792; x_wconf 92' lang='lat' dir='ltr'><strong>ubi</strong></span> <span class='ocrx_word' id='word_1_498' title='bbox 3290 2751 3456 2791; x_wconf 89' lang='lat' dir='ltr'><strong>senex</strong></span> <span class='ocrx_word' id='word_1_499' title='bbox 3502 2751 3611 2793; x_wconf 89' lang='lat' dir='ltr'><strong>non</strong></span> <span class='ocrx_word' id='word_1_500' title='bbox 3654 2748 3843 2806; x_wconf 86' lang='lat' dir='ltr'><strong>gemat,</strong></span> 
     </span>
    </p>
   </div>
   <div class='ocr_carea' id='block_1_66' title="bbox 2268 2826 3843 2899">
    <p class='ocr_par' dir='ltr' id='par_1_66' title="bbox 2268 2826 3843 2899">
     <span class='ocr_line' id='line_1_66' title="bbox 2268 2826 3843 2899; baseline -0.002 -16"><span class='ocrx_word' id='word_1_501' title='bbox 2268 2841 2448 2899; x_wconf 89' lang='lat' dir='ltr'><strong>neque</strong></span> <span class='ocrx_word' id='word_1_502' title='bbox 2487 2827 2662 2883; x_wconf 88' lang='lat' dir='ltr'><strong>infans</strong></span> <span class='ocrx_word' id='word_1_503' title='bbox 2686 2827 2907 2896; x_wconf 84' lang='lat' dir='ltr'><strong>vagiat:</strong></span> <span class='ocrx_word' id='word_1_504' title='bbox 2941 2827 3033 2884; x_wconf 91' lang='lat' dir='ltr'><strong>ubi</strong></span> <span class='ocrx_word' id='word_1_505' title='bbox 3077 2827 3268 2884; x_wconf 91' lang='lat' dir='ltr'><strong>laudes</strong></span> <span class='ocrx_word' id='word_1_506' title='bbox 3314 2826 3526 2883; x_wconf 89' lang='lat' dir='ltr'><strong>Domini</strong></span> <span class='ocrx_word' id='word_1_507' title='bbox 3576 2826 3723 2882; x_wconf 88' lang='lat' dir='ltr'><strong>nulla</strong></span> <span class='ocrx_word' id='word_1_508' title='bbox 3750 2841 3843 2881; x_wconf 83' lang='lat' dir='ltr'><strong>vox</strong></span> 
     </span>
    </p>
   </div>
   <div class='ocr_carea' id='block_1_67' title="bbox 2268 2916 3842 2991">
    <p class='ocr_par' dir='ltr' id='par_1_67' title="bbox 2268 2916 3842 2991">
     <span class='ocr_line' id='line_1_67' title="bbox 2268 2916 3842 2991; baseline -0.002 -18"><span class='ocrx_word' id='word_1_509' title='bbox 2268 2918 2466 2973; x_wconf 85' lang='lat' dir='ltr'><strong>retinet</strong></span> <span class='ocrx_word' id='word_1_510' title='bbox 2494 2917 2597 2991; x_wconf 76' lang='lat' dir='ltr'><strong>[An</strong></span> <span class='ocrx_word' id='word_1_511' title='bbox 2615 2918 2804 2974; x_wconf 88' lang='lat' dir='ltr'><strong>reticet</strong></span> <span class='ocrx_word' id='word_1_512' title='bbox 2819 2916 2868 2990; x_wconf 72' lang='grc'><strong>2]</strong></span> <span class='ocrx_word' id='word_1_513' title='bbox 2900 2936 2914 2972; x_wconf 92' lang='lat'><strong>:</strong></span> <span class='ocrx_word' id='word_1_514' title='bbox 2941 2918 3029 2974; x_wconf 88' lang='lat' dir='ltr'><strong>ubi</strong></span> <span class='ocrx_word' id='word_1_515' title='bbox 3052 2933 3159 2973; x_wconf 92' lang='lat' dir='ltr'><strong>non</strong></span> <span class='ocrx_word' id='word_1_516' title='bbox 3181 2919 3438 2985; x_wconf 88' lang='lat' dir='ltr'><strong>esuritur,</strong></span> <span class='ocrx_word' id='word_1_517' title='bbox 3462 2916 3553 2974; x_wconf 88' lang='lat' dir='ltr'><strong>ubi</strong></span> <span class='ocrx_word' id='word_1_518' title='bbox 3580 2932 3842 2989; x_wconf 84' lang='lat' dir='ltr'><strong>nunquam</strong></span> 
     </span>
    </p>
   </div>
   <div class='ocr_carea' id='block_1_68' title="bbox 2267 3008 3840 3082">
    <p class='ocr_par' dir='ltr' id='par_1_68' title="bbox 2267 3008 3840 3082">
     <span class='ocr_line' id='line_1_68' title="bbox 2267 3008 3840 3082; baseline -0.003 -16"><span class='ocrx_word' id='word_1_519' title='bbox 2267 3010 2447 3066; x_wconf 90' lang='lat' dir='ltr'><strong>sititur</strong></span> <span class='ocrx_word' id='word_1_520' title='bbox 2475 3027 2489 3063; x_wconf 92' lang='lat'>:</span> <span class='ocrx_word' id='word_1_521' title='bbox 2520 3008 2610 3065; x_wconf 89' lang='lat' dir='ltr'><strong>ubi</strong></span> <span class='ocrx_word' id='word_1_522' title='bbox 2647 3009 2771 3066; x_wconf 89' lang='lat' dir='ltr'><strong>cibo</strong></span> <span class='ocrx_word' id='word_1_523' title='bbox 2818 3025 3052 3082; x_wconf 90' lang='lat' dir='ltr'><strong>superno</strong></span> <span class='ocrx_word' id='word_1_524' title='bbox 3100 3010 3252 3082; x_wconf 85' lang='lat' dir='ltr'><strong>plebs</strong></span> <span class='ocrx_word' id='word_1_525' title='bbox 3295 3010 3530 3067; x_wconf 67' lang='lat' dir='ltr'><strong>(celestis</strong></span> <span class='ocrx_word' id='word_1_526' title='bbox 3576 3011 3840 3082; x_wconf 82' lang='lat' dir='ltr'><strong>pascitur:</strong></span> 
     </span>
    </p>
   </div>
   <div class='ocr_carea' id='block_1_69' title="bbox 2268 3104 3841 3175">
    <p class='ocr_par' dir='ltr' id='par_1_69' title="bbox 2268 3104 3841 3175">
     <span class='ocr_line' id='line_1_69' title="bbox 2268 3104 3841 3175; baseline -0.003 -14"><span class='ocrx_word' id='word_1_527' title='bbox 2268 3105 2359 3161; x_wconf 88' lang='lat' dir='ltr'><strong>ubi</strong></span> <span class='ocrx_word' id='word_1_528' title='bbox 2389 3120 2549 3163; x_wconf 87' lang='lat' dir='ltr'><strong>nemo</strong></span> <span class='ocrx_word' id='word_1_529' title='bbox 2605 3105 2856 3175; x_wconf 90' lang='lat' dir='ltr'><strong>moritur,</strong></span> <span class='ocrx_word' id='word_1_530' title='bbox 2904 3105 3029 3175; x_wconf 90' lang='lat' dir='ltr'><strong>quia</strong></span> <span class='ocrx_word' id='word_1_531' title='bbox 3079 3120 3240 3161; x_wconf 89' lang='lat' dir='ltr'><strong>nemo</strong></span> <span class='ocrx_word' id='word_1_532' title='bbox 3285 3105 3524 3161; x_wconf 88' lang='lat' dir='ltr'><strong>nascitur</strong></span> <span class='ocrx_word' id='word_1_533' title='bbox 3555 3121 3571 3161; x_wconf 89' lang='lat'><strong>:</strong></span> <span class='ocrx_word' id='word_1_534' title='bbox 3600 3104 3693 3161; x_wconf 90' lang='lat' dir='ltr'><strong>ubi</strong></span> <span class='ocrx_word' id='word_1_535' title='bbox 3735 3104 3841 3158; x_wconf 82' lang='lat' dir='ltr'><strong>aula</strong></span> 
     </span>
    </p>
   </div>
   <div class='ocr_carea' id='block_1_70' title="bbox 2269 3194 3840 3268">
    <p class='ocr_par' dir='ltr' id='par_1_70' title="bbox 2269 3194 3840 3268">
     <span class='ocr_line' id='line_1_70' title="bbox 2269 3194 3840 3268; baseline -0.002 -16"><span class='ocrx_word' id='word_1_536' title='bbox 2269 3196 2414 3268; x_wconf 85' lang='lat' dir='ltr'><strong>regia</strong></span> <span class='ocrx_word' id='word_1_537' title='bbox 2442 3195 2680 3252; x_wconf 67' lang='lat' dir='ltr'><strong>caelestis</strong></span> <span class='ocrx_word' id='word_1_538' title='bbox 2707 3198 2966 3267; x_wconf 87' lang='lat' dir='ltr'><strong>pascitur,</strong></span> <span class='ocrx_word' id='word_1_539' title='bbox 3014 3195 3067 3251; x_wconf 92' lang='lat' dir='ltr'><strong>in</strong></span> <span class='ocrx_word' id='word_1_540' title='bbox 3096 3210 3203 3267; x_wconf 88' lang='lat' dir='ltr'><strong>qua</strong></span> <span class='ocrx_word' id='word_1_541' title='bbox 3230 3195 3372 3252; x_wconf 90' lang='lat' dir='ltr'><strong>male</strong></span> <span class='ocrx_word' id='word_1_542' title='bbox 3407 3210 3671 3252; x_wconf 83' lang='lat' dir='ltr'><strong>resonans</strong></span> <span class='ocrx_word' id='word_1_543' title='bbox 3712 3194 3840 3251; x_wconf 79' lang='lat' dir='ltr'><strong>nulla</strong></span> 
     </span>
    </p>
   </div>
   <div class='ocr_carea' id='block_1_71' title="bbox 2268 3288 3841 3359">
    <p class='ocr_par' dir='ltr' id='par_1_71' title="bbox 2268 3288 3841 3359">
     <span class='ocr_line' id='line_1_71' title="bbox 2268 3288 3841 3359; baseline -0.001 -14"><span class='ocrx_word' id='word_1_544' title='bbox 2268 3306 2376 3346; x_wconf 88' lang='lat' dir='ltr'><strong>vox</strong></span> <span class='ocrx_word' id='word_1_545' title='bbox 2402 3290 2583 3347; x_wconf 88' lang='lat' dir='ltr'><strong>audita</strong></span> <span class='ocrx_word' id='word_1_546' title='bbox 2621 3299 2741 3347; x_wconf 88' lang='lat' dir='ltr'><strong>est:</strong></span> <span class='ocrx_word' id='word_1_547' title='bbox 2774 3290 2864 3346; x_wconf 92' lang='lat' dir='ltr'><strong>ubi</strong></span> <span class='ocrx_word' id='word_1_548' title='bbox 2893 3291 3003 3344; x_wconf 87' lang='lat' dir='ltr'><strong>vita</strong></span> <span class='ocrx_word' id='word_1_549' title='bbox 3032 3288 3215 3346; x_wconf 89' lang='lat' dir='ltr'><strong>viridis</strong></span> <span class='ocrx_word' id='word_1_550' title='bbox 3253 3304 3487 3359; x_wconf 85' lang='lat' dir='ltr'><strong>veraque</strong></span> <span class='ocrx_word' id='word_1_551' title='bbox 3516 3289 3694 3344; x_wconf 86' lang='lat' dir='ltr'><strong>futura</strong></span> <span class='ocrx_word' id='word_1_552' title='bbox 3740 3298 3841 3355; x_wconf 88' lang='lat' dir='ltr'><strong>est,</strong></span> 
     </span>
    </p>
   </div>
   <div class='ocr_carea' id='block_1_72' title="bbox 2268 3381 3843 3453">
    <p class='ocr_par' dir='ltr' id='par_1_72' title="bbox 2268 3381 3843 3453">
     <span class='ocr_line' id='line_1_72' title="bbox 2268 3381 3843 3453; baseline 0 -17"><span class='ocrx_word' id='word_1_553' title='bbox 2268 3396 2428 3453; x_wconf 88' lang='lat' dir='ltr'><strong>quam</strong></span> <span class='ocrx_word' id='word_1_554' title='bbox 2471 3398 2575 3439; x_wconf 89' lang='lat' dir='ltr'><strong>nec</strong></span> <span class='ocrx_word' id='word_1_555' title='bbox 2601 3382 2789 3439; x_wconf 89' lang='lat' dir='ltr'><strong>mortis</strong></span> <span class='ocrx_word' id='word_1_556' title='bbox 2816 3397 2919 3439; x_wconf 90' lang='lat' dir='ltr'><strong>nec</strong></span> <span class='ocrx_word' id='word_1_557' title='bbox 2967 3381 3212 3437; x_wconf 74' lang='lat' dir='ltr'><strong>mmroris</strong></span> <span class='ocrx_word' id='word_1_558' title='bbox 3241 3388 3417 3437; x_wconf 90' lang='lat' dir='ltr'><strong>metus</strong></span> <span class='ocrx_word' id='word_1_559' title='bbox 3442 3389 3843 3452; x_wconf 78' lang='lat' dir='ltr'><strong>consumpturus</strong></span> 
     </span>
    </p>
   </div>
   <div class='ocr_carea' id='block_1_73' title="bbox 2269 3470 3842 3542">
    <p class='ocr_par' dir='ltr' id='par_1_73' title="bbox 2269 3470 3842 3542">
     <span class='ocr_line' id='line_1_73' title="bbox 2269 3470 3842 3542; baseline -0.002 -15"><span class='ocrx_word' id='word_1_560' title='bbox 2269 3480 2371 3529; x_wconf 87' lang='lat' dir='ltr'><strong>est.</strong></span> <span class='ocrx_word' id='word_1_561' title='bbox 2396 3472 2527 3528; x_wconf 67' lang='grc' dir='ltr'><strong>ιωιί</strong></span> <span class='ocrx_word' id='word_1_562' title='bbox 2544 3473 2691 3529; x_wconf 88' lang='lat' dir='ltr'><strong>letho</strong></span> <span class='ocrx_word' id='word_1_563' title='bbox 2710 3481 2981 3528; x_wconf 89' lang='lat' dir='ltr'><strong>transacto</strong></span> <span class='ocrx_word' id='word_1_564' title='bbox 3007 3473 3185 3527; x_wconf 80' lang='lat' dir='ltr'><strong>hetum</strong></span> <span class='ocrx_word' id='word_1_565' title='bbox 3203 3470 3402 3542; x_wconf 82' lang='lat' dir='ltr'><strong>Regem</strong></span> <span class='ocrx_word' id='word_1_566' title='bbox 3421 3471 3681 3528; x_wconf 88' lang='lat' dir='ltr'><strong>videbunt</strong></span> <span class='ocrx_word' id='word_1_567' title='bbox 3700 3486 3842 3527; x_wconf 81' lang='lat' dir='ltr'><strong>zeum</strong></span> 
     </span>
    </p>
   </div>
   <div class='ocr_carea' id='block_1_74' title="bbox 2270 3562 3843 3636">
    <p class='ocr_par' dir='ltr' id='par_1_74' title="bbox 2270 3562 3843 3636">
     <span class='ocr_line' id='line_1_74' title="bbox 2270 3562 3843 3636; baseline -0.001 -15"><span class='ocrx_word' id='word_1_568' title='bbox 2270 3572 2529 3636; x_wconf 88' lang='lat' dir='ltr'><strong>regnante</strong></span> <span class='ocrx_word' id='word_1_569' title='bbox 2549 3564 2850 3633; x_wconf 88' lang='lat' dir='ltr'><strong>regnabunt</strong></span> <span class='ocrx_word' id='word_1_570' title='bbox 2872 3582 2886 3621; x_wconf 90' lang='lat'>:</span> <span class='ocrx_word' id='word_1_571' title='bbox 2910 3580 3031 3620; x_wconf 89' lang='lat' dir='ltr'><strong>cum</strong></span> <span class='ocrx_word' id='word_1_572' title='bbox 3060 3564 3329 3634; x_wconf 88' lang='lat' dir='ltr'><strong>gaudente</strong></span> <span class='ocrx_word' id='word_1_573' title='bbox 3347 3564 3675 3634; x_wconf 79' lang='lat' dir='ltr'><strong>gaudebunt.</strong></span> <span class='ocrx_word' id='word_1_574' title='bbox 3704 3562 3843 3621; x_wconf 86' lang='lat' dir='ltr'><strong>Tunc</strong></span> 
     </span>
    </p>
   </div>
   <div class='ocr_carea' id='block_1_75' title="bbox 2267 3640 3840 3723">
    <p class='ocr_par' dir='ltr' id='par_1_75' title="bbox 2267 3640 3840 3723">
     <span class='ocr_line' id='line_1_75' title="bbox 2267 3640 3840 3723; baseline -0.003 -9"><span class='ocrx_word' id='word_1_575' title='bbox 2267 3640 2443 3719; x_wconf 84' lang='lat' dir='ltr'><strong>dolor.</strong></span> <span class='ocrx_word' id='word_1_576' title='bbox 2476 3665 2603 3713; x_wconf 85' lang='lat' dir='ltr'><strong>tunc</strong></span> <span class='ocrx_word' id='word_1_577' title='bbox 2629 3656 2867 3723; x_wconf 61' lang='lat' dir='ltr'><strong>taedium,</strong></span> <span class='ocrx_word' id='word_1_578' title='bbox 2898 3665 3028 3712; x_wconf 86' lang='lat' dir='ltr'><strong>tunc</strong></span> <span class='ocrx_word' id='word_1_579' title='bbox 3057 3656 3210 3712; x_wconf 89' lang='lat' dir='ltr'><strong>labor</strong></span> <span class='ocrx_word' id='word_1_580' title='bbox 3238 3656 3507 3713; x_wconf 91' lang='lat' dir='ltr'><strong>delebitur</strong></span> <span class='ocrx_word' id='word_1_581' title='bbox 3539 3677 3549 3710; x_wconf 92' lang='lat'>:</span> <span class='ocrx_word' id='word_1_582' title='bbox 3582 3664 3709 3712; x_wconf 93' lang='lat' dir='ltr'><strong>tunc</strong></span> <span class='ocrx_word' id='word_1_583' title='bbox 3733 3654 3840 3711; x_wconf 77' lang='lat' dir='ltr'><strong>Re:</strong></span> 
     </span>
    </p>
   </div>
   <div class='ocr_carea' id='block_1_76' title="bbox 2269 3747 3490 3821">
    <p class='ocr_par' dir='ltr' id='par_1_76' title="bbox 2269 3747 3490 3821">
     <span class='ocr_line' id='line_1_76' title="bbox 2269 3747 3490 3821; baseline -0.002 -15"><span class='ocrx_word' id='word_1_584' title='bbox 2269 3764 2477 3821; x_wconf 89' lang='lat' dir='ltr'><strong>regum,</strong></span> <span class='ocrx_word' id='word_1_585' title='bbox 2507 3747 2625 3806; x_wconf 80' lang='lat' dir='ltr'><strong>Rex</strong></span> <span class='ocrx_word' id='word_1_586' title='bbox 2653 3747 2882 3804; x_wconf 89' lang='lat' dir='ltr'><strong>mundus</strong></span> <span class='ocrx_word' id='word_1_587' title='bbox 2908 3764 2939 3803; x_wconf 87' lang='lat' dir='ltr'><strong>a</strong></span> <span class='ocrx_word' id='word_1_588' title='bbox 2962 3748 3175 3804; x_wconf 91' lang='lat' dir='ltr'><strong>mundis</strong></span> <span class='ocrx_word' id='word_1_589' title='bbox 3202 3747 3490 3805; x_wconf 83' lang='lat' dir='ltr'><strong>videbitur.</strong></span> 
     </span>
    </p>
   </div>
   <div class='ocr_carea' id='block_1_77' title="bbox 2338 3926 3839 3999">
    <p class='ocr_par' dir='ltr' id='par_1_77' title="bbox 2338 3926 3839 3999">
     <span class='ocr_line' id='line_1_77' title="bbox 2338 3926 3839 3999; baseline -0.003 -15"><span class='ocrx_word' id='word_1_590' title='bbox 2338 3927 2668 3985; x_wconf 73' lang='lat' dir='ltr'><strong>&quot;Conantes.</strong></span> <span class='ocrx_word' id='word_1_591' title='bbox 2713 3927 2837 3994; x_wconf 78' lang='lat' dir='ltr'><strong>Ms.,</strong></span> <span class='ocrx_word' id='word_1_592' title='bbox 2877 3926 3342 3999; x_wconf 84' lang='lat' dir='ltr'><strong>conantur:quod</strong></span> <span class='ocrx_word' id='word_1_593' title='bbox 3379 3927 3691 3982; x_wconf 87' lang='lat' dir='ltr'><strong>mutandum</strong></span> <span class='ocrx_word' id='word_1_594' title='bbox 3738 3941 3839 3981; x_wconf 90' lang='lat' dir='ltr'><strong>non</strong></span> 
     </span>
    </p>
   </div>
   <div class='ocr_carea' id='block_1_78' title="bbox 2266 4008 3369 4127">
    <p class='ocr_par' dir='ltr' id='par_1_78' title="bbox 2266 4008 3369 4127">
     <span class='ocr_line' id='line_1_78' title="bbox 2266 4008 3369 4127; baseline 0.004 -6"><span class='ocrx_word' id='word_1_595' title='bbox 2266 4008 2603 4126; x_wconf 43' lang='lat' dir='ltr'><strong>erat3L&#39;l&#39;imeut</strong></span> <span class='ocrx_word' id='word_1_596' title='bbox 2631 4073 2839 4127; x_wconf 83' lang='lat' dir='ltr'><strong>credere</strong></span> <span class='ocrx_word' id='word_1_597' title='bbox 2891 4069 3166 4125; x_wconf 85' lang='lat' dir='ltr'><strong>Dillidunt.</strong></span> <span class='ocrx_word' id='word_1_598' title='bbox 3196 4068 3369 4126; x_wconf 81' lang='lat' dir='ltr'><strong>GOLD.</strong></span> 
     </span>
    </p>
   </div>
   <div class='ocr_carea' id='block_1_79' title="bbox 2340 4139 3840 4209">
    <p class='ocr_par' dir='ltr' id='par_1_79' title="bbox 2340 4139 3840 4209">
     <span class='ocr_line' id='line_1_79' title="bbox 2340 4139 3840 4209; baseline -0.002 -15"><span class='ocrx_word' id='word_1_599' title='bbox 2340 4139 2357 4178; x_wconf 72' lang='grc' dir='ltr'><strong>ί</strong></span> <span class='ocrx_word' id='word_1_600' title='bbox 2394 4139 2546 4205; x_wconf 83' lang='lat' dir='ltr'><strong>Quod</strong></span> <span class='ocrx_word' id='word_1_601' title='bbox 2580 4144 2735 4197; x_wconf 78' lang='lat' dir='ltr'><strong>vincit</strong></span> <span class='ocrx_word' id='word_1_602' title='bbox 2769 4144 3110 4197; x_wconf 74' lang='lat' dir='ltr'><strong>dulcedinem.</strong></span> <span class='ocrx_word' id='word_1_603' title='bbox 3140 4140 3429 4196; x_wconf 85' lang='lat' dir='ltr'><strong>Goldastus</strong></span> <span class='ocrx_word' id='word_1_604' title='bbox 3458 4139 3727 4196; x_wconf 86' lang='lat' dir='ltr'><strong>emendat.</strong></span> <span class='ocrx_word' id='word_1_605' title='bbox 3760 4140 3840 4209; x_wconf 68' lang='lat' dir='ltr'><strong>qvi</strong></span> 
     </span>
    </p>
   </div>
   <div class='ocr_carea' id='block_1_80' title="bbox 643 4194 3838 4281">
    <p class='ocr_par' dir='ltr' id='par_1_80' title="bbox 643 4194 3838 4281">
     <span class='ocr_line' id='line_1_80' title="bbox 643 4194 3838 4281; baseline 0.003 -33"><span class='ocrx_word' id='word_1_606' title='bbox 643 4194 666 4229; x_wconf 70' lang='grc'><strong><em>⁵³</em></strong></span> <span class='ocrx_word' id='word_1_607' title='bbox 700 4195 1084 4281; x_wconf 66' lang='lat' dir='ltr'><strong>Deferentibus.</strong></span> <span class='ocrx_word' id='word_1_608' title='bbox 1110 4196 1399 4254; x_wconf 78' lang='lat' dir='ltr'><strong>Goldastus</strong></span> <span class='ocrx_word' id='word_1_609' title='bbox 1428 4198 1555 4268; x_wconf 89' lang='lat' dir='ltr'><strong>legit</strong></span> <span class='ocrx_word' id='word_1_610' title='bbox 1584 4200 1942 4270; x_wconf 70' lang='lat' dir='ltr'><strong>diﬂ&#39;erentibns</strong></span> <span class='ocrx_word' id='word_1_611' title='bbox 1968 4216 1985 4257; x_wconf 89' lang='lat'><em>:</em></span> <span class='ocrx_word' id='word_1_612' title='bbox 2010 4202 2154 4273; x_wconf 86' lang='lat' dir='ltr'><strong>quod</strong></span> <span class='ocrx_word' id='word_1_613' title='bbox 2260 4194 2435 4281; x_wconf 70' lang='grc' dir='ltr'><strong>υἱηείἶ</strong></span> <span class='ocrx_word' id='word_1_614' title='bbox 2444 4194 2731 4267; x_wconf 68' lang='lat' dir='ltr'><strong>dulcedine.</strong></span> <span class='ocrx_word' id='word_1_615' title='bbox 3152 4194 3443 4277; x_wconf 79' lang='lat' dir='ltr'><strong>sententia,</strong></span> <span class='ocrx_word' id='word_1_616' title='bbox 3470 4194 3652 4266; x_wconf 74' lang='lat' dir='ltr'><strong>minus</strong></span> <span class='ocrx_word' id='word_1_617' title='bbox 3680 4194 3838 4281; x_wconf 64' lang='lat' dir='ltr'><strong>recite.</strong></span> 
     </span>
    </p>
   </div>
   <div class='ocr_carea' id='block_1_81' title="bbox 569 4266 969 4337">
    <p class='ocr_par' dir='ltr' id='par_1_81' title="bbox 569 4266 969 4337">
     <span class='ocr_line' id='line_1_81' title="bbox 569 4266 969 4337; baseline 0.008 -18"><span class='ocrx_word' id='word_1_618' title='bbox 569 4266 746 4320; x_wconf 86' lang='lat' dir='ltr'><strong>minus</strong></span> <span class='ocrx_word' id='word_1_619' title='bbox 772 4268 969 4337; x_wconf 90' lang='lat' dir='ltr'><strong>placet.</strong></span> 
     </span>
    </p>
   </div>
   <div class='ocr_carea' id='block_1_82' title="bbox 643 4336 2160 4415">
    <p class='ocr_par' dir='ltr' id='par_1_82' title="bbox 643 4336 2160 4415">
     <span class='ocr_line' id='line_1_82' title="bbox 643 4336 2160 4415; baseline 0.007 -24"><span class='ocrx_word' id='word_1_620' title='bbox 643 4336 903 4415; x_wconf 65' lang='lat' dir='ltr'><strong>°_l’ogos.</strong></span> <span class='ocrx_word' id='word_1_621' title='bbox 947 4338 1359 4410; x_wconf 81' lang='lat' dir='ltr'><strong>Peregrinantes</strong></span> <span class='ocrx_word' id='word_1_622' title='bbox 1387 4339 1439 4395; x_wconf 92' lang='lat' dir='ltr'><strong>in</strong></span> <span class='ocrx_word' id='word_1_623' title='bbox 1466 4340 1568 4397; x_wconf 88' lang='lat' dir='ltr'><strong>hac</strong></span> <span class='ocrx_word' id='word_1_624' title='bbox 1607 4349 1771 4398; x_wconf 88' lang='lat' dir='ltr'><strong>terra.</strong></span> <span class='ocrx_word' id='word_1_625' title='bbox 1804 4344 1891 4399; x_wconf 81' lang='lat' dir='ltr'><strong>An</strong></span> <span class='ocrx_word' id='word_1_626' title='bbox 1910 4344 2160 4415; x_wconf 80' lang='lat' dir='ltr'><strong>divagos?</strong></span> 
     </span>
    </p>
   </div>
   <div class='ocr_carea' id='block_1_83' title="bbox 571 4405 984 4467">
    <p class='ocr_par' dir='ltr' id='par_1_83' title="bbox 571 4405 984 4467">
     <span class='ocr_line' id='line_1_83' title="bbox 571 4405 984 4467; baseline 0.017 -7"><span class='ocrx_word' id='word_1_627' title='bbox 571 4405 646 4462; x_wconf 89' lang='lat' dir='ltr'><strong>lla</strong></span> <span class='ocrx_word' id='word_1_628' title='bbox 674 4405 984 4467; x_wconf 79' lang='lat' dir='ltr'><strong>Goldastus.</strong></span> 
     </span>
    </p>
   </div>
   <div class='ocr_carea' id='block_1_84' title="bbox 2337 4278 3838 4353">
    <p class='ocr_par' dir='ltr' id='par_1_84' title="bbox 2337 4278 3838 4353">
     <span class='ocr_line' id='line_1_84' title="bbox 2337 4278 3838 4353; baseline -0.004 -16"><span class='ocrx_word' id='word_1_629' title='bbox 2337 4292 2363 4330; x_wconf 72' lang='grc' dir='ltr'><strong>Β</strong></span> <span class='ocrx_word' id='word_1_630' title='bbox 2391 4280 2558 4346; x_wconf 81' lang='lat' dir='ltr'><strong>Quam</strong></span> <span class='ocrx_word' id='word_1_631' title='bbox 2588 4284 2780 4338; x_wconf 82' lang='lat' dir='ltr'><strong>multis.</strong></span> <span class='ocrx_word' id='word_1_632' title='bbox 2811 4278 3042 4351; x_wconf 63' lang='lat' dir='ltr'><strong>Cori’igit</strong></span> <span class='ocrx_word' id='word_1_633' title='bbox 3069 4281 3359 4338; x_wconf 84' lang='lat' dir='ltr'><strong>Goldastus</strong></span> <span class='ocrx_word' id='word_1_634' title='bbox 3385 4300 3476 4351; x_wconf 81' lang='lat' dir='ltr'><strong>per</strong></span> <span class='ocrx_word' id='word_1_635' title='bbox 3502 4298 3627 4353; x_wconf 72' lang='lat' dir='ltr'><strong>quas</strong></span> <span class='ocrx_word' id='word_1_636' title='bbox 3644 4278 3838 4353; x_wconf 66' lang='lat' dir='ltr'><strong>multis.</strong></span> 
     </span>
    </p>
   </div>
   <div class='ocr_carea' id='block_1_85' title="bbox 2263 4352 3730 4443">
    <p class='ocr_par' dir='ltr' id='par_1_85' title="bbox 2263 4352 3730 4443">
     <span class='ocr_line' id='line_1_85' title="bbox 2263 4352 3730 4443; baseline -0.004 -34"><span class='ocrx_word' id='word_1_637' title='bbox 2263 4352 2406 4411; x_wconf 81' lang='lat' dir='ltr'><strong>Nihil</strong></span> <span class='ocrx_word' id='word_1_638' title='bbox 2434 4353 2688 4443; x_wconf 85' lang='lat' dir='ltr'><strong>equidem</strong></span> <span class='ocrx_word' id='word_1_639' title='bbox 2718 4364 2888 4419; x_wconf 86' lang='lat' dir='ltr'><strong>muto,</strong></span> <span class='ocrx_word' id='word_1_640' title='bbox 2916 4354 3145 4425; x_wconf 85' lang='lat' dir='ltr'><strong>jttuctim</strong></span> <span class='ocrx_word' id='word_1_641' title='bbox 3174 4354 3358 4422; x_wconf 86' lang='lat' dir='ltr'><strong>legens</strong></span> <span class='ocrx_word' id='word_1_642' title='bbox 3387 4352 3730 4427; x_wconf 73' lang='lat' dir='ltr'><strong>quammultis.</strong></span> 
     </span>
    </p>
   </div>
  </div>
