4052 6332
608 356 719 417 Ξὸἳ
1846 346 1901 403 S.
1945 341 2335 403 COLUMBANI
2377 340 2663 398 ABBATIS
2962 362 2965 367 ν
3792 344 3889 399 233

730 472 992 541 Tempora
1022 468 1369 524 dinumerans
1395 464 1494 519 aevi
1537 463 1768 534 vitaeque
1798 462 2051 526 eaducm,

729 561 921 620 Omnia
960 570 1173 631 tempus
1219 558 1360 628 agit,
1412 570 1533 613 cum
1574 564 1820 626 tempore
1864 560 2057 608 cuncta
2089 559 2198 605 tra-

1859 646 1879 718 [
1901 646 2119 700 buntur.

644 750 716 806 80
732 752 1014 807 Alternant
1056 748 1322 804 elementa
1352 746 1516 813 vices,
1563 752 1620 800 et
1665 752 1910 813 tempora
1939 745 2193 794 mutant:

732 844 1018 913 Accipiunt
1044 846 1334 909 augmenta
1364 836 1512 903 dies,
1542 844 1837 903 not-tesque
1866 830 2121 887 vicissim.

726 936 989 1005 Tempora
1007 942 1131 989 sunt
1150 931 1364 997 llorum,
1383 930 1577 985 retinet
1591 944 1687 983 sua
1710 936 1952 993 tempora
1969 923 2157 981 messis
2176 941 2191 979 :

724 1027 813 1083 SIc
843 1027 1037 1083 iterum
1069 1025 1245 1096 spisso
1276 1023 1503 1079 vestitur
1532 1020 1775 1091 gramine
1805 1033 2049 1088 campus.

732 1119 998 1190 Tempora
1028 1115 1322 1188 gaudendi,
1352 1123 1477 1167 sunt
1505 1123 1748 1181 tempora
1777 1118 1924 1165 certa
1956 1106 2188 1163 dolendi.

643 1210 715 1267 85
732 1211 998 1282 Tempora
1020 1217 1144 1266 sunt
1171 1210 1311 1273 vita),
1344 1214 1470 1261 sunt
1502 1203 1674 1259 tristia
1711 1212 1952 1272 tempora
1984 1200 2190 1255 mortis.

723 1304 913 1361 Omnia
938 1305 1052 1372 dat,
1081 1303 1242 1367 tollit,
1272 1300 1569 1368 minuitque
1597 1296 1814 1352 volatile
1841 1305 2074 1365 tempus.

723 1398 849 1465 Ver,
899 1406 1084 1462 :cstas,
1133 1403 1451 1458 autumnus,
1496 1389 1693 1457 hiems,
1737 1389 1875 1444 redit
1918 1402 2093 1442 annus
2141 1387 2192 1441 in

1868 1480 2119 1554 [annum

722 1582 913 1637 O.nnia
940 1595 1062 1636 cum
1094 1578 1349 1644 redeunt,
1378 1576 1582 1631 homini
1612 1590 1707 1630 sua
1741 1590 1845 1629 non
1877 1573 2013 1628 redit
2040 1582 2184 1628 artas.

724 1669 854 1727 Ilaec
892 1671 1107 1741 sapiens
1135 1669 1286 1725 omni
1313 1683 1528 1738 semper
1561 1666 1920 1722 reminiscitur
1946 1665 2104 1728 hora,

640 1763 709 1820 90
730 1765 906 1835 Atque
934 1765 1150 1819 domum
1182 1762 1359 1818 luctus
1383 1762 1559 1831 epulis
1607 1760 1871 1831 prmponit
1907 1758 2120 1828 Opimis.

784 1826 891 1909 [liti
910 1871 986 1927 to
1011 1871 1154 1911 nunc
1182 1854 1369 1909 humili
1396 1826 1907 1909 concludam'verba
1938 1826 2187 1922 precatu!
2229 1826 2271 1885 Β

720 1948 807 2002 Sis
836 1962 1044 2003 memor
1094 1947 1210 2016 ipse
1257 1946 1387 2008 mei,
1417 1960 1605 2001 versus
1630 1959 1750 1999 cum
1791 1944 1986 2011 legeris
2018 1943 2151 1998 istos
2178 1960 2190 1994 :

720 2040 988 2113 Tempora
1011 2041 1089 2097 sic
1115 2039 1316 2094 habeas
1345 2047 1542 2108 optata:
1574 2038 1731 2107 longa
1762 2045 2013 2092 senectm.

1174 2277 1635 2335 MONOSTICIIA.

724 2373 847 2430 Ihec
875 2382 1144 2445 praecepta
1177 2373 1317 2442 legat
1347 2372 1598 2434 devotus,
1626 2379 1680 2425 et
1718 2370 1939 2440 impleat
1970 2377 2114 2430 actu,

715 2467 984 2522 Virtutum
1014 2466 1183 2521 titulis
1212 2465 1377 2518 vitam
1403 2463 1493 2535 qui
1517 2462 1710 2534 qumrit
1738 2463 2046 2527 honestam,

714 2559 812 2613 Vel
845 2560 1091 2615 homines
1118 2559 1257 2614 inter
1283 2558 1465 2629 cupiat
1487 2557 1778 2628 prrclarus
1807 2554 2020 2618 haberi,

716 2652 813 2706 Vel
840 2667 1049 2707 morum
1081 2650 1285 2706 meritis
1306 2650 1545 2708 cmlestia
1572 2664 1736 2719 regna
1766 2650 1982 2713 mereri,

670 2742 892 2814 5Atque
921 2745 1031 2799 Deo
1055 2742 1271 2798 Christo
1297 2743 1475 2798 socius
1504 2742 1620 2799 sine
1650 2741 1754 2796 line
1784 2739 1976 2795 videri.

773 2857 1000 2929 Impleat
1028 2858 1145 2928 ipse
1183 2857 1299 2923 Dei,
1330 2855 1425 2927 qui
1462 2855 1578 2911 vnlt
1600 2871 1698 2911 sua
1731 2864 1854 2910 vota
1883 2851 2087 2908 venire.

716 2950 849 3005 Vive
880 2951 990 3006 Deo
1017 2951 1204 3017 fidens,
1237 2950 1436 3006 Christi
1467 2957 1734 3020 praecepta
1762 2956 2003 3004 secutus.

718 3042 840 3097 Sint
870 3041 963 3097 tibi
996 3041 1216 3107 divitim,
1247 3041 1441 3097 divinae
1480 3041 1735 3109 dogmata
1765 3040 1919 3108 legis.

714 3136 936 3192 Divitias
968 3134 1176 3192 Domini
1211 3134 1372 3192 faciet
1413 3133 1719 3191 benedictio
1748 3133 1944 3189 claras.

602 3226 693 3305 ,10
709 3226 964 3295 Corporis
987 3232 1281 3295 exsuperat
1310 3225 1456 3280 vires
1487 3223 1772 3295 prudentia
1804 3223 2018 3279 mentis.

711 3316 970 3373 Omnibus
1002 3325 1086 3372 est
1115 3315 1302 3371 mundi
1332 3314 1529 3372 melior
1555 3314 1822 3386 sapientia
1852 3314 2017 3384 gazis.

712 3404 940 3478 Semper
970 3407 1201 3462 amanda
1230 3405 1450 3477 quidem
1477 3413 1558 3461 est
1587 3419 1767 3461 rerum
1799 3405 2047 3460 doctrina
2080 3407 2178 3459 bo-

1866 3496 1879 3567 [
1898 3512 2107 3551 narum.

711 3589 961 3662 Optimus
987 3598 1071 3648 est
1105 3590 1317 3646 animus
1340 3589 1540 3646 Christi
1570 3589 1795 3645 vestitus
1826 3604 2038 3643 amore.

708 3680 991 3737 Daemnnas
1020 3679 1278 3736 adversus
1306 3694 1497 3748 magna
1527 3684 1611 3733 est
1639 3678 1813 3732 oratio
1839 3677 2036 3733 virtus.

606 3762 695 3827 15
714 3769 783 3828 Ut
811 3788 1034 3830 moneas
1058 3772 1281 3828 charum
1312 3770 1422 3826 noli
1461 3769 1721 3826 desistere
1749 3771 2007 3826 amicum.

708 3861 879 3917 Morbi
907 3878 1071 3919 causa
1096 3862 1224 3917 mali
1254 3862 1419 3917 nimia
1441 3868 1526 3917 est
1553 3876 1888 3932 qumcunque
1909 3862 2170 3931 voluptas.

712 3950 791 4005 Tu
814 3952 941 4007 dare
972 3967 1039 4007 ne
1068 3951 1286 4007 claudas
1314 3951 1541 4022 palmas,
1565 3959 1621 4007 et
1650 3950 1918 4023 prendere
1947 3950 2173 4022 pandas.

711 4043 937 4112 Semper
964 4043 1016 4097 in
1052 4059 1147 4099 ore
1177 4052 1271 4098 tuo
1300 4050 1558 4099 resonent
1598 4044 1740 4099 bona
1772 4044 1934 4099 verba
1966 4043 2175 4101 salutis.

614 4122 621 4128 ’
709 4131 1279 4201 Ne,rogo,vindictam
1312 4142 1401 4188 tua
1425 4149 1577 4189 mens
1603 4133 1895 4189 meditetur
1916 4150 2174 4191 amaram.

624 4224 695 4278 20
709 4219 828 4281 Sint
858 4223 949 4279 tibi
991 4223 1199 4294 paciﬁci
1230 4238 1421 4293 magna
1451 4224 1732 4281 dulcedine
1762 4240 1960 4281 mores.

706 4314 787 4372 Ne
817 4324 903 4369 tua
932 4315 1222 4386 pmniteat,
1251 4330 1464 4380 caveas,
1495 4314 1720 4370 victoria
1752 4321 1936 4370 temet.

708 4409 811 4463 Fer
837 4409 1004 4479 patris
1027 4408 1330 4477 imperium,
1365 4407 1493 4461 dum
1520 4407 1698 4461 verbis
1727 4407 1839 4461 exit
1863 4407 1917 4463 in
1950 4406 2078 4463 iras.

705 4499 944 4570 Quisque
965 4500 1081 4555 dies
1093 4500 1214 4554 vitae
1237 4506 1320 4553 est
1342 4499 1485 4554 velut
1502 4498 1718 4554 ultimus
1739 4514 1866 4555 ecce
1885 4499 2175 4570 putandus.

708 4590 863 4658 Quod
888 4590 1019 4645 dare
1049 4606 1156 4645 non
1187 4589 1361 4660 possis
1391 4588 1501 4644 noli
1532 4589 1849 4659 promittere
1880 4591 2078 4647 verbis.

627 4682 700 4738 25
714 4684 815 4751 Qui
849 4683 1107 4753 prodesse
1137 4690 1335 4755 potest,
1368 4699 1475 4739 non
1502 4690 1586 4738 est
1632 4682 1913 4751 fugiendus
1950 4683 2175 4741 amicus.

711 4775 943 4833 Octcnas
964 4776 1183 4832 studeas
1211 4776 1462 4832 vitiorum
1492 4775 1710 4833 vincere
1739 4785 1963 4833 turmas.

671 4934 733 4989 V.
766 4933 856 4989 80.
892 4932 1177 4989 Elementa.
1212 4932 1448 4991 Pessime
1472 4935 1736 4993 Cani~ius.
1767 4938 2033 4991 alimenta.

664 5004 732 5060 ν.
774 5004 863 5059 89.
911 5004 1038 5060 Han:
1084 5022 1198 5075 sap.
1246 5005 1324 5062 Ita
1356 5008 1493 5077 lego
1541 5024 1666 5063 cum
1717 5006 1997 5063 Goldasto.
2052 5007 2179 5075 AL,

592 5077 749 5132 Hanc
771 5094 885 5146 sap.

570 5148 729 5221 __AV.
762 5148 848 5202 9|.
884 5148 1096 5221 Ultimo.
1146 5147 1304 5204 Gold.
1346 5159 1401 5206 et
1438 5148 1707 5221 Bibl.PP.
1740 5147 2177 5221 Paris.,iullima.

592 5217 661 5274 Hi
691 5228 798 5274 tres
828 5220 1081 5291 postremi
1112 5234 1317 5284 versus,
1341 5221 1477 5291 apud
1508 5220 1911 5291 Goldasttunet
1937 5220 2172 5277 Sirmun.

591 5291 719 5345 dtiin
746 5288 1043 5361 exstantes.
1071 5306 1171 5345 nec
1198 5306 1304 5345 non
1333 5288 1387 5346 in
1416 5290 1666 5346 Biblioth.
1700 5288 1804 5344 PP.
1836 5288 2035 5361 Paris.,
2084 5292 2179 5347 de-

593 5369 720 5417 sunt
755 5361 807 5414 in
840 5361 985 5415 edito
1011 5360 1321 5415 Canisiano.

602 5444 617 5501 '_
662 5430 745 5501 ν.
763 5432 816 5485 9.
851 5430 1092 5498 Divitias,
1122 5441 1224 5486 etc.
1252 5431 1351 5487 Hic
1370 5446 1558 5485 versus
1578 5430 1843 5501 repetitur
1872 5431 2005 5486 infra
2029 5449 2173 5489 vers.

592 5499 683 5626 :37.
707 5500 889 5571 Neque
907 5503 1050 5556 hunc
1072 5502 1126 5556 in
1143 5517 1240 5557 suo
1260 5502 1445 5559 codice
1466 5499 1916 5572 legitGoldastus,
1938 5517 2058 5573 pag.
2085 5505 2173 5571 60,

617 5610 631 5624 .
664 5588 713 5626 c.

617 5610 631 5624 ’
664 5588 835 5724 (iiii.
870 5641 989 5698 Non
1012 5643 1199 5714 possis.
1222 5642 1319 5698 Ms.
1351 5641 1512 5699 Leod.
1540 5644 1681 5713 apud
1711 5643 2046 5712 Goldastum,
2072 5663 2175 5703 non

593 5721 842 5867 ωῗζξῖθέξ.
870 5784 970 5867 Qui
991 5786 1140 5867 ξηρά.
1168 5785 1325 5867 Deest
1348 5784 1435 5867 hic
1454 5801 1640 5867 versus
1666 5786 1805 5867 apud
1835 5786 2170 5867 Goldastum.

666 5854 729 5908 V.
760 5854 846 5907 97.
882 5853 1095 5923 Repleta
1135 5857 1335 5912 salutis.
1368 5856 1624 5915 Guldaslo
1666 5853 1993 5928 priclcrcnda
2025 5861 2173 5919 vidc-

2225 464 2274 518 Δ

2285 5078 2389 5135 SOtl
2409 5120 2423 5143 ,
2473 5080 2651 5149 judice

2284 5152 2577 5207 cltaisntus.

2422 455 2498 511 Te
2528 455 2665 510 ferat
2690 454 2755 508 ad
2785 453 2981 509 cmlum
3010 452 3266 524 quadriga
3294 451 3498 524 repleta
3526 436 3739 509 salutis.

2421 543 2621 615 Lingua
2648 559 2777 599 suos
2810 543 3002 598 habeat
3033 542 3214 597 frenos
3256 542 3308 595 in
3346 542 3511 597 corde
3540 541 3760 611 ligatos.

2418 637 2511 691 \‘ir
2531 638 2703 692 bonus
2725 650 2844 691 esse
2866 635 3071 705 nequit,
3086 634 3184 688 nisi
3205 633 3297 703 qui
3319 632 3409 688 llet
3424 634 3677 689 omnibus
3688 648 3889 703 mquus.

2334 726 2404 781 ‘50
2422 727 2524 794 Qui
2547 728 2753 781 scelera
2782 726 3085 790 abscondit,
3102 724 3315 779 veniam
3340 740 3446 779 non
3470 725 3608 780 forte
3632 734 3887 780 meretur.

2422 820 2523 885 Qui
2553 820 2690 872 bona
2720 817 3015 881 desuescit,
3048 833 3172 871 mox
3207 817 3294 872 hie
3326 817 3637 872 consuescit
3683 816 3885 886 iniqua.

2421 909 2542 965 Non
2556 920 2629 973 tu,
2644 924 2846 980 quaeso,
2859 909 2995 978 jocis
3011 909 3279 964 ltedasnec
3291 909 3532 963 carmine
3544 923 3887 979 quemquam.

2421 999 2628 1071 Saepius
2650 1000 2837 1055 auditu
2869 1000 3148 1055 instrueris
3176 1015 3336 1071 quam
3362 1015 3495 1055 voce
3530 999 3744 1055 fruaris.

2418 1091 2499 1145 Sit
2530 1108 2718 1147 servus
2749 1092 2942 1147 mentis
2971 1099 3163 1146 venter
3189 1109 3203 1157 ;
3234 1091 3306 1145 sit
3331 1105 3487 1145 serva
3516 1089 3712 1145 libido.

2335 1188 2367 1242 5
2423 1188 2535 1242 Non
2568 1187 2743 1257 perdit
2776 1186 2949 1258 pictas
2969 1185 3230 1256 quidquid
3260 1185 3455 1256 largire
3496 1185 3729 1241 videtur.

2419 1280 2533 1335 Non
2565 1280 2757 1350 opibus
2784 1280 2925 1333 bona
2954 1276 3093 1332 fama
3122 1276 3303 1344 datur,
3326 1278 3420 1333 sed
3445 1278 3686 1332 moribus
3712 1277 3883 1332 almis.

2421 1370 2527 1424 Fac
2558 1385 2625 1425 ne
2650 1376 2703 1424 te
2732 1369 2925 1423 merito
2951 1369 3129 1423 verbis
3159 1368 3379 1423 irrideat
3407 1369 3566 1423 alter.

2424 1462 2524 1518 Pro
2552 1464 2751 1518 misero
2780 1462 3045 1517 miserans
3071 1461 3333 1533 laerymas
3359 1461 3576 1517 elI'uude
3602 1461 3800 1516 sodali.

2421 1554 2598 1625 Eripe,
2628 1555 2673 1610 si
2701 1554 2905 1622 valeas,
2929 1569 3037 1608 non
3060 1567 3288 1624 suggere
3318 1554 3421 1608 tela
3450 1554 3678 1608 furenti.

2336 1648 2404 1701 40
2420 1649 2571 1718 Saepe
2598 1656 2757 1703 nocet
2786 1662 2955 1718 puero
2988 1645 3263 1700 miseratio
3288 1643 3483 1699 blanda
3514 1645 3786 1715 magistri.

2423 1738 2668 1806 Ignotum
2701 1746 2831 1791 noto
2864 1751 3136 1806 nunquam
3164 1748 3446 1805 prchonas
3477 1734 3675 1789 amico.

2420 1828 2610 1883 Omnia
2640 1842 2761 1898 qua!
2790 1826 2975 1882 dicunt
3004 1827 3271 1890 homines,
3300 1834 3357 1879 tu
3382 1825 3611 1880 credere
3644 1826 3777 1879 noli.

2425 1920 2541 1975 Non
2571 1920 2671 1975 sibi
2702 1920 2825 1990 quis
2849 1919 3028 1986 vivat,
3057 1916 3274 1974 Christo
3304 1916 3395 1972 sed
3426 1917 3574 1971 vivat
3602 1918 3822 1987 ubique.

2346 2072 2347 2075 η
2426 2011 2540 2065 Non
2571 2022 2681 2078 tua,
2712 2010 2806 2066 sed
2837 2008 3037 2065 Christi
3065 2023 3296 2078 quaeras,
3322 2007 3413 2078 qui
3443 2007 3619 2076 diligis
3650 2009 3822 2062 illum.

2334 2104 2404 2157 45
2420 2102 2535 2157 Non
2561 2106 2757 2168 te,‘non
2787 2101 3067 2166 mundum,
3091 2100 3363 2156 Christum
3385 2099 3485 2156 sed
3506 2100 3672 2169 dilige
3691 2100 3881 2155 solum.

2415 2195 2549 2250 Cum
2574 2194 2820 2265 sapiente
2857 2194 3084 2263 loquens
3114 2191 3397 2263 perpaucis
3428 2199 3581 2246 utere
3612 2191 3817 2246 verbis.

2416 2287 2501 2342 Nil
2523 2287 2664 2342 oculi
2695 2292 2943 2356 prosunt,
2966 2285 3162 2354 quibus
3182 2291 3265 2338 est
3293 2298 3444 2337 mens
3468 2298 3612 2338 carea
3643 2281 3877 2337 videndi.

2420 2379 2609 2434 Divitis
2638 2378 2989 2448 opprobrium
3018 2376 3251 2445 gemitus
3282 2384 3367 2430 est
3394 2375 3647 2445 pauperis
3676 2376 3880 2443 ingens.

2416 2469 2652 2537 Plurima
2678 2468 2906 2524 discenti
2936 2482 3153 2538 semper
3174 2466 3436 2537 sapientia
3468 2465 3684 2520 crescit.

2328 2561 2677 2617 501udieium
2718 2567 2887 2615 restat
2912 2558 3121 2614 cunctis
3150 2556 3454 2613 certissime
3484 2553 3662 2610 factis.

2410 2650 2674 2707 Adveniet
2699 2648 2874 2705 Julex
2902 2649 3111 2705 cunctis
3139 2648 3233 2720 qui
3264 2648 3409 2718 justa
3437 2647 3718 2718 rependat.

2409 2743 2609 2815 Inclyta
2630 2751 2944 2812 perpetuam
2976 2750 3195 2811 przestat
3220 2740 3479 2812 patientia
3510 2740 3700 2795 vitam.

2408 2839 2486 2896 Te
2518 2839 2731 2895 feritate
2760 2839 2929 2909 magis
2952 2838 3115 2895 faciet
3144 2838 3447 2912 moderatio
3476 2838 3704 2894 clarum.

2411 2929 2665 2999 Egregius
2700 2929 2858 2986 faciet
2885 2930 3083 2986 mentis
3114 2929 3422 2985 constantia
3451 2945 3655 2985 mores.

2324 3020 2649 3078 55Consilio
2677 3022 2861 3089 facias,
2890 3034 3055 3091 rogo,
3076 3022 3144 3076 sit
3176 3021 3268 3076 tibi
3300 3021 3559 3091 quidquid
3583 3025 3870 3091 agendum.

2407 3113 2593 3169 Omnis
2621 3113 2822 3185 quippe
2845 3122 2977 3169 mtas
3002 3114 3182 3183 aliquo
3208 3113 3306 3168 sub
3335 3112 3483 3169 fasce
3508 3114 3741 3171 laborat.

2417 3206 2555 3262 Vera
2582 3206 2799 3277 quidem
2827 3214 3069 3262 veterum
3096 3205 3309 3276 juvenis
3340 3207 3707 3277 paradigmata
3736 3225 3874 3265 rere.

2411 3299 2559 3354 Felix
2591 3300 2685 3371 qui
2722 3314 2942 3355 causam
2987 3298 3223 3368 loquitur
3250 3298 3527 3369 prudentis
3572 3302 3629 3357 in
3665 3317 3867 3359 aurem.

2410 3389 2641 3445 Tantum
2662 3392 2826 3447 verba
2854 3391 3035 3446 valent
3063 3398 3324 3460 quantum
3365 3407 3518 3448 mens
3542 3394 3743 3449 sentiat
3772 3394 3876 3449 illa.

2321 3487 2389 3543 60
2406 3487 2668 3545 Omnibus
2687 3495 2771 3544 est
2799 3488 3042 3559 locuples
3060 3487 3156 3558 qui
3177 3489 3338 3543 rebus
3357 3488 3595 3544 abundat
3614 3490 3872 3546 honestis.

2407 3580 2525 3636 Non
2554 3581 2658 3636 erit
2686 3581 2908 3651 antiquo
2938 3596 3110 3637 novus
3136 3581 3517 3638 anteferendus
3544 3583 3773 3641 amicus.

2405 3673 2629 3731 Difﬁcile
2655 3674 2895 3730 invenies
2922 3689 3109 3730 verum
3142 3674 3389 3733 fortassis
3411 3676 3668 3732 amicum.

2407 3765 2646 3822 Moribus
2670 3766 2903 3835 egregiis
2930 3766 3099 3821 facias
3129 3767 3226 3822 tibi
3255 3783 3450 3824 nomen
3480 3768 3794 3826 honestum.

2406 3856 2575 3912 Nemo
2603 3856 2819 3927 quidem
2840 3856 3023 3927 plures
3049 3857 3240 3913 habuit
3266 3873 3427 3929 quam
3453 3860 3631 3931 perdit
3655 3861 3872 3918 amicos.

2318 3947 2499 4005 (ἴδειιί
2527 3949 2768 4019 prodest,
2815 3949 2967 4007 socio
2996 3950 3090 4020 qui
3130 3966 3237 4007 non
3279 3952 3536 4023 prodesse
3584 3954 3874 4025 probatur?

2400 4044 2527 4099 Sola
2555 4041 2686 4098 fides
2716 4041 2838 4098 fidei
2864 4042 3009 4099 dono
3034 4043 3295 4100 dilabitur
3320 4046 3486 4103 almo.

2403 4137 2558 4195 Levis
2586 4156 2693 4196 non
2722 4140 2956 4197 animam
2987 4142 3289 4213 torquentis
3316 4158 3447 4199 cura
3487 4144 3694 4214 fatiget.

2402 4228 2511 4301 Res,
2535 4244 2722 4286 severa
2749 4232 2967 4301 quidem
2991 4248 3208 4303 semper
3236 4233 3477 4290 declarat
3510 4236 3759 4292 honeste.

2404 4322 2539 4390 Quid
2562 4325 2735 4394 pejus,
2759 4339 2921 4395 quam
2942 4340 3002 4382 se
3026 4334 3088 4381 ut
3111 4326 3304 4396 jungat
3331 4327 3607 4383 habitator
3630 4329 3875 4399 iniquus?

2317 4410 2387 4467 70
2402 4413 2645 4478 Act;hus,
2673 4422 2764 4470 aut
2793 4416 2973 4472 verbis
3000 4417 3108 4472 noli
3141 4426 3199 4471 ttt
3229 4434 3543 4474 assuescere
3585 4420 3787 4490 pravis.

2403 4504 2499 4563 Est
2527 4522 2633 4562 non
2683 4522 2803 4564 esse
2828 4509 3041 4578 quidem
3070 4510 3242 4565 satius
3269 4525 3434 4579 quam
3470 4510 3657 4567 vivere
3687 4527 3865 4583 prave.

2412 4597 2562 4654 Mens
2590 4599 2732 4655 bona
2762 4600 3048 4657 thesauros
3087 4601 3346 4671 przecellit
3377 4617 3604 4659 munere
3628 4611 3868 4659 cunctos.

2371 4678 2375 4681 ’
2408 4691 2585 4746 Vitam
2616 4692 2821 4763 quippe
2853 4700 2997 4747 tuam
3029 4701 3142 4747 tota
3173 4694 3374 4749 virtute
3400 4703 3572 4751 tuere.

2409 4780 2601 4837 Omnia
2630 4798 2729 4855 pro
2760 4783 2866 4839 vita
2892 4792 3019 4839 sunt
3043 4784 3337 4840 amittenda
3368 4785 3589 4841 tuenda.

2288 4938 2560 5012 tu[_lectio
2575 4952 2691 5012 Δηιξ.
2716 4938 2892 5012 Leod.
2924 4940 3121 5012 repleta
3153 4942 3448 5012 triumphis.

2358 5009 2422 5063 γ.
2445 5008 2535 5091 29.
2561 5008 2780 5136 ραξέίει
2807 5028 2947 5065 οηιη.
2973 5010 3072 5067 Ms.
3106 5008 3407 5086 Leod.,qui
3434 5015 3501 5068 sit
3528 5015 3584 5069 in
3613 5015 3863 5070 omnibus.

2361 5079 2423 5136 tl.
2475 5082 2651 5136 iudice
2724 5080 2857 5136 old..
2891 5098 3000 5136 non
3029 5091 3114 5136 est
3153 5091 3363 5136 temere
3409 5087 3745 5136 snemendus
3777 5102 3863 5136 ar-

2724 5080 2857 5148 old.,
2891 5098 3000 5138 non
3029 5091 3114 5137 est
3153 5080 3363 5140 temere
3409 5087 3745 5157 spernendus
3777 5102 3867 5141 ar-

2356 5196 2785 5300 'Largire
2806 5223 2908 5277 vid.
2938 5223 3133 5300 Largi.)
3152 5196 3374 5281 verbum
3397 5234 3479 5282 est
3509 5242 3576 5282 ex
3605 5229 3727 5292 illis,
3749 5242 3867 5300 qum

2281 5300 2406 5368 tam
2422 5294 2593 5348 activa
2619 5309 2777 5368 quam
2811 5294 3201 5368 passivajivoeo
3227 5313 3391 5366 unum
3418 5306 3597 5368 atque
3622 5294 3865 5355 idem'si-

2282 5363 2557 5431 gnilicant,
2590 5362 2663 5417 ait
2690 5362 2997 5420 Pi'iSCiatius
3026 5366 3116 5421 lib.
3150 5384 3222 5422 vt.
3247 5362 3420 5424 Coei).

2564 5433 2765 5511 ξαεὶιξζ.
2799 5434 2994 5511 Gold.,
3014 5438 3197 5511 faciat.
3229 5438 3319 5494 Sic
3345 5449 3401 5511 et
3424 5454 3567 5496 vers.
3591 5456 3704 5511 seq.

2353 5505 2418 5581 _V_._
2449 5504 2784 5581 65._Pev'dit.
2834 5507 2930 5581 Ms.
2962 5504 3024 5562 S.
3054 5508 3191 5563 Galli
3233 5510 3376 5580 apud
3423 5511 3607 5580 Gold.,
3665 5504 3863 5581 pendit.

2280 5573 2418 5643 Nihil
2450 5576 2695 5645 equidem
2738 5579 3010 5631 mutarint.

2357 5647 2421 5703 V.
2447 5648 2534 5727 67.
2569 5647 2895 5720 Torqueutis.
2928 5647 3245 5719 Suspicatur
3270 5649 3563 5711 Goldastus
3582 5652 3866 5727 legendum

2279 5718 2577 5788 torquendo.

2356 5787 2415 5843 V.
2449 5790 2536 5843 68.
2570 5789 2781 5844 Severe.
2808 5787 2905 5845 Ms.
2941 5788 3129 5859 Leod.,
3153 5802 3201 5847 te
3227 5809 3363 5847 eam.

2353 5860 2415 5913 γ.
2453 5861 2535 5920 70.
2568 5859 2689 5915 Noli
2723 5873 2793 5916 tu.
2831 5861 2980 5933 Legit
3006 5862 3184 5934 Gold.,
3217 5865 3396 5921 nolito.
