4052 6332
918 165 1048 218 ’τί

199 243 315 301 9.89

247 359 320 413 75
339 358 719 415 Ρτωωειιίιιιιτι
750 358 965 428 quidem
1006 360 1176 415 levius
1203 359 1427 416 sulierre
1456 363 1728 417 valebunt.

333 452 464 519 Quae
489 451 670 506 subito
708 450 1019 517 adveniunt,
1059 452 1230 507 multo
1261 452 1509 520 graviora
1532 453 1797 509 videntur.

330 543 540 599 Gaudia
567 553 693 598 sunt
739 543 921 613 populi
963 553 1145 600 rector
1174 545 1294 613 pius
1322 553 1486 613 atque
1514 546 1798 615 benignus.

331 635 478 691 Mors
499 635 676 690 aliena
707 646 892 691 monet
912 637 1141 706 proprim
1169 652 1269 691 nos
1298 638 1488 693 mortis
1512 638 1728 707 ubique.

334 726 734 785 Felixalterius
760 728 913 796 cujus
941 727 1265 784 dncnmenIa
1299 728 1525 798 ﬂagella.

246 818 562 873 80Przeutia
587 834 695 873 non
725 819 925 889 capiet,
962 820 1174 888 ingrato
1201 820 1292 888 qui
1321 819 1459 873 bona
1491 829 1729 890 praestat.

333 910 419 967 Sit
446 910 542 967 tibi
572 911 772 968 Charus
803 912 987 979 homo,
1030 920 1087 966 ut
1118 909 1312 978 frater;
1362 911 1503 968 Deus
1549 924 1606 967 ttt
1652 922 1805 983 pater

1529 1008 1723 1062 almus.

1529 1023 1546 1059 ε

328 1096 518 1153 Omnis
538 1098 793 1167 paulatim
827 1098 973 1154 letho
1003 1114 1102 1154 nos
1129 1099 1365 1169 applicat
1394 1006 1546 1153 horti.

334 1191 478 1245 Ante
520 1192 664 1245 diem
702 1192 893 1246 mortis
921 1192 1100 1247 nullus
1131 1192 1410 1247 laudabilis
1438 1200 1635 1247 exstat.

340 1281 608 1349 Quaelibet
632 1299 698 1338 ex
729 1284 901 1339 fructu
930 1285 1150 1355 proprio
1176 1286 1522 1355 cognoscitur
1549 1285 1728 1340 arbor.

234 1372 317 1427 85
336 1374 538 1432 Doctor
564 1376 668 1429 erit
695 1388 920 1442 magnus
947 1375 1100 1431 factis
1130 1377 1224 1444 qui
1247 1377 1394 1445 quod
1414 1376 1568 1433 docet
1595 1376 1800 1447 implet.

329 1464 486 1531 Quod
531 1465 625 1520 tibi
655 1466 734 1521 vis
766 1465 911 1532 fieri,
946 1467 1050 1522 hoc
1088 1468 1178 1522 alii
1220 1476 1479 1539 praestare
1510 1469 1801 1523 mementb.

335 1558 671 1628 Pauperibus
695 1558 856 1628 justis
879 1560 1114 1615 cmlestis
1144 1561 1314 1629 gloria
1347 1569 1533 1616 restat.

328 1647 486 1714 Quod
517 1647 611 1702 tibi
642 1665 748 1703 non
780 1658 959 1717 eptes,
1004 1651 1093 1704 alii
1124 1666 1193 1705 ne
1224 1649 1416 1706 feceris
1449 1652 1561 1706 ulli.

329 1735 566 1808 Equum
596 1741 809 1808 pondus
838 1740 1005 1805 habe,
1042 1751 1225 1797 teneas
1254 1750 1308 1796 et
1336 1752 1535 1798 statera
1570 1744 1797 1813 justum.
1838 1723 1880 1783 Β

243 1830 450 1885 9οΝοιι
479 1831 573 1886 tibi
595 1832 667 1887 sit
698 1832 911 1888 modius
938 1832 1155 1902 duplex,
1189 1849 1288 1889 nec
1312 1843 1511 1889 statera
1542 1836 1727 1907 dupla.

328 1921 553 1993 Corripe
581 1924 898 1992 prudentem
923 1940 938 1980 :
971 1926 1226 1979 reddetur
1254 1928 1426 1994 gratia
1456 1928 1658 1983 verbis.

323 2016 382 2072 Si
410 2026 468 2072 tu
496 2028 646 2074 recta
675 2018 824 2085 facis,
848 2033 917 2074 ne
954 2034 1116 2076 cures
1143 2021 1303 2074 verba
1338 2020 1624 2076 malorum.

328 2106 473 2163 Utile
498 2108 783 2164 consilium
819 2109 1069 2164 dominus
1100 2125 1168 2165 ne
1197 2110 1417 2179 despice
1444 2111 1608 2167 servi.

324 2201 471 2256 inter
502 2202 756 2257 convivas
787 2202 869 2258 fac
898 2204 971 2258 sis
1000 2219 1251 2259 sermone
1284 2204 1586 2261 modestus.

241 2291 316 2346 95
334 2293 468 2347 Cum
490 2294 616 2362 quid
648 2294 906 2363 peccaris,
930 2294 1130 2363 castiga
1161 2305 1213 2353 te
1242 2297 1355 2366 ipse
1378 2297 1629 2353 subinde.

327 2384 563 2440 Vulnera
593 2384 717 2441 dum
747 2401 935 2451 sanas,
968 2386 1128 2442 dolor
1157 2397 1241 2443 est
1272 2376 1536 2447 medicina
1565 2390 1792 2445 doloris.

324 2477 550 2533 D.vitias
575 2479 785 2534 Domini
813 2479 971 2536 faciet
992 2481 1294 2537 benedictio
1316 2482 1511 2539 claras.

324 2568 607 2625 [Eternam
638 2572 822 2627 tribuit
849 2572 975 2627 felix
1005 2573 1294 2628 clementia
1318 2576 1503 2630 vitam.

331 2659 494 2717 Utere
518 2663 759 2731 quaesitis
788 2663 1003 2732 opibus,
1037 2665 1158 2732 fuge
1187 2680 1385 2721 nomen
1414 2667 1585 2722 avari.

203 2750 311 2805 100
331 2749 507 2816 Disce,
534 2754 626 2810 sed
656 2768 685 2808 a
714 2752 916 2821 doctis;
950 2754 1194 2813 indoctos
1218 2757 1334 2829 ipse
1361 2757 1579 2815 doceto.

319 2844 521 2901 Contra
552 2847 811 2902 verbosos
834 2848 943 2903 noli
971 2849 1302 2906 contendere
1332 2851 1536 2907 verbis.

318 2938 512 2995 Sermo
540 2928 695 2997 datur
726 2939 927 3006 multis,
962 2940 1127 2995 animi
1157 2942 1422 3012 sapientia
1456 2944 1663 3013 paucis.

320 3031 441 3086 Non
471 3032 590 3088 laeta
609 3032 875 3087 extollant
900 3031 1161 3100 animum,
1186 3049 1292 3087 non
1318 3034 1489 3090 tristia
1520 3035 1789 3104 frangant.

323 3122 608 3178 Proximus
636 3133 755 3178 esto
782 3122 959 3187 bouis,
991 3122 1037 3179 si
1067 3139 1173 3177 non
1202 3132 1357 3194 potes
1386 3125 1622 3195 optimus
1647 3141 1785 3182 esse.
1821 3099 1866 3161 C

98 3257 102 3261 .
196 3212 305 3268 105
321 3211 537 3280 Quanto
568 3212 741 3280 major
769 3212 896 3279 eris,
924 3222 1074 3269 tanto
1107 3222 1164 3269 tu
1191 3216 1400 3271 cautior
1427 3225 1567 3272 esto.

314 3301 561 3371 Cumque
603 3301 765 3356 alium
812 3315 1020 3369 censes,
1072 3304 1346 3375 propriam
1397 3306 1543 3376 prior
1586 3306 1791 3378 inspice

1507 3401 1722 3473 Hilam.

322 3486 451 3542 Plus
473 3494 583 3555 tua,
612 3504 772 3560 quam
798 3489 1020 3545 alterius
1042 3490 1322 3547 damnabis
1346 3490 1572 3547 crimina
1594 3491 1784 3562 judex.

317 3581 407 3637 Sis
426 3583 602 3639 bonus
623 3593 784 3653 atque
806 3584 994 3651 bonis;
1024 3584 1180 3641 lzcsus
1200 3601 1299 3641 nec
1319 3584 1451 3640 laede
1473 3595 1783 3642 nocentem.

318 3673 424 3741 Qui
450 3675 703 3744 prodesse
729 3684 925 3747 potest,
951 3691 1056 3731 non
1078 3685 1160 3731 est
1180 3676 1459 3745 fugiendus
1486 3676 1709 3731 amicus.

189 3772 215 3822 1
235 3768 298 3822 10
316 3767 450 3822 Cum
481 3767 644 3825 fueris
673 3767 830 3837 felix,
861 3785 983 3839 qua:
1012 3779 1139 3825 sunt
1167 3770 1393 3827 adversa
1424 3780 1635 3827 caveto.

312 3862 448 3928 Qua:
478 3863 700 3933 culpare
728 3863 894 3927 soles,
929 3864 1043 3919 haec
1072 3872 1127 3918 tu
1156 3879 1226 3918 ne
1253 3864 1445 3920 feceris
1470 3864 1603 3935 ipse.

317 3952 438 4007 Vita
467 3953 641 4008 aliena
670 3962 774 4008 tua:
805 3954 900 4008 tibi
930 3955 999 4009 sit
1026 3955 1299 4025 eathegita
1324 3957 1469 4011 vitm.

310 4043 397 4098 ira
425 4044 605 4098 odium
631 4054 873 4113 generat,
900 4045 1192 4102 concordia
1223 4048 1394 4103 nutrit
1421 4062 1683 4105 amorem.

308 4140 395 4194 Sit
421 4140 535 4195 sale
559 4140 670 4210 jam
695 4141 901 4212 sophia:
926 4156 1105 4197 sermo
1133 4143 1228 4198 tibi
1253 4143 1502 4199 conditus
1528 4145 1725 4200 omnis.

183 4234 207 4285 1
228 4229 295 4284 15
310 4229 501 4299 Magna
517 4231 734 4300 quidem
752 4233 922 4288 virtus
936 4242 1131 4289 nostra:
1144 4242 1225 4290 est
1238 4235 1540 4291 mo-leratio
1563 4235 1775 4303 lingum.

306 4324 483 4381 Crede
503 4326 635 4390 Deo,
651 4334 705 4380 et
724 4325 972 4395 proprios
995 4334 1125 4381 tunc
1148 4335 1204 4380 tu
1228 4326 1325 4381 tibi
1348 4326 1517 4396 dirige
1540 4342 1775 4394 gressus.

313 4416 447 4481 Lux,
464 4417 623 4472 timor
639 4426 724 4473 est
746 4417 977 4482 Domini,
991 4418 1170 4472 cordis
1185 4436 1198 4471 :
1211 4418 1355 4474 hunc
1367 4418 1530 4488 dilige
1540 4433 1772 4488 semper.

302 4510 364 4564 in
399 4509 625 4564 Domino
663 4526 889 4578 sperans
928 4510 1109 4564 nullus
1138 4509 1486 4565 confunditur
1517 4524 1773 4578 unquam.

307 4604 401 4658 Vir
439 4604 675 4671 prudens
726 4602 908 4657 animo
951 4613 1034 4659 est
1074 4602 1271 4656 melior
1311 4616 1473 4670 quam
1530 4602 1680 4656 fortis
1726 4604 1778 4657 in

1500 4694 1512 4767 [
1523 4695 1705 4748 armis.

184 4789 296 4846 1Ξο
313 4788 570 4861 Corporis
599 4790 818 4846 excellit
844 4790 985 4845 vires
1014 4789 1273 4859 sapientia
1306 4788 1521 4842 mentis.

312 4882 536 4938 Divitias
567 4883 750 4938 animo
777 4883 1003 4952 injustas
1031 4879 1311 4936 attendere
1335 4879 1466 4935 noli.

263 5062 460 5187 γαπ).
492 5062 652 5135 Cujus
696 5065 811 5119 doc.
840 5064 997 5119 Gold.
1032 5064 1160 5133 legit
1187 5078 1307 5119 cum
1339 5078 1436 5118 ms.
1474 5062 1663 5128 Lcod.,
1697 5065 1779 5118 cui

263 5153 283 5187 νι
376 5152 454 5187 οε.

179 5144 309 5191 sunt
337 5144 454 5189 doc.

164 5198 172 5213 ’
263 5205 327 5261 V.
359 5198 451 5260 86.
483 5204 598 5260 Hoc
620 5206 731 5264 alii.
759 5204 857 5260 Ms.
889 5204 948 5260 S.
980 5205 1139 5273 Galli,
1167 5208 1261 5261 hoc
1301 5207 1426 5261 alio.
1459 5205 1587 5273 Qua:
1616 5205 1777 5262 lertio

180 5276 453 5331 Goldasto
474 5276 644 5344 magis
667 5275 863 5348 placet.
886 5276 994 5332 Nec
1020 5293 1150 5333 sane
1172 5278 1366 5333 desunt
1391 5277 1636 5348 exempla
1660 5292 1779 5348 qua:

184 5348 301 5402 alio
329 5362 430 5417 pro
459 5348 554 5401 alii
582 5347 885 5417 perhibent.

263 5416 483 5473 V.7106.
513 5416 721 5480 Censes.
751 5419 907 5473 Guld.
933 5436 1131 5475 causes.

259 5487 325 5543 ν.
362 5486 481 5542 109.
510 5488 611 5552 Qui
638 5489 788 5558 prod.
821 5487 976 5548 llunc
996 5506 1208 5548 versum
1229 5490 1457 5547 relatum
1487 5488 1656 5546 habes
1684 5505 1778 5545 su-

180 5573 286 5630 pra
315 5573 461 5630 vers.
493 5559 563 5614 25

258 5630 327 5701 v.
362 5628 487 5701 112.
518 5630 812 5701 Catltegita.
844 5632 1079 5690 Dnctrix.
1112 5632 1384 5697 magistra.

254 5700 328 5756 ν.
353 5700 478 5756 ιιι.
509 5700 779 5757 Conditus.
812 5704 963 5758 Itane
984 5704 1076 5759 tibi
1103 5705 1303 5761 nullum
1325 5704 1611 5761 discrimen
1640 5704 1776 5761 inter
1876 5748 1881 5751 .

182 5770 414 5828 condere
441 5781 493 5827 et
524 5774 774 5828 condire?
804 5772 970 5830 Gow.

1704 248 2033 307 CARMINA.

3392 256 3498 317 990

2035 368 2266 423 Verbum
2298 370 2459 425 dulce
2490 372 2702 442 quidem
2733 373 2826 428 tibi
2857 372 3231 445 tnultiplieahit
3268 373 3491 431 amicos.

2029 457 2286 513 Converti
2329 461 2394 513 ad
2430 460 2711 517 Dmninum
2758 478 2826 517 ne
2864 465 3048 518 tardes
3075 465 3293 521 tramite
3318 474 3494 521 recto.

2033 550 2299 605 Doctrinis
2323 555 2484 605 etiam
2514 553 2679 609 variis
2708 570 2814 609 non
2848 553 3040 610 ﬂexilis
3062 565 3201 611 esto.

1910 637 2013 691 195
2033 638 2109 695 Te
2140 640 2221 693 via
2252 657 2373 695 nam
2420 642 2630 696 Domini
2681 651 2866 698 teneat
2914 645 3215 702 firmissima
3258 658 3495 717 semper.

2025 731 2255 789 Justitite
2282 744 2339 788 et
2364 736 2507 803 pacis
2533 736 2783 805 placeant
2810 738 2907 793 tibi
2934 740 3095 794 verba
3120 740 3421 810 loquendo.

2030 823 2160 888 Pax,
2181 840 2393 893 precor,
2411 826 2550 881 alma
2572 835 2664 882 tuo
2687 828 2901 898 placeat
2931 829 3024 883 tibi
3046 845 3264 902 semper
3290 831 3344 886 in
3374 846 3491 887 ore.

2032 916 2260 987 Semper
2292 920 2345 973 in
2376 935 2471 973 ore
2497 927 2591 973 tuo
2619 930 2876 977 resonent
2902 924 2988 993 pia
3020 926 3180 979 verba
3210 923 3416 978 saliuis.

2030 1010 2142 1063 ilex
2173 1010 2390 1079 sapiens
2420 1012 2678 1081 populum
2720 1014 2911 1070 melius
2939 1007 3273 1070 defendit‘ab
3313 1017 3491 1073 hoste.

1911 1099 2014 1153 150
2032 1100 2291 1168 lnsipiens
2320 1109 2501 1156 rector
2533 1102 2789 1172 populum
2820 1104 3134 1175 disperserit
3162 1123 3400 1163 omnem.

2029 1191 2209 1247 Gloria
2240 1206 2429 1260 magna
2466 1194 2682 1264 quidem
2711 1195 2824 1265 regi
2853 1205 2935 1251 est
2964 1199 3229 1268 sapientia
3253 1200 3419 1268 jnsta.

2032 1280 2372 1352 lujuriasque
2401 1292 2520 1339 tuas
2557 1284 2607 1338 in
2642 1283 2858 1340 fratrem
2896 1287 3157 1343 ulciscere
3184 1290 3313 1344 noli.

2029 1373 2259 1446 Semper
2286 1392 2482 1432 avarus
2529 1386 2674 1431 amat
2713 1378 3011 1445 mendacia,
3057 1381 3225 1447 furta,
3257 1382 3491 1453 rapinas.

2030 1466 2276 1522 Sufficiat
2304 1483 2481 1522 rerum
2508 1467 2730 1522 dederat
2759 1470 2852 1523 tibi
2875 1469 3019 1541 quod
3048 1471 3189 1526 Deus
3216 1470 3348 1542 ipse.

1916 1555 2017 1612 155
2033 1557 2171 1624 Quid
2205 1567 2454 1613 terrenus
2482 1559 2665 1623 homo,
2702 1560 2956 1629 pulv‘is‘et
2986 1570 3125 1616 terra
3148 1562 3425 1632 superbit?

2031 1648 2356 1718 Principium
2382 1652 2601 1706 sceleris
2629 1652 2763 1722 proh
2791 1651 2905 1706 dira
2932 1654 3183 1722 superbia
3212 1661 3447 1710 constat.

2032 1742 2115 1796 Sit
2146 1742 2241 1795 tibi
2270 1757 2397 1797 cura
2430 1751 2550 1809 tua),
2582 1751 2690 1797 tota
2719 1744 2934 1805 virtute,
2967 1743 3172 1799 salutis.

2030 1831 2143 1886 Una
2172 1832 2309 1901 dies,
2338 1835 2526 1902 quales
2554 1835 2773 1902 fuerint,
2796 1837 3036 1891 ostendit
3060 1837 3285 1892 amicos.
3350 1840 3351 1843 “

2032 1921 2275 1979 Peccastl
2303 1925 2483 1992 solus,
2518 1926 2799 1993 ignoscere
2829 1935 2882 1981 tu
2914 1928 3010 1982 tibi
3041 1927 3171 1983 noli.

1907 2014 2009 2068 MO
2024 2014 2176 2082 Quod
2199 2016 2418 2071 tacitum
2445 2019 2650 2086 cupias,
2680 2020 2843 2074 tacito
2863 2021 3143 2075 committe
3170 2020 3362 2075 sodali.

2024 2104 2281 2160 invidiam
2316 2107 2481 2161 nimio
2510 2108 2659 2162 cultu
2686 2108 2858 2163 vitare
2884 2124 3179 2166 memento.

2020 2198 2235 2253 Invidia:
2264 2200 2504 2255 maculat
2533 2200 2731 2255 famam
2758 2201 2897 2255 mala
2925 2203 3092 2271 pestis
3121 2204 3431 2259 honestam.

2024 2289 2106 2344 Nil
2134 2290 2253 2345 sine
2278 2290 2506 2345 consilio
2537 2288 2724 2357 facias,
2756 2291 2837 2346 sic
2866 2290 3005 2346 laeta
3037 2292 3353 2362 probantur.

2019 2379 2123 2447 Qui
2155 2380 2383 2437 Domino
2410 2381 2612 2447 credit,
2645 2392 2828 2439 servat
2862 2384 3115 2439 mandata
3147 2385 3353 2441 salutis.

1905 2469 2247 2543 MSSemper
2290 2474 2434 2528 enim
2482 2474 2698 2544 sapiens
2727 2476 2923 2530 metuit
2963 2475 3066 2531 sibi
3113 2476 3309 2545 judicis
3338 2480 3487 2538 iram.

2020 2564 2292 2621 instanter
2322 2565 2509 2634 facias,
2541 2581 2662 2622 sors
2689 2581 2811 2636 quas
2840 2569 2934 2623 tibi
2967 2570 3148 2624 tradat
3176 2572 3403 2639 agenda.

2020 2655 2153 2711 Cum
2176 2658 2396 2714 homine
2422 2657 2625 2728 injuste
2651 2660 2823 2716 nolito
2848 2676 3068 2717 manere
3096 2659 3422 2732 frequenter.

2015 2749 2133 2806 ‘Nec
2163 2751 2300 2806 redit
2347 2751 2489 2807 unda
2534 2748 2736 2821 ﬂuens,
2778 2760 3023 2808 nostrum
3071 2768 3170 2810 nee
3201 2762 3409 2827 tempus
3442 2758 3485 2814 i1

3222 2847 3421 2919 [anuis.

2017 2937 2207 2993 Omnia
2238 2937 2357 2995 ﬁnis
2386 2938 2523 2994 edax
2553 2937 2800 2995 devastat
2831 2940 3024 3009 gaudia
3053 2939 3258 2995 mundi.

1901 3028 2005 3085 150
2022 3030 2121 3097 Qui
2149 3031 2269 3101 pius
2307 3039 2363 3086 et
2393 3031 2659 3096 clemens,
2702 3032 2962 3087 Dominus
3004 3033 3353 3088 miserebitur
3393 3033 3484 3088 illi.

2012 3122 2152 3177 lufer
2190 3122 2500 3177 nullatenus
2528 3122 2827 3177 benefactis
2856 3132 3039 3178 mente
3067 3124 3341 3193 querelas.

2015 3212 2354 3284 lmproperes
2383 3229 2679 3283 nunquam,
2702 3214 2916 3270 dederis
2947 3216 3264 3271 munuscula
3290 3216 3484 3285 siqua.

2007 3307 2192 3363 Omnis
2222 3314 2517 3378 pertractet
2561 3307 2793 3376 primum
2842 3321 2994 3362 mens
3025 3309 3189 3362 verba
3235 3308 3483 3378 loquelm.

2009 3402 2267 3473 Corporis
2296 3399 2555 3455 auxilium
2585 3400 2796 3457 medico
2825 3402 3084 3472 permitte
3115 3400 3281 3457 fideli.

1893 3494 1996 3550 155
2014 3495 2145 3549 Dum
2174 3493 2397 3564 poteris,
2431 3490 2657 3547 benefac
2685 3507 2812 3547 caro
2842 3499 2901 3547 tu
2930 3506 3150 3563 semper
3177 3492 3376 3548 amico.

2010 3588 2102 3643 Sic
2121 3601 2295 3641 novus
2311 3593 2474 3654 atque
2496 3600 2694 3640 novum
2720 3585 2904 3640 vinum
2928 3594 3235 3641 veterascat
3255 3585 3481 3641 amicus.

2010 3679 2189 3735 Rebus
2215 3678 2268 3732 in
2301 3677 2541 3733 adversis
2568 3692 2844 3747 nunquam
2874 3676 3100 3731 dimittis
3129 3678 3382 3731 amicum.

2007 3772 2238 3841 Semper
2266 3770 2469 3825 amicus
2499 3778 2664 3835 amat,
2698 3768 2966 3837 duratque
2988 3767 3023 3819 fi
3045 3769 3161 3823 lelis
3183 3766 3407 3822 amicus.

2017 3864 2168 3919 Alma
2202 3863 2319 3918 dies
2340 3870 2558 3919 noctem
2586 3861 2859 3931 sequitur;
2882 3861 2961 3915 sic
2985 3861 3125 3914 dona
3156 3859 3388 3915 labores.

1889 3957 2267 4026 lliOTempora
2308 3954 2433 4008 dum
2479 3952 2719 4018 variant,
2768 3951 2981 4006 animus
3018 3950 3087 4005 sit
3132 3963 3349 4019 semper
3379 3948 3479 4003 ho-

3178 4044 3405 4117 [nestus.

2006 4138 2248 4198 Consilio
2277 4136 2475 4193 mentis
2498 4137 2751 4209 quodque
2781 4137 3026 4192 imminet
3053 4145 3178 4191 ante
3201 4136 3404 4191 videto.

2006 4233 2138 4289 Dum
2157 4232 2370 4286 tibivita
2393 4231 2555 4301 viget,
2576 4230 2826 4302 laerymis
2842 4230 2981 4283 mala
3004 4228 3229 4283 crimina
3252 4242 3470 4297 purges.

1996 4324 2117 4381 Noli
2140 4324 2339 4380 iterare
2368 4324 2567 4391 scelus,
2598 4323 2849 4394 lacrymis
2883 4321 3010 4377 dum
3041 4322 3200 4375 diluis
3230 4320 3381 4375 i'.lud.

2004 4413 2253 4470 Luxuriis
2281 4414 2463 4469 animo
2494 4413 2601 4467 noli
2641 4413 2848 4468 servire
2878 4412 3145 4479 malignis.

1887 4504 1989 4560 165
2005 4504 2106 4573 Qui
2142 4505 2354 4561 modica
2378 4505 2608 4574 spernit,
2636 4505 2828 4585 minuit
2855 4502 3059 4572 majora
3091 4518 3189 4572 per
3219 4504 3401 4558 horas.

2006 4598 2236 4655 Tollitur
2260 4614 2327 4654 ex
2377 4612 2601 4654 numero
2645 4586 2956 4651 sanctorum
3006 4595 3244 4666 perfidus
3273 4596 3468 4650 oans.

2004 4691 2189 4748 Oderit
2220 4692 2475 4761 insipiens
2500 4690 2761 4760 sapientis
2790 4690 2953 4744 verba
2985 4691 3249 4759 magistri.

2004 4780 2213 4837 Excitat
2241 4781 2291 4835 in
2322 4780 2464 4836 risus
2492 4778 2685 4835 fratres
2713 4780 2975 4836 verbosus
3001 4795 3235 4836 amarus.

1988 4871 2083 4929 ,Nil
2114 4872 2204 4928 illo
2230 4871 2406 4942 pejus,
2436 4870 2631 4927 sceleri
2671 4870 2761 4940 qui
2793 4871 2996 4941 gaudet
3025 4870 3231 4937 iniquo.

1956 5052 2019 5107 V.
2060 5050 2182 5106 156.
2211 5050 2448 5105 Constat.
2477 5048 2604 5118 Leg.
2631 5051 2842 5119 ron/int.

1958 5122 2020 5177 V.
2054 5123 2178 5177 155.
2207 5120 2409 5175 Omnis.
2441 5121 2632 5192 Ανιίιι›
2675 5131 2731 5175 et
2766 5120 3100 5177 commodius
3136 5121 3265 5190 legit
3300 5120 3473 5175 omnia

1883 5194 2058 5250 (loco.
2920 5196 2925 5201 ‘

1936 5266 2021 5321 'V.
2052 5263 2174 5319 154.
2214 5263 2480 5317 Permitte.
2505 5262 2632 5331 Leg.
2659 5265 2935 5318 committe.

1955 5335 2019 5389 V.
2054 5334 2179 5389 157.
2220 5334 2470 5388 Dimittis.
2508 5334 2634 5401 ch.
2669 5333 2935 5388 dimittito.
3266 5382 3269 5385 ,

1958 5406 2023 5462 V.
2050 5405 2175 5459 158.
2209 5405 2409 5459 Fidelis
2439 5405 2656 5459 amicus.
2690 5404 2838 5475 Legit
2858 5403 3124 5475 Canisius,
3157 5402 3249 5471 βά.
3269 5402 3471 5475 ultique.

1881 5477 1991 5535 Sed
2014 5476 2142 5531 nihil
2168 5477 2483 5531 mutandum
2509 5484 2693 5530 censet
2716 5472 3003 5546 Goldastus
3023 5474 3253 5546 :_.dictutn
3274 5472 3477 5546 nempe

1882 5548 1999 5608 κατ’
2026 5547 2359 5619 ἐπανάληψιν,
2392 5561 2460 5600 eo
2490 5546 2649 5599 modo
2673 5554 2834 5612 atque
2858 5544 2984 5599 illud
3015 5541 3289 5599 Juvenalis
3315 5563 3328 5598 :

2006 5665 2192 5716 Crescit
2213 5675 2345 5712 amor
2371 5663 2554 5710 nummi
2578 5666 2809 5720 quantum
2834 5660 2934 5720 ipsa
2960 5656 3170 5718 pecunia
3191 5657 3383 5706 crescit.

1961 5771 2023 5826 ν.
2055 5769 2169 5826 I74.
2202 5767 2336 5842 (Col.
2366 5766 2498 5838 seq.)
2520 5763 2584 5819 In
2612 5781 2716 5819 ore.
2746 5763 2896 5835 Legit
2916 5778 3056 5817 more
3085 5761 3346 5818 Canisitts.
3371 5759 3477 5817 Sed
