4052 6332
192 258 297 329 293

324 385 576 457 Dactylus
604 385 723 440 istic

325 476 550 549 Incipiat
576 492 692 549 pes.

322 570 453 627 Inde
496 569 741 640 sequenti

325 664 488 721 Parte
518 664 786 721 trochaan

180 757 289 816 135
324 757 609 816 Proximus
637 758 711 814 illi

327 851 450 919 Rite
475 849 699 904 locetur.

323 943 480 1014 Stcpe
508 940 715 996 duabus

320 1031 584 1089 Claudere
612 1030 785 1099 longis

325 1121 523 1179 Ultima
549 1137 737 1176 Versus

180 1216 284 1270 HO
323 1214 451 1270 Jure
489 1214 687 1270 licebit.

322 1305 402 1361 Tu
432 1305 614 1371 modo,
645 1304 809 1359 lrater

323 1398 477 1453 Alme
508 1396 689 1452 Fedoli
705 1438 721 1464 ,

320 1490 548 1546 Nectare
577 1489 732 1545 n'obis
832 1496 835 1503 '

320 1581 538 1637 Dulcior
572 1579 717 1635 omni
738 1620 754 1648 ,

172 1674 278 1729 145
318 1674 617 1730 Floridiora

1150 381 1587 452 Doctiloquorutn

1156 474 1407 531 Carmina
1436 474 1681 544 linquens

1161 563 1373 619 Frivola
1402 572 1584 619 nostra

1153 653 1379 725 Suscipe
1422 656 1594 712 hctus.

1010 743 1111 799 150
1149 744 1240 799 Sic
1266 743 1363 799 tibi
1390 743 1638 799 Christus

1155 834 1368 890 Arbiter
1394 833 1564 901 orbis,

1151 923 1549 996 Omnipotentis
1667 911 1670 914 i

1155 1017 1322 1073 Unica
1347 1018 1548 1088 proles,

1158 1110 1341 1166 Dulcia
1369 1111 1494 1165 vita:

1016 1207 1113 1261 i325
1154 1207 1360 1263 Gaudia
1391 1206 1581 1262 reddat
1612 1225 1622 1260 :

1154 1298 1255 1367 Qui
1284 1300 1402 1354 sine
1442 1297 1548 1354 ﬁne

1153 1393 1377 1447 Nomine
1407 1392 1583 1447 Patris

1149 1483 1353 1539 Cuncta
1383 1484 1692 1553 gubernans

1150 1575 1359 1647 Regnat
1386 1576 1438 1631 in
1467 1591 1662 1630 terum.

1687 267 1991 327 CAllMINA

243 1768 305 1822 ν.
349 1766 464 1823 163.
496 1766 594 1820 Ter
623 1782 790 1821 senos.
828 1768 974 1820 .-\'lcr
1005 1778 1130 1828 m=.,
1161 1770 1238 1816 ter
1266 1778 1426 1818 sema.

694 1874 1041 1883 W

190 1874 637 1888 Mm

1207 1869 1488 1880 ,μ

1045 1873 1199 1881 ...κς-.-

1494 1866 1745 1878 ς-ιρ-η-Α*
1759 1860 2209 1872 ...οε-..ρηρ-ρ--..ρ-θη.
2220 1859 2308 1865 .-.._

1789 1930 1860 2001 ν

3363 274 3470 331 294

1883 382 2127 439 115011ωο
2157 383 2249 439 tibi
2276 384 2529 439 dictatam
2559 385 2762 441 morbis
2787 400 3089 457 oppressus
3128 393 3367 461 acctbis,

1999 474 2239 543 Corpore
2265 489 2401 544 quos
2432 472 2600 545 fragili
2631 479 2824 546 patior,
2871 479 3118 550 tristique
3146 491 3361 539 senecta

2002 564 2135 621 Nam
2160 565 2287 621 dum
2318 569 2575 638 praecipiti
2608 569 2856 625 labuntur
2884 580 3126 643 tempora
3156 589 3318 631 cursu
3343 620 3357 641 ,

2002 657 2153 715 Nunc
2181 660 2249 716 ad
2276 659 2605 731 Olympiadis
2634 668 2716 715 ter
2739 677 2900 718 senos
2928 664 3176 721 venimus
3199 681 3393 723 annos.

1997 750 2190 807 Omnia
2219 760 2569 822 praetereunt,
2604 752 2735 821 fugit
2762 753 3116 824 irreparabile
3137 766 3373 827 tempus.

1882 844 1985 900 165
2001 844 2147 912 Vive,
2179 844 2298 901 vale
2322 844 2499 915 laetus,
2528 847 2802 917 tristisque
2828 857 3103 906 memento
3126 861 3382 907 senectae.

2647 998 2756 1067 IV

2429 1145 2493 1200 IN
2540 1144 2903 1201 HULIERES.

1993 1284 2177 1340 Omnis
2202 1292 2383 1338 mente
2415 1282 2534 1352 pius
2566 1279 2734 1351 lugiat
2766 1281 2993 1336 mortale
3025 1294 3325 1346 venenum,

2065 1376 2218 1444 Quod
2249 1376 2489 1431 mulieris
2520 1376 2684 1429 habet
2723 1375 2899 1444 lingua
2939 1374 3170 1443 superba
3206 1372 3347 1445 male.
3394 1446 3397 1453 Ι

1992 1471 2255 1527 Collatum
2286 1469 2410 1524 vita:
2441 1468 2707 1525 destruxit
2735 1467 2931 1524 femina
2979 1466 3192 1521 culmen
3220 1484 3234 1519 :

2065 1564 2288 1621 Femina
2317 1561 2412 1618 sed
2451 1561 2573 1616 vitae
2600 1558 2795 1630 gaudia
2827 1559 2986 1627 longa
3013 1557 3181 1612 dedit.

2354 1857 2530 1864 ,-.-....,..
2546 1856 2595 1863 -.φ
2616 1855 2727 1863 ...μ-.-
2757 1848 3450 1870 ..η-...α--Μκυοκ-,α

1049 2046 1139 2103 DE
1181 2040 1532 2101 V'ANITATE
1572 2039 1657 2094 ET
1700 2034 1978 2094 MISERIA
2019 2029 2203 2089 VITA‘J
2242 2024 2600 2085 MORTALIS.

231 2269 257 2320 I
366 2269 593 2327 Mundus
623 2272 724 2328 iste
754 2271 967 2337 transit,
1000 2280 1055 2325 et

303 2361 556 2428 Quotidie
582 2363 866 2429 decrescit,

306 2451 474 2507 Nemo
500 2455 686 2509 vivens
710 2455 981 2519 manebit,

302 2542 491 2598 Nuilus
516 2543 671 2599 vivus
697 2547 984 2608 remansit,

224 2634 260 2688 5
363 2634 555 2690 Totum
586 2636 873 2691 humanum
902 2652 1071 2707 genus

294 2725 432 2780 Ortu
463 2727 646 2781 unitur
673 2728 823 2796 pari,

297 2816 366 2872 Et
392 2818 461 2872 de
488 2817 650 2872 simili
674 2819 782 2873 vita

298 2903 433 2959 Fine
457 2903 600 2959 cadit
620 2904 834 2973 :equaii.

369 2994 741 3052 Deferentibus
781 2996 944 3051 vitam

188 3084 255 3140 10
300 3085 449 3142 Mors
476 3086 679 3141 incerta
702 3087 923 3156 surripit
947 3104 959 3139 :

292 3174 496 3232 Omnes
523 3177 805 3247 superbos,
836 3193 1019 3248 vagos,

288 3266 493 3324 Maeror
528 3269 714 3324 mortis
741 3270 985 3341 corripit.

361 3360 517 3429 Quod
544 3378 643 3433 pro
671 3361 884 3419 Christo
917 3365 1093 3433 largiri

291 3448 495 3506 Nolunt
523 3466 712 3507 omnes
736 3453 884 3508 avari

183 3540 253 3597 i5
315 3541 631 3614 lmportune
651 3544 932 3610 amittunt;

291 3632 426 3689 Post
452 3648 512 3689 se
537 3633 798 3706 colligunt
824 3634 916 3690 ali.

365 3722 596 3780 Parvum
627 3726 725 3795 ipsi
753 3726 1001 3782 viventes

291 3811 409 3867 Deo
437 3811 566 3869 dare
593 3813 683 3877 vix
707 3813 905 3868 audent
935 3830 951 3868 :

289 3901 452 3958 Morti
470 3912 662 3960 cuncta
687 3904 1024 3975 relinquunt:

180 3995 253 4051 20
302 3995 447 4051 Nihil
477 3995 546 4052 de
574 3995 704 4067 ipsis
734 3996 958 4051 habent.

365 4086 619 4154 Quotidie
648 4087 915 4143 decrescit

294 4178 417 4233 Vita
448 4193 704 4248 pnesens,
734 4192 889 4247 quam
917 4182 1133 4242 amant;

294 4266 612 4323 lndeticiens
642 4266 882 4322 manebit

294 4359 409 4416 Sibi
444 4374 624 4430 poma,
655 4375 816 4429 quam
847 4368 1070 4431 parant,

180 4448 257 4504 ‘25
354 4449 638 4505 Lubricum
668 4449 812 4521 quod
843 4448 1040 4504 labitur

293 4541 572 4599 Conantes
600 4540 881 4613 colligere,

298 4634 367 4689 Et
388 4634 513 4699 hoc,
541 4633 686 4703 quod
708 4649 768 4689 se
796 4634 1030 4698 seducit,

298 4724 476 4781 Minus
505 4724 698 4780 timent
725 4725 968 4781 credere.

373 4814 688 4872 Dilexerunt
720 4815 972 4870 tenebras

185 4910 258 4964 50
310 4906 505 4963 Tetras
533 4908 703 4976 magis
729 4921 892 4976 quam
922 4906 1095 4961 lucem
1126 4924 1137 4958 :

303 4998 506 5054 Imitari
542 5005 900 5053 contemnunt

300 5092 440 5150 Vita:
468 5090 753 5149 Dominum
783 5092 993 5147 ducem.

382 5181 538 5237 Velut
563 5182 616 5237 in
642 5182 890 5249 somniis,
912 5188 1157 5250 regnent,

304 5271 427 5329 Una
454 5275 589 5329 hora
610 5272 891 5341 laetantur;

182 5366 260 5422 55
312 5365 424 5422 Sed
447 5376 648 5423 mterna
680 5375 947 5422 tormenta

230 5482 294 5536 κ’.
317 5480 373 5552 9.
422 5481 526 5536 Pro
554 5480 925 5552 diﬁ'ereutibtts.

306 5551 396 5607 15.
429 5553 527 5608 Ms.
560 5551 816 5608 mendose
852 5554 1211 5622 inopportmtc.

304 5622 396 5681 17.
427 5622 590 5678 Forte
616 5638 818 5693 parum.

303 5693 398 5747 ‘23.
431 5693 593 5747 Forte
626 5703 817 5746 manet.

305 5764 397 5818 ‘26.
430 5764 592 5819 Forte
620 5774 872 5817 conantur

310 5833 400 5890 2'5.
432 5833 575 5905 Lege
602 5843 840 5905 regnant.

1413 2133 1665 2197 (Biblioth.
1686 2130 1823 2180 Patr.
1856 2128 2014 2191 Lugd.
2038 2132 2074 2175 t.
2101 2122 2182 2173 xu
2211 2122 2229 2184 ›

1426 2269 1616 2322 Adhuc
1645 2267 1747 2320 illis
1774 2275 2050 2334 paramur.

1490 2360 1633 2415 Caeci
1661 2369 2003 2428 nequaquam
2026 2350 2214 2407 vident

1423 2450 1563 2517 Quid
1592 2456 1717 2519 post
1741 2446 1947 2502 obitum
1974 2447 2145 2497 restat

1427 2541 1807 2598 Peccatoribus
1836 2534 2034 2607 impiis,

1319 2636 1388 2689 45
1428 2634 1585 2702 Quod
1614 2630 1867 2701 impietas
1896 2633 2138 2698 prmstat.

1500 2724 1755 2795 Cogitare
1783 2718 2040 2778 convenit

1422 2817 1499 2872 Te
1530 2817 1643 2871 hmc
1671 2821 1885 2877 cuncta.
1914 2810 2117 2873 amice.

1418 2911 1571 2968 Absit
1596 2910 1691 2965 tibi
1723 2922 1909 2964 amare
1932 2908 1935 2909 ⁷

1417 3002 1586 3072 Hujus
1611 3000 1898 3058 formulam
1925 2998 2069 3053 vitai.

1308 3089 1379 3144 45
1479 3089 1662 3145 Omnis
1682 3104 1808 3142 caro
1835 3096 1886 3139 ut
1911 3086 2082 3156 fenum

1418 3175 1695 3246 Flagrans,
1730 3174 1860 3229 licet
1886 3170 2095 3233 tiorila,

1418 3264 1616 3337 Sicque
1636 3261 1661 3302 ¹¹
1693 3264 1839 3335 quasi
1864 3264 1961 3333 ﬂos
1990 3261 2115 3332 feni,

1420 3359 1604 3415 Omnis
1632 3360 1746 3431 ejus
1775 3358 1963 3429 gloria.

1498 3448 1631 3507 Orto
1660 3449 1776 3504 sole
1804 3447 2002 3503 areScit

1312 3540 1379 3598 50
1422 3543 1648 3608 Fenum,
1680 3551 1736 3597 et
1764 3537 1862 3595 llos
1887 3538 2127 3610 deperit;

1417 3634 1508 3690 Sir.
1538 3643 1623 3691 est
1649 3633 1825 3689 omnis
1845 3631 2127 3701 juventus.

1418 3723 1599 3778 Virtus
1623 3738 1745 3778 cum
1775 3721 2054 3777 defecerit.

1488 3813 1839 3870 Pulchritudo
1869 3813 2148 3868 hominum

1418 3906 1721 3963 Senescens
1748 3905 2035 3961 delabitur.

1497 4176 1687 4233 Vultus
1710 4175 1909 4232 Christi
1935 4175 2118 4232 radius
2138 4219 2152 4243 ,

1422 4265 1538 4322 Pra:
1563 4266 1774 4322 cunctis
1802 4264 2052 4320 amabilis
2069 4306 2085 4329 ,

1420 4357 1589 4428 Magis
1615 4366 1697 4414 est
1717 4357 2041 4428 diligendus,

1316 4450 1385 4503 00
1432 4447 1603 4517 Quem
1636 4447 1733 4505 llos
1756 4447 1935 4504 carnis
1964 4446 2184 4513 fragilis.

1489 4541 1713 4609 Caveto,
1741 4540 1926 4607 filiole,

1422 4634 1701 4689 Seminare
1729 4632 1938 4702 species
1956 4672 1972 4697 ,

1425 4722 1571 4790 Quas
1598 4739 1744 4779 mors
1774 4722 2104 4791 ingredietur

1424 4812 1541 4869 Non
1572 4827 1735 4883 parva
1762 4811 2048 4883 pernicies.

1318 4904 1389 4959 65
1487 4903 1737 4974 Plerique
1762 4902 1999 4974 perpessi
2030 4910 2153 4957 sunt

1425 4995 1712 5053 Pmnarum
1745 4995 2012 5061 incendia,

1423 5084 1727 5141 Voluntatis
1756 5084 1976 5140 lubrica:

1425 5175 1683 5231 Nolentes
1711 5172 2012 5245 dispendia.

1499 5264 1755 5321 Poculum
1778 5264 2085 5333 implssima:

1324 5362 1391 5416 ‘70
1436 5360 1556 5416 Noli
1587 5375 1824 5430 unquam
1855 5359 2041 5414 bibere
2062 5399 2077 5422 ,

1324 5475 1387 5531 ν.
1428 5474 1517 5530 45.
1549 5472 1650 5530 Job
1678 5489 1792 5528 xm.

1429 5544 1463 5598 4
1477 5549 1517 5599 ’.
1553 5543 1694 5599 Psal.
1727 5559 1838 5600 cut.

1312 5668 1321 5681 κ
1422 5615 1511 5670 48.
1542 5613 1641 5670 Ms.
1673 5624 1769 5670 est.

1422 5685 1511 5740 49.
1542 5684 1643 5737 lsa.
1678 5701 1777 5749 xc;
1813 5682 1927 5742 Jac.
1959 5700 2051 5739 v-It.

1423 5756 1511 5811 55.
1548 5757 1645 5809 Hic
1673 5758 1909 5809 videntur
1938 5756 2111 5825 aliqua
2145 5755 2336 5809 deesse.

1426 5825 1512 5882 65.
1546 5826 1707 5881 Forte
1738 5841 1877 5880 mox.

2562 2245 2711 2302 Unde
2741 2246 2939 2303 multos
2967 2248 3287 2319 plerumque

2552 2338 2715 2395 Vides
2741 2338 2891 2395 ltetos
2909 2339 3107 2397 ridere.

2624 2429 2759 2485 Nam
2789 2444 3143 2503 quoscunque
3174 2431 3373 2487 videris

2554 2520 2753 2578 Ridere
2780 2521 3037 2590 inaniter,

2447 2608 2517 2664 75
2556 2609 2706 2667 Scito
2736 2610 2790 2666 in
2820 2611 3142 2677 novissimis,

2491 2707 2495 2711 ’
2550 2702 2706 2769 Quod
2735 2699 2939 2757 ﬂebunt
2962 2706 3237 2759 amariter.

2618 2790 2905 2862 Conspice,
2937 2793 3278 2858 charissima,

2546 2880 2638 2938 Sic
2666 2895 2787 2937 esse
2816 2882 3114 2946 libidinem,

2551 2974 2619 3030 Ut
2652 2975 2900 3030 morbum
2927 2974 3261 3032 mortiferum

2441 3064 2512 3119 80
2557 3065 2659 3133 Qui
2685 3067 2851 3121 vincit
2890 3066 3225 3124 dulcedinem

2619 3157 2739 3214 Noli
2772 3175 2975 3230 pronus
3004 3177 3230 3231 pergere

2545 3247 2651 3303 Per
2678 3249 2794 3304 vias
2821 3250 3130 3305 mortalium
3167 3272 3180 3305 :

2546 3336 2719 3406 Quam
2743 3339 2928 3396 multis
2956 3343 3202 3397 evenisse

2549 3427 2826 3501 Conspicis
2855 3430 3229 3502 naufragium?

2439 3519 2511 3574 85
2626 3520 2798 3592 Perge
2822 3520 2962 3579 inter
2990 3522 3214 3596 laqueos

2544 3610 2680 3669 Cum
2709 3614 2985 3687 suspensis
3005 3616 3232 3686 pedibus

2480 3774 2483 3777 Α
2550 3705 2655 3763 Per
2681 3723 2818 3777 quos
2846 3717 3037 3780 captos
3066 3717 3293 3765 caeteros
3354 3708 3361 3716 ’

2549 3796 2799 3853 incautos
2828 3799 3212 3869 comperimus.

2625 3887 2702 3943 De
2731 3889 2960 3945 terrenis
2987 3890 3138 3946 eleva

2442 3978 2513 4033 90
2552 3977 2652 4034 Tui
2679 3979 2860 4037 cordis
2888 3980 3098 4050 oculos;

2550 4069 2682 4125 Ama
2706 4071 3105 4130 amantissimos

2549 4161 2877 4231 Angelorum
2904 4167 3155 4238 papulas.

2621 4255 2785 4311 Beata
2814 4257 3014 4313 familia

2553 4347 2685 4415 Quae
2712 4349 2764 4404 in
2795 4348 2919 4405 altis
2946 4350 3172 4414 habitat,

2440 4436 2510 4490 95
2551 4434 2653 4492 Ubi
2680 4452 2846 4493 senex
2880 4453 2988 4493 non
3019 4450 3220 4506 gemat,

2543 4529 2729 4598 Neque
2758 4528 2935 4585 infans
2964 4530 3180 4600 vigilat;

2630 4619 2728 4676 Ubi
2754 4619 2943 4678 laudes
2971 4621 3184 4679 Domini

2547 4710 2703 4767 Nulla
2732 4728 2833 4767 vos
2864 4713 3097 4769 retinet:

2552 4800 2652 4858 Ubi
2683 4818 2954 4874 nunquam
2982 4807 3237 4875 esuritor,

2411 4894 2511 4950 100
2550 4894 2654 4953 Ubi
2686 4912 2959 4968 nunquam
2991 4900 3197 4968 sititur;

2624 4992 2726 5049 Ubi
2755 4994 2878 5049 cibo
2904 5009 3139 5065 superno

2472 5110 2477 5113 >
2551 5082 2710 5141 Plebs
2731 5086 2967 5142 etnlestis
2996 5086 3261 5157 pascitur;

2552 5173 2652 5232 Ubi
2677 5191 2838 5232 nemo
2863 5177 3115 5246 moritur,

2553 5265 2690 5335 Quia
2716 5283 2877 5324 nemo
2905 5266 3173 5334 nascitur;
3218 5258 3221 5263 ’

2412 5359 2517 5415 105
2614 5361 2715 5417 Ubi
2738 5363 2860 5417 aula
2888 5361 3032 5431 regia

2454 5476 2514 5531 ν.
2559 5475 2644 5529 69.
2676 5476 2838 5531 Forte
2864 5476 3111 5545 piissime.

2558 5546 2648 5602 79.
2682 5546 2841 5600 Forte
2868 5562 3114 5601 morsum.

2556 5616 2646 5671 80.
2681 5616 2783 5671 Pro
2814 5616 3103 5671 dulcedine.

2559 5688 2648 5742 85.
2689 5687 2857 5741 Aliter
2884 5703 2989 5753 φια-
3009 5690 3094 5745 vel
