4052 6332
559 259 668 319 6Ξό

1142 258 1241 315 ΑΒ
1265 258 1323 316 S.
1351 254 1741 315 ωιυΜΒΑΝι
1769 253 2002 313 OPEBA
2027 250 2390 311 APPENDIX.
2420 287 2490 299 —
2522 253 2912 312 DIPLOMATA
2941 256 3280 326 QUIEDAM.

3733 260 3841 316 εει

561 388 650 439 res
691 371 814 428 illas
847 384 965 442 quae
992 370 1148 427 nobis
1177 371 1546 435 obvenerunt,
1598 385 1695 441 per
1738 378 2069 440 praeceptum
2115 381 2148 423 a
2177 367 2230 427 Α
2256 376 2432 423 vestra
2481 370 2721 425 omnium
2769 380 2957 427 sancta
3006 372 3302 442 postulavit
3366 375 3678 443 pateniitas.
3734 377 3843 433 Nos

561 463 952 534 gloriosissimo
979 478 1103 533 rege
1131 462 1385 532 Agilulfo,
1414 478 1535 531 quae
1564 461 1819 532 adjacent
1860 462 2015 534 juxta
2045 459 2151 516 llu-

563 570 688 610 men
717 552 925 611 Trevi:e
956 556 1008 610 in
1026 555 1164 610 valle
1192 569 1311 624 qua:
1331 555 1639 610 nominatur
1660 554 1854 622 Bobio,
1873 563 1929 610 et
1949 561 2033 610 est
2053 569 2152 624 pro

566 645 806 715 legitima
836 660 1090 701 mensura
1115 646 1361 700 milliaria
1391 652 1627 715 quatuor
1654 663 1720 702 ex
1750 648 2000 703 omnibus
2028 662 2154 717 par-

566 738 727 802 tibus,
756 736 842 793 vel
880 736 1023 806 quod
1061 752 1159 794 nos
1206 738 1485 808 nostrique
1512 752 1857 794 successores
1883 740 2152 808 acquisie-

566 830 764 895 rimus,
796 838 855 883 ut
880 828 979 883 sub
1001 826 1315 884 defensione
1342 837 1398 884 et
1436 830 1775 885 immunitate
1804 829 2153 884 sanctissima:

567 920 714 976 sedis
736 920 1065 991 apostolicae,
1097 930 1278 977 vestro
1306 923 1610 992 vestrisque
1639 922 2043 977 successoribus
2067 922 2156 990 ju-

565 1011 707 1065 dicio
734 1009 1115 1080 prmjudicandi
1154 1019 1296 1065 sunt.
1325 1009 1381 1065 Si
1411 1025 1647 1082 unquam
1675 1013 1728 1066 in
1760 1021 2002 1081 tempore
2031 1020 2155 1082 post

566 1110 933 1157 constructum
975 1102 1279 1157 cmnobium
1328 1102 1507 1171 aliqua
1554 1104 1828 1159 contentio
1867 1120 1935 1159 ex
1982 1104 2156 1174 quali-

565 1192 777 1261 cundue
805 1200 958 1262 parte
992 1201 1112 1246 orta
1140 1191 1300 1246 fuerit
1350 1208 1420 1247 ex
1466 1207 1656 1262 magna
1711 1210 1987 1264 parvaque
2031 1210 2155 1263 per-

564 1296 700 1338 sona
728 1291 1008 1353 appareat,
1038 1283 1181 1352 quod
1212 1284 1265 1336 in
1294 1296 1589 1354 conspectu
1636 1286 1960 1341 sanctissimi
1991 1286 2153 1341 vestri

564 1376 801 1446 pectoris
828 1375 879 1429 in
910 1376 1158 1446 praesenti
1185 1375 1325 1430 facta
1356 1385 1510 1442 sunt,
1548 1385 1604 1430 ut
1626 1378 1678 1431 in
1712 1377 1891 1432 futuro
1921 1379 2144 1447 perenni

567 1464 985 1536 temporefmna
1005 1475 1375 1536 permaneant.
1395 1464 1451 1521 Si
1474 1468 1594 1538 quis
1623 1470 1765 1524 enim
1791 1469 1947 1525 aliter
1986 1471 2157 1539 egerit

567 1573 751 1627 quam,
784 1564 842 1611 ut
867 1572 1027 1626 supra
1056 1557 1255 1626 scripta
1281 1567 1436 1625 sunt,
1469 1558 1520 1614 ei
1549 1559 1956 1624 committimus,
1990 1560 2059 1615 ab
2086 1575 2154 1615 eo

567 1648 661 1720 qui
696 1648 866 1704 dixit:
898 1648 1030 1703 Ili/ii
1067 1650 1366 1717 vindictam,
1422 1660 1472 1704 et
1517 1667 1610 1723 ego
1658 1652 1983 1705 retribuam:
2015 1652 2156 1708 unde

2254 458 2437 529 itaque
2480 468 2738 516 aeternam
2784 471 3161 534 exspectantes
3205 467 3720 537 remunerationem,
3747 469 3841 525 de-

2254 549 2524 604 crevimus
2571 551 2876 607 acclamare
2916 554 3220 624 przesentia,
3254 565 3317 610 ut
3358 571 3657 612 mereamur
3686 568 3846 614 aeter-

2253 654 2352 705 na,
2377 649 2434 696 et
2473 640 2588 697 sine
2619 642 2723 698 line
2754 660 3026 700 mansura.
3068 643 3137 699 Et
3173 645 3296 701 ideo
3342 656 3573 702 vestram
3603 648 3844 703 omnium

2254 730 2532 788 audientes
2579 735 2892 803 petitionem
2935 735 3351 805 conlirmamus,
3391 747 3550 807 atque
3599 738 3845 796 cedimus

2253 824 2405 880 vobis
2421 825 2484 880 ad
2501 842 2696 881 nomen
2717 829 2999 883 beatorum
3021 830 3391 898 apostolorum
3419 830 3560 887 Petri
3581 841 3638 887 et
3660 831 3839 899 Pauli,

2254 912 2526 970 basilicam
2558 918 2714 971 sitam
2745 917 2798 971 in
2848 918 3020 973 Bobio
3061 920 3114 973 in
3145 919 3239 974 Dei
3269 923 3490 977 nomine
3518 923 3739 978 licentia
3770 924 3847 977 in-

2253 1006 2529 1063 habitandi
2556 1016 2611 1063 et
2649 1010 2973 1078 possidendi.
3006 1010 3358 1067 Derernimns
3401 1013 3581 1083 itaque
3612 1014 3750 1069 lines
3779 1015 3841 1067 ab

2255 1100 2402 1154 omni
2432 1109 2584 1170 parte
2628 1100 2863 1157 basilica:
2904 1102 3069 1171 ipsius
3118 1104 3364 1158 milliaria
3412 1113 3666 1174 quatuor,
3712 1106 3848 1159 sicut

2256 1188 2514 1243 Dominus
2543 1190 2756 1259 genitor
2780 1200 2965 1247 noster
3004 1206 3101 1262 per
3129 1208 3286 1247 suum
3326 1203 3652 1263 praeceptum
3686 1195 3845 1249 beato

2255 1278 2588 1335 Columbano
2620 1281 2850 1335 instituit
2893 1283 3113 1338 habere.
3160 1283 3365 1339 Przeter
3401 1294 3604 1341 tantum
3639 1286 3845 1338 medie-

2257 1378 2420 1424 tatem
2451 1371 2616 1440 putei,
2651 1372 2792 1444 qnod
2823 1373 2963 1429 idem
2994 1375 3210 1444 genitor
3249 1375 3494 1432 fundavit
3522 1379 3848 1433 venerabilis

2256 1460 2529 1515 memoriae
2556 1461 2653 1526 vir,
2676 1462 2942 1517 concessit
2970 1461 3052 1517 vel
3078 1463 3218 1532 ligna
3251 1464 3317 1519 ad
3349 1466 3489 1520 sales
3517 1466 3845 1535 coquendas.

2254 1547 2397 1616 quod
2424 1556 2478 1602 et
2504 1563 2601 1604 nos
2622 1549 2782 1603 simili
2811 1550 2972 1606 modo
3001 1554 3349 1609 concedimus
3379 1564 3540 1624 atque
3570 1555 3849 1610 ﬁrmamus

2256 1638 2657 1709 possidendum.
2699 1638 2955 1696 Similiter
2982 1643 3332 1713 Alpecellam,
3369 1661 3490 1716 qua:
3537 1647 3846 1717 appellatur

569 1742 690 1796 dum
718 1741 973 1796 chartula;
1003 1742 1117 1812 pari
1147 1749 1336 1796 ιρηοιιθ
1374 1742 1687 1812 subscripta;
1730 1758 1830 1812 ριιο
1856 1742 2153 1798 certissima
2189 1725 2230 1784 Β
2263 1728 2520 1796 Penuice,
2549 1731 2638 1786 ubi
2666 1731 2881 1787 domina
2912 1743 2969 1789 et
3004 1736 3235 1804 genitrix
3267 1748 3454 1794 nostra
3482 1738 3850 1795 Theodolinda

568 1831 796 1886 veritate
816 1829 930 1886 fieri
953 1832 1217 1898 volumus,
1240 1848 1468 1902 quarum
1496 1848 1654 1887 unam
1680 1832 1734 1888 in
1757 1834 1986 1889 ecclesia
2012 1834 2157 1889 beati

568 1921 714 1979 Petri
742 1924 1110 1993 apostolorum
1142 1923 1397 1994 principis
1436 1924 1698 1979 tradimus
1739 1924 2154 1990 observandam,

569 2016 797 2071 alteram
847 2015 1001 2070 nobis
1043 2006 1380 2079 retinuimus,
1425 2017 1729 2085 nostrisque
1757 2017 2160 2072 successmibus

568 2104 935 2169 retinendam,
981 2112 1042 2158 ut
1086 2103 1318 2158 diximus
1362 2106 1509 2159 omni
1555 2105 1899 2160 contentione
1928 2115 2156 2173 remota,

572 2198 900 2254 destruatur.
935 2197 1043 2252 Has
1072 2197 1341 2252 chartulas
1368 2196 1669 2254 offersionis
1697 2212 1830 2253 meae
1859 2197 2021 2254 Petro
2068 2214 2160 2254 re-

575 2290 963 2345 verendissimo
1010 2289 1238 2343 diacono
1285 2288 1600 2346 tradidimus
1644 2306 1769 2348 cum
1810 2292 2160 2361 stipulatione

574 2380 891 2437 solemniter
918 2381 1256 2450 interposita.

644 2472 836 2526 Actum
880 2472 932 2526 in
961 2472 1161 2540 palatio
1186 2472 1490 2540 Constant.,
1521 2474 1620 2529 sub
1648 2474 1735 2530 die
1764 2476 1922 2531 tertia
1963 2477 2162 2533 mensis

573 2560 911 2628 Novembris,
944 2564 1236 2620 indictione
1264 2581 1425 2636 supra
1453 2567 1650 2638 scripta
1681 2566 1926 2624 feliciter.

644 2653 756 2722 Ego
784 2652 1150 2710 Columbanus
1188 2656 1271 2711 hac
1314 2656 1574 2713 chartulas
1622 2655 1926 2715 oﬂ‘ersionis
1964 2673 2098 2714 mea:
2128 2673 2160 2715 a

574 2760 661 2802 tne
692 2745 841 2801 facta:
869 2755 1017 2813 sunt,
1060 2754 1115 2801 et
1138 2747 1321 2802 relatae
1342 2756 1488 2803 sunt.

644 2836 760 2907 Ego
790 2836 1094 2892 Bubulenus
1126 2838 1424 2893 monachus
1446 2847 1500 2893 et
1529 2840 1800 2895 sacerdos.

646 2927 760 2995 Ego
792 2926 1078 2983 Eunochus
1100 2928 1355 2984 sacerdos
1385 2938 1440 2983 et
1465 2932 1780 2985 monachus.

648 3019 759 3089 Ego
787 3019 1086 3076 Domitialis
1116 3020 1333 3075 humilis
1371 3020 1507 3077 diac.
1540 3020 1729 3077 Scotto
1758 3030 1813 3077 et
1841 3023 2158 3080 monachus.

646 3114 759 3183 Ego
790 3113 1075 3169 Evonenus
1098 3113 1350 3168 sacerdos
1379 3124 1435 3169 et
1462 3115 1781 3170 monachus.

646 3207 760 3277 Ego
790 3206 1095 3262 Bobulenns
1124 3207 1419 3263 monachus
1446 3216 1502 3262 et
1529 3208 1806 3264 sacerdos.

648 3297 762 3367 Ego
791 3297 1068 3367 Gurgazus
1092 3310 1291 3365 genere
1322 3296 1604 3353 Bertonus.

651 3388 764 3458 Ego
796 3388 1103 3445 Bonifacius
1131 3390 1659 3444 archiscrutinarius.

653 3478 764 3550 Ego
794 3478 1001 3533 Attalus
1029 3479 1281 3533 sacerdos
1310 3478 1375 3533 de
1401 3492 1600 3547 genere
1640 3478 1997 3538 Francorum.

654 3571 767 3642 Ego
797 3570 1087 3628 Deusdedit
1125 3571 1498 3628 scrutinarius.

655 3665 765 3734 Ego
794 3663 1114 3720 llieliaderus
1142 3663 1437 3735 prmsbyter
1463 3673 1518 3719 et
1546 3665 1862 3722 monachus.

657 3757 766 3825 Ego
799 3756 1073 3812 Romanus
1100 3755 1360 3811 diaconus
1388 3757 1599 3826 signum
1620 3757 1691 3812 al.
1720 3758 1789 3811 al.
1815 3757 1888 3813 al.

658 3847 822 3903 Leoni
844 3855 900 3901 et
924 3846 1183 3909 Simeoni,
1224 3855 1280 3901 et
1300 3846 1453 3902 Audo
1481 3855 1646 3903 testes
1682 3849 1891 3918 signum
1914 3848 1985 3905 al.
2010 3852 2080 3904 al.
2102 3851 2173 3906 al.

657 3937 848 4002 Leoni,
882 3937 1156 3992 Zachariae
1185 3937 1450 4008 Epiphoni
1480 3948 1668 3995 testes.

659 4028 773 4095 Ego
821 4026 1011 4082 Petrus
1056 4028 1349 4094 diaconus,
1399 4038 1455 4085 et
1498 4031 1739 4087 notarius
1788 4039 1991 4087 sauctze
2032 4032 2177 4090 sedis

587 4118 898 4192 apostolicae
918 4118 1014 4173 has
1033 4119 1310 4175 chartulas
1330 4122 1633 4178 oll'ersionis
1657 4125 1867 4196 scripsi,
1887 4128 2173 4198 publicavi,

590 4208 861 4282 complevi
890 4215 946 4264 et
967 4207 1112 4263 dedi.

1310 4298 1406 4354 111.

590 4413 932 4487 Canﬁrntatio
980 4412 1268 4484 supradicti
1312 4414 1568 4485 priuilegii
1619 4415 1683 4469 ab
1730 4417 1987 4476 Adivaldo
2036 4438 2176 4496 rege.
2208 4438 2264 4503 ι)

662 4524 877 4580 Flavius
906 4523 1195 4580 Adivaldus
1222 4522 1705 4583 excellentissimus
1725 4543 1820 4583 rex
1844 4535 2174 4591 monasterio

594 4614 1024 4671 beatissimorum
1071 4615 1439 4682 apostolorum
1486 4612 1632 4672 Petri
1682 4624 1738 4674 et
1787 4617 1939 4677 Pauli
1987 4622 2177 4683 sitoia

593 4704 826 4773 Ehobio,
848 4712 903 4760 et
930 4704 1071 4761 v.8.
1102 4706 1367 4762 Attalame
1393 4706 1518 4763 abb.
1544 4714 1599 4763 et
1626 4710 1877 4767 omnibus
1902 4714 2174 4773 monachis

596 4798 733 4866 ejus.
763 4795 899 4850 Dum
926 4796 1228 4852 devotionis
1255 4814 1420 4854 causa
1462 4816 1561 4870 pro
1604 4803 1805 4858 nostris
1850 4803 2179 4865 facinoribus

594 4887 986 4959 deprecandam
1017 4887 1301 4943 beatorum
1330 4892 1698 4959 apostolorum
1731 4894 1910 4949 aulam
1938 4898 2181 4955 venisse-

598 4997 738 5045 mus,
771 4979 932 5035 ubibo
959 4994 1122 5034 mem.
1148 4989 1304 5051 pater
1327 4990 1509 5036 noster
1532 4981 1785 5039 dominus
1813 4983 2182 5047 Columbanus

596 5087 828 5145 corpore
853 5070 1101 5142 quiescit,
1147 5072 1301 5141 petiit
1344 5073 1497 5129 nobis
1528 5080 1618 5127 tua
1650 5076 1948 5144 veneratio,
1976 5080 2182 5138 omnis-

596 5177 705 5233 que
745 5160 907 5217 simul
945 5174 1224 5216 servorum
1266 5160 1359 5215 Dei
1409 5162 1549 5215 alma
1577 5167 1947 5235 congregatio,
1990 5179 2048 5225 et
2074 5188 2186 5244 pra:

595 5252 847 5309 manibus
892 5250 1203 5307 ostendistis
1249 5250 1404 5305 nobis
1450 5261 1779 5324 praeceptum
1826 5254 2078 5329 Domini,
2130 5272 2187 5319 et

595 5345 854 5415 genitoris
882 5344 1053 5400 nostri
1082 5342 1292 5415 Agilulli
1321 5344 1483 5413 regis,
1513 5346 2003 5423 continebaturque
2033 5355 2084 5409 in
2118 5371 2186 5413 eo

596 5437 741 5509 quod
763 5438 976 5507 genitor
1003 5447 1190 5493 noster
1218 5438 1391 5491 locum
1443 5439 1604 5494 istum
1644 5439 1805 5498 beato
1845 5440 2183 5506 Columbano

597 5527 894 5582 tradiderat
920 5526 988 5581 ad
1018 5526 1445 5595 inhabitandam,
1472 5538 1527 5584 et
1555 5530 1938 5601 possidendum
1968 5535 2087 5603 sibi,
2133 5546 2189 5594 et

599 5620 691 5690 qui
724 5627 850 5691 post
886 5620 1060 5690 ipsum
1091 5628 1352 5691 perpetuo
1382 5619 1610 5680 Domino
1640 5625 1769 5682 inibi
1798 5628 2188 5690 desservierint

601 5728 701 5785 pro
729 5721 994 5784 tempore,
1025 5713 1168 5786 quod
1196 5722 1250 5768 et
1268 5717 1379 5773 'nos
1400 5716 1560 5776 simul
1586 5719 1771 5789 modo,
1804 5731 1864 5779 ut
1890 5724 2191 5784 faceremus

2259 1818 2648 1887 gloriosissima
2679 1822 2865 1891 regina
2888 1825 2958 1880 ob
2985 1841 3225 1881 amorem
3256 1829 3425 1898 patris
3445 1828 3851 1885 nostriColum-

2258 1911 2385 1965 bani
2415 1911 2657 1967 ascendit
2686 1913 2753 1967 ad
2782 1913 2961 1969 locum
3003 1916 3160 1971 istum
3190 1919 3613 1987 praevidendum.
3646 1920 3845 1976 Postu-

2262 1999 2393 2055 lavit
2438 2017 2468 2055 a
2497 2002 2653 2058 nobis
2689 2012 2749 2058 ut
2796 2004 2848 2059 in
2879 2015 3059 2062 vestro
3102 2018 3292 2063 sancto
3321 2013 3648 2066 monasterio
3681 2011 3849 2080 ipsam

2261 2093 2681 2149 concederemus
2709 2092 3055 2167 Alpeceilam,
3094 2103 3237 2171 quod
3266 2110 3320 2156 et
3357 2119 3455 2157 nos
3497 2104 3663 2173 ipsius
3695 2119 3850 2173 roga-

2264 2186 2466 2242 tionem
2511 2188 2796 2245 audientes
2844 2190 3028 2245 lihenti
3076 2192 3256 2247 animo
3303 2192 3637 2248 decrevimus
3689 2194 3848 2255 dare,

2262 2276 2554 2346 datumque
2582 2279 2634 2333 in
2684 2291 3003 2350 perpetuum
3030 2282 3200 2345 vobis,
3234 2289 3291 2336 et
3335 2283 3427 2351 qui
3480 2292 3603 2352 post
3650 2299 3755 2338 vos
3784 2285 3849 2338 ibi

2264 2368 2376 2424 Deo
2403 2371 2676 2425 militaturi
2709 2371 2923 2435 fuerint.
2952 2375 3202 2429 volumus
3232 2390 3569 2445 permanere.
3615 2375 3849 2448 ideoque

2263 2473 2519 2518 :nternam
2564 2480 2663 2519 nos
2706 2467 3111 2523 considerantes
3148 2469 3558 2525 retributionem
3605 2485 3710 2540 per
3757 2471 3854 2527 hoc

2264 2558 2547 2628 potestatis
2583 2566 2782 2613 nostra:
2822 2570 3149 2631 praeceptum
3179 2561 3564 2617 confirmamus
3594 2563 3647 2617 in
3673 2574 3852 2619 vestro

2263 2658 2453 2704 sancto
2483 2651 2812 2705 monasterio
2842 2651 2924 2706 vel
2953 2661 3142 2708 vestra:
3165 2654 3529 2709 venerationis
3551 2654 3664 2724 jam
3697 2669 3855 2724 super

2262 2739 2350 2810 jus
2376 2740 2693 2794 terminatos
2724 2739 2857 2796 fines
2884 2756 3003 2797 cum
3036 2743 3148 2812 ipsa
3179 2743 3453 2813 Alpecella
3494 2754 3680 2799 monte
3710 2744 3847 2800 Pen-

2266 2830 2386 2886 nice
2428 2846 2551 2885 cum
2594 2829 2786 2886 finibus
2827 2831 2938 2887 suis
2985 2842 3335 2902 percurrente
3384 2851 3481 2904 per
3528 2835 3674 2903 ipsos
3727 2836 3853 2891 fines

2265 2936 2434 2991 usque
2465 2921 2517 2975 in
2546 2931 2696 2990 petra
2727 2920 2796 2977 de
2822 2919 3038 2990 Gragio,
3071 2924 3302 2994 indeque
3328 2933 3638 2981 revertente
3667 2928 3855 2982 subtus

2266 3022 2419 3083 petra
2445 3012 2695 3069 Pedenna
2744 3014 2797 3068 in
2824 3022 3006 3069 causta
3056 3023 3343 3084 antequam
3406 3019 3760 3087 perveniatur
3804 3018 3852 3071 in

2266 3115 2419 3177 petra
2461 3106 2529 3162 de
2574 3105 2777 3175 Digna,
2837 3114 2891 3161 et
2939 3107 3133 3162 exinde
3176 3122 3274 3178 per
3311 3108 3483 3178 ipsam
3511 3110 3621 3175 jam
3658 3108 3856 3162 dictam

2267 3207 2474 3261 costam
2504 3212 2672 3266 usque
2702 3197 2754 3251 in
2786 3195 2950 3252 fluvio
2976 3194 3185 3253 Trevia:
3215 3214 3311 3266 per
3348 3208 3563 3255 nostras
3591 3200 3861 3256 recentio-

2274 3305 2365 3346 res
2407 3288 2590 3358 apices
2630 3286 2921 3343 identidem
2955 3290 3336 3359 possidcndum
3366 3290 3510 3346 dono
3556 3300 3751 3345 nostro
3780 3291 3861 3345 ﬁro

2268 3396 2501 3435 namus.
2547 3378 2822 3446 Quatenus
2856 3380 3113 3449 deinceps
3143 3381 3318 3436 nullus
3347 3397 3417 3437 ex
3453 3380 3748 3450 judicibus,
3775 3396 3861 3437 co-

2273 3472 2518 3536 mitibus,
2584 3470 2891 3539 gastaldiis,
2951 3471 3034 3525 vel
3089 3472 3371 3539 agentibus
3422 3473 3622 3528 nostris
3672 3472 3863 3527 exinde

2275 3565 2518 3620 minuere
2545 3570 2837 3636 praesumat
2874 3562 3093 3632 aliquid,
3123 3563 3219 3619 sed
3248 3578 3331 3629 ea,
3361 3579 3479 3632 quze
3507 3564 3619 3618 Deo
3650 3563 3867 3633 auspice

2276 3653 2603 3711 contulimus
2632 3655 2685 3709 in
2734 3654 2853 3723 ipso
2882 3663 3069 3710 sancto
3113 3670 3178 3709 ac
3206 3655 3516 3710 venerando
3564 3656 3713 3719 loco,
3766 3663 3865 3709 tam

2278 3742 2600 3798 felicissimis
2626 3742 2829 3797 nostris
2860 3742 3408 3812 temporibus,quam
3438 3744 3604 3797 etiam
3638 3752 3697 3797 et
3729 3743 3865 3796 futu-

2280 3832 2354 3888 ris
2382 3832 2558 3887 stabili
2586 3832 2775 3887 ordine
2806 3832 2920 3902 ipse
2949 3842 3171 3889 sanctus
3194 3833 3364 3899 locus,
3395 3834 3480 3887 vel
3513 3843 3606 3888 tua
3637 3834 3867 3889 beatitu-

2280 3923 2374 3991 do,
2399 3938 2495 3978 seu
2517 3924 2607 3992 qui
2629 3923 2908 3979 decedenti
2942 3932 3184 3994 tempore
3211 3925 3304 3979 tibi
3329 3925 3490 3981 fuerit
3517 3941 3866 3983 successurus

2281 4014 2664 4070 inviolabiliter
2691 4014 2977 4070 valeamiui
3027 4016 3324 4085 possidere.
3372 4016 3451 4072 Ex
3490 4018 3641 4073 dictu
3672 4018 3869 4073 domini

2283 4104 2458 4173 regis,
2508 4112 2563 4159 et
2609 4119 2677 4158 ex
2726 4103 2873 4158 dictu
2904 4104 3138 4175 Agiderii
3180 4108 3374 4162 notarii
3425 4109 3726 4179 subscripsi
3775 4122 3868 4177 ego

2285 4210 2440 4266 pron.

2357 4284 2549 4340 latum
2591 4283 2779 4342 Ticino
2810 4286 2863 4342 in
2911 4285 3115 4358 palatio
3145 4287 3248 4343 sub
3295 4287 3384 4344 die
3434 4288 3467 4341 8
3508 4288 3870 4346 Kalendarum

2287 4376 2541 4446 Augusti,
2569 4393 2712 4435 anno
2738 4379 3031 4436 felicissimi
3078 4382 3229 4449 regni
3273 4381 3443 4437 nostri
3470 4382 3527 4449 6,
3578 4383 3873 4438 indictione

2287 4470 2320 4523 9
2351 4468 2597 4525 feliciter.

2989 4539 3079 4596 IV.

2496 4634 2671 4689 Altera
2690 4631 3027 4705 Conﬁrmutio
3056 4634 3337 4705 supradicti
3379 4635 3662 4707 privilegii.

2355 4725 2571 4782 Flavius
2598 4726 2923 4796 Adjuvaldus
2937 4726 3416 4784 excellentissimus
3435 4743 3534 4783 rex
3557 4727 3877 4783 venerabilis

2285 4814 2575 4888 Bertulpho
2601 4816 2803 4881 abbati,
2834 4816 2915 4872 vel
2956 4817 3204 4873 omnibus
3258 4818 3539 4874 monachis
3591 4818 3875 4890 ejuspiam,

2286 4908 2440 4964 nobis
2462 4908 2727 4964 credimus
2763 4908 2831 4963 ab
2879 4909 3234 4978 omnipotenti
3268 4908 3500 4965 Domino
3555 4910 3878 4968 vicissitudi-

2287 5017 2409 5056 nem
2437 5004 2858 5073 recompensari,
2884 5004 2928 5058 si
2956 5001 3269 5058 sacerdotes
3296 5003 3351 5058 in
3381 5016 3548 5073 regno
3573 5013 3769 5061 nostro
3794 5018 3878 5059 sa-

2288 5092 2424 5149 lubri
2456 5094 2795 5151 ordinatione
2822 5093 2934 5150 Deo
2966 5108 3060 5149 sua
3094 5094 3361 5149 valuerint
3407 5104 3534 5150 vota
3582 5096 3877 5166 complere.

2292 5182 2522 5255 Ideoque
2549 5186 2688 5241 sicut
2735 5186 2919 5256 pietati
2966 5194 3167 5241 nostra:
3196 5184 3459 5242 Dominus
3487 5185 3761 5256 Agiiulfus
3790 5201 3878 5241 rex

2289 5277 2501 5344 genitor
2532 5287 2717 5332 noster
2766 5292 2881 5342 vos,
2921 5277 3006 5331 vel
3041 5292 3393 5347 praecessores
3423 5287 3657 5342 vestros,
3687 5288 3882 5335 sancta

2291 5367 2563 5421 memoriae
2592 5366 2810 5422 domino
2854 5365 3209 5435 Columbano,
3240 5369 3324 5423 vel
3349 5368 3542 5426 Attalze
3598 5372 3883 5427 abbatibm

2293 5454 2442 5510 Bobii
2473 5455 2541 5510 ad
2576 5456 2874 5522 basilicam,
2909 5457 3050 5513 beati
3099 5474 3165 5513 ac
3201 5459 3460 5531 principis
3509 5463 3883 5532 apostolorum

2297 5538 2436 5601 Petri
2462 5549 2729 5605 concessit
2750 5549 3095 5604 habitandum
3126 5566 3220 5621 per
3242 5553 3344 5608 hoc
3364 5553 3616 5622 generale
3640 5562 3880 5609 nostrum

2293 5651 2617 5709 pnnccplum
2639 5638 2883 5697 cedimus
2907 5640 3058 5696 vobis
3073 5641 3142 5696 ad
3168 5641 3327 5696 limen
3352 5643 3493 5698 beati
3511 5642 3658 5699 Petri
3686 5643 3883 5697 ibidem

2294 5730 2348 5785 in
2367 5729 2459 5783 Dei
2475 5730 2690 5786 nomine
2710 5729 2945 5797 licentia,
2962 5732 3235 5787 habitandi
3251 5741 3304 5787 et
3328 5732 3636 5804 possidendi
3651 5733 3884 5807 undique
