4052 6332
193 316 308 378 ωε

725 316 785 373 S.
817 312 1115 371 ALPHANI
1156 310 1643 368 BENEVENTANI
1686 309 1832 367 EP‘IS

1909 308 1989 365 »ΡΙ
2025 308 2310 367 CIIARTA
2353 306 2956 369 RENUNTIATIONIS.

3374 304 3483 371 3'26

194 436 334 494 ﬁnes
357 429 698 491 decernimus
722 428 861 487 sicut
883 444 915 484 a
949 427 1195 493 Domino,
1220 436 1277 483 et
1303 427 1549 497 genitore
1576 432 1781 489 nostro,
1813 432 1863 491 Α
1892 437 2061 493 usque
2108 422 2161 479 in
2190 430 2345 494 petra
2373 422 2443 479 de
2466 422 2685 492 Cragio,
2718 432 2773 505 et
2800 422 2997 479 exinde
3022 421 3211 479 subtus
3236 435 3388 495 petra
3417 428 3487 483 de

140 514 147 521 ’
195 534 398 583 sanctae
417 520 689 579 memoriae
714 518 934 575 domino
958 517 1310 580 Columbano,
1325 515 1410 571 vel
1432 513 1626 570 Attalte
1654 528 1788 569 con-

194 628 431 680 cessum,
444 612 529 668 vel
551 609 805 666 traditum
833 607 934 662 fuit
953 608 1021 661 ab
1043 605 1189 661 omni
1218 614 1370 675 parte
1391 620 1487 675 per
1506 604 1789 659 circuitum

195 708 429 763 milliara
448 712 702 775 quatuor,
722 716 816 757 seu
838 700 1004 763 culto,
1020 698 1103 753 vel
1132 699 1352 761 inculto,
1376 711 1566 766 ptzeer
1585 702 1788 749 tantum

194 798 544 855 medietatem
575 794 745 864 putei,
776 790 1028 861 quodque
1057 790 1289 844 suaserit
1335 790 1586 843 decessor
1614 795 1666 840 et
1697 800 1790 853 ge-

193 888 345 945 nitor
363 895 548 943 noster
575 881 838 953 Agilttlfus
860 897 958 936 rex
987 880 1274 944 concessit,
1303 879 1388 933 vel
1418 878 1559 947 ligna
1615 878 1679 930 ad
1709 877 1791 930 in-

194 977 535 1035 cenélen'tlum
554 974 693 1055 [inibi
720 973 786 1027 ad
815 972 956 1027 sales
1006 962 1335 1040 coquendas.
1391 968 1498 1023 Sed
1549 976 1603 1022 ct
1643 968 1791 1036 quod

194 1070 352 1124 Voltis
382 1084 411 1121 a
435 1067 679 1122 Russone
704 1080 804 1136 pro
841 1064 1152 1128 donatione,
1205 1070 1368 1131 atque
1416 1076 1538 1115 cum
1587 1060 1791 1113 ditione

193 1161 378 1215 evenit
395 1154 623 1215 ea‘dono
646 1164 831 1210 nostro
850 1154 903 1208 in
935 1161 1119 1207 vestro
1147 1151 1476 1205 monasterio
1500 1149 1794 1204 conlirtna-

193 1264 356 1316 tuus;
387 1248 483 1304 sed
506 1247 665 1303 etiam
697 1247 830 1302 lines
859 1245 999 1309 illos,
1028 1259 1165 1315 quos
1194 1241 1441 1313 superius
1485 1241 1791 1295 nominavi-

1893 513 2107 571 Pedena
2138 515 2190 569 in
2239 524 2387 569 casta
2415 524 2703 584 antequam
2738 516 3083 586 perveniatur
3121 517 3188 571 ad
3220 518 3399 586 digna,
3428 525 3489 574 et

1895 622 1990 677 per
2008 607 2175 678 ipsam
2200 615 2407 662 eodem
2433 622 2598 678 usque
2630 609 2683 662 in
2710 607 2873 664 ﬂuvio
2898 608 3121 663 Treviae.
3149 608 3491 679 Quapropter

1892 700 2082 754 dantes
2113 700 2164 752 in
2195 699 2460 753 mandatis
2489 700 2737 755 omnibus
2779 700 3023 763 ducibus,
3072 702 3357 771 gastaldis,
3389 716 3485 757 seu

1892 788 2203 842 actionariis
2244 790 2459 852 nostris,
2512 800 2567 842 ut
2618 790 2798 845 nullus
2847 806 3036 846 eorum
3093 803 3282 845 contra
3343 792 3484 846 hanc

1893 880 2145 949 prmcepli
2188 880 2358 934 nostri
2398 882 2647 949 paginam
2689 882 2768 935 ire
2807 883 3021 949 quando
3043 896 3129 950 {ue
3176 892 3486 951 prmsumat.

1892 969 2168 1036 Quatenus
2195 986 2292 1039 pro
2319 969 2512 1034 salute,
2540 979 2594 1024 et
2621 971 2914 1027 stabilitate
2937 973 3083 1041 regni
3117 974 3288 1027 nostri
3310 973 3488 1026 domi-

1893 1077 2020 1115 nmn
2055 1062 2279 1115 valentis
2305 1061 2392 1115 die
2419 1076 2482 1115 ac
2512 1070 2670 1117 nocte
2693 1062 3005 1132 deprecare.
3034 1063 3233 1132 Scripsi
3256 1078 3355 1133 ego
3386 1063 3491 1118 Bo-

1895 1170 1996 1209 nus
2025 1154 2287 1208 notarius.

1972 1244 2162 1299 Datum
2187 1243 2364 1313 Papia‘
2388 1245 2439 1298 in
2463 1244 2662 1315 palatio
2687 1244 2787 1298 sub
2815 1244 2902 1299 die
2929 1244 2996 1301 16
3020 1246 3216 1301 mensis
3244 1246 3489 1315 Augusti,

194 1356 345 1406 mus,
377 1340 612 1396 basilice
640 1339 781 1394 beati
814 1337 957 1392 Petri
980 1335 1064 1391 vel
1089 1336 1243 1389 vobis
1265 1334 1543 1389 tribuimus
1566 1332 1797 1386 habendi
1828 1328 1873 1386 Β
1905 1349 2047 1387 anno
2071 1334 2219 1400 regni
2252 1334 2421 1388 nostri
2447 1333 2673 1389 feliciter
2701 1335 2754 1400 7,
2787 1334 3081 1390 indictione
3111 1334 3197 1389 10.

2152 1504 3347 1518 ῄςα-ᾙ--ηκ-α--αμ--η-
3362 1511 3489 1520 ~—

906 1506 1331 1515 —~__————-——-—._.._.
1350 1507 1363 1512 -
2152 1504 3347 1518 ῄ-ςα-ᾙ--κ-α--αμ--η-
3362 1511 3489 1520 ~—

214 1506 3179 1562 ﬂmi
3198 1551 3291 1558 ...υ-
3309 1522 3493 1562 Ξ

1507 1628 1678 1696 anno
1724 1650 1954 1693 eorum
2004 1652 2198 1695 ncxv.

564 1910 1660 2121 SAN’CTUS
1793 1953 3134 2142 ALPHANUS,

1314 2227 1951 2293 BENEVENTANUS
1992 2212 2441 2293 EPISCOPUS.

764 2536 1258 2624 NOTITIA
1335 2536 1989 2622 HISTORICA
2042 2538 2166 2620 IN
2224 2532 2928 2626 ALPHAJSUM.

1325 2792 1565 2858 (Ughelli,
1594 2792 1729 2843 Italia
1752 2792 1929 2851 Sacra,
1957 2804 1992 2842 t.
2022 2792 2154 2857 Vlll,
2186 2810 2233 2857 p.
2264 2795 2361 2857 18.)

278 2968 572 3037 Alphanus.
603 2968 990 3023 Beneventanae
1040 2966 1281 3023 ecclesiae
1321 2966 1626 3036 episcopus,
1659 2966 1794 3019 vixit

200 3074 348 3116 anno
362 3060 556 3114 Christi
578 3059 700 3125 615,
726 3060 876 3117 ducis
893 3059 1101 3115 Arichis
1119 3060 1271 3130 primi
1292 3059 1793 3115 Beneventanorum

199 3168 352 3206 anno
379 3151 479 3219 2.5;
509 3152 654 3223 quod
698 3153 921 3222 intelligi
968 3160 1151 3224 potest
1179 3167 1247 3206 ex
1292 3151 1621 3207 documento
1650 3151 1795 3219 ejus-

200 3240 330 3294 dem
372 3240 600 3311 Alphani
642 3242 1056 3297 renuntiationis
1099 3241 1298 3311 juriutn
1340 3242 1589 3297 ecclesia:
1618 3241 1793 3297 sancti

201 3330 456 3395 Martini,
506 3332 657 3401 cujus
701 3334 861 3387 verba
912 3332 1048 3387 infra
1102 3333 1348 3401 exposita
1399 3341 1613 3388 exstant
1652 3333 1797 3404 apud

202 3422 414 3476 Chron.
434 3421 643 3479 Sanctte
669 3423 903 3493 Sophiac.

275 3513 505 3569 lndictio
545 3524 601 3570 et
642 3517 851 3585 cpocha
893 3530 1155 3571 annorum
1185 3516 1413 3570 ducatus
1457 3514 1669 3569 Arichis
1700 3530 1800 3583 op-

203 3611 445 3673 portune
473 3604 527 3659 in
557 3605 658 3660 hoc
696 3606 1024 3663 documento
1055 3606 1200 3663 cadit
1244 3606 1300 3661 in
1339 3621 1482 3662 anno
1512 3604 1636 3660 6l5.
1688 3605 1799 3663 lie-

1905 2974 2071 3034 gn‘are
2100 2968 2265 3037 erepit
2316 2970 2522 3025 Aricltis
2560 2971 2765 3041 primus
2811 2980 2933 3041 post
2977 2970 3261 3039 Zotoncm,
3308 2970 3498 3026 salutis

1905 3075 2047 3116 anno
2087 3061 2211 3115 59L
2248 3061 2415 3118 Porro
2444 3063 2671 3120 ecclesia
2718 3065 2805 3118 illa
2837 3065 3008 3119 sancti
3059 3065 3268 3119 Martini
3311 3064 3380 3119 ab
3404 3065 3496 3117 Al-

1905 3151 2087 3221 pbano
2127 3153 2377 3208 immunis
2406 3152 2544 3209 facta
2574 3156 2736 3210 cessit
2782 3162 2905 3223 post
2949 3169 3120 3208 annos
3151 3153 3408 3223 plurimos
3439 3154 3493 3207 in

1904 3243 2287 3314 proprietatem
2333 3246 2543 3300 etenobi
2586 3255 2786 3300 sancttn
2832 3246 3080 3315 Sophizc,
3133 3245 3272 3298 unde
3325 3246 3499 3309 ipsum

1906 3334 2135 3403 Alphani
2178 3335 2559 3391 documentum
2592 3337 2731 3390 inter
2778 3336 2882 3390 alia
2925 3335 3251 3404 cxscriptom
3296 3334 3394 3387 fuit
3441 3334 3497 3388 in

1906 3425 2176 3496 Sophiana
2205 3427 2494 3493 Chronica,
2526 3445 2645 3499 qttzc
2685 3430 2916 3501 Alphani
2943 3429 3255 3484 memoriam
3288 3429 3354 3481 ad
3384 3441 3494 3497 po-

1906 3527 2082 3574 steros
2108 3522 2444 3589 perennavit.

1042 3862 1730 3979 SANCTI
1805 3866 2668 3982 ALPEANI

1477 4073 1599 4125 BEN
1608 4073 1923 4128 EVENTANI
1956 4076 2266 4144 EPISCOPI,

364 4222 767 4354 CHARTA
801 4220 1682 4350 RENUNTIATMNIS
1733 4224 2120 4354 JURIUM
2173 4223 2654 4359 ECCLESIIE
2709 4232 2795 4359 S.
2841 4229 3333 4360 MARTINI.

280 4552 346 4610 in
388 4551 607 4609 nomine
647 4548 858 4605 Domini
906 4548 1075 4603 nostri
1124 4545 1251 4602 Jesu
1303 4546 1520 4610 Christi,
1579 4546 1805 4617 ejusque
1835 4529 1880 4589 (λ
1914 4544 2070 4613 siam,
2118 4556 2176 4602 ut
2202 4564 2310 4604 non
2342 4552 2647 4623 presbyter,
2690 4550 2972 4616 diaconus,
3016 4550 3102 4606 vel
3142 4550 3504 4611 subdiaconus

199 4641 571 4702 sanctissimae
599 4637 912 4696 Genitricis.

283 4732 647 4805 Temporibus
672 4730 873 4787 domini
901 4729 999 4784 viri
1024 4726 1394 4799 gloriosissimi
1427 4725 1637 4782 Arichis
1664 4743 1811 4782 sum-

198 4830 285 4886 ttti
346 4827 503 4884 ducis
561 4826 735 4895 gentis
786 4823 1293 4894 Longobardorttm,
1352 4835 1494 4874 anno
1551 4820 1809 4888 vigesimo

198 4927 416 4993 quarto
453 4915 825 4987 gloriosissimi
854 4917 1100 4981 ducatus,
1130 4914 1223 4983 qui
1253 4926 1439 4969 mense
1478 4910 1693 4982 Martio,
1724 4912 1810 4969 in-

198 5010 459 5067 dictione
481 5017 673 5079 quarta
696 5008 958 5062 ﬁrmatus.

284 5102 405 5158 Nos
438 5101 687 5157 dominus
728 5101 813 5155 vir
864 5100 1209 5156 beatissimus
1252 5099 1412 5170 hujus
1457 5095 1811 5155 sanctissime

196 5195 366 5256 sedis
408 5192 803 5249 Beneventanae
850 5191 1132 5263 Alpbanus
1174 5192 1651 5249 reverendissinms
1697 5191 1812 5262 epi-

197 5302 445 5360 scopus,
490 5287 563 5342 ob
606 5285 932 5341 solutionem
961 5284 1204 5341 ecclesiae
1230 5284 1402 5341 sancti
1426 5280 1663 5349 Martini,
1715 5281 1814 5338 tibi

200 5376 596 5436 Tmemundo
630 5375 1000 5442 Schuldacbis,
1026 5376 1258 5449 qualiter
1282 5387 1340 5431 tu
1370 5375 1647 5433 nominate
1675 5376 1808 5431 Tra-

196 5470 474 5530 simunde
512 5469 681 5540 ipsam
710 5469 907 5539 smpius
932 5468 1131 5525 dictam
1154 5469 1437 5525 ecclesiam
1467 5484 1499 5524 a
1528 5484 1672 5525 novo
1696 5468 1817 5524 fun-

196 5561 462 5628 damine,
508 5576 679 5632 usque
717 5560 784 5615 ad
813 5560 1025 5616 culmen
1058 5558 1482 5617 consecrationis
1519 5559 1819 5630 perducere

200 5657 372 5711 visus
404 5667 463 5708 es
505 5652 559 5707 in
589 5660 683 5708 tuo
711 5651 931 5723 proprio
966 5651 1260 5718 territorio,
1302 5651 1425 5707 loco
1469 5651 1562 5721 qui
1593 5661 1819 5706 vocatur

198 5732 653 5811 Monsbonionis,
700 5742 793 5814 qui
821 5758 942 5801 esse
972 5742 1183 5799 videtur
1216 5743 1269 5801 in
1313 5742 1521 5799 Buentc
1548 5742 1691 5807 loco,
1725 5757 1817 5797 ca-

199 5834 419 5893 nonica
482 5837 693 5894 ratione
741 5834 1071 5892 absolvimus
1113 5850 1233 5891 eam
1283 5835 1595 5907 praedictam
1642 5833 1817 5891 eccle-

1913 4635 2113 4692 habeat
2164 4648 2486 4707 potestatem
2522 4655 2645 4696 eam
2688 4639 2923 4696 dandam
2957 4642 3009 4695 in
3053 4642 3302 4711 plehutea
3347 4654 3505 4715 parte

1914 4745 1947 4784 e
1975 4743 2037 4784 se
2078 4730 2387 4798 voluerunt,
2443 4740 2537 4787 aut
2580 4731 3018 4798 subtrahendam,
3067 4746 3163 4804 per
3211 4734 3507 4804 quemlibet

1916 4820 2150 4883 titulum,
2209 4832 2439 4894 excepto
2482 4824 2828 4894 presbytero,
2882 4839 3043 4893 quem
3107 4835 3183 4891 tu,
3228 4827 3509 4883 nominate

1916 4908 2287 4974 Trasimunde,
2330 4911 2414 4966 vel
2442 4913 2517 4966 tui
2547 4913 2786 4969 haeredes
2823 4928 2920 4983 per
2946 4922 3214 4985 tempora,
3255 4916 3508 4971 ordinare

1920 5002 2166 5068 solveris,
2205 5003 2319 5072 ipsa
2360 5004 2472 5072 jam
2499 5004 2639 5058 facta
2664 5004 2915 5071 ecclesia,
2970 5006 3144 5071 nobis,
3194 5006 3279 5061 vel
3306 5007 3508 5064 nostris

1920 5093 2322 5149 successoribus
2347 5094 2399 5148 in
2430 5096 2762 5150 nominatam
2790 5104 3031 5150 sanctam
3055 5094 3238 5151 sedem
3269 5103 3508 5151 nostram

1922 5183 2163 5255 pervenit
2203 5184 2622 5251 consecrandus,
2669 5185 2968 5241 secundum
3019 5186 3335 5241 canonicam
3381 5199 3509 5240 sau-

1921 5273 2187 5330 ctionem;
2210 5288 2335 5329 nam
2355 5274 2515 5330 aliam
2536 5275 2740 5331 uallata
2761 5290 2938 5332 rerum
2959 5277 3157 5332 habeat
3186 5281 3508 5345 potestatem

1921 5366 2083 5423 dandi
2114 5382 2201 5432 ea,
2248 5381 2425 5439 neque
2452 5383 2481 5423 a
2511 5383 2599 5425 me
2636 5368 2882 5439 Alphano
2929 5368 3139 5425 Domini
3179 5366 3354 5437 gratia
3390 5367 3509 5438 epi-

1919 5474 2107 5531 scopo,
2136 5474 2312 5530 neque
2346 5462 2400 5515 in
2429 5460 2661 5531 posteris
2690 5461 2826 5517 meis
2853 5475 3124 5531 nunquam
3176 5457 3381 5516 habeas
3408 5460 3510 5514 ali-

1920 5553 2135 5622 quando
2163 5553 2398 5621 aliquam
2437 5552 2866 5622 requisitionem,
2909 5559 3001 5606 aut
3026 5550 3509 5621 reprehensionem

1920 5643 1990 5700 de
2019 5644 2121 5700 hac
2150 5659 2269 5699 mea
2298 5643 2672 5708 absolutione;
2709 5642 2805 5697 sed
2836 5657 2902 5697 ex
2949 5657 3113 5709 nunc,
3149 5651 3205 5698 et
3234 5655 3405 5710 usque
3458 5642 3511 5696 in

1921 5737 2195 5809 perpetuis
2226 5736 2576 5807 temporibus,
2624 5733 2854 5803 qualiter
2898 5734 3147 5806 superius
3182 5735 3400 5805 legitur,
3454 5735 3510 5790 in

1925 5834 2035 5904 ipsa
2052 5832 2260 5887 ratione
2274 5846 2589 5903 permanere
2606 5830 2785 5885 valeat
2808 5829 2919 5900 ipsa
2951 5830 3226 5886 nominata
3255 5827 3512 5887 ecclesia.
