4052 6332
190 351 295 407 3‘29

882 337 1439 395 lNTEliPllETATIO
1481 332 1779 390 MYSTICA
1833 326 2370 387 PBOGENITORUM
2410 325 2701 384 CHRISTI.

3370 327 3472 382 550

188 464 373 522 Iesum
399 458 633 516 hominis
672 455 874 531 (Forte,
909 454 1166 523 nominis]
1197 451 1457 520 cujusque
1488 447 1767 503 referenda
1804 452 1851 510 Α
1880 443 2117 513 plantam
2196 437 2398 511 (Forte,
2454 433 2659 531 pla-uta]
2718 448 2952 531 namque
3020 444 3170 531 retro
3220 437 3472 531 retrudit,

188 560 262 616 sit
303 552 703 623 interpretatio,
750 548 1200 604 convenientibus
1242 559 1517 600 sacrarum
1546 541 1784 610 Scriptu-

190 662 377 703 rarum
426 650 701 698 astruatur
729 638 1074 703 testimoniis,
1122 638 1403 707 ipsumque
1447 633 1781 689 Salvatorem

190 751 385 795 omnes
413 731 745 802 genealogus:
777 729 1158 797 generationes
1188 726 1447 794 ligurasse
1472 738 1534 777 ac
1560 722 1787 791 praphe-

188 836 341 883 tasse
365 827 685 889 doceantur,
714 820 865 889 cujus
886 818 1216 886 genealogitc
1245 816 1421 870 divina
1449 812 1781 884 providentia

187 927 318 974 sunt
369 918 603 971 insertae.
660 913 920 972 Dominus
966 912 1147 980 itaque
1196 908 1351 964 Jesus
1397 907 1659 968 Christus,
1694 904 1782 969 qui

188 1017 275 1064 est
305 1007 564 1063 Sacerdos
606 1004 885 1058 secundum
935 1004 1165 1057 ordinem
1196 998 1572 1054 Melchisedech
1609 996 1783 1065 (Psal.

186 1096 344 1167 cu),
397 1105 452 1149 et
503 1094 618 1147 Rex
670 1093 963 1147 secundum
1011 1092 1331 1146 electionem
1388 1088 1576 1151 David,
1624 1101 1786 1154 quem

188 1187 349 1242 unxit
388 1184 605 1239 Samuel
632 1199 741 1251 prae
770 1184 1023 1236 lratrlhus
1047 1182 1160 1236 suis
1189 1183 1239 1235 in
1265 1195 1443 1248 regem
1473 1188 1529 1232 et
1555 1178 1788 1247 prophe-

189 1293 301 1331 tam
330 1274 380 1347 (l
416 1275 543 1347 Reg.
569 1291 679 1341 xvt,
713 1272 826 1341 l8),
860 1274 999 1326 sicut
1022 1273 1185 1327 etiam
1217 1269 1598 1337 Paler,Jcsutn
1629 1269 1783 1322 Chri-

184 1378 334 1422 stum
364 1368 473 1421 oleo
504 1366 697 1421 ltetitite
738 1380 847 1434 pra:
893 1364 1228 1433 participibus
1266 1363 1372 1415 suis
1404 1359 1591 1431 (Hebr.
1626 1376 1672 1423 ι,
1707 1360 1784 1427 9),

185 1458 242 1511 in
274 1457 390 1530 [qui
430 1455 506 1525 in]
554 1454 873 1524 patriarcltis
920 1452 1231 1506 Patriarcha
1259 1488 1274 1516 ,
1318 1453 1372 1505 in
1416 1450 1790 1505 sacerdotibus

184 1548 477 1611 Sacerdos,
506 1548 557 1599 iu
583 1543 852 1613 iudicibus
890 1541 1082 1604 Judcx,
1116 1543 1167 1596 in
1193 1543 1467 1611 prophetis
1494 1540 1785 1610 Propheta,

188 1639 244 1693 in
272 1637 501 1692 ducibus
533 1636 676 1700 Dux,
728 1635 780 1689 in
822 1634 1083 1703 apostolis
1114 1632 1405 1703 Apostolus
1431 1648 1445 1697 ;
1481 1632 1531 1686 in
1559 1630 1788 1701 angelis,

187 1749 368 1803 magni
392 1731 600 1784 consilii
627 1730 853 1798 Angelus
884 1729 1100 1782 dicitur.

1956 533 2015 588 In
2044 532 2178 586 Juda
2208 532 2459 600 confitens
2501 527 2744 586 (Hieron.
2781 567 2799 593 ,
2844 529 2900 580 in
2930 544 2976 580 ο.
3008 543 3065 581 ιιι
3115 526 3311 594 Mam,
3358 536 3407 580 et
3438 529 3477 583 Ι.

1890 624 2086 693 lnterp.
2132 637 2270 676 nom.
2326 621 2390 673 de
2419 619 2656 683 Matth.;
2704 614 2879 688 Orig,
2930 618 3069 689 hom.
3102 617 3169 670 17
3207 620 3261 671 in
3290 616 3473 685 Gem),

1885 715 1977 783 qui
2006 713 2141 768 dixit
2172 731 2184 766 :
2218 712 2481 783 Conﬁteor
2518 710 2632 778 tibi,
2669 710 2830 763 Pater
2856 709 3077 765 Domine
3106 711 3219 765 caeli
3247 718 3297 764 et
3324 718 3476 763 terra:

1889 806 2104 877 (Matth.
2140 822 2240 871 xu,
2273 803 2384 874 25).

1960 903 2017 957 In
2061 901 2261 955 Phares
2306 899 2513 954 Dicisor
2568 899 2832 969 (Origen.,
2872 900 3010 953 hom.
3057 897 3129 952 25
3169 899 3222 952 in
3255 897 3480 967 Matth.)

1888 992 1980 1063 qui
2033 999 2242 1061 separat
2280 1005 2395 1044 oves
2421 988 2485 1042 ab
2513 989 2675 1042 [taedis
2709 987 2925 1057 (Matth.
2960 1004 3087 1055 xxv,
3120 987 3213 1057 3‘2)
3243 1029 3258 1053 ,
3294 987 3344 1042 id
3374 996 3477 1051 est,

1891 1081 2196 1138 fructuosos
2226 1083 2292 1136 ab
2318 1081 2689 1136 inl‘ructuosis.

1961 1173 2019 1228 In
2048 1174 2179 1228 Zara
2210 1172 2711 1244 0rientalis(Philo,
2735 1175 2773 1227 l.
2809 1172 3005 1244 lnterp.
3043 1191 3179 1229 nom.
3212 1175 3277 1227 de
3302 1173 3480 1243 Gem),

1891 1266 1959 1322 de
1980 1282 2088 1336 quo
2117 1268 2452 1337 prophetalis
2475 1268 2695 1338 spiritus
2721 1285 2734 1321 :
2759 1267 2911 1332 Ecce,
2942 1269 3137 1337 inquit,
3167 1269 3262 1323 Vir
3293 1268 3483 1324 Oriens

1892 1376 2076 1414 nomen
2106 1360 2236 1429 ejus.
2268 1358 2345 1413 De
2367 1374 2475 1427 quo
2504 1360 2632 1414 item
2659 1359 2946 1414 Zacharias
2975 1361 3050 1413 ait
3076 1378 3087 1411 :
3127 1360 3362 1413 Visitavit
3392 1377 3485 1414 nos

1896 1448 2082 1505 Oriens
2107 1468 2171 1505 ea:
2200 1453 2305 1505 allo
2337 1450 2523 1521 (Zach.
2575 1468 2645 1517 vt,
2681 1450 2787 1516 12;
2833 1450 2960 1506 Luc.
2998 1469 3036 1518 ι,
3067 1452 3177 1521 78).
3217 1451 3280 1504 Et
3310 1453 3432 1507 alibi
3468 1471 3480 1504 :

1897 1542 2208 1598 Timentibus
2237 1561 2421 1599 nomen
2456 1544 2664 1599 Domini
2713 1546 2910 1597 orietur
2953 1546 3031 1599 sol
3055 1546 3295 1614 justitiat,
3321 1555 3369 1597 et
3398 1562 3487 1599 sa-

1895 1635 2031 1687 nitas
2052 1634 2105 1687 in
2134 1636 2315 1704 pennis
2350 1637 2460 1705 ejus
2488 1635 2744 1706 (Malach.
2767 1653 2840 1704 tv,
2863 1636 2940 1708 2);
2982 1638 3135 1705 cujus
3164 1637 3270 1691 diei
3307 1643 3484 1690 ortum

1893 1737 1951 1782 et
1996 1744 2251 1783 occasum
2306 1728 2494 1783 videre
2547 1729 2861 1799 concupivit
2916 1729 3205 1792 Abraham,
3268 1737 3323 1781 et
3360 1727 3491 1781 vidit

259 1822 318 1875 In
354 1820 622 1874 Ahahatn
654 1815 813 1871 Pater
838 1817 1069 1871 excelsus
1101 1815 1419 1883 intelligitur
1448 1812 1696 1885 (Hieron.
1750 1815 1788 1865 ι.

1904 1818 2083 1889 (Joan.
2120 1836 2231 1883 vtu,
2257 1818 2370 1889 56).
2405 1821 2593 1873 Ortum
2627 1832 2806 1873 autem
2838 1821 3196 1885 nativitatem,
3228 1832 3332 1889 qua
3373 1819 3493 1871 l'er.

191 1912 402 1982 lnterp.
448 1926 590 1964 nam.
626 1908 813 1975 Helm,
870 1908 932 1961 de
962 1906 1141 1976 Gem),
1171 1906 1238 1961 de
1265 1921 1376 1975 quo
1430 1906 1571 1958 inter
1595 1911 1790 1958 cetera

185 2004 354 2057 Isaias
382 2003 664 2071 loquitur:
709 1999 987 2054 Vocabitur
1030 2015 1213 2052 nomen
1259 2004 1374 2068 ejus
1422 1994 1790 2060 Admirabilis,

192 2093 559 2157 Cansiliarius,
595 2092 732 2145 Deus
765 2089 964 2157 Fortis,
1003 2090 1160 2143 Pater
1190 2091 1353 2160 futuri
1381 2090 1582 2155 stccnli,
1630 2086 1790 2140 Prin-

187 2206 311 2256 ceps
334 2190 479 2259 pacis
512 2185 666 2258 (Isai.
719 2202 794 2250 ts,
824 2186 901 2255 6).
961 2182 1025 2237 Et
1054 2182 1218 2237 David
1263 2182 1473 2251 inquit:
1510 2180 1571 2234 Si
1621 2191 1793 2233 autem

189 2280 560 2351 dereliquerint
588 2280 685 2348 ﬁlii
728 2279 841 2345 ejus
868 2278 1029 2346 legent
1070 2292 1256 2339 meum,
1282 2284 1330 2328 et
1354 2276 1406 2327 in
1424 2274 1638 2344 judiriis
1668 2275 1794 2365 mei's

190 2388 298 2425 non
320 2370 744 2432 ambulaverint;
774 2368 819 2420 si
852 2367 1086 2436 justitias
1130 2382 1271 2418 meas
1302 2365 1716 2435 profanarerint,
1746 2371 1796 2417 et

190 2463 446 2517 mandata
467 2478 580 2515 mea
602 2477 704 2514 non
728 2460 1085 2523 custodierint,
1110 2456 1326 2511 visitabo
1348 2460 1402 2510 in
1431 2459 1572 2528 virga
1600 2458 1794 2525 iniqui-

199 2563 337 2609 tates
365 2569 541 2608 eorum
560 2552 735 2622 (Psal.
767 2550 1045 2618 Lxxxvut).
1064 2550 1199 2605 Cum
1221 2550 1363 2603 enim
1387 2548 1679 2601 ceciderint
1705 2546 1796 2600 lilii

194 2645 408 2700 Domini
464 2643 634 2698 nostri
682 2642 811 2697 Jesu
862 2640 1084 2705 Christi,
1131 2655 1269 2709 quos
1319 2641 1484 2691 verbo
1536 2640 1656 2692 vitae
1705 2652 1797 2704 ge-

192 2734 332 2798 nuit,
357 2743 410 2788 et
442 2749 539 2803 per
567 2734 893 2801 baptismum
926 2733 1118 2785 iterum
1152 2730 1297 2783 nasci
1332 2730 1476 2793 fecit,
1509 2744 1613 2781 oon
1640 2727 1794 2781 colli-

191 2823 434 2889 dentur;
474 2823 601 2893 quia
654 2823 908 2877 Dominus
937 2821 1192 2890 supponit
1225 2835 1439 2871 manum
1483 2818 1795 2873 miscricor-

191 2915 301 2971 ἀίω
345 2932 457 2972 sua:
487 2915 659 2983 (Psal.
702 2932 887 2982 xxxvi,
936 2914 1028 2983 21)
1053 2929 1210 2983 quam
1262 2913 1587 2982 periciitanti
1635 2912 1797 2967 Petro

193 3006 441 3076 porrexit
481 3005 697 3076 (Matth.
731 3022 839 3069 xiv,
871 3005 985 3074 50).

267 3096 327 3151 in
377 3095 525 3151 Isaac
550 3097 796 3168 gaudium
844 3096 1047 3165 (Philo,
1095 3096 1131 3148 l.
1177 3094 1378 3165 lnterp.
1433 3111 1570 3149 nom.
1607 3094 1791 3156 Helm,

1898 1911 2012 1964 bum
2041 1928 2163 1964 caro
2185 1913 2380 1982 factum
2403 1921 2495 1975 est,
2517 1926 2562 1964 et
2589 1912 2835 1965 habitarit
2858 1913 2910 1965 in
2932 1909 3077 1965 nobis
3096 1909 3279 1981 (Joan.
3310 1928 3348 1979 ι,
3374 1910 3489 1980 li),

1897 2019 2147 2058 occasum
2189 2019 2317 2058 vero
2368 2013 2595 2058 mortem
2624 2005 2816 2069 caucis,
2850 2019 3009 2072 quam
3054 2018 3241 2073 passus
3276 2014 3361 2058 est
3389 2018 3488 2073 pro

1900 2094 2053 2149 nobis
2097 2094 2261 2161 (Phil.
2295 2111 2352 2157 ιι,
2397 2095 2451 2163 8)
2510 2096 2812 2164 intelligere
2864 2097 3142 2151 debemus.
3199 2096 3292 2150 Ille
3343 2098 3486 2151 enim

1897 2192 2131 2237 aeternus
2154 2192 2206 2236 et
2229 2183 2548 2238 innellnbilis
2573 2185 2873 2238 Divinitatis
2890 2185 3026 2251 dies,
3042 2185 3107 2238 de
3127 2201 3235 2254 quo
3252 2187 3445 2240 dicitur
3475 2208 3486 2237 :

1900 2272 2073 2328 Hodie
2102 2276 2253 2345 genui
2273 2284 2321 2327 te
2350 2275 2521 2343 (Psal.
2552 2291 2660 2342 cut,
2686 2274 2761 2343 4),
2796 2292 3012 2345 semper
3039 2284 3120 2329 est
3147 2276 3489 2345 principium,

1898 2366 1989 2419 scd
2020 2367 2196 2420 nescit
2217 2374 2392 2421 ortum
2417 2385 2431 2433 ;
2452 2384 2665 2437 semper
2686 2378 2767 2421 est
2799 2366 2937 2431 linis,
2958 2367 3051 2423 sed
3065 2367 3268 2421 nullum
3290 2369 3493 2421 haben;

1899 2440 2172 2511 occasum.
2201 2455 2435 2511 Coccinei
2465 2457 2670 2529 (Forte,
2700 2456 2929 2527 Coel-ini]
2952 2466 3131 2511 autem
3152 2457 3229 2512 sic
3256 2473 3286 2510 a
3312 2457 3493 2510 Domi-

1902 2565 1971 2600 no
2021 2548 2297 2601 derivatur
2337 2549 2676 2613 V‘cabulum,
2730 2559 2784 2601 ιιι
2834 2549 2915 2602 vel
2958 2550 3177 2602 rnbvum
3225 2550 3492 2619 passionis

1902 2654 2098 2693 cruore
2121 2656 2171 2703 ιι,
2203 2640 2286 2692 vel
2320 2640 2498 2709 ignita:
2524 2640 2803 2694 charitatis
2854 2641 3031 2710 (cujus
3057 2642 3367 2711 exemplum
3398 2643 3491 2696 de-

1899 2729 2020 2797 dit),
2051 2730 2539 2799 incxstinguibilem
2568 2733 2619 2784 in
2643 2731 2759 2800 ipso
2785 2732 2990 2801 signEIit:
3029 2742 3048 2785 ι
3077 2731 3347 2787 ardorem.

1972 2821 2030 2875 ltt
2076 2821 2301 2876 Esdrun.
2359 2824 2619 2894 Sagittam
2664 2825 2790 2878 cidit
2822 2823 3061 2894 (Origen.
3097 2826 3233 2879 hom.
3273 2823 3342 2878 55
3372 2843 3487 2895 sup.

1903 2910 2095 2965 Matth.
2120 2929 2134 2978 ;
2158 2912 2318 2985 Aug.,
2350 2931 2466 2983 sup.
2492 2914 2679 2983 psalm.
2715 2931 2935 2969 Lxxxvu
2972 2934 2985 2981 ;
3020 2914 3352 2986 Isych.,sup.
3388 2915 3488 2970 Le-

1901 3004 1989 3055 vit.
2035 3004 2167 3069 xw),
2207 3005 2320 3058 sive
2359 3005 2548 3058 atrium
2595 3005 2706 3075 ejus
2755 3005 2953 3075 (Philo,
2985 3007 3022 3059 Ι.
3051 3005 3250 3076 lnlerp.
3304 3008 3445 3061 hom.
3474 3052 3489 3073 ,

1903 3094 1965 3145 de
1991 3092 2191 3162 Josue),
2221 3095 2308 3149 cui
2338 3096 2568 3149 dicitur:
2616 3096 2838 3167 Sagitta:
2868 3099 3086 3166 potentis
3119 3109 3287 3152 acuta:
3315 3100 3490 3169 (I‘sal.

191 3189 262 3243 de
292 3186 504 3255 (ἔωσι,
539 3186 756 3260 Origen.
790 3188 969 3241 hontil.
1004 3187 1033 3238 7
1062 3186 1115 3239 in
1139 3183 1323 3255 Gem);
1356 3186 1569 3240 dicente
1599 3186 1792 3253 angelo
1824 3171 1867 3232 (ἶ
1902 3200 2046 3251 cxtx,
2080 3185 2134 3256 4)
2163 3203 2176 3250 ;
2208 3187 2416 3253 sagitta:
2440 3196 2618 3240 autem
2653 3187 2817 3255 ipsius
2852 3198 3122 3256 praem-pta
3155 3195 3282 3241 sunt
3317 3188 3490 3242 domi-

191 3282 264 3335 ad
316 3289 565 3351 pastores
592 3296 605 3332 :
635 3279 773 3333 Ecce
799 3280 1049 3333 annuntio
1075 3277 1213 3331 vobis
1242 3277 1487 3347 gaudium
1524 3293 1789 3348 magnum,

192 3373 341 3443 quod
365 3374 464 3427 erit
492 3373 545 3425 in
576 3372 719 3426 omni
759 3371 949 3443 populo
1012 3368 1160 3437 (Luc.
1196 3385 1254 3434 tt,
1288 3367 1399 3435 10),
1447 3383 1569 3421 nam
1620 3378 1677 3422 ut
1722 3367 1790 3421 de

192 3464 409 3527 Joanne
437 3463 674 3533 Baptista
701 3464 912 3517 δίχα-ιιι
939 3463 1004 3514 ad
1037 3461 1351 3514 Zachariam
1380 3478 1392 3513 :
1449 3458 1515 3513 Et
1560 3460 1706 3513 multi
1735 3462 1789 3512 in

193 3556 467 3610 nativitate
494 3557 605 3626 ejus
630 3554 920 3625 gaudebunt
953 3551 1103 3620 (Luc.
1136 3568 1170 3615 t,
1203 3551 1312 3621 14).
1337 3549 1619 3620 Propltetis
1641 3565 1792 3603 mut-

194 3661 308 3717 que
352 3657 408 3701 et
450 3646 652 3701 sanctis
704 3644 1012 3700 hominibus
1048 3652 1103 3695 et
1148 3642 1325 3696 divina
1376 3642 1794 3711 repromissione

195 3736 572 3802 nascentibus,
603 3750 710 3804 gau
732 3736 859 3789 lium
893 3734 1203 3803 parentibus
1255 3733 1530 3786 oriebatur
1570 3741 1625 3785 ct
1670 3750 1794 3802 pro—

196 3829 463 3898 pinquis;
506 3838 759 3884 nascente
809 3836 990 3881 autem
1043 3827 1280 3880 omniun
1330 3825 1693 3895 Redi-ntptore
1732 3839 1794 3877 ac

199 3918 379 3973 totius
424 3918 613 3973 mundi
644 3917 891 3982 Domino,
927 3918 1120 3971 merito
1152 3916 1575 3985 inetnnparabile
1598 3925 1653 3970 et
1680 3931 1793 3969 ma-

198 4010 411 4065 ximum
440 4010 692 4077 gaudium
723 4010 867 4063 omni
902 4008 1126 4079 populo,
1174 4008 1225 4063 id
1253 4017 1357 4070 est,
1389 4011 1534 4062 omni
1560 4007 1793 4061 ltunzano

197 4101 394 4170 generi
419 4101 769 4153 aununtiatur
796 4111 1067 4153 exortum.

271 4189 334 4243 ln
379 4187 547 4244 Jacob
592 4190 952 4257 supplantator
1004 4190 1158 4259 (lien.
1209 4206 1378 4254 xxvu,
1427 4189 1515 4243 56.
1574 4187 1790 4260 Origen.

196 4281 345 4334 hom.
380 4279 437 4332 11
468 4281 524 4332 in
576 4277 745 4333 Exod.
770 4279 988 4342 Arnob,
1016 4282 1069 4333 in
1104 4279 1303 4335 Psalm.
1332 4288 1425 4347 ιιι)
1452 4282 1565 4349 ipsc
1594 4283 1793 4335 (ιιιιὶιιι

193 4371 363 4426 dicit:
393 4368 562 4424 Nemo
591 4379 757 4441 potest
804 4372 858 4423 in
888 4371 1094 4425 domum
1120 4374 1270 4443 [ortis
1315 4374 1555 4433 introire,
1602 4383 1650 4426 et
1673 4390 1794 4427 rasa

192 4462 316 4531 ejus
346 4459 588 4529 diripere,
619 4461 719 4513 nisi
751 4461 891 4531 prius
915 4461 1205 4531 alligaverit
1234 4462 1417 4531 fortem
1458 4460 1674 4528 (Matth.
1700 4479 1792 4527 xu,

1897 3279 2038 3344 nica,
2075 3278 2157 3330 vel
2182 3277 2476 3347 judicantis
2502 3279 2736 3347 julicia:
2770 3280 2971 3332 Atrium
3003 3295 3151 3344 vero,
3186 3280 3235 3333 id
3263 3287 3366 3347 est,
3396 3281 3493 3335 dn-

1894 3384 2015 3423 tnus
2044 3370 2151 3423 lata
2179 3376 2234 3423 et
2260 3370 2511 3423 omnibus
2541 3378 2750 3439 patens.
2787 3371 2986 3425 idcirco
3012 3370 3225 3436 dicitur,
3252 3386 3319 3425 eo
3345 3374 3494 3441 quod

1897 3479 2085 3519 omnes
2106 3464 2171 3517 ad
2197 3478 2258 3518 se
2284 3463 2516 3517 invitans
2542 3464 2673 3517 dicit
2700 3481 2710 3515 :
2755 3463 2933 3516 l'enfte
2975 3464 3044 3515 ad
3073 3481 3173 3529 me,
3203 3481 3378 3518 omnes
3405 3466 3492 3533 qni

1897 3553 2148 3610 laboratis
2180 3562 2227 3607 et
2271 3555 2474 3607 onerati
2517 3556 2641 3608 estis
2690 3552 2903 3621 (Matth.
2949 3568 3021 3619 XI,
3077 3555 3203 3625 ‘28):
3256 3554 3496 3626 Itemque

1895 3647 1981 3715 qui
2010 3655 2183 3699 manet
2206 3646 2257 3698 in
2281 3661 2361 3699 me
2385 3654 2435 3699 et
2464 3663 2557 3716 ego
2586 3647 2639 3699 in
2666 3646 2779 3709 illo,
2803 3648 2883 3699 hic
2904 3648 3002 3717 {ert
3030 3648 3249 3718 fructum
3282 3646 3496 3699 multum

1900 3737 2080 3805 (Joan.
2116 3753 2206 3803 xv,
2238 3736 2294 3807 5)
2325 3755 2339 3801 ;
2366 3746 2422 3789 tt
2466 3738 2657 3791 iterum
2689 3756 2700 3789 :
2734 3737 2835 3802 Ile,
2872 3739 3066 3807 inquit,
3096 3740 3166 3791 ad
3188 3742 3354 3792 exitus
3384 3741 3495 3792 ria-

1899 3846 2033 3896 rum,
2064 3838 2109 3882 et
2141 3830 2436 3900 compellitc
2465 3846 2643 3883 ontnes
2674 3832 2873 3884 intrare
2900 3829 3048 3900 (Luc.
3086 3846 3193 3897 χιιι,
3224 3829 3335 3897 ‘23).

1970 3920 2025 3973 ln
2056 3922 2216 3972 Aram
2263 3919 2475 3973 Electus
2517 3921 2584 3974 de
2612 3936 2720 3990 quo
2764 3922 2841 3975 sic
2888 3922 3143 3991 loquitur.
3197 3922 3329 3979 Ecce
3360 3924 3496 3978 Puer

1898 4028 2060 4073 meus,
2091 4027 2238 4078 quem
2268 4011 2417 4081 elegi,
2449 4014 2636 4065 electus
2680 4029 2842 4075 meus,
2875 4013 2992 4066 dedi
3037 4015 3276 4084 spiritum
3327 4032 3495 4069 mann

1897 4119 2051 4171 super
2089 4117 2204 4155 eum
2236 4101 2451 4172 (Matth.
2498 4116 2593 4170 xu,
2630 4102 2715 4173 18)
2748 4120 2761 4168 ;
2792 4113 2851 4158 et
2879 4121 3064 4159 revera
3100 4108 3220 4175 quis
3249 4116 3331 4161 est
3364 4124 3498 4178 puer

1898 4198 2121 4260 electus,
2149 4196 2252 4252 nisi
2278 4197 2369 4266 qui
2403 4214 2431 4252 a
2464 4199 2691 4267 pueritia
2726 4201 3037 4269 reprobavtt
3069 4203 3271 4257 malum
3304 4214 3358 4258 et
3386 4205 3498 4259 ele-

1899 4288 1975 4357 git
2003 4287 2148 4357 quod
2192 4288 2391 4342 bonum
2422 4299 2505 4343 est
2552 4289 2707 4361 (lsai.
2742 4308 2833 4353 νιν,
2891 4290 3022 4359 15);
3080 4294 3224 4363 quod
3257 4310 3363 4347 non
3411 4307 3498 4350 est

1899 4393 2185 4433 commune
2215 4380 2453 4433 omnium
2483 4398 2793 4449 DUCI‘OI'DIII,
2820 4394 3015 4453 prmter
3043 4400 3204 4436 111111111
3239 4401 3487 4453 puerum,

1901 4468 1991 4537 qui
2033 4469 2099 4524 de
2128 4478 2349 4539 peccato
2376 4513 2390 4535 ,
2432 4472 2548 4527 sine
2579 4482 2821 4540 peccato,
2862 4482 2919 4526 ut
2956 4475 3148 4527 verutis
3175 4476 3497 4546 impun-idus

192 4552 331 4623 99);
381 4552 782 4623 supplantatum
813 4553 955 4607 enim
988 4552 1247 4607 Dominus
1296 4553 1479 4607 habuit
1516 4553 1792 4620 Satanam,
1826 4538 1874 4594 Ῐ)
1903 4561 1970 4616 de
1998 4538 2283 4632 ρυιι-έάίηε
2311 4575 2469 4618 nam;
2500 4538 2603 4620 (ηιξ

193 4658 330 4699 cum
351 4643 581 4697 dixerit:
639 4643 783 4696 Vade
811 4653 968 4706 retro,
1005 4644 1233 4697 Satanas
1266 4642 1460 4712 (Marc.
1495 4660 1607 4707 vut,
1668 4645 1795 4716 3i);

195 4756 400 4825 legitur
426 4773 438 4807 :
468 4771 516 4809 tv
546 4753 771 4810 Kalend.
815 4756 1059 4811 Januarii
1089 4758 1139 4810 in
1175 4756 1424 4811 Hibernia
1474 4760 1640 4812 sancti
1669 4758 1793 4812 Are-

194 4828 323 4881 rani
361 4828 590 4880 Averaui
630 4829 959 4896 confessoris.
990 4827 1218 4881 Dubium
1263 4844 1367 4881 non
1390 4837 1471 4882 est
1497 4831 1635 4882 hunc
1663 4831 1794 4883 Are-

194 4910 398 4952 ranum
431 4897 495 4951 de
524 4898 725 4951 sccuud
750 4920 760 4947 ι
788 4907 1089 4953 sanctorum
1116 4897 1382 4953 Hiberniae
1403 4900 1587 4953 ordine
1613 4898 1794 4961 fuisse,

193 4977 259 5022 et
290 4963 431 5021 forte
460 4983 564 5020 non
585 4969 749 5020 multo
766 4977 883 5036 post
902 4970 1062 5036 ipsius
1090 4969 1256 5024 sztncti
1281 4968 1528 5034 Fiuniaui
1552 4970 1614 5024 ad
1634 4971 1798 5025 cwlns

196 5037 493 5091 transitum
525 5036 754 5109 putatio
798 5039 1538 5109 schola:(administrationem
1564 5042 1793 5109 accipit,

196 5110 518 5179 hocest,ut
541 5108 793 5179 arbitror,
824 5109 962 5163 circa
990 5108 1285 5173 Columbae,
1318 5110 1601 5179 Comgalli,
1630 5108 1796 5164 Bran-

192 5178 402 5249 daniet
422 5177 645 5249 aliorum
661 5177 878 5249 l’atrutn
899 5187 1161 5248 tempora,
1181 5181 1279 5233 sub
1296 5177 1522 5249 quorum
1542 5183 1725 5245 regimi
1754 5198 1797 5235 ac

194 5247 560 5322 celeberrima
590 5248 646 5322 in
671 5246 923 5302 Hibernia
951 5246 1224 5322 sat-rarum
1249 5246 1545 5305 litterarum
1576 5266 1798 5322 gymna-

194 5319 289 5373 sia
311 5316 610 5383 ﬂorebant;
635 5319 774 5373 inter
799 5334 935 5388 quos
968 5337 1072 5373 non
1098 5320 1334 5374 iulimunt
1351 5338 1479 5376 sane
1512 5316 1685 5376 locum
1714 5334 1795 5377 tc-

196 5390 394 5460 nuisse
450 5388 774 5460 credenlum
839 5399 921 5443 est
970 5388 1450 5445 Cluainerardense
1514 5392 1793 5460 co’legium

196 5456 373 5527 hujus
400 5459 577 5531 sancti
600 5461 836 5514 doctoris
867 5462 1188 5531 imagiSIerio
1228 5477 1387 5531 quam
1421 5456 1797 5516 maxitnc'illu-

192 5536 461 5600 stratum,
495 5528 647 5597 Cujus
669 5531 749 5584 vel
778 5545 842 5584 ex
865 5530 967 5585 huc
989 5532 1126 5599 ipso,
1153 5528 1346 5600 exiguo
1378 5532 1498 5585 licet
1519 5537 1795 5600 opusculo,

193 5598 365 5654 velut
414 5613 480 5654 ex
526 5614 715 5671 ungue
762 5598 1275 5671 leonem,’pruden's
1324 5602 1494 5657 lector
1547 5598 1795 5670 magnum

194 5678 472 5741 agnoscet
510 5669 814 5724 Aileranum
841 5713 855 5735 ,
885 5669 1058 5741 eoque
1089 5671 1324 5741 perlecto
1348 5672 1477 5738 judi.
1500 5673 1609 5725 abit
1638 5669 1795 5741 quam

194 5754 346 5794 vere
385 5739 484 5809 ipsi
531 5742 777 5809 sapientis
816 5739 1114 5808 coguntten
1168 5743 1465 5806 inhtcserit;
1498 5739 1668 5809 cujus
1693 5746 1796 5799 alia

198 5810 405 5883 procul
454 5810 616 5865 dubio
664 5812 890 5881 plurima
938 5814 1117 5879 magni
1150 5814 1345 5884 ingenii
1390 5823 1442 5869 et
1481 5815 1797 5873 eruditionis

589 5908 861 5966 Ps'rttOL.
912 5904 1017 5964 LX
1034 5905 1082 5963 Χ
1100 5904 1147 5963 .\'
1163 5947 1176 5961 .

1970 4651 2030 4707 In
2052 4654 2346 4709 Aminadab
2370 4655 2599 4725 Populus
2622 4675 2760 4711 mens
2782 4670 3093 4729 spontanens
3116 4662 3313 4731 (Philo,
3341 4665 3376 4717 Ι.
3405 4664 3497 4719 In-

1903 4767 2045 4823 edita
2114 4777 2504 4829 monumenta,
2582 4772 2783 4825 utinam
2858 4773 3012 4827 nobis
3076 4775 3346 4829 anteriora
3399 4792 3499 4829 stc-

1902 4839 2018 4914 cula
2073 4854 2176 4914 non
2208 4839 2538 4914 invidissmt.
2575 4840 2649 4914 Ex
2682 4844 2808 4911 ipsis
2838 4845 3035 4898 et'aliis
3075 4854 3375 4914 temporum
3410 4848 3493 4899 in-

1896 4907 2037 4977 juria
2059 4912 2141 4963 vel
2173 4910 2472 4982 aliquorum
2512 4907 2715 4965 invidia
2740 4915 3037 4982 suppre~sis
3065 4907 3346 4969 ductorum
3398 4932 3497 4967 no-

1901 4988 2128 5052 stratum
2185 4981 2595 5052 sapientissimis
2642 4981 2855 5052 scriptis
2910 4984 3108 5039 aﬂlicta
3163 5002 3284 5039 sese
3335 4985 3497 5039 hodie

1904 5049 2067 5103 solari
2090 5059 2274 5118 posset
2315 5050 2676 5124 iiiberniaLet
2709 5049 2870 5122 impia
2899 5056 3256 5124 quorumdam
3280 5056 3497 5109 obtrec-

1904 5128 2136 5174 tatorum
2168 5137 2263 5176 ora
2310 5120 2541 5176 frenare.
2574 5120 2839 5178 Caeterum
2891 5120 3033 5179 h'unc
3082 5135 3386 5185 tractatum.
3441 5134 3497 5178 et

1901 5190 2035 5265 prob
2066 5191 2247 5245 dolor!
2283 5191 2674 5265 unperl‘ectum,
2707 5197 3187 5265 transsumpsimus
3213 5211 3279 5249 ex
3310 5203 3491 5247 vetus-

1904 5261 2111 5335 tissimo
2136 5277 2246 5335 _tps‘.
2277 5261 2478 5335 codice
2506 5264 2840 5322 celeberrimi
2870 5261 3235 5335 Sangallensis
3274 5278 3493 5335 monas-

1902 5330 2020 5385 terii
2052 5331 2106 5403 in
2136 5330 2418 5403 Helvetia;
2464 5334 2515 5387 ιιι
2548 5349 2655 5402 quo
2694 5335 2971 5403 pratisum
2989 5330 3264 5403 Vsuperius
3319 5332 3494 5389 Inter-

1900 5402 2201 5475 pretationis
2244 5402 2493 5475 mystica,
2524 5415 2652 5475 μιᾳ,
2686 5402 2897 5460 titulqu
2944 5402 3180 5475 praefert,
3224 5404 3494 5474 simulque

1900 5471 2111 5543 additur
2138 5471 2365 5543 quodin
2393 5472 2527 5527 festo
2558 5472 2865 5529 Nativitatis
2890 5471 3087 5529 sanctae
3138 5474 3231 5529 Dei
3276 5471 3493 5543 genitri-

1899 5540 1979 5612 cis
2022 5541 2096 5596 ibi
2138 5541 2241 5612 legi
2277 5546 2635 5599 consueverit.
2683 5545 2838 5600 Tanti
2873 5545 3115 5611 scilicet,
3167 5555 3223 5599 et
3277 5540 3490 5610 merito,

1898 5610 2167 5684 iaciebant
2198 5610 2433 5684 aureum
2476 5613 2625 5669 illum
2656 5623 2941 5671 tractatum
2988 5617 3235 5672 monachi
3266 5616 3494 5684 Sangal-

1900 5681 2075 5757 lenses
2104 5690 2159 5736 et
2184 5675 2310 5757 _ipsi
2339 5684 2657 5757 doctissimi.
2709 5685 2787 5739 Tu
2842 5686 2937 5757 illo
2983 5686 3260 5757 deinceps,
3294 5675 3485 5748 lector,

1901 5751 2126 5818 benigne
2176 5751 2375 5821 fruere,
2425 5756 2550 5808 etsi
2600 5770 2716 5820 que
2758 5757 2860 5809 alia
2892 5756 3007 5825 ejus
3054 5751 3497 5825 viri'inciderint

1902 5831 2250 5879 monumenta
2274 5838 2303 5877 a
2335 5839 2421 5880 me
2451 5826 2771 5895 quantocius
2800 5824 3160 5897 exspectabis.
3197 5826 3345 5881 l’ale.
3486 5824 3489 5829 ’

2945 5918 3011 5976 11
