4052 6332
539 310 635 365 531
1488 301 1545 355 S.
1588 298 1966 354 ΑειιΕιιΑιιΝι
2009 298 2139 354 800

2238 297 2532 352 -ΙΙΙΙῘΕΒΝΙ
2576 296 2865 350 ΑΒΒΑΤΙΞ
3729 300 3838 349 1102

536 434 664 490 terp.
693 434 830 474 nom.
859 458 873 483 ,
905 417 968 470 de
991 413 1184 478 Exod,
1214 411 1398 474 Nam,
1430 410 1653 479 Judic.),
1684 408 1778 479 qui
1805 407 1974 463 dicit:
2005 406 2114 461 Ne-
2147 420 2193 476 Α
2224 408 2312 459 sed
2354 423 2453 460 non
2503 406 2689 458 multos
2740 413 2952 474 patres;
2985 419 3105 455 nam
3170 404 3221 454 in
3272 402 3511 458 Cuntro
3558 402 3696 465 JEsB
3744 420 3839 473 per

536 530 618 568 mo
649 511 782 565 tollit
809 510 1039 563 animam
1079 522 1243 561 meam
1267 522 1297 557 a
1328 521 1406 557 me
1427 504 1537 571 ipso
1569 503 1750 573 (Joan.
1786 518 1837 567 ι,
1869 499 1978 569 18).
2013 499 2079 554 Et
2105 517 2118 552 :
2236 495 2573 566 Evangeliunt
2597 512 2689 565 ego
2713 511 2796 547 vos
2829 492 2982 563 genui
3015 492 3062 560 (Ι
3093 490 3214 544 Cor.
3259 490 3335 557 4).
3367 492 3421 546 Si
3443 502 3624 549 autem
3652 494 3837 547 discis-

538 605 597 659 Si
620 606 690 657 vis
720 605 773 656 in
799 604 956 655 vitam
983 599 1174 663 venire,
1198 612 1341 650 serra
1361 593 1609 647 mandata
1634 592 1849 655 (Matth.
1875 606 1988 655 nx,
2013 589 2122 658 17).
2232 586 2386 655 pulus
2436 587 2631 639 meruit
2661 593 2814 654 pater
2860 584 3064 649 vocari,
3110 592 3314 649 quanto
3367 585 3535 653 magis
3565 584 3841 652 Magister

607 694 641 745 Ι.
662 693 896 747 oNaasou
918 685 1465 760 augurans(llieron.,
1486 683 1524 738 Ι.
1552 682 1751 753 lnterp.
1775 698 1918 736 nom.
1940 680 2126 743 Ilebr.,
2233 677 2369 745 ejus.

536 798 599 836 ae
629 783 766 835 Actis
795 789 986 851 apost,
1010 788 1057 831 et
1088 776 1324 844 Matth.),
1351 778 1438 844 qui
1465 776 1727 844 promit'it
1748 775 1968 829 dicens:
2001 769 2128 824 Cum
2303 769 2357 823 lu
2388 771 2491 823 Asa
2518 771 2703 825 tollens
2748 769 2947 840 (Philo,
2980 770 3016 822 ι.
3070 768 3178 825 lat.
3234 789 3353 825 nom
3385 813 3399 833 ,
3427 772 3489 825 de
3513 770 3610 825 Ill
3662 770 3839 841 Reg,

536 873 728 925 renerit
758 868 804 922 F
808 872 927 924 ilius
953 868 1174 922 hontinis
1205 869 1259 919 in
1289 865 1563 936 majestate
1591 883 1685 918 sua
1709 863 1860 935 (Luc.
1895 880 1970 930 Ix,
2013 862 2049 915 2
2070 866 2124 929 ι),
2229 858 2502 929 Ieremia),
2537 862 2603 914 de
2629 876 2736 929 quo
2763 859 3001 916 Joannes
3033 880 3045 914 :
3078 860 3235 927 Ecce,
3269 865 3457 932 inqua,
3489 865 3671 934 Agnus
3712 865 3838 924 Dei,

536 961 689 1030 cujus
721 960 998 1029 prophetia
1030 958 1083 1012 in
1116 957 1217 1010 tria
1243 952 1548 1024 prophetia:
1582 963 1824 1024 tempora
1865 952 2124 1021 respexit,
2232 951 2316 1018 qui
2341 951 2472 1003 tollit
2502 963 2713 1019 peccata
2741 949 2920 1019 (Joan.
2952 967 2989 1016 ι,
3021 950 3132 1023 29).

536 1052 588 1104 in
630 1049 981 1119 praeteritum,
1013 1054 1071 1101 ut
1092 1054 1193 1107 est,
1226 1044 1350 1097 vidit
1397 1042 1663 1096 Abraham
1712 1043 1846 1097 diem
1892 1039 2125 1113 [meum],
2301 1037 2633 1108 anosaphat
2656 1041 2765 1108 ipse
2778 1041 3240 1113 jndicans(Philo,
3255 1045 3379 1105 ibid,
3400 1042 3526 1114 Reg.
3572 1042 3655 1103 II,
3682 1043 3843 1108 III),

534 1152 579 1193 et
597 1142 801 1211 gavisus
825 1148 899 1194 est
925 1157 942 1203 ;
974 1140 1025 1192 in
1048 1152 1304 1208 ptmsens,
1333 1144 1387 1188 ut
1413 1145 1493 1189 (Si.
1520 1154 1532 1187 :
1564 1133 1700 1200 Quid
1721 1130 1959 1206 cogitatis
1989 1136 2128 1187 mala
2234 1144 2289 1187 ut
2317 1135 2394 1187 ait
2419 1152 2432 1186 :
2470 1134 2628 1187 Pater
2670 1152 2773 1189 non
2794 1135 3000 1204 judicat
3026 1152 3350 1207 quamquam,
3378 1136 3468 1188 sed
3495 1153 3646 1190 omne
3675 1139 3841 1207 judi-

534 1234 585 1285 in
616 1231 854 1287 cordibus
910 1232 1091 1285 vestris
1141 1228 1320 1299 (Joan.
1372 1245 1482 1293 \‘lll,
1515 1227 1603 1297 56)
1628 1231 1649 1281 ?
1678 1227 1735 1280 In
1785 1228 2040 1289 futurum,
2074 1236 2130 1280 ut
2232 1224 2365 1276 cium
2398 1224 2535 1277 dedit
2567 1222 2707 1277 Filio
2739 1222 2918 1292 (loun.
2955 1241 3008 1289 ν,
3039 1224 3156 1293 22).

532 1332 647 1377 est:
682 1322 850 1375 Erunt
897 1323 1033 1375 enim
1074 1323 1205 1374 sicut
1241 1321 1410 1391 angeli
1441 1320 1493 1373 in
1522 1318 1647 1373 ctelo
1694 1317 1910 1387 (Matth.
1944 1334 2017 1381 Ix,
2047 1316 2127 1386 4);
2307 1312 2362 1365 Ιη
2393 1311 2575 1366 εΙυηηιι
2605 1314 2691 1365 ubi
2716 1325 2790 1367 εει
2818 1319 3050 1368 excelsus
3084 1314 3281 1384 (Il/1510.
3313 1317 3464 1378 ίὺὶιὶο,
3505 1319 3632 1387 ηερ.
3690 1316 3841 1377 ΙΗ;

533 1426 588 1468 et
615 1416 740 1469 illu‘J
775 1435 787 1468 ;
824 1415 1019 1469 Solvite
1044 1413 1286 1484 templum
1313 1414 1429 1474 hoc,
1462 1421 1510 1465 et
1539 1418 1591 1465 in
1624 1411 1789 1465 tribus
1830 1409 2003 1464 diebus
2033 1426 2125 1465 επ·
2232 1404 2477 1469 Πὶενοηο,
2526 1406 2680 1473 illiti,
2724 1407 2788 1461 de
2809 1406 3048 1473 Mallia),
3084 1417 3138 1460 ut
3167 1409 3279 1461 ait:
3315 1408 3483 1463 Nemo
3510 1413 3762 1465 ascendit
3792 1413 3844 1464 in

535 1506 700 1559 titubo
731 1503 905 1577 [dlnd]
929 1503 1112 1574 (Joan.
1143 1519 1200 1569 ιι,
1229 1502 1337 1573 19).
2231 1501 2434 1565 calum,
2458 1501 2560 1554 nisi
2581 1503 2666 1570 qui
2687 1501 2751 1555 de
2781 1503 2908 1555 caelo
2935 1502 3198 1555 descendit
3220 1501 3400 1571 (Joan.
3429 1520 3505 1569 Ill,
3540 1504 3654 1573 15).

608 1596 663 1649 in
716 1595 974 1650 Salomon
1028 1595 1286 1648 sensibilis
1335 1593 1507 1664 (Hier.
1537 1594 1573 1647 l.
1626 1592 1822 1661 lnterp.
1871 1609 2010 1646 nom.
2067 1593 2129 1645 de
2302 1588 2359 1644 In
2390 1588 2517 1644 Ozia
2568 1589 2805 1644 robustus
2844 1590 3056 1645 Domini
3091 1593 3290 1660 (Philo,
3325 1593 3477 1661 ibid.,
3508 1595 3571 1647 de
3610 1593 3842 1663 Esaia),

538 1686 756 1747 Matth.)
789 1686 999 1752 ;Marc.
1034 1702 1124 1741 xu.
1164 1685 1234 1739 25
1266 1729 1281 1754 ,
1310 1687 1539 1755 quidicit
1566 1706 1576 1739 :
1611 1686 1795 1757 Tetigit
1822 1702 1903 1739 me
1918 1686 2127 1755 aliquis,
2231 1685 2323 1754 qui
2353 1684 2487 1737 dixit
2515 1702 2526 1733 :
2561 1683 2780 1750 Lazare,
2813 1685 2963 1751 prodi
2994 1687 3135 1752 foras
3166 1684 3344 1755 (Joan.
3405 1703 3477 1750 Il,
3508 1686 3624 1755 45).
3679 1687 3845 1741 Tum:

539 1797 658 1833 nam
679 1796 771 1853 ego
811 1780 948 1832 sensi
972 1780 1204 1831 uirtutem
1254 1778 1316 1830 dc
1361 1794 1439 1830 me
1469 1778 1639 1831 exisse
1668 1776 1817 1847 (Luc.
1855 1792 1965 1839 rtn,
2015 1774 2129 1841 46).
2171 1785 2210 1841 [3
2238 1778 2438 1830 etenim
2472 1791 2572 1830 vox
2625 1776 2835 1830 Domini
2866 1776 3043 1831 fuitin
3074 1778 3424 1844 virtute,emn
3445 1782 3673 1833 ειηίιιωιι
3701 1798 3846 1850 qua-

540 1872 637 1925 Et:
671 1870 807 1935 Quid
836 1872 1075 1941 cogitatis
1098 1871 1236 1922 mala
1266 1871 1318 1922 in
1347 1869 1584 1924 cordibus
1606 1872 1784 1924 vestris
1808 1869 2019 1940 (Matth.
2049 1884 2122 1933 Ix,
2232 1867 2464 1922 triduani
2512 1867 2711 1922 mortui
2742 1867 2809 1922 ab
2844 1867 3051 1936 inferis,
3098 1878 3155 1924 et
3180 1885 3379 1938 corpus
3428 1874 3719 1926 revocavit
3768 1873 3841 1926 de

536 1961 593 2029 4)
622 1964 642 2013 ?
674 1962 811 2016 Vere
844 1962 1113 2016 sensibilis
1144 1971 1245 2025 est,
1278 1962 1368 2031 qui
1404 1961 1634 2029 cogitata
1666 1972 1724 2015 ut
1768 1964 1931 2027 facta,
1960 1972 2015 2015 et
2044 1963 2125 2015 lu-
2230 1958 2502 2028 sepulcro.

540 2066 654 2109 tura
704 2065 761 2108 ut
791 2054 1073 2124 prrosentia
1102 2054 1307 2118 cernit;
1336 2054 1477 2108 sicut
1516 2054 1585 2108 de
1623 2070 1688 2108 eo
1720 2055 1975 2125 scriptum
2005 2064 2123 2108 est:
2302 2050 2359 2103 in
2408 2048 2434 2102 J
2462 2049 2657 2103 albam
2707 2061 3091 2105 consummatus
3138 2049 3398 2121 (Hieron.
3442 2052 3480 2104 l.
3527 2049 3638 2104 Int.
3682 2070 3838 2105 nam.

541 2145 640 2208 Qui
672 2147 790 2213 fecit
812 2160 926 2210 qua:
954 2146 1128 2213 futura
1157 2151 1277 2195 sunt
1309 2142 1461 2211 (Sop.
1495 2158 1603 2207 \‘lll,
1632 2142 1708 2208 8).
2236 2138 2396 2201 Ileb.,
2423 2140 2486 2192 de
2509 2138 2754 2207 Matth),
2775 2140 2843 2194 de
2870 2155 2978 2207 quo
3007 2140 3240 2194 dicitur:
3271 2138 3645 2194 Consummata
3681 2146 3837 2194 omni

611 2234 664 2287 In
700 2233 842 2287 Booz
871 2236 1044 2304 inquo
1078 2231 1233 2286 robur
1260 2244 1331 2285 est
1359 2233 1559 2301 (Philo,
1585 2238 1619 2285 l.
1650 2232 1846 2302 Interp.
1877 2250 2036 2297 nom.,
2066 2235 2131 2287 de
2234 2232 2514 2283 tentatione
2560 2229 2709 2299 (Luc.
2761 2246 2833 2293 tv,
2892 2230 3017 2300 i5);
3049 2238 3105 2287 et
3147 2232 3201 2285 in
3233 2232 3338 2286 line
3387 2233 3650 2298 omnium,
3710 2250 3841 2302 qua:

540 2326 627 2381 lib.
653 2326 857 2391 Judic.,
893 2325 1053 2396 Ruth)
1078 2327 1168 2394 qui
1195 2326 1270 2379 ait
1294 2345 1304 2377 :
1346 2323 1534 2378 Omnia
1566 2325 1768 2378 traham
1790 2326 1857 2378 ad
1881 2327 2128 2391 meipsum
2237 2316 2553 2390 frutihelata
2577 2332 2703 2377 sunt
2729 2324 2797 2377 de
2818 2338 2884 2377 co
2913 2323 3107 2378 dicitur
3128 2340 3146 2378 :
3169 2322 3371 2378 Etcum
3401 2337 3838 2380 consummasset.

542 2417 721 2486 (.loan.
770 2432 861 2481 xu,
893 2415 1008 2486 52).
1041 2414 1225 2469 Omnis.
1257 2414 1487 2468 immittis
1517 2415 1685 2468 vi:tus
1717 2415 1767 2468 in
1799 2425 1973 2468 morte
2001 2415 2131 2471 deii-
2237 2409 2387 2465 Tune
2428 2411 2604 2465 omnia
2639 2412 2798 2466 verba
2848 2413 2962 2468 hcce
3009 2414 3144 2468 dixit
3185 2415 3458 2484 discipulis
3491 2417 3636 2469 suis:
3670 2418 3840 2469 bcitis

540 2510 632 2572 cit,
678 2507 908 2561 Verbum
948 2523 1076 2562 vero
1104 2507 1246 2575 quod
1280 2522 1407 2560 eam
1436 2506 1636 2558 factum
1667 2514 1769 2569 cst,
1808 2506 1876 2558 de.
1904 2504 2127 2558 inlirmi-
2235 2502 2355 2570 quia
2379 2510 2495 2563 post
2527 2502 2733 2554 biduum
2763 2504 2959 2570 pascha
2984 2504 3072 2573 fiet
3120 2503 3335 2575 (Matth.
3382 2522 3523 2570 nrt,
3566 2506 3648 2573 2).
3678 2506 3754 2560 Ει
3781 2510 3838 2561 in

542 2606 652 2651 tate
679 2596 887 2662 fortius,
918 2598 983 2650 de
1022 2606 1195 2652 morte
1235 2597 1490 2661 vivacirs,
1525 2596 1591 2650 de
1620 2596 1924 2650 humilitate
1954 2598 2134 2651 eseel-
2237 2605 2396 2644 cruce
2427 2592 2667 2659 pendens
2692 2602 2953 2662 acetoque
2985 2604 3200 2663 potatus
3216 2597 3347 2649 dixit
3373 2594 3838 2651 :Consummatuni

540 2687 651 2741 sius
682 2687 880 2741 iactum
910 2696 1012 2741 est.
2236 2693 2331 2743 est,
2351 2694 2400 2736 et
2417 2684 2663 2737 int-tinato
2686 2686 2854 2750 capite
2878 2687 3096 2740 tradidit
3112 2688 3349 2757 spiritum
3373 2688 3551 2759 (Joan.
3572 2704 3687 2757 xu,
3711 2689 3837 2759 50).

608 2778 663 2833 In
687 2778 833 2833 Obed
862 2780 1086 2832 serviens
1110 2776 1342 2847 (Ioseph,
1371 2778 1407 2830 l.
1442 2794 1491 2841 ν,
1525 2794 1570 2830 c.
1603 2776 1691 2841 14,
1714 2775 1887 2847 Αηι.),
1920 2777 2003 2842 qui
2031 2792 2132 2830 non

2239 2774 2294 2827 Si
2331 2790 2457 2827 νιϊο
2507 2778 2761 2845 perfectus
2805 2777 3021 2846 (Auctor
3066 2795 3207 2844 oper.
3240 2779 3449 2849 imperf.
3477 2818 3493 2842 ,
3540 2780 3731 2833 hom.‘l
3785 2785 3839 2835 in

540 2868 674 2921 seuit
698 2869 1007 2934 ministrari,
1038 2870 1126 2920 sed
1158 2869 1453 2921 ministrare
1478 2866 1693 2935 (Matth.
1716 2882 1804 2928 xx,
1829 2865 1942 2935 28);
1978 2866 2133 2919 item-
2241 2864 2460 2935 Matth.)
2491 2867 2720 2929 dicatur,
2776 2867 2853 2922 sic
2882 2869 3202 2937 exponitur,
3250 2884 3376 2938 qu.a
3403 2871 3493 2937 qui
3526 2885 3656 2926 suos
3676 2872 3839 2940 jubet

540 2976 646 3026 que
681 2960 973 3028 Apostolus
1002 2979 1011 3012 :
1050 2959 1318 3025 Formam,
1353 2960 1548 3028 inquit,
1580 2959 1712 3012 servi
1758 2960 1954 3029 accepit
1985 2958 2136 3029 (Phi-
2241 2974 2360 3013 esse
2392 2958 2682 3026 perfectos,
2706 2962 2888 3014 dicens
2915 2978 2926 3012 :
2958 2959 3134 3014 Estote
3162 2963 3397 3031 perfecti,
3427 2964 3560 3015 sicut
3590 2972 3640 3016 et
3673 2961 3843 3019 Pater

544 3051 673 3121 lipp.
703 3068 758 3115 ιι,
792 3051 867 3120 7).
2242 3059 2403 3104 rester
2432 3052 2648 3104 ctelestis
2672 3053 2927 3121 perfectus
2951 3063 3025 3105 est
3049 3051 3263 3121 (Matth.
3291 3051 3453 3121 v,48)
3487 3071 3501 3119 ;
3535 3069 3646 3123 pra:
3671 3064 3841 3107 emto-

610 3140 666 3196 ln
696 3128 849 3199 Iesse
876 3146 1141 3199 incensum
1196 3143 1395 3214 (Philo,
1449 3145 1484 3197 l.
1534 3141 1758 3213 lnterp.,
1792 3143 1855 3196 de
1899 3141 1927 3197 1
1958 3154 2006 3197 et
2037 3142 2135 3197 111
2167 3140 2209 3201 C
2244 3144 2319 3197 ris
2348 3144 2617 3212 perfecuts
2642 3144 2745 3198 dici
2776 3144 2964 3199 debuit
2992 3144 3167 3209 Jssus,
3214 3145 3413 3215 quippe
3440 3147 3533 3214 qui
3563 3149 3715 3217 coepit
3756 3150 3839 3214 fa-

544 3234 697 3306 lleg.)
728 3236 815 3306 qui
850 3237 923 3289 ait
950 3256 958 3289 :
998 3235 1178 3307 Ignem
1208 3238 1317 3290 veni
1347 3235 1547 3289 mittere
1566 3236 1620 3287 in
1649 3245 1837 3288 terram
1862 3233 2018 3304 (Luc.
2043 3250 2136 3299 xu,
2243 3250 2356 3286 cere
2379 3243 2428 3286 et
2458 3235 2639 3287 docere
2662 3235 2796 3299 (Att.
2826 3250 2863 3300 t,
2896 3234 2943 3304 1)
2973 3251 3091 3300 qum
3122 3239 3356 3308 perlecta
3380 3218 3525 3290 sunt;

540 3325 653 3393 49).
691 3324 757 3379 Et
778 3324 1042 3381 Joannes:
1073 3328 1201 3393 ipse,
1245 3326 1353 3379 ait-
1394 3324 1687 3394 Baptizabit
1716 3340 1802 3378 vos
1838 3325 1889 3376 in
1939 3323 2139 3393 Spiritu
2316 3326 2369 3377 In
2406 3326 2585 3380 Acllal
2616 3336 2912 3381 convertens
2965 3328 3176 3396 (Auctor
3217 3347 3302 3398 op.
3351 3331 3557 3397 imperf.
3580 3371 3595 3396 ,
3629 3333 3771 3385 hom.
3816 3334 3833 3383 1

540 3426 719 3469 sancto
748 3424 796 3467 et
825 3416 933 3485 igni
962 3415 1174 3485 (Matth.
1210 3432 1288 3480 ιιι,
1328 3415 1381 3467 il
1410 3434 1422 3479 ;
1450 3416 1576 3470 Luc.
1612 3418 1710 3484 ιιι).
2244 3420 2293 3471 in
2327 3417 2518 3470 Matth.
2544 3461 2556 3483 ,
2587 3428 2633 3471 et
2667 3418 2844 3489 Orig.,
2880 3421 2930 3473 in
2975 3419 3138 3488 Κέω),
3178 3422 3268 3489 qni
3299 3422 3373 3475 ait
3403 3441 3413 3474 :
3469 3421 3837 3477 Pcenitentiam

613 3507 671 3560 In
731 3507 894 3560 David
949 3507 1309 3562 deiderabilis
1349 3506 1592 3576 (Hieron.
1626 3509 1662 3560 ι.
1717 3506 1820 3559 Ιηι.
1879 3523 2043 3568 nom.,
2077 3507 2140 3559 tle
2242 3510 2406 3578 agite.
2440 3512 2868 3579 appropinquavit
2910 3514 3047 3564 enim
3071 3528 3285 3581 regnum
3326 3514 3568 3566 caelorum
3617 3512 3836 3581 (Matth.

544 3598 738 3653 Matth.
768 3614 783 3664 ;
816 3609 862 3651 et
891 3598 1161 3667 Act.apost
1194 3598 1234 3667 ),
1266 3599 1331 3652 de
1358 3615 1465 3666 quo
1495 3599 1826 3665 evangelista
1870 3598 2036 3652 dicit:
2072 3598 2138 3650 Et
2244 3616 2319 3661 Ill,
2352 3600 2443 3668 2);
2478 3603 2557 3656 vel
2588 3602 2978 3669 apprehendens
3002 3601 3180 3672 (Philo
3202 3647 3215 3668 ,
3244 3605 3280 3659 l.
3319 3602 3426 3657 Int.
3460 3622 3601 3659 nom.
3629 3609 3694 3659 de
3727 3606 3837 3660 Hi-

543 3691 861 3761 resplenduit
891 3693 1051 3761 facies
1080 3691 1191 3762 ejus
1217 3692 1350 3744 sicut
1378 3692 1455 3744 sol
1514 3688 1728 3759 (Matth.
1764 3706 1891 3754 xvu,
1922 3688 1994 3760 2).
2026 3688 2133 3743 Un-
2244 3691 2432 3757 cha'a),
2463 3692 2554 3759 qui
2603 3693 2936 3760 apprehensa
2979 3709 3138 3746 manu
3185 3710 3397 3747 socrum
3428 3693 3573 3750 Petri
3623 3707 3839 3751 sanam!

542 3786 609 3837 de
655 3782 815 3835 etiam
870 3779 1140 3850 Propheta
1188 3781 1431 3834 dixerat:
1494 3780 1771 3850 Speciosus
1831 3783 1998 3851 forma
2029 3796 2139 3851 pra:
2245 3779 2635 3835 febricitantem
2686 3782 2832 3851 (Luc.
2867 3799 2938 3845 ιν,
2967 3782 3081 3849 58),
3125 3792 3181 3836 et
3210 3783 3368 3837 tiliam
3398 3785 3662 3854 priiieifis
3693 3801 3839 3839 mor-

544 3874 669 3944 ﬁliis
701 3872 959 3927 hominum
989 3872 1161 3943 (Psal.
1198 3889 1341 3932 xuv,
1374 3871 1451 3937 5).
2244 3881 2390 3925 tuam
2424 3874 2759 3927 resuscitavit
2806 3874 3021 3943 (Matth.
3057 3891 3130 3938 ix,
3173 3875 3286 3942 25).
3336 3873 3530 3930 Paulus
3574 3892 3832 3946 quoque:

616 3961 672 4015 in
702 3960 990 4015 Salomone
1044 3963 1294 4030 paciﬁcus
1345 3962 1522 4033 (Orig.
1570 3962 1709 4015 hom.
1763 3960 1795 4014 6
1824 3962 1874 4014 in
1929 3960 2138 4029 Joan.),
2246 3965 2304 4020 Si
2335 3983 2432 4036 quo
2456 3966 2627 4029 modo,
2656 3967 2844 4035 inquit,
2878 3968 3264 4036 apprehendam
3296 3971 3347 4021 in
3370 3986 3468 4039 quo
3489 3966 3842 4039 apprehensus

545 4054 636 4122 qui
661 4054 767 4106 ait:
796 4050 984 4104 Pacem
1007 4069 1173 4105 meam
1195 4054 1260 4106 do
1285 4051 1422 4106 vobis
1443 4051 1624 4124 (Joan.
1652 4067 1759 4117 λιν,
1787 4049 1898 4117 27).
1928 4050 2141 4104 Addens
2242 4071 2353 4107 sum
2382 4056 2636 4126 (Philipp.
2673 4072 2726 4110 ιιι
2776 4057 2882 4115 12).
2919 4057 3048 4111 Item
3078 4060 3204 4112 alibi
3237 4080 3246 4110 :
3286 4057 3407 4113 Non
3445 4061 3583 4113 enim
3626 4064 3843 4133 angelos

547 4163 716 4201 meam
766 4146 999 4200 ostendit
1048 4145 1226 4199 odisse
1273 4162 1378 4200 non
1410 4160 1602 4209 suam;
1653 4146 1719 4199 de
1770 4159 1875 4212 qua
1905 4143 2136 4196 dicitur:
2244 4148 2603 4215 apprehendit,
2663 4149 2753 4201 sed
2794 4166 2961 4202 semen
3004 4150 3227 4203 Abraho:
3276 4152 3617 4219 apprehendit
3649 4153 3839 4221 (Hebr.

547 4239 673 4295 Non
720 4240 831 4294 veni
883 4254 1061 4308 pacem
1117 4240 1317 4291 mittere
1367 4240 1422 4292 in
1482 4249 1713 4298 terram,
1771 4238 1860 4291 sed
1911 4237 2139 4307 gladium
2247 4235 2514 4304 nihili).

551 4332 764 4401 (Matth.
802 4348 854 4395 x,
879 4329 993 4399 54).
1014 4328 1077 4382 Et
1102 4329 1394 4398 Apostolus
1413 4328 1481 4383 de
1507 4328 1754 4382 Christo:
1790 4327 2137 4397 lpse,inquit,
2318 4326 2371 4377 lu
2404 4324 2625 4380 Ezecliia
2650 4330 2960 4399 confortavit
2995 4329 3244 4383 Dominus
3274 4333 3509 4399 (Auctor.
3566 4351 3844 4403 anonym.,

549 4434 624 4475 est
654 4441 757 4492 pax
788 4435 964 4475 nostra
995 4423 1079 4491 qui
1112 4422 1233 4490 fecit
1263 4429 1480 4491 utraque
1508 4436 1665 4471 unum
1698 4417 1911 4487 (lt’phes.
1946 4435 2000 4481 ιι,
2028 4418 2137 4483 14).
2246 4416 2384 4469 hom.
2416 4416 2438 4467 1
2495 4418 2545 4470 in
2578 4415 2815 4483 Matth)
2852 4421 2941 4488 qui
2968 4423 3080 4473 ait:
3111 4423 3389 4492 Conﬁdite,
3433 4442 3526 4494 ego
3556 4428 3654 4479 vici
3683 4444 3841 4480 mun-

624 4517 677 4569 ln
710 4516 949 4570 Roboam
982 4515 1200 4569 latitudo
1232 4515 1406 4583 papuli
1431 4512 1631 4582 (Philo,
1665 4514 1701 4567 ι.
1736 4511 1842 4565 Ιιιι.
1879 4529 2042 4573 nom.,
2076 4513 2138 4563 de
2172 4505 2215 4561 ἰ)

2244 4509 2364 4562 dum
2413 4508 2871 4579 (Joan.x\|,'51).
2923 4512 2985 4567 lit
3044 4512 3265 4569 Paullus:
3327 4515 3442 4571 Nos
3489 4528 3687 4584 mrtem,
3742 4522 3843 4581 ait,

553 4605 614 4659 Η
652 4604 811 4674 Reg.;
851 4604 1088 4663 "ieram.
1133 4605 1258 4659 ibid.
1288 4647 1301 4670 ,
1329 4605 1391 4657 de
1421 4603 1661 4674 Matth.),
1685 4619 1806 4658 cum
1832 4604 1940 4657 ait:
1982 4604 2133 4657 Multi
2238 4600 2626 4679 praedicamus:
2662 4602 2923 4657 Christum
2955 4604 3045 4658 Dei
3076 4607 3312 4660 rirtutem
3327 4618 3376 4661 et
3407 4607 3504 4661 Dei
3529 4612 3845 4679 sapientitrts

551 4697 615 4749 ab
665 4694 877 4748 Oriente
924 4706 971 4747 et
1005 4696 1283 4748 Occidente
1327 4697 1547 4753 venient,
1602 4703 1649 4747 et
1689 4695 1982 4748 recumbent
2019 4711 2132 4747 cum
2238 4678 2291 4748 (Ι
2306 4690 2422 4744 Cor.
2448 4708 2483 4756 ι,
2514 4692 2625 4761 24).

550 4785 812 4839 Abraham
837 4796 885 4839 et
916 4785 1069 4839 Isaac
1098 4796 1146 4839 et
1184 4786 1345 4840 Jacob
1384 4765 1435 4840 in
1466 4804 1623 4858 regno
1651 4788 1889 4840 caelorum
1917 4786 2131 4855 (Matth.
2307 4782 2363 4835 in
2396 4781 2639 4837 Manasw
2664 4785 2935 4840 obliuiosus
2968 4788 3167 4856 (Philo,
3194 4791 3279 4843 ubi
3307 4808 3465 4861 supra
3486 4793 3552 4845 de
3601 4792 3843 4859 (ἕρκει).

552 4890 687 4935 vnit.
713 4876 949 4947 Itemque
972 4878 1126 4932 alibi:
1160 4877 1337 4931 Venite
1358 4880 1427 4931 ad
1447 4896 1550 4944 me,
1580 4896 1756 4932 omnes
1780 4880 1864 4949 qui
1888 4877 2135 4932 laboratis
2240 4874 2328 4942 qui
2357 4875 2464 4926 ail:
2523 4874 2871 4928 “emittuntur
2910 4880 2956 4930 ei
3006 4890 3217 4947 peccata
3241 4882 3423 4947 multa,
3482 4885 3603 4954 quia
3656 4885 3847 4937 dilexit

553 4980 602 5022 et
630 4971 829 5023 onerati
858 4971 978 5023 estis
1010 4968 1227 5037 (Matth.
1275 4985 1347 5033 xi,
1380 4967 1496 5036 28),
1550 4970 1781 5039 impetus
1828 4977 2011 5022 autem
2036 4984 2137 5036 po-
2242 4963 2623 5034 multum(l.uc.
2663 4982 2751 5025 ιιι,
2772 4965 2859 5033 47)
2890 4985 2902 5031 ;
2936 4967 3179 5022 Charitas
3200 4986 3432 5040 namque
3454 4974 3842 5027 multitudinem

556 5062 664 5128 pu'i
696 5060 895 5115 idcirco
923 5068 1160 5124 vocatur,
1207 5061 1330 5128 quia
1352 5061 1483 5113 sicut
1508 5060 1680 5130 fulgur
1701 5061 1805 5113 exit
1834 5059 1896 5111 ab
1922 5056 2141 5113 Oriente
2241 5057 2404 5120 aperit
2441 5069 2761 5125 peccatorum
2795 5057 2933 5127 (Jac.
2964 5076 3012 5117 ν.
3046 5059 3159 5129 20).
3198 5059 3260 5114 Et
3287 5061 3536 5117 Ezechiel
3566 5083 3578 5117 :
3611 5063 3679 5117 lu
3708 5082 3839 5133 qua-

557 5162 604 5203 et
632 5161 777 5221 paret
807 5169 964 5222 usque
988 5154 1041 5206 in
1062 5151 1414 5218 Occidentem,
1438 5153 1509 5205 ita
1534 5152 1631 5205 erit
1654 5161 1703 5204 et
1732 5152 1981 5205 adcentus
2015 5150 2139 5207 Filii
2243 5163 2439 5217 αιηιιυε
2463 5150 2566 5214 die,
2596 5149 2688 5209 ait.
2716 5166 2987 5203 Conversus
3032 5153 3189 5220 fuerit
3214 5153 3439 5222 injustas
3480 5154 3544 5205 ab
3576 5156 3841 5223 injustitia

560 5245 779 5297 homini;
813 5242 1026 5313 (Matth.
1052 5261 1192 5307 χχιν,
1225 5243 1336 5313 27).
2244 5255 2359 5302 sua,
2401 5255 2574 5292 omnes
2596 5240 2887 5307 iniquitates
2908 5242 2958 5310 ej
2995 5259 3019 5294 s
3047 5242 3288 5297 oblivioni
3317 5243 3587 5298 tradentur
3616 5244 3839 5315 (Ezech.

632 5334 686 5387 in
720 5335 850 5388 Abia
900 5334 1059 5388 Pater
1111 5334 1359 5388 Dominus
1409 5333 1627 5405 (Hieron
1659 5373 1674 5398 ,
1715 5333 1799 5387 ubi
1850 5350 2027 5404 supra,
2080 5334 2143 5389 de
2243 5330 2417 5400 XVIII).

563 5421 797 5493 Matth),
827 5425 917 5493 qui
940 5426 1039 5479 ait:
1064 5424 1241 5480 Nolite
1260 5442 1442 5479 vocare
1470 5424 1610 5479 vobis
1636 5424 1844 5479 Patrem
1868 5442 2021 5497 super
2042 5436 2143 5480 ter-
2316 5422 2373 5475 in
2396 5423 2566 5477 Anton
2595 5423 2763 5493 ﬁdelis
2808 5424 3007 5493 (l’hilo,
3039 5427 3188 5487 ibid.,
3220 5428 3286 5479 de
3312 5427 3560 5497 Jerem.),
3606 5429 3699 5495 qui
3728 5429 3840 5481 ait:

563 5529 676 5565 ram
717 5511 931 5582 (Matth.
964 5531 1112 5581 χχιιι,
1136 5515 1211 5586 9),
1268 5531 1374 5571 non
1402 5515 1529 5584 quia
1579 5514 1715 5570 duos
1763 5516 1815 5569 in
1864 5516 2146 5572 divinitate

2252 5512 2415 5567 I’etite
2450 5525 2498 5567 et
2528 5514 2734 5567 dabitur
2762 5516 2903 5570 vobis
2933 5515 3149 5579 (Matth.
3177 5532 3271 5581 vu,
3296 5518 3374 5583 7).
3407 5517 3471 5571 Et
3496 5517 3692 5572 Pau'm
3719 5521 3797 5572 ait
3824 5535 3840 5579 ;

564 5602 805 5658 dicamus
834 5620 974 5669 esse,
1020 5607 1115 5661 sed
1142 5607 1287 5677 quod
1313 5608 1473 5660 etiam
1506 5607 1670 5661 homo
1716 5608 1957 5675 magistri
2005 5608 2145 5663 illius
2250 5602 2318 5658 Ut
2346 5605 2634 5659 misericors
2657 5605 2823 5673 fieret,
2866 5615 2914 5660 et
2943 5606 3112 5676 ﬁdelis
3148 5607 3397 5680 Pontifex
3437 5608 3509 5661 ad
3556 5608 3847 5663 Dominum

567 5690 798 5748 hominis
828 5704 984 5763 pater
1011 5697 1078 5748 sit
1110 5710 1269 5765 quem
1307 5696 1485 5761 docet,
1520 5696 1686 5750 Paulo
1719 5697 1963 5752 dicente:
2005 5699 2145 5755 Nam
2248 5698 2431 5769 (llebr.
2482 5715 2538 5766 ιι,
2572 5699 2679 5757 17).
2704 5697 2773 5753 Et
2809 5697 3043 5755 Joannes
3070 5702 3121 5755 in
3151 5701 3510 5772 Apocalypsi:
3544 5702 3607 5755 Et
3649 5720 3681 5754 a
3712 5701 3846 5756 Jesu

565 5782 659 5834 etsi
697 5783 871 5839 decem
911 5787 1073 5838 millia
1103 5786 1503 5857 pwdagogorum
1557 5789 1785 5842 habeatis
1833 5790 1886 5842 in
1916 5788 2141 5855 Christo,
2245 5790 2482 5856 Christo,
2516 5791 2603 5860 qui
2645 5800 2719 5843 est
2753 5791 2894 5844 testis
2922 5790 3095 5858 fidelis
3128 5793 3311 5863 (Apoc.
3340 5809 3375 5858 ι,
3409 5792 3465 5865 5)
3492 5811 3505 5861 ;
3539 5793 3711 5848 lideiis
3742 5808 3839 5845 au-
