4052 6332
235 344 344 400 355

959 337 1519 395 ΙΝΤΕΠΡΒΕΤᾹΤΙΟ
1565 335 1842 393 MORALIE

1954 334 2449 393 ROGENITORUM
2490 332 2786 391 CHRISTI.

3429 339 3532 395 551

238 465 349 512 tem
371 453 588 516 dicitur,
622 449 772 519 cujus
800 459 926 506 sunt
951 464 1167 521 semper
1192 449 1454 520 promissa
1484 448 1682 509 ﬁdelia.
1707 463 1827 518 qua:
1860 452 1911 510 Α
2006 448 2065 503 In
2106 448 2321 505 Sadoch
2357 450 2676 520 justiﬁcatus
2727 448 2971 520 (Hieron.
3010 452 3047 504 ι.
3102 450 3209 504 Int.
3268 468 3435 522 nom.,
3469 456 3533 509 de

241 549 293 602 in
345 556 630 613 utramque
670 550 875 612 partem
913 550 967 596 et
1007 541 1273 613 speranda
1322 550 1451 596 sunt
1500 541 1732 611 pariter,
1779 548 1835 596 et

236 635 667 707 ex;'.avesccnda.

314 728 369 780 In
395 724 543 780 Jusia
566 726 651 778 ubi
673 734 747 778 est
778 740 1041 777 mcensum
1078 722 1286 778 Domini
1336 718 1512 791 (Hier.
1539 722 1577 777 l.
1636 725 1832 794 interp.

241 835 383 874 nom.
426 817 627 885 llebr.),
644 816 712 871 de
737 833 843 887 quo
862 817 1057 871 dicitur
1081 835 1094 869 :
1121 815 1186 871 Et
1207 817 1461 885 prolixius
1481 818 1662 872 orabat
1681 816 1831 888 (Luc.

239 910 408 974 XXII,
431 910 547 980 iri),
562 909 834 978 quomodo
860 925 990 963 vero
1007 910 1180 963 oratio
1199 911 1475 964 incensum
1489 926 1608 965 esse
1621 910 1834 974 dicitur,

242 1002 529 1056 l’salmista
558 1008 808 1062 testatur,
840 1000 1023 1053 (licens
1046 1020 1055 1051 :
1081 1000 1370 1071 Dirigatnr,
1406 1000 1642 1066 Domine,
1669 1001 1838 1057 oratio

241 1108 356 1145 mea
394 1094 524 1145 sicut
551 1092 813 1145 incensum
843 1093 895 1145 in
924 1101 1194 1159 conspectu
1225 1101 1310 1145 tuo
1334 1090 1503 1162 (Psal.
1532 1108 1653 1158 CXL,
1684 1091 1763 1161 2).

314 1184 371 1236 1η
393 1182 651 1238 Jcchonia
672 1200 974 1252 prwparans
1005 1182 1267 1251 (Hieron.,
1300 1182 1460 1250 ibid.;
1504 1191 1556 1237 et
1590 1182 1759 1248 Philo,
1782 1182 1835 1237 4.

243 1276 448 1346 Interp.
478 1294 640 1339 nom.,
662 1278 725 1329 de
754 1275 783 1329 Ι
830 1277 955 1347 Reg.
987 1287 1035 1330 et
1056 1276 1301 1347 .lerem.),
1335 1288 1394 1332 ut
1422 1278 1498 1332 ait
1530 1297 1541 1331 :
1575 1278 1636 1334 Si
1665 1278 1839 1334 abiero

238 1378 289 1421 et
320 1385 684 1437 prteparavero
709 1368 844 1422 vobis
873 1370 1272 1433 locum,'itcrum
1310 1371 1512 1424 veniam
1544 1371 1612 1423 ad
1658 1388 1763 1437 vos,
1790 1381 1839 1425 et

238 1464 500 1531 accipiam
520 1480 606 1516 vos
635 1464 703 1515 ad
730 1463 979 1532 meipsum
1002 1463 1180 1534 (Joan.
1216 1481 1246 1517 χ
1272 1480 1327 1528 v,
1347 1463 1424 1533 5).

305 1553 363 1608 Si
387 1569 517 1608 vero
541 1556 757 1624 proprie
783 1552 1044 1618 Jaachim,
1074 1564 1130 1609 et
1154 1555 1402 1615 Joacln'n,
1448 1556 1497 1609 id
1527 1564 1630 1619 est,
1662 1556 1835 1618 Pater,

243 1646 637 1714 distinguatur;
688 1648 740 1701 in
782 1647 1010 1702 Joaehin
1045 1648 1251 1702 Domini
1290 1651 1595 1701 resurrectio
1646 1647 1841 1702 dicitur

242 1741 519 1809 (ilieron.,
568 1740 696 1794 ibid.
729 1742 792 1793 de
842 1738 1083 1810 Matth.),
1110 1749 1167 1795 ut
1188 1741 1262 1795 ait
1296 1760 1308 1793 :
1342 1740 1628 1813 Postquam
1666 1752 1839 1795 autent

1941 538 2129 609 Luca),
2161 548 2221 595 ut
2267 541 2342 594 ait
2375 558 2387 593 :
2430 539 2543 611 Ego
2572 541 2834 594 veritatem
2875 542 3075 612 loquor,
3108 542 3228 613 quia
3268 560 3425 599 verax
3455 557 3533 599 est

1939 632 2025 701 qui
2052 647 2132 684 me
2152 631 2292 685 misit
2317 630 2497 701 (Joan.
2526 646 2635 696 vm,
2661 630 2751 700 26)
2771 648 2785 695 ;
2809 631 2875 685 ad
2898 645 3059 700 quem
3083 631 3247 686 etiam
3293 632 3489 687 dicitur
3516 654 3530 687 :

1938 720 2250 793 Justiﬁceris
2286 725 2340 777 in
2370 724 2688 779 sermonibus
2717 725 2817 778 tuis
2846 723 3018 795 (Psal.
3077 741 3126 788 ι,
3157 724 3235 795 6).
3264 724 3333 780 Et
3368 726 3533 781 Joan-

1940 827 2033 869 nes
2070 833 2081 866 :
2114 814 2447 879 Advocatum,
2486 815 2675 884 inquit,
2703 815 2942 869 habemus
2991 817 3129 886 apud
3176 817 3382 871 Patrem
3439 819 3533 873 Je-

1939 920 2052 959 sum
2081 903 2341 959 Christum
2363 906 2556 976 justum
2590 906 2767 975 (Joan.
2800 923 2857 974 ll,
2884 908 2959 976 1).

2014 996 2069 1050 ln
2096 998 2282 1051 Achim
2311 996 2498 1051 Frater
2522 1015 2664 1053 meus
2695 997 2932 1071 (Origen.
2958 1002 3095 1055 hom.
3133 1000 3201 1054 20
3227 1019 3385 1072 supra
3406 1001 3531 1059 Jesn

1944 1086 2138 1157 Nave),
2168 1096 2228 1143 ut
2267 1089 2381 1143 ait:
2414 1087 2712 1161 Quicunque
2769 1092 2946 1161 fecerit
2996 1096 3310 1147 voluntatem
3357 1094 3531 1150 Patris

1943 1182 2060 1245 mei,
2075 1182 2185 1250 ipse
2205 1184 2367 1252 frater
2392 1198 2551 1247 meus,
2566 1192 2615 1236 et
2636 1192 2803 1237 mater
2826 1201 2960 1249 mea,
2978 1194 3027 1238 et
3048 1203 3196 1240 soror
3221 1196 3297 1241 est
3315 1186 3530 1259 (Matth.

1945 1274 2167 1342 xn,50),
2200 1274 2312 1328 sive
2343 1277 2504 1343 frater
2525 1277 2737 1340 multis;
2770 1276 2935 1331 frater
2962 1278 3161 1347 quippe
3209 1281 3396 1334 matris
3428 1281 3536 1336 Do—

1944 1365 2119 1417 minus
2169 1364 2290 1418 itleo
2333 1366 2547 1430 dicitur,
2580 1366 2706 1420 dum
2738 1383 2901 1421 unum
2945 1366 3187 1433 Patrem,
3233 1371 3317 1424 cui
3348 1386 3536 1426 omnes

1946 1455 2182 1521 (Christo
2199 1456 2446 1527 jubente)
2469 1458 2701 1514 dicimus
2732 1476 2744 1512 :
2780 1458 2941 1513 Pater
2963 1471 3136 1516 noster
3164 1463 3328 1533 quies
3360 1464 3413 1517 in
3435 1480 3534 1518 cae,

1943 1548 2009 1600 tis
2034 1547 2193 1618 (Ibid.
2205 1552 2242 1618 ).

2016 1641 2068 1695 lu
2100 1642 2252 1696 Eiiui
2282 1644 2424 1697 Deus
2482 1661 2624 1699 meus
2675 1646 2771 1700 iste
2802 1645 3013 1717 (Philo,
3055 1648 3089 1699 ι.
3128 1646 3236 1701 lnt.
3274 1664 3439 1715 nom.,
3472 1649 3535 1702 de

1943 1733 1977 1786 l.
2010 1733 2033 1786 Ι
2062 1734 2239 1805 Reg),
2268 1737 2350 1790 cui
2382 1735 2616 1790 Thomas
2661 1736 2737 1791 ait
2766 1753 2783 1791 :
2829 1736 3080 1792 Dominus
3135 1750 3184 1792 et
3219 1739 3353 1793 Deus
3394 1756 3536 1794 meus

238 1851 598 1898 resurrexero.
623 1835 916 1904 prtecedam
947 1852 1030 1888 vos
1052 1835 1105 1888 in
1147 1834 1424 1889 Galila‘am
1453 1834 1661 1906 (Matth.
1689 1851 1834 1895 xxvu,
1870 1827 1915 1885 B
1948 1826 2125 1897 (Joan.
2158 1844 2247 1891 xx,
2282 1828 2393 1898 ‘28).
2427 1826 2729 1882 Pronomen
2756 1837 2936 1884 autem
2962 1830 3060 1883 iste
3089 1831 3219 1901 quid
3249 1831 3389 1885 aliud
3435 1832 3536 1886 niSi

250 1926 344 1991 2);
386 1927 438 1980 in
460 1925 702 1982 Joacbim
730 1926 942 1981 Domini
962 1928 1278 1997 praeparatio
1325 1927 1539 1999 (Auctor
1567 1946 1709 1998 oper.
1745 1929 1841 1981 im-

242 2022 407 2088 perf.,
433 2020 570 2073 hom.
604 2018 625 2072 1
655 2022 708 2072 in
741 2017 979 2088 Matth),
1023 2019 1115 2087 qui
1142 2020 1275 2072 dixit
1306 2037 1319 2071 :
1358 2019 1560 2086 Venite,
1590 2018 1843 2072 benedicti

244 2110 426 2164 Patris
463 2112 582 2172 mei,
612 2111 868 2180 possidete
884 2121 1125 2177 paratum
1155 2109 1292 2164 vobis
1317 2126 1530 2183 regnum
1554 2110 1617 2162 ab
1646 2111 1843 2181 origine

240 2200 424 2253 mundi
466 2200 682 2270 (Matth.
716 2218 841 2268 xxv,
873 2200 984 2270 54).

316 2292 376 2345 In
416 2292 692 2356 Salathiel,
727 2295 903 2361 petitio
946 2309 1063 2346 mea
1108 2291 1243 2347 Deus
1302 2292 1746 2363 (Hiermt.,ibid.,
1780 2294 1844 2344 de

245 2383 467 2445 Matth;
493 2383 913 2449 Philo,ibid.,de
940 2385 1175 2455 Aggteo),
1200 2386 1289 2455 qui
1328 2385 1498 2441 dixit:
1529 2384 1685 2440 Pater
1722 2402 1844 2439 san-

243 2486 349 2544 cte,
377 2494 523 2531 serra
542 2495 631 2531 eos
658 2495 784 2549 quos
820 2478 1008 2531 dedisti
1028 2480 1154 2532 mihi
1179 2477 1359 2545 (Joan.
1386 2494 1515 2544 xvu,
1546 2479 1654 2542 11).

319 2568 374 2622 1η
417 2569 716 2624 Zorobabel
745 2572 854 2633 ipse
903 2573 1151 2641 magister
1202 2574 1520 2643 confusionis
1570 2573 1843 2643 (liieron.,

242 2660 425 2731 ibid),
459 2669 517 2714 ut
541 2662 651 2715 ait:
677 2661 831 2715 Multi
887 2664 951 2716 ab
984 2663 1196 2717 Oriente
1234 2673 1283 2717 et
1326 2663 1604 2717 Occidente
1644 2669 1846 2720 venient

243 2763 295 2805 et
325 2752 620 2805 recumbent
640 2769 754 2805 cum
783 2753 1045 2806 Abraham
1073 2763 1123 2807 et
1154 2752 1310 2808 Isaac
1338 2765 1389 2808 et
1414 2754 1577 2809 Jarob
1609 2758 1661 2809 in
1687 2774 1844 2828 regno

242 2843 493 2896 caelorum
543 2842 764 2915 (Matth.
819 2859 928 2903 vui.
978 2843 1117 2913 il);
1168 2854 1225 2898 et
1269 2845 1337 2900 de
1374 2846 1566 2901 eodem
1611 2846 1845 2911 dicitur;

249 2932 428 2997 Quare
453 2951 569 2988 cum
598 2935 897 2990 Publicanis
925 2946 973 2990 et
1026 2938 1384 3004 peccatoribus
1415 2940 1693 2994 manducut
1734 2940 1849 2993 Ma-

244 3026 411 3096 gister
440 3036 603 3081 vester
626 3026 818 3096 (Marc.
849 3044 904 3091 Il,
940 3027 1059 3098 l6)?
1476 3096 1484 3103 ἡ

324 3116 384 3170 In
416 3117 592 3173 Abiud
642 3117 807 3172 Pater
830 3137 975 3173 meus
1013 3122 1110 3173 iste
1153 3120 1363 3191 (Philo,
1405 3121 1559 3186 ibid.,
1624 3122 1845 3193 Exod),

1945 1920 2096 1986 signa
2127 1920 2402 1974 clavorum
2426 1927 2481 1974 et
2507 1921 2704 1975 lancea:
2723 1921 3139 1990 significat,qute
3157 1924 3268 1979 veri
3290 1924 3534 1979 notitiam

1945 2014 2187 2082 corporis
2216 2023 2542 2070 monstrant.

2018 2106 2072 2159 la
2096 2105 2316 2162 Eleazar
2341 2107 2483 2164 Deus
2513 2126 2655 2163 meus
2683 2111 2895 2180 adjutor
2924 2110 3122 2181 (Philo,
3146 2113 3181 2166 l.
3215 2112 3323 2167 lat.
3370 2129 3533 2174 nom.,

1946 2202 2009 2253 tle
2037 2198 2165 2253 Cen.
2198 2209 2247 2253 et
2271 2199 2425 2267 £17.),
2446 2208 2506 2254 ut
2531 2200 2607 2254 ait
2639 2218 2651 2254 ε
2679 2199 2749 2253 Et
2771 2202 2856 2271 qui
2884 2204 3022 2256 misit
3051 2220 3130 2256 me
3163 2202 3319 2257 Pater
3342 2220 3535 2257 mecura

1942 2301 2022 2345 est
2045 2292 2225 2361 (Joan.
2261 2307 2370 2355 ml,
2401 2290 2512 2361 16).

2019 2384 2075 2439 ln
2106 2384 2319 2439 Mallum
2349 2385 2860 2457 donans([lieron.t.
2895 2385 3004 2441 Int.
3032 2387 3276 2452 nom.,de
3293 2385 3531 2457 Matth},

1950 2485 2009 2530 nt
2051 2478 2172 2530 ait:
2205 2474 2371 2531 Omne
2400 2477 2625 2533 debitum
2666 2480 2855 2534 donari
2898 2478 2988 2533 tibi
3027 2481 3149 2550 quia
3204 2484 3398 2551 rogasti
3454 2499 3533 2535 me

1952 2571 2164 2639 (Matth.
2192 2587 2338 2633 xvm,
2373 2572 2484 2641 52).

2020 2662 2075 2716 In
2096 2661 2263 2717 Iacob
2289 2665 2649 2733 supplantator
2669 2663 2935 2737 (0rigen.,
2968 2667 3105 2720 hom.
3134 2666 3190 2719 11
3220 2668 3273 2720 in
3307 2666 3459 2721 Exod
3490 2670 3528 2736 ).

1952 2763 2009 2806 ut
2038 2754 2113 2806 ait
2144 2773 2153 2805 :
2194 2752 2323 2808 Dedi
2359 2753 2496 2810 vobis
2524 2764 2828 2826 potestatem
2857 2756 3094 2811 calcandi
3133 2773 3287 2826 super
3329 2775 3540 2827 serpen-

1953 2852 2046 2907 tes,
2083 2854 2132 2896 et
2174 2847 2488 2913 scorpiones,
2538 2854 2588 2898 et
2616 2862 2778 2914 supra
2818 2862 3017 2900 omnem
3061 2848 3299 2901 virtutem
3342 2849 3549 2901 inimici

1954 2934 2104 3002 (Luc.
2131 2938 2209 3007 χ).

2024 3026 2081 3080 1η
2127 3026 2325 3097 Ioseph
2381 3039 2581 3093 auctus,
2640 3033 2718 3086 vel
2746 3049 3010 3102 apponens
3038 3033 3238 3100 (Philo,
3284 3033 3435 3095 ibid.,
3476 3036 3542 3086 de

1955 3118 2165 3185 Genes.;
2195 3119 2409 3190 Joseph.
2441 3121 2479 3176 Ι.
2515 3137 2550 3186 ι,
2577 3138 2622 3175 c.
2657 3122 2743 3187 17,
2775 3123 2999 3193 Antiq.),
3030 3132 3087 3177 ut
3115 3124 3189 3176 ait
3216 3143 3226 3175 :
3263 3122 3374 3192 Ego
3403 3127 3536 3191 veni,

248 3209 345 3277 qui
385 3207 554 3263 dicit:
585 3208 700 3281 Ego
746 3220 794 3264 et
844 3210 1003 3264 Pater
1040 3228 1181 3266 meus
1224 3229 1380 3267 utmm
1434 3230 1607 3268 διῃηιιε
1653 3215 1833 3279 (Joan.
1866 3192 1910 3252 (ἶ
1944 3219 1998 3263 ut
2022 3210 2180 3263 vitam
2224 3210 2475 3275 habeant;
2516 3221 2565 3265 et
2606 3192 2962 3266 abundantius
3008 3214 3234 3266 habeant
3257 3212 3438 3281 (Joan.
3476 3231 3534 3279 κ,

251 3319 308 3365 x,
341 3302 454 3371 50).

319 3395 381 3450 ln
413 3394 670 3451 Eliachitn
718 3396 970 3452 Dominus
1016 3401 1338 3453 resuscitabit
1370 3400 1568 3469 (Philo,
1594 3400 1744 3462 ibid.,
1778 3401 1841 3454 de

247 3486 346 3540 lib.
399 3485 578 3559 Reg.),
604 3496 662 3542 ut
704 3488 778 3541 ait
809 3508 821 3542 :
854 3490 953 3555 Qui
993 3492 1154 3544 credit
1182 3492 1234 3544 in
1265 3508 1345 3545 me
1375 3509 1477 3546 non
1518 3497 1763 3549 morietur
1782 3496 1838 3549 in

245 3588 526 3644 mter-num,
547 3580 639 3633 sed
664 3580 978 3635 resuscitabo
1000 3598 1115 3635 eum
1142 3585 1197 3636 in
1233 3584 1511 3639 novissimo
1553 3585 1636 3638 die
1658 3584 1835 3656 (Joan.

247 3688 328 3736 γι,
369 3670 481 3739 40).

324 3761 387 3815 In
433 3762 596 3827 Azor,
623 3763 833 3835 adjutus
889 3764 1067 3832 (Philo
1096 3766 1131 3820 ι.
1162 3765 1270 3821 Int.
1319 3784 1481 3831 nom.,
1516 3768 1578 3821 de
1617 3767 1678 3820 111
1711 3768 1838 3839 Reg.

242 3852 529 3922 Jeremia),
554 3864 613 3908 ut
640 3855 715 3908 ait
747 3873 761 3908 :
789 3853 913 3909 Non
942 3873 1054 3911 sum
1096 3857 1255 3920 solus,
1286 3860 1408 3928 quia
1447 3858 1601 3911 Pater
1647 3876 1843 3913 mecum

242 3956 332 4002 est
357 3945 536 4016 (Joan.
568 3962 679 4013 vm,
712 3946 821 4020 19).

1947 3303 2067 3372 10);
2099 3314 2154 3359 et
2179 3304 2335 3371 alibi;
2366 3313 2414 3358 et
2437 3307 2572 3360 alias
2601 3324 2715 3360 oves
2733 3307 2913 3372 habeo,
2946 3324 3058 3379 qua:
3080 3325 3180 3361 non
3201 3321 3322 3362 sunt
3346 3324 3411 3361 ex.
3442 3309 3538 3363 hoc

1944 3397 2083 3461 ovili,
2113 3406 2161 3450 et
2203 3398 2323 3450 illas
2353 3409 2551 3466 oportet
2568 3416 2646 3453 me
2666 3399 2939 3465 adducere,
2958 3410 3014 3454 ut
3062 3402 3158 3470 fiat
3183 3419 3313 3454 unus
3337 3418 3462 3472 grex
3487 3412 3537 3454 et

1947 3505 2080 3543 unus
2114 3490 2303 3544 Pastor
2326 3490 2504 3558 (Joan.
2534 3503 2610 3559 Χ).

2021 3585 2291 3643 Hactenus
2328 3598 2387 3643 ut
2435 3588 2703 3645 valuimus
2732 3632 2746 3655 ,
2788 3591 3021 3661 qualiter
3056 3593 3113 3647 in
3153 3593 3402 3647 omnibus
3447 3606 3543 3662 ge-

1948 3677 2225 3747 nealogite,
2243 3678 2324 3733 vel
2353 3681 2789 3748 generationibus
2818 3681 3018 3755 (Forte,
3046 3685 3406 3753 generationis
3428 3699 3546 3753 gra.

1946 3771 2121 3841 dibus]
2146 3772 2393 3828 Christus
2435 3773 2691 3841 ﬁguratus
2729 3784 2784 3831 et
2830 3778 3178 3846 prophetatus
3233 3778 3320 3842 sit,
3354 3793 3542 3831 (‘XOm-

1947 3864 2049 3933 plis
2079 3879 2248 3918 sacra:
2274 3865 2567 3935 Scriptum
2586 3869 2937 3925 asseruimus.

257 4107 3530 4134 “mm

1766 4220 1944 4300 ITE
1962 4220 2046 4301 M

474 4375 826 4436 MORALIS
876 4375 1393 4436 EXPLANATIO
1440 4375 1892 4437 EORUMDEM
1937 4378 2317 4441 NOMINUM
2362 4380 2460 4439 ΑΒ
2508 4380 2785 4441 EODEM
2836 4380 3327 4443 COMPILATA.

327 4618 704 4690 Opportunum
726 4626 940 4682 quoque
970 4609 1201 4676 videtur,
1230 4619 1286 4663 ut
1316 4609 1556 4677 ejusdem
1588 4609 1848 4676 genealo-
1881 4612 1928 4670 Ι)
1961 4618 2100 4665 terra
2123 4610 2190 4663 ab
2212 4609 2402 4665 eodem
2434 4624 2681 4679 possessa
2714 4617 2793 4663 est
2818 4609 2934 4673 iure
2975 4607 3331 4664 hrcreditario.
3365 4611 3543 4666 Adve-

238 4716 359 4785 εἰει)
384 4708 599 4764 nomina
639 4720 735 4775 per
760 4701 1256 4772 interpretationem
1305 4715 1520 4768 quoque
1570 4699 1853 4753 latioribus

242 4804 467 4875 ﬁguris,
497 4800 561 4853 ad
591 4797 868 4864 Moralem,
900 4802 1160 4866 quantum
1204 4808 1506 4864 possumus,
1549 4790 1853 4847 derivemus

242 4894 620 4953 intellectum.

330 4984 392 5039 lo
420 4992 608 5037 sancto
656 4980 818 5050 igitur
868 4977 1132 5032 Abraham
1170 4978 1273 5034 hoc
1325 4975 1687 5045 intelligentes
1739 4985 1856 5031 stu—

234 5078 507 5139 deamus,
538 5080 597 5126 ut
621 5080 803 5141 patres
823 5077 1131 5123 sanctarum
1162 5069 1422 5137 gentium,
1456 5068 1557 5122 hoc
1586 5074 1688 5131 est,
1727 5080 1852 5135 per-

236 5169 526 5223 fectarum
573 5164 766 5218 anima:
814 5162 1073 5215 virtutum
1118 5161 1456 5228 elﬁciamur;
1488 5176 1621 5230 quas
1657 5159 1853 5215 evulsis

233 5268 313 5313 et
336 5255 649 5320 destructis,
677 5234 1011 5321 disperditis,
1036 5258 1091 5304 et
1110 5250 1382 5320 dissipatis
1403 5251 1556 5304 malis
1583 5249 1850 5319 gentibus,

234 5353 371 5406 hoc
397 5356 498 5413 est,
528 5344 821 5401 mortiferis
860 5343 1028 5408 vitiis,
1062 5351 1282 5396 sanctus
1301 5341 1563 5397 Jeremias
1590 5341 1855 5397 mdiﬁcare

234 5447 314 5498 et
349 5436 832 5507 plantarejubetur
858 5449 887 5488 a
919 5433 1169 5499 Domino,
1202 5434 1253 5487 in
1284 5447 1511 5501 quorum
1539 5441 1667 5503 typo
1696 5433 1856 5489 vitio-

232 5549 386 5593 rum
424 5542 634 5602 septem
658 5530 760 5583 illa:
800 5526 1223 5582 Chanameorum
1267 5538 1475 5594 gentes,
1508 5528 1672 5582 veluti
1730 5528 1856 5582 toti-

229 5630 391 5683 dem
425 5620 738 5693 principalia
769 5620 919 5684 vitia,
953 5619 1021 5672 ab
1041 5617 1338 5673 Israelitico
1368 5618 1563 5673 deleta
1593 5627 1717 5673 sunt
1751 5636 1852 5690 po-

232 5716 397 5793 pulo
427 5712 712 5782 (Cassium,
746 5710 920 5765 collat.
944 5708 998 5777 5,
1032 5727 1145 5781 cap.
1181 5708 1293 5779 22),
1326 5708 1514 5766 eadem
1539 5710 1615 5781 [et
1643 5709 1853 5781 earum]

1957 4715 2038 4755 na:
2059 4702 2221 4755 etiam
2246 4701 2396 4755 istius
2412 4700 2592 4754 mundi
2612 4702 2661 4753 in
2684 4699 3087 4755 similitudinem
3107 4701 3336 4756 Abraha:
3359 4702 3544 4767 simus,

1956 4800 2012 4845 et
2040 4792 2326 4861 peregrini,
2358 4791 2500 4845 sicut
2520 4806 2708 4845 omnes
2740 4802 2917 4862 patres
2950 4794 3151 4859 nostri;
3180 4800 3353 4848 totum
3408 4810 3548 4862 qun-

1957 4899 2062 4952 que
2089 4884 2367 4953 pnesentis
2381 4885 2503 4937 vitae
2530 4883 2965 4952 gauiium,velut
2993 4883 3141 4941 Isaac
3168 4885 3544 4943 charissinmm

1960 4976 2147 5043 lilium,
2178 4975 2407 5032 Domino
2454 4974 2701 5046 iubente,
2728 4976 3020 5034 offeramus
3049 4976 3178 5044 Deo,
3205 4987 3266 5032 ut
3305 4978 3360 5033 in
3384 4987 3547 5031 mter--

1961 5082 2087 5121 num
2119 5067 2442 5135 gaudeamus
2472 5082 2595 5121 cum
2620 5066 2853 5130 Christo,
2879 5067 2995 5136 ipso
3015 5066 3229 5123 dicente
3254 5087 3265 5120 :
3288 5065 3437 5120 Beati
3458 5066 3552 5136 qui

1960 5160 2133 5229 lugent
2160 5175 2315 5226 nunc,
2346 5160 2588 5229 quoniam
2638 5158 2737 5228 ipsi
2790 5157 3194 5214 consolabuntur
3218 5158 3433 5230 (Matth.
3470 5157 3546 5225 v).

2032 5250 2086 5302 In
2112 5249 2266 5303 Isaac
2296 5251 2550 5319 centuplo
2582 5250 2971 5319 locupletemur
2995 5251 3194 5316 fructu,
3222 5257 3279 5303 et
3305 5248 3545 5317 gaudea-

1963 5360 2080 5399 mus
2133 5345 2185 5398 in
2229 5344 2637 5405 tentationihus,
2684 5352 2737 5398 et
2783 5342 3080 5397 secundum
3129 5358 3181 5395 in
3238 5339 3546 5409 coniugium

1963 5450 2294 5491 assumamus
2323 5444 2377 5487 et
2406 5434 2724 5498 Rcbeccam,
2750 5433 2855 5487 hoc
2884 5443 2986 5495 est,
3011 5432 3320 5503 patientiam
3347 5431 3546 5487 habea-

1961 5543 2098 5593 mus,
2126 5527 2341 5582 dicente
2361 5526 2565 5582 Jacobo
2579 5525 2839 5597 Apostolo
2867 5542 2879 5577 :
2910 5525 3076 5578 Omne
3097 5524 3341 5596 gaudium
3364 5526 3549 5580 existi-

1960 5630 2119 5683 male,
2148 5623 2336 5693 fratres
2359 5621 2477 5682 mei,
2504 5637 2617 5673 cum
2642 5621 2697 5676 in
2722 5620 3026 5675 tentationes
3048 5620 3219 5672 varias
3239 5617 3547 5680 incideritis,

1960 5713 2174 5766 scientes
2199 5714 2335 5783 quod
2366 5713 2594 5768 vrobatio
2617 5724 2793 5769 vestra:
2817 5714 2938 5784 ﬁdei
2963 5714 3258 5783 patientiam
3284 5720 3545 5785 aperatur,
