4052 6332
511 328 612 385 555
1458 324 1515 379 S.
1556 323 1935 379 AILERAMNI
1981 318 2507 378 SCOTO-lllllEllNl
2554 318 2842 374 ABBATIS
3695 311 3810 370 336

510 455 568 498 ut
618 460 707 514 per
755 443 1061 513 patientium
1119 450 1171 494 et
1215 439 1614 494 consolationem
1669 438 2059 509 Scripturarum
2081 479 2096 505 ,
2131 445 2175 499 Α
2203 435 2466 500 videntes,
2500 435 2603 491 hoc
2628 442 2732 501 est,
2757 435 2992 489 litteram
3022 446 3051 487 a
3082 433 3292 503 spiritu,
3320 440 3375 487 et
3407 433 3561 499 vitia,
3592 440 3657 487 ut
3676 441 3812 487 ante

510 548 673 605 spent,
692 532 845 602 juxta
903 531 1053 585 Pauli
1112 529 1387 599 eloquium
1447 528 1622 598 (Rom.
1672 530 1762 600 xv)
1820 529 2096 582 habeamus

514 624 653 696 (Jac.
709 624 773 694 ι);
831 623 1168 692 gaudeamus
1223 623 1276 675 in
1322 620 1549 677 Domino
1598 636 1844 691 semper;
1896 621 2100 675 etenim

511 719 630 773 sine
654 717 765 773 Deo
795 716 919 772 licet
946 716 1110 785 gavisi
1142 715 1415 781 fuerimus,
1448 730 1664 785 semper
1711 714 1946 783 gaudere
1992 730 2099 768 non

513 826 798 879 possumus
821 827 835 875 ;
858 810 963 864 hoc
1013 823 1245 877 namque
1274 817 1354 863 est
1405 809 1791 877 sempiternum
1822 824 1883 861 ac
1912 823 2100 861 verum

514 909 567 954 et
597 916 754 955 omne
775 900 1049 969 gaudium,
1079 901 1224 969 quod
1283 899 1368 952 hic
1414 899 1656 953 iniliatur
1712 914 1809 970 per
1841 897 2023 961 tidem,
2050 905 2105 950 et

515 991 621 1046 illic
675 999 1077 1046 consummatur
1107 1006 1204 1059 per
1234 990 1500 1060 speciem;
1547 989 1820 1058 quomodo
1870 1004 2104 1059 praesens

516 1083 690 1136 sreculi
739 1082 989 1150 gaudium
1059 1081 1163 1136 fine
1208 1081 1566 1144 concluditur,
1597 1090 1652 1134 et
1700 1081 1846 1135 luctu
1870 1081 2102 1146 deletur,

516 1172 642 1225 illud
668 1187 792 1226 vero
825 1173 1056 1226 futurum
1088 1172 1374 1225 terminum
1424 1170 1613 1236 nescit,
1644 1184 1744 1225 nec
1783 1168 2106 1225 mmroribus

518 1261 939 1329 interrumpitur.

584 1353 641 1407 lu
669 1352 855 1417 Jacob,
876 1364 927 1406 ut
955 1362 1195 1408 mstrum
1228 1364 1465 1408 veterem
1487 1354 1759 1409 hominem
1791 1353 2104 1421 ldumoeum,

516 1448 568 1501 id
615 1457 716 1513 est,
762 1458 1056 1511 terrenum,
1116 1464 1254 1501 novo
1305 1448 1524 1502 homine
1564 1446 1993 1516 supplantemus,
2052 1454 2108 1500 et

518 1548 713 1591 nostr:
736 1538 929 1590 mentis
956 1538 1192 1606 spiritus,
1213 1537 1503 1591 secundmn
1562 1536 1847 1590 Dominum
1878 1552 2107 1593 renova-

518 1639 600 1683 tus
625 1629 1044 1698 Supplantaturis
1072 1644 1269 1681 nomen
1290 1629 1565 1682 sortiatur.
1600 1627 1734 1681 Caro
1764 1628 1963 1697 quippe
2016 1644 2104 1683 se-

516 1717 746 1773 cundum
764 1718 1079 1785 Apostolum
1102 1717 1411 1786 concupiscit
1436 1717 1680 1769 adversus
1710 1718 1968 1786 spiritum,
1996 1718 2103 1786 spi-

2210 526 2461 592 diximns,
2493 541 2521 580 a
2553 526 2838 581 virtutibus
2891 526 3288 593 distinguentes
3338 524 3530 578 Omnia
3577 539 3807 595 quoque

2207 620 2500 675 secundum
2520 619 2832 690 Apostolutn
2853 618 3211 689 approbemus
3239 616 3446 688 (Forte,
3464 616 3809 687 probemus],

2207 718 2261 764 et
2290 711 2461 765 solum
2507 710 2652 779 quod
2705 710 2906 763 bonum
2954 717 3037 764 est
3086 717 3387 772 teneamus,
3419 717 3477 761 ut
3514 723 3636 762 cum
3688 707 3817 761 dies

2208 802 2472 856 tremendi
2515 801 2660 855 illius
2692 800 2958 855 examinis
2982 799 3281 859 advenerit,
3314 814 3412 853 nos
3441 798 3535 865 qui
3563 807 3814 852 nosmet-

2209 890 2355 959 ipsos
2371 888 2747 958 judicavimus.
2774 904 2882 943 non
2898 887 3203 957 judicemur
3227 905 3253 941 a
3274 887 3528 953 Domino,
3556 902 3657 941 nec
3681 902 3813 941 cum

2207 982 2411 1037 mundo
2433 983 2667 1051 maligno
2697 982 3015 1036 damnemur
3045 980 3096 1051 (1
3128 980 3308 1035 Thess.
3345 982 3422 1047 v).

2282 1072 2347 1127 In
2377 1072 2518 1126 Zara
2545 1071 2996 1145 [al.,ZaramJ,ut
3022 1070 3212 1126 lucifer
3240 1073 3448 1123 oriatur
3471 1071 3524 1123 in
3550 1068 3818 1124 cordibus

2209 1164 2406 1219 nostris
2434 1163 2522 1234 (11
2552 1163 2694 1217 Petr.
2722 1164 2759 1231 l)
2817 1173 2872 1217 et
2940 1163 3020 1217 sol
3065 1162 3308 1230 justititc,
3342 1162 3433 1228 qui
3490 1160 3819 1215 timentibus

2209 1254 2493 1310 Dominum
2522 1254 2713 1319 oritur,
2766 1263 2822 1308 et
2872 1253 3261 1322 negligentibus
3290 1252 3508 1317 Of‘citlll,
3543 1251 3820 1307 illuminet

2209 1359 2328 1407 nos,
2351 1345 2441 1397 lux
2471 1343 2722 1403 videlicet
2753 1358 2876 1397 vera
2900 1358 3019 1411 qua:
3048 1343 3315 1397 illuminat
3354 1359 3573 1396 omnem
3622 1342 3814 1396 homi-

2209 1450 2331 1489 nem
2362 1434 2665 1489 venientem
2691 1434 2743 1488 in
2768 1434 2911 1488 hunc
2942 1434 3198 1489 mundum
3222 1433 3401 1502 (Joan.
3434 1434 3498 1500 1);
3523 1448 3621 1489 nec
3642 1447 3821 1503 super

2209 1524 2540 1580 iracundiam
2570 1534 2830 1589 nostram,
2861 1535 2954 1579 aut
2984 1525 3181 1594 aliquid
3231 1525 3566 1579 mortiferum
3593 1524 3820 1579 occidat

2209 1616 2395 1669 vitium
2431 1632 2443 1667 :
2478 1614 2631 1682 cujus
2660 1614 2870 1684 fulgore
2892 1616 3085 1670 radiati
3108 1625 3163 1669 et
3185 1616 3281 1685 ipsi
3312 1616 3453 1670 sicut
3479 1614 3655 1671 Stella.-
3689 1617 3807 1687 ful-

2212 1707 2436 1778 gebimns
2456 1708 2509 1759 in
2528 1716 2799 1776 perpetuas
2818 1709 3131 1761 eternitates
3163 1707 3327 1776 (Dan.
3355 1708 3471 1773 xu),
3488 1716 3543 1762 et
3562 1709 3819 1764 oriemur

513 1813 644 1865 ritus
670 1828 783 1864 vero
816 1812 1057 1863 adrersus
1088 1825 1293 1862 carnem
1323 1807 1465 1879 (Cal.
1506 1811 1595 1874 v);
1627 1809 1808 1863 senior
1864 1808 2112 1863 videlicet
2148 1806 2188 1864 Β
2216 1799 2356 1852 Sim“
2386 1797 2666 1851 Ιηηιίηπίθ
2698 1797 2821 1851 huic
2855 1796 3077 1865 τηυηάοθ
3098 1799 3320 1852 verbum
3369 1799 3489 1851 νίιίιδ
3511 1798 3819 1853 conﬁnem

511 1903 678 1958 frater
700 1902 956 1956 adversus
981 1901 1270 1969 juniorem,
1301 1911 1355 1954 et
1382 1900 1566 1970 junior
1592 1910 1781 1955 contra
1812 1900 2103 1963 seniorem,

509 1996 629 2065 quia
654 2011 754 2047 non
778 1995 920 2063 prius
968 1992 1103 2062 quod
1145 1992 1433 2060 spirituale,
1462 1992 1550 2044 sed
1606 1992 1745 2062 quod
1796 1992 2024 2045 animale
2053 1991 2105 2061 (Ι

509 2082 630 2139 Cor.
656 2086 770 2152 xv),
803 2086 891 2152 qui
916 2090 1095 2135 autem
1119 2081 1296 2151 [Deest
1326 2084 1365 2151 ι’.
1401 2079 1476 2149 in]
1506 2081 1663 2149 hujus
1711 2081 2107 2136 colluctationis

508 2170 802 2222 certamine
857 2168 1030 2221 victor
1080 2168 1379 2229 exstiterit,
1416 2166 1519 2231 hic,
1554 2165 1766 2220 devicto
1819 2166 2020 2220 carnali
2051 2175 2105 2219 ct

508 2262 676 2315 veteri
699 2258 1402 2325 homine,mortiﬁcatisque
1426 2257 1681 2312 membris
1708 2256 1817 2312 suis
1840 2271 1958 2326 qua:
1980 2266 2106 2311 sunt

509 2366 675 2420 super
704 2361 928 2416 terrain,
964 2348 1193 2403 mundus
1216 2349 1380 2403 corde
1412 2347 1658 2411 effectus,
1683 2349 1828 2404 vitiis
1854 2349 2103 2403 videlicet

509 2442 835 2506 exiuanitus,
868 2456 930 2495 ac
953 2440 1237 2495 virtutibus
1286 2440 1544 2508 repletus,
1577 2454 1677 2508 per
1727 2440 1990 2495 actualem
2047 2441 2100 2494 in

509 2532 981 2602 contemplativam
1010 2532 1274 2585 transiens
1300 2532 1484 2595 vitam,
1512 2531 1720 2585 Israelis
1740 2532 1957 2586 nomine
1987 2546 2100 2585 me-

496 2620 714 2683 rebitur
739 2626 1022 2695 appellari,
1056 2626 1160 2679 hoc
1207 2631 1309 2689 est,
1338 2625 1452 2687 uiri,
1479 2625 1591 2678 sive
1642 2625 1824 2677 mentis
1879 2623 2097 2677 videntis

507 2718 810 2785 Dominum,
840 2718 949 2772 sive
968 2718 1219 2787 principis
1249 2734 1362 2770 cum
1386 2715 1632 2778 Domino,
1664 2724 1755 2771 aut
1785 2717 1965 2769 directi
1995 2715 2097 2788 [di-

506 2810 644 2883 lecti]
672 2809 905 2874 Domiui,
930 2824 1087 2877 quem
1118 2809 1168 2861 in
1200 2808 1449 2876 praesenti
1510 2808 1613 2860 vita
1655 2807 1855 2861 videbit
1893 2822 1988 2876 per
2035 2803 2095 2857 ll-

507 2900 650 2965 dem,
683 2910 737 2954 et
767 2901 818 2954 in
851 2898 1029 2953 futuro
1084 2898 1534 2968 contemplabitur
1590 2898 1727 2953 facie
1756 2897 1821 2950 ad
1852 2897 1986 2952 facie
2001 2913 2040 2949 an
2076 2915 2089 2949 :

507 2992 678 3058 Beati,
712 2993 906 3060 inquit,
936 2992 1127 3047 mundo
1153 2991 1326 3055 corde,
1348 2994 1591 3060 quoniam
1629 2991 1730 3060 ipsi
1760 2988 1925 3044 Deum
1953 2990 2092 3044 vide-

505 3086 629 3137 bunt
656 3082 870 3153 (Math.
892 3086 969 3152 ν).

2216 1900 2313 1951 tes,
2350 1900 2405 1943 ut
2437 1890 2613 1943 luceat
2652 1892 2742 1943 lux
2772 1900 2949 1943 nostra
2978 1906 3154 1944 coram
3182 1889 3489 1951 hominibus,
3521 1899 3569 1941 et
3596 1890 3819 1959 gloriﬁ-

2212 1996 2323 2036 cent
2372 2000 2527 2052 Opera
2585 1992 2766 2035 nostra
2824 1980 3029 2035 Patrem
3084 1990 3317 2034 nostrum
3360 1982 3444 2052 qui
3470 1982 3522 2034 in
3547 1982 3698 2035 cali:
3734 1992 3820 2034 est

2212 2071 2422 2141 (Matth.
2445 2073 2521 2139 v);
2555 2087 2654 2126 nec
2675 2072 2801 2127 satis
2816 2072 2887 2125 sit
2907 2071 3064 2126 nobis
3083 2071 3422 2125 solummodo
3444 2072 3495 2124 in
3523 2068 3819 2125 Christum

2209 2164 2448 2225 credere,
2473 2163 2589 2227 sed,
2619 2163 2665 2217 si
2700 2164 2772 2216 ita
2804 2162 3096 2217 necessitas
3127 2162 3382 2231 impellat,
3414 2178 3509 2232 pro
3547 2162 3667 2231 ejus
3703 2180 3815 2216 no.

2207 2256 2350 2310 mine
2379 2256 2548 2325 parati
2580 2256 2739 2310 simul
2763 2254 2972 2327 [simus]
2997 2254 3158 2309 etiam
3190 2265 3435 2309 nostrum
3482 2257 3819 2324 sanguinem

2205 2346 2429 2401 fundere
2451 2355 2504 2401 et
2530 2346 2876 2415 conjunctam
2907 2355 3201 2418 martyrum
3242 2347 3425 2402 subire
3465 2348 3814 2417 passionem.

2204 2439 2469 2495 Coccinns
2491 2441 2610 2512 [al.,
2636 2436 2855 2511 coccus]
2878 2454 3095 2510 quoque
3140 2449 3326 2495 noster
3351 2439 3427 2493 bis
3470 2442 3656 2493 tinctus
3714 2442 3817 2501 sit,

2202 2532 2307 2587 hoc
2333 2541 2433 2597 est,
2464 2547 2560 2603 per
2579 2530 2838 2602 Spiritum
2879 2540 3126 2586 sanctum
3157 2531 3323 2599 ignita
3373 2532 3464 2585 Dei
3509 2531 3821 2588 dilectione

2201 2621 2489 2691 impleatur
2516 2630 2572 2676 et
2601 2622 2862 2690 proximi;
2893 2620 2959 2676 de
2987 2636 3093 2690 qua
3150 2621 3349 2677 dicitur
3381 2639 3391 2673 :
3426 2624 3580 2690 Aque
3622 2623 3820 2676 multa

2199 2727 2302 2765 non
2342 2720 2614 2782 potuerunt
2641 2714 2968 2784 exstinguere
3009 2712 3343 2777 charitatem,
3385 2714 3651 2783 lampades
3680 2716 3818 2785 ejus

2199 2804 2466 2875 lampades
2493 2805 2629 2876 ignis
2655 2813 2703 2858 et
2739 2805 3071 2873 flammarum
3106 2803 3284 2875 (Cant.
3319 2803 3397 2875 8).

2271 2894 2334 2949 In
2366 2894 2558 2958 Esron,
2593 2903 2652 2949 ut
2681 2895 2934 2951 ardentes
2959 2895 3160 2951 diaboli
3215 2898 3458 2966 sagittas,
3492 2897 3656 2967 ignita
3692 2899 3816 2955 ini-

2196 2988 2321 3044 mici
2339 2988 2511 3058 jacnla
2542 2988 2836 3059 perspicaci
2864 2988 3043 3045 cordis
3074 2990 3267 3045 intuitu
3293 2991 3648 3060 prrevidentes
3667 3009 3813 3049 cum

2199 3077 2445 3147 apostolo
2474 3075 2642 3131 Paulo
2670 3077 2853 3133 dicere
2892 3078 3164 3147 possimus
3194 3097 3206 3132 :
3242 3077 3366 3133 Non
3390 3083 3523 3135 enim
3573 3083 3812 3153 ignora-

574 3174 630 3228 In
650 3174 811 3238 Juda,
842 3184 898 3227 ut
923 3174 1198 3229 laudemus
1227 3183 1281 3229 et
1312 3188 1522 3242 semper
1565 3172 1930 3242 gloriﬁcemus
1977 3172 2085 3227 Do-
2115 3164 2162 3227 C
2196 3187 2308 3224 mus
2336 3170 2586 3224 uersutiae
2615 3170 2727 3240 ejus
2752 3169 2839 3241 (11
2868 3170 2992 3225 Cor.
3025 3171 3108 3239 n);
3140 3172 3204 3225 ad
3249 3187 3385 3241 quas
3431 3174 3684 3229 videndus
3721 3177 3812 3230 vi-

505 3266 809 3333 minum,et
862 3265 1216 3321 contiteamur
1269 3265 1346 3319 illi
1396 3264 1676 3319 laudantes
1726 3279 1922 3319 nomen
1952 3262 2086 3331 ejus.

502 3355 867 3412 Confessionis
908 3371 1036 3410 vero
1072 3356 1122 3409 in
1153 3354 1344 3412 divinis
1369 3354 1658 3426 Scripturis
1685 3355 1882 3425 duplex
1902 3354 2093 3410 modus

503 3460 617 3516 est;
647 3457 739 3501 aut
760 3449 903 3502 enim
931 3448 995 3501 ad
1028 3448 1355 3517 ptenitentite
1377 3446 1801 3502 satisfactionem
1849 3448 2090 3516 respicit,

505 3548 599 3595 aut
623 3540 1017 3610 baptizabantur
1042 3540 1104 3593 ab
1137 3556 1195 3593 eo
1217 3540 1520 3609 confitentes
1535 3550 1743 3609 peccata
1759 3556 1854 3594 sua
1873 3538 2088 3609 (Matth.

505 3630 608 3698 nt);
639 3638 693 3683 et
720 3628 913 3682 iterum
959 3646 970 3679 :
1031 3626 1384 3698 Coliﬁtenn‘ni,
1417 3628 1611 3697 inquit,
1641 3629 1947 3682 allerulrum
1976 3646 2093 3699 pec-

506 3734 622 3775 cata
643 3728 809 3776 vestra
838 3718 977 3790 (Jac.
997 3720 1073 3787 v);
1099 3728 1191 3774 aut
1221 3719 1286 3773 ad
1315 3718 1606 3786 gratiarum
1629 3720 1894 3775 actionem
1936 3719 2095 3775 refer-

507 3826 592 3867 tur
610 3822 663 3867 et
694 3811 997 3877 laudem,nt
1027 3819 1246 3867 sanctus
1277 3810 1464 3864 Daniel
1519 3829 1530 3864 :
1567 3809 1702 3878 Tibi,
1732 3810 1921 3880 inquit,
1956 3810 2094 3865 Deus

511 3908 728 3962 Patrum
775 3916 1069 3961 nostrorum
1098 3906 1529 3977 conﬁteor,teque
1553 3905 1707 3960 laudo
1740 3904 1903 3977 (Dan.
1936 3905 2016 3976 tt),
2042 3912 2097 3960 ct

508 4002 702 4055 iterum
749 4000 805 4054 in
837 3999 1148 4075 Evangelio,
1180 3998 1269 4069 qui
1323 4000 1460 4053 s‘cut
1501 3999 1617 4055 ovis
1658 4008 1937 4071 peccatum
1986 4014 2093 4053 non

510 4091 637 4144 fecit
662 4108 676 4144 ε
706 4088 984 4158 Conﬁteor,
1013 4089 1105 4154 ait,
1138 4089 1229 4142 tibi
1265 4088 1422 4143 Pater
1470 4087 1691 4145 Domine
1719 4090 1833 4144 caeli
1860 4097 1909 4145 et
1942 4098 2094 4144 terra?

512 4179 728 4250 (Matth.
782 4180 880 4250 ιι),
912 4179 964 4235 id
1008 4187 1108 4245 est,
1146 4179 1345 4248 gratias
1392 4194 1494 4247 ago
1550 4180 1659 4244 tibi,
1692 4181 1805 4234 sive
1850 4178 2095 4248 glolifico

511 4270 598 4341 (S.
624 4272 862 4343 August.,
897 4270 1068 4325 Serm.
1093 4269 1126 4322 8
1146 4270 1208 4322 de
1233 4268 1371 4323 verb.
1405 4269 1609 4339 Dom.).
1644 4269 1784 4338 Ergo
1808 4271 2097 4339 prtevenia-

512 4379 629 4416 mus
679 4364 730 4415 in
760 4361 1103 4417 conlessione
1136 4358 1328 4413 faciem
1380 4357 1636 4429 [Domini]
1666 4370 1718 4413 et
1745 4358 2098 4413 COItﬁleanlttl'

516 4463 736 4523 peccata
761 4462 971 4519 nostra;
992 4451 1295 4505 advocatum
1314 4451 1453 4503 enim
1473 4449 1714 4503 habemus
1731 4450 1867 4519 apud
1883 4449 2096 4505 Patrem

2197 3262 2486 3332 gilantibus
2498 3262 2675 3318 cordis
2696 3263 2867 3319 oculis
2895 3278 3032 3332 opus
3057 3264 3341 3319 habemus.
3372 3263 3495 3319 Non
3519 3272 3602 3320 est
3625 3266 3806 3330 enim,

2196 3354 2368 3421 inquit
2397 3354 2714 3424 Apostolus,
2743 3355 2891 3409 nobis
2918 3356 3213 3410 colluctatio
3243 3357 3487 3410 adversus
3510 3373 3726 3411 carnari
3750 3370 3806 3412 et

2195 3444 2523 3514 sanguinem,
2552 3444 2643 3498 sed
2665 3445 2908 3499 adversus
2937 3446 3258 3516 principatus
3299 3456 3348 3499 et
3368 3456 3665 3516 potestates,
3693 3451 3809 3503 ad-

2194 3551 2367 3588 versus
2394 3544 2614 3589 rectores
2645 3535 2968 3590 tenebrarum
2998 3537 3202 3603 harum,
3219 3538 3466 3591 adversus
3493 3539 3805 3606 spiritantia

2194 3628 2433 3697 nequitia:
2461 3629 2517 3680 in
2543 3627 2839 3681 caleslibus
2883 3626 3103 3698 (Ephes.
3134 3630 3231 3696 vt).
3266 3627 3330 3681 Et
3360 3629 3501 3693 ideo,
3535 3637 3593 3683 ut
3646 3630 3808 3685 idem

2197 3717 2487 3787 Apostolus
2535 3717 2658 3771 alibi
2707 3718 2781 3772 ait
2833 3736 2845 3771 :
2892 3720 3054 3773 Arma
3101 3720 3302 3774 militia:
3320 3731 3513 3776 nostra
3539 3738 3644 3775 non
3673 3734 3808 3776 sunt

2197 3810 2448 3873 carnalia,
2508 3809 2599 3863 scd
2645 3809 2937 3881 spiritualia
2982 3809 3069 3881 (11
3125 3808 3251 3865 Cor.
3283 3812 3376 3877 x);
3424 3811 3807 3881 spiritualibls

2198 3915 2428 3970 namque
2445 3909 2499 3954 et
2520 3900 2870 3954 invisibilibus
2884 3901 3046 3955 armis
3066 3901 3347 3957 invisibilis
3367 3902 3578 3968 animm,
3603 3912 3807 3958 contra

2199 3992 2493 4047 invisibiles
2522 3991 2709 4046 hostes
2739 3991 3102 4046 dimicandum
3133 4001 3233 4047 est.
3288 3991 3642 4048 Assumamus
3690 3995 3804 4048 ita-

2197 4099 2301 4152 que
2326 4123 2339 4145 ,
2382 4084 2672 4137 secundum
2718 4077 3031 4151 Apostolum
3062 4083 3275 4154 (Ep/tes.
3309 4099 3390 4149 vt;
3438 4084 3463 4137 Ι
3500 4081 3680 4139 Thess.
3712 4096 3803 4157 ν),

2198 4184 2255 4229 ut
2287 4176 2552 4243 possimus
2582 4177 2835 4230 residere
2856 4177 2910 4229 in
2935 4177 3017 4230 die
3038 4179 3196 4241 malo,
3226 4180 3280 4231 in
3311 4180 3548 4234 omnibus
3579 4196 3804 4236 sumen-

2200 4278 2271 4320 tes
2310 4276 2509 4320 scutum
2538 4267 2662 4336 ﬁdei
2692 4269 2744 4319 iu
2772 4285 2870 4337 quo
2901 4271 3157 4335 possimus
3187 4271 3356 4341 ignita
3393 4271 3592 4326 inimici
3612 4274 3803 4343 jacula

2199 4359 2540 4428 exstinguere,
2568 4367 2614 4410 et
2636 4359 2839 4428 galeam
2866 4360 2970 4427 spei
2995 4370 3042 4412 et
3062 4359 3273 4413 loricam
3301 4362 3571 4416 charitatis
3597 4372 3648 4417 et
3678 4363 3801 4434 gla-

2203 4451 2342 4501 dium
2370 4451 2602 4518 spiritus,
2629 4449 2767 4519 quod
2787 4459 2864 4503 est
2902 4449 3124 4503 Verbum
3176 4450 3295 4522 [Dei
3328 4451 3526 4524 deest];
3559 4462 3800 4523 utroque

514 4545 691 4597 Jesum
747 4543 1004 4596 Christum
1045 4543 1264 4612 justum,
1297 4548 1345 4593 et
1389 4541 1497 4610 ipse
1541 4549 1616 4594 est
1664 4541 1964 4610 propitiatio
2002 4558 2095 4610 pro
2133 4544 2176 4602 Ι)
2206 4540 2345 4593 cnim
2379 4540 2539 4593 modo
2562 4541 2930 4609 accipiendum
2955 4549 3038 4595 est
3060 4541 3216 4596 nobis
3246 4559 3440 4598 nomen
3471 4543 3801 4611 Esron,sive

517 4634 741 4702 peccatis
768 4633 957 4686 nostris
986 4630 1038 4702 (1
1066 4630 1223 4684 Joan.
1253 4630 1329 4697 ιι).
1366 4630 1636 4684 Nuzlcmus
1658 4631 1876 4685 vulnera
1917 4641 2095 4686 nostra

520 4724 790 4789 medenti;
822 4723 1019 4777 etenim
1048 4738 1143 4775 sua
1176 4722 1396 4776 vulnera
1448 4722 1613 4775 nutrit
1659 4722 1751 4792 qui
1782 4722 1943 4791 tegit";
1971 4723 2097 4777 abs-

519 4835 682 4875 consa
738 4818 926 4874 delicta
975 4817 1361 4888 patefaciantur
1408 4819 1669 4884 Domino;
1720 4820 1956 4875 revelata
2005 4832 2101 4879 per

520 4911 887 4982 pmnitentiam
913 4915 1161 4979 tegantur
1191 4924 1287 4978 per
1309 4908 1517 4963 Domini
1550 4910 2013 4969 tttisericomiatn;
2050 4927 2097 4959 tu

520 5002 758 5060 adversis
783 5002 980 5072 pariter
996 5008 1051 5054 et
1078 5000 1349 5069 prosperis
1403 5000 1681 5053 laudemus
1726 4998 2013 5061 (Invisum,
2048 4999 2098 5052 in

522 5095 773 5151 omnibus
791 5092 1013 5161 gratiam
1040 5090 1268 5145 Domino
1298 5089 1439 5144 Patri
1466 5099 1684 5158 agentes
1714 5105 1809 5159 per
1836 5092 2026 5159 ipsum.

594 5172 659 5240 1η
682 5184 902 5252 Phares,
929 5192 987 5237 ut
1015 5190 1163 5237 recte
1214 5180 1513 5236 dividamus
1541 5188 1596 5233 et
1647 5188 1790 5234 recte
1814 5180 2101 5236 offeramus

526 5278 772 5345 Domino,
791 5284 1043 5331 caventes
1075 5274 1366 5343 pessimum
1422 5273 1563 5326 illius
1614 5272 1891 5340 parricidae
1919 5288 2101 5327 exem-

522 5372 668 5443 plum
696 5386 757 5425 ac
784 5367 1103 5439 patrimonia
1132 5366 1411 5434 egentibus
1437 5364 1737 5418 dividamus
1753 5364 1908 5419 ctred
1931 5366 2101 5419 lamus

526 5464 835 5537 parentibus
863 5476 981 5530 qua:
1008 5467 1289 5530 parentum
1318 5466 1443 5513 sunt
1467 5474 1481 5523 ;
1533 5458 1751 5527 insuper
1795 5456 2104 5512 studeamus

525 5555 782 5612 divisores
794 5552 930 5607 effici
961 5566 1218 5621 aquarum
1237 5551 1573 5619 superiorum
1592 5550 1659 5604 ab
1675 5547 1884 5603 inferior
1898 5549 2034 5615 ibus,
2053 5550 2101 5602 id

525 5656 627 5712 est,
647 5647 881 5716 patiente
896 5641 1212 5717 [patientins]
1237 5642 1597 5698 intercedente
1625 5640 1981 5711 firmamento,
1998 5643 2103 5695 vir-

527 5748 670 5794 tutes
696 5751 1054 5807 separemusa
1087 5736 1253 5804 vitiis,
1278 5734 1472 5789 munda
1528 5733 1703 5790 cll'ecti
1752 5735 2018 5797 animalia,
2052 5736 2103 5789 in

527 5843 710 5887 arcam
755 5824 868 5886 Noe
924 5840 1279 5893 assumamur,
1298 5826 1717 5882 intellectualem
1747 5827 1997 5898 ungulam
2026 5823 2104 5880 di-

802 5920 823 5953 \

2204 4631 2349 4697 quia,
2386 4638 2443 4683 ut
2470 4646 2627 4699 supra
2661 4631 2857 4684 dictum
2882 4639 2983 4694 est,
3021 4631 3314 4688 diabolicas
3363 4648 3648 4689 caveamus
3700 4651 3800 4691 sa-

2205 4726 2384 4791 gittas,
2416 4725 2528 4780 sive
2556 4724 2682 4792 quia
2722 4723 2933 4778 Domini
2966 4724 3207 4780 videntes
3239 4728 3480 4795 sagittas,
3504 4744 3625 4798 quae
3671 4740 3802 4783 sunt

2205 4815 2499 4869 secundum
2521 4815 2856 4869 Psalmistam
2885 4824 3073 4869 uentre.
3106 4816 3313 4882 sagittis
3357 4817 3497 4871 illius
3550 4834 3797 4887 oppona-

2211 4922 2354 4970 mus;
2384 4920 2542 4959 nemo
2570 4906 2767 4959 etenim
2800 4908 2850 4957 in
2881 4921 3055 4972 agone
3077 4907 3392 4959 contendens
3439 4894 3799 4973 coronabitur,

2207 4997 2304 5050 nisi
2335 4998 2420 5065 qui
2442 4997 2667 5067 legitime
2696 5013 2721 5048 c
2754 4999 2963 5050 rtarerit
2997 4995 3085 5066 (II
3112 4996 3246 5050 Tim.
3281 4996 3360 5065 ll).
3396 4999 3602 5053 Atrium
3627 5002 3795 5056 etiam

2206 5086 2521 5153 efﬁciamur,
2548 5096 2605 5141 ut
2631 5087 2794 5140 veluti
2844 5087 2896 5139 in
2954 5097 3092 5140 atr.o
3131 5096 3318 5143 sancta
3345 5104 3446 5144 suo
3505 5090 3708 5144 habitet
3740 5094 3797 5145 in

2206 5182 2381 5248 nobis,
2413 5181 2624 5235 dicente
2654 5180 2769 5248 ipso
2797 5199 2807 5231 ε
2849 5178 3107 5231 llabitabo
3138 5181 3189 5232 iu
3212 5179 3335 5233 illis.
3370 5181 3577 5235 Stemus
3629 5183 3795 5236 etiam

2201 5270 2257 5323 in
2290 5271 2450 5325 domo
2478 5268 2685 5323 Domini
2744 5269 2931 5333 nostri,
2966 5270 3016 5322 in
3046 5270 3194 5324 atriis
3232 5270 3424 5325 domus
3485 5272 3578 5326 Dei
3621 5274 3791 5327 nostsi

2210 5363 2381 5434 (Psal.
2416 5362 2561 5431 cxv);
2611 5362 2892 5417 laudantes
2942 5362 3228 5417 Dominum
3278 5363 3532 5432 quoniam
3572 5363 3753 5418 bonus

2208 5456 2467 5512 intremus
2488 5462 2670 5524 portas
2690 5455 2802 5525 ejus
2830 5456 2883 5508 in
2924 5455 3283 5512 exsultatione
3308 5464 3362 5510 et
3389 5457 3525 5510 atria
3585 5457 3701 5526 ejus
3742 5459 3795 5515 in

2209 5545 2421 5617 hymnis
2450 5545 2805 5618 (Psal.xc1x),
2823 5547 3051 5617 plantati
3083 5546 3280 5602 etenim
3314 5547 3365 5600 in
3390 5546 3553 5602 domo
3587 5548 3794 5603 Domini

2204 5637 2257 5693 in
2286 5639 2439 5693 atriis
2482 5640 2674 5695 domus
2713 5640 2805 5696 Dei
2839 5644 3004 5698 nostri
3052 5642 3318 5699 ﬂorebunt
3366 5645 3539 5716 (Psal.
3572 5649 3705 5714 χει),
3733 5658 3789 5703 u'

2210 5738 2517 5802 postquam
2564 5733 2617 5786 in
2657 5735 2807 5791 atriis
2860 5738 3135 5805 praesentis
3183 5736 3436 5794 Ecclesia:
3487 5739 3785 5809 floruerint,

2209 5823 2431 5883 stabiles
2465 5826 2519 5882 in
2547 5824 2707 5883 domo
2734 5831 2882 5899 regni
2914 5830 3221 5899 plantentur
3248 5833 3451 5889 aeterni.
