4052 6332
262 311 358 368 537

894 310 1446 372 INTERPRETAHO
1485 316 1785 373 MOBALIS
1827 318 2364 380 PROGENITOBUM
2406 324 2702 381 CHRISTI.

3418 334 3523 390 538

326 423 392 482 In
419 424 600 493 Aram,
627 437 684 482 ut
704 428 756 481 in
786 442 1013 483 numero
1063 431 1357 484 habeantur
1396 429 1687 485 electorum
1737 430 1839 485 Do-
1868 436 1915 493 Α
1946 434 2172 490 inimicis
2200 438 2531 507 triumphare
2562 440 2849 508 possimus,
2877 441 3127 496 timentes
3148 446 3375 512 quoque
3394 444 3524 499 illud

257 522 404 585 n.iui,
436 521 694 576 adversus
741 536 878 592 quos
928 521 1105 577 nullus
1134 530 1216 577 est
1260 523 1351 591 qui
1403 531 1652 587 accuset;
1684 522 1846 590 elegit

253 616 395 671 enim
421 629 520 670 nos
539 611 702 669 Pater
726 614 778 667 iu
795 612 1014 667 Christo
1033 623 1088 666 ut
1116 628 1356 667 essemus
1378 614 1545 668 sancti
1575 623 1630 668 et
1652 614 1811 666 imma
1828 642 1841 652 -

252 706 414 762 culati
438 720 625 761 coram
656 704 771 775 ipso
798 702 883 774 (11
910 702 1053 758 Ρειν.
1087 708 1147 769 t);
1166 716 1369 758 certam
1399 706 1579 771 itaque
1602 714 1842 759 nostram

251 796 607 852 vocationem'
628 802 684 851 et
707 796 1031 850 electionem
1076 812 1170 866 per
1199 795 1339 850 bona
1365 810 1532 865 opera
1562 794 1841 861 faciamus,

252 896 310 942 ut
337 890 464 957 quia
486 888 639 942 multi
658 895 786 942 sunt
809 888 986 942 vocati
1006 903 1126 942 cum
1152 888 1334 957 paucis
1362 888 1696 942 inveniamur
1733 888 1843 942 ele-

157 1012 161 1016 ~
249 981 387 1034 ctis:
418 992 609 1034 omnes
637 977 837 1047 quippe
866 978 956 1046 qui
988 977 1198 1031 Domini
1244 977 1504 1032 obediunt
1552 977 1839 1040 voluntati,

247 1073 499 1127 dicuntur
525 1085 700 1139 genus
728 1070 982 1133 electum,
1012 1070 1191 1137 regale
1218 1070 1575 1124 sacerdotium
1608 1068 1657 1137 (ι
1692 1068 1817 1122 Petr

248 1166 329 1234 tt);
362 1165 490 1218 item
519 1164 720 1218 excelsi
750 1162 918 1218 simus
948 1172 1003 1217 et
1031 1163 1303 1228 sublimes,
1333 1163 1645 1217 meritorum
1697 1163 1841 1216 scili-

244 1264 333 1310 cet
350 1254 896 1325 diguitatesublimati
944 1272 973 1308 a
1024 1256 1252 1310 terrenis
1282 1255 1607 1308 extollantur
1632 1256 1696 1321 ad
1729 1270 1840 1309 co:-

245 1344 424 1413 lestia,
446 1345 640 1415 quibus
660 1344 753 1413 qui
776 1344 1062 1398 adhmserit
1119 1343 1184 1398 de
1232 1344 1444 1398 excelso
1474 1345 1593 1398 (teli
1624 1345 1835 1415 habita-

238 1433 386 1498 culo,
420 1433 601 1487 omnia
631 1431 858 1501 despicit
888 1430 1109 1485 caduca.

314 1524 381 1578 In
412 1524 726 1587 Aminadab,
757 1534 814 1577 ut
861 1531 1196 1591 spontaneos
1228 1523 1433 1576 Domini
1461 1523 1632 1576 simus
1663 1538 1835 1591 pupu-

242 1617 440 1682 lus;in
487 1614 848 1669 aediﬁcatione
898 1613 1098 1667 etenim
1153 1614 1487 1668 tabernaculi
1538 1612 1833 1665 testimonii

241 1712 296 1766 in
333 1725 443 1779 quo
490 1710 608 1764 sine
656 1708 908 1783 ambiguo
962 1688 1291 1775 signiﬁcatur
1343 1704 1520 1757 multis
1568 1690 1849 1773 I'Icc'esia,

237 1812 494 1874 prompto
513 1803 741 1875 quisque
770 1801 949 1881 animo
971 1799 1165 1854 obtulit
1187 1797 1329 1866 quod
1384 1797 1574 1852 voluit.
1604 1794 1752 1849 Unde
1782 1806 1837 1850 et
1868 1795 1913 1855 Β

238 1896 355 1966 ipsa
406 1894 607 1950 veritas
660 1912 674 1945 :
737 1892 798 1947 Si
850 1892 985 1962 quis,
1044 1890 1236 1960 inquit,
1261 1889 1363 1969 vult
1399 1898 1515 1958 post
1557 1904 1637 1940 me
1670 1888 1835 1940 venire

239 1992 457 2059 (Matth.
508 1987 643 2055 rit);
688 1993 743 2040 et
793 1984 919 2038 alibi
953 2004 963 2036 :
995 1985 1054 2036 Si
1087 1985 1158 2036 vis
1184 1966 1439 2052 perfectus
1480 1997 1587 2033 esse
1618 1966 1841 2047 (ΜαιιΙι.Δ

237 2082 376 2148 nx);
406 2088 462 2133 et
483 2079 676 2132 iterum
707 2076 775 2131 de
813 2073 1135 2143 virginitatis
1161 2072 1429 2126 electione
1452 2071 1679 2124 liberum
1712 2069 1833 2122 reli-

238 2173 357 2241 quit
384 2170 666 2226 arbitrium
696 2168 749 2237 (l
776 2166 896 2223 Cor.
922 2166 1040 2235 vn),
1073 2165 1258 2220 dicens
1290 2182 1301 2215 :
1330 2162 1427 2226 Qui
1457 2171 1624 2231 potest
1654 2178 1836 2230 capere

235 2265 451 2333 capiat;
484 2262 623 2314 sicut
643 2273 874 2326 namque
902 2257 1158 2312 Dominus
1184 2255 1346 2329 vitam
1378 2261 1615 2307 nostram
1640 2251 1832 2327 volun-

237 2356 373 2409 taria
396 2354 647 2423 passione
674 2350 975 2420 acquisivit,
1007 2349 1079 2402 ita
1128 2357 1182 2401 et
1233 2364 1347 2427 nos
1385 2344 1686 2427 voluntarie
1722 2343 1833 2397 vult

232 2441 545 2499 sacriﬁcare
570 2441 691 2504 sibi,
722 2447 777 2492 ut
798 2437 1100 2492 voluntaria
1131 2436 1241 2490 oris
1273 2424 1441 2490 nostri
1481 2424 1830 2500 'beneplacita

235 2535 339 2589 sibi
372 2532 556 2597 faciat,
588 2531 727 2586 sicut
756 2540 811 2584 et
842 2542 1105 2582 caecorum
1128 2512 1461 2581 voluntatem
1492 2539 1613 2578 cum
1646 2523 1829 2587 sciret,

236 2624 609 2692 interrogabat
624 2621 831 2685 dicens,
855 2618 991 2683 Quid
1013 2619 1162 2673 vultis
1182 2626 1238 2671 at
1260 2618 1452 2688 faciam
1476 2614 1613 2668 vobis
1634 2612 1827 2683 (Marc.

235 2717 335 2787 x)?
362 2722 419 2771 et
446 2714 627 2769 statim
672 2702 891 2783 tidelem‘
921 2710 1257 2765 voluntatem
1308 2705 1553 2761 sanitatis
1604 2702 1830 2758 effectus

234 2814 571 2864 CODSCCUlUS
596 2812 701 2859 est.

308 2900 377 2955 In
410 2896 658 2962 Naason,
690 2903 748 2951 ut
768 2893 1053 2949 mundanis
1075 2891 1314 2961 auguriis
1366 2890 1643 2959 gentilium
1673 2888 1827 2941 dere-

232 2992 398 3057 lictis,
416 2988 697 3060 promissis
721 2986 914 3041 divinis
940 2984 1095 3039 fidem
1122 2983 1490 3045 adhibeamus,
1507 2990 1561 3035 et
1583 2979 1823 3033 omnium

230 3081 651 3154 prosperitatem
682 3093 859 3133 rerum
891 3078 941 3131 in
971 3076 1180 3129 Domini
1202 3074 1368 3128 solius
1390 3073 1685 3136 voluntate,
1716 3087 1820 3125 non

230 3172 287 3226 in
336 3170 485 3225 falsis
529 3166 967 3228 divinationibus.
1001 3165 1349 3228 collocemus,
1379 3170 1438 3216 ut
1484 3160 1679 3215 Paulus
1711 3178 1724 3213 :
1761 3160 1821 3214 Si
1852 3159 1897 3221 C

228 3260 509 3331 quomodo,
565 3257 753 3326 inquit,
804 3256 1013 3309 tandem
1058 3252 1336 3323 aliquando
1388 3267 1687 3323 prosperum
1730 3252 1827 3303 iter

231 3349 452 3404 habeant
502 3351 557 3402 in
609 3349 870 3402 voluntate
916 3345 1015 3400 Dei
1061 3345 1296 3399 veniendi
1337 3343 1405 3396 ad
1434 3360 1520 3397 vos
1552 3341 1729 3413 (Rom.
1763 3341 1822 3409 l).

227 3440 376 3497 Ecce
402 3456 513 3496 non
533 3440 585 3494 ia
611 3438 744 3502 fato,
777 3453 880 3493 nec
908 3439 962 3491 in
984 3436 1230 3504 augurio,
1256 3435 1350 3490 sed
1381 3436 1433 3489 in
1460 3434 1677 3490 Domini
1732 3450 1826 3488 vo-

228 3530 459 3597 luntate,
511 3528 929 3600 prosperitatem
1000 3528 1082 3581 sui
1145 3528 1326 3597 posuit
1383 3527 1608 3580 itineris.
1658 3525 1826 3578 David

225 3637 451 3694 quoque
487 3622 555 3677 de
582 3624 743 3676 beato
768 3621 885 3675 viro
916 3639 928 3673 :
964 3616 1173 3682 Omnia,
1207 3620 1300 3679 ait.
1332 3634 1645 3691 qutecunque
1673 3618 1827 3687 faciet

225 3711 676 3783 praeparabantur
731 3710 904 3781 (Psal.
959 3709 1020 3776 ι),
1073 3719 1126 3763 et
1193 3708 1429 3788 Joannes
1487 3708 1820 3776 Apostolus;

229 3806 569 3871 Charissime,
594 3804 782 3872 inquit,
816 3804 869 3855 in
919 3800 1153 3855 omnibus
1181 3800 1469 3854 orationem
1526 3800 1659 3869 {acia
1700 3815 1826 3868 pro-

223 3912 382 3966 spere
410 3905 459 3949 te
483 3894 687 3965 ingredi
718 3893 897 3963 (Joan,
926 3893 1026 3960 ιιι).
1055 3891 1390 3963 contemptis
1414 3878 1592 3959 itaque
1612 3874 1828 3969 eunetis

226 3986 518 4043 mundanis
538 3986 793 4055 auguriis,
828 3974 1209 4055 prOSperemur
1237 3986 1285 4036 in
1315 3984 1405 4039 Dei
1444 3983 1740 4047 voluntate,
1771 3990 1826 4061 et

224 4077 428 4133 divinis
468 4076 749 4132 credamus
784 4076 1047 4141 oraculis,
1088 4083 1147 4145 et,
1173 4074 1381 4128 Domini
1434 4073 1599 4152 solius
1653 4074 1828 4127 inten-

224 4170 425 4224 damus
453 4169 734 4239 promissis
764 4185 776 4220 :
804 4165 1044 4229 Charitas
1070 4166 1268 4235 quippe
1296 4167 1471 4239 omnia
1495 4166 1688 4231 credit,
1716 4182 1827 4219 ont-

225 4262 318 4314 nia
336 4269 509 4327 sperat
527 4258 580 4328 (1
601 4257 719 4313 Cor.
740 4258 877 4329 xm),
901 4258 965 4329 ad
999 4258 1289 4314 maximum
1314 4257 1509 4333 etenim
1534 4257 1703 4311 laudis
1730 4274 1824 4311 eu-

224 4351 440 4407 mulum
465 4349 534 4405 de
571 4350 772 4421 populo
801 4349 964 4404 lsrael
995 4350 1191 4404 dicitur
1224 4368 1235 4401 :
1264 4348 1385 4425 Non
1428 4359 1504 4404 est
1552 4351 1823 4421 augurium

223 4443 283 4494 in
310 4441 498 4509 Iacob,
530 4458 621 4496 nec
641 4441 888 4517 divinatio
916 4442 969 4505 in
1000 4439 1168 4498 Israel
1195 4440 1380 4511 (Nam.
1412 4446 1584 4508 χχιιι).

302 4534 370 4589 1η
406 4534 646 4600 Salmon,
680 4526 737 4588 ut
764 4520 1045 4607 sensibiles
1070 4523 1124 4587 in
1156 4533 1383 4588 Domino
1411 4533 1589 4587 omnia
1623 4532 1818 4601 probe~

222 4640 368 4689 mus,
400 4632 454 4679 et
481 4624 594 4679 sola
624 4640 685 4699 ea
711 4638 829 4693 quae
850 4624 988 4680 bona
1017 4632 1141 4677 sunt
1169 4631 1446 4677 teneamus
1469 4621 1521 4693 (1
1545 4621 1722 4676 Thess.
1743 4623 1818 4691 v),

222 4726 278 4771 et
304 4715 537 4793 sensibus
558 4704 792 4793 perfecti,
824 4716 1025 4769 malitia
1048 4714 1248 4786 parvuli
1265 4716 1424 4768 simus
1455 4712 1507 4783 (I
1538 4713 1659 4768 Cor.
1683 4714 1814 4780 xlv).

223 4804 347 4861 Hoc
383 4788 915 4881 quoique‘sentiamus
971 4805 1023 4859 iu
1070 4805 1224 4859 nobis
1263 4805 1405 4874 quod
1434 4804 1568 4858 etin
1617 4805 1823 4859 Christo

221 4894 384 4955 Jesu,
407 4895 515 4963 qui,
546 4911 660 4948 cum
695 4894 746 4948 in
779 4897 948 4965 {arma
984 4894 1076 4948 Dei
1106 4903 1255 4957 esset,
1286 4912 1387 4948 non
1412 4895 1649 4958 rapinam
1678 4896 1821 4950 arbi-

224 4994 397 5039 tratus
415 4972 649 5051 eﬂst,iesse
700 5003 753 5039 se
807 4988 1058 5058 wqualem
1086 4985 1217 5054 Dea,
1241 4987 1329 5039 sed
1346 4988 1674 5057 semetipsum
1705 4989 1819 5041 eri-

225 5075 452 5148 nanivit,
476 5076 697 5145 formam
724 5077 854 5129 servi
884 5078 1143 5145 accipiens
1200 5077 1457 5147 (Philipp.
1490 5077 1570 5148 ιι),
1601 5087 1655 5131 et
1694 5079 1820 5132 reli-

224 5148 446 5235 quaret
468 5166 737 5219 unanimes
758 5183 915 5219 unum
960 5169 1252 5232 sentientes,
1278 5184 1380 5221 uno
1428 5185 1519 5222 ore
1567 5168 1821 5239 honoriﬁ-

222 5268 399 5307 cemus
420 5251 718 5321 Dominum,
747 5272 809 5308 ac
839 5272 1004 5310 sacra:
1026 5258 1270 5311 sensibus
1298 5258 1587 5327 Scriptura:
1630 5258 1822 5314 instru-

222 5343 326 5412 cti,
342 5344 641 5400 efﬁciamur
670 5344 878 5402 Domini
900 5347 1174 5402 docibilcs.
1193 5348 1393 5402 Sancto
1414 5348 1628 5404 dicente
1646 5349 1780 5405 Isaia
1803 5370 1814 5403 :

220 5442 276 5487 et
296 5442 638 5490 eruntomnes
666 5436 905 5491 docibiles
931 5437 1025 5491 Dei
1059 5435 1362 5507 (Isai.t.tv.;
1383 5436 1539 5492 Joan.
1574 5440 1674 5510 ιιι).

301 5521 370 5576 In
388 5521 550 5588 Boos,
582 5526 657 5579 uti
702 5525 1068 5581 confortemur
1121 5528 1173 5581 in
1214 5526 1464 5593 Domino,
1495 5536 1551 5583 et
1596 5530 1819 5601 viriliter

223 5625 474 5681 agamus,
506 5614 721 5670 Christo
744 5616 1097 5673 conllrmante
1125 5631 1315 5671 manus
1336 5626 1543 5672 nostras
1589 5617 1657 5673 ad
1685 5633 1818 5687 pra:-

221 5702 379 5770 lium,
405 5714 460 5761 et
480 5706 677 5776 digitos
705 5716 918 5763 nostros
938 5708 1003 5763 ad
1024 5708 1248 5777 bellum,
1279 5716 1339 5763 ut
1362 5708 1558 5764 robore
1607 5710 1818 5779 patien-

226 5793 315 5849 tiae
346 5795 538 5851 ﬁrmati
577 5799 754 5853 omnia
787 5800 1139 5857 tentationum
1169 5814 1366 5872 genera
1383 5798 1630 5880 sollerte,
1662 5808 1718 5858 et
1747 5801 1816 5859 de

1946 524 2351 595 Apostolicum:
2385 527 2673 595 Quomodo,
2699 531 2794 591 ait,
2822 532 2945 601 {acti
2998 534 3121 598 estis
3174 534 3351 603 quibus
3395 534 3528 587 tacte

1945 634 2071 688 opus
2099 619 2187 685 sit,
2219 636 2321 674 non
2350 620 2514 674 solido
2542 620 2652 675 cibo
2691 621 2875 682 (Hebr.
2909 623 2994 691 v)?
3023 621 3389 678 Perftretorum
3432 640 3557 693 λιι-ν

1948 718 2053 763 tem
2078 718 2161 763 est
2182 709 2380 764 solidus
2409 712 2560 766 cibus
2588 712 2842 770 virorum.
2873 712 2965 780 qui
2994 714 3318 767 exercitatos
3339 728 3529 767 sensus

1946 804 2147 859 habent
2172 804 2240 859 ad
2261 805 2637 861 discretionem
2664 806 2787 860 boni
2811 816 2866 861 et
2895 806 3040 860 mali.
3071 806 3187 860 Tali
3216 806 3530 863 fortitudine

1946 895 2230 950 roboratus
2260 907 2339 950 est
2367 896 2455 950 ille
2473 898 2563 965 qui
2593 896 2841 952 dicebat:
2877 896 3068 951 Omnia
3123 908 3294 952 autem
3316 916 3525 968 possunt

1944 984 1997 1037 in
2028 1001 2087 1038 eo
2107 985 2190 1048 qui
2217 1002 2298 1047 nte
2317 987 2573 1055 ronfortat
2596 984 2847 1057 (Philipp.
2880 989 2973 1056 tv).

2018 1097 2082 1151 In
2108 1095 2273 1162 Obed,
2300 1108 2357 1151 ut
2399 1099 2693 1153 serviamus
2752 1098 2978 1155 Domino
3027 1100 3080 1153 in
3114 1100 3294 1155 laetitia
3350 1100 3524 1172 (Psal.

1946 1194 2151 1258 xcxtx),
2185 1189 2283 1251 illa
2304 1188 2557 1253 videlicet
2601 1190 2879 1254 servitute,
2910 1207 3012 1259 qua
3036 1206 3142 1245 non
3166 1206 3261 1261 per
3281 1192 3525 1263 spiritum

1945 1280 2173 1346 timoris,
2204 1281 2300 1336 sed
2322 1296 2417 1351 per
2433 1282 2678 1351 spiritum
2708 1283 3012 1352 adoptionis
3039 1283 3271 1338 llliorum
3293 1286 3529 1339 servitur

1945 1373 2170 1429 Domino
2199 1374 2645 1445 (Rom.v);sieut
2698 1390 2927 1444 namque
2980 1375 3087 1430 duo
3138 1385 3262 1429 sunt
3309 1376 3529 1432 timores

1939 1461 2031 1528 qui
2061 1460 2262 1515 faciunt
2289 1461 2396 1516 duo
2426 1475 2625 1529 genera
2658 1463 2980 1527 timentium,
3009 1464 3081 1516 ita
3110 1463 3229 1518 dine
3257 1473 3383 1518 sunt
3407 1479 3525 1519 ser-

1943 1550 2156 1616 vitutes,
2182 1567 2301 1620 qutc
2353 1552 2553 1606 faciunt
2586 1552 2693 1608 duo
2724 1567 2921 1620 genera
2946 1568 3223 1609 servorum
3258 1573 3270 1607 :
3297 1556 3432 1609 alter
3462 1557 3527 1609 ti-

1939 1657 2056 1709 mor
2084 1643 2309 1712 poenalis
2337 1643 2388 1696 in
2416 1644 2693 1707 servitute,
2718 1644 2853 1699 alter
2875 1644 3075 1719 [Furta
3100 1661 3163 1699 ac
3188 1643 3290 1715 est}
3320 1646 3527 1702 initium

1939 1733 2230 1810 sapientite,
2264 1734 2400 1787 alter
2429 1734 2709 1804 plenitudo
2736 1745 2820 1789 est
2861 1736 2995 1803 legis
3018 1736 3233 1790 divinm.
3283 1735 3525 1792 Perfecta

1941 1822 2099 1889 igitur
2140 1816 2398 1879 servitute
2444 1825 2710 1901 perlectus
2774 1840 2960 1880 servos
3030 1842 3127 1880 nos
3180 1827 3530 1882 exhibeamus

1942 1912 2187 1978 Domino,
2217 1924 2293 1981 ut,
2328 1930 2451 1969 cum
2495 1926 2705 1986 tempus
2756 1916 3028 1971 servitutis
3086 1919 3246 1973 fuerit
3294 1918 3521 1985 finitum,

1939 2019 2191 2057 vocunur
2218 2019 2247 2057 a
2276 2004 2501 2059 Domino
2523 2005 2577 2059 in
2606 2020 2826 2076 regnum
2850 2014 3131 2061 mternum.

2013 2094 2075 2169 In
2098 2095 2265 2159 desse,
2297 2106 2356 2149 ut
2379 2097 2655 2151 incensum
2682 2099 2990 2153 orationum
3022 2100 3072 2152 in
3100 2115 3191 2153 ara
3221 2102 3398 2155 cordis
3427 2119 3524 2155 no-
3552 2136 3561 2141 ς

1937 2187 2030 2238 stri
2082 2185 2408 2251 incedamus,
2448 2187 2725 2259 dirigatur,
2759 2188 2929 2256 inquit
2959 2188 3148 2256 David,
3173 2191 3338 2245 oratio
3387 2209 3537 2258 mea,

1937 2279 2066 2329 sicut
2084 2278 2345 2332 incensum
2376 2280 2427 2332 in
2450 2289 2723 2350 conspectu
2748 2290 2831 2334 tua
2863 2279 3035 2350 (Psal.
3068 2290 3218 2351 CXL);
3246 2291 3301 2337 et
3343 2284 3523 2337 omnia

1938 2369 2038 2424 iuet
2058 2373 2285 2425 ndentes
2312 2370 2703 2439 conﬂagremus
2728 2373 2848 2439 igne
2876 2372 3113 2442 spiritus,
3134 2373 3380 2443 spiritum
3399 2390 3523 2429 cutt-

1937 2462 2246 2516 tribulatum
2301 2462 2529 2518 Domino
2595 2462 2905 2527 ollereute-y
2937 2475 2993 2520 et
3037 2465 3379 2521 immolantes
3410 2466 3523 2521 Deo

1932 2554 2165 2609 hostiam
2196 2555 2368 2610 laudis
2397 2554 2569 2625 (Psal.
2610 2558 2756 2625 cxv),
2787 2558 2911 2623 igne
2963 2564 3253 2612 mstuantes
3306 2557 3422 2622 Dei,
3454 2559 3523 2613 de

1931 2662 2040 2715 quo
2086 2648 2284 2703 dicitur
2332 2667 2343 2699 :
2393 2647 2574 2719 Ignem
2624 2648 2738 2702 veni
2786 2649 2985 2702 mittere
3038 2650 3090 2702 in
3136 2658 3327 2703 terrant
3367 2649 3517 2718 (Luc.

1933 2755 2023 2803 xu,
2056 2737 2168 2810 49).

2002 2853 2066 2907 1η
2099 2853 2280 2922 David,
2308 2866 2363 2909 ut
2381 2858 2623 2925 proprias
2644 2858 2977 2912 remittamus
3003 2857 3221 2925 injurias
3238 2858 3518 2913 etdeside-

1930 2946 2123 3000 rabiles
2150 2946 2445 3001 efﬁciamur
2466 2947 2716 3015 Domino,
2741 2948 3063 3018 avidumque
3087 2949 3517 3019 habeamuserga

1930 3037 2095 3091 Deum
2127 3037 2463 3102 desiderium,
2489 3037 2593 3093 hoc
2640 3047 2741 3102 est,
2776 3049 2831 3092 ut
2877 3038 3159 3107 diligentes
3209 3038 3518 3105 Dominum,

1929 3131 2211 3196 diligamur
2231 3144 2259 3183 a
2285 3128 2543 3196 Domino;
2575 3128 2674 3192 Qui
2702 3131 2838 3183 enim
2882 3129 3051 3198 diligit
3087 3147 3185 3193 me,
3218 3131 3457 3200 diligetur
3486 3148 3518 3182 η

1935 3218 2091 3274 Patre
2120 3237 2253 3284 meo,
2283 3229 2332 3274 et
2378 3237 2469 3290 ego
2509 3220 2721 3289 diligam
2769 3236 2883 3273 eunt
2930 3220 3106 3290 (Joan.
3143 3220 3273 3289 xu).
3326 3219 3519 3275 Fortes

1928 3313 2091 3369 etiam
2139 3313 2305 3366 simus
2334 3304 2515 3378 manu,
2547 3314 2649 3367 hoc
2688 3323 2790 3378 est,
2821 3311 3057 3382 perfecto
3113 3327 3276 3381 opere
3306 3312 3516 3367 intelle-

1928 3404 2159 3457 ctualem
2194 3403 2461 3473 gigantem
2498 3401 2673 3470 gladio
2705 3402 2921 3471 proprio
2955 3400 3317 3464 vulnerantes,
3350 3408 3405 3455 et
3449 3401 3516 3453 de

1930 3493 2414 3563 faucibus-antiqui
2468 3494 2752 3563 prardonia,
2790 3505 2895 3547 tam
2938 3503 3149 3546 nostras
3200 3507 3358 3560 quam
3391 3507 3517 3561 pro-

1931 3587 2193 3641 ximorum
2235 3587 2443 3639 animas
2471 3586 2784 3655 eripientcs,
2817 3596 2891 3648 ut,
2920 3596 3165 3640 extremo
3194 3583 3515 3637 adveniente

1924 3677 2148 3746 judicio,
2194 3677 2594 3741 desiderabiles,
2628 3678 2914 3748 fulgeantus
2961 3678 3088 3729 sicut
3136 3674 3218 3729 sol
3272 3675 3324 3726 in
3358 3690 3515 3744 regno

1930 3768 2107 3833 Patris
2136 3771 2321 3829 nostri.
2345 3777 2418 3835 et,
2454 3771 2596 3824 bono
2636 3769 2930 3824 certamine
2960 3778 3190 3834 certato,
3223 3769 3511 3835 repositam

1929 3860 2085 3915 nobis
2102 3848 2160 3913 in
2186 3859 2338 3931 cmlis
2366 3859 2738 3928 accipiamusa
2760 3858 2904 3927 justo
2939 3857 3140 3926 judice,
3166 3856 3390 3925 justitize
3419 3872 3511 3910 co-

1928 3965 2136 4021 ronam.

2002 4043 2068 4097 In
2092 4042 2394 4109 Salomone,
2425 4050 2481 4097 ut
2508 4051 2765 4113 quantum
2795 4058 2861 4097 ex
2884 4043 3037 4098 nobis
3057 4043 3143 4107 sit,
3165 4058 3285 4097 cum
3337 4037 3511 4095 omni-

1929 4135 2028 4190 bus
2082 4149 2267 4204 pacetn
2321 4134 2634 4200 habeamus,
2666 4143 2723 4187 et
2771 4134 3025 4189 intestino
3068 4135 3318 4189 vitiorum
3350 4133 3514 4206 bello,

1928 4226 2295 4295 spiritualibus
2320 4227 2465 4281 victo
2496 4226 2803 4292 virtutibus,
2834 4234 2890 4280 et
2921 4235 3150 4294 utroque
3198 4242 3267 4280 no
3301 4234 3383 4281 tro
3410 4225 3512 4280 ltu-

1929 4316 2071 4369 miue
2100 4316 2153 4368 in
2184 4331 2347 4369 unum
2376 4316 2979 4383 cmlestemconciliato,
3001 4331 3188 4386 pacem
3220 4315 3513 4371 habeamus

1929 4405 1993 4460 ad
2024 4406 2328 4473 Dominum,
2360 4416 2413 4463 et
2434 4409 2497 4461 ad
2531 4409 2863 4479 proximum,
2897 4416 2953 4462 et
2992 4424 3097 4462 non
3127 4407 3301 4461 solum
3345 4407 3512 4464 simus

1846 4503 1899 4563 D
1926 4515 2049 4555 cum
2099 4502 2347 4556 onmibus
2392 4503 2590 4571 pacati,
2626 4503 2976 4557 verumetiam
3029 4500 3276 4555 oumibus
3322 4502 3514 4556 cxista-

1926 4611 2045 4651 mus
2066 4593 2294 4665 paciﬁci,
2321 4604 2375 4651 et
2395 4595 2763 4651 discordantes
2792 4595 2915 4649 licet
2944 4595 3135 4648 fratres
3164 4594 3230 4648 ad
3261 4594 3512 4648 unionem

1923 4688 2141 4757 Spiritus
2196 4695 2250 4741 et
2296 4686 2639 4742 concordiam
2690 4700 3026 4740 revocemus.
3084 4684 3256 4751 Beati,
3315 4685 3509 4755 inquit,

1925 4781 2149 4850 paciﬁci,
2179 4781 2419 4851 quoniam
2456 4779 2554 4849 ﬁlii
2606 4777 2703 4833 Dei
2735 4778 3049 4833 vocabuntur
3082 4777 3294 4849 (Matth.
3335 4780 3434 4849 ιιι).

2000 4892 2064 4946 In
2103 4892 2354 4959 Roboam,
2391 4902 2447 4946 ut
2501 4893 2668 4946 latutn
2726 4892 3035 4947 mandatmu
3092 4891 3302 4947 Domini
3360 4907 3509 4947 com-

1925 4984 2155 5053 plentes,
2189 4984 2291 5038 hoc
2322 4994 2426 5049 est,
2455 4985 2571 5039 sine
2620 4985 2724 5038 ulla
2779 5000 3130 5053 personarum
3171 4985 3505 5053 acceptione,

1925 5074 2172 5128 omnibus
2232 5074 2548 5129 charitatem
2582 5072 2890 5129 fraternam
2931 5075 3306 5135 exliibeamus;
3354 5070 3506 5139 juxta

1925 5166 2170 5234 Paulum,
2199 5168 2360 5223 corde
2410 5177 2597 5222 nostro
2637 5167 2947 5235 dilatemur,
2981 5184 3045 5223 ac
3094 5166 3185 5220 lilii
3230 5165 3392 5219 Israel
3453 5165 3503 5218 in

1931 5264 2071 5323 terra
2098 5269 2280 5321 nostra
2304 5258 2727 5328 multiplicentur
2750 5266 2806 5312 et
2829 5265 3090 5319 crescant,
3125 5255 3178 5309 id
3204 5263 3307 5317 est,
3349 5254 3507 5323 Spiri-

1926 5347 2161 5404 tualibus
2182 5349 2497 5418 repleantur
2523 5348 2836 5414 virtutibus,
2866 5347 3120 5402 vitiorum
3168 5346 3312 5411 genti
3339 5360 3503 5413 repu-

1922 5442 2228 5511 gnantibus.
2256 5442 2370 5496 Tali
2415 5443 2574 5512 igitur
2600 5441 2798 5513 populo
2842 5441 2892 5494 in
2924 5440 3079 5494 nobis
3122 5437 3368 5503 dilatato,
3402 5438 3502 5490 im-

1922 5542 2077 5603 petus
2126 5534 2380 5603 spiritalis
2429 5533 2679 5588 desiderii
2727 5530 3061 5601 spiritualem
3094 5529 3305 5596 frangat
3335 5530 3504 5599 impe-

1924 5632 2065 5687 tum;
2096 5621 2356 5676 Fluminis
2386 5622 2529 5677 enim
2557 5623 2773 5690 impetus
2826 5620 3057 5689 lwti/icat
3106 5618 3359 5683 civitatem
3389 5617 3502 5672 Do-

1924 5715 2051 5767 mini
2078 5713 2250 5783 (Psal.
2287 5714 2395 5780 LV).

1996 5800 2061 5856 In
2092 5802 2242 5867 Abiu,
2272 5811 2323 5856 ut
2358 5800 2572 5855 Patrem
2601 5799 2889 5855 habeamus
2916 5799 3222 5869 Dominum,
3257 5800 3423 5856 simus
3446 5799 3500 5854 iu
