4052 6332
517 302 621 358 539

991 301 1048 355 S.
1090 300 1461 357 AILERAMNI
1502 300 2059 356 INTERPRETATIO
2098 301 2399 359 MURALIS
2438 303 2977 364 PRUGENITORUM
3016 306 3313 366 CHRISTI.

3699 314 3803 371 340

515 417 764 483 Domino,
793 426 851 470 ut
879 418 1143 471 veraciter
1170 415 1349 470 dicere
1402 416 1667 484 possimus
1722 412 1882 468 Pater
1925 424 2101 469 noster
2135 432 2176 487 Α
2205 416 2423 482 nostris,
2452 416 2684 472 hostiam
2705 418 2904 488 vivam,
2930 431 3194 489 sanctam,
3219 422 3329 477 Deo
3373 422 3676 494 placentem
3707 441 3805 481 ex-

518 507 732 577 (Matth.
766 506 860 578 νι).
896 510 968 560 Ae
1020 507 1113 561 lilii
1164 505 1257 559 Dei
1304 506 1470 559 simus
1492 514 1545 559 et
1586 504 1845 569 lemredes,
1871 506 2100 560 Imredes

515 597 720 668 quidem
771 596 889 661 Dei,
935 597 1228 652 coha'redes
1272 606 1438 649 autent
1486 595 1676 648 Christi
1727 594 1906 664 (Rom.
1960 594 2099 665 Vttt),

516 688 561 743 si
588 698 765 743 tamen
814 690 1191 757 eotnpatimur,
1227 696 1285 741 ut
1335 696 1391 741 et
1418 687 1575 740 simul
1605 685 2101 754 eonglorilieemur.

588 780 654 832 In
679 779 873 847 Amph,
909 788 964 831 ut
996 779 1242 831 tollamus
1267 786 1503 832 mentem
1539 787 1780 833 nostram
1834 776 1901 831 de
1933 785 2102 832 terre—

515 872 599 928 nis
651 873 716 927 ad
746 874 1005 937 coelestia,
1039 875 1103 925 tte
1149 875 1232 926 via
1289 887 1526 940 quoque,
1564 872 1715 940 juxta
1758 872 2100 942 prophetam,

516 966 755 1020 tollamus
792 966 991 1033 lapides
1034 964 1250 1034 (Jerem.
1283 965 1361 1032 ι),
1396 966 1499 1019 hoc
1531 973 1632 1029 est,
1663 964 1730 1019 de
1777 966 1860 1019 via
1903 973 2104 1020 sancta:

512 1056 935 1111 conversationis
961 1056 1268 1112 auferamus
1294 1065 1520 1126 peccata

585 1172 638 1225 ιη
668 1172 925 1242 Josaphat
946 1213 962 1239 ,
992 1180 1049 1225 ut
1079 1182 1226 1226 recte
1251 1172 1552 1241 judicentus
1577 1213 1590 1235 ,
1626 1180 1810 1225 nostra
1845 1179 2105 1238 tanquam

508 1264 845 1317 subditorum
893 1263 1047 1317 nobis
1077 1265 1453 1318 exatninantes
1483 1263 1680 1316 delicta
1711 1278 1724 1314 :
1759 1260 1820 1315 Si
1860 1263 2018 1326 enim,
2049 1268 2106 1315 ut

509 1354 581 1406 ait
616 1355 902 1424 Apostolus
926 1395 942 1419 ,
974 1356 1312 1423 nosmetipsos
1357 1354 1744 1421 judicaremus,
1786 1368 1889 1404 non
1933 1352 2104 1421 utique

504 1447 861 1516 ⁸ίιιίιὶιηαιερηυιιτ
887 1465 918 1501 tt
950 1447 1172 1501 Domino
1206 1445 1271 1516 (Ι
1302 1446 1419 1501 Cor.
1456 1447 1530 1514 ιιι)

582 1560 636 1613 In
662 1560 878 1625 Joram,
911 1573 968 1616 ιιι
995 1564 1120 1617 dum
1151 1564 1645 1618 consurrexerimus
1690 1553 1817 1617 cum.
1855 1560 2105 1625 Christo,

510 1670 629 1723 quae
648 1670 857 1710 sursum
889 1665 1015 1709 sunt
1035 1672 1354 1724 quturamus,
1386 1671 1505 1724 quae
1533 1670 1740 1708 sursum
1772 1662 1898 1706 sunt
1925 1652 2102 1720 sapia-

510 1762 666 1813 mus,
712 1764 817 1801 non
848 1762 967 1815 qua:
1009 1765 1167 1818 super
1197 1756 1428 1814 terram,
1477 1757 1530 1801 et
1560 1746 1734 1801 ellecti
1778 1745 1831 1799 itt
1877 1744 2103 1799 Domino

509 1838 683 1891 sublizi
707 1854 783 1899 es,
811 1847 1046 1891 nostram
1065 1854 1248 1893 Couveo
1266 1838 1528 1892 sationem
1553 1837 1847 1891 habeamus
1870 1836 1922 1889 in
1950 1835 2102 1889 caelis

512 1933 738 2001 (L'oloss.
770 1934 869 2003 ut).

582 2046 635 2100 lu
667 2046 798 2100 Ozia
822 2086 836 2112 ,
865 2057 924 2100 ut
972 2048 1037 2101 de
1084 2055 1281 2102 cetero
1314 2045 1490 2101 confut
1509 2054 1682 2098 temur
1710 2043 1761 2097 in
1794 2043 2019 2097 Domino
2048 2050 2104 2095 et

505 2138 562 2192 in
594 2138 828 2206 potentia
856 2138 1066 2191 virtutis
1095 2137 1211 2205 ejus
1233 2176 1250 2200 ,
1277 2144 1335 2190 ut
1364 2147 1411 2189 et
1449 2137 1519 2189 ita
1559 2133 2103 2204 pugnautihusnobis

507 2238 822 2283 emtleratur
874 2228 1104 2282 Satanas
1144 2227 1247 2282 sub
1310 2226 1537 2293 pedibus
1599 2225 1799 2278 nostris
1848 2223 2104 2278 velocit-r

511 2319 730 2389 (Ephes.
769 2322 857 2381 vi).

584 2432 637 2483 lu
666 2430 932 2499 lout/mm,
968 2443 1025 2486 ut
1055 2432 1286 2501 perfecta
1332 2449 1497 2501 opera
1546 2432 1834 2494 facientes,
1877 2420 2103 2499 perfecti

507 2523 805 2576 existams
827 2533 879 2575 et
908 2525 1118 2593 integri,
1144 2526 1194 2577 iu
1227 2525 1372 2577 nullo
1401 2526 1757 2578 tcutationum
1789 2536 1987 2591 genere
2017 2521 2106 2573 de‘

507 2617 775 2681 ticientes,
822 2618 1060 2670 Veritate
1103 2619 1213 2686 ipsa
1247 2617 1460 2672 dicente
1486 2635 1500 2672 :
1530 2616 1711 2670 Estote
1740 2631 1826 2669 vos
1855 2614 2099 2684 perfecti,

505 2709 637 2761 sicut
660 2717 707 2761 et
734 2707 891 2760 Pater
918 2715 1079 2761 vester
1105 2708 1320 2760 caelestis
1350 2709 1604 2778 perfectus
1634 2715 1709 2759 est
1741 2708 1757 2775 (
1781 2704 1974 2758 Matth.
2004 2720 2036 2758 v
2058 2704 2101 2774 ).

580 2818 634 2872 In
666 2819 873 2879 Achns.
925 2826 981 2871 ιιι
1026 2817 1492 2886 apprehendamus
1540 2818 1592 2871 itt
1637 2832 1745 2886 quo
1782 2814 2102 2886 apprehensi

508 2908 734 2981 [sumus]
766 2918 818 2961 et
849 2922 971 2975 qua:
1002 2917 1147 2961 retro
1177 2917 1301 2960 sunt
1348 2907 1747 2969 obliviscentes,
1780 2906 1833 2958 itt
1864 2907 2102 2958 futurum

504 3016 605 3055 nos
636 3000 1173 3069 supcrextendamus,
1205 3008 1264 3053 ιιι
1288 3000 1552 3068 possimus
1575 2998 1976 3067 apprehendere
2005 3014 2099 3052 ve—

504 3110 618 3147 ram
645 3094 803 3146 vitam
835 3109 953 3161 qua:
982 3099 1064 3147 est
1092 3091 1353 3147 Christus.
1387 3088 1498 3161 Ego
1526 3107 1658 3156 sunt,
1691 3091 1785 3155 ait,
1810 3090 1899 3144 lux
1921 3100 1966 3143 et
1999 3091 2099 3144 vita

420 3196 427 3208 ‘
504 3184 683 3239 mundi
714 3183 895 3249 (Joatt.
931 3181 1062 3255 Vill).

577 3300 630 3353 In
677 3298 935 3367 Ezechia,
963 3309 1019 3353 ut
1048 3300 1116 3355 de
1142 3299 1389 3355 omnibus
1428 3300 1618 3354 aninne
1658 3299 2002 3367 languoribus
2033 3298 2099 3352 li-

500 3391 673 3445 berati
693 3430 709 3453 ,
741 3392 1166 3446 conscendamus
1194 3392 1246 3445 in
1278 3390 1535 3461 templum
1580 3390 1703 3454 Dei,
1732 3398 1788 3445 et
1841 3390 2101 3446 faciamus

500 3485 833 3538 voluntatem
877 3483 992 3552 ejus
1008 3526 1030 3553 ,η
1063 3493 1148 3549 et,
1182 3482 1494 3537 fortitudine
1524 3483 1733 3536 Domini
1761 3480 2097 3547 conﬁrmati,

500 3574 839 3630 occidentem
868 3575 1063 3643 iniquis
1089 3591 1391 3629 mereamur
1421 3575 1574 3629 nobis
1601 3574 1730 3629 oriri
1760 3573 1981 3644 justitia:
2008 3589 2099 3628 so-

500 3678 607 3723 tem
641 3667 897 3738 (Malach.
927 3669 1023 3739 tv),
1049 3676 1099 3722 et
1130 3666 1432 3736 ubicunque
1459 3674 1759 3735 peccatum,
1792 3673 1849 3720 et
1876 3679 1944 3719 ex
1974 3678 2102 3732 pec-

502 3767 627 3817 cato
658 3775 803 3814 mors
829 3767 885 3815 et
911 3761 1003 3834 [et
1042 3758 1242 3813 videtur
1269 3755 1600 3828 redundare]
1632 3757 2100 3826 appropinquave-

502 3860 1042 3919 runt,convertentes
1055 3851 1119 3906 ad
1137 3849 1441 3915 Dominum,
1458 3863 1699 3917 eousque
1716 3850 1766 3901 itt
1784 3847 2101 3917 pmnitentia

504 3944 699 3999 ﬁentes
742 3960 1031 3999 exoremus
1059 3944 1380 4009 Dominum,
1412 3942 1585 3998 donec
1631 3942 1688 3996 in
1732 3940 2101 3997 misericordia

503 4034 681 4091 ﬂexus
707 4035 877 4104 erigat
903 4048 958 4091 et
985 4036 1167 4091 vivere
1196 4034 1359 4091 faciat
1380 4035 1502 4090 vitae
1527 4033 1814 4106 spirituali.

574 4146 632 4206 In
662 4147 933 4217 Manasse,
960 4155 1043 4218 ut,
1072 4147 1332 4201 malorum
1357 4148 1749 4218 praeteritorum
1772 4146 1943 4213 obliti,
1961 4161 2102 4201 sem-

502 4259 603 4314 per
638 4244 690 4307 in
730 4252 892 4306 nocte
920 4242 1080 4310 hujus
1108 4241 1385 4311 praesentis
1410 4240 1591 4294 saeculi
1640 4253 1910 4293 memores
1938 4239 2104 4293 simus

502 4333 736 4389 nominis
766 4333 1016 4397 Domini;
1070 4331 1331 4385 ultionem
1378 4345 1593 4399 quoque
1620 4344 1727 4383 non
1767 4343 2099 4397 quaeramus,

500 4438 606 4478 nec
634 4438 903 4478 memores
930 4423 1098 4478 simus
1128 4420 1334 4489 injuriae
1363 4420 1756 4489 proximorum,
1787 4419 1883 4474 sed
1911 4420 2099 4473 remit-

500 4524 682 4571 tentes
725 4517 966 4571 omnium
1013 4516 1218 4579 debita,
1262 4523 1443 4570 nostra
1494 4514 1664 4568 laxari
1716 4530 2020 4572 mereamur
2060 4529 2090 4567 a
2126 4525 2176 4584 ι)

506 4606 738 4662 1)οωίηο
761 4606 977 4671 delicta,
1010 4608 1129 4677 ipso
1156 4606 1367 4665 dicente
1390 4623 1404 4659 :
1424 4604 1702 4670 Dimittite,
1732 4613 1781 4658 et
1811 4605 2097 4659 dimittetur

511 4699 653 4756 vobis
685 4699 834 4771 (Luc.
865 4701 968 4773 Vl).
1164 4703 1167 4706 ⁴

576 4791 634 4845 ιιι
655 4792 843 4857 Aman,
874 4800 933 4845 ut
952 4799 1157 4846 stemus
1178 4792 1229 4845 in
1258 4789 1380 4857 ﬁde,
1410 4800 1466 4851 et
1492 4788 1631 4845 ﬁdeli
1656 4787 1886 4843 Domino
1916 4785 2100 4840 ﬁdeles

504 4884 909 4949 adlnereamus;
950 4883 1186 4937 eharitas
1214 4897 1445 4950 namque
1485 4883 1663 4936 omnia
1693 4878 1865 4935 credit
1895 4876 1950 4946 (1
1976 4876 2097 4931 Cor.

506 4976 597 5046 15)
617 5013 634 5040 ,
666 4974 797 5029 ﬁdes
822 4980 1003 5028 autem
1049 4972 1434 5043 sperandarum
1463 4971 1763 5026 substantia
1806 4983 2017 5032 rerum,
2044 4974 2102 5020 et

503 5073 877 5135 argumentum
924 5080 1031 5121 non
1062 5064 1433 5134 apparentium
1464 5072 1567 5127 eSt,
1597 5077 1722 5116 nam
1766 5061 1913 5130 quod
1951 5059 2100 5114 videt

500 5158 640 5225 quis,
672 5156 801 5226 quid
845 5164 1027 5227 sperat
1068 5154 1254 5221 (Hebr.
1287 5156 1404 5223 Vt)?
1447 5152 1607 5207 Fides
1636 5152 1819 5221 itaque
1855 5160 1939 5206 est
1978 5166 2100 5220 qua:

502 5263 605 5302 nos
630 5247 858 5303 Abrahae
886 5248 1026 5303 ﬁlios
1051 5245 1201 5315 facit,
1224 5245 1315 5315 qui
1340 5243 1562 5299 credidit
1595 5241 1702 5296 Deo
1727 5250 1777 5296 et
1806 5252 2097 5310 reputatum

503 5350 580 5393 est
606 5341 649 5392 ei
680 5339 747 5391 ad
768 5338 1030 5408 justitiam
1058 5336 1235 5408 (Rom.
1265 5334 1360 5406 tv),
1388 5349 1487 5404 per
1514 5348 1674 5402 quam
1703 5340 1759 5387 et
1786 5347 1975 5388 omnes
2001 5347 2098 5404 pa-

500 5443 613 5487 tres
644 5432 811 5486 nostri
838 5431 1203 5488 testimonium
1234 5428 1510 5484 consecuti
1536 5436 1663 5482 sunt
1689 5441 1809 5482 esse
1831 5425 1983 5495 justi.
2016 5426 2098 5483 Ex

504 5523 609 5577 ﬁde
638 5523 799 5592 igitur
826 5538 925 5577 nos
952 5522 1220 5585 vivamus,
1246 5526 1306 5574 ut
1338 5532 1407 5574 ex
1435 5515 1541 5574 ﬁde
1561 5514 1938 5587 justiﬁcemur,
1968 5514 2096 5586 quia

498 5618 667 5686 justus
698 5629 762 5666 ea:
785 5613 890 5682 fide
918 5614 1035 5667 vivit
1067 5610 1245 5682 (Rom.
1271 5610 1346 5680 t).

576 5703 630 5755 lu
657 5703 828 5765 Josia,
860 5710 917 5755 ut
939 5716 1245 5770 quaeramus
1274 5700 1362 5755 ubi
1393 5700 1670 5755 incensum
1699 5698 1929 5754 Domino
1961 5698 2093 5753 ado-

503 5797 616 5852 lere
643 5795 961 5864 debeamus,
994 5793 1353 5865 nosmetipsos
1382 5791 1667 5862 videlicet,
1696 5791 1749 5848 in
1777 5790 2095 5873 corporibus

2208 511 2452 570 bibentes
2498 515 2675 585 (Rom.
2708 518 2827 583 xu),
2871 517 3209 573 sermonibus
3254 518 3580 575 sacriﬁcium
3632 520 3808 576 laudis

2206 604 2433 661 Domino
2462 607 2801 665 immolantes
2823 607 2995 678 (Psul.
3020 610 3163 680 cxv),
3195 612 3610 679 cogitationibus
3636 614 3807 667 corda

2204 698 2438 752 contrita
2477 707 2534 753 et
2572 700 2847 756 humiliata
2878 714 2931 756 et
2963 702 3356 757 contribulatos
3384 704 3601 772 spiritus
3628 705 3807 761 sacri-

2205 788 2425 845 ﬁcantes
2449 812 2467 857 ;
2494 801 2549 846 et
2574 792 2657 846 his
2683 794 2855 847 tribus
2883 794 2994 848 Deo
3032 794 3283 860 dedicati,
3316 797 3555 863 cogitatu
3590 797 3809 852 scilicet

2204 887 2259 933 et
2286 880 2452 935 verbo
2482 890 2538 937 et
2582 883 2730 938 facto
2779 884 3139 940 immaculata:
3186 886 3525 942 inveniamur
3566 890 3806 957 hostiae,

2205 971 2583 1042 auditoresque
2614 990 2722 1029 non
2753 976 3065 1031 infructuosi
3092 977 3299 1045 ell'ecti,
3331 994 3431 1049 pro
3458 980 3538 1036 his
3561 996 3683 1050 qua:
3709 982 3807 1036 lex

2204 1065 2383 1121 divina
2416 1067 2515 1139 [in]
2545 1070 2700 1124 nobis
2728 1074 2903 1140 arguit
2931 1116 2942 1136 ,
2975 1074 3347 1142 paenitentiam
3377 1090 3593 1145 agamus
3612 1120 3628 1144 ,
3659 1093 3808 1147 prm-

2206 1158 2485 1214 venientes
2510 1160 2703 1215 faciem
2728 1162 2844 1230 ejus
2874 1164 2927 1217 in
2956 1163 3293 1220 confessione
3320 1165 3491 1233 (Psal.
3519 1172 3686 1235 xctv),
3716 1178 3809 1233 ut,

2207 1259 2421 1318 recepta
2466 1251 2835 1309 satisfactione
2879 1263 3104 1321 nostra,
3152 1255 3286 1310 iram
3335 1272 3487 1311 suam
3533 1268 3814 1313 avertat:

2208 1340 2383 1396 nobis.

2275 1450 2333 1504 ln
2363 1450 2637 1516 Jechonia,
2671 1463 2729 1509 ut
2766 1456 2818 1510 itt
2847 1456 3135 1511 adventum
3178 1457 3389 1512 Domtnt
3436 1460 3602 1527 parati
3631 1463 3811 1515 simus

2206 1553 2261 1599 et
2287 1560 2502 1613 semper
2523 1545 2708 1615 vigiles
2734 1544 2884 1616 (Luc.
2911 1548 3044 1615 XXI),
3070 1562 3138 1603 ne
3166 1546 3305 1603 forte
3326 1554 3610 1616 graventur
3633 1554 3807 1605 corda

2207 1644 2387 1689 nostra
2418 1638 2636 1705 crapula
2667 1645 2722 1689 et
2747 1636 3007 1692 ebrietate
3031 1682 3047 1706 ,
3078 1647 3135 1693 et
3163 1639 3305 1694 curis
3346 1640 3502 1707 hujus
3544 1641 3666 1694 vita:
3689 1685 3707 1707 ,
3754 1654 3812 1697 et

2206 1727 2545 1796 superveniat
2578 1729 2629 1781 iu
2664 1745 2760 1783 nos
2806 1731 3086 1800 repentina
3116 1729 3230 1784 dies
3258 1731 3346 1784 illa
3374 1748 3389 1787 :
3439 1740 3689 1799 tanquam
3725 1735 3809 1786 la-

2138 1806 2179 1862 Β
2207 1832 2376 1886 qucus
2420 1819 2560 1872 enim
2600 1820 2941 1887 superveniat
2986 1820 3039 1873 in
3070 1835 3259 1875 omnes
3287 1821 3377 1890 qni
3424 1820 3611 1875 sedent
3638 1836 3719 1889 su,
3747 1839 3813 1876 er

2205 1907 2394 1961 faciem
2422 1916 2597 1961 teme.
2633 1907 2941 1963 Devitantes
2983 1910 3163 1979 itaque
3201 1910 3325 1964 mali
3353 1918 3408 1964 et
3438 1911 3652 1964 inutiles
3679 1927 3809 1966 esse

2204 2008 2258 2052 et
2289 1998 2566 2070 [etmeudo
2594 2001 2632 2071 ι’.
2666 2000 2893 2071 irrepsit]
2947 2000 3214 2055 fatuarum
3237 2002 3485 2072 exemplo
3530 2004 3804 2070 virginum

2205 2089 2483 2159 vigilemus
2520 2100 2574 2144 et
2622 2107 3000 2161 pneparemur,
3034 2102 3121 2159 ιιι,
3146 2094 3398 2148 veniente
3442 2093 3669 2148 Domino
3694 2137 3709 2162 ,
3746 2105 3808 2150 ut

2205 2195 2403 2248 sponsa
2447 2181 2707 2236 iutretnus
2749 2184 2800 2236 in
2832 2183 3086 2251 gaudium
3135 2184 3348 2239 Domini
3394 2195 3449 2239 et
3487 2185 3553 2239 ad
3584 2188 3806 2255 nuptias

2208 2260 2629 2329 intromittatnur
2654 2282 2909 2332 aeternas;

2275 2386 2334 2441 lu
2365 2389 2622 2456 Jour/tim,
2655 2398 2710 2443 ut
2736 2404 2856 2445 esse
2890 2391 3098 2445 Domini
3127 2390 3451 2444 resurrectio
3474 2406 3804 2453 mereantur,

2208 2492 2265 2536 ut
2302 2482 2367 2536 de
2407 2491 2578 2536 morte
2618 2484 2821 2551 peccati
2863 2484 2926 2538 ad
2952 2484 3062 2553 just
3089 2484 3172 2535 tiae
3212 2484 3372 2535 vitam
3421 2497 3804 2549 resurgutnus;

2206 2574 2403 2626 etenim
2437 2573 2487 2625 in
2519 2574 2782 2641 baptismo
2808 2572 3021 2629 Christo
3044 2574 3340 2643 consepulti
3368 2590 3571 2637 smnus,
3596 2583 3654 2627 ut
3677 2591 3802 2627 cum

2206 2681 2273 2719 eo
2304 2680 2397 2733 per
2425 2665 2685 2732 justitiam
2716 2668 3061 2722 eouvivamus
3088 2685 3099 2730 ;
3135 2668 3244 2720 Ιιιυι·
3276 2677 3360 2721 est
3387 2666 3525 2720 enim
3557 2682 3803 2721 resurre-

2205 2761 2313 2815 ctio
2335 2762 2525 2831 prima,
2549 2775 2653 2829 qua
2679 2761 2779 2815 soli
2804 2760 2933 2828 justi
2956 2763 3297 2816 suscitantur.
3326 2760 3382 2814 ln
3408 2761 3642 2815 secunda
3672 2776 3803 2813 vero

2206 2856 2315 2902 tam
2363 2850 2511 2917 impii
2559 2858 2613 2903 et
2658 2859 2971 2919 peceatores
3008 2866 3168 2918 qum
3224 2850 3408 2904 ﬁdeles
3438 2860 3714 2917 resurgent
3744 2857 3803 2903 et

2206 2940 2445 3010 perfecti,
2478 2943 2565 2995 a!ii
2601 2941 2651 2994 in
2684 2943 3135 2996 resurrectionem
3168 2944 3310 3004 vitae,
3345 2943 3434 2996 alii
3464 2942 3517 2995 itt
3560 2957 3798 2995 resurre-

2206 3034 2440 3087 ctionem
2483 3033 2670 3102 judieii
2705 3032 2882 3104 (Joan.
2916 3034 2991 3103 v).
3033 3032 3258 3096 Beatus,
3314 3034 3487 3101 inquit
3529 3032 3796 3097 Joannes,

2142 3165 2163 3183 ,
2203 3130 2251 3175 et
2277 3134 2487 3176 sanctus
2514 3132 2592 3176 est
2620 3125 2705 3192 qui
2735 3122 2882 3176 habet
2910 3133 3106 3194 partem
3138 3125 3188 3177 in
3212 3141 3401 3178 resnrr.
3417 3126 3583 3177 ctione
3606 3125 3797 3190 prima,

2201 3213 2253 3265 in
2282 3212 2377 3266 hoc
2406 3214 2631 3267 secunda
2660 3231 2797 3269 mors
2826 3230 2928 3269 non
2959 3214 3109 3267 habet
3136 3223 3439 3285 potestatem
3462 3214 3656 3284 (Apoc.
3678 3214 3793 3282 xx).

2274 3325 2333 3380 ln
2379 3325 2660 3393 Joachim,
2708 3335 2768 3381 ut
2820 3336 3067 3396 paratum
3115 3328 3182 3382 ab
3228 3328 3437 3396 origine
3466 3327 3645 3381 mundi
3674 3342 3797 3382 cum

2197 3417 2358 3486 justis
2411 3432 2717 3473 mereamur
2768 3419 2822 3474 in
2873 3434 3098 3489 regnum
3169 3420 3235 3473 ad
3283 3421 3563 3475 dexteram
3614 3420 3794 3477 vocari

2205 3507 2419 3577 (Matth.
2442 3525 2469 3561 x
2482 3513 2589 3577 xv).

2273 3621 2331 3676 in
2368 3621 2659 3689 Zalathiet,
2694 3633 2750 3676 ut
2780 3640 2942 3677 unam
2978 3624 3296 3693 petitionem
3344 3631 3593 3692 petamus
3616 3638 3645 3674 a
3685 3620 3792 3675 Do-

2204 3714 2371 3779 tnino,
2400 3730 2456 3767 ut
2484 3715 2843 3771 inltabitemus
2890 3719 2941 3769 iu
2987 3718 3151 3770 domo
3190 3716 3401 3770 Dutttiui
3450 3729 3642 3769 omnes
3683 3715 3798 3769 dies

2203 3807 2324 3860 vine
2356 3817 2639 3874 nostrae,et
2660 3809 2933 3862 viduatum
2951 3809 3281 3862 voluntatem
3303 3812 3419 3876 ejus
3443 3808 3613 3879 (Paul.
3642 3811 3791 3875 χιιι).

2206 3896 2389 3950 Omnis
2418 3900 2554 3951 enim
2582 3900 2668 3969 qui
2717 3900 2864 3968 petit,
2897 3901 3083 3968 accipit
3138 3898 3287 3968 (Luc.
3346 3899 3441 3969 χι).
3495 3898 3794 3952 Petamusa

2206 3988 2431 4043 Domino
2460 4005 2677 4059 semper
2717 3992 2767 4043 in
2801 3991 3017 4044 nomine
3063 3990 3380 4053 Salvatoris,
3413 3990 3518 4043 hoc
3548 3999 3649 4051 est,
3680 4005 3794 4058 qua:

2205 4082 2268 4134 al
2318 4097 2498 4135 veram
2557 4082 2784 4136 salutent
2838 4084 3147 4151 pertinent,
3205 4083 3419 4136 dicente
3473 4081 3789 4136 Salvatore:

2207 4172 2531 4243 Quwcunque
2560 4174 2808 4241 petieritis
2832 4192 2864 4226 α
2886 4173 3048 4227 Patre
3076 4191 3186 4227 meo
3236 4175 3442 4226 nomine
3488 4189 3629 4237 meo,
3659 4170 3792 4223 dabit

2203 4262 2343 4317 vobis
2372 4264 2553 4334 (Joan.
2578 4266 2713 4335 XIV),
2739 4275 2793 4319 et
2814 4282 2967 4336 {equa
3000 4275 3313 4337 pascantur,
3347 4283 3413 4320 tte
3441 4266 3493 4319 iu
3521 4275 3789 4334 peccatum

2204 4364 2447 4412 vertatur
2477 4357 2673 4411 oratio.

2274 4473 2329 4527 In
2359 4473 2670 4542 Zorobabei,
2698 4484 2756 4528 ut
2783 4477 2835 4529 in
2867 4476 3013 4530 omni
3044 4474 3220 4529 studio
3250 4475 3481 4527 nitamur
3508 4483 3615 4527 tam
3645 4471 3790 4527 disci-

2203 4568 2315 4638 puli
2363 4568 2598 4623 eaalestis
2647 4578 2701 4622 ct
2742 4569 2854 4622 veri
2902 4567 3139 4635 magistri
3171 4566 3318 4630 ﬁeri,
3349 4582 3508 4635 quam
3561 4562 3789 4632 magistri

2200 4659 2605 4729 discipulorum,
2627 4668 2686 4713 ut
2712 4674 3042 4729 quaecunque
3065 4656 3431 4720 didicerimus,
3456 4671 3623 4726 opere
3652 4669 3789 4709 cont-

2201 4750 2442 4818 plentes,
2471 4748 2605 4802 alios
2634 4749 2941 4803 doceamus.
2979 4745 3080 4811 Qui
3128 4748 3311 4811 aud.’t,
3361 4746 3570 4813 inquit,
3617 4746 3788 4799 dicat:

2200 4842 2315 4894 veni
2345 4841 2529 4910 (Apoc.
2560 4843 2703 4910 ut);
2731 4840 2823 4908 qui
2851 4840 2915 4892 ad
2945 4839 3279 4909 spiritualetn
3304 4853 3513 4891 cumam
3547 4838 3788 4890 invitatus

2203 4940 2303 4995 est,
2331 4940 2557 4987 cmteros
2585 4945 2804 4999 quoque
2834 4929 3044 4992 invitet,
3077 4938 3134 4982 ut
3155 4928 3314 4998 plena
3345 4926 3438 4980 ﬁat
3467 4927 3660 4980 domus
3687 4925 3785 4979 dis—

2202 5023 2579 5078 cumbentibus
2607 5021 2757 5092 (Luc.
2791 5022 2923 5091 xn').

2271 5114 2329 5170 ltt
2356 5113 2544 5178 Abiud,
2574 5121 2631 5167 ut
2659 5113 2728 5170 sit
2758 5114 2912 5169 nobis
2940 5112 3082 5168 Deus
3123 5112 3177 5165 in
3229 5112 3466 5175 Patrem,
3493 5118 3548 5162 et
3578 5125 3676 5163 nos
3720 5108 3786 5161 illi

2200 5207 2253 5261 in
2282 5206 2420 5262 ﬁlios
2446 5215 2502 5261 et
2528 5205 2685 5271 ﬁlias,
2708 5214 2761 5259 et
2790 5220 2889 5259 nos
2917 5202 3222 5273 spirimales
3252 5202 3303 5255 in
3335 5201 3553 5255 Christo
3581 5200 3788 5268 gignen-

2200 5313 2283 5359 tes
2310 5294 2469 5372 filios,
2503 5311 2683 5373 patres
2712 5316 2899 5355 eorum
2930 5300 3116 5357 simus.
3141 5295 3382 5367 discipuli
3411 5294 3654 5373 simul_et
3678 5306 3784 5345 ma-

2199 5395 2349 5463 gistri
2374 5435 2389 5460 ,
2440 5361 2619 5463 patres
2649 5391 2941 5446 existentes
2982 5398 3037 5444 et
3068 5388 3194 5454 ﬁlii,
3238 5361 3292 5440 a'
3312 5385 3543 5440 Domino
3572 5361 3709 5438 docti
3736 5389 3785 5434 et

2198 5483 2404 5552 geniti,
2445 5480 2735 5537 doceamus
2763 5487 2819 5534 et
2846 5491 3163 5546 generemus
3202 5475 3513 5544 progeniem
3548 5472 3778 5531 Domino,

2201 5583 2260 5630 ut
2287 5573 2411 5628 talis
2432 5574 2719 5643 progenies
2751 5585 2873 5624 cum
2904 5568 3064 5622 Patre
3092 5572 3282 5635 regnet
3311 5572 3538 5618 aeterno.

2271 5686 2327 5740 ltt
2356 5684 2637 5751 Eliachim,
2670 5691 2728 5736 ut
2764 5682 2851 5738 hic
2889 5693 3230 5749 t'esurgamus
3259 5676 3460 5737 animo,
3494 5685 3551 5731 et
3580 5673 3679 5728 illic
3702 5685 3778 5725 re-

2198 5780 2441 5839 suscitati
2496 5780 2552 5836 ιιι
2599 5786 2785 5837 sancto
2840 5785 2895 5832 ct
2939 5773 3202 5843 spirituali
3244 5771 3488 5827 vivamus
3534 5780 3775 5837 corpore,
