4052 6332
975 314 1430 380 nummum,
1470 314 1847 370 ANGLORL‘M
1892 314 2113 380 REGIS,
2167 314 2618 385 DONATIONES,
2662 325 2767 371 etc.

219 316 327 371 3M

3395 322 3500 378 339

220 445 374 485 mors
402 428 601 483 etenim
640 441 743 482 una
774 426 1143 497 Redemptoris
1190 428 1359 483 nostri
1383 426 1589 483 duabus
1617 430 1812 484 nostris
1842 436 1886 491 Α
1916 428 2107 481 animze
2136 427 2202 481 de
2250 433 2451 497 peccati
2484 437 2657 484 morte
2686 428 3095 485 viviﬁcationem
3116 471 3129 493 ,
3158 441 3211 486 et
3239 433 3500 493 intutum

1922 518 2166 585 corporis
2195 520 2649 588 iueorruptibilem
2682 521 3150 577 resurrectionem.

1992 605 2048 659 In
2077 607 2257 670 Assur,
2291 617 2350 663 ut
2377 608 2663 678 adiuvante
2693 609 2989 665 Domino...
3025 611 3244 679 (Cretera
3272 613 3501 682 desum.)

219 520 495 575 mortibus
522 518 678 572 saluti
705 516 823 579 fuit,
849 527 904 572 et
933 533 1036 571 una
1066 517 1304 587 ejusdem
1335 519 1658 573 resurrectio
1687 518 1821 574 duas

219 612 655 667 resurrectiones
702 608 978 679 pnnstitit,
1011 608 1262 679 prmsenti
1292 607 1538 664 videlicet
1580 616 1821 679 tempore

222 762 231 769 .
250 759 843 767 _._———————~A——-—-—o—-—-
874 758 909 763 ον
930 760 937 761 ί
962 760 979 761 νά
1150 760 1155 761 ν
1180 760 1213 763 *τί
1240 757 1383 763 ψ
1416 760 1505 763 ντντν
1532 760 1557 761 ⁷⁷
1584 760 1605 761 "
1628 756 1873 762 """"”h"
1940 758 1955 759 ⁷⁷
1982 757 2569 767 “”³“-¹“““⁵“-’-“””ί-ξλί-
2594 764 3319 773 *—-———~-———-——-—s——o———a—-—
3340 769 3389 774 -μ-
3454 771 3487 776 κ.-

1510 906 1676 949 ANNO
1720 905 1947 950 DOMINI
1995 903 2211 946 Βοινι.
2273 932 2277 939 .

820 1038 2924 1283 ETHELBERTUS,

1544 1300 1990 1364 ANGLORUM
2034 1300 2225 1362 REX.

608 1465 1084 1546 ΝΟΊῚΤΙΑ
1162 1457 1798 1542 HISTORICA

1941 1456 2000 1536 N
2074 1454 3087 1561 ETHELBERTHUM.

1852 1641 1920 1652 .—

1321 1706 1554 1767 (Fabricii
1586 1703 1819 1754 Bibliotb.
1852 1701 1984 1751 med.
2021 1707 2074 1751 et.
2099 1700 2189 1751 tur.
2229 1683 2428 1762 anns.)

299 1889 809 1954 Ethelbertus,sive
857 1884 1200 1945 Edilbertus,
1242 1880 1557 1936 Cantiorum
1609 1881 1663 1933 in
1716 1880 1825 1932 An-
1864 1881 1907 1937 Β
1936 1875 2092 1941 1721,
2125 1875 2381 1931 fol..vide
2425 1892 2544 1944 qua:
2586 1893 2756 1948 nuper
2775 1880 2981 1932 notavit
3021 1879 3305 1947 Thornagh
3338 1881 3514 1935 ϐουτ-

223 1988 335 2053 glia
351 1985 551 2053 primus
566 1995 663 2034 rex
683 1977 1032 2041 Christianus,
1051 1975 1143 2044 qui
1170 1990 1257 2028 an.
1284 1973 1409 2038 616,
1426 1972 1701 2028 Februarii
1722 1970 1813 2034 2st,

224 2077 385 2130 obiit.
442 2073 608 2143 llujus
672 2072 930 2142 scriptum
983 2069 1185 2124 nullum
1213 2066 1547 2135 exstat,sed
1588 2064 1813 2125 Baleus,

227 2183 356 2239 pag.
383 2168 453 2221 73
482 2210 499 2230 .
545 2174 601 2221 et
630 2163 843 2219 Priscus
867 2205 882 2230 ,
929 2176 1050 2232 pag.
1111 2158 1213 2215 105
1235 2199 1250 2216 .
1300 2175 1367 2214 ex
1417 2157 1596 2222 Beda,
1626 2164 1819 2211 notant

228 2260 518 2329 scripsisse
570 2258 792 2312 Decreta
840 2256 1193 2326 judiciorum,
1238 2254 1351 2308 sive
1402 2268 1622 2323 primam
1674 2249 1819 2303 illam

234 2368 485 2421 magnam
507 2351 754 2404 Chartam
775 2347 983 2403 ca‘teris
1011 2346 1171 2399 etiam
1197 2345 1534 2414 Heptarchize
1556 2344 1608 2396 in
1638 2340 1821 2408 Anglia

234 2442 523 2508 probatam
576 2438 841 2504 Regibus,
866 2434 934 2490 de
960 2450 1065 2505 qua
1116 2442 1307 2503 przeter
1350 2432 1601 2485 Davirlem
1633 2429 1825 2483 Wilki-

232 2528 431 2582 uisium
458 2567 471 2589 ,
499 2525 687 2581 tomol
719 2524 917 2595 Legum
948 2535 1188 2578 veterum
1220 2522 1545 2590 Anglorum,
1577 2518 1826 2580 Londini,

1919 1969 2065 2031 don,
2099 1969 2152 2021 in
2205 1965 2431 2022 historia
2483 1967 2806 2024 Parlamenti
2834 2009 2849 2033 ,
2906 1972 3128 2041 Anglice
3174 1974 3316 2027 edita
3369 1974 3513 2028 1,οη-

1921 2060 2031 2115 dini
2064 2060 2220 2115 1731.
2253 2059 2477 2130 Scripsit
2498 2070 2553 2116 et
2582 2061 2933 2132 Epistolarum
2964 2064 3157 2119 librutn
3186 2066 3419 2119 maxime
3447 2064 3516 2120 ad

1922 2161 2170 2209 sanctum
2201 2151 2501 2223 Gregorium
2534 2168 2771 2223 papam,
2791 2165 2846 2209 et
2878 2156 2943 2209 ad
2990 2164 3233 2210 sanctum
3266 2157 3509 2229 Augusti-

1928 2261 2049 2297 num
2072 2285 2087 2310 ,
2131 2242 2423 2312 Anglorum
2455 2244 2757 2312 apostolum
2788 2254 2845 2299 et
2884 2246 3118 2315 primum
3162 2247 3520 2315 archiepisco-

1930 2353 2059 2409 pum
2102 2335 2563 2390 Cantuariensetn.
2623 2334 2698 2390 De
2747 2333 3057 2390 Ethelberto
3100 2335 3207 2389 hoc
3257 2336 3519 2389 Baronius

1934 2433 1989 2479 et
2019 2426 2151 2480 Acta
2182 2434 2493 2480 sanctorum
2521 2466 2535 2490 ,
2568 2424 2637 2479 21
2667 2424 2963 2481 Februarii.
2991 2426 3069 2481 De
3098 2426 3396 2495 Augustino
3428 2425 3518 2479 illo

1939 2516 2006 2569 ad
2032 2515 2102 2569 26
2132 2514 2275 2569 Maii.

234 2674 3513 2719 ιε’-’ΞΜ

245 2709 350 2719 ...-

1161 2810 2565 2959 ΕΤΗΕΒΒΕΕΤῙ,

1208 2982 1217 2999 I
1607 2977 1748 2999 sunt
1768 2977 1946 2999 nnlrn
1981 2976 2169 2999 ΒΠΠΙῌ

1596 2977 1950 3031 ANGLORUM
1981 2976 2190 3043 REGIS,

296 3119 367 3175 πθ
436 3107 1347 3241 DONATIONES
1427 3104 1615 3220 AD
1686 3104 2380 3222 DIVERSAS
2464 3062 3289 3231 ECCLESIAS.

1261 3354 1578 3416 (Monasticon
1612 3350 1802 3414 Anglic.
1841 3358 1876 3402 t.
1915 3351 1957 3414 1,
1994 3368 2039 3415 p.
2084 3353 2191 3416 llo,
2229 3354 2336 3416 126,
2380 3356 2510 3419 167.)

248 3669 483 3724 Donatio
514 3664 650 3735 regis
678 3659 984 3735 Ethelberti
994 3658 1055 3709 de
1077 3665 1231 3735 μεῖνε
1251 3656 1341 3735 ubi
1363 3658 1531 3735 situmg
1554 3664 1638 3735 est.
1659 3671 1840 3735 sttotia-

324 3738 535 3799 sten’um
560 3725 911 3803 apostolorum
943 3727 1087 3782 Petri
1111 3736 1159 3780 et
1190 3726 1342 3779 Pauli
1371 3741 1487 3778 cum
1515 3726 1665 3778 terris
1688 3725 1840 3794 adja-

325 3807 574 3861 centibus.

325 3920 384 3972 In
415 3915 631 3970 nomine
663 3909 868 3965 Domini
914 3908 1080 3962 nostri
1118 3905 1243 3960 Jesu
1290 3904 1513 3959 Christi.
1544 3903 1742 3959 Notum
1771 3904 1841 3956 sit

250 4009 506 4067 omnibus
535 4016 641 4061 tam
672 4001 1024 4073 prmsentibus
1067 4014 1228 4068 quam
1274 3999 1525 4068 posteris,
1563 3997 1706 4066 quod
1738 4011 1839 4065 ego

251 4100 623 4165 Atbelbertus,
656 4094 748 4150 Dei
787 4092 956 4163 gratia
986 4107 1080 4146 rex
1126 4089 1440 4157 Anglorum,
1472 4102 1570 4157 per
1598 4085 1843 4153 Evange-

250 4199 417 4250 licum
472 4192 773 4261 genitorem
825 4201 1000 4240 meum
1054 4182 1409 4252 Augustinum
1479 4181 1548 4236 de
1602 4179 1834 4235 idolatra

253 4290 498 4343 facturus
522 4280 837 4337 Christicola
872 4277 1063 4331 tradidi
1097 4275 1204 4329 Deo
1234 4288 1330 4343 per
1349 4273 1521 4342 ipsum
1549 4270 1841 4326 antistitem

255 4381 493 4450 aliquam
522 4382 732 4445 partem
771 4381 928 4425 terra:
952 4367 1087 4437 juris
1116 4366 1242 4430 mei,
1281 4365 1381 4419 sub
1411 4361 1664 4450 orientali,
1688 4376 1843 4415 muro

252 4449 492 4526 civitatis
520 4459 945 4517 Dorobernensis
969 4496 986 4521 ,
1028 4455 1116 4509 ubi
1158 4455 1363 4509 scilicet
1393 4468 1487 4521 per
1511 4449 1761 4506 eumdem
1790 4450 1843 4503 in

251 4558 474 4614 Christo
502 4553 861 4609 institutorem
892 4544 1275 4600 monasterium
1314 4542 1367 4596 in
1406 4542 1614 4596 honore
1643 4538 1841 4607 princi-

256 4667 387 4723 pum
418 4643 783 4717 apostolorum
806 4639 952 4695 Petri
978 4647 1031 4692 et
1054 4636 1203 4690 Pauli
1227 4634 1460 4700 condidi,
1502 4642 1557 4688 et
1584 4649 1706 4688 cum
1732 4632 1844 4702 ipsa

256 4752 403 4795 terra
433 4748 489 4791 et
525 4751 646 4790 cum
677 4732 924 4787 erunibus
969 4744 1087 4797 quae
1117 4727 1183 4781 ad
1230 4726 1404 4795 ipsum
1453 4723 1844 4778 monasterium

258 4830 532 4902 pertinent
571 4830 825 4894 perpetua
868 4820 1115 4873 libertate
1160 4815 1355 4870 donavi
1402 4814 1538 4868 adeo
1580 4820 1673 4884 [ut
1711 4809 1841 4882 nec]

259 4920 416 4986 mihi,
446 4932 547 4971 nec
588 4914 813 4967 a!iorunr
840 4922 1211 4964 successorum
1243 4919 1483 4959 meorum
1513 4917 1730 4971 regum,
1751 4915 1851 4956 nec

259 5013 360 5071 ulli
379 5024 613 5079 unquam
637 5003 888 5075 potestati
909 5002 1021 5056 sive
1044 4998 1425 5055 ecclesiasticae
1448 4996 1561 5052 sive
1579 4993 1842 5056 smculnri,

258 5102 554 5173 quidquam.
583 5097 706 5151 inde
732 5095 893 5149 liceat
937 5106 1217 5161 usurpare,
1247 5088 1340 5144 sed
1366 5089 1417 5143 in
1450 5087 1615 5157 ipsius
1642 5084 1849 5139 abbatis

261 5190 565 5252 sintomnia
585 5188 751 5241 libera
771 5184 971 5240 ditione
987 5201 999 5235 :
1017 5181 1062 5237 si
1079 5181 1199 5251 quis
1211 5194 1340 5234 vero
1356 5179 1423 5233 de
1445 5178 1547 5233 bac
1559 5176 1847 5232 donatione

264 5291 452 5339 nostra
483 5275 684 5346 aliquid
705 5273 947 5329 minuere
974 5280 1067 5325 aut
1089 5271 1297 5326 irritum
1329 5269 1506 5326 facere
1535 5266 1844 5332 tentaverit,

265 5370 590 5427 auctoritate
622 5364 766 5419 beati
813 5376 965 5433 papae
994 5359 1240 5427 Gregorii
1288 5358 1568 5427 nostrique
1614 5355 1849 5425 apostoli

265 5456 551 5528 Augustini
581 5454 738 5509 simul
782 5462 836 5508 et
880 5460 1064 5506 nostra
1096 5447 1483 5518 imprecatione
1533 5447 1602 5502 sit
1648 5445 1736 5500 hic
1763 5459 1851 5499 se-

266 5556 522 5618 gregatus
551 5547 617 5599 ab
648 5544 793 5600 omni
820 5553 1020 5598 sancta:
1064 5538 1318 5601 Ecclesiae
1346 5536 1757 5623 commupione,
1801 5540 1858 5588 et

267 5643 326 5699 in
355 5639 445 5694 die
471 5636 657 5707 judicii
685 5636 753 5690 ab
792 5634 938 5689 omni
981 5633 1278 5687 electorum
1308 5627 1585 5685 societate.
1617 5624 1857 5680 Circum-

267 5729 501 5799 cingitur
533 5727 645 5782 lucc
676 5735 839 5791 terra,
881 5724 971 5780 ubi
998 5723 1157 5780 situm
1184 5728 1267 5776 est
1309 5717 1692 5776 monasterium
1724 5730 1858 5785 ape-

1864 3461 1936 3473 -η

1867 3527 1912 3588 C
1944 3544 2203 3600 stolorum
2234 3544 2379 3601 Petri
2422 3555 2480 3602 et
2527 3546 2677 3603 Pauli
2721 3564 2841 3605 cum
2872 3560 3008 3607 terra
3038 3553 3318 3623 adjacente
3346 3557 3428 3611 his
3457 3558 3519 3610 li-

1942 3635 2162 3690 mitibus
2194 3653 2207 3689 :
2244 3636 2294 3691 in
2325 3637 2535 3692 oriente
2565 3639 2790 3695 ecclesia
2837 3642 3008 3698 sancti
3045 3641 3258 3698 Martini
3300 3653 3356 3699 et
3400 3646 3523 3701 inde

1942 3723 2307 3782 ad'Orientcm
2339 3727 2400 3783 be
2426 3730 2789 3793 siwenidoune,
2819 3741 2874 3787 et
2899 3734 2977 3789 sic
3020 3735 3085 3789 ad
3118 3735 3433 3803 Aquilonem
3463 3736 3524 3793 ἐκ

1941 3817 2388 3888 wykyngmearch,
2406 3820 2597 3875 iterum
2625 3823 2692 3875 ad
2718 3824 2990 3879 Orientem
3020 3836 3075 3879 et
3103 3826 3167 3881 ad
3188 3826 3444 3883 Austrum
3467 3829 3527 3883 be

1943 3906 2423 3976 bureyaremearch,
2448 3919 2502 3965 et
2530 3912 2608 3967 sic
2637 3914 2702 3966 ad
2734 3913 2985 3968 Austrum
3014 3924 3067 3970 et
3095 3915 3436 3974 Occidentem
3467 3922 3527 3975 be

1949 3996 2386 4068 Kyngesmearch,
2412 4001 2603 4056 iterum
2643 4004 2710 4058 ad
2740 4005 3060 4073 Aquilonem
3089 4016 3145 4061 et
3166 4006 3437 4064 Orientem
3467 4011 3528 4064 be

1949 4087 2374 4161 Kingesmcarclt,
2393 4093 2575 4161 sicque
2590 4094 2654 4147 ad
2676 4094 3020 4159 Occidentem
3036 4106 3085 4151 to
3105 4096 3458 4170 Ritherclrepe,
3473 4109 3529 4156 et

1948 4182 2017 4235 ita
2050 4181 2115 4235 ad
2146 4182 2450 4252 aquilonem
2483 4193 2533 4238 to
2579 4186 2983 4258 dryttingstrete.
3016 4188 3207 4245 Actum
3237 4199 3321 4245 est
3363 4192 3417 4245 in
3447 4193 3527 4247 ci-

1946 4271 2113 4326 vitate
2141 4271 2488 4329 Dorobernia:
2514 4288 2658 4330 anno
2687 4278 2755 4331 ab
2780 4277 3151 4333 incarnatione
3176 4278 3378 4332 Christi
3406 4296 3524 4343 nev,

1950 4362 2244 4419 indictione
2269 4380 2338 4419 vt.
2371 4363 2487 4433 Ego
2514 4365 2887 4439 Atbelbertus,
2915 4385 3013 4426 rex
3041 4370 3334 4439 Anglorum
3356 4410 3371 4434 ,
3393 4371 3533 4428 banc

1948 4458 2293 4513 donationem
2317 4473 2490 4514 meam
2521 4464 2675 4529 signo
2696 4472 2900 4518 sanctae
2919 4464 3096 4519 crucis
3125 4464 3341 4531 propria
3369 4479 3530 4519 manu

1949 4549 2281 4606 conﬁrmavi.
2300 4551 2413 4621 Ego
2437 4552 2764 4621 Augustinus
2784 4554 2953 4621 gratia
2981 4554 3074 4608 Ι)τί
3097 4555 3532 4625 archiepiscopus

1948 4644 2178 4699 libenter
2204 4643 2514 4713 subscripsi.
2561 4643 2672 4714 Ego
2701 4645 2983 4701 Asvvaldus
3010 4646 3151 4715 regis
3190 4646 3329 4701 lilius
3372 4646 3529 4703 facio.

1950 4735 2065 4804 Ego
2103 4734 2309 4803 Hanugi
2354 4734 2490 4788 illius
2535 4734 2642 4791 dux
2694 4735 2924 4790 laudavi.
2969 4736 3083 4806 Ego
3125 4736 3304 4792 llocca
3353 4754 3536 4792 comes

1954 4828 2223 4883 consensi.
2248 4827 2364 4895 Ego
2385 4826 2770 4884 Audemundus
2791 4829 3187 4886 referendarius
3216 4832 3529 4901 approbavi.

1957 4919 2068 4988 Ego
2091 4918 2328 4990 Graphio
2356 4934 2540 4974 comes
2566 4920 2835 4977 benedixi.
2868 4922 2980 4992 Ego
3009 4923 3175 4991 Tangi
3222 4925 3362 4978 titius
3392 4926 3535 4991 regis

1957 5014 2189 5085 optimas
2225 5012 2555 5070 conﬁrmavi.
2589 5011 2703 5081 Ego
2732 5012 2893 5069 Pinca
2916 5015 3182 5071 consensi.
3223 5013 3336 5083 Ego
3361 5013 3531 5067 Geddi

1958 5106 2324 5162 corroboravi.

2710 5197 2772 5253 ll.

2490 5312 2682 5369 Charta
2708 5313 3010 5369 Atbelberti.

2029 5433 2085 5485 In
2109 5432 2328 5487 nomine
2356 5430 2568 5485 Domini
2597 5428 2777 5484 nostri
2825 5426 2953 5481 Jesu
2991 5422 3209 5479 Christi.
3243 5419 3436 5476 Notum
3468 5421 3537 5474 sit

1958 5521 2209 5577 omnibus
2238 5528 2346 5573 tam
2380 5518 2733 5587 praesentibus
2780 5529 2939 5583 quam
2985 5510 3233 5582 posteris,
3264 5506 3409 5577 quod
3436 5522 3537 5575 ego

1961 5619 2323 5682 Atbelbertus,
2360 5616 2451 5671 Dei
2483 5615 2652 5684 gratia
2682 5626 2777 5667 rex
2798 5610 3109 5677 Anglorum,
3159 5621 3256 5676 per
3297 5602 3538 5671 Evange-

1962 5710 2123 5767 licum
2172 5709 2471 5777 genitorem
2511 5717 2689 5758 meum
2721 5698 3073 5768 Augustinum
3105 5696 3169 5751 de
3203 5696 3425 5752 idolatra
3460 5694 3537 5746 ta-
