4052 6332
542 285 646 339 545

1619 277 2051 333 ETlllzLBERTI
2094 278 2468 336 ANGLORUM
2511 279 2711 338 REGIS
3715 276 3808 337 3M

541 408 663 456 ctus
691 397 1036 465 Cbt'isticola,
1089 398 1279 457 tradidi
1314 398 1423 450 Deo
1472 412 1565 466 per
1613 409 1786 465 ipsum
1833 393 2129 449 antistitem
2162 398 2206 455 Α
2237 393 2570 459 desiderans,
2610 408 2938 464 suarumque
2975 390 3376 466 possessionum
3419 393 3660 451 terminis
3684 394 3807 451 dilaa

544 490 781 558 aliquam
824 497 1029 559 partem
1060 498 1215 543 lente
1240 490 1376 557 juris
1407 488 1530 553 mei,
1563 486 1663 541 sub
1692 484 1945 541 orientali
1975 498 2131 538 muro

542 579 776 634 civitatis
797 579 1162 643 Dorobcrnize,
1183 578 1269 632 ubi
1294 577 1499 632 scilicet
1523 591 1616 644 per
1638 575 1884 629 eumdem
1908 574 1961 627 in
1984 572 2133 626 Chri-

541 679 629 726 sto
675 671 1055 734 institutorem,
1090 668 1477 723 monasterium
1508 668 1558 720 in
1590 667 1797 720 honore
1828 664 2132 735 principum

542 764 911 833 apostolorum
940 761 1078 815 Petri
1099 770 1151 815 et
1174 759 1322 813 Pauli
1346 758 1582 819 condidi,
1609 768 1803 812 etcum
1830 758 1943 824 ipsa
1966 765 2131 817 terra,

544 861 753 906 etcum
792 852 1041 905 omnibus
1061 865 1181 918 qum
1229 849 1294 902 ad
1326 850 1497 918 ipsum
1539 845 1925 900 monasteritun
1968 842 2136 913 perti-

543 954 675 999 nent
703 953 963 1014 perpetua
1010 943 1257 996 libertate
1296 941 1514 1007 donavi,
1556 939 1692 993 adeo
1736 946 1797 992 ut
1838 953 1935 992 nec
1977 935 2129 1001 mihi,

545 1052 647 1092 nec
686 1037 845 1090 alicui
874 1048 1249 1090 successorum
1277 1049 1519 1087 meorum
1551 1047 1759 1099 regum,
1792 1046 1890 1085 nec
1911 1029 2004 1084 ul‘i
2036 1045 2135 1083 un-

542 1144 702 1195 quam
757 1127 1009 1195 potestati
1062 1126 1178 1181 sive
1228 1123 1631 1189 ecclesiastica},
1698 1122 1812 1175 sive
1866 1119 2130 1186 saacnlari,

543 1218 832 1286 quidquam
872 1218 996 1271 inde
1043 1216 1207 1270 liccat
1237 1229 1516 1281 usurpare,
1552 1211 1643 1266 sed
1677 1213 1729 1264 in
1764 1210 1932 1280 ipsius
1963 1208 2129 1263 abba-

543 1312 614 1364 tis
643 1310 752 1363 sint
779 1311 959 1363 omnia
994 1310 1160 1363 libera
1211 1308 1435 1362 ditione.
1488 1307 1545 1360 Si
1589 1306 1710 1375 quis
1745 1320 1876 1358 vero
1925 1303 1994 1358 de
2034 1303 2135 1356 hac

544 1401 839 1455 donatione
871 1409 1080 1464 nostra,
1121 1400 1317 1470 aliquid
1361 1398 1624 1464 minuere,
1679 1404 1772 1451 aut
1818 1396 2025 1451 irritum
2057 1393 2132 1448 fa-

544 1510 669 1549 cere
701 1496 1009 1555 tentaverit.
1042 1496 1365 1550 auctoritate
1394 1493 1533 1547 beati
1565 1507 1714 1561 para:
1741 1488 2008 1557 Gregorii,
2045 1502 2134 1542 no-

545 1587 751 1654 strique
799 1586 1030 1656 apostoli
1062 1586 1340 1653 Augustini
1370 1586 1528 1639 simul
1559 1593 1614 1638 et
1653 1591 1836 1637 nostra
1869 1582 2134 1650 impreca-

545 1678 717 1745 tione,
763 1677 833 1731 sit
876 1677 960 1731 hic
998 1689 1303 1743 segretatus
1348 1677 1415 1730 ab
1445 1677 1588 1732 omni
1638 1682 1836 1729 sanctae
1882 1671 2133 1725 Ecclesia:

2239 493 2353 539 tare
2380 486 2634 553 gestiens,
2667 501 2795 540 sana
2837 493 3018 543 mente
3064 487 3386 556 integreque
3414 486 3664 549 consilio,
3699 500 3810 542 cum

2237 575 2462 630 Edhaldi
2496 576 2585 631 ﬁlii
2616 578 2722 631 mei
2751 578 3083 647 aliorumque
3112 578 3369 632 nobilium
3394 576 3811 647 optimatuqu

2237 688 2480 727 meorum
2517 690 2806 742 consensu,
2834 675 2904 729 ob
2934 673 3359 743 redemptionem
3391 672 3582 726 anima:
3611 685 3740 724 mete
3765 676 3812 723 et

2235 779 2386 832 spem
2419 763 2787 819 retributionis
2814 771 3029 818 mternte
3059 763 3225 816 obtuli
3256 761 3305 815 ei
3326 761 3490 814 etiam
3518 757 3696 811 villam
3724 772 3812 811 no-

2235 854 2380 906 mine
2420 852 2633 921 Sturiga
2671 854 2776 907 alio
2818 854 3038 908 nomine
3079 852 3276 906 dictam
3305 848 3523 905 Cistelei
3551 864 3675 902 cum
3705 863 3812 901 ont-

2237 946 2392 1000 nibus
2413 946 2709 1002 redditibus
2729 947 2779 1000 ei
2804 946 2926 1016 jure
2959 944 3414 1014 competentibus,
3453 956 3575 996 cum
3618 939 3810 993 manci-

2236 1038 2357 1107 piis,
2373 1038 2520 1091 silvis
2533 1038 2689 1092 cultis
2706 1038 2789 1093 vel
2811 1037 3045 1101 incultis,
3062 1036 3247 1105 pratis,
3266 1035 3505 1103 pascuis,
3520 1028 3813 1099 paludibus,

2236 1127 2563 1194 ﬂuminibus,
2612 1137 2665 1182 et
2712 1127 2976 1197 contiguis
3024 1128 3073 1181 ei
3116 1124 3397 1179 maritimis
3430 1121 3677 1177 terminis
3708 1135 3815 1174 eain

2235 1234 2304 1272 ex
2334 1233 2437 1271 una
2467 1227 2618 1286 parte
2648 1217 3004 1286 cingentibus,
3034 1217 3233 1279 omnia,
3266 1214 3484 1269 mobilia
3513 1213 3599 1267 vel
3628 1212 3813 1265 immo-

2236 1311 2360 1365 bilia
2395 1312 2447 1364 in
2479 1327 2606 1365 usus
2634 1310 2856 1364 fratrum
2887 1311 2985 1364 sub
3022 1309 3252 1377 regulari
3284 1309 3499 1362 tramite
3538 1315 3596 1361 et
3639 1320 3817 1359 mona-

2234 1406 2369 1459 stica
2393 1404 2649 1472 religione
2671 1404 2796 1457 inihi
2820 1402 2929 1457 Deo
2952 1402 3296 1456 servientium
3321 1418 3332 1454 :
3359 1400 3643 1454 missurum
3667 1398 3818 1452 etiam

2236 1506 2574 1565 argentcmn,
2597 1504 2820 1564 srapton
2842 1509 3085 1559 aureum,
3108 1496 3300 1547 iterum
3322 1492 3511 1546 sellam
3534 1506 3655 1546 cum
3680 1490 3821 1543 freno

2238 1603 2422 1652 aureo,
2452 1597 2505 1640 et
2534 1587 2761 1654 gemmis
2791 1596 3128 1649 exornatam,
3170 1585 3446 1653 speculum
3493 1594 3818 1652 argenteum,

2241 1678 2560 1732 armilcaisia
2602 1678 2884 1743 closerica,
2911 1677 3185 1731 camisiam
3219 1684 3490 1740 ornatam,
3517 1674 3663 1743 quod
3705 1675 3824 1729 mihi

549 1769 954 1833 c0mmunione,
1000 1779 1053 1823 et
1091 1770 1141 1821 in
1172 1769 1258 1822 die
1283 1768 1492 1838 judicii,
1536 1767 1605 1819 ab
1647 1764 1794 1819 omni
1836 1764 2133 1818 electorum
2168 1758 2212 1818 Β
2245 1773 2458 1825 xruium
2490 1773 2556 1826 de
2590 1772 2812 1827 domino
2857 1786 2996 1841 papa
3028 1769 3292 1837 Gre-goria
3335 1768 3481 1823 sedis
3525 1769 3823 1837 apostolica

545 1861 828 1913 societate.
888 1859 1338 1927 Circume'ngitur
1390 1858 1502 1911 haec
1558 1866 1699 1909 terra
1742 1855 1826 1908 his
1866 1851 2129 1906 terminis.

545 1949 607 2003 in
634 1948 851 2004 Oriente
877 1950 1103 2005 ecclesia
1130 1951 1297 2003 sancti
1322 1948 1554 2011 Martini,
1581 1957 1635 2001 ct
1658 1947 1780 2001 inde
1803 1947 1868 2000 ab
1893 1944 2136 2012 Oriente,

546 2041 606 2093 be
618 2041 985 2106 siwenidoune,
1003 2050 1053 2093 et
1076 2041 1153 2094 sie
1170 2039 1234 2092 ad
1250 2039 1594 2107 Aquilonem,
1610 2037 1668 2089 be
1684 2034 2137 2106 wgkyngmearrh,

547 2135 851 2201 iterumque
882 2132 949 2184 ad
982 2129 1255 2184 Orientem
1287 2137 1342 2182 et
1371 2128 1435 2181 ad
1466 2127 1739 2190 Austrum,
1773 2125 1832 2178 be
1859 2125 2138 2195 bureyare-

548 2224 787 2276 meare/1:
820 2232 873 2275 et
903 2224 980 2277 sic
1009 2223 1072 2274 ad
1099 2224 1350 2274 Austrutu
1376 2230 1429 2273 et
1461 2219 1808 2273 Occidentem
1833 2218 1892 2271 be
1915 2218 2137 2287 Iri/riges-

548 2313 786 2373 mearch;
813 2314 939 2366 item
972 2311 1038 2365 ad
1071 2312 1389 2382 Aquilonem
1423 2310 1480 2364 be
1509 2310 1930 2381 Ityngesmearch,
1956 2311 2141 2375 sicque

549 2403 617 2457 ad
636 2403 983 2458 Occidentem
1005 2414 1054 2457 to
1080 2403 1469 2472 Ritlzerechcpe,
1489 2412 1541 2457 et
1568 2405 1637 2457 ita
1664 2404 1729 2455 ad
1746 2402 2063 2469 Aquilonem
2089 2409 2139 2453 to

548 2497 954 2568 dryttingstrete.
989 2496 1181 2549 Actum
1212 2506 1293 2549 est
1329 2497 1431 2549 hoc
1461 2497 1511 2550 in
1539 2496 1757 2551 civitate
1788 2493 2136 2554 Derobernie,

548 2605 692 2647 anno
718 2590 785 2644 ab
815 2590 1186 2645 incarnatione
1207 2589 1401 2643 Christi
1426 2589 1552 2656 605,
1586 2589 1878 2644 indictione
1904 2589 1955 2640 6.

620 2681 734 2750 Ego
765 2681 1116 2737 Athelbertus
1145 2697 1237 2735 rex
1273 2680 1569 2751 Anglorum
1602 2681 1743 2735 hanc
1788 2678 2139 2734 donationem

548 2790 748 2838 meam,
798 2775 952 2841 signo
989 2785 1192 2829 sancta:
1229 2775 1427 2841 crucis,
1475 2775 1691 2843 propria
1736 2788 1899 2827 manu
1941 2771 2141 2826 contir-

545 2864 712 2920 mavi.
760 2863 874 2934 Ego
925 2864 1278 2933 Augustinus,
1321 2866 1487 2931 gratia
1539 2865 1632 2917 Dei
1683 2864 2137 2933 archiepiscopus,

546 2956 780 3010 libenter
807 2956 1119 3024 subscripsi.
1163 2954 1273 3027 Ego
1305 2956 1469 3010 Edbal
1495 2957 1598 3016 'us,
1630 2957 1772 3023 regis
1807 2956 1964 3018 ﬁlius.
2010 2954 2135 3009 favi.

545 3046 661 3116 Ego
689 3045 1031 3116 ilamigisilus
1053 3046 1160 3103 dux
1192 3047 1424 3103 laudavi.
1455 3049 1565 3116 ligo
1596 3047 1771 3101 llncca
1804 3062 1987 3101 comes
2007 3060 2138 3101 cono

2241 1861 2501 1914 directum
2551 1863 2742 1923 fuerat,
2775 1876 2894 1929 qua:
2927 1861 3107 1915 omnia
3146 1859 3458 1931 supradicto
3505 1859 3825 1915 monasterio

2241 1964 2514 2022 gratantur
2550 1955 2737 2008 obtuli.
2780 1954 2935 2020 Quod
2965 1954 3128 2008 etiam
3160 1952 3548 2006 monasterium
3581 1952 3697 2022 ipse
3725 1965 3825 2005 ser-

2241 2061 2340 2099 vus
2366 2045 2460 2100 Dei
2489 2046 2815 2115 Augustinus
2844 2055 3153 2100 sanctorum
3184 2046 3578 2115 apostolorum,
3608 2059 3673 2097 ac
3697 2059 3823 2098 mar~

2245 2148 2418 2207 tyrum
2469 2136 2709 2204 reliquiis
2758 2137 3030 2206 variisque
3077 2135 3460 2190 ecclesiasticis
3503 2134 3827 2189 ornamentis

2243 2228 2309 2281 ab
2365 2227 2660 2294 apostolica
2733 2227 2861 2281 sede
2933 2227 3037 2281 sibi
3095 2226 3423 2281 transmissis
3477 2226 3704 2295 copiose
3756 2225 3824 2279 di-

2244 2318 2431 2380 etavit,
2470 2331 2697 2386 seseque
2741 2317 2793 2370 in
2843 2332 2909 2371 eo
2955 2324 3011 2371 et
3059 2326 3287 2371 cunctos
3316 2331 3666 2371 successores
3713 2330 3827 2371 suos

2244 2423 2308 2462 ex
2343 2409 2632 2463 autoritate
2660 2408 2959 2478 apostolica
2992 2408 3209 2478 sepeliri
3251 2408 3528 2476 pnecepit,
3562 2406 3826 2476 Scriptura

2244 2497 2457 2552 dicente
2506 2521 2524 2549 ι
2554 2514 2659 2553 non
2704 2513 2826 2553 esse
2869 2498 3142 2552 civitatem
3172 2505 3532 2560 mortuorum,
3560 2496 3653 2549 sel
3685 2497 3828 2550 vivo.

2246 2605 2384 2645 rum.
2417 2610 2436 2641 ι
2485 2588 2582 2643 Ubi
2613 2589 2775 2643 etiam
2814 2589 2942 2642 mihi
2970 2597 3024 2643 et
3051 2586 3453 2642 successoribus
3490 2585 3628 2639 meis
3656 2584 3828 2654 sepul-

2246 2690 2420 2736 turam
2467 2681 2699 2750 providi,
2731 2694 2954 2749 sperans
2984 2695 3071 2732 me
3096 2677 3422 2747 quandoque
3459 2679 3528 2729 ab
3558 2675 3678 2744 ipso
3706 2691 3828 2745 apo-

2245 2774 2418 2829 stolici
2456 2773 2656 2827 ordinis
2688 2773 2927 2843 p.incipe
2961 2771 3047 2826 cui
3098 2769 3357 2823 Dominus
3400 2776 3729 2838 potestatem
3776 2768 3829 2821 li-

2246 2866 2404 2935 gandi
2437 2873 2597 2933 atque
2627 2862 2872 2919 solvendi
2900 2863 3046 2916 dedit
3085 2868 3141 2917 et
3184 2860 3365 2915 claves
3395 2859 3543 2927 regni
3575 2859 3831 2913 ccelorum

2248 2958 2487 3021 tradidit,
2516 2972 2543 3009 a
2575 2964 2921 3026 peccatorum
2954 2953 3183 3008 nexibus
3211 2951 3349 3006 solvi
3380 2958 3434 3006 et
3463 2958 3684 3004 αξιοι-ηερ
3714 2950 3829 3003 bea—

2248 3047 2489 3102 titudinis
2515 3048 2728 3110 ianuam
2760 3044 3046 3099 introduci.

545 3141 710 3195 sensi.
765 3139 880 3209 Ego
930 3140 1313 3209 Augemundus
1370 3140 1769 3197 referendarius
1819 3140 2131 3211 approbavi.
2164 3120 2211 3187 (ἶ
2314 3161 2471 3229 Quod
2517 3159 2907 3215 monasterium
2958 3156 3135 3211 “unus
3189 3169 3608 3225 emscopomm’
3660 3151 3831 3207 “unus

545 3230 662 3300 Ego
692 3230 933 3303 Graphio
963 3247 1145 3287 comes
1172 3232 1221 3285 ba
1243 3233 1443 3286 nedixi.
1496 3232 1609 3300 Ego
1641 3231 1961 3297 Tangisilus,
1992 3233 2137 3300 regis

551 3324 803 3391 optimas,
832 3321 1163 3378 conﬁrmavi.
1193 3321 1301 3392 Ego
1325 3320 1485 3377 Pinca
1517 3322 1782 3376 consensi.
1816 3319 1927 3391 Ego
1950 3319 2138 3390 Geddy

554 3412 860 3468 corrobavi.

626 3502 737 3558 Rex
784 3504 1077 3572 Anglorum
1110 3504 1463 3557 Athelhnrtus
1490 3503 1855 3558 mfserieordia
1886 3502 2136 3572 omnipo-

549 3595 717 3649 tentis
743 3594 834 3648 Det
867 3596 1195 3660 catholicus,
1224 3595 1474 3648 omnibus
1517 3609 1626 3647 sum
1655 3595 1828 3659 gentis
1872 3592 2137 3661 fidelibus,

548 3699 607 3743 et
649 3688 940 3743 adventum
987 3689 1173 3756 gloria:
1203 3687 1381 3757 magni
1414 3687 1508 3740 Dt'i
1540 3696 1595 3739 et
1634 3686 1930 3740 Salvatoris
1967 3686 2139 3739 nostri

546 3779 672 3834 Jesu
697 3778 917 3845 Christi,
944 3779 1099 3834 beata
1125 3793 1222 3849 spe
1241 3778 1703 3847 ex‘pectantihus,
1735 3777 1962 3831 salutem
1989 3777 2140 3829 vitae-

549 3887 655 3942 que
675 3880 889 3925 aeterna:
910 3870 1317 3933 beatitudinem,
1344 3869 1605 3937 largiente
1630 3868 1820 3921 summi
1844 3866 2006 3935 Regis
2031 3867 2141 3922 cle-

551 3962 775 4017 mentia.
819 3960 932 4027 Ego
972 3960 1317 4015 Athelbertus
1345 3961 1396 4013 in
1422 3958 1561 4013 solio
1593 3968 1818 4027 paterno
1849 3958 2140 4011 conﬁrma-

550 4063 659 4119 tus,
717 4067 962 4121 paceque
992 4053 1247 4108 divinitus
1275 4066 1550 4113 concesm,
1590 4066 1656 4103 eo
1688 4050 1797 4117 jam
1828 4064 1926 4117 per
1951 4049 2137 4103 decem

548 4146 920 4215 quinquennia
969 4147 1298 4216 sceptrigcra
1346 4155 1614 4215 potestate
1660 4148 1895 4213 potitus,
1949 4155 2004 4198 et
2045 4160 2140 4214 per

551 4235 902 4290 Vcnerabiles
967 4251 1134 4288 sacrm
1193 4233 1313 4288 ﬁdei
1375 4234 1627 4288 doctores
1681 4234 1916 4303 Spiritus
1966 4235 2138 4289 sancti

549 4326 721 4393 gratia
771 4324 1077 4387 irradiatus,
1128 4326 1197 4379 ab
1238 4339 1425 4379 errore
1477 4324 1731 4378 falsorum
1770 4324 2017 4389 deorum,
2071 4324 2139 4379 ad

552 4418 711 4472 unius
740 4418 852 4472 veri
884 4417 976 4472 Dei
1004 4415 1205 4471 cultum
1250 4425 1367 4471 toto
1408 4419 1573 4471 corde
1603 4430 1917 4479 conversus,
1950 4430 2018 4470 ne
2055 4418 2135 4469 iu-

552 4517 738 4574 gratus
776 4506 1161 4563 beneﬁciorum
1209 4522 1501 4578 appaream
1551 4507 1625 4561 illi
1673 4523 1703 4560 a
1748 4507 1903 4575 cujus
1949 4515 2136 4561 sancta
2168 4483 2221 4544 Ῑ)

552 4599 681 4653 sede
713 4598 865 4654 nobis
895 4600 945 4652 in
973 4599 1194 4666 regione
1224 4599 1429 4654 umbra:
1459 4598 1649 4653 mortis
1694 4599 2005 4653 sedentibus
2042 4596 2137 4651 lux

555 4689 800 4743 veritatis
828 4689 1065 4757 emicuit,
1091 4689 1232 4744 inter
1262 4690 1393 4747 alias
1419 4706 1554 4761 quas
1590 4689 1848 4745 fabricavi
1880 4689 2137 4745 ecclesias

553 4779 762 4834 monitu
784 4788 840 4835 et
868 4780 1087 4835 hortatu
1107 4781 1399 4836 beatissimi
1434 4797 1584 4851 papae
1604 4781 1849 4851 Gregorii
1878 4790 1933 4834 et
1961 4780 2139 4835 sancti

555 4869 724 4939 patris
750 4871 918 4924 nostri
952 4871 1256 4939 Augustini,
1300 4872 1399 4940 ipsi
1424 4873 1734 4928 beatissimo
1764 4873 2135 4943 apostolorum

551 4964 783 5034 principi
832 4962 992 5019 Petro
1034 4975 1089 5019 et
1118 4965 1329 5020 doctori
1366 4967 1606 5034 gentium
1650 4964 1817 5019 Paulo
1866 4974 2137 5025 monaste-

556 5060 720 5128 rium,
766 5074 795 5113 a
846 5058 1202 5115 fundamentis
1231 5059 1529 5122 construxi,
1581 5059 1818 5127 illudque
1844 5057 2001 5111 terris
2045 5072 2139 5110 va-

555 5150 758 5218 riisque
786 5150 1189 5219 possessionum
1239 5148 1482 5204 donariis
1514 5148 1776 5203 decorare
1804 5147 2009 5210 studui,
2035 5147 2139 5201 ini-

552 5242 714 5311 bique
740 5242 1036 5297 monachos
1087 5240 1257 5301 Deum
1304 5241 1556 5295 timentes
1587 5239 1865 5309 aggregari
1916 5240 2043 5305 feci,
2084 5249 2139 5294 et

553 5349 673 5388 cum
716 5334 944 5389 consilio
990 5333 1232 5402 ejusdem
1280 5331 1701 5389 reverentissimi
1742 5329 2138 5398 archipmsulis

557 5424 855 5494 Augustini,
880 5440 947 5480 ex
975 5440 1073 5479 suo
1102 5433 1293 5479 sancto
1322 5431 1633 5481 sanctorum
1663 5421 1892 5490 collegio
1914 5435 2138 5479 venera-

556 5517 717 5572 bilem
758 5518 932 5572 virum
978 5532 1162 5572 secum
1206 5517 1273 5571 ab
1320 5515 1619 5587 apostolica
1669 5514 1799 5568 sede
1846 5511 2133 5566 directum.

560 5608 773 5665 Petrum
812 5609 1137 5663 monachum
1182 5609 1337 5676 elegi,
1394 5608 1600 5676 eisque,
1643 5614 1702 5659 ut
1745 5602 2137 5659 ecclesiasticus

555 5699 688 5752 ordo
727 5700 993 5770 exposcit,
1023 5700 1267 5756 abbatem
1300 5698 1585 5770 prtepmui.
1620 5697 1733 5751 Hoc
1764 5697 1922 5764 igitur
1949 5711 2137 5750 mona-

554 5791 774 5849 sterium
825 5794 889 5846 ad
944 5801 1256 5860 provectum
1306 5791 1471 5847 debiti
1521 5789 1766 5847 culminis
1813 5803 2135 5859 promovere

2242 3267 2619 3309 successorum
2671 3264 2913 3304 meorum
2958 3262 3164 3315 regum,
3213 3247 3267 3300 in
3316 3246 3498 3314 aliquo
3529 3246 3712 3301 ledere
3748 3252 3830 3298 aut

2242 3346 2545 3415 inquietare
2589 3350 2900 3414 pmsumat,
2932 3341 3133 3394 nullam
3176 3339 3396 3394 omnino
3443 3336 3830 3405 subiectionem

2244 3443 2297 3495 in
2328 3456 2390 3493 ea
2422 3439 2523 3494 sibi
2556 3451 2820 3506 usurpare
2864 3434 3079 3498 audeat,
3130 3432 3224 3487 sed
3254 3432 3423 3486 abbas
3463 3430 3581 3499 ipse
3625 3430 3719 3499 qui
3765 3429 3833 3483 ibi

2241 3532 2402 3586 fuerit
2434 3531 2730 3591 ordinatus,
2767 3528 2911 3581 intus
2941 3536 2994 3582 et
3024 3523 3154 3579 foris
3187 3539 3310 3579 eum
3351 3522 3581 3578 consilio
3614 3522 3831 3576 fratrum

2243 3623 2536 3680 secundum
2570 3626 2815 3676 t‘morem
2851 3619 2943 3673 Dei
2975 3618 3145 3672 libere
3173 3632 3294 3670 eum
3321 3625 3473 3683 regat
3501 3621 3559 3668 et
3597 3613 3830 3677 ordinet,

2244 3720 2314 3774 ita
2365 3727 2423 3771 ut
2464 3717 2515 3771 in
2547 3717 2633 3770 die
2664 3713 2872 3768 Domini
2903 3712 3112 3765 dulcem
3161 3708 3306 3763 illam
3346 3705 3574 3776 piissimi
3607 3704 3833 3759 Redem-

2244 3812 2415 3883 ptoris
2439 3809 2607 3865 nostri
2636 3822 2822 3862 vocem
2852 3816 3122 3858 mereatur
3146 3801 3334 3854 audire
3361 3798 3589 3854 dicentis
3617 3815 3629 3849 :
3664 3794 3830 3865 Euge.

2244 3920 2387 3958 serve
2431 3903 2561 3955 bone
2600 3908 2648 3953 et
2692 3898 2883 3966 ﬁdelis,
2924 3896 3043 3967 quia
3079 3908 3233 3962 super
3268 3906 3437 3961 pauca
3464 3889 3611 3959 fuiin
3641 3886 3828 3956 ﬁdelis,

2244 4010 2397 4063 super
2425 3992 2585 4045 anilla
2617 4000 2662 4042 te
2692 3989 3030 4043 constituam;
3074 3984 3214 4037 intra
3244 3983 3299 4034 in
3325 3979 3574 4051 gaudium
3624 3976 3835 4030 Domini

2245 4085 2337 4137 tui.
2361 4082 2509 4136 llanc
2530 4081 2873 4133 donationem
2894 4092 3064 4129 meam
3089 4076 3140 4128 in
3164 4074 3385 4128 nomine
3406 4069 3605 4137 Patris,
3622 4080 3678 4124 et
3696 4069 3831 4133 Filii,

2243 4184 2298 4229 et
2324 4173 2554 4243 Spiritus
2583 4171 2775 4235 sancti,
2817 4169 3067 4237 largitate
3105 4166 3286 4221 divina
3318 4173 3379 4220 ut
3406 4164 3538 4218 mihi
3570 4164 3835 4217 tribuatur

2242 4271 2590 4334 peccatorum
2619 4259 2889 4323 remissio,
2922 4272 3020 4326 per
3046 4255 3248 4317 omnia,
3278 4270 3403 4310 cum
3434 4254 3667 4309 consilio
3693 4268 3834 4308 reve-

2242 4354 2530 4410 rentissimi
2579 4352 2744 4422 patris
2782 4348 3086 4416 Augustini,
3136 4347 3373 4411 condidi,
3405 4346 3573 4415 idque
3603 4346 3671 4400 ad
3702 4344 3832 4401 scri-

2244 4447 2479 4509 bendum
2511 4444 2919 4515 Augemundutn
2948 4442 3322 4513 presbyterum
3354 4439 3621 4495 ordinavi.
3656 4439 3728 4493 De
3753 4437 3832 4492 his

2241 4553 2371 4609 ergo
2402 4539 2651 4592 omnibus
2690 4550 2810 4605 quze
2840 4535 2927 4589 hic
2960 4534 3159 4604 scripta
3207 4541 3354 4600 sunt,
3396 4533 3443 4588 si
3469 4532 3593 4601 quis
3635 4531 3828 4599 aliquid

2240 4629 2364 4683 inde
2393 4629 2636 4681 minuere
2681 4625 3137 4695 pretsumpserit,
3170 4624 3305 4679 sciat
3333 4640 3392 4678 se
3415 4624 3727 4692 :equissimo
3747 4622 3830 4690 ju-

2239 4722 2344 4787 dici
2376 4722 2486 4781 Deo
2513 4728 2569 4775 et
2596 4718 2769 4775 beatis
2796 4718 3057 4789 apostolis
3087 4716 3248 4773 Petro
3277 4725 3333 4770 rt
3360 4716 3527 4770 Paulo
3564 4716 3829 4769 rationem

2240 4829 2359 4869 esse
2388 4812 2744 4873 redditurum.
2778 4808 3107 4864 Conﬁrmata
3150 4816 3234 4862 est
3283 4808 3396 4861 lucc
3435 4805 3660 4861 donatio
3702 4819 3831 4873 pra:-

2240 4904 2482 4959 sentibus
2510 4902 2735 4956 testibus
2761 4899 3204 4955 reverentissimo
3229 4907 3382 4966 patre
3406 4897 3707 4965 Augustino
3729 4894 3829 4948 Do—

2242 4994 2586 5052 rovernensis
2627 4992 2880 5047 Ecclesiae
2927 4990 3344 5059 archiepiscopo
3392 4990 3587 5057 primo,
3632 4986 3832 5041 Mellito

2244 5102 2456 5160 quoque
2499 5095 2555 5141 et
2598 5084 2752 5141 Justo
2793 5083 3106 5148 Lundonia},
3155 5090 3211 5136 et
3255 5080 3544 5135 Ronfensis
3580 5078 3833 5135 Ecclesia

2243 5176 2576 5249 ptesulibus,
2623 5185 2679 5231 et
2721 5176 2975 5242 religioso
3025 5172 3225 5228 famulo
3278 5171 3481 5226 Christi
3543 5171 3831 5225 Laurentio

2242 5268 2579 5337 presbytero,
2637 5265 2876 5321 Edbaldo
2934 5265 3044 5323 lilio
3092 5279 3237 5330 meo,
3298 5262 3618 5332 llamigisilo
3671 5263 3827 5327 duce,

2243 5355 2593 5424 Augemundo
2623 5354 3008 5419 referendario,
3032 5353 3216 5421 Hocca
3245 5362 3300 5409 et
3319 5352 3633 5422 Graphione
3658 5351 3828 5407 comi-

2246 5447 2405 5515 tibus,
2437 5445 2724 5515 Tangesilo
2750 5455 2802 5501 et
2828 5447 2991 5505 Pinca
3018 5455 3073 5501 et
3099 5444 3270 5500 Geddi
3316 5452 3372 5496 et
3412 5443 3664 5497 Aldhuno
3690 5443 3830 5510 regis

2244 5537 2616 5608 optimatibus,
2666 5536 2893 5611 aliisque
2941 5535 3186 5606 plurimis
3225 5533 3563 5588 diversarum
3600 5531 3829 5600 dignitao

2243 5639 2354 5684 tum
2408 5628 2671 5699 personis.
2735 5628 2929 5684 Actum
2989 5642 3119 5682 sane
3169 5626 3585 5696 quadragesimo
3641 5624 3829 5693 quinto

2243 5739 2383 5779 anno
2413 5720 2563 5791 regni
2595 5720 2787 5789 nostri,
2815 5720 2913 5776 sub
2936 5720 3020 5776 die
3061 5735 3090 5773 v
3121 5718 3242 5775 ldus
3269 5716 3528 5776 Januarii.
