  <div class='ocr_page' id='page_1' title='image "/cluster/home/n/w/nwhite01/storage/ocr_20150623/80/hvd.32044015469422/183.png"; bbox 0 0 4052 6332; ppageno 0'>
   <div class='ocr_carea' id='block_1_1' title="bbox 572 261 676 315">
    <p class='ocr_par' dir='ltr' id='par_1_1' title="bbox 572 261 676 315">
     <span class='ocr_line' id='line_1_1' title="bbox 572 261 676 315; baseline -0.038 0"><span class='ocrx_word' id='word_1_1' title='bbox 572 261 676 315; x_wconf 71' lang='grc'><strong>555</strong></span> 
     </span>
    </p>
   </div>
   <div class='ocr_carea' id='block_1_2' title="bbox 631 394 949 403">
    <p class='ocr_par' dir='ltr' id='par_1_2' title="bbox 631 394 949 403">
     <span class='ocr_line' id='line_1_2' title="bbox 631 394 949 403; baseline 0.003 -2"><span class='ocrx_word' id='word_1_2' title='bbox 631 394 949 403; x_wconf 70' lang='lat'><strong>—————-—_—_</strong></span> 
     </span>
    </p>
   </div>
   <div class='ocr_carea' id='block_1_3' title="bbox 616 433 689 441">
    <p class='ocr_par' dir='ltr' id='par_1_3' title="bbox 616 433 689 441">
     <span class='ocr_line' id='line_1_3' title="bbox 616 433 689 441; baseline 0.027 -2"><span class='ocrx_word' id='word_1_3' title='bbox 616 433 689 441; x_wconf 59' lang='grc' dir='ltr'><strong>υ...</strong></span> 
     </span>
    </p>
   </div>
   <div class='ocr_carea' id='block_1_4' title="bbox 1863 260 2537 318">
    <p class='ocr_par' dir='ltr' id='par_1_4' title="bbox 1863 260 2537 318">
     <span class='ocr_line' id='line_1_4' title="bbox 1863 260 2537 318; baseline 0.003 -5"><span class='ocrx_word' id='word_1_4' title='bbox 1863 261 1983 316; x_wconf 74' lang='grc' dir='ltr'><strong>ΝΟΊ</strong></span> <span class='ocrx_word' id='word_1_5' title='bbox 1998 260 2134 315; x_wconf 74' lang='lat' dir='ltr'><strong>l&#39;l&#39;lA</strong></span> <span class='ocrx_word' id='word_1_6' title='bbox 2179 260 2537 318; x_wconf 73' lang='lat' dir='ltr'><strong>HISTORICA</strong></span> 
     </span>
    </p>
   </div>
   <div class='ocr_carea' id='block_1_5' title="bbox 572 393 3828 450">
    <p class='ocr_par' dir='ltr' id='par_1_5' title="bbox 572 393 3828 450">
     <span class='ocr_line' id='line_1_5' title="bbox 631 393 2276 403; baseline 0.002 -4"><span class='ocrx_word' id='word_1_7' title='bbox 631 393 2276 403; x_wconf 79' lang='lat'><strong>____.._______.__.____________________</strong></span> 
     </span>
     <span class='ocr_line' id='line_1_6' title="bbox 572 393 3828 450; baseline 0.003 -9"><span class='ocrx_word' id='word_1_8' title='bbox 572 393 3828 450; x_wconf 46' lang='lat' dir='ltr'><strong>agamagam</strong></span> 
     </span>
    </p>
   </div>
   <div class='ocr_carea' id='block_1_6' title="bbox 1817 473 2545 520">
    <p class='ocr_par' dir='ltr' id='par_1_6' title="bbox 1817 473 2545 520">
     <span class='ocr_line' id='line_1_7' title="bbox 1817 473 2545 520; baseline -0.001 -3"><span class='ocrx_word' id='word_1_9' title='bbox 1817 473 1988 518; x_wconf 67' lang='lat' dir='ltr'><strong>ANNO</strong></span> <span class='ocrx_word' id='word_1_10' title='bbox 2034 474 2264 518; x_wconf 71' lang='lat' dir='ltr'><strong>DOHINI</strong></span> <span class='ocrx_word' id='word_1_11' title='bbox 2306 473 2545 520; x_wconf 74' lang='grc' dir='ltr'><strong>υςινιι.</strong></span> 
     </span>
    </p>
   </div>
   <div class='ocr_carea' id='block_1_7' title="bbox 774 479 3478 791">
    <p class='ocr_par' dir='ltr' id='par_1_7' title="bbox 774 479 3478 791">
     <span class='ocr_line' id='line_1_8' title="bbox 774 479 3478 791; baseline 0.002 -35"><span class='ocrx_word' id='word_1_12' title='bbox 774 479 3478 791; x_wconf 44' lang='lat' dir='ltr'><strong>SANCTuswiiiiniisnEDIT,</strong></span> 
     </span>
    </p>
   </div>
   <div class='ocr_carea' id='block_1_8' title="bbox 1746 845 2602 907">
    <p class='ocr_par' dir='ltr' id='par_1_8' title="bbox 1746 845 2602 907">
     <span class='ocr_line' id='line_1_9' title="bbox 1746 845 2602 907; baseline 0.002 -2"><span class='ocrx_word' id='word_1_13' title='bbox 1746 845 2123 906; x_wconf 82' lang='lat' dir='ltr'><strong>ROMANUS</strong></span> <span class='ocrx_word' id='word_1_14' title='bbox 2176 845 2602 907; x_wconf 82' lang='lat' dir='ltr'><strong>PONTIFEX.</strong></span> 
     </span>
    </p>
   </div>
   <div class='ocr_carea' id='block_1_9' title="bbox 1056 1020 3336 1105">
    <p class='ocr_par' dir='ltr' id='par_1_9' title="bbox 1056 1020 3336 1105">
     <span class='ocr_line' id='line_1_10' title="bbox 1056 1020 3336 1105; baseline 0.005 -13"><span class='ocrx_word' id='word_1_15' title='bbox 1056 1020 1491 1097; x_wconf 83' lang='lat' dir='ltr'><strong>NOTITIA</strong></span> <span class='ocrx_word' id='word_1_16' title='bbox 1550 1024 2093 1104; x_wconf 78' lang='lat' dir='ltr'><strong>HISTORICA</strong></span> <span class='ocrx_word' id='word_1_17' title='bbox 2156 1030 2261 1105; x_wconf 88' lang='lat' dir='ltr'><strong>IN</strong></span> <span class='ocrx_word' id='word_1_18' title='bbox 2324 1025 2912 1105; x_wconf 85' lang='lat' dir='ltr'><strong>DEUSDEDIT</strong></span> <span class='ocrx_word' id='word_1_19' title='bbox 2972 1026 3336 1103; x_wconf 76' lang='grc' dir='ltr'><strong>ΡΑΡΑΜ.</strong></span> 
     </span>
    </p>
   </div>
   <div class='ocr_carea' id='block_1_10' title="bbox 1626 1182 2803 1279">
    <p class='ocr_par' dir='ltr' id='par_1_10' title="bbox 1626 1182 2803 1279">
     <span class='ocr_line' id='line_1_11' title="bbox 1626 1182 2803 1279; baseline -0.003 -13"><span class='ocrx_word' id='word_1_20' title='bbox 1626 1216 1718 1278; x_wconf 80' lang='lat' dir='ltr'><strong>(Ex</strong></span> <span class='ocrx_word' id='word_1_21' title='bbox 1741 1217 1859 1265; x_wconf 80' lang='lat' dir='ltr'><strong>libro</strong></span> <span class='ocrx_word' id='word_1_22' title='bbox 1884 1182 2265 1268; x_wconf 59' lang='lat' dir='ltr'><strong>Postumii—15d.</strong></span> <span class='ocrx_word' id='word_1_23' title='bbox 2292 1218 2525 1279; x_wconf 81' lang='lat' dir='ltr'><strong>Blaucli.,</strong></span> <span class='ocrx_word' id='word_1_24' title='bbox 2552 1225 2669 1267; x_wconf 87' lang='lat' dir='ltr'><strong>tom.</strong></span> <span class='ocrx_word' id='word_1_25' title='bbox 2698 1215 2803 1276; x_wconf 80' lang='lat' dir='ltr'><strong>Iv.)</strong></span> 
     </span>
    </p>
   </div>
   <div class='ocr_carea' id='block_1_11' title="bbox 635 1380 3831 1452">
    <p class='ocr_par' dir='ltr' id='par_1_11' title="bbox 635 1380 3831 1452">
     <span class='ocr_line' id='line_1_12' title="bbox 635 1380 3831 1452; baseline 0.002 -17"><span class='ocrx_word' id='word_1_26' title='bbox 635 1392 654 1416; x_wconf 80' lang='grc'><strong><em>⁸</em></strong></span> <span class='ocrx_word' id='word_1_27' title='bbox 687 1381 1008 1444; x_wconf 84' lang='lat' dir='ltr'><strong>Deusdedit,</strong></span> <span class='ocrx_word' id='word_1_28' title='bbox 1037 1381 1254 1435; x_wconf 85' lang='lat' dir='ltr'><strong>natione</strong></span> <span class='ocrx_word' id='word_1_29' title='bbox 1316 1382 1610 1447; x_wconf 86' lang='lat' dir='ltr'><strong>Romanus,</strong></span> <span class='ocrx_word' id='word_1_30' title='bbox 1642 1381 1667 1419; x_wconf 72' lang='grc' dir='ltr'>δ</span> <span class='ocrx_word' id='word_1_31' title='bbox 1694 1399 1757 1435; x_wconf 89' lang='lat' dir='ltr'><strong>ex</strong></span> <span class='ocrx_word' id='word_1_32' title='bbox 1804 1393 1954 1452; x_wconf 89' lang='lat' dir='ltr'><strong>patre</strong></span> <span class='ocrx_word' id='word_1_33' title='bbox 2004 1383 2127 1437; x_wconf 84' lang='lat' dir='ltr'><strong>Ste-</strong></span> <span class='ocrx_word' id='word_1_34' title='bbox 2159 1390 2202 1444; x_wconf 80' lang='grc' dir='ltr'><strong>Α</strong></span> <span class='ocrx_word' id='word_1_35' title='bbox 2231 1390 2285 1436; x_wconf 88' lang='lat' dir='ltr'><strong>et</strong></span> <span class='ocrx_word' id='word_1_36' title='bbox 2313 1381 2495 1451; x_wconf 86' lang='lat' dir='ltr'><strong>jndicii</strong></span> <span class='ocrx_word' id='word_1_37' title='bbox 2527 1381 2834 1450; x_wconf 69' lang='lat' dir='ltr'><strong>reipublicm</strong></span> <span class='ocrx_word' id='word_1_38' title='bbox 2878 1380 3091 1435; x_wconf 88' lang='lat' dir='ltr'><strong>fuerant</strong></span> <span class='ocrx_word' id='word_1_39' title='bbox 3134 1384 3299 1436; x_wconf 89' lang='lat' dir='ltr'><strong>misti.</strong></span> <span class='ocrx_word' id='word_1_40' title='bbox 3333 1382 3350 1422; x_wconf 77' lang='grc' dir='ltr'>ῐ</span> <span class='ocrx_word' id='word_1_41' title='bbox 3384 1384 3485 1440; x_wconf 80' lang='lat' dir='ltr'><strong>llic</strong></span> <span class='ocrx_word' id='word_1_42' title='bbox 3514 1387 3667 1440; x_wconf 87' lang='lat' dir='ltr'><strong>venit</strong></span> <span class='ocrx_word' id='word_1_43' title='bbox 3714 1388 3831 1441; x_wconf 76' lang='lat' dir='ltr'><strong>lto-</strong></span> 
     </span>
    </p>
   </div>
   <div class='ocr_carea' id='block_1_12' title="bbox 560 1470 2123 1540">
    <p class='ocr_par' dir='ltr' id='par_1_12' title="bbox 560 1470 2123 1540">
     <span class='ocr_line' id='line_1_13' title="bbox 560 1470 2123 1540; baseline 0.002 -18"><span class='ocrx_word' id='word_1_44' title='bbox 560 1474 739 1540; x_wconf 76' lang='lat' dir='ltr'><strong>pliano</strong></span> <span class='ocrx_word' id='word_1_45' title='bbox 769 1470 1116 1534; x_wconf 87' lang='lat' dir='ltr'><strong>subdiacono,</strong></span> <span class='ocrx_word' id='word_1_46' title='bbox 1155 1482 1175 1507; x_wconf 73' lang='grc' dir='ltr'><strong>ε</strong></span> <span class='ocrx_word' id='word_1_47' title='bbox 1212 1470 1347 1523; x_wconf 90' lang='lat' dir='ltr'><strong>sedit</strong></span> <span class='ocrx_word' id='word_1_48' title='bbox 1395 1486 1563 1524; x_wconf 86' lang='lat' dir='ltr'><strong>annos</strong></span> <span class='ocrx_word' id='word_1_49' title='bbox 1617 1480 1724 1525; x_wconf 87' lang='lat' dir='ltr'><strong>tres</strong></span> <span class='ocrx_word' id='word_1_50' title='bbox 1779 1471 1893 1525; x_wconf 88' lang='lat' dir='ltr'><strong>dies</strong></span> <span class='ocrx_word' id='word_1_51' title='bbox 1940 1472 2123 1539; x_wconf 79' lang='lat' dir='ltr'><strong>viginti</strong></span> 
     </span>
    </p>
   </div>
   <div class='ocr_carea' id='block_1_13' title="bbox 559 1561 2126 1631">
    <p class='ocr_par' dir='ltr' id='par_1_13' title="bbox 559 1561 2126 1631">
     <span class='ocr_line' id='line_1_14' title="bbox 559 1561 2126 1631; baseline 0.001 -18"><span class='ocrx_word' id='word_1_52' title='bbox 559 1579 629 1631; x_wconf 87' lang='lat' dir='ltr'><strong>qu</strong></span> <span class='ocrx_word' id='word_1_53' title='bbox 653 1572 812 1615; x_wconf 60' lang='lat' dir='ltr'><strong>rtuor.</strong></span> <span class='ocrx_word' id='word_1_54' title='bbox 845 1561 944 1615; x_wconf 82' lang='lat' dir='ltr'><strong>Hic</strong></span> <span class='ocrx_word' id='word_1_55' title='bbox 992 1562 1193 1616; x_wconf 90' lang='lat' dir='ltr'><strong>clerum</strong></span> <span class='ocrx_word' id='word_1_56' title='bbox 1245 1562 1466 1615; x_wconf 88' lang='lat' dir='ltr'><strong>multum</strong></span> <span class='ocrx_word' id='word_1_57' title='bbox 1495 1563 1707 1623; x_wconf 78' lang='lat' dir='ltr'><strong>dilexit,</strong></span> <span class='ocrx_word' id='word_1_58' title='bbox 1742 1565 2043 1618; x_wconf 86' lang='lat' dir='ltr'><strong>sacerdotes</strong></span> <span class='ocrx_word' id='word_1_59' title='bbox 2072 1571 2126 1615; x_wconf 88' lang='lat' dir='ltr'><strong>et</strong></span> 
     </span>
    </p>
   </div>
   <div class='ocr_carea' id='block_1_14' title="bbox 558 1648 2125 1718">
    <p class='ocr_par' dir='ltr' id='par_1_14' title="bbox 558 1648 2125 1718">
     <span class='ocr_line' id='line_1_15' title="bbox 558 1648 2125 1718; baseline 0 -16"><span class='ocrx_word' id='word_1_60' title='bbox 558 1652 758 1704; x_wconf 82' lang='lat' dir='ltr'><strong>clerum</strong></span> <span class='ocrx_word' id='word_1_61' title='bbox 789 1649 855 1702; x_wconf 92' lang='lat' dir='ltr'><strong>ad</strong></span> <span class='ocrx_word' id='word_1_62' title='bbox 887 1650 1001 1703; x_wconf 90' lang='lat' dir='ltr'><strong>loca</strong></span> <span class='ocrx_word' id='word_1_63' title='bbox 1032 1649 1253 1717; x_wconf 89' lang='lat' dir='ltr'><strong>pristina</strong></span> <span class='ocrx_word' id='word_1_64' title='bbox 1284 1651 1571 1702; x_wconf 81' lang='lat' dir='ltr'><strong>revocavit.</strong></span> <span class='ocrx_word' id='word_1_65' title='bbox 1630 1648 1825 1702; x_wconf 88' lang='lat' dir='ltr'><strong>Eodem</strong></span> <span class='ocrx_word' id='word_1_66' title='bbox 1884 1658 2125 1718; x_wconf 86' lang='lat' dir='ltr'><strong>tempore</strong></span> 
     </span>
    </p>
   </div>
   <div class='ocr_carea' id='block_1_15' title="bbox 559 1737 2124 1805">
    <p class='ocr_par' dir='ltr' id='par_1_15' title="bbox 559 1737 2124 1805">
     <span class='ocr_line' id='line_1_16' title="bbox 559 1737 2124 1805; baseline -0.002 -14"><span class='ocrx_word' id='word_1_67' title='bbox 559 1737 583 1775; x_wconf 76' lang='grc' dir='ltr'>ἀ</span> <span class='ocrx_word' id='word_1_68' title='bbox 616 1740 835 1793; x_wconf 84' lang='lat' dir='ltr'><strong>veniens</strong></span> <span class='ocrx_word' id='word_1_69' title='bbox 865 1747 889 1774; x_wconf 83' lang='lat'><strong><em>°</em></strong></span> <span class='ocrx_word' id='word_1_70' title='bbox 914 1737 1249 1790; x_wconf 79' lang='lat' dir='ltr'><strong>Eleutlierius</strong></span> <span class='ocrx_word' id='word_1_71' title='bbox 1289 1738 1541 1805; x_wconf 85' lang='lat' dir='ltr'><strong>patricius</strong></span> <span class='ocrx_word' id='word_1_72' title='bbox 1556 1746 1608 1789; x_wconf 83' lang='lat' dir='ltr'><strong>et</strong></span> <span class='ocrx_word' id='word_1_73' title='bbox 1637 1737 1995 1791; x_wconf 80' lang='lat' dir='ltr'><strong>cubicularius</strong></span> <span class='ocrx_word' id='word_1_74' title='bbox 2025 1738 2124 1789; x_wconf 74' lang='lat' dir='ltr'><strong>[ta-</strong></span> 
     </span>
    </p>
   </div>
   <div class='ocr_carea' id='block_1_16' title="bbox 568 1824 2123 1897">
    <p class='ocr_par' dir='ltr' id='par_1_16' title="bbox 568 1824 2123 1897">
     <span class='ocr_line' id='line_1_17' title="bbox 568 1824 2123 1897; baseline -0.002 -15"><span class='ocrx_word' id='word_1_75' title='bbox 568 1844 814 1890; x_wconf 83' lang='lat' dir='ltr'><strong>venuam,</strong></span> <span class='ocrx_word' id='word_1_76' title='bbox 844 1827 1037 1897; x_wconf 67' lang='lat' dir='ltr'><strong>occidit</strong></span> <span class='ocrx_word' id='word_1_77' title='bbox 1067 1841 1253 1880; x_wconf 85' lang='lat' dir='ltr'><strong>omnes</strong></span> <span class='ocrx_word' id='word_1_78' title='bbox 1280 1826 1369 1895; x_wconf 89' lang='lat' dir='ltr'><strong>qui</strong></span> <span class='ocrx_word' id='word_1_79' title='bbox 1395 1827 1447 1880; x_wconf 93' lang='lat' dir='ltr'><strong>in</strong></span> <span class='ocrx_word' id='word_1_80' title='bbox 1478 1841 1608 1880; x_wconf 85' lang='lat' dir='ltr'><strong>nece</strong></span> <span class='ocrx_word' id='word_1_81' title='bbox 1636 1824 1856 1879; x_wconf 82' lang='lat' dir='ltr'><strong>Joannis</strong></span> <span class='ocrx_word' id='word_1_82' title='bbox 1886 1827 2123 1889; x_wconf 87' lang='lat' dir='ltr'><strong>exarehi,</strong></span> 
     </span>
    </p>
   </div>
   <div class='ocr_carea' id='block_1_17' title="bbox 629 1959 2129 2027">
    <p class='ocr_par' dir='ltr' id='par_1_17' title="bbox 629 1959 2129 2027">
     <span class='ocr_line' id='line_1_18' title="bbox 629 1959 2129 2027; baseline -0.001 -13"><span class='ocrx_word' id='word_1_83' title='bbox 629 1974 650 1999; x_wconf 76' lang='grc' dir='ltr'><strong>ι·</strong></span> <span class='ocrx_word' id='word_1_84' title='bbox 686 1961 987 2015; x_wconf 78' lang='lat' dir='ltr'><strong>Deusdedit.</strong></span> <span class='ocrx_word' id='word_1_85' title='bbox 1017 1991 1088 2002; x_wconf 87' lang='grc'><strong><em>--</em></strong></span> <span class='ocrx_word' id='word_1_86' title='bbox 1139 1959 1189 2012; x_wconf 77' lang='grc'><strong>1.</strong></span> <span class='ocrx_word' id='word_1_87' title='bbox 1220 1960 1353 2013; x_wconf 85' lang='lat' dir='ltr'><strong>Cum</strong></span> <span class='ocrx_word' id='word_1_88' title='bbox 1377 1969 1500 2027; x_wconf 90' lang='lat' dir='ltr'><strong>post</strong></span> <span class='ocrx_word' id='word_1_89' title='bbox 1528 1962 1730 2014; x_wconf 80' lang='lat' dir='ltr'><strong>obitum</strong></span> <span class='ocrx_word' id='word_1_90' title='bbox 1776 1960 2034 2014; x_wconf 86' lang='lat' dir='ltr'><strong>Bonifacii</strong></span> <span class='ocrx_word' id='word_1_91' title='bbox 2064 1959 2129 2013; x_wconf 85' lang='lat' dir='ltr'><strong>IV</strong></span> 
     </span>
    </p>
   </div>
   <div class='ocr_carea' id='block_1_18' title="bbox 556 2030 2126 2101">
    <p class='ocr_par' dir='ltr' id='par_1_18' title="bbox 556 2030 2126 2101">
     <span class='ocr_line' id='line_1_19' title="bbox 556 2030 2126 2101; baseline 0 -18"><span class='ocrx_word' id='word_1_92' title='bbox 556 2035 713 2089; x_wconf 73' lang='lat' dir='ltr'><strong>sedes</strong></span> <span class='ocrx_word' id='word_1_93' title='bbox 742 2031 1034 2101; x_wconf 86' lang='lat' dir='ltr'><strong>apostolica</strong></span> <span class='ocrx_word' id='word_1_94' title='bbox 1064 2030 1335 2101; x_wconf 76' lang='lat' dir='ltr'><strong>mensibus</strong></span> <span class='ocrx_word' id='word_1_95' title='bbox 1360 2032 1594 2101; x_wconf 86' lang='lat' dir='ltr'><strong>quinque</strong></span> <span class='ocrx_word' id='word_1_96' title='bbox 1624 2030 1979 2083; x_wconf 71' lang='lat' dir='ltr'><strong>ctduodccim</strong></span> <span class='ocrx_word' id='word_1_97' title='bbox 2011 2030 2126 2083; x_wconf 83' lang='lat' dir='ltr'><strong>die-</strong></span> 
     </span>
    </p>
   </div>
   <div class='ocr_carea' id='block_1_19' title="bbox 559 2100 2128 2166">
    <p class='ocr_par' dir='ltr' id='par_1_19' title="bbox 559 2100 2128 2166">
     <span class='ocr_line' id='line_1_20' title="bbox 559 2100 2128 2166; baseline -0.003 -8"><span class='ocrx_word' id='word_1_98' title='bbox 559 2107 655 2158; x_wconf 85' lang='lat' dir='ltr'><strong>bus</strong></span> <span class='ocrx_word' id='word_1_99' title='bbox 686 2100 959 2160; x_wconf 81' lang='lat' dir='ltr'><strong>vacasset,</strong></span> <span class='ocrx_word' id='word_1_100' title='bbox 990 2100 1277 2152; x_wconf 82' lang='lat' dir='ltr'><strong>Deusdedit</strong></span> <span class='ocrx_word' id='word_1_101' title='bbox 1323 2100 1549 2166; x_wconf 78' lang='lat' dir='ltr'><strong>egregiis</strong></span> <span class='ocrx_word' id='word_1_102' title='bbox 1604 2100 1888 2152; x_wconf 76' lang='lat' dir='ltr'><strong>virtutibus</strong></span> <span class='ocrx_word' id='word_1_103' title='bbox 1918 2109 1972 2153; x_wconf 88' lang='lat' dir='ltr'><strong>et</strong></span> <span class='ocrx_word' id='word_1_104' title='bbox 2002 2114 2128 2154; x_wconf 88' lang='lat' dir='ltr'><strong>san-</strong></span> 
     </span>
    </p>
   </div>
   <div class='ocr_carea' id='block_1_20' title="bbox 558 2169 2128 2237">
    <p class='ocr_par' dir='ltr' id='par_1_20' title="bbox 558 2169 2128 2237">
     <span class='ocr_line' id='line_1_21' title="bbox 558 2169 2128 2237; baseline -0.001 -13"><span class='ocrx_word' id='word_1_105' title='bbox 558 2174 743 2226; x_wconf 79' lang='lat' dir='ltr'><strong>ctitate</strong></span> <span class='ocrx_word' id='word_1_106' title='bbox 771 2172 1092 2237; x_wconf 77' lang='lat' dir='ltr'><strong>conspicuus</strong></span> <span class='ocrx_word' id='word_1_107' title='bbox 1120 2177 1331 2237; x_wconf 82' lang='lat' dir='ltr'><strong>creatus</strong></span> <span class='ocrx_word' id='word_1_108' title='bbox 1382 2177 1462 2237; x_wconf 85' lang='lat' dir='ltr'><strong>est</strong></span> <span class='ocrx_word' id='word_1_109' title='bbox 1492 2170 1753 2237; x_wconf 74' lang='lat' dir='ltr'><strong>pontifex.</strong></span> <span class='ocrx_word' id='word_1_110' title='bbox 1788 2169 1862 2221; x_wconf 90' lang='lat' dir='ltr'><strong>De</strong></span> <span class='ocrx_word' id='word_1_111' title='bbox 1894 2169 1995 2222; x_wconf 85' lang='lat' dir='ltr'><strong>hoc</strong></span> <span class='ocrx_word' id='word_1_112' title='bbox 2027 2185 2128 2237; x_wconf 91' lang='lat' dir='ltr'><strong>pu-</strong></span> 
     </span>
    </p>
   </div>
   <div class='ocr_carea' id='block_1_21' title="bbox 561 2236 2127 2296">
    <p class='ocr_par' dir='ltr' id='par_1_21' title="bbox 561 2236 2127 2296">
     <span class='ocr_line' id='line_1_22' title="bbox 561 2236 2127 2296; baseline -0.001 -2"><span class='ocrx_word' id='word_1_113' title='bbox 561 2245 697 2296; x_wconf 83' lang='lat' dir='ltr'><strong>blice</strong></span> <span class='ocrx_word' id='word_1_114' title='bbox 725 2236 1004 2294; x_wconf 74' lang='lat' dir='ltr'><strong>constatur</strong></span> <span class='ocrx_word' id='word_1_115' title='bbox 1056 2241 1107 2290; x_wconf 90' lang='lat' dir='ltr'><strong>in</strong></span> <span class='ocrx_word' id='word_1_116' title='bbox 1149 2236 1383 2292; x_wconf 68' lang='lat' dir='ltr'><strong>Ecclesia</strong></span> <span class='ocrx_word' id='word_1_117' title='bbox 1442 2236 1475 2288; x_wconf 86' lang='lat'><strong>3</strong></span> <span class='ocrx_word' id='word_1_118' title='bbox 1527 2239 1612 2291; x_wconf 88' lang='lat' dir='ltr'><strong>die</strong></span> <span class='ocrx_word' id='word_1_119' title='bbox 1660 2239 1975 2291; x_wconf 71' lang='lat' dir='ltr'><strong>Novembris</strong></span> <span class='ocrx_word' id='word_1_120' title='bbox 2005 2236 2127 2293; x_wconf 84' lang='lat' dir='ltr'><strong>eum</strong></span> 
     </span>
    </p>
   </div>
   <div class='ocr_carea' id='block_1_22' title="bbox 562 2308 2124 2377">
    <p class='ocr_par' dir='ltr' id='par_1_22' title="bbox 562 2308 2124 2377">
     <span class='ocr_line' id='line_1_23' title="bbox 562 2308 2124 2377; baseline -0.003 -11"><span class='ocrx_word' id='word_1_121' title='bbox 562 2312 694 2365; x_wconf 89' lang='lat' dir='ltr'><strong>tanti</strong></span> <span class='ocrx_word' id='word_1_122' title='bbox 724 2309 895 2362; x_wconf 86' lang='lat' dir='ltr'><strong>meriti</strong></span> <span class='ocrx_word' id='word_1_123' title='bbox 927 2308 1195 2362; x_wconf 62' lang='lat' dir='ltr'><strong>exstitisse</strong></span> <span class='ocrx_word' id='word_1_124' title='bbox 1223 2309 1364 2376; x_wconf 91' lang='lat' dir='ltr'><strong>quod</strong></span> <span class='ocrx_word' id='word_1_125' title='bbox 1410 2322 1533 2360; x_wconf 92' lang='lat' dir='ltr'><strong>cum</strong></span> <span class='ocrx_word' id='word_1_126' title='bbox 1586 2308 1824 2361; x_wconf 87' lang='lat' dir='ltr'><strong>visitaret</strong></span> <span class='ocrx_word' id='word_1_127' title='bbox 1874 2318 2124 2377; x_wconf 73' lang='lat' dir='ltr'><strong>:cgrotos,</strong></span> 
     </span>
    </p>
   </div>
   <div class='ocr_carea' id='block_1_23' title="bbox 563 2377 2124 2447">
    <p class='ocr_par' dir='ltr' id='par_1_23' title="bbox 563 2377 2124 2447">
     <span class='ocr_line' id='line_1_24' title="bbox 563 2377 2124 2447; baseline -0.003 -12"><span class='ocrx_word' id='word_1_128' title='bbox 563 2385 833 2447; x_wconf 56' lang='lat' dir='ltr'><strong>leprosum</strong></span> <span class='ocrx_word' id='word_1_129' title='bbox 871 2393 1031 2430; x_wconf 91' lang='lat' dir='ltr'><strong>unum</strong></span> <span class='ocrx_word' id='word_1_130' title='bbox 1063 2377 1245 2430; x_wconf 89' lang='lat' dir='ltr'><strong>osculo</strong></span> <span class='ocrx_word' id='word_1_131' title='bbox 1276 2377 1545 2430; x_wconf 82' lang='lat' dir='ltr'><strong>sanaverit</strong></span> <span class='ocrx_word' id='word_1_132' title='bbox 1568 2384 1622 2431; x_wconf 89' lang='lat' dir='ltr'><strong>et</strong></span> <span class='ocrx_word' id='word_1_133' title='bbox 1644 2392 1672 2430; x_wconf 88' lang='lat' dir='ltr'><strong>a</strong></span> <span class='ocrx_word' id='word_1_134' title='bbox 1698 2377 1845 2447; x_wconf 82' lang='lat' dir='ltr'><strong>lepra</strong></span> <span class='ocrx_word' id='word_1_135' title='bbox 1870 2377 2124 2431; x_wconf 86' lang='lat' dir='ltr'><strong>mundum</strong></span> 
     </span>
    </p>
   </div>
   <div class='ocr_carea' id='block_1_24' title="bbox 562 2447 1099 2504">
    <p class='ocr_par' dir='ltr' id='par_1_24' title="bbox 562 2447 1099 2504">
     <span class='ocr_line' id='line_1_25' title="bbox 562 2447 1099 2504; baseline -0.013 0"><span class='ocrx_word' id='word_1_136' title='bbox 562 2449 869 2504; x_wconf 79' lang='lat' dir='ltr'><strong>reddiderit.</strong></span> <span class='ocrx_word' id='word_1_137' title='bbox 905 2447 1099 2500; x_wconf 76' lang='lat' dir='ltr'><strong>Btmus.</strong></span> 
     </span>
    </p>
   </div>
   <div class='ocr_carea' id='block_1_25' title="bbox 628 2515 2122 2580">
    <p class='ocr_par' dir='ltr' id='par_1_25' title="bbox 628 2515 2122 2580">
     <span class='ocr_line' id='line_1_26' title="bbox 628 2515 2122 2580; baseline -0.001 -10"><span class='ocrx_word' id='word_1_138' title='bbox 628 2550 631 2553; x_wconf 98' lang='lat'><strong><em>-</em></strong></span> <span class='ocrx_word' id='word_1_139' title='bbox 662 2547 700 2556; x_wconf 92' lang='lat'><strong>-</strong></span> <span class='ocrx_word' id='word_1_140' title='bbox 725 2518 779 2570; x_wconf 71' lang='grc'><strong>2.</strong></span> <span class='ocrx_word' id='word_1_141' title='bbox 812 2516 1175 2580; x_wconf 80' lang='lat' dir='ltr'><strong>Clironolngia</strong></span> <span class='ocrx_word' id='word_1_142' title='bbox 1220 2515 1457 2568; x_wconf 80' lang='lat' dir='ltr'><strong>Fabrotti</strong></span> <span class='ocrx_word' id='word_1_143' title='bbox 1492 2533 1504 2568; x_wconf 91' lang='lat'>:</span> <span class='ocrx_word' id='word_1_144' title='bbox 1538 2515 1761 2570; x_wconf 87' lang='lat' dir='ltr'><strong>Sanctus</strong></span> <span class='ocrx_word' id='word_1_145' title='bbox 1810 2516 2122 2579; x_wconf 79' lang='lat' dir='ltr'><strong>Deusdedit,</strong></span> 
     </span>
    </p>
   </div>
   <div class='ocr_carea' id='block_1_26' title="bbox 558 2584 1821 2653">
    <p class='ocr_par' dir='ltr' id='par_1_26' title="bbox 558 2584 1821 2653">
     <span class='ocr_line' id='line_1_27' title="bbox 558 2584 1821 2653; baseline -0.002 -11"><span class='ocrx_word' id='word_1_146' title='bbox 558 2607 696 2642; x_wconf 87' lang='lat' dir='ltr'><strong>anno</strong></span> <span class='ocrx_word' id='word_1_147' title='bbox 726 2587 915 2640; x_wconf 73' lang='lat' dir='ltr'><strong>Christi</strong></span> <span class='ocrx_word' id='word_1_148' title='bbox 947 2585 1070 2648; x_wconf 74' lang='lat' dir='ltr'><strong>6M,</strong></span> <span class='ocrx_word' id='word_1_149' title='bbox 1105 2584 1334 2637; x_wconf 83' lang='lat' dir='ltr'><strong>Heraclii</strong></span> <span class='ocrx_word' id='word_1_150' title='bbox 1354 2586 1478 2653; x_wconf 89' lang='lat' dir='ltr'><strong>imp.</strong></span> <span class='ocrx_word' id='word_1_151' title='bbox 1504 2587 1555 2639; x_wconf 84' lang='lat'><strong>5.</strong></span> <span class='ocrx_word' id='word_1_152' title='bbox 1590 2586 1821 2639; x_wconf 66' lang='lat' dir='ltr'><strong>BLANCH.</strong></span> 
     </span>
    </p>
   </div>
   <div class='ocr_carea' id='block_1_27' title="bbox 625 2655 2127 2723">
    <p class='ocr_par' dir='ltr' id='par_1_27' title="bbox 625 2655 2127 2723">
     <span class='ocr_line' id='line_1_28' title="bbox 625 2655 2127 2723; baseline -0.001 -14"><span class='ocrx_word' id='word_1_153' title='bbox 625 2691 698 2701; x_wconf 89' lang='lat'><strong><em>—</em></strong></span> <span class='ocrx_word' id='word_1_154' title='bbox 726 2657 777 2710; x_wconf 82' lang='grc'><strong>5.</strong></span> <span class='ocrx_word' id='word_1_155' title='bbox 812 2657 1127 2723; x_wconf 81' lang='lat' dir='ltr'><strong>Quanquam</strong></span> <span class='ocrx_word' id='word_1_156' title='bbox 1168 2655 1363 2719; x_wconf 73' lang='lat' dir='ltr'><strong>vulgati</strong></span> <span class='ocrx_word' id='word_1_157' title='bbox 1420 2655 1687 2709; x_wconf 81' lang='lat' dir='ltr'><strong>Anastasii</strong></span> <span class='ocrx_word' id='word_1_158' title='bbox 1717 2656 1884 2708; x_wconf 73' lang='lat' dir='ltr'><strong>tiodd.</strong></span> <span class='ocrx_word' id='word_1_159' title='bbox 1931 2655 2127 2708; x_wconf 90' lang='lat' dir='ltr'><strong>nullam</strong></span> 
     </span>
    </p>
   </div>
   <div class='ocr_carea' id='block_1_28' title="bbox 554 2724 2125 2790">
    <p class='ocr_par' dir='ltr' id='par_1_28' title="bbox 554 2724 2125 2790">
     <span class='ocr_line' id='line_1_29' title="bbox 554 2724 2125 2790; baseline -0.003 -7"><span class='ocrx_word' id='word_1_160' title='bbox 554 2731 698 2783; x_wconf 82' lang='lat' dir='ltr'><strong>sedis</strong></span> <span class='ocrx_word' id='word_1_161' title='bbox 755 2726 1088 2780; x_wconf 50' lang='lat' dir='ltr'><strong>vavationem</strong></span> <span class='ocrx_word' id='word_1_162' title='bbox 1146 2724 1419 2781; x_wconf 84' lang='lat' dir='ltr'><strong>exhibent.</strong></span> <span class='ocrx_word' id='word_1_163' title='bbox 1479 2725 1622 2790; x_wconf 87' lang='lat' dir='ltr'><strong>quod</strong></span> <span class='ocrx_word' id='word_1_164' title='bbox 1676 2733 1730 2777; x_wconf 89' lang='lat' dir='ltr'><strong>et</strong></span> <span class='ocrx_word' id='word_1_165' title='bbox 1781 2724 1904 2777; x_wconf 87' lang='lat' dir='ltr'><strong>facit</strong></span> <span class='ocrx_word' id='word_1_166' title='bbox 1953 2724 2125 2779; x_wconf 88' lang='lat' dir='ltr'><strong>Catal.</strong></span> 
     </span>
    </p>
   </div>
   <div class='ocr_carea' id='block_1_29' title="bbox 556 2793 2127 2864">
    <p class='ocr_par' dir='ltr' id='par_1_29' title="bbox 556 2793 2127 2864">
     <span class='ocr_line' id='line_1_30' title="bbox 556 2793 2127 2864; baseline -0.004 -12"><span class='ocrx_word' id='word_1_167' title='bbox 556 2797 832 2862; x_wconf 88' lang='lat' dir='ltr'><strong>Lucensis,</strong></span> <span class='ocrx_word' id='word_1_168' title='bbox 884 2796 1087 2864; x_wconf 78' lang='lat' dir='ltr'><strong>primus</strong></span> <span class='ocrx_word' id='word_1_169' title='bbox 1147 2804 1322 2864; x_wconf 85' lang='lat' dir='ltr'><strong>tamen</strong></span> <span class='ocrx_word' id='word_1_170' title='bbox 1378 2793 1731 2847; x_wconf 83' lang='lat' dir='ltr'><strong>Freberianus</strong></span> <span class='ocrx_word' id='word_1_171' title='bbox 1779 2795 1937 2847; x_wconf 80' lang='lat' dir='ltr'><strong>habet</strong></span> <span class='ocrx_word' id='word_1_172' title='bbox 1980 2810 2127 2850; x_wconf 88' lang='lat' dir='ltr'><strong>men-</strong></span> 
     </span>
    </p>
   </div>
   <div class='ocr_carea' id='block_1_30' title="bbox 553 2863 2126 2931">
    <p class='ocr_par' dir='ltr' id='par_1_30' title="bbox 553 2863 2126 2931">
     <span class='ocr_line' id='line_1_31' title="bbox 553 2863 2126 2931; baseline -0.003 -8"><span class='ocrx_word' id='word_1_173' title='bbox 553 2884 641 2923; x_wconf 85' lang='lat' dir='ltr'><strong>ses</strong></span> <span class='ocrx_word' id='word_1_174' title='bbox 667 2884 740 2931; x_wconf 87' lang='lat' dir='ltr'><strong>vt,</strong></span> <span class='ocrx_word' id='word_1_175' title='bbox 763 2866 814 2919; x_wconf 91' lang='lat' dir='ltr'><strong>d.</strong></span> <span class='ocrx_word' id='word_1_176' title='bbox 849 2863 899 2918; x_wconf 73' lang='lat' dir='ltr'><strong>v.</strong></span> <span class='ocrx_word' id='word_1_177' title='bbox 930 2863 1184 2917; x_wconf 83' lang='lat' dir='ltr'><strong>Tliuanus</strong></span> <span class='ocrx_word' id='word_1_178' title='bbox 1240 2863 1391 2924; x_wconf 76' lang='lat' dir='ltr'><strong>alter,</strong></span> <span class='ocrx_word' id='word_1_179' title='bbox 1452 2880 1620 2918; x_wconf 89' lang='lat' dir='ltr'><strong>mens.</strong></span> <span class='ocrx_word' id='word_1_180' title='bbox 1646 2880 1717 2928; x_wconf 82' lang='lat' dir='ltr'><strong>vi,</strong></span> <span class='ocrx_word' id='word_1_181' title='bbox 1745 2864 1796 2916; x_wconf 91' lang='lat' dir='ltr'><strong>d.</strong></span> <span class='ocrx_word' id='word_1_182' title='bbox 1829 2880 1950 2918; x_wconf 90' lang='lat' dir='ltr'><strong>xxv.</strong></span> <span class='ocrx_word' id='word_1_183' title='bbox 1979 2864 2126 2929; x_wconf 87' lang='lat' dir='ltr'><strong>Quo-</strong></span> 
     </span>
    </p>
   </div>
   <div class='ocr_carea' id='block_1_31' title="bbox 557 2932 2128 3004">
    <p class='ocr_par' dir='ltr' id='par_1_31' title="bbox 557 2932 2128 3004">
     <span class='ocr_line' id='line_1_32' title="bbox 557 2932 2128 3004; baseline 0 -15"><span class='ocrx_word' id='word_1_184' title='bbox 557 2954 679 2991; x_wconf 87' lang='lat' dir='ltr'><strong>cum</strong></span> <span class='ocrx_word' id='word_1_185' title='bbox 711 2932 1534 3004; x_wconf 78' lang='lat' dir='ltr'><strong>Membranacen—Ambrosianus</strong></span> <span class='ocrx_word' id='word_1_186' title='bbox 1564 2934 2128 3004; x_wconf 77' lang='lat' dir='ltr'><strong>consentitregiusque</strong></span> 
     </span>
    </p>
   </div>
   <div class='ocr_carea' id='block_1_32' title="bbox 559 3002 2126 3069">
    <p class='ocr_par' dir='ltr' id='par_1_32' title="bbox 559 3002 2126 3069">
     <span class='ocr_line' id='line_1_33' title="bbox 559 3002 2126 3069; baseline -0.001 -10"><span class='ocrx_word' id='word_1_187' title='bbox 559 3007 881 3068; x_wconf 76' lang='lat' dir='ltr'><strong>Mazarinus,</strong></span> <span class='ocrx_word' id='word_1_188' title='bbox 914 3013 969 3057; x_wconf 89' lang='lat' dir='ltr'><strong>et</strong></span> <span class='ocrx_word' id='word_1_189' title='bbox 994 3002 1251 3055; x_wconf 88' lang='lat' dir='ltr'><strong>Tbuanus</strong></span> <span class='ocrx_word' id='word_1_190' title='bbox 1288 3006 1489 3069; x_wconf 88' lang='lat' dir='ltr'><strong>primus</strong></span> <span class='ocrx_word' id='word_1_191' title='bbox 1516 3018 1578 3057; x_wconf 90' lang='lat' dir='ltr'><strong>ac</strong></span> <span class='ocrx_word' id='word_1_192' title='bbox 1605 3004 1869 3057; x_wconf 79' lang='lat' dir='ltr'><strong>secundus</strong></span> <span class='ocrx_word' id='word_1_193' title='bbox 1899 3002 2126 3058; x_wconf 81' lang='lat' dir='ltr'><strong>Ambro—</strong></span> 
     </span>
    </p>
   </div>
   <div class='ocr_carea' id='block_1_33' title="bbox 556 3072 2123 3135">
    <p class='ocr_par' dir='ltr' id='par_1_33' title="bbox 556 3072 2123 3135">
     <span class='ocr_line' id='line_1_34' title="bbox 556 3072 2123 3135; baseline -0.001 -6"><span class='ocrx_word' id='word_1_194' title='bbox 556 3078 734 3129; x_wconf 81' lang='lat' dir='ltr'><strong>sianus</strong></span> <span class='ocrx_word' id='word_1_195' title='bbox 761 3074 957 3128; x_wconf 89' lang='lat' dir='ltr'><strong>habent</strong></span> <span class='ocrx_word' id='word_1_196' title='bbox 997 3088 1323 3135; x_wconf 69' lang='lat' dir='ltr'><strong>menses&#39;vu,</strong></span> <span class='ocrx_word' id='word_1_197' title='bbox 1352 3074 1405 3125; x_wconf 92' lang='lat' dir='ltr'><strong>d.</strong></span> <span class='ocrx_word' id='word_1_198' title='bbox 1441 3088 1564 3127; x_wconf 83' lang='lat' dir='ltr'><strong>xxv.</strong></span> <span class='ocrx_word' id='word_1_199' title='bbox 1615 3072 1881 3127; x_wconf 87' lang='lat' dir='ltr'><strong>Farfensis</strong></span> <span class='ocrx_word' id='word_1_200' title='bbox 1910 3072 2123 3128; x_wconf 89' lang='lat' dir='ltr'><strong>demum</strong></span> 
     </span>
    </p>
   </div>
   <div class='ocr_carea' id='block_1_34' title="bbox 553 3142 2126 3211">
    <p class='ocr_par' dir='ltr' id='par_1_34' title="bbox 553 3142 2126 3211">
     <span class='ocr_line' id='line_1_35' title="bbox 553 3142 2126 3211; baseline -0.001 -11"><span class='ocrx_word' id='word_1_201' title='bbox 553 3148 829 3211; x_wconf 79' lang='lat' dir='ltr'><strong>catalogus</strong></span> <span class='ocrx_word' id='word_1_202' title='bbox 847 3142 1320 3209; x_wconf 87' lang='lat' dir='ltr'><strong>iuterpontiticium</strong></span> <span class='ocrx_word' id='word_1_203' title='bbox 1340 3142 1536 3195; x_wconf 86' lang='lat' dir='ltr'><strong>indicat</strong></span> <span class='ocrx_word' id='word_1_204' title='bbox 1550 3144 1752 3196; x_wconf 89' lang='lat' dir='ltr'><strong>dierum</strong></span> <span class='ocrx_word' id='word_1_205' title='bbox 1770 3158 1859 3196; x_wconf 83' lang='lat' dir='ltr'><strong>xm</strong></span> <span class='ocrx_word' id='word_1_206' title='bbox 1878 3154 1982 3196; x_wconf 89' lang='lat' dir='ltr'><strong>tam</strong></span> <span class='ocrx_word' id='word_1_207' title='bbox 2007 3154 2126 3211; x_wconf 90' lang='lat' dir='ltr'><strong>post</strong></span> 
     </span>
    </p>
   </div>
   <div class='ocr_carea' id='block_1_35' title="bbox 556 3212 2125 3282">
    <p class='ocr_par' dir='ltr' id='par_1_35' title="bbox 556 3212 2125 3282">
     <span class='ocr_line' id='line_1_36' title="bbox 556 3212 2125 3282; baseline -0.001 -15"><span class='ocrx_word' id='word_1_208' title='bbox 556 3214 730 3268; x_wconf 79' lang='lat' dir='ltr'><strong>Bonif.</strong></span> <span class='ocrx_word' id='word_1_209' title='bbox 757 3213 820 3266; x_wconf 88' lang='lat' dir='ltr'><strong>IV</strong></span> <span class='ocrx_word' id='word_1_210' title='bbox 843 3228 1000 3282; x_wconf 90' lang='lat' dir='ltr'><strong>quam</strong></span> <span class='ocrx_word' id='word_1_211' title='bbox 1035 3222 1154 3280; x_wconf 89' lang='lat' dir='ltr'><strong>post</strong></span> <span class='ocrx_word' id='word_1_212' title='bbox 1198 3212 1335 3265; x_wconf 88' lang='lat' dir='ltr'><strong>duos</strong></span> <span class='ocrx_word' id='word_1_213' title='bbox 1381 3227 1717 3266; x_wconf 69' lang='lat' dir='ltr'><strong>successores</strong></span> <span class='ocrx_word' id='word_1_214' title='bbox 1749 3212 2043 3266; x_wconf 84' lang='lat' dir='ltr'><strong>Deusdedit</strong></span> <span class='ocrx_word' id='word_1_215' title='bbox 2071 3224 2125 3267; x_wconf 88' lang='lat' dir='ltr'><strong>et</strong></span> 
     </span>
    </p>
   </div>
   <div class='ocr_carea' id='block_1_36' title="bbox 554 3282 2125 3351">
    <p class='ocr_par' dir='ltr' id='par_1_36' title="bbox 554 3282 2125 3351">
     <span class='ocr_line' id='line_1_37' title="bbox 554 3282 2125 3351; baseline 0.001 -15"><span class='ocrx_word' id='word_1_216' title='bbox 554 3284 905 3342; x_wconf 80' lang='lat' dir='ltr'><strong>Bonifaciuin,</strong></span> <span class='ocrx_word' id='word_1_217' title='bbox 933 3282 1127 3349; x_wconf 90' lang='lat' dir='ltr'><strong>ubique</strong></span> <span class='ocrx_word' id='word_1_218' title='bbox 1151 3297 1428 3349; x_wconf 82' lang='lat' dir='ltr'><strong>perperam</strong></span> <span class='ocrx_word' id='word_1_219' title='bbox 1458 3283 1711 3351; x_wconf 73' lang='lat' dir='ltr'><strong>gravique</strong></span> <span class='ocrx_word' id='word_1_220' title='bbox 1740 3298 1862 3337; x_wconf 92' lang='lat' dir='ltr'><strong>cum</strong></span> <span class='ocrx_word' id='word_1_221' title='bbox 1892 3285 2125 3338; x_wconf 85' lang='lat' dir='ltr'><strong>chrono-</strong></span> 
     </span>
    </p>
   </div>
   <div class='ocr_carea' id='block_1_37' title="bbox 557 3351 2124 3420">
    <p class='ocr_par' dir='ltr' id='par_1_37' title="bbox 557 3351 2124 3420">
     <span class='ocr_line' id='line_1_38' title="bbox 557 3351 2124 3420; baseline 0.001 -15"><span class='ocrx_word' id='word_1_222' title='bbox 557 3356 713 3417; x_wconf 67' lang='lat' dir='ltr'><strong>logize</strong></span> <span class='ocrx_word' id='word_1_223' title='bbox 735 3353 1078 3407; x_wconf 87' lang='lat' dir='ltr'><strong>detrimento.</strong></span> <span class='ocrx_word' id='word_1_224' title='bbox 1110 3351 1320 3405; x_wconf 88' lang='lat' dir='ltr'><strong>Nullum</strong></span> <span class='ocrx_word' id='word_1_225' title='bbox 1370 3354 1612 3420; x_wconf 88' lang='lat' dir='ltr'><strong>profecto</strong></span> <span class='ocrx_word' id='word_1_226' title='bbox 1640 3369 1709 3406; x_wconf 85' lang='lat' dir='ltr'><strong>ex</strong></span> <span class='ocrx_word' id='word_1_227' title='bbox 1749 3351 1922 3405; x_wconf 83' lang='lat' dir='ltr'><strong>allatis</strong></span> <span class='ocrx_word' id='word_1_228' title='bbox 1960 3353 2124 3406; x_wconf 87' lang='lat' dir='ltr'><strong>inter-</strong></span> 
     </span>
    </p>
   </div>
   <div class='ocr_carea' id='block_1_38' title="bbox 556 3422 2123 3491">
    <p class='ocr_par' dir='ltr' id='par_1_38' title="bbox 556 3422 2123 3491">
     <span class='ocr_line' id='line_1_39' title="bbox 556 3422 2123 3491; baseline 0.004 -20"><span class='ocrx_word' id='word_1_229' title='bbox 556 3423 845 3491; x_wconf 82' lang='lat' dir='ltr'><strong>pontificiis</strong></span> <span class='ocrx_word' id='word_1_230' title='bbox 862 3437 1046 3474; x_wconf 89' lang='lat' dir='ltr'><strong>verum</strong></span> <span class='ocrx_word' id='word_1_231' title='bbox 1068 3437 1185 3473; x_wconf 87' lang='lat' dir='ltr'><strong>esse</strong></span> <span class='ocrx_word' id='word_1_232' title='bbox 1201 3422 1478 3491; x_wconf 81' lang='lat' dir='ltr'><strong>evidenter</strong></span> <span class='ocrx_word' id='word_1_233' title='bbox 1497 3431 1738 3485; x_wconf 86' lang='lat' dir='ltr'><strong>constat;</strong></span> <span class='ocrx_word' id='word_1_234' title='bbox 1771 3424 2123 3491; x_wconf 85' lang='lat' dir='ltr'><strong>undecunque</strong></span> 
     </span>
    </p>
   </div>
   <div class='ocr_carea' id='block_1_39' title="bbox 553 3490 2117 3557">
    <p class='ocr_par' dir='ltr' id='par_1_39' title="bbox 553 3490 2117 3557">
     <span class='ocr_line' id='line_1_40' title="bbox 553 3490 2117 3557; baseline 0 -12"><span class='ocrx_word' id='word_1_235' title='bbox 553 3490 697 3546; x_wconf 81' lang='lat' dir='ltr'><strong>enim</strong></span> <span class='ocrx_word' id='word_1_236' title='bbox 756 3493 870 3545; x_wconf 90' lang='lat' dir='ltr'><strong>dies</strong></span> <span class='ocrx_word' id='word_1_237' title='bbox 926 3492 1223 3543; x_wconf 74' lang='lat' dir='ltr'><strong>enumerari</strong></span> <span class='ocrx_word' id='word_1_238' title='bbox 1266 3490 1538 3557; x_wconf 82' lang='lat' dir='ltr'><strong>incipiant,</strong></span> <span class='ocrx_word' id='word_1_239' title='bbox 1584 3492 1667 3544; x_wconf 88' lang='lat' dir='ltr'><strong>vel</strong></span> <span class='ocrx_word' id='word_1_240' title='bbox 1719 3492 1786 3544; x_wconf 88' lang='lat' dir='ltr'><strong>ab</strong></span> <span class='ocrx_word' id='word_1_241' title='bbox 1815 3494 2117 3555; x_wconf 85' lang='lat' dir='ltr'><strong>emortuali,</strong></span> 
     </span>
    </p>
   </div>
   <div class='ocr_carea' id='block_1_40' title="bbox 556 3559 2120 3629">
    <p class='ocr_par' dir='ltr' id='par_1_40' title="bbox 556 3559 2120 3629">
     <span class='ocr_line' id='line_1_41' title="bbox 556 3559 2120 3629; baseline 0.001 -16"><span class='ocrx_word' id='word_1_242' title='bbox 556 3564 639 3613; x_wconf 86' lang='lat' dir='ltr'><strong>vel</strong></span> <span class='ocrx_word' id='word_1_243' title='bbox 694 3578 722 3614; x_wconf 91' lang='lat' dir='ltr'><strong>a</strong></span> <span class='ocrx_word' id='word_1_244' title='bbox 779 3560 1128 3629; x_wconf 84' lang='lat' dir='ltr'><strong>depositionis</strong></span> <span class='ocrx_word' id='word_1_245' title='bbox 1184 3560 1302 3623; x_wconf 86' lang='lat' dir='ltr'><strong>die,</strong></span> <span class='ocrx_word' id='word_1_246' title='bbox 1350 3560 1407 3611; x_wconf 87' lang='lat' dir='ltr'><strong>in</strong></span> <span class='ocrx_word' id='word_1_247' title='bbox 1468 3559 1797 3613; x_wconf 89' lang='lat' dir='ltr'><strong>Dominicam</strong></span> <span class='ocrx_word' id='word_1_248' title='bbox 1852 3576 2120 3627; x_wconf 88' lang='lat' dir='ltr'><strong>nunquam</strong></span> 
     </span>
    </p>
   </div>
   <div class='ocr_carea' id='block_1_41' title="bbox 558 3630 2119 3697">
    <p class='ocr_par' dir='ltr' id='par_1_41' title="bbox 558 3630 2119 3697">
     <span class='ocr_line' id='line_1_42' title="bbox 558 3630 2119 3697; baseline 0.001 -15"><span class='ocrx_word' id='word_1_249' title='bbox 558 3631 865 3693; x_wconf 67' lang='lat' dir='ltr'><strong>offenditur,</strong></span> <span class='ocrx_word' id='word_1_250' title='bbox 915 3630 1017 3681; x_wconf 78' lang='lat' dir='ltr'><strong>nisi</strong></span> <span class='ocrx_word' id='word_1_251' title='bbox 1049 3639 1259 3697; x_wconf 79' lang='lat' dir='ltr'><strong>tempus</strong></span> <span class='ocrx_word' id='word_1_252' title='bbox 1287 3632 1495 3682; x_wconf 86' lang='lat' dir='ltr'><strong>ineatur</strong></span> <span class='ocrx_word' id='word_1_253' title='bbox 1524 3645 1552 3682; x_wconf 89' lang='lat' dir='ltr'><strong>a</strong></span> <span class='ocrx_word' id='word_1_254' title='bbox 1580 3631 1664 3682; x_wconf 91' lang='lat' dir='ltr'><strong>die</strong></span> <span class='ocrx_word' id='word_1_255' title='bbox 1690 3630 2037 3697; x_wconf 79' lang='lat' dir='ltr'><strong>depositionis</strong></span> <span class='ocrx_word' id='word_1_256' title='bbox 2068 3632 2119 3683; x_wconf 89' lang='lat' dir='ltr'><strong>in</strong></span> 
     </span>
    </p>
   </div>
   <div class='ocr_carea' id='block_1_42' title="bbox 560 3697 2122 3767">
    <p class='ocr_par' dir='ltr' id='par_1_42' title="bbox 560 3697 2122 3767">
     <span class='ocr_line' id='line_1_43' title="bbox 560 3697 2122 3767; baseline 0.001 -15"><span class='ocrx_word' id='word_1_257' title='bbox 560 3701 819 3755; x_wconf 83' lang='lat' dir='ltr'><strong>Vaticano</strong></span> <span class='ocrx_word' id='word_1_258' title='bbox 860 3697 930 3751; x_wconf 75' lang='grc'><strong>25</strong></span> <span class='ocrx_word' id='word_1_259' title='bbox 974 3700 1115 3762; x_wconf 81' lang='lat' dir='ltr'><strong>Maii,</strong></span> <span class='ocrx_word' id='word_1_260' title='bbox 1161 3699 1301 3765; x_wconf 84' lang='lat' dir='ltr'><strong>quod</strong></span> <span class='ocrx_word' id='word_1_261' title='bbox 1332 3698 1546 3764; x_wconf 86' lang='lat' dir='ltr'><strong>quidem</strong></span> <span class='ocrx_word' id='word_1_262' title='bbox 1578 3714 1719 3767; x_wconf 64' lang='lat' dir='ltr'><strong>saepe</strong></span> <span class='ocrx_word' id='word_1_263' title='bbox 1749 3700 1943 3753; x_wconf 83' lang='lat' dir='ltr'><strong>factum</strong></span> <span class='ocrx_word' id='word_1_264' title='bbox 1974 3701 2122 3754; x_wconf 81' lang='lat' dir='ltr'><strong>inve-</strong></span> 
     </span>
    </p>
   </div>
   <div class='ocr_carea' id='block_1_43' title="bbox 556 3767 2121 3837">
    <p class='ocr_par' dir='ltr' id='par_1_43' title="bbox 556 3767 2121 3837">
     <span class='ocr_line' id='line_1_44' title="bbox 556 3767 2121 3837; baseline -0.001 -12"><span class='ocrx_word' id='word_1_265' title='bbox 556 3772 696 3825; x_wconf 88' lang='lat' dir='ltr'><strong>nitur</strong></span> <span class='ocrx_word' id='word_1_266' title='bbox 726 3777 844 3837; x_wconf 60' lang='lat' dir='ltr'><strong>|o+t</strong></span> <span class='ocrx_word' id='word_1_267' title='bbox 874 3768 1191 3833; x_wconf 84' lang='lat' dir='ltr'><strong>Honorium,</strong></span> <span class='ocrx_word' id='word_1_268' title='bbox 1239 3767 1429 3820; x_wconf 89' lang='lat' dir='ltr'><strong>minori</strong></span> <span class='ocrx_word' id='word_1_269' title='bbox 1462 3777 1635 3822; x_wconf 87' lang='lat' dir='ltr'><strong>tamen</strong></span> <span class='ocrx_word' id='word_1_270' title='bbox 1663 3785 1783 3823; x_wconf 90' lang='lat' dir='ltr'><strong>cum</strong></span> <span class='ocrx_word' id='word_1_271' title='bbox 1817 3769 2121 3824; x_wconf 89' lang='lat' dir='ltr'><strong>discrimine</strong></span> 
     </span>
    </p>
   </div>
   <div class='ocr_carea' id='block_1_44' title="bbox 551 3838 2145 3906">
    <p class='ocr_par' dir='ltr' id='par_1_44' title="bbox 551 3838 2145 3906">
     <span class='ocr_line' id='line_1_45' title="bbox 551 3838 2145 3906; baseline 0 -13"><span class='ocrx_word' id='word_1_272' title='bbox 551 3856 582 3893; x_wconf 88' lang='lat' dir='ltr'><strong>a</strong></span> <span class='ocrx_word' id='word_1_273' title='bbox 614 3842 699 3894; x_wconf 89' lang='lat' dir='ltr'><strong>die</strong></span> <span class='ocrx_word' id='word_1_274' title='bbox 724 3840 933 3902; x_wconf 86' lang='lat' dir='ltr'><strong>obitus;</strong></span> <span class='ocrx_word' id='word_1_275' title='bbox 963 3848 1317 3906; x_wconf 72' lang='lat' dir='ltr'><strong>prmterquam</strong></span> <span class='ocrx_word' id='word_1_276' title='bbox 1343 3838 1484 3904; x_wconf 90' lang='lat' dir='ltr'><strong>quod</strong></span> <span class='ocrx_word' id='word_1_277' title='bbox 1523 3847 1665 3892; x_wconf 90' lang='lat' dir='ltr'><strong>certa</strong></span> <span class='ocrx_word' id='word_1_278' title='bbox 1694 3838 1808 3892; x_wconf 87' lang='lat' dir='ltr'><strong>dies</strong></span> <span class='ocrx_word' id='word_1_279' title='bbox 1836 3841 2021 3893; x_wconf 71' lang='lat' dir='ltr'><strong>mortis</strong></span> <span class='ocrx_word' id='word_1_280' title='bbox 2065 3849 2145 3895; x_wconf 84' lang='lat' dir='ltr'><strong>et-</strong></span> 
     </span>
    </p>
   </div>
   <div class='ocr_carea' id='block_1_45' title="bbox 2231 1470 3830 1545">
    <p class='ocr_par' dir='ltr' id='par_1_45' title="bbox 2231 1470 3830 1545">
     <span class='ocr_line' id='line_1_46' title="bbox 2231 1470 3830 1545; baseline 0.003 -20"><span class='ocrx_word' id='word_1_281' title='bbox 2231 1486 2371 1525; x_wconf 90' lang='lat' dir='ltr'><strong>mam</strong></span> <span class='ocrx_word' id='word_1_282' title='bbox 2404 1480 2455 1524; x_wconf 90' lang='lat' dir='ltr'><strong>et</strong></span> <span class='ocrx_word' id='word_1_283' title='bbox 2502 1479 2783 1539; x_wconf 83' lang='lat' dir='ltr'><strong>susceptus</strong></span> <span class='ocrx_word' id='word_1_284' title='bbox 2808 1477 2890 1523; x_wconf 90' lang='lat' dir='ltr'><strong>est</strong></span> <span class='ocrx_word' id='word_1_285' title='bbox 2915 1470 2960 1521; x_wconf 76' lang='lat' dir='ltr'><strong>a‘</strong></span> <span class='ocrx_word' id='word_1_286' title='bbox 2974 1471 3311 1525; x_wconf 85' lang='lat' dir='ltr'><strong>sanctissimo</strong></span> <span class='ocrx_word' id='word_1_287' title='bbox 3342 1472 3636 1527; x_wconf 88' lang='lat' dir='ltr'><strong>Deusdedit</strong></span> <span class='ocrx_word' id='word_1_288' title='bbox 3677 1491 3830 1545; x_wconf 80' lang='lat' dir='ltr'><strong>papa</strong></span> 
     </span>
    </p>
   </div>
   <div class='ocr_carea' id='block_1_46' title="bbox 2232 1556 3827 1631">
    <p class='ocr_par' dir='ltr' id='par_1_46' title="bbox 2232 1556 3827 1631">
     <span class='ocr_line' id='line_1_47' title="bbox 2232 1556 3827 1631; baseline 0.003 -18"><span class='ocrx_word' id='word_1_289' title='bbox 2232 1561 2453 1627; x_wconf 88' lang='lat' dir='ltr'><strong>optime.</strong></span> <span class='ocrx_word' id='word_1_290' title='bbox 2486 1557 2584 1624; x_wconf 86' lang='lat' dir='ltr'><strong>Qui</strong></span> <span class='ocrx_word' id='word_1_291' title='bbox 2634 1571 2879 1624; x_wconf 83' lang='lat' dir='ltr'><strong>egressus</strong></span> <span class='ocrx_word' id='word_1_292' title='bbox 2912 1567 2935 1603; x_wconf 80' lang='lat'><strong>8</strong></span> <span class='ocrx_word' id='word_1_293' title='bbox 2966 1556 3033 1611; x_wconf 91' lang='lat' dir='ltr'><strong>de</strong></span> <span class='ocrx_word' id='word_1_294' title='bbox 3076 1557 3266 1622; x_wconf 80' lang='lat' dir='ltr'><strong>Roma,</strong></span> <span class='ocrx_word' id='word_1_295' title='bbox 3312 1561 3457 1613; x_wconf 84' lang='lat' dir='ltr'><strong>venit</strong></span> <span class='ocrx_word' id='word_1_296' title='bbox 3503 1562 3827 1631; x_wconf 84' lang='lat' dir='ltr'><strong>Neapolim,</strong></span> 
     </span>
    </p>
   </div>
   <div class='ocr_carea' id='block_1_47' title="bbox 2233 1643 3825 1718">
    <p class='ocr_par' dir='ltr' id='par_1_47' title="bbox 2233 1643 3825 1718">
     <span class='ocr_line' id='line_1_48' title="bbox 2233 1643 3825 1718; baseline 0.005 -19"><span class='ocrx_word' id='word_1_297' title='bbox 2233 1663 2351 1713; x_wconf 68' lang='lat' dir='ltr'><strong>qua:</strong></span> <span class='ocrx_word' id='word_1_298' title='bbox 2404 1646 2685 1701; x_wconf 83' lang='lat' dir='ltr'><strong>tenebatur</strong></span> <span class='ocrx_word' id='word_1_299' title='bbox 2731 1661 2760 1698; x_wconf 90' lang='lat' dir='ltr'><strong>a</strong></span> <span class='ocrx_word' id='word_1_300' title='bbox 2790 1644 2997 1698; x_wconf 83' lang='lat' dir='ltr'><strong>Joanne</strong></span> <span class='ocrx_word' id='word_1_301' title='bbox 3027 1643 3051 1681; x_wconf 68' lang='grc' dir='ltr'>ιι</span> <span class='ocrx_word' id='word_1_302' title='bbox 3080 1645 3373 1714; x_wconf 89' lang='lat' dir='ltr'><strong>Compsino</strong></span> <span class='ocrx_word' id='word_1_303' title='bbox 3406 1647 3419 1685; x_wconf 81' lang='grc' dir='ltr'><strong>ί</strong></span> <span class='ocrx_word' id='word_1_304' title='bbox 3450 1649 3674 1705; x_wconf 88' lang='lat' dir='ltr'><strong>lntarta.</strong></span> <span class='ocrx_word' id='word_1_305' title='bbox 3717 1651 3825 1718; x_wconf 86' lang='lat' dir='ltr'><strong>Qui</strong></span> 
     </span>
    </p>
   </div>
   <div class='ocr_carea' id='block_1_48' title="bbox 2234 1735 3829 1813">
    <p class='ocr_par' dir='ltr' id='par_1_48' title="bbox 2234 1735 3829 1813">
     <span class='ocr_line' id='line_1_49' title="bbox 2234 1735 3829 1813; baseline 0.005 -25"><span class='ocrx_word' id='word_1_306' title='bbox 2234 1735 2567 1791; x_wconf 79' lang='lat' dir='ltr'><strong>Eleutlierius</strong></span> <span class='ocrx_word' id='word_1_307' title='bbox 2597 1736 2852 1804; x_wconf 87' lang='lat' dir='ltr'><strong>patricius</strong></span> <span class='ocrx_word' id='word_1_308' title='bbox 2878 1736 3162 1805; x_wconf 81' lang='lat' dir='ltr'><strong>pugnando</strong></span> <span class='ocrx_word' id='word_1_309' title='bbox 3186 1739 3452 1805; x_wconf 75' lang='lat' dir='ltr'><strong>ingressus</strong></span> <span class='ocrx_word' id='word_1_310' title='bbox 3480 1752 3559 1794; x_wconf 90' lang='lat' dir='ltr'><strong>est</strong></span> <span class='ocrx_word' id='word_1_311' title='bbox 3591 1742 3829 1813; x_wconf 82' lang='lat' dir='ltr'><strong>Neapo-</strong></span> 
     </span>
    </p>
   </div>
   <div class='ocr_carea' id='block_1_49' title="bbox 2234 1825 3820 1897">
    <p class='ocr_par' dir='ltr' id='par_1_49' title="bbox 2234 1825 3820 1897">
     <span class='ocr_line' id='line_1_50' title="bbox 2234 1825 3820 1897; baseline 0.005 -19"><span class='ocrx_word' id='word_1_312' title='bbox 2234 1825 2345 1889; x_wconf 87' lang='lat' dir='ltr'><strong>lim,</strong></span> <span class='ocrx_word' id='word_1_313' title='bbox 2379 1834 2433 1879; x_wconf 90' lang='lat' dir='ltr'><strong>et</strong></span> <span class='ocrx_word' id='word_1_314' title='bbox 2463 1826 2731 1881; x_wconf 81' lang='lat' dir='ltr'><strong>interfecit</strong></span> <span class='ocrx_word' id='word_1_315' title='bbox 2758 1834 3066 1895; x_wconf 85' lang='lat' dir='ltr'><strong>tyrannum,</strong></span> <span class='ocrx_word' id='word_1_316' title='bbox 3097 1843 3450 1897; x_wconf 84' lang='lat' dir='ltr'><strong>reversusque</strong></span> <span class='ocrx_word' id='word_1_317' title='bbox 3478 1839 3557 1883; x_wconf 85' lang='lat' dir='ltr'><strong>cst</strong></span> <span class='ocrx_word' id='word_1_318' title='bbox 3590 1830 3820 1886; x_wconf 79' lang='lat' dir='ltr'><strong>Raven-</strong></span> 
     </span>
    </p>
   </div>
   <div class='ocr_carea' id='block_1_50' title="bbox 2236 1960 3825 2034">
    <p class='ocr_par' dir='ltr' id='par_1_50' title="bbox 2236 1960 3825 2034">
     <span class='ocr_line' id='line_1_51' title="bbox 2236 1960 3825 2034; baseline 0.004 -21"><span class='ocrx_word' id='word_1_319' title='bbox 2236 1960 2575 2034; x_wconf 39' lang='lat' dir='ltr'><strong>acuiroinde</strong></span> <span class='ocrx_word' id='word_1_320' title='bbox 2640 1961 2859 2034; x_wconf 78' lang='lat' dir='ltr'><strong>decreto</strong></span> <span class='ocrx_word' id='word_1_321' title='bbox 2918 1960 3194 2013; x_wconf 63' lang='lat' dir='ltr'><strong>eYectionis</strong></span> <span class='ocrx_word' id='word_1_322' title='bbox 3251 1962 3515 2034; x_wconf 72' lang='lat' dir='ltr'><strong>pontificis</strong></span> <span class='ocrx_word' id='word_1_323' title='bbox 3566 1964 3825 2034; x_wconf 71' lang='lat' dir='ltr'><strong>adiungit</strong></span> 
     </span>
    </p>
   </div>
   <div class='ocr_carea' id='block_1_51' title="bbox 2232 2028 3819 2098">
    <p class='ocr_par' dir='ltr' id='par_1_51' title="bbox 2232 2028 3819 2098">
     <span class='ocr_line' id='line_1_52' title="bbox 2232 2028 3819 2098; baseline 0.002 -18"><span class='ocrx_word' id='word_1_324' title='bbox 2232 2028 2422 2083; x_wconf 87' lang='lat' dir='ltr'><strong>lndict.</strong></span> <span class='ocrx_word' id='word_1_325' title='bbox 2459 2029 2509 2090; x_wconf 82' lang='grc'>5,</span> <span class='ocrx_word' id='word_1_326' title='bbox 2542 2045 2659 2089; x_wconf 73' lang='lat' dir='ltr'><strong>qum</strong></span> <span class='ocrx_word' id='word_1_327' title='bbox 2698 2030 2870 2083; x_wconf 84' lang='lat' dir='ltr'><strong>eidem</strong></span> <span class='ocrx_word' id='word_1_328' title='bbox 2897 2045 3040 2082; x_wconf 90' lang='lat' dir='ltr'><strong>anno</strong></span> <span class='ocrx_word' id='word_1_329' title='bbox 3092 2039 3217 2098; x_wconf 89' lang='lat' dir='ltr'><strong>post</strong></span> <span class='ocrx_word' id='word_1_330' title='bbox 3246 2028 3648 2098; x_wconf 61' lang='lat' dir='ltr'><strong>Septeinbrem&#39;</strong></span> <span class='ocrx_word' id='word_1_331' title='bbox 3670 2028 3819 2090; x_wconf 59' lang='lat' dir='ltr'><strong>coit.</strong></span> 
     </span>
    </p>
   </div>
   <div class='ocr_carea' id='block_1_52' title="bbox 2234 2099 3824 2162">
    <p class='ocr_par' dir='ltr' id='par_1_52' title="bbox 2234 2099 3824 2162">
     <span class='ocr_line' id='line_1_53' title="bbox 2234 2099 3824 2162; baseline 0.006 -12"><span class='ocrx_word' id='word_1_332' title='bbox 2234 2100 2400 2162; x_wconf 83' lang='lat' dir='ltr'><strong>venit,</strong></span> <span class='ocrx_word' id='word_1_333' title='bbox 2434 2115 2495 2154; x_wconf 89' lang='lat' dir='ltr'><strong>ac</strong></span> <span class='ocrx_word' id='word_1_334' title='bbox 2544 2099 2828 2152; x_wconf 81' lang='lat' dir='ltr'><strong>Novembri</strong></span> <span class='ocrx_word' id='word_1_335' title='bbox 2874 2114 3055 2152; x_wconf 87' lang='lat' dir='ltr'><strong>mense</strong></span> <span class='ocrx_word' id='word_1_336' title='bbox 3100 2108 3342 2152; x_wconf 89' lang='lat' dir='ltr'><strong>sanctum</strong></span> <span class='ocrx_word' id='word_1_337' title='bbox 3372 2100 3661 2156; x_wconf 58' lang='lat' dir='ltr'><strong>Deusdedit</strong></span> <span class='ocrx_word' id='word_1_338' title='bbox 3687 2121 3824 2159; x_wconf 82' lang='lat' dir='ltr'><strong>esse</strong></span> 
     </span>
    </p>
   </div>
   <div class='ocr_carea' id='block_1_53' title="bbox 2234 2168 3822 2237">
    <p class='ocr_par' dir='ltr' id='par_1_53' title="bbox 2234 2168 3822 2237">
     <span class='ocr_line' id='line_1_54' title="bbox 2234 2168 3822 2237; baseline 0.006 -17"><span class='ocrx_word' id='word_1_339' title='bbox 2234 2179 2500 2221; x_wconf 91' lang='lat' dir='ltr'><strong>mortuum</strong></span> <span class='ocrx_word' id='word_1_340' title='bbox 2535 2168 2730 2222; x_wconf 88' lang='lat' dir='ltr'><strong>fatetur</strong></span> <span class='ocrx_word' id='word_1_341' title='bbox 2756 2185 2876 2223; x_wconf 86' lang='lat' dir='ltr'><strong>cum</strong></span> <span class='ocrx_word' id='word_1_342' title='bbox 2909 2169 3211 2223; x_wconf 85' lang='lat' dir='ltr'><strong>Anastasio.</strong></span> <span class='ocrx_word' id='word_1_343' title='bbox 3256 2169 3324 2221; x_wconf 89' lang='lat' dir='ltr'><strong>At</strong></span> <span class='ocrx_word' id='word_1_344' title='bbox 3355 2178 3495 2222; x_wconf 90' lang='lat' dir='ltr'><strong>totus</strong></span> <span class='ocrx_word' id='word_1_345' title='bbox 3522 2172 3571 2225; x_wconf 93' lang='lat' dir='ltr'><strong>in</strong></span> <span class='ocrx_word' id='word_1_346' title='bbox 3623 2178 3822 2237; x_wconf 77' lang='lat' dir='ltr'><strong>conje-</strong></span> 
     </span>
    </p>
   </div>
   <div class='ocr_carea' id='block_1_54' title="bbox 2233 2238 3815 2303">
    <p class='ocr_par' dir='ltr' id='par_1_54' title="bbox 2233 2238 3815 2303">
     <span class='ocr_line' id='line_1_55' title="bbox 2233 2238 3815 2303; baseline 0.004 -11"><span class='ocrx_word' id='word_1_347' title='bbox 2233 2247 2384 2292; x_wconf 89' lang='lat' dir='ltr'><strong>ctura</strong></span> <span class='ocrx_word' id='word_1_348' title='bbox 2416 2248 2474 2291; x_wconf 87' lang='lat' dir='ltr'><strong>ut</strong></span> <span class='ocrx_word' id='word_1_349' title='bbox 2504 2238 2682 2291; x_wconf 89' lang='lat' dir='ltr'><strong>Diurni</strong></span> <span class='ocrx_word' id='word_1_350' title='bbox 2711 2238 3046 2292; x_wconf 86' lang='lat' dir='ltr'><strong>collectionis</strong></span> <span class='ocrx_word' id='word_1_351' title='bbox 3066 2246 3279 2291; x_wconf 70' lang='lat' dir='ltr'><strong>(etatem</strong></span> <span class='ocrx_word' id='word_1_352' title='bbox 3318 2239 3551 2303; x_wconf 74' lang='lat' dir='ltr'><strong>definiat,</strong></span> <span class='ocrx_word' id='word_1_353' title='bbox 3586 2259 3697 2297; x_wconf 85' lang='lat' dir='ltr'><strong>non</strong></span> <span class='ocrx_word' id='word_1_354' title='bbox 3732 2245 3815 2298; x_wconf 60' lang='lat' dir='ltr'><strong>leo</strong></span> 
     </span>
    </p>
   </div>
   <div class='ocr_carea' id='block_1_55' title="bbox 2235 2307 3817 2376">
    <p class='ocr_par' dir='ltr' id='par_1_55' title="bbox 2235 2307 3817 2376">
     <span class='ocr_line' id='line_1_56' title="bbox 2235 2307 3817 2376; baseline 0.006 -18"><span class='ocrx_word' id='word_1_355' title='bbox 2235 2309 2309 2374; x_wconf 78' lang='lat' dir='ltr'><strong>git</strong></span> <span class='ocrx_word' id='word_1_356' title='bbox 2353 2308 2491 2376; x_wconf 90' lang='lat' dir='ltr'><strong>apud</strong></span> <span class='ocrx_word' id='word_1_357' title='bbox 2536 2308 2780 2362; x_wconf 87' lang='lat' dir='ltr'><strong>eumdem</strong></span> <span class='ocrx_word' id='word_1_358' title='bbox 2836 2307 3172 2376; x_wconf 61' lang='lat' dir='ltr'><strong>Anastasium</strong></span> <span class='ocrx_word' id='word_1_359' title='bbox 3217 2309 3564 2361; x_wconf 72' lang='lat' dir='ltr'><strong>certissimam</strong></span> <span class='ocrx_word' id='word_1_360' title='bbox 3622 2324 3817 2367; x_wconf 84' lang='lat' dir='ltr'><strong>notam</strong></span> 
     </span>
    </p>
   </div>
   <div class='ocr_carea' id='block_1_56' title="bbox 2235 2375 3813 2446">
    <p class='ocr_par' dir='ltr' id='par_1_56' title="bbox 2235 2375 3813 2446">
     <span class='ocr_line' id='line_1_57' title="bbox 2235 2375 3813 2446; baseline 0.005 -18"><span class='ocrx_word' id='word_1_361' title='bbox 2235 2375 2408 2429; x_wconf 69' lang='lat' dir='ltr'><strong>artatis</strong></span> <span class='ocrx_word' id='word_1_362' title='bbox 2448 2378 2745 2444; x_wconf 85' lang='lat' dir='ltr'><strong>pontificis;</strong></span> <span class='ocrx_word' id='word_1_363' title='bbox 2796 2394 2918 2430; x_wconf 88' lang='lat' dir='ltr'><strong>nam</strong></span> <span class='ocrx_word' id='word_1_364' title='bbox 2962 2375 3035 2429; x_wconf 88' lang='lat' dir='ltr'><strong>ait</strong></span> <span class='ocrx_word' id='word_1_365' title='bbox 3094 2386 3249 2429; x_wconf 75' lang='lat' dir='ltr'><strong>terra:</strong></span> <span class='ocrx_word' id='word_1_366' title='bbox 3279 2386 3481 2431; x_wconf 80' lang='lat' dir='ltr'><strong>motum</strong></span> <span class='ocrx_word' id='word_1_367' title='bbox 3528 2380 3813 2446; x_wconf 71' lang='lat' dir='ltr'><strong>ingentem</strong></span> 
     </span>
    </p>
   </div>
   <div class='ocr_carea' id='block_1_57' title="bbox 2234 2447 3813 2515">
    <p class='ocr_par' dir='ltr' id='par_1_57' title="bbox 2234 2447 3813 2515">
     <span class='ocr_line' id='line_1_58' title="bbox 2234 2447 3813 2515; baseline 0.008 -20"><span class='ocrx_word' id='word_1_368' title='bbox 2234 2457 2627 2515; x_wconf 74' lang='lat' dir='ltr'><strong>secutumesse</strong></span> <span class='ocrx_word' id='word_1_369' title='bbox 2651 2448 2795 2515; x_wconf 90' lang='lat' dir='ltr'><strong>(ante</strong></span> <span class='ocrx_word' id='word_1_370' title='bbox 2815 2448 3019 2499; x_wconf 87' lang='lat' dir='ltr'><strong>obitmn</strong></span> <span class='ocrx_word' id='word_1_371' title='bbox 3051 2447 3337 2515; x_wconf 68' lang='lat' dir='ltr'><strong>pontificis)</strong></span> <span class='ocrx_word' id='word_1_372' title='bbox 3362 2448 3599 2513; x_wconf 83' lang='lat' dir='ltr'><strong>Augusto</strong></span> <span class='ocrx_word' id='word_1_373' title='bbox 3618 2467 3813 2507; x_wconf 84' lang='lat' dir='ltr'><strong>mense</strong></span> 
     </span>
    </p>
   </div>
   <div class='ocr_carea' id='block_1_58' title="bbox 2236 2514 3817 2584">
    <p class='ocr_par' dir='ltr' id='par_1_58' title="bbox 2236 2514 3817 2584">
     <span class='ocr_line' id='line_1_59' title="bbox 2236 2514 3817 2584; baseline 0.004 -17"><span class='ocrx_word' id='word_1_374' title='bbox 2236 2515 2425 2570; x_wconf 92' lang='lat' dir='ltr'><strong>indict.</strong></span> <span class='ocrx_word' id='word_1_375' title='bbox 2472 2514 2522 2579; x_wconf 82' lang='lat' dir='ltr'><strong>ti,</strong></span> <span class='ocrx_word' id='word_1_376' title='bbox 2546 2514 2688 2584; x_wconf 88' lang='lat' dir='ltr'><strong>quod</strong></span> <span class='ocrx_word' id='word_1_377' title='bbox 2730 2517 2889 2569; x_wconf 90' lang='lat' dir='ltr'><strong>etiam</strong></span> <span class='ocrx_word' id='word_1_378' title='bbox 2920 2514 3071 2569; x_wconf 81' lang='lat' dir='ltr'><strong>Joan.</strong></span> <span class='ocrx_word' id='word_1_379' title='bbox 3107 2514 3255 2569; x_wconf 88' lang='lat' dir='ltr'><strong>Diae.</strong></span> <span class='ocrx_word' id='word_1_380' title='bbox 3307 2516 3611 2571; x_wconf 82' lang='lat' dir='ltr'><strong>aﬂirmatin</strong></span> <span class='ocrx_word' id='word_1_381' title='bbox 3635 2520 3817 2575; x_wconf 81' lang='lat' dir='ltr'><strong>Chro-</strong></span> 
     </span>
    </p>
   </div>
   <div class='ocr_carea' id='block_1_59' title="bbox 2165 2574 3813 2653">
    <p class='ocr_par' dir='ltr' id='par_1_59' title="bbox 2165 2574 3813 2653">
     <span class='ocr_line' id='line_1_60' title="bbox 2165 2574 3813 2653; baseline 0.005 -17"><span class='ocrx_word' id='word_1_382' title='bbox 2165 2574 2205 2631; x_wconf 77' lang='grc' dir='ltr'><strong>Β</strong></span> <span class='ocrx_word' id='word_1_383' title='bbox 2238 2585 2381 2650; x_wconf 89' lang='lat' dir='ltr'><strong>nico,</strong></span> <span class='ocrx_word' id='word_1_384' title='bbox 2415 2574 2604 2653; x_wconf 74' lang='lat' dir='ltr'><strong>nempe</strong></span> <span class='ocrx_word' id='word_1_385' title='bbox 2635 2601 2776 2640; x_wconf 89' lang='lat' dir='ltr'><strong>anno</strong></span> <span class='ocrx_word' id='word_1_386' title='bbox 2805 2585 2909 2638; x_wconf 78' lang='grc'><strong>618</strong></span> <span class='ocrx_word' id='word_1_387' title='bbox 2931 2627 2945 2649; x_wconf 91' lang='grc'><strong>,</strong></span> <span class='ocrx_word' id='word_1_388' title='bbox 2978 2601 3135 2653; x_wconf 86' lang='lat' dir='ltr'><strong>quem</strong></span> <span class='ocrx_word' id='word_1_389' title='bbox 3192 2586 3286 2637; x_wconf 90' lang='lat' dir='ltr'><strong>fuit</strong></span> <span class='ocrx_word' id='word_1_390' title='bbox 3315 2597 3639 2642; x_wconf 83' lang='lat' dir='ltr'><strong>consecutus</strong></span> <span class='ocrx_word' id='word_1_391' title='bbox 3682 2574 3813 2643; x_wconf 49' lang='lat' dir='ltr'><strong>sca-</strong></span> 
     </span>
    </p>
   </div>
   <div class='ocr_carea' id='block_1_60' title="bbox 2233 2654 3812 2723">
    <p class='ocr_par' dir='ltr' id='par_1_60' title="bbox 2233 2654 3812 2723">
     <span class='ocr_line' id='line_1_61' title="bbox 2233 2654 3812 2723; baseline 0.007 -20"><span class='ocrx_word' id='word_1_392' title='bbox 2233 2654 2440 2723; x_wconf 82' lang='lat' dir='ltr'><strong>bierunt</strong></span> <span class='ocrx_word' id='word_1_393' title='bbox 2472 2656 2709 2719; x_wconf 82' lang='lat' dir='ltr'><strong>morbus,</strong></span> <span class='ocrx_word' id='word_1_394' title='bbox 2737 2670 2829 2708; x_wconf 88' lang='lat' dir='ltr'><strong>seu</strong></span> <span class='ocrx_word' id='word_1_395' title='bbox 2857 2655 2968 2708; x_wconf 89' lang='lat' dir='ltr'><strong>lues</strong></span> <span class='ocrx_word' id='word_1_396' title='bbox 3000 2656 3392 2723; x_wconf 84' lang='lat' dir='ltr'><strong>elephantiaca.</strong></span> <span class='ocrx_word' id='word_1_397' title='bbox 3424 2658 3602 2721; x_wconf 76' lang='lat' dir='ltr'><strong>Quare</strong></span> <span class='ocrx_word' id='word_1_398' title='bbox 3631 2664 3812 2714; x_wconf 83' lang='lat' dir='ltr'><strong>sancti</strong></span> 
     </span>
    </p>
   </div>
   <div class='ocr_carea' id='block_1_61' title="bbox 2235 2722 3809 2793">
    <p class='ocr_par' dir='ltr' id='par_1_61' title="bbox 2235 2722 3809 2793">
     <span class='ocr_line' id='line_1_62' title="bbox 2235 2722 3809 2793; baseline 0.005 -20"><span class='ocrx_word' id='word_1_399' title='bbox 2235 2722 2525 2793; x_wconf 73' lang='lat' dir='ltr'><strong>Deusdedit</strong></span> <span class='ocrx_word' id='word_1_400' title='bbox 2549 2725 2726 2779; x_wconf 89' lang='lat' dir='ltr'><strong>obitus</strong></span> <span class='ocrx_word' id='word_1_401' title='bbox 2749 2724 3047 2778; x_wconf 84' lang='lat' dir='ltr'><strong>necessario</strong></span> <span class='ocrx_word' id='word_1_402' title='bbox 3067 2722 3149 2777; x_wconf 72' lang='lat' dir='ltr'><strong>est</strong></span> <span class='ocrx_word' id='word_1_403' title='bbox 3167 2725 3449 2792; x_wconf 79' lang='lat' dir='ltr'><strong>illigandus</strong></span> <span class='ocrx_word' id='word_1_404' title='bbox 3480 2726 3603 2779; x_wconf 90' lang='lat' dir='ltr'><strong>huic</strong></span> <span class='ocrx_word' id='word_1_405' title='bbox 3626 2744 3777 2782; x_wconf 79' lang='lat' dir='ltr'><strong>anno</strong></span> <span class='ocrx_word' id='word_1_406' title='bbox 3793 2772 3809 2793; x_wconf 87' lang='lat'><strong>,</strong></span> 
     </span>
    </p>
   </div>
   <div class='ocr_carea' id='block_1_62' title="bbox 2230 2792 3811 2862">
    <p class='ocr_par' dir='ltr' id='par_1_62' title="bbox 2230 2792 3811 2862">
     <span class='ocr_line' id='line_1_63' title="bbox 2230 2792 3811 2862; baseline 0.004 -17"><span class='ocrx_word' id='word_1_407' title='bbox 2230 2792 2369 2846; x_wconf 85' lang='lat' dir='ltr'><strong>sicut</strong></span> <span class='ocrx_word' id='word_1_408' title='bbox 2400 2792 2654 2847; x_wconf 89' lang='lat' dir='ltr'><strong>Bonifacii</strong></span> <span class='ocrx_word' id='word_1_409' title='bbox 2684 2794 3008 2848; x_wconf 85' lang='lat' dir='ltr'><strong>successoris</strong></span> <span class='ocrx_word' id='word_1_410' title='bbox 3046 2795 3164 2861; x_wconf 89' lang='lat' dir='ltr'><strong>ipso</strong></span> <span class='ocrx_word' id='word_1_411' title='bbox 3211 2797 3509 2862; x_wconf 84' lang='lat' dir='ltr'><strong>eodemque</strong></span> <span class='ocrx_word' id='word_1_412' title='bbox 3538 2812 3682 2849; x_wconf 87' lang='lat' dir='ltr'><strong>anno</strong></span> <span class='ocrx_word' id='word_1_413' title='bbox 3709 2792 3811 2852; x_wconf 58' lang='lat' dir='ltr'><strong>exé</strong></span> 
     </span>
    </p>
   </div>
   <div class='ocr_carea' id='block_1_63' title="bbox 2231 2863 3805 2932">
    <p class='ocr_par' dir='ltr' id='par_1_63' title="bbox 2231 2863 3805 2932">
     <span class='ocr_line' id='line_1_64' title="bbox 2231 2863 3805 2932; baseline 0.004 -18"><span class='ocrx_word' id='word_1_414' title='bbox 2231 2870 2392 2932; x_wconf 80' lang='lat' dir='ltr'><strong>eunte</strong></span> <span class='ocrx_word' id='word_1_415' title='bbox 2405 2865 2641 2916; x_wconf 88' lang='lat' dir='ltr'><strong>anterior</strong></span> <span class='ocrx_word' id='word_1_416' title='bbox 2657 2879 2760 2916; x_wconf 90' lang='lat' dir='ltr'><strong>non</strong></span> <span class='ocrx_word' id='word_1_417' title='bbox 2778 2872 2858 2916; x_wconf 89' lang='lat' dir='ltr'><strong>est</strong></span> <span class='ocrx_word' id='word_1_418' title='bbox 2874 2863 3096 2916; x_wconf 87' lang='lat' dir='ltr'><strong>dicenda</strong></span> <span class='ocrx_word' id='word_1_419' title='bbox 3114 2863 3305 2916; x_wconf 89' lang='lat' dir='ltr'><strong>electio</strong></span> <span class='ocrx_word' id='word_1_420' title='bbox 3327 2881 3342 2927; x_wconf 91' lang='lat'><strong>;</strong></span> <span class='ocrx_word' id='word_1_421' title='bbox 3362 2880 3535 2932; x_wconf 83' lang='lat' dir='ltr'><strong>neque</strong></span> <span class='ocrx_word' id='word_1_422' title='bbox 3556 2867 3805 2921; x_wconf 82' lang='lat' dir='ltr'><strong>eamdem</strong></span> 
     </span>
    </p>
   </div>
   <div class='ocr_carea' id='block_1_64' title="bbox 2229 2931 3807 2999">
    <p class='ocr_par' dir='ltr' id='par_1_64' title="bbox 2229 2931 3807 2999">
     <span class='ocr_line' id='line_1_65' title="bbox 2229 2931 3807 2999; baseline 0.004 -17"><span class='ocrx_word' id='word_1_423' title='bbox 2229 2931 2295 2984; x_wconf 91' lang='lat' dir='ltr'><strong>ad</strong></span> <span class='ocrx_word' id='word_1_424' title='bbox 2324 2941 2635 2999; x_wconf 76' lang='lat' dir='ltr'><strong>sequentem</strong></span> <span class='ocrx_word' id='word_1_425' title='bbox 2667 2947 2863 2985; x_wconf 89' lang='lat' dir='ltr'><strong>annum</strong></span> <span class='ocrx_word' id='word_1_426' title='bbox 2895 2932 3265 2997; x_wconf 78' lang='lat' dir='ltr'><strong>dilleiendam,</strong></span> <span class='ocrx_word' id='word_1_427' title='bbox 3288 2949 3408 2985; x_wconf 90' lang='lat' dir='ltr'><strong>cum</strong></span> <span class='ocrx_word' id='word_1_428' title='bbox 3435 2931 3617 2999; x_wconf 80' lang='lat' dir='ltr'><strong>Pagio,</strong></span> <span class='ocrx_word' id='word_1_429' title='bbox 3644 2934 3807 2989; x_wconf 80' lang='lat' dir='ltr'><strong>Eleu-</strong></span> 
     </span>
    </p>
   </div>
   <div class='ocr_carea' id='block_1_65' title="bbox 2229 3000 3804 3072">
    <p class='ocr_par' dir='ltr' id='par_1_65' title="bbox 2229 3000 3804 3072">
     <span class='ocr_line' id='line_1_66' title="bbox 2229 3000 3804 3072; baseline 0.001 -19"><span class='ocrx_word' id='word_1_430' title='bbox 2229 3000 2386 3072; x_wconf 84' lang='lat' dir='ltr'><strong>therii</strong></span> <span class='ocrx_word' id='word_1_431' title='bbox 2436 3001 2624 3072; x_wconf 65' lang='lat' dir='ltr'><strong>caedes,</strong></span> <span class='ocrx_word' id='word_1_432' title='bbox 2678 3002 2889 3072; x_wconf 68' lang='lat' dir='ltr'><strong>aliaque</strong></span> <span class='ocrx_word' id='word_1_433' title='bbox 2944 3012 3278 3072; x_wconf 65' lang='lat' dir='ltr'><strong>argumenta,</strong></span> <span class='ocrx_word' id='word_1_434' title='bbox 3323 3006 3630 3064; x_wconf 68' lang='lat' dir='ltr'><strong>ostendunt,</strong></span> <span class='ocrx_word' id='word_1_435' title='bbox 3679 3022 3804 3072; x_wconf 66' lang='lat' dir='ltr'><strong>quo</strong></span> 
     </span>
    </p>
   </div>
   <div class='ocr_carea' id='block_1_66' title="bbox 2227 3069 3801 3138">
    <p class='ocr_par' dir='ltr' id='par_1_66' title="bbox 2227 3069 3801 3138">
     <span class='ocr_line' id='line_1_67' title="bbox 2227 3069 3801 3138; baseline 0.003 -15"><span class='ocrx_word' id='word_1_436' title='bbox 2227 3070 2279 3123; x_wconf 89' lang='lat' dir='ltr'><strong>in</strong></span> <span class='ocrx_word' id='word_1_437' title='bbox 2312 3072 2451 3125; x_wconf 84' lang='lat' dir='ltr'><strong>netis</strong></span> <span class='ocrx_word' id='word_1_438' title='bbox 2479 3071 2543 3124; x_wconf 84' lang='lat' dir='ltr'><strong>ad</strong></span> <span class='ocrx_word' id='word_1_439' title='bbox 2574 3072 2817 3126; x_wconf 89' lang='lat' dir='ltr'><strong>eumdem</strong></span> <span class='ocrx_word' id='word_1_440' title='bbox 2850 3069 3177 3125; x_wconf 82' lang='lat' dir='ltr'><strong>Bonifacium</strong></span> <span class='ocrx_word' id='word_1_441' title='bbox 3201 3073 3483 3125; x_wconf 84' lang='lat' dir='ltr'><strong>adducam.</strong></span> <span class='ocrx_word' id='word_1_442' title='bbox 3519 3078 3648 3138; x_wconf 65' lang='lat' dir='ltr'><strong>Qum</strong></span> <span class='ocrx_word' id='word_1_443' title='bbox 3677 3069 3801 3128; x_wconf 78' lang='lat' dir='ltr'><strong>cum</strong></span> 
     </span>
    </p>
   </div>
   <div class='ocr_carea' id='block_1_67' title="bbox 2228 3140 3801 3210">
    <p class='ocr_par' dir='ltr' id='par_1_67' title="bbox 2228 3140 3801 3210">
     <span class='ocr_line' id='line_1_68' title="bbox 2228 3140 3801 3210; baseline 0.002 -18"><span class='ocrx_word' id='word_1_444' title='bbox 2228 3140 2300 3210; x_wconf 89' lang='lat' dir='ltr'><strong>ita</strong></span> <span class='ocrx_word' id='word_1_445' title='bbox 2332 3142 2469 3203; x_wconf 86' lang='lat' dir='ltr'><strong>sint,</strong></span> <span class='ocrx_word' id='word_1_446' title='bbox 2516 3151 2731 3194; x_wconf 86' lang='lat' dir='ltr'><strong>sanctus</strong></span> <span class='ocrx_word' id='word_1_447' title='bbox 2785 3140 3068 3194; x_wconf 87' lang='lat' dir='ltr'><strong>Deusdedit</strong></span> <span class='ocrx_word' id='word_1_448' title='bbox 3125 3142 3284 3208; x_wconf 81' lang='lat' dir='ltr'><strong>igitur</strong></span> <span class='ocrx_word' id='word_1_449' title='bbox 3333 3152 3454 3210; x_wconf 77' lang='lat' dir='ltr'><strong>post</strong></span> <span class='ocrx_word' id='word_1_450' title='bbox 3505 3159 3715 3199; x_wconf 78' lang='lat' dir='ltr'><strong>inemes</strong></span> <span class='ocrx_word' id='word_1_451' title='bbox 3748 3162 3801 3205; x_wconf 86' lang='lat' dir='ltr'><strong>v,</strong></span> 
     </span>
    </p>
   </div>
   <div class='ocr_carea' id='block_1_68' title="bbox 2224 3209 3802 3274">
    <p class='ocr_par' dir='ltr' id='par_1_68' title="bbox 2224 3209 3802 3274">
     <span class='ocr_line' id='line_1_69' title="bbox 2224 3209 3802 3274; baseline 0.002 -11"><span class='ocrx_word' id='word_1_452' title='bbox 2224 3209 2337 3264; x_wconf 88' lang='lat' dir='ltr'><strong>dies</strong></span> <span class='ocrx_word' id='word_1_453' title='bbox 2370 3226 2480 3273; x_wconf 80' lang='lat' dir='ltr'><strong>xm,</strong></span> <span class='ocrx_word' id='word_1_454' title='bbox 2535 3211 2829 3265; x_wconf 83' lang='lat' dir='ltr'><strong>vacationis</strong></span> <span class='ocrx_word' id='word_1_455' title='bbox 2887 3210 3182 3273; x_wconf 88' lang='lat' dir='ltr'><strong>ordinatus,</strong></span> <span class='ocrx_word' id='word_1_456' title='bbox 3231 3209 3417 3263; x_wconf 28' lang='lat' dir='ltr'><strong>die’i9</strong></span> <span class='ocrx_word' id='word_1_457' title='bbox 3444 3210 3639 3266; x_wconf 84' lang='lat' dir='ltr'><strong>Octob.</strong></span> <span class='ocrx_word' id='word_1_458' title='bbox 3670 3214 3802 3274; x_wconf 79' lang='lat' dir='ltr'><strong>6l5,</strong></span> 
     </span>
    </p>
   </div>
   <div class='ocr_carea' id='block_1_69' title="bbox 2225 3280 3802 3347">
    <p class='ocr_par' dir='ltr' id='par_1_69' title="bbox 2225 3280 3802 3347">
     <span class='ocr_line' id='line_1_70' title="bbox 2225 3280 3802 3347; baseline 0.002 -15"><span class='ocrx_word' id='word_1_459' title='bbox 2225 3288 2348 3347; x_wconf 89' lang='lat' dir='ltr'><strong>post</strong></span> <span class='ocrx_word' id='word_1_460' title='bbox 2386 3296 2577 3334; x_wconf 88' lang='lat' dir='ltr'><strong>annor.</strong></span> <span class='ocrx_word' id='word_1_461' title='bbox 2611 3297 2664 3334; x_wconf 93' lang='lat' dir='ltr'><strong>Ill</strong></span> <span class='ocrx_word' id='word_1_462' title='bbox 2692 3296 2756 3335; x_wconf 88' lang='lat' dir='ltr'><strong>ac</strong></span> <span class='ocrx_word' id='word_1_463' title='bbox 2789 3280 2923 3334; x_wconf 89' lang='lat' dir='ltr'><strong>dier.</strong></span> <span class='ocrx_word' id='word_1_464' title='bbox 2964 3296 3030 3332; x_wconf 79' lang='lat' dir='ltr'><strong>xx</strong></span> <span class='ocrx_word' id='word_1_465' title='bbox 3054 3284 3259 3343; x_wconf 61' lang='lat' dir='ltr'><strong>sedem,</strong></span> <span class='ocrx_word' id='word_1_466' title='bbox 3294 3280 3325 3332; x_wconf 89' lang='lat'><strong>7</strong></span> <span class='ocrx_word' id='word_1_467' title='bbox 3353 3282 3440 3334; x_wconf 82' lang='lat' dir='ltr'><strong>die</strong></span> <span class='ocrx_word' id='word_1_468' title='bbox 3486 3283 3802 3337; x_wconf 74' lang='lat' dir='ltr'><strong>Novembris</strong></span> 
     </span>
    </p>
   </div>
   <div class='ocr_carea' id='block_1_70' title="bbox 2224 3350 3795 3418">
    <p class='ocr_par' dir='ltr' id='par_1_70' title="bbox 2224 3350 3795 3418">
     <span class='ocr_line' id='line_1_71' title="bbox 2224 3350 3795 3418; baseline 0.004 -17"><span class='ocrx_word' id='word_1_469' title='bbox 2224 3350 2468 3413; x_wconf 87' lang='lat' dir='ltr'><strong>moritur,</strong></span> <span class='ocrx_word' id='word_1_470' title='bbox 2499 3365 2561 3404; x_wconf 88' lang='lat' dir='ltr'><strong>ac</strong></span> <span class='ocrx_word' id='word_1_471' title='bbox 2588 3351 2672 3403; x_wconf 87' lang='lat' dir='ltr'><strong>die.</strong></span> <span class='ocrx_word' id='word_1_472' title='bbox 2696 3360 2907 3418; x_wconf 78' lang='lat' dir='ltr'><strong>postera</strong></span> <span class='ocrx_word' id='word_1_473' title='bbox 2958 3350 3234 3418; x_wconf 88' lang='lat' dir='ltr'><strong>sepelitur,</strong></span> <span class='ocrx_word' id='word_1_474' title='bbox 3289 3358 3346 3402; x_wconf 92' lang='lat' dir='ltr'><strong>ut</strong></span> <span class='ocrx_word' id='word_1_475' title='bbox 3394 3361 3543 3406; x_wconf 86' lang='lat' dir='ltr'><strong>recte</strong></span> <span class='ocrx_word' id='word_1_476' title='bbox 3566 3358 3795 3406; x_wconf 48' lang='lat' dir='ltr'><strong>Anasta.</strong></span> 
     </span>
    </p>
   </div>
   <div class='ocr_carea' id='block_1_71' title="bbox 2221 3419 3795 3489">
    <p class='ocr_par' dir='ltr' id='par_1_71' title="bbox 2221 3419 3795 3489">
     <span class='ocr_line' id='line_1_72' title="bbox 2221 3419 3795 3489; baseline 0.004 -19"><span class='ocrx_word' id='word_1_477' title='bbox 2221 3420 2331 3489; x_wconf 79' lang='lat' dir='ltr'><strong>sius</strong></span> <span class='ocrx_word' id='word_1_478' title='bbox 2360 3431 2415 3473; x_wconf 89' lang='lat' dir='ltr'><strong>et</strong></span> <span class='ocrx_word' id='word_1_479' title='bbox 2458 3419 2887 3489; x_wconf 80' lang='lat' dir='ltr'><strong>Martyrologium</strong></span> <span class='ocrx_word' id='word_1_480' title='bbox 2916 3419 3072 3472; x_wconf 81' lang='lat' dir='ltr'><strong>Rom.</strong></span> <span class='ocrx_word' id='word_1_481' title='bbox 3110 3434 3138 3472; x_wconf 90' lang='lat' dir='ltr'><strong>a</strong></span> <span class='ocrx_word' id='word_1_482' title='bbox 3207 3419 3401 3474; x_wconf 85' lang='lat' dir='ltr'><strong>Baron.</strong></span> <span class='ocrx_word' id='word_1_483' title='bbox 3451 3423 3795 3476; x_wconf 81' lang='lat' dir='ltr'><strong>emendatum</strong></span> 
     </span>
    </p>
   </div>
   <div class='ocr_carea' id='block_1_72' title="bbox 2221 3487 3795 3610">
    <p class='ocr_par' dir='ltr' id='par_1_72' title="bbox 2221 3487 3795 3610">
     <span class='ocr_line' id='line_1_73' title="bbox 2221 3487 3795 3610; baseline 0.004 -72"><span class='ocrx_word' id='word_1_484' title='bbox 2221 3487 2439 3610; x_wconf 52' lang='lat' dir='ltr'><strong>Eabent,</strong></span> <span class='ocrx_word' id='word_1_485' title='bbox 2474 3487 2665 3558; x_wconf 81' lang='lat' dir='ltr'><strong>nempe</strong></span> <span class='ocrx_word' id='word_1_486' title='bbox 2704 3490 2819 3559; x_wconf 89' lang='lat' dir='ltr'><strong>ipsa</strong></span> <span class='ocrx_word' id='word_1_487' title='bbox 2858 3488 3209 3559; x_wconf 89' lang='lat' dir='ltr'><strong>depositionis</strong></span> <span class='ocrx_word' id='word_1_488' title='bbox 3256 3490 3361 3556; x_wconf 88' lang='lat' dir='ltr'><strong>die,</strong></span> <span class='ocrx_word' id='word_1_489' title='bbox 3395 3490 3429 3542; x_wconf 90' lang='lat'>8</span> <span class='ocrx_word' id='word_1_490' title='bbox 3458 3490 3795 3546; x_wconf 81' lang='lat' dir='ltr'><strong>Novembris.</strong></span> 
     </span>
     <span class='ocr_line' id='line_1_74' title="bbox 2267 3574 2448 3610; baseline 0 0"><span class='ocrx_word' id='word_1_491' title='bbox 2267 3574 2448 3610; x_wconf 62' lang='lat' dir='ltr'><strong>cauus.</strong></span> 
     </span>
    </p>
   </div>
   <div class='ocr_carea' id='block_1_73' title="bbox 2267 3574 2448 3611">
    <p class='ocr_par' dir='ltr' id='par_1_73' title="bbox 2267 3574 2448 3611">
     <span class='ocr_line' id='line_1_75' title="bbox 2267 3574 2448 3611; baseline 0.006 -1"><span class='ocrx_word' id='word_1_492' title='bbox 2267 3574 2448 3611; x_wconf 71' lang='lat' dir='ltr'><strong>ENNUS.</strong></span> 
     </span>
    </p>
   </div>
   <div class='ocr_carea' id='block_1_74' title="bbox 2292 3626 3801 3699">
    <p class='ocr_par' dir='ltr' id='par_1_74' title="bbox 2292 3626 3801 3699">
     <span class='ocr_line' id='line_1_76' title="bbox 2292 3626 3801 3699; baseline 0.003 -20"><span class='ocrx_word' id='word_1_493' title='bbox 2292 3626 2721 3699; x_wconf 18' lang='lat' dir='ltr'><strong>—4._7Presbyter</strong></span> <span class='ocrx_word' id='word_1_494' title='bbox 2734 3627 3017 3682; x_wconf 88' lang='lat' dir='ltr'><strong>cardinaiis</strong></span> <span class='ocrx_word' id='word_1_495' title='bbox 3034 3637 3340 3699; x_wconf 69' lang='lat' dir='ltr'><strong>sanctorum</strong></span> <span class='ocrx_word' id='word_1_496' title='bbox 3353 3627 3577 3683; x_wconf 82' lang='lat' dir='ltr'><strong>Joannis</strong></span> <span class='ocrx_word' id='word_1_497' title='bbox 3594 3641 3647 3684; x_wconf 86' lang='lat' dir='ltr'><strong>et</strong></span> <span class='ocrx_word' id='word_1_498' title='bbox 3667 3631 3801 3684; x_wconf 83' lang='lat' dir='ltr'><strong>Pau-</strong></span> 
     </span>
    </p>
   </div>
   <div class='ocr_carea' id='block_1_75' title="bbox 2221 3696 3800 3768">
    <p class='ocr_par' dir='ltr' id='par_1_75' title="bbox 2221 3696 3800 3768">
     <span class='ocr_line' id='line_1_77' title="bbox 2221 3696 3800 3768; baseline 0.003 -19"><span class='ocrx_word' id='word_1_499' title='bbox 2221 3696 2376 3768; x_wconf 81' lang='lat' dir='ltr'><strong>li,tit.</strong></span> <span class='ocrx_word' id='word_1_500' title='bbox 2402 3696 2750 3762; x_wconf 81' lang='lat' dir='ltr'><strong>Painmacliii,</strong></span> <span class='ocrx_word' id='word_1_501' title='bbox 2774 3712 2803 3749; x_wconf 90' lang='lat' dir='ltr'><strong>a</strong></span> <span class='ocrx_word' id='word_1_502' title='bbox 2822 3709 3007 3752; x_wconf 78' lang='lat' dir='ltr'><strong>sancto</strong></span> <span class='ocrx_word' id='word_1_503' title='bbox 3027 3698 3090 3751; x_wconf 68' lang='lat' dir='ltr'><strong>Gn</strong></span> <span class='ocrx_word' id='word_1_504' title='bbox 3105 3700 3290 3766; x_wconf 84' lang='lat' dir='ltr'><strong>egorio</strong></span> <span class='ocrx_word' id='word_1_505' title='bbox 3305 3716 3438 3768; x_wconf 85' lang='lat' dir='ltr'><strong>papa</strong></span> <span class='ocrx_word' id='word_1_506' title='bbox 3454 3702 3646 3765; x_wconf 71' lang='lat' dir='ltr'><strong>factus,</strong></span> <span class='ocrx_word' id='word_1_507' title='bbox 3665 3699 3800 3754; x_wconf 81' lang='lat' dir='ltr'><strong>Pon-</strong></span> 
     </span>
    </p>
   </div>
   <div class='ocr_carea' id='block_1_76' title="bbox 2221 3766 3793 3838">
    <p class='ocr_par' dir='ltr' id='par_1_76' title="bbox 2221 3766 3793 3838">
     <span class='ocr_line' id='line_1_78' title="bbox 2221 3766 3793 3838; baseline 0.003 -20"><span class='ocrx_word' id='word_1_508' title='bbox 2221 3766 2475 3838; x_wconf 63' lang='lat' dir='ltr'><strong>t_iii«~atnin</strong></span> <span class='ocrx_word' id='word_1_509' title='bbox 2496 3768 2731 3838; x_wconf 90' lang='lat' dir='ltr'><strong>omnium</strong></span> <span class='ocrx_word' id='word_1_510' title='bbox 2746 3769 3007 3835; x_wconf 79' lang='lat' dir='ltr'><strong>suffragiis</strong></span> <span class='ocrx_word' id='word_1_511' title='bbox 3020 3769 3265 3838; x_wconf 77' lang='lat' dir='ltr'><strong>adeptus,</strong></span> <span class='ocrx_word' id='word_1_512' title='bbox 3291 3766 3446 3830; x_wconf 67' lang='lat' dir='ltr'><strong>sedit,</strong></span> <span class='ocrx_word' id='word_1_513' title='bbox 3468 3771 3793 3838; x_wconf 77' lang='lat' dir='ltr'><strong>imperature</strong></span> 
     </span>
    </p>
   </div>
   <div class='ocr_carea' id='block_1_77' title="bbox 2220 3835 3794 3899">
    <p class='ocr_par' dir='ltr' id='par_1_77' title="bbox 2220 3835 3794 3899">
     <span class='ocr_line' id='line_1_79' title="bbox 2220 3835 3794 3899; baseline 0.003 -12"><span class='ocrx_word' id='word_1_514' title='bbox 2220 3835 2400 3891; x_wconf 63' lang='lat' dir='ltr'><strong>Flamo</strong></span> <span class='ocrx_word' id='word_1_515' title='bbox 2416 3836 2658 3891; x_wconf 86' lang='lat' dir='ltr'><strong>Heraclio</strong></span> <span class='ocrx_word' id='word_1_516' title='bbox 2676 3836 2934 3899; x_wconf 66' lang='lat' dir='ltr'><strong>Augusto,</strong></span> <span class='ocrx_word' id='word_1_517' title='bbox 2958 3835 3245 3892; x_wconf 40' lang='lat' dir='ltr'><strong>annus—tres</strong></span> <span class='ocrx_word' id='word_1_518' title='bbox 3258 3839 3371 3891; x_wconf 81' lang='lat' dir='ltr'><strong>dies</strong></span> <span class='ocrx_word' id='word_1_519' title='bbox 3386 3854 3492 3899; x_wconf 79' lang='lat' dir='ltr'><strong>xix.</strong></span> <span class='ocrx_word' id='word_1_520' title='bbox 3512 3835 3794 3893; x_wconf 64' lang='grc' dir='ltr'><strong>οὸηςοιρηιο</strong></span> 
     </span>
    </p>
   </div>
   <div class='ocr_carea' id='block_1_78' title="bbox 551 3905 3792 3980">
    <p class='ocr_par' dir='ltr' id='par_1_78' title="bbox 551 3905 3792 3980">
     <span class='ocr_line' id='line_1_80' title="bbox 551 3905 3792 3980; baseline -0.001 -17"><span class='ocrx_word' id='word_1_521' title='bbox 551 3910 694 3964; x_wconf 87' lang='lat' dir='ltr'><strong>sedis</strong></span> <span class='ocrx_word' id='word_1_522' title='bbox 734 3908 911 3980; x_wconf 83' lang='lat' dir='ltr'><strong>sancti</strong></span> <span class='ocrx_word' id='word_1_523' title='bbox 967 3905 1568 3980; x_wconf 81' lang='lat' dir='ltr'><strong>Deusdedit__removeri</strong></span> <span class='ocrx_word' id='word_1_524' title='bbox 1621 3924 1725 3980; x_wconf 87' lang='lat' dir='ltr'><strong>non</strong></span> <span class='ocrx_word' id='word_1_525' title='bbox 1771 3918 2021 3977; x_wconf 89' lang='lat' dir='ltr'><strong>possunt;</strong></span> <span class='ocrx_word' id='word_1_526' title='bbox 2052 3926 2114 3964; x_wconf 88' lang='lat' dir='ltr'><strong>ac</strong></span> <span class='ocrx_word' id='word_1_527' title='bbox 2139 3916 2188 3980; x_wconf 69' lang='grc' dir='ltr'>ο</span> <span class='ocrx_word' id='word_1_528' title='bbox 2221 3916 2303 3980; x_wconf 70' lang='lat' dir='ltr'><strong>tus</strong></span> <span class='ocrx_word' id='word_1_529' title='bbox 2325 3907 2409 3959; x_wconf 87' lang='lat' dir='ltr'><strong>die</strong></span> <span class='ocrx_word' id='word_1_530' title='bbox 2424 3908 2687 3980; x_wconf 80' lang='lat' dir='ltr'><strong>dominica</strong></span> <span class='ocrx_word' id='word_1_531' title='bbox 2701 3905 2900 3980; x_wconf 65' lang='lat' dir='ltr'><strong>qual.</strong></span> <span class='ocrx_word' id='word_1_532' title='bbox 2924 3906 3420 3980; x_wconf 87' lang='lat' dir='ltr'><strong>Novembris,anno</strong></span> <span class='ocrx_word' id='word_1_533' title='bbox 3439 3907 3792 3962; x_wconf 67' lang='lat' dir='ltr'><strong>Dominitilﬁ.</strong></span> 
     </span>
    </p>
   </div>
   <div class='ocr_carea' id='block_1_79' title="bbox 552 3975 2110 4048">
    <p class='ocr_par' dir='ltr' id='par_1_79' title="bbox 552 3975 2110 4048">
     <span class='ocr_line' id='line_1_81' title="bbox 552 3975 2110 4048; baseline 0 -15"><span class='ocrx_word' id='word_1_534' title='bbox 552 3979 779 4048; x_wconf 89' lang='lat' dir='ltr'><strong>proinde</strong></span> <span class='ocrx_word' id='word_1_535' title='bbox 806 3987 901 4032; x_wconf 86' lang='lat' dir='ltr'><strong>aut</strong></span> <span class='ocrx_word' id='word_1_536' title='bbox 930 3993 1124 4031; x_wconf 87' lang='lat' dir='ltr'><strong>novum</strong></span> <span class='ocrx_word' id='word_1_537' title='bbox 1172 3975 1290 4048; x_wconf 80' lang='lat' dir='ltr'><strong>cudi</strong></span> <span class='ocrx_word' id='word_1_538' title='bbox 1338 3975 1822 4045; x_wconf 79' lang='lat' dir='ltr'><strong>interpontificium,</strong></span> <span class='ocrx_word' id='word_1_539' title='bbox 1849 3989 1942 4031; x_wconf 89' lang='lat' dir='ltr'><strong>aut</strong></span> <span class='ocrx_word' id='word_1_540' title='bbox 1975 3980 2110 4033; x_wconf 86' lang='lat' dir='ltr'><strong>divi-</strong></span> 
     </span>
    </p>
   </div>
   <div class='ocr_carea' id='block_1_80' title="bbox 549 4046 2110 4116">
    <p class='ocr_par' dir='ltr' id='par_1_80' title="bbox 549 4046 2110 4116">
     <span class='ocr_line' id='line_1_82' title="bbox 549 4046 2110 4116; baseline 0.002 -16"><span class='ocrx_word' id='word_1_541' title='bbox 549 4046 667 4101; x_wconf 81' lang='lat' dir='ltr'><strong>nari</strong></span> <span class='ocrx_word' id='word_1_542' title='bbox 715 4056 947 4115; x_wconf 89' lang='lat' dir='ltr'><strong>oportet.</strong></span> <span class='ocrx_word' id='word_1_543' title='bbox 994 4053 1071 4101; x_wconf 80' lang='lat' dir='ltr'><strong>Ad</strong></span> <span class='ocrx_word' id='word_1_544' title='bbox 1122 4046 1261 4100; x_wconf 85' lang='lat' dir='ltr'><strong>sedis</strong></span> <span class='ocrx_word' id='word_1_545' title='bbox 1319 4054 1526 4113; x_wconf 88' lang='lat' dir='ltr'><strong>tempus</strong></span> <span class='ocrx_word' id='word_1_546' title='bbox 1579 4049 1719 4116; x_wconf 89' lang='lat' dir='ltr'><strong>quod</strong></span> <span class='ocrx_word' id='word_1_547' title='bbox 1755 4050 1967 4113; x_wconf 87' lang='lat' dir='ltr'><strong>attinet,</strong></span> <span class='ocrx_word' id='word_1_548' title='bbox 2001 4058 2110 4103; x_wconf 90' lang='lat' dir='ltr'><strong>tam</strong></span> 
     </span>
    </p>
   </div>
   <div class='ocr_carea' id='block_1_81' title="bbox 551 4116 2109 4186">
    <p class='ocr_par' dir='ltr' id='par_1_81' title="bbox 551 4116 2109 4186">
     <span class='ocr_line' id='line_1_83' title="bbox 551 4116 2109 4186; baseline 0.001 -16"><span class='ocrx_word' id='word_1_549' title='bbox 551 4118 720 4172; x_wconf 85' lang='lat' dir='ltr'><strong>Codd.</strong></span> <span class='ocrx_word' id='word_1_550' title='bbox 753 4134 911 4186; x_wconf 89' lang='lat' dir='ltr'><strong>quam</strong></span> <span class='ocrx_word' id='word_1_551' title='bbox 937 4116 1163 4186; x_wconf 74' lang='lat' dir='ltr'><strong>catalogi</strong></span> <span class='ocrx_word' id='word_1_552' title='bbox 1194 4131 1309 4186; x_wconf 82' lang='lat' dir='ltr'><strong>eam</strong></span> <span class='ocrx_word' id='word_1_553' title='bbox 1340 4117 1596 4171; x_wconf 84' lang='lat' dir='ltr'><strong>definiunt</strong></span> <span class='ocrx_word' id='word_1_554' title='bbox 1621 4134 1882 4170; x_wconf 86' lang='lat' dir='ltr'><strong>annorum</strong></span> <span class='ocrx_word' id='word_1_555' title='bbox 1928 4120 2109 4183; x_wconf 90' lang='lat' dir='ltr'><strong>trium,</strong></span> 
     </span>
    </p>
   </div>
   <div class='ocr_carea' id='block_1_82' title="bbox 551 4184 2115 4256">
    <p class='ocr_par' dir='ltr' id='par_1_82' title="bbox 551 4184 2115 4256">
     <span class='ocr_line' id='line_1_84' title="bbox 551 4184 2115 4256; baseline -0.001 -14"><span class='ocrx_word' id='word_1_556' title='bbox 551 4184 864 4256; x_wconf 80' lang='lat' dir='ltr'><strong>diermuqne</strong></span> <span class='ocrx_word' id='word_1_557' title='bbox 892 4187 963 4256; x_wconf 68' lang='grc'><strong>25</strong></span> <span class='ocrx_word' id='word_1_558' title='bbox 982 4195 1072 4239; x_wconf 90' lang='lat' dir='ltr'><strong>aut</strong></span> <span class='ocrx_word' id='word_1_559' title='bbox 1098 4184 1187 4238; x_wconf 70' lang='grc'><strong>24,</strong></span> <span class='ocrx_word' id='word_1_560' title='bbox 1222 4185 1321 4237; x_wconf 88' lang='lat' dir='ltr'><strong>Alii</strong></span> <span class='ocrx_word' id='word_1_561' title='bbox 1346 4197 1521 4256; x_wconf 83' lang='lat' dir='ltr'><strong>autem</strong></span> <span class='ocrx_word' id='word_1_562' title='bbox 1566 4196 1684 4240; x_wconf 84' lang='lat' dir='ltr'><strong>sunt</strong></span> <span class='ocrx_word' id='word_1_563' title='bbox 1732 4186 1995 4255; x_wconf 80' lang='lat' dir='ltr'><strong>Catalogi.</strong></span> <span class='ocrx_word' id='word_1_564' title='bbox 2056 4199 2115 4242; x_wconf 91' lang='lat' dir='ltr'><strong>ut</strong></span> 
     </span>
    </p>
   </div>
   <div class='ocr_carea' id='block_1_83' title="bbox 548 4254 2113 4327">
    <p class='ocr_par' dir='ltr' id='par_1_83' title="bbox 548 4254 2113 4327">
     <span class='ocr_line' id='line_1_85' title="bbox 548 4254 2113 4327; baseline 0 -16"><span class='ocrx_word' id='word_1_565' title='bbox 548 4259 767 4327; x_wconf 83' lang='lat' dir='ltr'><strong>quintus</strong></span> <span class='ocrx_word' id='word_1_566' title='bbox 782 4254 918 4311; x_wconf 80' lang='lat' dir='ltr'><strong>Ant.</strong></span> <span class='ocrx_word' id='word_1_567' title='bbox 944 4255 1111 4324; x_wconf 81' lang='lat' dir='ltr'><strong>Pagii,</strong></span> <span class='ocrx_word' id='word_1_568' title='bbox 1130 4264 1328 4327; x_wconf 65' lang='lat' dir='ltr'><strong>uoster</strong></span> <span class='ocrx_word' id='word_1_569' title='bbox 1361 4254 1724 4310; x_wconf 86' lang='lat' dir='ltr'><strong>Blancbioian.</strong></span> <span class='ocrx_word' id='word_1_570' title='bbox 1757 4266 1912 4310; x_wconf 89' lang='lat' dir='ltr'><strong>antea</strong></span> <span class='ocrx_word' id='word_1_571' title='bbox 1936 4254 2113 4311; x_wconf 77' lang='lat' dir='ltr'><strong>inedi-</strong></span> 
     </span>
    </p>
   </div>
   <div class='ocr_carea' id='block_1_84' title="bbox 550 4324 2108 4393">
    <p class='ocr_par' dir='ltr' id='par_1_84' title="bbox 550 4324 2108 4393">
     <span class='ocr_line' id='line_1_86' title="bbox 550 4324 2108 4393; baseline 0.001 -12"><span class='ocrx_word' id='word_1_572' title='bbox 550 4324 655 4391; x_wconf 65' lang='lat' dir='ltr'><strong>ius,</strong></span> <span class='ocrx_word' id='word_1_573' title='bbox 703 4339 758 4384; x_wconf 90' lang='lat' dir='ltr'><strong>et</strong></span> <span class='ocrx_word' id='word_1_574' title='bbox 811 4328 1076 4383; x_wconf 83' lang='lat' dir='ltr'><strong>secundus</strong></span> <span class='ocrx_word' id='word_1_575' title='bbox 1127 4324 1435 4387; x_wconf 78' lang='lat' dir='ltr'><strong>Mabillonii,</strong></span> <span class='ocrx_word' id='word_1_576' title='bbox 1485 4328 1576 4393; x_wconf 90' lang='lat' dir='ltr'><strong>qui</strong></span> <span class='ocrx_word' id='word_1_577' title='bbox 1626 4327 1827 4380; x_wconf 88' lang='lat' dir='ltr'><strong>habent</strong></span> <span class='ocrx_word' id='word_1_578' title='bbox 1863 4342 1989 4380; x_wconf 86' lang='lat' dir='ltr'><strong>ann.</strong></span> <span class='ocrx_word' id='word_1_579' title='bbox 2022 4344 2108 4391; x_wconf 87' lang='lat' dir='ltr'><strong>ut,</strong></span> 
     </span>
    </p>
   </div>
   <div class='ocr_carea' id='block_1_85' title="bbox 550 4396 2115 4465">
    <p class='ocr_par' dir='ltr' id='par_1_85' title="bbox 550 4396 2115 4465">
     <span class='ocr_line' id='line_1_87' title="bbox 550 4396 2115 4465; baseline -0.001 -13"><span class='ocrx_word' id='word_1_580' title='bbox 550 4398 604 4452; x_wconf 88' lang='lat' dir='ltr'><strong>d.</strong></span> <span class='ocrx_word' id='word_1_581' title='bbox 635 4411 723 4452; x_wconf 81' lang='lat' dir='ltr'><strong>xx.</strong></span> <span class='ocrx_word' id='word_1_582' title='bbox 774 4398 1010 4463; x_wconf 83' lang='lat' dir='ltr'><strong>Quorum</strong></span> <span class='ocrx_word' id='word_1_583' title='bbox 1043 4396 1282 4465; x_wconf 83' lang='lat' dir='ltr'><strong>Opinioni</strong></span> <span class='ocrx_word' id='word_1_584' title='bbox 1328 4396 1683 4461; x_wconf 70' lang='lat' dir='ltr'><strong>suffragantur</strong></span> <span class='ocrx_word' id='word_1_585' title='bbox 1712 4396 1922 4450; x_wconf 84' lang='lat' dir='ltr'><strong>Martio.</strong></span> <span class='ocrx_word' id='word_1_586' title='bbox 1956 4396 2115 4451; x_wconf 77' lang='lat' dir='ltr'><strong>Polo-</strong></span> 
     </span>
    </p>
   </div>
   <div class='ocr_carea' id='block_1_86' title="bbox 551 4464 2110 4531">
    <p class='ocr_par' dir='ltr' id='par_1_86' title="bbox 551 4464 2110 4531">
     <span class='ocr_line' id='line_1_88' title="bbox 551 4464 2110 4531; baseline -0.001 -10"><span class='ocrx_word' id='word_1_587' title='bbox 551 4474 671 4531; x_wconf 83' lang='lat' dir='ltr'><strong>nus,</strong></span> <span class='ocrx_word' id='word_1_588' title='bbox 727 4477 914 4522; x_wconf 89' lang='lat' dir='ltr'><strong>auctor</strong></span> <span class='ocrx_word' id='word_1_589' title='bbox 938 4464 1140 4520; x_wconf 64' lang='lat' dir='ltr'><strong>Fascio.</strong></span> <span class='ocrx_word' id='word_1_590' title='bbox 1174 4465 1385 4529; x_wconf 90' lang='lat' dir='ltr'><strong>Temp.,</strong></span> <span class='ocrx_word' id='word_1_591' title='bbox 1416 4473 1470 4516; x_wconf 75' lang='lat' dir='ltr'><strong>et</strong></span> <span class='ocrx_word' id='word_1_592' title='bbox 1500 4464 1781 4519; x_wconf 68' lang='lat' dir='ltr'><strong>Godl’rirlus</strong></span> <span class='ocrx_word' id='word_1_593' title='bbox 1818 4467 2110 4519; x_wconf 80' lang='lat' dir='ltr'><strong>Viterbicu-</strong></span> 
     </span>
    </p>
   </div>
   <div class='ocr_carea' id='block_1_87' title="bbox 552 4532 2105 4606">
    <p class='ocr_par' dir='ltr' id='par_1_87' title="bbox 552 4532 2105 4606">
     <span class='ocr_line' id='line_1_89' title="bbox 552 4532 2105 4606; baseline 0 -18"><span class='ocrx_word' id='word_1_594' title='bbox 552 4537 648 4606; x_wconf 77' lang='lat' dir='ltr'><strong>sis,</strong></span> <span class='ocrx_word' id='word_1_595' title='bbox 678 4539 765 4605; x_wconf 93' lang='lat' dir='ltr'><strong>qui</strong></span> <span class='ocrx_word' id='word_1_596' title='bbox 795 4552 1070 4606; x_wconf 73' lang='lat' dir='ltr'><strong>perperam</strong></span> <span class='ocrx_word' id='word_1_597' title='bbox 1095 4532 1641 4606; x_wconf 70' lang='lat' dir='ltr'><strong>emnfecitmqu_alem</strong></span> <span class='ocrx_word' id='word_1_598' title='bbox 1670 4536 1874 4601; x_wconf 85' lang='lat' dir='ltr'><strong>imperii</strong></span> <span class='ocrx_word' id='word_1_599' title='bbox 1900 4535 2105 4589; x_wconf 72' lang='lat' dir='ltr'><strong>Pbocm.</strong></span> 
     </span>
    </p>
   </div>
   <div class='ocr_carea' id='block_1_88' title="bbox 551 4604 2113 4666">
    <p class='ocr_par' dir='ltr' id='par_1_88' title="bbox 551 4604 2113 4666">
     <span class='ocr_line' id='line_1_90' title="bbox 551 4604 2113 4666; baseline -0.001 -7"><span class='ocrx_word' id='word_1_600' title='bbox 551 4604 754 4659; x_wconf 82' lang='lat' dir='ltr'><strong>Horum</strong></span> <span class='ocrx_word' id='word_1_601' title='bbox 795 4604 1123 4659; x_wconf 76' lang='lat' dir='ltr'><strong>auctoritate</strong></span> <span class='ocrx_word' id='word_1_602' title='bbox 1166 4604 1436 4658; x_wconf 72' lang='lat' dir='ltr'><strong>iuba-rens</strong></span> <span class='ocrx_word' id='word_1_603' title='bbox 1466 4604 1533 4656; x_wconf 88' lang='lat' dir='ltr'><strong>ab</strong></span> <span class='ocrx_word' id='word_1_604' title='bbox 1563 4606 1843 4658; x_wconf 90' lang='lat' dir='ltr'><strong>emortuali</strong></span> <span class='ocrx_word' id='word_1_605' title='bbox 1870 4606 1984 4666; x_wconf 88' lang='lat' dir='ltr'><strong>die,</strong></span> <span class='ocrx_word' id='word_1_606' title='bbox 2017 4620 2113 4658; x_wconf 86' lang='lat' dir='ltr'><strong>seu</strong></span> 
     </span>
    </p>
   </div>
   <div class='ocr_carea' id='block_1_89' title="bbox 549 4673 2114 4741">
    <p class='ocr_par' dir='ltr' id='par_1_89' title="bbox 549 4673 2114 4741">
     <span class='ocr_line' id='line_1_91' title="bbox 549 4673 2114 4741; baseline 0 -14"><span class='ocrx_word' id='word_1_607' title='bbox 549 4676 917 4741; x_wconf 83' lang='lat' dir='ltr'><strong>depositionis,</strong></span> <span class='ocrx_word' id='word_1_608' title='bbox 968 4673 1000 4727; x_wconf 91' lang='lat'><strong>8</strong></span> <span class='ocrx_word' id='word_1_609' title='bbox 1049 4673 1358 4727; x_wconf 85' lang='lat' dir='ltr'><strong>Novembris</strong></span> <span class='ocrx_word' id='word_1_610' title='bbox 1404 4673 1527 4737; x_wconf 79' lang='lat'><strong>618,</strong></span> <span class='ocrx_word' id='word_1_611' title='bbox 1563 4684 1707 4727; x_wconf 89' lang='lat' dir='ltr'><strong>retro</strong></span> <span class='ocrx_word' id='word_1_612' title='bbox 1739 4676 1912 4728; x_wconf 83' lang='lat' dir='ltr'><strong>habeo</strong></span> <span class='ocrx_word' id='word_1_613' title='bbox 1944 4691 2114 4727; x_wconf 79' lang='lat' dir='ltr'><strong>annos</strong></span> 
     </span>
    </p>
   </div>
   <div class='ocr_carea' id='block_1_90' title="bbox 552 4742 2109 4812">
    <p class='ocr_par' dir='ltr' id='par_1_90' title="bbox 552 4742 2109 4812">
     <span class='ocr_line' id='line_1_92' title="bbox 552 4742 2109 4812; baseline 0.003 -19"><span class='ocrx_word' id='word_1_614' title='bbox 552 4755 679 4805; x_wconf 72' lang='lat' dir='ltr'><strong>tres,</strong></span> <span class='ocrx_word' id='word_1_615' title='bbox 707 4746 822 4799; x_wconf 85' lang='lat' dir='ltr'><strong>dies</strong></span> <span class='ocrx_word' id='word_1_616' title='bbox 845 4761 934 4807; x_wconf 81' lang='lat' dir='ltr'><strong>xx,</strong></span> <span class='ocrx_word' id='word_1_617' title='bbox 958 4745 1204 4812; x_wconf 87' lang='lat' dir='ltr'><strong>diemque</strong></span> <span class='ocrx_word' id='word_1_618' title='bbox 1234 4744 1444 4797; x_wconf 89' lang='lat' dir='ltr'><strong>invenio</strong></span> <span class='ocrx_word' id='word_1_619' title='bbox 1472 4742 1535 4795; x_wconf 80' lang='lat' dir='ltr'><strong>l9</strong></span> <span class='ocrx_word' id='word_1_620' title='bbox 1569 4742 1809 4797; x_wconf 82' lang='lat' dir='ltr'><strong>Octobris</strong></span> <span class='ocrx_word' id='word_1_621' title='bbox 1832 4744 1956 4797; x_wconf 85' lang='lat' dir='ltr'><strong>anni</strong></span> <span class='ocrx_word' id='word_1_622' title='bbox 1986 4744 2109 4805; x_wconf 75' lang='grc'><strong>615.</strong></span> 
     </span>
    </p>
   </div>
   <div class='ocr_carea' id='block_1_91' title="bbox 552 4814 2112 4881">
    <p class='ocr_par' dir='ltr' id='par_1_91' title="bbox 552 4814 2112 4881">
     <span class='ocr_line' id='line_1_93' title="bbox 552 4814 2112 4881; baseline 0.003 -17"><span class='ocrx_word' id='word_1_623' title='bbox 552 4814 727 4867; x_wconf 88' lang='lat' dir='ltr'><strong>littera</strong></span> <span class='ocrx_word' id='word_1_624' title='bbox 755 4814 814 4875; x_wconf 84' lang='lat' dir='ltr'><strong>F,</strong></span> <span class='ocrx_word' id='word_1_625' title='bbox 845 4821 1211 4881; x_wconf 74' lang='lat' dir='ltr'><strong>przenotatam,</strong></span> <span class='ocrx_word' id='word_1_626' title='bbox 1254 4828 1371 4881; x_wconf 73' lang='lat' dir='ltr'><strong>qua:</strong></span> <span class='ocrx_word' id='word_1_627' title='bbox 1400 4830 1465 4866; x_wconf 89' lang='lat' dir='ltr'><strong>eo</strong></span> <span class='ocrx_word' id='word_1_628' title='bbox 1501 4829 1641 4866; x_wconf 89' lang='lat' dir='ltr'><strong>anno</strong></span> <span class='ocrx_word' id='word_1_629' title='bbox 1687 4829 1806 4866; x_wconf 90' lang='lat' dir='ltr'><strong>cum</strong></span> <span class='ocrx_word' id='word_1_630' title='bbox 1838 4814 2112 4868; x_wconf 86' lang='lat' dir='ltr'><strong>Dominica</strong></span> 
     </span>
    </p>
   </div>
   <div class='ocr_carea' id='block_1_92' title="bbox 551 4883 2114 4951">
    <p class='ocr_par' dir='ltr' id='par_1_92' title="bbox 551 4883 2114 4951">
     <span class='ocr_line' id='line_1_94' title="bbox 551 4883 2114 4951; baseline 0.001 -15"><span class='ocrx_word' id='word_1_631' title='bbox 551 4885 856 4949; x_wconf 87' lang='lat' dir='ltr'><strong>concurrit;</strong></span> <span class='ocrx_word' id='word_1_632' title='bbox 902 4898 1069 4951; x_wconf 85' lang='lat' dir='ltr'><strong>quare</strong></span> <span class='ocrx_word' id='word_1_633' title='bbox 1121 4883 1305 4951; x_wconf 82' lang='lat' dir='ltr'><strong>videor</strong></span> <span class='ocrx_word' id='word_1_634' title='bbox 1340 4884 1481 4937; x_wconf 89' lang='lat' dir='ltr'><strong>diem</strong></span> <span class='ocrx_word' id='word_1_635' title='bbox 1540 4884 1707 4951; x_wconf 67' lang='lat' dir='ltr'><strong>ipsam</strong></span> <span class='ocrx_word' id='word_1_636' title='bbox 1762 4883 2114 4937; x_wconf 88' lang='lat' dir='ltr'><strong>ordinationis</strong></span> 
     </span>
    </p>
   </div>
   <div class='ocr_carea' id='block_1_93' title="bbox 553 4950 2109 5021">
    <p class='ocr_par' dir='ltr' id='par_1_93' title="bbox 553 4950 2109 5021">
     <span class='ocr_line' id='line_1_95' title="bbox 553 4950 2109 5021; baseline -0.001 -16"><span class='ocrx_word' id='word_1_637' title='bbox 553 4962 760 5019; x_wconf 89' lang='lat' dir='ltr'><strong>nactus,</strong></span> <span class='ocrx_word' id='word_1_638' title='bbox 789 4950 946 5021; x_wconf 80' lang='lat' dir='ltr'><strong>quam</strong></span> <span class='ocrx_word' id='word_1_639' title='bbox 987 4952 1146 5005; x_wconf 90' lang='lat' dir='ltr'><strong>etiam</strong></span> <span class='ocrx_word' id='word_1_640' title='bbox 1179 4950 1369 5019; x_wconf 83' lang='lat' dir='ltr'><strong>Pagius</strong></span> <span class='ocrx_word' id='word_1_641' title='bbox 1397 4950 1661 5020; x_wconf 85' lang='lat' dir='ltr'><strong>ejusmodi</strong></span> <span class='ocrx_word' id='word_1_642' title='bbox 1683 4967 1801 5006; x_wconf 88' lang='lat' dir='ltr'><strong>esse</strong></span> <span class='ocrx_word' id='word_1_643' title='bbox 1831 4954 2109 5017; x_wconf 75' lang='lat' dir='ltr'><strong>cognovit:</strong></span> 
     </span>
    </p>
   </div>
   <div class='ocr_carea' id='block_1_94' title="bbox 553 5022 2113 5091">
    <p class='ocr_par' dir='ltr' id='par_1_94' title="bbox 553 5022 2113 5091">
     <span class='ocr_line' id='line_1_96' title="bbox 553 5022 2113 5091; baseline -0.001 -16"><span class='ocrx_word' id='word_1_644' title='bbox 553 5038 842 5091; x_wconf 82' lang='lat' dir='ltr'><strong>rursusque</strong></span> <span class='ocrx_word' id='word_1_645' title='bbox 879 5023 945 5075; x_wconf 90' lang='lat' dir='ltr'><strong>ab</strong></span> <span class='ocrx_word' id='word_1_646' title='bbox 975 5023 1075 5074; x_wconf 88' lang='lat' dir='ltr'><strong>hac</strong></span> <span class='ocrx_word' id='word_1_647' title='bbox 1114 5022 1465 5076; x_wconf 82' lang='lat' dir='ltr'><strong>ordinationis</strong></span> <span class='ocrx_word' id='word_1_648' title='bbox 1517 5022 1604 5075; x_wconf 88' lang='lat' dir='ltr'><strong>die</strong></span> <span class='ocrx_word' id='word_1_649' title='bbox 1660 5022 1725 5075; x_wconf 89' lang='lat' dir='ltr'><strong>ad</strong></span> <span class='ocrx_word' id='word_1_650' title='bbox 1764 5022 2018 5074; x_wconf 85' lang='lat' dir='ltr'><strong>Bonifacii</strong></span> <span class='ocrx_word' id='word_1_651' title='bbox 2048 5022 2113 5074; x_wconf 89' lang='lat' dir='ltr'><strong>IV</strong></span> 
     </span>
    </p>
   </div>
   <div class='ocr_carea' id='block_1_95' title="bbox 553 5091 2111 5158">
    <p class='ocr_par' dir='ltr' id='par_1_95' title="bbox 553 5091 2111 5158">
     <span class='ocr_line' id='line_1_97' title="bbox 553 5091 2111 5158; baseline -0.001 -12"><span class='ocrx_word' id='word_1_652' title='bbox 553 5094 897 5147; x_wconf 89' lang='lat' dir='ltr'><strong>emortualem</strong></span> <span class='ocrx_word' id='word_1_653' title='bbox 913 5091 1242 5146; x_wconf 88' lang='lat' dir='ltr'><strong>ascendens7</strong></span> <span class='ocrx_word' id='word_1_654' title='bbox 1259 5091 1625 5157; x_wconf 76' lang='lat' dir='ltr'><strong>Maii,numero</strong></span> <span class='ocrx_word' id='word_1_655' title='bbox 1640 5106 1846 5143; x_wconf 89' lang='lat' dir='ltr'><strong>menses</strong></span> <span class='ocrx_word' id='word_1_656' title='bbox 1858 5092 2111 5158; x_wconf 91' lang='lat' dir='ltr'><strong>quinque,</strong></span> 
     </span>
    </p>
   </div>
   <div class='ocr_carea' id='block_1_96' title="bbox 553 5161 2110 5229">
    <p class='ocr_par' dir='ltr' id='par_1_96' title="bbox 553 5161 2110 5229">
     <span class='ocr_line' id='line_1_98' title="bbox 553 5161 2110 5229; baseline -0.001 -15"><span class='ocrx_word' id='word_1_657' title='bbox 553 5163 666 5216; x_wconf 84' lang='lat' dir='ltr'><strong>dies</strong></span> <span class='ocrx_word' id='word_1_658' title='bbox 696 5179 803 5226; x_wconf 87' lang='lat' dir='ltr'><strong>xm,</strong></span> <span class='ocrx_word' id='word_1_659' title='bbox 834 5178 939 5217; x_wconf 92' lang='lat' dir='ltr'><strong>non</strong></span> <span class='ocrx_word' id='word_1_660' title='bbox 984 5177 1076 5225; x_wconf 83' lang='lat' dir='ltr'><strong>xu,</strong></span> <span class='ocrx_word' id='word_1_661' title='bbox 1127 5172 1185 5214; x_wconf 90' lang='lat' dir='ltr'><strong>ut</strong></span> <span class='ocrx_word' id='word_1_662' title='bbox 1214 5164 1372 5215; x_wconf 80' lang='lat' dir='ltr'><strong>habet</strong></span> <span class='ocrx_word' id='word_1_663' title='bbox 1418 5161 1630 5229; x_wconf 79' lang='lat' dir='ltr'><strong>Pagius,</strong></span> <span class='ocrx_word' id='word_1_664' title='bbox 1682 5161 1778 5228; x_wconf 86' lang='lat' dir='ltr'><strong>ipsi</strong></span> <span class='ocrx_word' id='word_1_665' title='bbox 1828 5161 1967 5213; x_wconf 88' lang='lat' dir='ltr'><strong>enim</strong></span> <span class='ocrx_word' id='word_1_666' title='bbox 1995 5161 2110 5213; x_wconf 83' lang='lat' dir='ltr'><strong>obi-</strong></span> 
     </span>
    </p>
   </div>
   <div class='ocr_carea' id='block_1_97' title="bbox 2220 3975 3794 4045">
    <p class='ocr_par' dir='ltr' id='par_1_97' title="bbox 2220 3975 3794 4045">
     <span class='ocr_line' id='line_1_99' title="bbox 2220 3975 3794 4045; baseline 0.003 -18"><span class='ocrx_word' id='word_1_667' title='bbox 2220 3975 2509 4031; x_wconf 87' lang='lat' dir='ltr'><strong>Deusdedit</strong></span> <span class='ocrx_word' id='word_1_668' title='bbox 2538 3987 2653 4029; x_wconf 89' lang='lat' dir='ltr'><strong>erat</strong></span> <span class='ocrx_word' id='word_1_669' title='bbox 2676 3976 2993 4030; x_wconf 89' lang='lat' dir='ltr'><strong>vocabulum</strong></span> <span class='ocrx_word' id='word_1_670' title='bbox 3018 3979 3372 4045; x_wconf 73' lang='lat' dir='ltr'><strong>compositum</strong></span> <span class='ocrx_word' id='word_1_671' title='bbox 3395 3994 3459 4029; x_wconf 90' lang='lat' dir='ltr'><strong>ex</strong></span> <span class='ocrx_word' id='word_1_672' title='bbox 3495 3982 3711 4031; x_wconf 83' lang='lat' dir='ltr'><strong>nomine</strong></span> <span class='ocrx_word' id='word_1_673' title='bbox 3736 3990 3794 4031; x_wconf 78' lang='lat' dir='ltr'><strong>ct</strong></span> 
     </span>
    </p>
   </div>
   <div class='ocr_carea' id='block_1_98' title="bbox 2216 4045 3794 4111">
    <p class='ocr_par' dir='ltr' id='par_1_98' title="bbox 2216 4045 3794 4111">
     <span class='ocr_line' id='line_1_100' title="bbox 2216 4045 3794 4111; baseline 0.003 -15"><span class='ocrx_word' id='word_1_674' title='bbox 2216 4050 2402 4111; x_wconf 87' lang='lat' dir='ltr'><strong>verbo,</strong></span> <span class='ocrx_word' id='word_1_675' title='bbox 2434 4047 2535 4099; x_wconf 89' lang='lat' dir='ltr'><strong>illis</strong></span> <span class='ocrx_word' id='word_1_676' title='bbox 2564 4047 2888 4111; x_wconf 86' lang='lat' dir='ltr'><strong>temporibus</strong></span> <span class='ocrx_word' id='word_1_677' title='bbox 2936 4048 3207 4102; x_wconf 82' lang='lat' dir='ltr'><strong>usitatum.</strong></span> <span class='ocrx_word' id='word_1_678' title='bbox 3257 4046 3387 4099; x_wconf 85' lang='lat' dir='ltr'><strong>Nam</strong></span> <span class='ocrx_word' id='word_1_679' title='bbox 3440 4045 3508 4098; x_wconf 85' lang='lat' dir='ltr'><strong>M.</strong></span> <span class='ocrx_word' id='word_1_680' title='bbox 3543 4048 3794 4101; x_wconf 77' lang='lat' dir='ltr'><strong>Aurelius</strong></span> 
     </span>
    </p>
   </div>
   <div class='ocr_carea' id='block_1_99' title="bbox 2213 4114 3790 4179">
    <p class='ocr_par' dir='ltr' id='par_1_99' title="bbox 2213 4114 3790 4179">
     <span class='ocr_line' id='line_1_101' title="bbox 2213 4114 3790 4179; baseline 0.002 -13"><span class='ocrx_word' id='word_1_681' title='bbox 2213 4115 2564 4169; x_wconf 77' lang='lat' dir='ltr'><strong>Cassiodorus</strong></span> <span class='ocrx_word' id='word_1_682' title='bbox 2576 4116 2835 4169; x_wconf 86' lang='lat' dir='ltr'><strong>scribitad</strong></span> <span class='ocrx_word' id='word_1_683' title='bbox 2851 4116 3386 4174; x_wconf 82' lang='lat' dir='ltr'><strong>Deusdedit.scribam</strong></span> <span class='ocrx_word' id='word_1_684' title='bbox 3402 4114 3790 4179; x_wconf 80' lang='lat' dir='ltr'><strong>Ravennatem,</strong></span> 
     </span>
    </p>
   </div>
   <div class='ocr_carea' id='block_1_100' title="bbox 2214 4186 3782 4251">
    <p class='ocr_par' dir='ltr' id='par_1_100' title="bbox 2214 4186 3782 4251">
     <span class='ocr_line' id='line_1_102' title="bbox 2214 4186 3782 4251; baseline -0.001 -14"><span class='ocrx_word' id='word_1_685' title='bbox 2214 4194 2269 4237; x_wconf 90' lang='lat' dir='ltr'><strong>et</strong></span> <span class='ocrx_word' id='word_1_686' title='bbox 2306 4193 2523 4238; x_wconf 78' lang='lat' dir='ltr'><strong>sanctus</strong></span> <span class='ocrx_word' id='word_1_687' title='bbox 2545 4186 2872 4251; x_wconf 56' lang='lat' dir='ltr'><strong>Augustinus</strong></span> <span class='ocrx_word' id='word_1_688' title='bbox 2900 4187 2964 4239; x_wconf 91' lang='lat' dir='ltr'><strong>ad</strong></span> <span class='ocrx_word' id='word_1_689' title='bbox 2995 4186 3447 4251; x_wconf 68' lang='lat' dir='ltr'><strong>Quodvultdeum.</strong></span> <span class='ocrx_word' id='word_1_690' title='bbox 3481 4186 3782 4240; x_wconf 70' lang='lat' dir='ltr'><strong>Clxcoatt’s.</strong></span> 
     </span>
    </p>
   </div>
   <div class='ocr_carea' id='block_1_101' title="bbox 2286 4253 3781 4323">
    <p class='ocr_par' dir='ltr' id='par_1_101' title="bbox 2286 4253 3781 4323">
     <span class='ocr_line' id='line_1_103' title="bbox 2286 4253 3781 4323; baseline 0.001 -17"><span class='ocrx_word' id='word_1_691' title='bbox 2286 4254 2312 4292; x_wconf 73' lang='grc' dir='ltr'>δ</span> <span class='ocrx_word' id='word_1_692' title='bbox 2346 4253 2427 4307; x_wconf 70' lang='lat' dir='ltr'><strong>Ea:</strong></span> <span class='ocrx_word' id='word_1_693' title='bbox 2478 4254 2634 4307; x_wconf 82' lang='lat' dir='ltr'><strong>Patre</strong></span> <span class='ocrx_word' id='word_1_694' title='bbox 2682 4255 2943 4323; x_wconf 75' lang='lat' dir='ltr'><strong>Stephano</strong></span> <span class='ocrx_word' id='word_1_695' title='bbox 2998 4255 3327 4308; x_wconf 78' lang='lat' dir='ltr'><strong>subdiacono.</strong></span> <span class='ocrx_word' id='word_1_696' title='bbox 3388 4253 3445 4307; x_wconf 86' lang='lat' dir='ltr'><strong>In</strong></span> <span class='ocrx_word' id='word_1_697' title='bbox 3496 4257 3781 4321; x_wconf 80' lang='lat' dir='ltr'><strong>exetnplari</strong></span> 
     </span>
    </p>
   </div>
   <div class='ocr_carea' id='block_1_102' title="bbox 2216 4322 3777 4392">
    <p class='ocr_par' dir='ltr' id='par_1_102' title="bbox 2216 4322 3777 4392">
     <span class='ocr_line' id='line_1_104' title="bbox 2216 4322 3777 4392; baseline 0.001 -16"><span class='ocrx_word' id='word_1_698' title='bbox 2216 4322 2497 4387; x_wconf 80' lang='lat' dir='ltr'><strong>Anastasii,</strong></span> <span class='ocrx_word' id='word_1_699' title='bbox 2528 4339 2634 4391; x_wconf 90' lang='lat' dir='ltr'><strong>quo</strong></span> <span class='ocrx_word' id='word_1_700' title='bbox 2668 4324 2923 4377; x_wconf 67' lang='lat' dir='ltr'><strong>liaronius</strong></span> <span class='ocrx_word' id='word_1_701' title='bbox 2978 4340 3102 4378; x_wconf 74' lang='lat' dir='ltr'><strong>Usus</strong></span> <span class='ocrx_word' id='word_1_702' title='bbox 3132 4334 3212 4379; x_wconf 86' lang='lat' dir='ltr'><strong>est</strong></span> <span class='ocrx_word' id='word_1_703' title='bbox 3253 4325 3572 4392; x_wconf 80' lang='lat' dir='ltr'><strong>legebatur:</strong></span> <span class='ocrx_word' id='word_1_704' title='bbox 3616 4324 3777 4378; x_wconf 74' lang='lat' dir='ltr'><strong>Deus-</strong></span> 
     </span>
    </p>
   </div>
   <div class='ocr_carea' id='block_1_103' title="bbox 2216 4393 3780 4461">
    <p class='ocr_par' dir='ltr' id='par_1_103' title="bbox 2216 4393 3780 4461">
     <span class='ocr_line' id='line_1_105' title="bbox 2216 4393 3780 4461; baseline 0.001 -14"><span class='ocrx_word' id='word_1_705' title='bbox 2216 4393 2372 4455; x_wconf 83' lang='lat' dir='ltr'><strong>dedit,</strong></span> <span class='ocrx_word' id='word_1_706' title='bbox 2403 4393 2543 4460; x_wconf 78' lang='lat' dir='ltr'><strong>ﬁlius</strong></span> <span class='ocrx_word' id='word_1_707' title='bbox 2568 4394 2837 4461; x_wconf 81' lang='lat' dir='ltr'><strong>Stephani.</strong></span> <span class='ocrx_word' id='word_1_708' title='bbox 2862 4411 2927 4447; x_wconf 76' lang='lat' dir='ltr'><strong>ex</strong></span> <span class='ocrx_word' id='word_1_709' title='bbox 2961 4393 3267 4448; x_wconf 83' lang='lat' dir='ltr'><strong>subdiacouo</strong></span> <span class='ocrx_word' id='word_1_710' title='bbox 3298 4396 3427 4447; x_wconf 82' lang='lat' dir='ltr'><strong>sedit</strong></span> <span class='ocrx_word' id='word_1_711' title='bbox 3474 4412 3641 4448; x_wconf 80' lang='lat' dir='ltr'><strong>annos</strong></span> <span class='ocrx_word' id='word_1_712' title='bbox 3667 4405 3780 4448; x_wconf 77' lang='lat' dir='ltr'><strong>tres.</strong></span> 
     </span>
    </p>
   </div>
   <div class='ocr_carea' id='block_1_104' title="bbox 2218 4462 3783 4530">
    <p class='ocr_par' dir='ltr' id='par_1_104' title="bbox 2218 4462 3783 4530">
     <span class='ocr_line' id='line_1_106' title="bbox 2218 4462 3783 4530; baseline 0.001 -16"><span class='ocrx_word' id='word_1_713' title='bbox 2218 4463 2389 4530; x_wconf 86' lang='lat' dir='ltr'><strong>Atque</strong></span> <span class='ocrx_word' id='word_1_714' title='bbox 2420 4464 2578 4515; x_wconf 61' lang='lat' dir='ltr'><strong>Verba</strong></span> <span class='ocrx_word' id='word_1_715' title='bbox 2610 4462 2678 4514; x_wconf 87' lang='lat' dir='ltr'><strong>ita</strong></span> <span class='ocrx_word' id='word_1_716' title='bbox 2708 4463 2889 4515; x_wconf 83' lang='lat' dir='ltr'><strong>scribit</strong></span> <span class='ocrx_word' id='word_1_717' title='bbox 2916 4482 2927 4515; x_wconf 87' lang='lat'><strong><em>:</em></strong></span> <span class='ocrx_word' id='word_1_718' title='bbox 2958 4462 3207 4517; x_wconf 87' lang='lat' dir='ltr'><strong>Utautem</strong></span> <span class='ocrx_word' id='word_1_719' title='bbox 3228 4463 3571 4517; x_wconf 77' lang='lat' dir='ltr'><strong>subdiaconus</strong></span> <span class='ocrx_word' id='word_1_720' title='bbox 3599 4465 3783 4519; x_wconf 81' lang='lat' dir='ltr'><strong>Romu-</strong></span> 
     </span>
    </p>
   </div>
   <div class='ocr_carea' id='block_1_105' title="bbox 2216 4534 3783 4605">
    <p class='ocr_par' dir='ltr' id='par_1_105' title="bbox 2216 4534 3783 4605">
     <span class='ocr_line' id='line_1_107' title="bbox 2216 4534 3783 4605; baseline 0.001 -21"><span class='ocrx_word' id='word_1_721' title='bbox 2216 4549 2310 4605; x_wconf 78' lang='lat' dir='ltr'><strong>nus</strong></span> <span class='ocrx_word' id='word_1_722' title='bbox 2325 4534 2557 4601; x_wconf 74' lang='lat' dir='ltr'><strong>pontifex</strong></span> <span class='ocrx_word' id='word_1_723' title='bbox 2574 4542 2850 4605; x_wconf 74' lang='lat' dir='ltr'><strong>crearetur,</strong></span> <span class='ocrx_word' id='word_1_724' title='bbox 2870 4549 3004 4605; x_wconf 81' lang='lat' dir='ltr'><strong>nunc</strong></span> <span class='ocrx_word' id='word_1_725' title='bbox 3014 4536 3230 4602; x_wconf 81' lang='lat' dir='ltr'><strong>primunt</strong></span> <span class='ocrx_word' id='word_1_726' title='bbox 3247 4534 3454 4595; x_wconf 88' lang='lat' dir='ltr'><strong>accidit,</strong></span> <span class='ocrx_word' id='word_1_727' title='bbox 3471 4534 3664 4605; x_wconf 78' lang='lat' dir='ltr'><strong>absque</strong></span> <span class='ocrx_word' id='word_1_728' title='bbox 3683 4552 3783 4587; x_wconf 85' lang='lat' dir='ltr'><strong>ma-</strong></span> 
     </span>
    </p>
   </div>
   <div class='ocr_carea' id='block_1_106' title="bbox 2208 4602 3782 4674">
    <p class='ocr_par' dir='ltr' id='par_1_106' title="bbox 2208 4602 3782 4674">
     <span class='ocr_line' id='line_1_108' title="bbox 2208 4602 3782 4674; baseline 0.001 -19"><span class='ocrx_word' id='word_1_729' title='bbox 2208 4603 2381 4674; x_wconf 75' lang='lat' dir='ltr'><strong>jorum</strong></span> <span class='ocrx_word' id='word_1_730' title='bbox 2412 4602 2661 4670; x_wconf 71' lang='lat' dir='ltr'><strong>exemplo,</strong></span> <span class='ocrx_word' id='word_1_731' title='bbox 2688 4611 2741 4674; x_wconf 88' lang='lat' dir='ltr'><strong>ut</strong></span> <span class='ocrx_word' id='word_1_732' title='bbox 2762 4606 2917 4670; x_wconf 81' lang='lat' dir='ltr'><strong>plane</strong></span> <span class='ocrx_word' id='word_1_733' title='bbox 2945 4604 2997 4654; x_wconf 83' lang='lat' dir='ltr'><strong>in</strong></span> <span class='ocrx_word' id='word_1_734' title='bbox 3028 4605 3163 4657; x_wconf 84' lang='lat' dir='ltr'><strong>clero</strong></span> <span class='ocrx_word' id='word_1_735' title='bbox 3190 4621 3405 4674; x_wconf 85' lang='lat' dir='ltr'><strong>magnas</strong></span> <span class='ocrx_word' id='word_1_736' title='bbox 3428 4602 3782 4673; x_wconf 70' lang='lat' dir='ltr'><strong>ﬂuctuatione:</strong></span> 
     </span>
    </p>
   </div>
   <div class='ocr_carea' id='block_1_107' title="bbox 2215 4672 3778 4742">
    <p class='ocr_par' dir='ltr' id='par_1_107' title="bbox 2215 4672 3778 4742">
     <span class='ocr_line' id='line_1_109' title="bbox 2215 4672 3778 4742; baseline 0.003 -19"><span class='ocrx_word' id='word_1_737' title='bbox 2215 4672 2497 4742; x_wconf 74' lang='lat' dir='ltr'><strong>concitatas</strong></span> <span class='ocrx_word' id='word_1_738' title='bbox 2542 4688 2652 4726; x_wconf 82' lang='lat' dir='ltr'><strong>esse</strong></span> <span class='ocrx_word' id='word_1_739' title='bbox 2683 4673 2749 4724; x_wconf 84' lang='lat' dir='ltr'><strong>sit</strong></span> <span class='ocrx_word' id='word_1_740' title='bbox 2788 4685 3116 4742; x_wconf 78' lang='lat' dir='ltr'><strong>argumento.</strong></span> <span class='ocrx_word' id='word_1_741' title='bbox 3152 4673 3257 4726; x_wconf 87' lang='lat' dir='ltr'><strong>Sed</strong></span> <span class='ocrx_word' id='word_1_742' title='bbox 3282 4672 3360 4733; x_wconf 76' lang='lat' dir='ltr'><strong>ut,</strong></span> <span class='ocrx_word' id='word_1_743' title='bbox 3390 4672 3596 4727; x_wconf 81' lang='lat' dir='ltr'><strong>omissis</strong></span> <span class='ocrx_word' id='word_1_744' title='bbox 3645 4677 3778 4729; x_wconf 81' lang='lat' dir='ltr'><strong>aliis.</strong></span> 
     </span>
    </p>
   </div>
   <div class='ocr_carea' id='block_1_108' title="bbox 2218 4741 3782 4812">
    <p class='ocr_par' dir='ltr' id='par_1_108' title="bbox 2218 4741 3782 4812">
     <span class='ocr_line' id='line_1_110' title="bbox 2218 4741 3782 4812; baseline 0.001 -19"><span class='ocrx_word' id='word_1_745' title='bbox 2218 4741 2498 4793; x_wconf 71' lang='lat' dir='ltr'><strong>Deusdedit</strong></span> <span class='ocrx_word' id='word_1_746' title='bbox 2519 4742 2811 4808; x_wconf 81' lang='lat' dir='ltr'><strong>eligeretur,</strong></span> <span class='ocrx_word' id='word_1_747' title='bbox 2842 4741 3049 4809; x_wconf 79' lang='lat' dir='ltr'><strong>egregia</strong></span> <span class='ocrx_word' id='word_1_748' title='bbox 3079 4745 3131 4795; x_wconf 88' lang='lat' dir='ltr'><strong>id</strong></span> <span class='ocrx_word' id='word_1_749' title='bbox 3151 4745 3263 4812; x_wconf 81' lang='lat' dir='ltr'><strong>ejus</strong></span> <span class='ocrx_word' id='word_1_750' title='bbox 3278 4746 3529 4796; x_wconf 78' lang='lat' dir='ltr'><strong>sanctitas</strong></span> <span class='ocrx_word' id='word_1_751' title='bbox 3549 4746 3782 4804; x_wconf 75' lang='lat' dir='ltr'><strong>prtestitit</strong></span> 
     </span>
    </p>
   </div>
   <div class='ocr_carea' id='block_1_109' title="bbox 2216 4812 3778 4879">
    <p class='ocr_par' dir='ltr' id='par_1_109' title="bbox 2216 4812 3778 4879">
     <span class='ocr_line' id='line_1_111' title="bbox 2216 4812 3778 4879; baseline 0 -17"><span class='ocrx_word' id='word_1_752' title='bbox 2216 4828 2314 4879; x_wconf 87' lang='lat' dir='ltr'><strong>qua</strong></span> <span class='ocrx_word' id='word_1_753' title='bbox 2345 4812 2559 4879; x_wconf 84' lang='lat' dir='ltr'><strong>miriﬁce</strong></span> <span class='ocrx_word' id='word_1_754' title='bbox 2580 4812 2712 4863; x_wconf 85' lang='lat' dir='ltr'><strong>inter</strong></span> <span class='ocrx_word' id='word_1_755' title='bbox 2741 4819 2811 4863; x_wconf 86' lang='lat' dir='ltr'><strong>tot</strong></span> <span class='ocrx_word' id='word_1_756' title='bbox 2836 4812 3068 4865; x_wconf 83' lang='lat' dir='ltr'><strong>tenebras</strong></span> <span class='ocrx_word' id='word_1_757' title='bbox 3087 4812 3371 4865; x_wconf 82' lang='lat' dir='ltr'><strong>illustratus</strong></span> <span class='ocrx_word' id='word_1_758' title='bbox 3393 4815 3623 4866; x_wconf 80' lang='lat' dir='ltr'><strong>emicuit.</strong></span> <span class='ocrx_word' id='word_1_759' title='bbox 3653 4813 3778 4867; x_wconf 83' lang='lat' dir='ltr'><strong>Cum</strong></span> 
     </span>
    </p>
   </div>
   <div class='ocr_carea' id='block_1_110' title="bbox 2219 4882 3781 4949">
    <p class='ocr_par' dir='ltr' id='par_1_110' title="bbox 2219 4882 3781 4949">
     <span class='ocr_line' id='line_1_112' title="bbox 2219 4882 3781 4949; baseline 0.001 -17"><span class='ocrx_word' id='word_1_760' title='bbox 2219 4884 2490 4948; x_wconf 56' lang='lat' dir='ltr'><strong>illlCtlsQlle</strong></span> <span class='ocrx_word' id='word_1_761' title='bbox 2514 4882 2638 4933; x_wconf 86' lang='lat' dir='ltr'><strong>viris</strong></span> <span class='ocrx_word' id='word_1_762' title='bbox 2654 4883 2741 4949; x_wconf 79' lang='lat' dir='ltr'><strong>dm</strong></span> <span class='ocrx_word' id='word_1_763' title='bbox 2763 4883 2826 4934; x_wconf 88' lang='lat' dir='ltr'><strong>tis</strong></span> <span class='ocrx_word' id='word_1_764' title='bbox 2844 4896 3153 4949; x_wconf 81' lang='lat' dir='ltr'><strong>petsuasum</strong></span> <span class='ocrx_word' id='word_1_765' title='bbox 3171 4884 3328 4935; x_wconf 84' lang='lat' dir='ltr'><strong>fuerit</strong></span> <span class='ocrx_word' id='word_1_766' title='bbox 3349 4882 3710 4936; x_wconf 79' lang='lat' dir='ltr'><strong>subdiaconus</strong></span> <span class='ocrx_word' id='word_1_767' title='bbox 3734 4883 3781 4934; x_wconf 87' lang='lat' dir='ltr'><strong>ia</strong></span> 
     </span>
    </p>
   </div>
   <div class='ocr_carea' id='block_1_111' title="bbox 2220 4948 3779 5019">
    <p class='ocr_par' dir='ltr' id='par_1_111' title="bbox 2220 4948 3779 5019">
     <span class='ocr_line' id='line_1_113' title="bbox 2220 4948 3779 5019; baseline 0.001 -18"><span class='ocrx_word' id='word_1_768' title='bbox 2220 4948 2489 5003; x_wconf 79' lang='lat' dir='ltr'><strong>Romanus</strong></span> <span class='ocrx_word' id='word_1_769' title='bbox 2510 4948 2787 5018; x_wconf 84' lang='lat' dir='ltr'><strong>pontiﬁces</strong></span> <span class='ocrx_word' id='word_1_770' title='bbox 2816 4948 3083 5019; x_wconf 87' lang='lat' dir='ltr'><strong>nunquam</strong></span> <span class='ocrx_word' id='word_1_771' title='bbox 3103 4950 3263 5004; x_wconf 56' lang='lat' dir='ltr'><strong>fuisse</strong></span> <span class='ocrx_word' id='word_1_772' title='bbox 3288 4953 3491 5005; x_wconf 85' lang='lat' dir='ltr'><strong>electos</strong></span> <span class='ocrx_word' id='word_1_773' title='bbox 3508 4967 3573 5004; x_wconf 88' lang='lat' dir='ltr'><strong>ex</strong></span> <span class='ocrx_word' id='word_1_774' title='bbox 3596 4953 3779 5005; x_wconf 72' lang='lat' dir='ltr'><strong>editio~</strong></span> 
     </span>
    </p>
   </div>
   <div class='ocr_carea' id='block_1_112' title="bbox 2219 5020 3781 5090">
    <p class='ocr_par' dir='ltr' id='par_1_112' title="bbox 2219 5020 3781 5090">
     <span class='ocr_line' id='line_1_114' title="bbox 2219 5020 3781 5090; baseline 0.001 -20"><span class='ocrx_word' id='word_1_775' title='bbox 2219 5034 2283 5090; x_wconf 85' lang='lat' dir='ltr'><strong>ne</strong></span> <span class='ocrx_word' id='word_1_776' title='bbox 2299 5020 2439 5085; x_wconf 84' lang='lat' dir='ltr'><strong>regia</strong></span> <span class='ocrx_word' id='word_1_777' title='bbox 2462 5020 2722 5072; x_wconf 85' lang='lat' dir='ltr'><strong>Anastasii</strong></span> <span class='ocrx_word' id='word_1_778' title='bbox 2739 5022 3005 5086; x_wconf 78' lang='lat' dir='ltr'><strong>variisque</strong></span> <span class='ocrx_word' id='word_1_779' title='bbox 3033 5021 3146 5086; x_wconf 86' lang='lat' dir='ltr'><strong>ejus</strong></span> <span class='ocrx_word' id='word_1_780' title='bbox 3175 5021 3603 5075; x_wconf 86' lang='lat' dir='ltr'><strong>Codicibusmss.</strong></span> <span class='ocrx_word' id='word_1_781' title='bbox 3620 5036 3781 5090; x_wconf 61' lang='lat' dir='ltr'><strong>,prazo</strong></span> 
     </span>
    </p>
   </div>
   <div class='ocr_carea' id='block_1_113' title="bbox 2218 5088 3782 5144">
    <p class='ocr_par' dir='ltr' id='par_1_113' title="bbox 2218 5088 3782 5144">
     <span class='ocr_line' id='line_1_115' title="bbox 2218 5088 3782 5144; baseline 0.002 -7"><span class='ocrx_word' id='word_1_782' title='bbox 2218 5088 2388 5141; x_wconf 85' lang='lat' dir='ltr'><strong>dictus</strong></span> <span class='ocrx_word' id='word_1_783' title='bbox 2418 5090 2565 5141; x_wconf 88' lang='lat' dir='ltr'><strong>locus</strong></span> <span class='ocrx_word' id='word_1_784' title='bbox 2592 5090 2640 5139; x_wconf 90' lang='lat' dir='ltr'><strong>iu</strong></span> <span class='ocrx_word' id='word_1_785' title='bbox 2678 5090 2817 5141; x_wconf 91' lang='lat' dir='ltr'><strong>bnnc</strong></span> <span class='ocrx_word' id='word_1_786' title='bbox 2847 5091 3058 5142; x_wconf 89' lang='lat' dir='ltr'><strong>modum</strong></span> <span class='ocrx_word' id='word_1_787' title='bbox 3090 5092 3367 5144; x_wconf 84' lang='lat' dir='ltr'><strong>restitutus</strong></span> <span class='ocrx_word' id='word_1_788' title='bbox 3390 5099 3475 5144; x_wconf 89' lang='lat' dir='ltr'><strong>est</strong></span> <span class='ocrx_word' id='word_1_789' title='bbox 3508 5107 3522 5142; x_wconf 90' lang='lat'><strong>:</strong></span> <span class='ocrx_word' id='word_1_790' title='bbox 3556 5088 3782 5144; x_wconf 74' lang='lat' dir='ltr'><strong>Deusde-</strong></span> 
     </span>
    </p>
   </div>
   <div class='ocr_carea' id='block_1_114' title="bbox 2219 5156 3782 5226">
    <p class='ocr_par' dir='ltr' id='par_1_114' title="bbox 2219 5156 3782 5226">
     <span class='ocr_line' id='line_1_116' title="bbox 2219 5156 3782 5226; baseline 0.001 -18"><span class='ocrx_word' id='word_1_791' title='bbox 2219 5156 2293 5208; x_wconf 86' lang='lat' dir='ltr'><strong>dit</strong></span> <span class='ocrx_word' id='word_1_792' title='bbox 2336 5174 2399 5209; x_wconf 76' lang='lat' dir='ltr'><strong>ex</strong></span> <span class='ocrx_word' id='word_1_793' title='bbox 2424 5168 2569 5223; x_wconf 79' lang='lat' dir='ltr'><strong>patre</strong></span> <span class='ocrx_word' id='word_1_794' title='bbox 2600 5158 2863 5226; x_wconf 85' lang='lat' dir='ltr'><strong>Stephano</strong></span> <span class='ocrx_word' id='word_1_795' title='bbox 2904 5158 3236 5219; x_wconf 85' lang='lat' dir='ltr'><strong>subdiacono,</strong></span> <span class='ocrx_word' id='word_1_796' title='bbox 3282 5160 3356 5214; x_wconf 82' lang='lat' dir='ltr'><strong>ita</strong></span> <span class='ocrx_word' id='word_1_797' title='bbox 3392 5168 3451 5213; x_wconf 90' lang='lat' dir='ltr'><strong>ut</strong></span> <span class='ocrx_word' id='word_1_798' title='bbox 3500 5159 3782 5214; x_wconf 84' lang='lat' dir='ltr'><strong>Deusdedit</strong></span> 
     </span>
    </p>
   </div>
   <div class='ocr_carea' id='block_1_115' title="bbox 555 5226 3782 5315">
    <p class='ocr_par' dir='ltr' id='par_1_115' title="bbox 555 5226 3782 5315">
     <span class='ocr_line' id='line_1_117' title="bbox 555 5226 3782 5315; baseline -0.001 -30"><span class='ocrx_word' id='word_1_799' title='bbox 555 5232 713 5315; x_wconf 46' lang='lat' dir='ltr'><strong>t‘ualis</strong></span> <span class='ocrx_word' id='word_1_800' title='bbox 764 5233 1072 5312; x_wconf 63' lang='lat' dir='ltr'><strong>includitur.</strong></span> <span class='ocrx_word' id='word_1_801' title='bbox 1127 5230 1215 5285; x_wconf 91' lang='lat' dir='ltr'><strong>Sic</strong></span> <span class='ocrx_word' id='word_1_802' title='bbox 1264 5226 1536 5284; x_wconf 80' lang='lat' dir='ltr'><strong>Farfensis</strong></span> <span class='ocrx_word' id='word_1_803' title='bbox 1585 5226 1875 5315; x_wconf 51' lang='lat' dir='ltr'><strong>Catalog‘us</strong></span> <span class='ocrx_word' id='word_1_804' title='bbox 1906 5230 2112 5315; x_wconf 75' lang='lat' dir='ltr'><strong>babens</strong></span> <span class='ocrx_word' id='word_1_805' title='bbox 2142 5258 2192 5315; x_wconf 75' lang='lat' dir='ltr'><strong>D</strong></span> <span class='ocrx_word' id='word_1_806' title='bbox 2220 5242 2325 5280; x_wconf 91' lang='lat' dir='ltr'><strong>non</strong></span> <span class='ocrx_word' id='word_1_807' title='bbox 2350 5226 2902 5315; x_wconf 55' lang='lat' dir='ltr'><strong>fueri&#39;tsubdiacpnus,</strong></span> <span class='ocrx_word' id='word_1_808' title='bbox 2932 5231 3021 5315; x_wconf 64' lang='lat' dir='ltr'><strong>sed</strong></span> <span class='ocrx_word' id='word_1_809' title='bbox 3045 5230 3355 5311; x_wconf 70' lang='lat' dir='ltr'><strong>subdiaconi</strong></span> <span class='ocrx_word' id='word_1_810' title='bbox 3385 5230 3541 5315; x_wconf 57' lang='lat' dir='ltr'><strong>fidens.</strong></span> <span class='ocrx_word' id='word_1_811' title='bbox 3569 5230 3782 5291; x_wconf 78' lang='lat' dir='ltr'><strong>Verum,</strong></span> 
     </span>
    </p>
   </div>
   <div class='ocr_carea' id='block_1_116' title="bbox 555 5298 2115 5369">
    <p class='ocr_par' dir='ltr' id='par_1_116' title="bbox 555 5298 2115 5369">
     <span class='ocr_line' id='line_1_118' title="bbox 555 5298 2115 5369; baseline -0.001 -15"><span class='ocrx_word' id='word_1_812' title='bbox 555 5301 668 5355; x_wconf 87' lang='lat' dir='ltr'><strong>dies</strong></span> <span class='ocrx_word' id='word_1_813' title='bbox 714 5318 805 5356; x_wconf 79' lang='lat' dir='ltr'><strong>xnt</strong></span> <span class='ocrx_word' id='word_1_814' title='bbox 860 5302 1036 5355; x_wconf 90' lang='lat' dir='ltr'><strong>minus</strong></span> <span class='ocrx_word' id='word_1_815' title='bbox 1088 5308 1277 5369; x_wconf 87' lang='lat' dir='ltr'><strong>peccat</strong></span> <span class='ocrx_word' id='word_1_816' title='bbox 1339 5316 1495 5367; x_wconf 82' lang='lat' dir='ltr'><strong>quam</strong></span> <span class='ocrx_word' id='word_1_817' title='bbox 1541 5298 1717 5353; x_wconf 79' lang='lat' dir='ltr'><strong>ctcteri</strong></span> <span class='ocrx_word' id='word_1_818' title='bbox 1779 5299 2017 5365; x_wconf 76' lang='lat' dir='ltr'><strong>Catalogi</strong></span> <span class='ocrx_word' id='word_1_819' title='bbox 2062 5309 2115 5353; x_wconf 90' lang='lat' dir='ltr'><strong>et</strong></span> 
     </span>
    </p>
   </div>
   <div class='ocr_carea' id='block_1_117' title="bbox 555 5368 2116 5438">
    <p class='ocr_par' dir='ltr' id='par_1_117' title="bbox 555 5368 2116 5438">
     <span class='ocr_line' id='line_1_119' title="bbox 555 5368 2116 5438; baseline 0.001 -16"><span class='ocrx_word' id='word_1_820' title='bbox 555 5368 809 5435; x_wconf 83' lang='lat' dir='ltr'><strong>Codices,</strong></span> <span class='ocrx_word' id='word_1_821' title='bbox 860 5373 909 5423; x_wconf 91' lang='lat' dir='ltr'><strong>in</strong></span> <span class='ocrx_word' id='word_1_822' title='bbox 955 5368 1147 5438; x_wconf 89' lang='lat' dir='ltr'><strong>quibus</strong></span> <span class='ocrx_word' id='word_1_823' title='bbox 1193 5371 1410 5438; x_wconf 90' lang='lat' dir='ltr'><strong>proprio</strong></span> <span class='ocrx_word' id='word_1_824' title='bbox 1459 5370 1716 5422; x_wconf 82' lang='lat' dir='ltr'><strong>arbitratu</strong></span> <span class='ocrx_word' id='word_1_825' title='bbox 1754 5370 2116 5435; x_wconf 79' lang='lat' dir='ltr'><strong>excogitatum</strong></span> 
     </span>
    </p>
   </div>
   <div class='ocr_carea' id='block_1_118' title="bbox 557 5438 2117 5507">
    <p class='ocr_par' dir='ltr' id='par_1_118' title="bbox 557 5438 2117 5507">
     <span class='ocr_line' id='line_1_120' title="bbox 557 5438 2117 5507; baseline 0.001 -17"><span class='ocrx_word' id='word_1_826' title='bbox 557 5439 1026 5507; x_wconf 86' lang='lat' dir='ltr'><strong>interpontificium</strong></span> <span class='ocrx_word' id='word_1_827' title='bbox 1064 5439 1345 5493; x_wconf 88' lang='lat' dir='ltr'><strong>invenitur.</strong></span> <span class='ocrx_word' id='word_1_828' title='bbox 1376 5438 1554 5491; x_wconf 82' lang='lat' dir='ltr'><strong>Mirari</strong></span> <span class='ocrx_word' id='word_1_829' title='bbox 1604 5440 1688 5492; x_wconf 83' lang='lat' dir='ltr'><strong>hic</strong></span> <span class='ocrx_word' id='word_1_830' title='bbox 1713 5439 1840 5493; x_wconf 88' lang='lat' dir='ltr'><strong>satis</strong></span> <span class='ocrx_word' id='word_1_831' title='bbox 1866 5453 1968 5490; x_wconf 88' lang='lat' dir='ltr'><strong>non</strong></span> <span class='ocrx_word' id='word_1_832' title='bbox 1996 5453 2117 5506; x_wconf 82' lang='lat' dir='ltr'><strong>pos-</strong></span> 
     </span>
    </p>
   </div>
   <div class='ocr_carea' id='block_1_119' title="bbox 559 5508 2115 5577">
    <p class='ocr_par' dir='ltr' id='par_1_119' title="bbox 559 5508 2115 5577">
     <span class='ocr_line' id='line_1_121' title="bbox 559 5508 2115 5577; baseline 0 -19"><span class='ocrx_word' id='word_1_833' title='bbox 559 5522 673 5577; x_wconf 76' lang='lat' dir='ltr'><strong>sum</strong></span> <span class='ocrx_word' id='word_1_834' title='bbox 712 5508 950 5563; x_wconf 87' lang='lat' dir='ltr'><strong>Garnerii</strong></span> <span class='ocrx_word' id='word_1_835' title='bbox 991 5510 1355 5577; x_wconf 89' lang='lat' dir='ltr'><strong>supinitatem,</strong></span> <span class='ocrx_word' id='word_1_836' title='bbox 1404 5508 1493 5577; x_wconf 90' lang='lat' dir='ltr'><strong>qui</strong></span> <span class='ocrx_word' id='word_1_837' title='bbox 1531 5509 1641 5560; x_wconf 84' lang='lat' dir='ltr'><strong>suis</strong></span> <span class='ocrx_word' id='word_1_838' title='bbox 1680 5510 1731 5561; x_wconf 94' lang='lat' dir='ltr'><strong>in</strong></span> <span class='ocrx_word' id='word_1_839' title='bbox 1780 5508 2001 5561; x_wconf 87' lang='lat' dir='ltr'><strong>eruditis</strong></span> <span class='ocrx_word' id='word_1_840' title='bbox 2048 5508 2115 5577; x_wconf 77' lang='lat' dir='ltr'><strong>ad</strong></span> 
     </span>
    </p>
   </div>
   <div class='ocr_carea' id='block_1_120' title="bbox 561 5574 2114 5647">
    <p class='ocr_par' dir='ltr' id='par_1_120' title="bbox 561 5574 2114 5647">
     <span class='ocr_line' id='line_1_122' title="bbox 561 5574 2114 5647; baseline 0.003 -21"><span class='ocrx_word' id='word_1_841' title='bbox 561 5574 811 5631; x_wconf 86' lang='lat' dir='ltr'><strong>Diurnum</strong></span> <span class='ocrx_word' id='word_1_842' title='bbox 868 5574 1180 5647; x_wconf 82' lang='lat' dir='ltr'><strong>pontificum</strong></span> <span class='ocrx_word' id='word_1_843' title='bbox 1227 5574 1738 5647; x_wconf 45' lang='lat' dir='ltr'><strong>notisfprimordia</strong></span> <span class='ocrx_word' id='word_1_844' title='bbox 1787 5576 2039 5647; x_wconf 83' lang='lat' dir='ltr'><strong>Bonifacii</strong></span> <span class='ocrx_word' id='word_1_845' title='bbox 2072 5576 2114 5630; x_wconf 87' lang='lat' dir='ltr'><strong>V</strong></span> 
     </span>
    </p>
   </div>
   <div class='ocr_carea' id='block_1_121' title="bbox 554 5646 2112 5713">
    <p class='ocr_par' dir='ltr' id='par_1_121' title="bbox 554 5646 2112 5713">
     <span class='ocr_line' id='line_1_123' title="bbox 554 5646 2112 5713; baseline 0.003 -18"><span class='ocrx_word' id='word_1_846' title='bbox 554 5649 876 5704; x_wconf 86' lang='lat' dir='ltr'><strong>successoris</strong></span> <span class='ocrx_word' id='word_1_847' title='bbox 920 5652 1089 5704; x_wconf 87' lang='lat' dir='ltr'><strong>sancti</strong></span> <span class='ocrx_word' id='word_1_848' title='bbox 1133 5646 1757 5713; x_wconf 28' lang='lat' dir='ltr'><strong>Deusdedit,’constituit</strong></span> <span class='ocrx_word' id='word_1_849' title='bbox 1803 5660 1942 5700; x_wconf 86' lang='lat' dir='ltr'><strong>anno</strong></span> <span class='ocrx_word' id='word_1_850' title='bbox 1987 5646 2112 5713; x_wconf 75' lang='grc'>617,</span> 
     </span>
    </p>
   </div>
   <div class='ocr_carea' id='block_1_122' title="bbox 2221 5295 3786 5367">
    <p class='ocr_par' dir='ltr' id='par_1_122' title="bbox 2221 5295 3786 5367">
     <span class='ocr_line' id='line_1_124' title="bbox 2221 5295 3786 5367; baseline 0 -20"><span class='ocrx_word' id='word_1_851' title='bbox 2221 5311 2340 5367; x_wconf 74' lang='lat' dir='ltr'><strong>cum</strong></span> <span class='ocrx_word' id='word_1_852' title='bbox 2380 5310 2444 5367; x_wconf 86' lang='lat' dir='ltr'><strong>ex</strong></span> <span class='ocrx_word' id='word_1_853' title='bbox 2468 5295 2699 5349; x_wconf 80' lang='lat' dir='ltr'><strong>Liberali</strong></span> <span class='ocrx_word' id='word_1_854' title='bbox 2723 5298 2941 5367; x_wconf 88' lang='lat' dir='ltr'><strong>diaconi</strong></span> <span class='ocrx_word' id='word_1_855' title='bbox 2984 5298 3230 5352; x_wconf 77' lang='lat' dir='ltr'><strong>breviarii</strong></span> <span class='ocrx_word' id='word_1_856' title='bbox 3280 5314 3400 5367; x_wconf 87' lang='lat' dir='ltr'><strong>cap.</strong></span> <span class='ocrx_word' id='word_1_857' title='bbox 3447 5298 3538 5360; x_wconf 69' lang='lat'><strong>‘22,</strong></span> <span class='ocrx_word' id='word_1_858' title='bbox 3584 5306 3786 5367; x_wconf 80' lang='lat' dir='ltr'><strong>constet</strong></span> 
     </span>
    </p>
   </div>
   <div class='ocr_carea' id='block_1_123' title="bbox 2220 5364 3783 5436">
    <p class='ocr_par' dir='ltr' id='par_1_123' title="bbox 2220 5364 3783 5436">
     <span class='ocr_line' id='line_1_125' title="bbox 2220 5364 3783 5436; baseline 0 -19"><span class='ocrx_word' id='word_1_859' title='bbox 2220 5364 2504 5418; x_wconf 88' lang='lat' dir='ltr'><strong>Silverium</strong></span> <span class='ocrx_word' id='word_1_860' title='bbox 2541 5365 2961 5436; x_wconf 17' lang='lat' dir='ltr'><strong>existibdiacono</strong></span> <span class='ocrx_word' id='word_1_861' title='bbox 3013 5368 3308 5421; x_wconf 79' lang='lat' dir='ltr'><strong>Romanum</strong></span> <span class='ocrx_word' id='word_1_862' title='bbox 3349 5364 3603 5436; x_wconf 80' lang='lat' dir='ltr'><strong>pontifice</strong></span> <span class='ocrx_word' id='word_1_863' title='bbox 3629 5388 3656 5419; x_wconf 70' lang='grc' dir='ltr'><strong>ιι</strong></span> <span class='ocrx_word' id='word_1_864' title='bbox 3704 5366 3783 5417; x_wconf 84' lang='lat' dir='ltr'><strong>di-</strong></span> 
     </span>
    </p>
   </div>
   <div class='ocr_carea' id='block_1_124' title="bbox 2220 5435 3783 5507">
    <p class='ocr_par' dir='ltr' id='par_1_124' title="bbox 2220 5435 3783 5507">
     <span class='ocr_line' id='line_1_126' title="bbox 2220 5435 3783 5507; baseline -0.002 -19"><span class='ocrx_word' id='word_1_865' title='bbox 2220 5442 2363 5507; x_wconf 79' lang='lat' dir='ltr'><strong>ctum</strong></span> <span class='ocrx_word' id='word_1_866' title='bbox 2386 5450 2523 5507; x_wconf 75' lang='lat' dir='ltr'><strong>esse,</strong></span> <span class='ocrx_word' id='word_1_867' title='bbox 2544 5444 2597 5487; x_wconf 87' lang='lat' dir='ltr'><strong>et</strong></span> <span class='ocrx_word' id='word_1_868' title='bbox 2617 5435 2895 5507; x_wconf 70' lang='lat' dir='ltr'><strong>Liberatus</strong></span> <span class='ocrx_word' id='word_1_869' title='bbox 2921 5439 3108 5490; x_wconf 87' lang='lat' dir='ltr'><strong>eodem</strong></span> <span class='ocrx_word' id='word_1_870' title='bbox 3135 5435 3374 5507; x_wconf 83' lang='lat' dir='ltr'><strong>tempore</strong></span> <span class='ocrx_word' id='word_1_871' title='bbox 3395 5453 3503 5504; x_wconf 90' lang='lat' dir='ltr'><strong>quo</strong></span> <span class='ocrx_word' id='word_1_872' title='bbox 3532 5436 3783 5507; x_wconf 81' lang='lat' dir='ltr'><strong>Silverius</strong></span> 
     </span>
    </p>
   </div>
   <div class='ocr_carea' id='block_1_125' title="bbox 2221 5504 3784 5575">
    <p class='ocr_par' dir='ltr' id='par_1_125' title="bbox 2221 5504 3784 5575">
     <span class='ocr_line' id='line_1_127' title="bbox 2221 5504 3784 5575; baseline -0.001 -19"><span class='ocrx_word' id='word_1_873' title='bbox 2221 5505 2421 5575; x_wconf 84' lang='lat' dir='ltr'><strong>electus</strong></span> <span class='ocrx_word' id='word_1_874' title='bbox 2466 5504 2690 5575; x_wconf 84' lang='lat' dir='ltr'><strong>vixerit,</strong></span> <span class='ocrx_word' id='word_1_875' title='bbox 2740 5506 2999 5559; x_wconf 79' lang='lat' dir='ltr'><strong>incertum</strong></span> <span class='ocrx_word' id='word_1_876' title='bbox 3033 5504 3271 5560; x_wconf 76' lang='lat' dir='ltr'><strong>remanet</strong></span> <span class='ocrx_word' id='word_1_877' title='bbox 3298 5522 3546 5575; x_wconf 62' lang='lat' dir='ltr'><strong>qurnam</strong></span> <span class='ocrx_word' id='word_1_878' title='bbox 3574 5522 3637 5558; x_wconf 78' lang='lat' dir='ltr'><strong>ex</strong></span> <span class='ocrx_word' id='word_1_879' title='bbox 3683 5505 3784 5557; x_wconf 90' lang='lat' dir='ltr'><strong>illis</strong></span> 
     </span>
    </p>
   </div>
   <div class='ocr_carea' id='block_1_126' title="bbox 2219 5573 3789 5644">
    <p class='ocr_par' dir='ltr' id='par_1_126' title="bbox 2219 5573 3789 5644">
     <span class='ocr_line' id='line_1_128' title="bbox 2219 5573 3789 5644; baseline -0.001 -18"><span class='ocrx_word' id='word_1_880' title='bbox 2219 5573 2422 5627; x_wconf 86' lang='lat' dir='ltr'><strong>duabus</strong></span> <span class='ocrx_word' id='word_1_881' title='bbox 2448 5574 2782 5644; x_wconf 18' lang='lat' dir='ltr'><strong>Alei-tionibus</strong></span> <span class='ocrx_word' id='word_1_882' title='bbox 2834 5577 2903 5629; x_wconf 88' lang='lat' dir='ltr'><strong>sit</strong></span> <span class='ocrx_word' id='word_1_883' title='bbox 2950 5577 3276 5644; x_wconf 77' lang='lat' dir='ltr'><strong>pneferenda</strong></span> <span class='ocrx_word' id='word_1_884' title='bbox 3305 5573 3330 5640; x_wconf 69' lang='grc'>,“</span> <span class='ocrx_word' id='word_1_885' title='bbox 3363 5592 3485 5629; x_wconf 90' lang='lat' dir='ltr'><strong>cum</strong></span> <span class='ocrx_word' id='word_1_886' title='bbox 3526 5576 3789 5630; x_wconf 74' lang='lat' dir='ltr'><strong>corzectio</strong></span> 
     </span>
    </p>
   </div>
   <div class='ocr_carea' id='block_1_127' title="bbox 2220 5642 3789 5714">
    <p class='ocr_par' dir='ltr' id='par_1_127' title="bbox 2220 5642 3789 5714">
     <span class='ocr_line' id='line_1_129' title="bbox 2220 5642 3789 5714; baseline -0.001 -17"><span class='ocrx_word' id='word_1_887' title='bbox 2220 5644 2413 5712; x_wconf 89' lang='lat' dir='ltr'><strong>prioris</strong></span> <span class='ocrx_word' id='word_1_888' title='bbox 2441 5642 2572 5697; x_wconf 86' lang='lat' dir='ltr'><strong>falso</strong></span> <span class='ocrx_word' id='word_1_889' title='bbox 2600 5642 3189 5701; x_wconf 19' lang='lat' dir='ltr'><strong>fundamentornitatur.</strong></span> <span class='ocrx_word' id='word_1_890' title='bbox 3231 5645 3597 5701; x_wconf 85' lang='lat' dir='ltr'><strong>Subdiaconos</strong></span> <span class='ocrx_word' id='word_1_891' title='bbox 3632 5657 3789 5714; x_wconf 78' lang='lat' dir='ltr'><strong>porro</strong></span> 
     </span>
    </p>
   </div>
  </div>
