4030 6318
206 402 239 457 3
1687 402 1799 441 UlLl

206 402 579 555 dgﬁmctusmt
606 487 848 561 sepultus
875 492 958 541 est
985 483 1051 539 ad
1081 484 1296 539 beatum
1328 481 1545 537 Petrum
1578 487 1799 549 aposto-

208 588 317 643 lum
341 629 356 653 ,
388 587 473 642 die
502 593 688 640 octava
720 581 919 637 mensis
958 575 1295 633 Novembris.
1331 572 1430 629 Hic
1471 572 1673 627 dimisit
1702 585 1802 641 per

208 679 464 749 obsequia
512 692 646 741 sua,
678 683 732 729 et
782 674 846 728 ael
898 686 1114 727 omnem
1145 670 1352 725 clerum
1398 681 1588 737 rugam
1636 679 1800 719 unam

208 776 490 844 integram.
527 772 623 827 llic
664 770 790 825 fecit
834 766 1208 823 ordinationes
1260 773 1372 818 tres
1397 802 1412 827 ,
1464 760 1805 832 presbyteros

1686 384 2025 441 DECRE'I‘A.

2851 444 2861 460 .
3383 370 3490 460 ac

1902 493 2126 546 novem,
2165 474 2421 531 diaconos
2472 471 2747 542 quinque,
2791 456 3080 539 episcopos
3128 482 3222 536 per
3265 466 3351 521 div
3368 456 3489 521 ersa

1902 571 2020 628 loca
2058 585 2281 626 numero
2312 566 2499 636 viginti
2541 578 2754 620 novem.
2787 561 2854 615 Et
2880 560 3110 617 cessavit
3141 559 3498 630 episcopatus

1904 678 2141 719 mensem
2173 675 2333 716 unum
2358 699 2372 723 ,
2401 657 2517 713 dies
2541 655 2845 712 sexdecim.

208 916 265 961 et
303 906 573 961 Mai-ianus
614 904 811 958 Scotus
852 900 905 953 in
942 897 1212 954 Chronico
1260 895 1443 950 habet.
1492 893 1650 947 Parte
1691 890 1795 944 alia
1827 892 1875 951 Α
1902 885 2026 941 anni
2057 879 2442 961 6l5,'eu.m_que
2466 877 2662 961 abiisse
2688 876 2774 958 die
2799 871 3343 961 getavagNovembr‘is
3369 872 3495 961 anni

208 992 333 1032 cum
384 975 660 1031 Gotﬁ-idus
700 970 1086 1031 Viterbiensis,
1142 967 1402 1033 Martinus
1454 961 1794 1033 PolunusAin

207 1030 498 1111 Chronico,
530 1054 719 1100 auctor
761 1041 1024 1098 Fasciculi
1052 1030 1372 1112 temperem,
1402 1044 1457 1112 e_t
1488 1030 1797 1112 p_|ures__Ca-

206 1118 374 1187 talogi
421 1104 731 1187 pontiﬁcum
773 1113 943 1187 Rom.
986 1104 1222 1165 habeant
1266 1104 1799 1187 Deusdedit‘sedisse

202 1175 374 1242 anno}
403 1175 507 1259 t'res
534 1196 583 1239 et
610 1187 718 1259 dies
764 1184 1343 1259 viginti,_.consequens
1363 1184 1481 1259 _est_
1497 1175 1800 1259 [ordinatim

210 1274 333 1313 netu
363 1258 480 1326 ejus
501 1274 530 1312 a
563 1257 716 1311 nobis
737 1244 884 1311 recte
914 1244 1328 1319 alligatam'cum
1345 1248 1433 1303 die
1461 1245 1529 1301 l9
1551 1244 1799 1299 Octobris

1905 942 2284 1023 sexcentesimi
2313 942 2523 1023 decimi
2553 949 2751 1023 octavi.
2786 945 2926 1023 Ejus
2957 959 3161 1023 nomen.
3203 942 3498 1023 iuMJrlv-

1904 1026 2116 1095 rologio
2142 1020 2399 1095 Ga_lesini_i
2430 1028 2485 1074 et
2513 1021 2569 1095 in
2597 1016 2989 1095 antiquioribus
3019 1029 3128 1095 non
3149 1014 3345 1095 legitur
3366 1014 3499 1095 qui:

1906 1082 2057 1159 dem:
2081 1094 2172 1150 sed
2202 1091 2484 1155 Baronius,
2518 1090 2587 1144 ob
2618 1082 2904 1157 pneclaras
2930 1089 3049 1159 ejus
3080 1084 3331 1141 virtutes.
3366 1082 3497 1159 illul

1907 1152 2297 1238 Maripologiq
2344 1152 2669 1238 ﬂomano-a
2714 1174 2794 1238 se_
2822 1152 3142 1238 auctoritate
3170 1152 3498 1238 apostolica

1902 1224 2301 1295 vemeiidato'ad
2330 1232 2474 1287 diem
2512 1230 2545 1284 8
2576 1229 2892 1285 Novembris
2942 1226 3229 1297 inscripsit.
3274 1224 3498 1279 PAGIUS.

204 1314 3473 1366 Μ

209 1367 444 1379 ~—

447 1336 3329 1377 Ψ

977 1420 2010 1539 DEUSDEDIT
2064 1417 2093 1456 ³
2152 1413 2697 1525 ΡΔΡΕ

207 1593 768 1679 EPISTOLA
833 1589 986 1672 AD
1064 1577 1816 1669 GOB-DIANUM
1873 1570 2699 1659 HISPALENSEM
2776 1562 3496 1651 EPISCOPUM.

272 1732 402 1807 Qui
423 1728 721 1809 proprios
753 1726 917 1805 ﬁlios
946 1724 1018 1784 de
1045 1742 1223 1784 sacro
1258 1725 1432 1801 fonte
1467 1714 1821 1794 suscipiunt
1843 1712 1933 1805 ,σὺ
1965 1707 2278 1771 uxoribus
2306 1714 2674 1809 separentur
2699 1723 2717 1772 :
2745 1713 2797 1765 et
2824 1702 3196 1785 prohibetur
3220 1722 3293 1763 ne
3329 1703 3469 1782 quis

1192 1793 1589 1862 cdmmatrem
1623 1793 1796 1855 suam
1831 1793 1898 1853 in
1928 1807 2195 1851 uxorem
2226 1793 2525 1867 accipiat.

1825 1900 1894 1911 —

1450 1943 1624 2003 (llansr
1659 1938 1863 1989 llollect.
1888 1936 2065 1986 Lonei'.
2092 1942 2130 1983 t.
2155 1931 2234 1996 Χ.)

210 2076 527 2144 Deusdedit,
559 2081 754 2128 sancta:
801 2071 1048 2125 Romana:
1100 2080 1146 2124 et
1204 2070 1502 2139 apostolicw
1553 2068 1798 2123 Ecclesia:
1836 2072 1877 2129 Β
1907 2072 2096 2120 dolum
2128 2075 2397 2119 consensu
2418 2053 2760 2133 [conventu],
2792 2055 2846 2111 in
2862 2052 3091 2110 ecclesia
3116 2052 3257 2108 beati
3283 2062 3509 2124 aposto-

275 2171 566 2240 episcopus,
581 2163 864 2229 G'ordiano,
890 2162 1213 2232 Hispalensis
1230 2160 1475 2215 Ecclesia:
1498 2161 1797 2231 coepiscopo

274 2272 327 2316 et
360 2260 517 2333 fratri
569 2257 925 2311 dilectissimo.

278 2438 531 2495 Pervenit
560 2436 627 2491 ad
653 2451 752 2491 nos
774 2433 1033 2489 diaconus
1054 2442 1253 2496 vester,
1284 2439 1476 2487 vestra:
1504 2431 1808 2486 sanctitatis

197 2518 491 2602 epistulam
518 2525 715 2590 ferens,
737 2523 880 2592 quod
901 2522 1116 2594 quidam
1137 2524 1235 2577 viri
1263 2523 1427 2577 etiam
1446 2530 1503 2578 et
1533 2522 1804 2587 mulieres,

201 2620 486 2693 pneterito
514 2615 751 2671 Sab’bato
779 2614 1018 2685 paschali
1055 2613 1161 2681 die,
1194 2629 1303 2684 prae
1342 2628 1535 2683 magno
1579 2612 1807 2683 populo-

199 2727 329 2766 rum
360 2712 580 2765 incursu
601 2749 615 2774 ,
652 2706 955 2762 nescientes
974 2748 990 2773 ,
1024 2705 1274 2776 proprios
1301 2721 1430 2760 suos
1462 2704 1598 2760 ﬁlios
1627 2718 1808 2760 susce-

202 2805 416 2875 pissent
460 2817 524 2855 ex
561 2802 775 2853 lavacro
817 2806 1028 2852 sancto.
1060 2794 1226 2866 Cupis
1273 2810 1403 2865 ergo
1433 2796 1572 2850 scire
1620 2795 1665 2851 si
1709 2810 1808 2865 pro

202 2897 305 2951 tali
348 2892 630 2950 accidente
680 2892 891 2946 ratione
939 2888 1177 2945 debeant
1214 2889 1313 2943 viri
1359 2896 1415 2943 ct
1468 2888 1720 2943 mulieres
1742 2888 1808 2942 ad

201 3003 366 3044 suum
409 2986 685 3056 proprium
744 2982 923 3037 redire
972 2996 1160 3045 usum,
1214 2996 1282 3034 an
1338 2994 1468 3035 non.
1519 2978 1627 3034 Nos
1676 2994 1808 3034 vero

204 3078 390 3134 incesti
439 3079 537 3131 hac
584 3076 639 3129 in
702 3090 760 3129 re
809 3072 1180 3143 inquisivimus
1234 3068 1261 3107 ι)
1311 3070 1549 3139 priorum
1597 3077 1809 3139 patrum

206 3176 521 3225 nostrorum
556 3166 718 3221 dicta.
747 3164 1053 3217 Invenimus
1082 3170 1261 3215 autem
1293 3161 1346 3215 in
1376 3160 1608 3215 arcltivis
1652 3160 1808 3229 hujus

204 3263 528 3333 apostolica:
573 3259 715 3314 sedis
765 3257 877 3327 jam
932 3258 1057 3311 talia
1108 3257 1399 3326 contigisse
1460 3257 1513 3311 in
1569 3257 1810 3314 ecclesiis

202 3357 447 3421 l-aurir,
507 3353 884 3424 Ephesiorum,
958 3351 1225 3420 simulque
1279 3350 1688 3422 llierosolymm,
1754 3360 1812 3405 et

196 3448 375 3502 etiam
424 3446 647 3498 aliarum
680 3442 975 3497 civitatum.
1019 3439 1299 3512 Episcopis
1324 3440 1486 3495 etiam
1517 3457 1699 3496 earum
1729 3441 1809 3497 ci-

200 3540 437 3592 vitatum
460 3536 526 3590 ab
546 3535 650 3589 hac
669 3532 963 3603 apostolica
982 3531 1113 3587 sede
1132 3531 1436 3587 volentibus
1464 3533 1602 3588 scire
1631 3542 1807 3589 utrum

200 3631 311 3686 viri
343 3640 400 3684 et
429 3628 683 3683 mulieres
710 3624 949 3681 redirent
976 3624 1044 3678 ad
1084 3624 1362 3694 proprium
1402 3632 1610 3692 torum,
1640 3626 1810 3682 beatae

202 3723 490 3779 memorias
517 3718 841 3775 sanctissimi
871 3715 1089 3782 Patres,
1119 3715 1320 3781 Julius,
1350 3715 1715 3781 Innocentius,
1755 3728 1811 3774 et

203 3814 565 3877 lecstinus,
596 3828 715 3867 eum
745 3811 1121 3880 episcoporum
1151 3808 1505 3879 plurimorum
1536 3817 1591 3863 et
1616 3824 1802 3864 sacer-

1908 2158 2100 2211 lorum'
2124 2152 2380 2225 principis
2417 2150 2766 2221 prohibentes
2804 2146 2931 2201 talia
2970 2145 3421 2215 perscripserunt,
3450 2154 3511 2200 et

1911 2249 2386 2310 conﬁrmaverunt,
2413 2253 2473 2299 ut
2502 2242 2650 2297 nullo
2681 2240 2842 2296 modo
2869 2239 2983 2308 jam
3012 2254 3071 2293 se
3112 2238 3166 2291 in
3198 2238 3507 2308 conjugiqu

1909 2338 2215 2408 reciperent
2258 2336 2515 2390 mulieres
2564 2341 2657 2387 aut
2699 2332 2801 2387 viri
2831 2331 3142 2401 quicunque
3195 2331 3373 2401 aliqua
3418 2348 3513 2387 ra-

1912 2429 2059 2485 tione
2099 2435 2455 2498 susceperunt
2476 2434 2633 2480 natos
2662 2423 2933 2495 proprios;
2965 2422 3060 2478 sed
3082 2433 3403 2491 separarent
3430 2439 3510 2491 se,

1912 2540 2003 2589 ne,
2049 2522 2312 2578 suadente
2339 2520 2584 2585 diabolo,
2619 2517 2728 2573 tale
2757 2518 2944 2572 vitium
2992 2518 3205 2587 peccati
3248 2517 3514 2573 inolescat

1909 2615 2254 2690 [innotescat]
2282 2631 2379 2687 per
2406 2612 2700 2678 mundum,
2740 2619 2795 2666 et
2822 2610 3201 2666 universorum
3243 2626 3397 2664 error
3422 2626 3516 2666 ac'

1907 2718 2135 2766 crescat.
2165 2708 2325 2763 Scitis
2352 2706 2477 2777 quia
2519 2704 2792 2776 quomodo
2819 2712 2947 2758 sunt
2974 2710 3185 2773 septem
3213 2704 3354 2757 dona
3384 2702 3508 2773 Spi—

1908 2804 2041 2857 ritus
2069 2802 2263 2863 sancti,
2292 2800 2365 2854 ita
2410 2808 2535 2854 sunt
2563 2805 2769 2868 septem
2796 2796 2937 2851 dona
2966 2795 3239 2864 baptismi,
3266 2810 3295 2848 a
3338 2796 3514 2865 primo

1910 2895 2107 2966 pabulo
2128 2891 2325 2949 sacrati
2345 2892 2471 2946 salis
2497 2899 2553 2946 et
2581 2890 2826 2959 ingressu
2852 2896 3052 2944 sancta:
3068 2888 3317 2943 ecclesiae
3341 2903 3515 2957 usque

1910 2987 1977 3042 ad
2005 2986 2470 3043 conlirmationem
2502 2982 3315 3056 [consummationemjsmritus
3341 2986 3512 3037 sancti

1912 3096 2009 3150 per
2032 3079 2286 3134 chrisma.
2313 3077 2393 3132 Ab
2421 3076 2526 3132 hoc
2555 3089 2685 3144 ergo
2703 3076 2877 3144 primo
2901 3074 3135 3144 Spiritus
3162 3075 3335 3129 sancti
3368 3075 3513 3129 dono

1910 3185 2082 3240 usque
2105 3170 2173 3226 ad
2200 3170 2489 3239 septimum
2518 3167 2696 3222 nullus
2714 3166 3053 3223 Christianus
3091 3181 3242 3221 suam
3274 3180 3516 3221 comma-

1913 3273 2047 3318 trem
2080 3266 2133 3318 in
2160 3264 2466 3334 conjugium
2495 3263 2772 3331 suscipere
2798 3261 2979 3327 debet;
3012 3269 3068 3316 et
3103 3261 3193 3329 qui
3246 3275 3510 3329 praesum-

1910 3356 2097 3425 pscrit,
2131 3354 2491 3410 anathematis
2531 3353 2745 3409 vinculo
2776 3353 3036 3422 religetur
3064 3353 3121 3406 in
3163 3361 3509 3423 perpetuum,

1913 3447 2013 3502 nisi
2060 3447 2429 3517 pmnitentiam
2478 3445 2651 3514 egerit
2680 3445 2859 3512 digne.
2900 3442 3157 3499 Mulieres
3186 3459 3341 3510 vero,
3391 3460 3515 3499 cum

1911 3548 2175 3609 separata:
2215 3538 2416 3595 fuerint
2446 3552 2544 3607 pro
2586 3538 2689 3592 hac
2721 3536 2905 3593 illicita
2934 3551 3014 3604 re,
3048 3550 3080 3589 a
3112 3535 3349 3607 propriis
3389 3536 3517 3591 viris

1914 3636 2082 3684 totam
2110 3629 2454 3700 praecipimus
2494 3629 2742 3698 recipere
2766 3629 2972 3694 dotem,
3005 3643 3169 3697 quam
3210 3629 3265 3682 in
3293 3628 3381 3683 die
3411 3645 3516 3683 uu-

1912 3722 2066 3794 ptiali
2097 3730 2455 3793 receperunt;
2486 3732 2543 3777 et
2572 3730 2693 3791 post
2715 3721 2990 3791 expletum
3022 3735 3223 3775 annum
3254 3720 3517 3791 recipiant

1913 3815 2075 3869 alium
2115 3813 2308 3879 virum,
2338 3812 2586 3869 similiter
2615 3822 2669 3869 et
2695 3813 2775 3867 vir
2802 3827 3025 3869 uxorem
3060 3824 3104 3867 ο.

283 3958 311 3985 ﬂ
342 3946 569 4003 Unicam
625 3944 913 4001 Deusdedit
951 3960 1103 4015 papa:
1146 3944 1429 4015 epistolam
1479 3960 1547 3999 ex
1592 3944 1807 4002 Labbeo
1833 3906 1880 3966 Ο
1915 3944 2154 3999 dentium
2181 3945 2295 4000 sive
2321 3945 2566 4015 proxime
2593 3944 3036 4013 subsequentium
3062 3944 3377 4015 pontilicmn
3406 3945 3514 4000 hoc

203 4019 540 4088 accepimus,
569 4032 669 4072 nec
692 4016 871 4085 plures
893 4014 1108 4088 in’m’ss.
1137 4014 1425 4088 COdicibus
1455 4026 1642 4070 nactus
1662 4032 1805 4088 sum;

204 4090 310 4146 sed
347 4085 430 4143 ἐκ
462 4089 647 4143 iisdem
698 4102 827 4141 mss.
880 4085 1168 4141 Codicibus
1213 4085 1683 4141 animadversione
1727 4086 1809 4141 di-

248 4175 380 4214 uum
427 4173 623 4214 censeo
661 4157 1067 4226 inscriptionem
1097 4157 1386 4225 aliquando
1415 4156 1683 4211 diversam
1716 4172 1805 4212 re-

248 4175 380 4214 num
427 4175 623 4214 censeo
661 4175 1067 4226 lﬂSCI‘lpllOl’lBl“
1097 4175 1386 4225 aliquando
1415 4175 1683 4211 diversam
1716 4175 1805 4212 re-

202 4175 393 4286 ferre:
426 4244 534 4297 quo
574 4228 717 4283 enim
761 4227 884 4282 loco
933 4227 989 4285 in
1032 4225 1205 4297 Editis
1253 4227 1498 4297 dirigitur
1539 4226 1808 4282 Gordiano

208 4296 521 4367 Hispalensi
565 4300 836 4368 episcopo,
878 4298 933 4351 in
970 4313 1071 4352 ms.
1105 4296 1306 4368 Godice
1351 4296 1666 4368 Pistoriensi
1708 4314 1807 4353 an-

206 4386 411 4426 norum
450 4367 643 4425 saltem
677 4370 1132 4438 octingentorum,
1161 4367 1213 4421 in
1236 4382 1351 4438 quo
1389 4367 1575 4438 lsidori
1601 4369 1805 4424 Merca-

208 4441 353 4496 toris
390 4449 568 4496 exstat
612 4435 881 4504 collectio,
923 4441 1139 4507 prmlert
1173 4455 1184 4489 :
1220 4435 1484 4508 Gordiano
1515 4436 1809 4508 Hispania-

207 4529 331 4565 rum
355 4510 605 4565 Ecclesia:
632 4510 947 4578 coepiscopo.
982 4507 1106 4565 llaec
1135 4523 1262 4563 vere
1298 4507 1457 4564 lectio
1482 4508 1706 4577 alicujus
1729 4517 1810 4564 est

208 4583 499 4646 momenti,
534 4596 655 4634 cum
684 4596 752 4635 ex
780 4580 996 4647 vulgata
1036 4578 1386 4646 inscriptione
1431 4587 1808 4647 argumentum

209 4648 500 4704 deduxerit
544 4650 789 4704 Labbeus
835 4657 1024 4704 contra
1068 4648 1504 4718 epistolmrhujus
1532 4649 1813 4703 sincerita-

210 4728 328 4773 tem
353 4737 367 4785 ;
392 4721 772 4789 animadvertit
799 4720 943 4775 enim
968 4717 1267 4789 Hispalensi
1294 4717 1547 4789 Ecclesiae
1577 4734 1673 4786 per
1696 4719 1810 4775 liazc

208 4798 467 4859 tempora
495 4805 600 4844 non
629 4788 981 4853 Gordianum,
1004 4788 1100 4845 sed
1125 4788 1386 4853 lsidorum
1407 4788 1705 4859 praefuisse.
1732 4789 1811 4844 Ex

208 4858 490 4929 hac’ergo
519 4860 853 4915 correctione
878 4867 1059 4915 nostra
1090 4868 1461 4928 argumentum
1491 4858 1633 4915 istud
1658 4875 1813 4914 ever-

207 4930 372 4996 titur;
393 4930 819 4999 quanquamalia
842 4937 967 4986 sunt
981 4945 1099 5000 quae
1115 4931 1467 4999 suspiciosam
1484 4931 1621 4984 lianc
1643 4930 1812 4999 ipsam

209 5000 505 5071 epistolam
537 5002 795 5066 eﬁiciunt,
828 5009 887 5054 ut
914 5016 963 5054 v.
1010 5016 1087 5070 g.,
1115 5001 1304 5056 eadem
1347 5002 1460 5071 ipsa
1487 5000 1711 5069 scriptio
1738 5001 1806 5054 ab

210 5071 391 5126 tctatis
416 5070 532 5139 ejus
552 5072 789 5127 moribus
818 5071 975 5141 plane
996 5072 1200 5126 aliena:
1235 5070 1413 5127 nullus
1437 5072 1581 5127 enim
1606 5086 1807 5141 pncee-

1916 4015 2072 4087 titulo
2095 4030 2154 4087 se
2181 4025 2338 4069 ornat
2365 4033 2375 4066 :
2410 4014 2696 4087 Deusdedit
2719 4026 2915 4069 sancta!
2942 4014 3189 4087 Ronianm
3216 4023 3265 4070 et
3293 4026 3512 4087 aposto-

1915 4086 2030 4140 lica:
2060 4084 2238 4157 [deest
2265 4086 2567 4157 apostolica:
2596 4090 2648 4139 in
2680 4102 2808 4141 mss.
2843 4086 3001 4157 Cod.)
3031 4086 3280 4142 Ecclesia:
3314 4084 3517 4156 episco-

1913 4172 2028 4224 pus.
2065 4155 2194 4212 Post
2219 4165 2463 4211 sanctum
2494 4156 2836 4226 Gregorium,
2862 4159 2948 4211 vix
2979 4155 3142 4212 alium
3174 4159 3389 4213 titulum
3412 4160 3513 4212 sibi

1916 4227 2337 4298 pra‘scribebant
2385 4227 2668 4297 pontiﬁces
2723 4226 2989 4293 Romani,
3039 4244 3199 4298 quam
3252 4246 3265 4282 :
3321 4228 3513 4282 Servus

1916 4314 2177 4352 servorum
2218 4296 2344 4362 Dei;
2390 4296 2452 4352 ut
2489 4314 2552 4354 ex
2612 4299 2801 4353 litteris
2850 4296 3107 4353 Bonifacii
3142 4298 3181 4351 V
3232 4298 3512 4353 discimus.

1916 4366 2064 4439 Adde
2092 4368 2425 4437 disciplinam
2457 4370 2510 4424 in
2540 4370 2643 4425 hac
2671 4369 2897 4439 epistola
2923 4369 3169 4424 traditam
3196 4369 3264 4423 de
3305 4384 3514 4423 connu-

1912 4437 1986 4492 bii
2031 4439 2405 4502 dissolutione,
2455 4441 2501 4495 si
2550 4437 3033 4503 forte‘accidisset,
3080 4448 3137 4493 ut
3183 4439 3264 4493 vir
3310 4439 3519 4494 inscius

1914 4509 2332 4579 imprudensque
2381 4507 2547 4564 ﬁlium
2604 4525 2672 4564 ex
2708 4524 2877 4564 uxore
2920 4516 3226 4575 susceptum
3268 4524 3299 4564 e
3352 4524 3511 4566 sacro

1916 4578 2062 4649 fonte
2100 4578 2354 4644 levasset,
2388 4580 2643 4635 absonam
2676 4595 2826 4646 esse,
2878 4594 2941 4634 ac
2980 4579 3138 4649 plane
3176 4580 3511 4635 contrarium

1912 4648 2165 4721 deﬁnisse
2219 4649 2498 4721 Nicolaum
2555 4650 2577 4703 l
2626 4651 2954 4721 papamhin
2984 4648 3315 4721 ’fragmento
3364 4651 3509 4707 illius

1911 4719 2151 4791 epistolae
2179 4720 2245 4773 ad
2269 4718 2658 4791 salemonium,
2691 4718 2829 4775 lorte
2859 4718 3229 4790 Salomonem,
3278 4722 3422 4791 quod
3445 4738 3514 4781 ex

1913 4806 2011 4844 ms.
2048 4790 2181 4843 Cod.
2209 4805 2309 4844 suo
2330 4790 2451 4845 loco
2482 4790 2771 4857 proferam.

1984 4860 2011 4899 ι)
2042 4859 2137 4933 E_.l.
2169 4859 2450 4933 Bottiaea:
2476 4862 2571 4914 hoc
2600 4863 2764 4916 πτωδιί
2794 4861 3171 4933 iuquisivimus.

1991 4942 2013 4969 ε
2047 4930 2305 4998 Conjugia
2345 4932 2564 4986 dissolvi
2599 4932 2685 4987 lex
2730 4930 2963 4988 humana
3005 4936 3294 4999 concessit,
3328 4934 3513 4988 divina

1915 5001 2208 5070 prohibuit;
2267 5016 2364 5067 per
2416 5019 2476 5058 sc.
2531 5005 2675 5056 enim
2709 5003 2918 5057 Veritas
2946 5004 3127 5058 dixit:
3181 5004 3323 5069 Quos
3370 5003 3509 5058 Deus

1914 5072 2205 5141 conjunxit,
2235 5080 2341 5126 etc.
2374 5072 2459 5143 (S.
2493 5071 2675 5143 Greg.,
2700 5075 2848 5145 epist.
2883 5073 2952 5127 39
2979 5076 3016 5129 Ι.
3049 5092 3121 5141 tx,
3150 5092 3267 5146 cap.
3299 5075 3381 5145 9..)

1560 5214 2201 5360 APPENDIX.

1728 5398 2037 5413 ῤ’-

216 5448 500 5505 Decretum
553 5453 616 5506 de
659 5456 905 5510 electione
954 5456 1176 5512 Romani
1219 5459 1477 5527 pontiﬁcis
1528 5458 1808 5512 Deusdedit
1845 5470 1892 5527 ι)

286 5537 443 5596 papte
480 5527 688 5596 nomine
734 5526 1114 5596 promulgatum
1167 5527 1383 5581 inseruit
1419 5531 1473 5582 in
1526 5546 1622 5582 sua
1652 5530 1808 5582 colle—

286 5592 764 5669 ctionenUdalricu's
795 5592 1206 5669 Bamiiergensis,
1254 5598 1402 5669 cujus
1430 5598 1671 5652 Codicem
1699 5602 1809 5669 vul-

287 5663 713 5734 gavitAEccurdus
738 5668 799 5721 in
828 5685 934 5723 cor.
978 5663 1478 5723 Historicorfmedii
1509 5671 1619 5732 wri,
1653 5679 1688 5722 ι.
1722 5668 1807 5734 11,

292 5732 539 5809 91.188.
566 5738 659 5809 An
690 5740 967 5805 genuinum
994 5740 1121 5800 illud
1146 5741 1232 5803 sit,
1264 5756 1357 5794 nec
1400 5757 1479 5804 ue,
1514 5741 1603 5793 alii
1635 5732 1811 5809 dispu-

455 5802 730 5882 "f‘lfijatis
757 5820 831 5882 est
861 5809 989 5862 illud
1023 5812 1099 5863 ita
1123 5802 1383 5882 exhibere,
1422 5802 1572 5882 quale
1601 5802 1813 5865 illic'le-

292 5865 452 5933 Ηίίιινο
487 5861 906 5929 Ρτίείετθιιηιίυνη
935 5891 1109 5935 tamen
1139 5897 1240 5937 nan
1270 5861 1494 5937 arbitror
1524 5882 1617 5938 hoc
1646 5884 1814 5953 ipsum

511 5957 783 6016 Parnm.
824 5956 925 6016 LX
944 5957 989 6017 Χ
1004 5958 1083 6019 Χ.

1990 5458 2242 5531 decretum
2286 5460 2468 5531 iisdem
2506 5459 2674 5531 verbis
2705 5459 2769 5513 ab
2819 5460 2937 5513 aliis
2988 5459 3253 5531 Stephano
3283 5458 3389 5531 IV,
3437 5462 3502 5515 ab

1987 5531 2105 5583 aliis
2141 5528 2237 5596 Vl,
2270 5529 2331 5582 ab
2358 5531 2476 5584 aliis
2497 5530 2765 5599 intpostori
2791 5532 3012 5599 cuipiam
3044 5530 3216 5585 tribui.

1922 5651 2203 5705 Deusdedit
2254 5651 2515 5706 Romanus
2562 5652 2794 5773 pointij’ex
2844 5650 3048 5704 decreto
3096 5666 3190 5703 suo
3244 5651 3511 5720 instituit,

2648 5738 2784 5773 iceus
2816 5740 2834 5773 :

2648 5738 2784 5779 τεευε
2816 5740 2834 5775 .'

1994 5813 2127 5877 Quia
2167 5820 2350 5866 sancta
2397 5812 2637 5866 Romana
2680 5812 2939 5878 Ecclesia,
2971 5814 3086 5877 cui,
3122 5813 3233 5870 Deo
3270 5823 3493 5871 auctore

1925 5883 2308 5952 prmsidcmus,
2355 5882 2610 5952 plurimas
2656 5884 2856 5952 patitur
2896 5885 3219 5954 violentias,
3262 5882 3511 5957 pontiﬁce

3009 5977 3082 6036 12
