4030 6318
531 176 632 234 567

1657 187 1964 244 SlSEItUTl
2006 188 2382 245 GOTIIORUM
2431 189 2627 248 ltEG'S

3691 207 3782 266 563

527 293 752 365 implere
783 310 886 350 non
918 295 1241 367 dedigneris.
1268 299 1421 368 Quod
1452 301 1494 354 si
1524 300 1576 355 in
1605 316 1699 356 sua
1728 301 2107 359 obsecratione
2139 309 2187 366 Α
2286 307 2626 364 Ansemundo
2671 309 2995 368 liducialiter
3035 313 3194 371 crede
3218 356 3232 381 ,
3286 312 3546 388 suspensa
3595 321 3782 380 cabila-

526 384 698 442 tristis
745 397 926 442 nostra
974 390 1221 447 voluntas
1267 408 1372 448 non
1402 396 1746 461 remanserit,
1793 396 1935 465 apud
1964 411 2113 451 sere-

527 477 804 534 nissimum
831 480 977 535 urbis
1005 480 1279 538 dominum
1312 472 1519 554 patrem
1551 495 1788 542 vestrum
1830 496 2107 543 auctorem

524 585 627 625 nos
673 586 785 626 suas
832 572 1063 628 maxime
1098 574 1313 629 utilitati
1350 585 1528 632 vestra
1569 580 1881 647 agnoscebit
1910 580 1962 634 in
1993 598 2111 637 om-

525 660 683 716 nibus
711 661 941 717 existere
971 664 1281 718 eminentia.
1317 665 1489 721 Debiti
1520 683 1548 721 a
1596 669 1751 725 nobis
1796 669 1957 726 officii
1984 672 2107 741 jura

524 753 903 820 persolvimus,
956 763 1011 809 et
1065 756 1291 810 salutem
1346 757 1645 814 clementia:
1708 772 1898 816 vestra:
1950 779 2110 820 nosse

522 842 823 909 cupientes,
856 844 1119 900 litterario
1160 846 1420 918 obsequio
1465 850 1784 919 inquirimus
1832 861 1889 907 ut
1929 862 1982 908 et
2011 870 2106 909 ve-

521 945 647 992 strae
693 936 990 994 clementiae
1038 940 1249 997 animus
1286 951 1613 1012 provocetur
1657 944 1825 1000 vicem
1857 948 2105 1017 rescripti

520 1026 820 1095 rependere
850 1027 1242 1098 inquirentibus
1272 1047 1335 1087 ac
1363 1032 1728 1102 diligentibus.

1089 1141 1417 1200 EPISTOLA
1457 1146 1519 1199 Ill

859 1212 1104 1269 SISEBUTI
1144 1231 1298 1271 necis
1336 1233 1402 1271 an
1442 1218 1754 1281 CA-ZSARIUI,

929 1304 1035 1359 Per
1061 1307 1443 1363 Ansemundum
1472 1310 1686 1365 directa.

586 1392 638 1447 ι.
681 1391 738 1449 Si
763 1395 1008 1450 cordium
1040 1406 1312 1454 scrutator
1338 1400 1589 1456 sensibus
1632 1402 1826 1457 vestris
1856 1401 2106 1459 dilectio-

521 1502 648 1543 nem
684 1498 926 1544 nostram
977 1489 1321 1558 infunderet;
1362 1494 1406 1548 si
1446 1509 1682 1549 amorem
1723 1506 1966 1551 nostrum
2014 1512 2104 1551 ve-

514 1582 644 1637 stris
671 1582 883 1638 arcanis
911 1583 1204 1650 insereret;
1237 1583 1280 1638 si
1303 1584 1559 1656 quidquid
1591 1587 1659 1642 de
1687 1596 1739 1641 te
1768 1589 1947 1658 cogito
1973 1590 2105 1661 (quo

2216 399 2362 454 tione
2394 399 2591 469 recipe,
2621 410 2830 458 remota
2852 404 3161 475 suspicione
3189 408 3333 476 quod
3354 408 3579 477 jusseris
3602 412 3653 466 in
3681 413 3784 482 ejus

2214 497 2434 558 pectore
2452 491 2579 546 mite
2606 509 2617 543 :
2651 500 2836 549 noster
2861 495 3060 551 etenim
3091 505 3193 563 est,
3226 498 3328 553 etsi
3369 499 3657 570 impollitus
3685 504 3784 559 elo-

2211 582 2360 649 quio,
2390 597 2496 637 non
2530 582 2779 653 puritatis
2811 586 2989 641 studio
3017 604 3031 651 ;
3062 601 3164 657 ego
3193 588 3339 643 enim
3371 587 3660 647 affectione
3685 594 3783 650 sin-

2211 686 2335 725 cera
2386 673 2473 727 illa
2521 690 2626 744 qua
2656 686 2972 748 competunt
2997 678 3202 748 elegavi
3231 690 3278 746 ε,
3312 694 3420 750 qua
3448 681 3688 739 videntur
3712 685 3784 740 in-

2210 765 2404 832 struxi,
2434 775 2495 821 ut
2522 769 2673 837 potui
2706 769 2961 839 expolivi,
2994 771 3136 827 unde
3162 770 3280 841 ejus
3306 773 3673 830 sinceritatem
3703 776 3786 832 tibi

2209 855 2609 921 gubernandam
2639 860 2921 915 committo
2950 868 3007 915 et
3034 875 3139 931 qua
3164 863 3370 919 'minus
3395 874 3613 934 compte
3642 864 3786 921 fuerit

2212 961 2531 1007 consecutus
2558 969 2654 1023 per
2676 964 2748 1017 te,
2777 954 2907 1009 mihi
2937 955 3273 1024 charissime,
3300 965 3360 1011 ut
3382 955 3407 993 ιι
3432 973 3516 1013 me
3540 968 3787 1029 praesente

2209 1041 2456 1097 defendo.
2493 1044 2632 1110 Quid
2672 1046 2902 1115 amplius
2948 1054 3143 1102 vestrm
3184 1049 3529 1118 experientiae
3558 1050 3786 1105 intimem

2209 1147 2314 1186 non
2381 1133 2616 1198 invenio,
2671 1136 2754 1190 cui
2809 1150 2893 1191 me
2929 1138 2944 1172 ί
2980 1144 3151 1191 totum
3199 1138 3532 1193 oﬂerendum
3572 1150 3784 1209 exopto.

2210 1221 2306 1278 ilic
2331 1233 2508 1280 autem
2541 1226 2681 1282 lator
2711 1228 2780 1281 ita
2806 1235 2890 1283 est
2921 1228 2972 1283 in
3004 1230 3217 1285 cunctis
3241 1229 3549 1286 obstructus
3573 1232 3622 1298 i,
3646 1239 3700 1287 et
3719 1234 3787 1289 sic

2208 1316 2439 1372 linaliter
2486 1317 2785 1384 ordinatus,
2833 1332 3103 1390 quatenus
3150 1322 3406 1393 quidquid
3457 1332 3643 1378 vestra
3691 1324 3787 1379 cle-

2207 1407 2411 1461 mentia
2442 1408 2509 1463 ab
2557 1409 2648 1464 illo
2678 1412 2969 1478 quaesierit,
3013 1414 3211 1482 opinor
3250 1414 3612 1483 plenissimum
3649 1415 3787 1470 vobis

2206 1496 2454 1554 daturum
2484 1515 2798 1571 responsum
2831 1502 2877 1553 κ.
2931 1502 3186 1574 Epistolas
3224 1519 3377 1570 sane,
3408 1521 3541 1573 quas
3584 1506 3788 1576 publice

2206 1590 2359 1645 vobis
2386 1591 2663 1657 obtulerit,
2688 1593 3069 1649 rectitudinem
3091 1593 3312 1663 juStitite
3356 1596 3603 1650 intimant
3639 1606 3788 1665 atque

486 1687 641 1749 aere
679 1674 964 1729 verberato
1010 1674 1248 1744 pandere
1292 1686 1315 1714 ³
1369 1678 1604 1750 nequeo)
1663 1680 1859 1734 mentis
1910 1690 2101 1738 vestra:
2136 1670 2175 1728 Β
2206 1681 2429 1737 limitem
2457 1683 2700 1738 veritatis
2727 1685 3075 1749 custodiunt;
3118 1686 3248 1739 nihil
3304 1687 3446 1741 enim
3491 1687 3678 1754 gloria:
3702 1703 3787 1743 ve-

514 1764 787 1819 obtutibus
813 1773 1081 1820 reseraret
1107 1782 1122 1832 ;
1152 1767 1313 1821 credo
1355 1769 1520 1821 etiam
1550 1771 1773 1840 expulsa
1807 1772 2102 1829 retinacula

525 1852 893 1923 occasionum,
926 1857 1149 1927 expulsa
1179 1859 1756 1929 negotiapereuntium
1794 1878 2099 1931 causarum,

515 1945 755 2015 expulsis
802 1947 1123 2018 ambagibus
1165 1965 1436 2005 morarum
1472 1954 1829 2019 nascentium,
1876 1956 2002 2011 olim
2049 1965 2103 2014 te

511 2038 665 2094 nobis
691 2039 802 2109 jam
847 2040 1012 2098 fuisse
1051 2044 1362 2099 consocinm
1395 2041 1421 2080 δ
1466 2053 1522 2099 et
1560 2046 1847 2102 alternatio
1877 2049 2102 2104 charita-

520 2130 592 2183 tis
621 2145 831 2186 merum
862 2131 914 2186 in
947 2132 1188 2204 utrisque
1218 2132 1394 2189 fruere
1420 2143 1634 2204 poterat
1662 2137 1920 2191 animum.
1952 2138 2056 2193 Sed
2082 2181 2100 2206 ,

509 2231 771 2292 quantum
803 2222 1041 2292 intelligo
1067 2264 1081 2288 ,
1116 2235 1339 2293 peccato
1368 2225 1412 2280 si
1439 2226 1655 2295 quidem
1682 2243 1805 2283 meo
1835 2227 1935 2283 ista
1967 2230 2099 2284 mihi

514 2308 800 2369 conscribo
822 2352 837 2377 ,
870 2322 932 2369 ut
960 2314 1139 2372 nullos
1180 2312 1382 2371 fructus
1411 2331 1572 2385 quem
1621 2334 1730 2389 prae
1776 2320 1985 2377 caeteris
2013 2320 2097 2375 di-

508 2403 617 2472 ligo
647 2406 892 2474 partibus
919 2407 1054 2462 meis
1097 2406 1351 2463 reddatur
1396 2410 1521 2483 [nec
1565 2410 1847 2468 retributio
1874 2428 2099 2482 compar

505 2496 743 2553 sortibus
792 2499 926 2554 meis
972 2498 1342 2570 reciprocetur
1369 2499 1437 2573 cj.
1472 2500 1608 2568 Quid
1656 2502 1798 2558 enim
1845 2503 2091 2571 dubitas,

506 2592 679 2648 amice
726 2594 1080 2661 charissime,
1130 2595 1174 2650 si
1232 2594 1362 2651 fides
1409 2594 1732 2653 Christianis
1784 2596 2090 2667 adhibetur,

504 2686 719 2754 suscipe
763 2685 1006 2751 foedera;
1054 2686 1098 2741 si
1137 2687 1356 2755 puemia
1402 2688 1545 2756 quod
1588 2689 1729 2758 apud
1774 2697 1827 2744 te
1866 2698 1950 2746 est
1986 2691 2093 2747 vile

507 2779 725 2849 percipe
769 2778 908 2835 dona
963 2799 976 2832 :
1029 2780 1310 2851 profiteor,
1346 2798 1527 2838 coram
1580 2784 1693 2841 Deo
1743 2785 1861 2856 ipso
1902 2788 2087 2857 propi-

504 2871 696 2936 tiante,
728 2872 1143 2940 promissionem
1172 2889 1349 2929 meam
1381 2875 1435 2928 in
1466 2876 1717 2933 omnibus
1744 2892 2084 2945 conservare,

503 2970 561 3016 et
598 2977 767 3017 sacra:
814 2961 1116 3020 devotionis
1160 2965 1494 3034 prapositum
1547 2967 1865 3023 intemerata
1909 2960 2089 3024 mente

504 3060 707 3108 tenere.
754 3050 877 3108 Dies
893 3055 1035 3109 enim
1051 3069 1187 3124 quos
1214 3056 1400 3111 debuit
1428 3058 1583 3114 nobis
1609 3058 1748 3114 bene
1774 3060 2091 3129 degentibus

502 3143 721 3213 copiosa
750 3142 931 3199 latitia
959 3145 1012 3199 in
1028 3145 1389 3203 exsultatione
1414 3147 1703 3217 deducere,
1745 3164 1841 3206 cur
1859 3150 2090 3209 cladium

500 3236 715 3304 funera,
757 3252 855 3290 cur
901 3238 1068 3307 pestis
1115 3239 1352 3306 assidua,
1400 3256 1497 3297 cur
1546 3241 1825 3299 calamitas
1873 3244 2089 3299 ruinosa

502 3343 829 3384 consumens
849 3328 1047 3385 debeat
1062 3331 1339 3386 mutilare?
1357 3331 1609 3388 Nostrum
1635 3335 1848 3405 quidem
1880 3353 1986 3390 non
2005 3337 2089 3390 in-

496 3420 691 3489 dignus
706 3418 733 3458 ά
756 3431 1074 3491 exspectare
1102 3423 1409 3491 consilium,
1432 3426 1526 3479 sed
1560 3435 1800 3480 nostrum
1827 3434 2088 3495 estquam

496 3508 783 3577 diligimus,
815 3518 1105 3580 totumque
1133 3513 1370 3582 pandere
1397 3523 1602 3581 votum,
1632 3524 1766 3586 quot
1786 3525 1812 3553 ⁸
1835 3526 1959 3571 sunt
1977 3517 2090 3573 dies

496 3599 619 3654 vita:
648 3609 844 3655 nostrae
879 3602 1113 3656 scientes
1148 3603 1455 3669 nescimus;
1496 3604 1627 3659 illud
1673 3606 1815 3660 enim
1860 3606 2088 3662 intentio

496 3701 680 3749 nostra
722 3693 850 3749 dttm
892 3702 1103 3766 tempus
1127 3703 1210 3751 est
1235 3696 1396 3751 debet
1426 3696 1705 3751 intendere
1730 3697 1873 3766 quod
1892 3698 2088 3768 prode-

493 3785 655 3842 faciat
684 3786 735 3841 ei
762 3789 814 3841 in
857 3796 1121 3859 perpetuo
1154 3797 1397 3858 tempore
1416 3805 1522 3859 qua
1546 3809 1576 3844 ιι
1596 3789 1737 3859 jnste
1757 3834 1772 3858 ,
1801 3805 1962 3859 quam
2003 3808 2088 3847 re-

494 3879 733 3933 ctissimo
764 3879 943 3946 modo,
990 3894 1153 3949 quam
1185 3880 1278 3935 Dei
1310 3879 1431 3936 freti
1475 3881 1781 3946 clementia,
1821 3898 1929 3949 res,
1977 3883 2086 3939 Deo

496 3970 790 4038 largitore,
858 3980 1003 4027 stare
1056 3973 1345 4042 poscimus,
1401 3982 1589 4039 utpote
1650 3974 2086 4043 vigilantissimus

495 4060 740 4129 cognitor
783 4060 853 4116 de
880 4077 940 4116 re
966 4063 1081 4132 ipsa
1122 4071 1279 4132 potes
1319 4063 1639 4131 advertere;
1687 4066 1832 4134 quod
1859 4069 1903 4121 si
1944 4065 2083 4120 bella

494 4161 745 4222 surgant,
784 4155 830 4210 si
878 4170 1064 4210 mucro
1106 4154 1341 4211 fervidus
1384 4156 1437 4212 in
1466 4158 1705 4228 qualibet
1736 4167 1887 4228 parte
1913 4159 2084 4215 desaa-

495 4261 515 4299 t
532 4245 623 4310 iat,
647 4245 688 4299 si
711 4245 820 4300 vita
849 4245 1126 4301 hominum
1156 4254 1372 4316 tempus
1392 4247 1705 4303 bellicosum
1736 4264 1842 4303 non
1866 4249 2081 4317 exigat;

493 4351 655 4408 quem
709 4337 950 4407 opinaris
991 4354 1091 4408 pro
1141 4339 1305 4393 tantis
1346 4338 1663 4403 sceleribus,
1710 4353 1807 4407 pro
1861 4339 2083 4407 ingestis

494 4426 755 4494 c'iadibus,
796 4443 894 4498 pro
936 4427 1309 4483 funestissimis
1340 4427 1501 4484 illatis
1531 4425 1546 4463 ί
1601 4426 1933 4495 vulneribus,
1966 4429 2077 4485 Deo

496 4518 720 4573 reddere
748 4521 1057 4575 rationem?
1090 4520 1217 4576 Mihi
1245 4519 1476 4585 videtur,
1508 4527 1563 4574 et
1591 4534 1723 4574 sane
1761 4527 1970 4574 rectum
2000 4522 2082 4576 νίν

494 4612 670 4681 detur,
698 4612 849 4667 illum
877 4613 946 4668 de
975 4622 1056 4669 tot
1080 4614 1238 4669 malis
1266 4622 1450 4669 tenere
1477 4614 1791 4680 obnoxium,
1815 4615 1906 4682 qui
1936 4615 2081 4671 acci-

492 4718 624 4775 pere
650 4704 822 4758 noluit
860 4704 1099 4775 piissime
1146 4705 1387 4760 oblatum
1436 4705 1754 4760 remedium.
1801 4706 1907 4761 Sed
1953 4707 2081 4777 quid

492 4794 594 4848 ista
627 4795 917 4851 reteximus
930 4811 1089 4865 quem
1119 4780 1457 4851 solummodo
1485 4794 1781 4852 admonere
1801 4795 2034 4853 sufliciat
2064 4815 2076 4850 :

491 4897 830 4943 revertamur
858 4888 924 4942 ad
953 4897 1185 4945 vestram
1216 4888 1563 4943 dilectionem
1595 4890 1980 4960 amplissimam
2028 4899 2083 4945 et

495 4991 736 5035 nostram
766 4980 1108 5037 devotionem
1138 4982 1501 5053 purissimam.

566 5125 593 5155 ι
622 5116 796 5189 Tolet.
827 5117 984 5184 Cod.,
1012 5118 1328 5189 panderet...
1356 5135 1587 5172 reserare
1615 5136 1628 5183 ;
1663 5128 1911 5173 nosotros
1953 5133 2082 5172 ana-

494 5186 667 5259 disz
696 5188 746 5242 la
780 5186 1108 5259 apuntac'ion
1134 5190 1220 5243 del
1248 5188 1602 5259 parenthesis.

564 5204 667 5243 nos
696 5204 746 5242 ta
780 5204 809 5242 a
854 5204 1108 5244 untacwn
1134 5206 1152 5243 t

564 5256 591 5294 δ
624 5258 766 5324 ΤοΙ.,
797 5204 1152 5313 ἕοηδονεὶιιηι.

568 5340 590 5366 ο
623 5328 775 5381 Falta
805 5346 872 5383 en
904 5331 952 5384 la
984 5329 1133 5384 lteal.

572 5399 598 5437 ιι
629 5398 771 5464 Tol.,
803 5400 1069 5464 indignus.

569 5478 593 5538 ἐ
626 5467 697 5538 I_.a
728 5471 882 5538 copia
914 5467 1067 5534 lieni,
1098 5472 1248 5538 quod.

572 5536 589 5575 τ
624 5536 766 5608 Τυι..
799 5536 1026 5608 injactis.

567 5619 591 5680 tr
623 5606 714 5680 ha
731 5606 881 5669 Real,
914 5610 1127 5680 diligam

564 5674 593 5716 ³
622 5676 760 5741 ΤυΙ..
797 5679 896 5731 β’ίν.

2204 1782 2330 1830 stra:
2346 1773 2607 1842 officiunt,
2636 1776 2680 1829 si
2711 1777 2882 1845 magis
2912 1772 3235 1847 expedibilia
3270 1779 3423 1832 nobis
3451 1778 3649 1833 fuerint
3672 1796 3787 1836 eon-

2207 1868 2423 1932 tributa,
2457 1877 2511 1921 et
2563 1867 2628 1921 ad
2682 1866 2952 1931 effectum,
3003 1868 3115 1924 Deo
3163 1870 3480 1937 miserante,
3513 1886 3615 1939 qua
3650 1872 3789 1928 unice

2203 1956 2505 2025 ﬂagitamus
2551 1958 2799 2013 venerint
2827 1959 3136 2027 concupita.
3189 1961 3386 2014 Arcum
3429 1960 3583 2014 nobis
3627 1959 3787 2017 Anse‘

2202 2050 2401 2104 mundo
2429 2066 2458 2103 a
2498 2058 2673 2105 vestra
2710 2051 2880 2118 gloria
2930 2050 3265 2107 destinatum
3295 2051 3511 2106 adluxit
3545 2070 3557 2105 :
3591 2052 3667 2106 ob
3694 2054 3787 2108 hoc

2203 2140 2402 2208 gratias
2436 2140 2589 2195 vobis
2618 2141 2909 2211 ampliores
2956 2142 3331 2211 persolvimus,
3379 2144 3522 2212 quod
3550 2144 3708 2198 simul
3736 2151 3786 2198 et

2201 2231 2379 2286 verbis
2409 2246 2438 2285 a
2468 2232 2621 2288 vobis
2646 2232 2883 2287 ditamur
2910 2241 2966 2289 et
2994 2248 3238 2290 munere.

2765 2323 3093 2399 EPlSTOLA
3145 2342 3211 2397 IV

2420 2428 2639 2469 οιεεΑιιιι
2662 2430 2892 2469 ρλτιιιειι
2924 2431 2992 2468 AD
3025 2414 3331 2470 Stssnuruu
3361 2432 3538 2472 ascen
3560 2458 3573 2482 ,

2645 2509 2745 2563 Per
2773 2509 3035 2564 Urseflum
3070 2507 3085 2545 ι
3125 2510 3341 2564 directa.

2265 2596 2379 2665 Qua
2402 2598 2597 2653 nobilis
2617 2600 2842 2670 epistola
2867 2607 3042 2654 vestra
3074 2600 3326 2666 innotuit,
3353 2614 3458 2668 qua
3486 2600 3786 2668 quibusque

2196 2691 2368 2746 modis
2415 2691 2687 2747 insinuare
2735 2691 3004 2757 decrevit,
3049 2707 3154 2761 qua
3198 2692 3267 2747 de
3295 2691 3554 2748 industria
3605 2700 3784 2763 aptata

2194 2783 2482 2855 perpatuit,
2505 2783 2784 2839 sinceriter
2803 2784 3026 2853 legimus
3057 2783 3317 2855 [spatiose
3337 2783 3685 2839 tractavimus
3704 2780 3783 2852 ‘1‘].

2193 2884 2353 2929 caute
2397 2889 2527 2930 sane
2573 2873 2938 2941 advertimus,
2984 2883 3040 2928 et
3085 2874 3261 2929 accito
3306 2872 3519 2928 notario
3570 2872 3625 2925 in
3678 2871 3786 2941 ipso

2197 2967 2471 3035 procinctu
2505 2975 2562 3020 nt
2587 2967 2866 3037 exciperet
2897 2967 3295 3036 imperavimus.
3340 2966 3456 3020 .l'am
3490 2965 3643 3020 novit
3671 2978 3785 3034 qna:

2121 3036 2165 3099 Ο
2198 3057 2394 3112 dudum
2427 3036 2723 3127 praescivit,
2745 3056 2947 3127 gratias
2977 3072 3172 3126 nempe
3218 3071 3318 3111 nec
3346 3057 3617 3111 immerito
3667 3055 3784 3110 red-

2194 3148 2389 3215 dimus,
2420 3149 2563 3219 quod
2590 3150 2841 3204 clementi
2872 3150 3052 3203 animo
3081 3163 3112 3202 a
3143 3148 3293 3204 vobis
3330 3148 3660 3219 praecognita
3691 3147 3785 3217 ipsi

2193 3240 2426 3297 scienter
2452 3249 2479 3277 ιι
2510 3240 2827 3311 agnovimus
2854 3257 2868 3305 ;
2918 3239 3012 3294 sed
3041 3238 3180 3294 sicut
3207 3248 3383 3294 vestra
3410 3239 3699 3294 clementia
3726 3238 3786 3293 de

2194 3332 2463 3401 plerisque
2510 3347 2609 3387 nos
2657 3330 2845 3385 maluit
2882 3329 3061 3385 lacere
3090 3340 3478 3399 cognoscentes
3523 3331 3697 3384 instar
3723 3329 3785 3383 de

2193 3423 2443 3478 omnibus
2472 3431 2683 3477 vestros
2736 3421 3099 3477 nobilissimos
3147 3436 3337 3477 sensus
3374 3420 3648 3475 reddimus
3672 3434 3785 3490 quas

2191 3524 2341 3585 gesta
2372 3523 2498 3570 sunt
2525 3516 2803 3570 certiore=.

2263 3608 2658 3664 Theodoricum
2689 3618 3007 3678 nostrosque
3054 3609 3295 3677 legatos,
3347 3610 3651 3678 opitulante
3696 3606 3781 3661 cui

2191 3707 2383 3753 cuncta
2413 3698 2741 3761 deserviunt,
2775 3714 2897 3751 cum
2927 3699 3072 3752 omni
3103 3699 3395 3765 gratiarum
3426 3699 3641 3752 actione
3672 3713 3786 3767 par-

2193 3790 2333 3843 tibus
2362 3789 2413 3842 in
2444 3788 2641 3842 nostris
2666 3789 2776 3856 jam
2807 3803 2928 3842 esse
2957 3788 3298 3855 coniunctos,
3326 3797 3380 3841 et
3409 3802 3439 3840 a
3469 3788 3785 3842 clementis-

2187 3882 2326 3936 simo
2345 3895 2408 3936 ac
2429 3879 2628 3935 difficili
2650 3881 3050 3949 comparatione
3068 3881 3394 3950 imperatore
3414 3880 3784 3938 dominissimu

2190 3971 2447 4025 honestos
2468 3971 2489 3992 '
2537 3970 2845 4040 hilaresque
2875 3971 3084 4025 animos
3110 3971 3327 4039 quidem
3377 3969 3693 4040 redemptos
3720 3971 3785 4024 ad

2189 4076 2285 4114 nos
2317 4059 2481 4115 fuisse
2504 4061 2776 4124 remissos,
2808 4061 2971 4115 credo
3001 4060 3249 4129 equidem
3281 4061 3369 4115 illa
3401 4064 3602 4116 nostris
3630 4078 3784 4117 men-

2190 4153 2330 4205 tibus
2378 4150 2626 4204 intiment
2654 4164 2771 4218 qurc
2801 4149 2929 4205 olim
2959 4166 3139 4205 sermo
3166 4152 3431 4221 poposcit,
3464 4166 3588 4220 quae
3631 4166 3782 4206 mens

2189 4243 2274 4314 pia
2292 4242 2619 4310 elﬂagitavit.
2639 4256 2758 4312 qua:
2772 4243 3011 4298 sincerus
3033 4244 3240 4298 animus
3260 4245 3602 4314 concupivit:
3625 4246 3784 4299 aliter

2190 4334 2415 4389 credere
2461 4334 2611 4388 nefas
2657 4343 2775 4398 est,
2817 4350 2915 4390 nec
2959 4344 3135 4405 potest
3181 4336 3493 4406 imperatori
3544 4338 3781 4391 animum

2189 4427 2423 4496 regalem
2450 4426 2702 4493 majestas
2724 4427 2996 4482 offendere
3011 4469 3025 4494 ,
3048 4440 3208 4495 quam
3236 4426 3499 4481 condecet
3523 4434 3779 4496 exoptata

2187 4518 2448 4573 beneficio
2494 4519 2737 4588 ampliori
2783 4526 3083 4587 praestare:
3133 4517 3241 4571 vita
3284 4517 3520 4587 denique
3569 4517 3782 4573 Christo

2186 4610 2478 4666 comitante
2525 4618 2797 4675 manente,
2830 4610 2956 4664 dum
2984 4610 3071 4665 isti
3101 4610 3188 4664 hic
3214 4619 3240 4659 r
3268 4609 3559 4665 desiderati
3588 4625 3781 4681 perve-

2188 4705 2384 4770 nerint,
2415 4702 2724 4773 plenissime
2750 4702 2944 4757 vestris
2972 4716 3310 4757 reservamus
3350 4702 3597 4756 sensibus
3621 4701 3779 4769 quid-

2186 4797 2315 4868 quid
2368 4804 2605 4853 nostram
2658 4797 3040 4852 conscientiam
3093 4795 3308 4850 duxerit
3357 4809 3551 4849 eorum
3602 4809 3783 4849 sermo

2188 4890 2566 4959 plenissimus;
2598 4887 2775 4958 aliqua
2803 4903 2931 4944 sane
2959 4886 3149 4942 vestris
3173 4895 3425 4941 tenentur
3447 4898 3474 4937 (ι
3502 4885 3778 4947 affatibus,

2188 4980 2278 5035 ubi
2329 4996 2453 5051 pars
2514 4978 2835 5049 figuraliter,
2884 4995 3010 5048 pars
3064 4977 3415 5034 historialiter
3468 4978 3779 5036 intimatur,

2266 5120 2279 5157 ί
2327 5120 2398 5173 La
2429 5118 2579 5182 Real,
2611 5119 2716 5189 qui.

2265 5196 2279 5241 i
2324 5191 2506 5252 Forte,
2538 5191 2842 5242 instructus.

2260 5260 2283 5298 ¹ί
2314 5261 2387 5313 La
2418 5258 2569 5321 Real,
2602 5260 2729 5311 dare
2757 5256 2919 5310 vobis.

2267 5331 2280 5368 ι
2319 5330 2470 5394 ΤοΙ.,
2504 5329 2761 5383 Urselum.

2260 5401 2297 5423 "'
2323 5400 2476 5454 Fatta
2509 5415 2574 5453 cn
2602 5404 2651 5452 ei
2682 5398 2798 5451 Tol.

2261 5482 2287 5509 υ
2338 5470 2410 5524 La
2441 5469 2595 5533 Real,
2626 5470 2864 5522 spientes.

2263 5552 2286 5577 ο
2320 5540 2392 5594 La
2421 5541 2608 5593 tuisma
2638 5553 2721 5608 eo;
2746 5539 2811 5601 ia,
2845 5539 3180 5595 danmissimo
3212 5546 3443 5590 onustos.

2263 5625 2287 5663 Ρ
2331 5610 2475 5671 Τυι..
2508 5611 2642 5662 istic.

2262 5696 2285 5732 (ι
2332 5682 2470 5743 ΤυΙ,,
2504 5688 2720 5735 ιιιηίτιιιικ
