4030 6318
234 393 347 452 369

1681 374 2053 431 EPISTOLIE.

3424 368 3529 423 370

236 508 499 568 nonnulla
530 494 749 574 tropica:
778 499 1100 556 narrationis
1135 497 1375 553 obtinent
1407 493 1585 548 locum
1611 510 1625 555 ;
1659 492 1722 544 de
1755 490 1837 543 his
1867 497 1916 554 Α
1946 488 2075 544 ﬁdes
2117 487 2346 543 habetur
2395 486 2583 543 idonea
2610 527 2626 553 ,
2667 484 2947 541 sinceritas
2976 484 3198 555 copiosa
3222 524 3237 551 ,
3272 484 3530 539 industria

236 603 387 675 loqui
409 597 694 670 generibus
723 593 1073 665 prolixiorem
1098 590 1264 645 otium
1297 603 1381 643 res
1405 587 1520 655 ipsa
1550 581 1830 650 elllagitat,

236 695 344 750 hac
371 705 587 762 quoque
614 685 866 744 concinni
894 683 1103 739 ratione
1129 695 1447 752 quacunque
1492 686 1684 748 potero
1715 676 1836 729 bre-

236 786 409 842 vitate
449 782 825 855 perstringam.
880 777 1131 849 Spiritale
1177 774 1410 838 bellum,
1452 772 1602 841 juxta
1652 782 1838 825 sacros

238 876 458 946 apices,
488 880 679 929 contra
708 869 971 940 spiritalia
1011 865 1263 938 nequitia:
1286 874 1308 898 κ
1341 878 1504 933 agere
1544 858 1799 917 convenit
1820 898 1835 923 ,

240 965 393 1038 quod
420 980 519 1020 nos
547 978 652 1019 non
683 962 998 1033 permittere
1025 968 1115 1013 tua
1141 954 1464 1027 praemonuit
1493 952 1736 1015 bonitas;
1784 951 1838 1003 in

240 1059 332 1115 h'is
357 1058 520 1113 rebus
555 1055 734 1110 divina
776 1052 947 1120 magis
985 1064 1145 1121 quam
1176 1048 1410 1103 humana
1438 1052 1562 1101 sunt
1588 1041 1840 1110 suﬁragia

241 1148 590 1220 requirenda.
622 1145 719 1200 ille
759 1143 851 1213 qui
887 1142 987 1197 fuit
1028 1156 1175 1197 mors
1222 1135 1410 1193 mortis
1437 1145 1491 1192 et
1520 1136 1625 1189 vita
1656 1134 1841 1187 viven-

242 1242 417 1307 tium,
446 1240 561 1309 ipse
598 1252 698 1307 pro
728 1235 971 1303 utrisque
1017 1246 1205 1288 eorum
1234 1235 1484 1284 conterat
1530 1224 1754 1281 bellum.
1786 1221 1843 1276 Si

242 1339 429 1385 tamen
478 1329 543 1383 de
589 1327 897 1382 hominibus
945 1325 1047 1379 hoc
1073 1331 1250 1379 vestra
1280 1319 1545 1376 sententia
1574 1314 1841 1388 proferat,

241 1419 522 1476 notuimus
546 1417 572 1455 ι’
610 1418 737 1472 olim
768 1416 951 1483 vobis,
982 1422 1035 1470 et
1067 1413 1418 1469 convenimus
1445 1408 1685 1465 crebrius
1710 1420 1848 1474 quos

242 1520 483 1581 pactusc
532 1517 714 1564 vester
765 1506 986 1562 minimc
1028 1504 1300 1568 vindicat,
1329 1500 1550 1556 minime
1597 1496 1849 1554 defendat

244 1602 498 1664 intentio,
517 1600 612 1656 sed
633 1599 757 1653 dum
789 1598 1062 1654 dilationis
1090 1595 1432 1667 protenditur
1453 1601 1688 1664 tempus,
1721 1592 1849 1645 dum

245 1692 554 1748 occasionis
582 1698 865 1763 pnestatur
892 1697 1117 1744 eventus
1137 1730 1153 1756 ,
1183 1687 1309 1741 dmn
1338 1688 1390 1741 in
1421 1685 1631 1741 diversa
1657 1680 1851 1738 diﬁun-

246 1782 397 1837 ditur
426 1782 635 1837 animus
655 1822 670 1849 ,
701 1794 1042 1849 nequaquam
1096 1794 1222 1850 pars
1252 1786 1435 1832 nostra
1467 1775 1735 1845 postulata
1766 1787 1851 1827 re-

1936 580 2096 634 nimis
2142 587 2334 645 caut-t;
2386 578 2627 650 oportuit
2655 590 2783 646 ergo
2818 576 2888 633 ob
2930 576 3223 632 amicitiam
3250 584 3487 631 vestram
3516 619 3530 641 ,

1938 685 2058 739 quae
2086 668 2154 723 ad
2184 678 2414 724 vestram
2464 684 2561 737 per
2588 668 2806 724 eosdem
2832 664 2859 704 κ
2909 666 3275 736 cognitionem
3322 665 3532 735 prolata

1939 761 2049 817 sint
2093 759 2587 831 incorruptibilibus
2627 760 2821 815 vestris
2850 758 3114 815 deducere
3142 757 3387 813 sensibus
3411 798 3427 825 ,
3456 766 3534 825 ut,

1940 849 2222 922 stiperﬁuis
2243 849 2456 906 tandem
2479 851 2655 906 causis
2682 848 2867 921 procul
2890 850 3105 914 amotis,
3137 848 3326 904 divalis
3346 845 3367 885 ι
3402 863 3534 919 [πως

1941 942 2188 1013 ponenda
2229 940 2547 996 mortalibus
2592 941 2799 997 sanctio
2830 941 3039 995 cunctis
3073 940 3408 994 insistentem
3439 939 3507 993 de

1942 1032 2257 1089 mutabilem
2284 1031 2688 1102 tranquillitatis
2716 1039 2907 1086 vestrae
2944 1031 3167 1100 gloriam
3196 1031 3262 1084 ad
3290 1030 3537 1085 effectum

1945 1133 2007 1181 ut
2029 1125 2207 1179 valeat
2235 1124 2538 1195 pervenire.
2564 1122 2958 1178 Salutationum
2990 1132 3050 1177 ut
3080 1136 3219 1193 queo
3244 1120 3365 1189 jura
3390 1120 3541 1174 vobis

1945 1215 2194 1281 restituo,
2227 1224 2282 1270 et
2306 1214 2654 1270 charissimos
2693 1220 2910 1269 nostros
2941 1212 3011 1267 ob
3041 1212 3357 1266 immensam
3389 1223 3543 1264 amo-

1947 1306 2022 1362 ris
2066 1305 2438 1361 excellentiam
2490 1303 2833 1375 imperatoris
2884 1309 3284 1373 prassentesque
3334 1314 3543 1356 sursum

1949 1396 2189 1468 privatos
2217 1395 2304 1466 pia
2335 1394 2625 1449 devotione
2654 1393 2999 1448 commendo.

2524 1499 2853 1555 EPISTOLA
2910 1498 2975 1553 Vl

2096 1592 2328 1647 EUSEBIO
2352 1606 2607 1648 EPISCOPO
2638 1608 2671 1646 Α
2696 1589 2960 1646 SISEBUTO
2988 1605 3127 1647 REGE
3156 1605 3385 1645 DlRSCTA

2024 1686 2225 1742 Sancto
2254 1701 2318 1739 ac
2346 1685 2640 1740 venerabili
2669 1685 2809 1754 patri
2839 1683 3073 1738 Eusebio
3102 1683 3381 1753 episcopo.

2027 1776 2289 1832 Mortuam
2342 1777 2510 1845 magis
2557 1792 2719 1845 quam
2768 1777 3087 1831 morituram
3140 1776 3428 1847 epistolam
3478 1780 3546 1830 de

247 1873 433 1944 cepit,
463 1872 515 1926 in
544 1879 749 1926 tantum
795 1879 852 1924 ut
881 1871 1152 1926 hominem
1202 1886 1414 1924 summo
1446 1868 1673 1924 crimine
1700 1865 1850 1921 dedi-
1884 1860 1930 1920 Β
1956 1867 2217 1922 cinerosis
2245 1867 2508 1938 sepulcris
2533 1878 2778 1923 exortam
2811 1867 3111 1937 quamlibet
3138 1866 3401 1938 pollutam
3435 1876 3489 1921 et
3510 1877 3547 1903 ω

248 1969 387 2027 tum,
420 1970 474 2015 et
502 1960 647 2015 omni
686 1958 877 2015 morbo
929 1966 1280 2029 prostratum,
1312 1974 1412 2029 pro
1442 1956 1779 2013 districtione
1801 1953 1853 2023 δ,

247 2067 354 2122 pro
383 2051 656 2115 castitate,
689 2065 788 2121 pro
817 2049 1162 2113 abstinentia,
1206 2058 1388 2105 nostra
1417 2049 1745 2118 sequebatur
1774 2047 1857 2101 iu-

251 2141 447 2196 tentio.
473 2141 552 2196 Ad
575 2140 824 2197 effectum
853 2140 1094 2210 nequivit
1117 2148 1299 2196 nostra
1322 2139 1603 2210 pervenire
1630 2136 1855 2208 petitio;

252 2231 419 2285 istum
457 2230 526 2286 ob
565 2231 670 2287 hoc
715 2230 1297 2303 pseudopresbyterum
1336 2230 1459 2286 ideo
1504 2227 1856 2285 inserendum

250 2322 588 2392 putavimus,
621 2333 681 2377 ut
708 2322 776 2379 de
803 2322 1013 2378 ueteris
1053 2329 1107 2377 te
1132 2322 1396 2378 scientem
1434 2326 1555 2390 qua:
1582 2328 1605 2357 ο
1637 2318 1860 2373 minime

253 2413 434 2468 nescis
464 2414 601 2469 inter
620 2422 816 2469 caetera
837 2414 1117 2469 faciamus.
1141 2412 1416 2468 Judicibus
1446 2420 1626 2468 tamen
1660 2409 1859 2466 nostris

253 2512 437 2559 vestra
466 2504 681 2560 bonitas
729 2505 884 2561 nobis
913 2505 1148 2561 innotuit
1177 2504 1313 2560 tales
1349 2504 1656 2559 sanctiones
1683 2501 1860 2573 porri-

256 2610 410 2664 gere,
439 2605 500 2651 ut
527 2596 682 2653 nobis
724 2597 906 2653 debita
957 2606 1177 2653 teneant
1218 2609 1271 2654 et
1315 2598 1592 2667 requirant
1635 2611 1701 2652 ex
1748 2610 1858 2668 qua

260 2686 566 2743 nullatenus
590 2696 942 2759 competunt,
973 2698 1029 2745 et
1071 2690 1267 2745 vestris
1313 2689 1553 2760 partibus
1588 2689 1735 2758 juste
1764 2688 1861 2743 de-

256 2777 456 2833 bentur
498 2779 565 2834 ad
607 2779 939 2835 reddendum
991 2781 1213 2836 minime
1257 2781 1544 2836 diﬁerant:
1577 2782 1681 2837 hoc
1728 2780 1859 2837 mihi

256 2878 472 2940 gratum
519 2887 639 2927 esse
688 2879 867 2927 vestra
917 2881 1211 2941 cognoscat
1267 2873 1549 2927 clementia
1594 2889 1608 2936 ;
1660 2869 1856 2926 suﬁicit

258 2963 407 3018 enim
452 2965 610 3020 nobis
657 2973 843 3021 nostra
891 2963 1221 3032 defendere,
1262 2974 1319 3022 et
1365 2965 1539 3021 aliena
1584 2966 1862 3034 requirere

257 3050 499 3108 minime.
543 3052 828 3124 Sospitatis
854 3064 1049 3111 vestra:
1091 3054 1285 3110 indicia
1331 3069 1394 3111 ac
1433 3054 1701 3111 felicitatis
1740 3056 1860 3125 jura

258 3143 515 3199 debentia
545 3155 726 3201 mente
754 3145 1099 3201 devotissima
1127 3146 1294 3201 reddo
1312 3186 1326 3211 ,
1357 3154 1413 3201 et
1463 3163 1645 3202 rursus
1670 3147 1861 3203 salutis

1958 1959 2106 2014 omni
2157 1958 2478 2027 contagione
2531 1959 2772 2014 cinosam
2831 1960 3091 2014 extremis
3142 1959 3227 2013 vix
3277 1959 3555 2028 attigimus

1958 2049 2237 2116 manibus,
2264 2064 2424 2119 quem
2455 2051 2623 2119 magis
2650 2050 3025 2118 anhelantem,
3056 2058 3244 2121 utpote
3273 2066 3379 2105 non
3410 2067 3553 2106 mor-

1960 2146 2142 2206 tuam,
2173 2139 2270 2195 sed
2319 2155 2589 2210 nunquam
2621 2141 2890 2195 viventem
2921 2140 3246 2211 aspeximus.
3302 2141 3358 2196 id
3388 2142 3440 2194 in
3474 2140 3552 2196 fu-

1961 2229 2127 2285 mosis
2179 2230 2312 2300 ipsis
2362 2229 2552 2285 favillis
2600 2229 2972 2297 advertimus,
3007 2231 3244 2285 inanium
3293 2246 3388 2287 vos
3435 2247 3555 2286 esse

1959 2328 2257 2377 sectatores
2283 2337 2563 2377 causarum
2581 2365 2596 2389 ,
2623 2332 2678 2377 et
2705 2338 2812 2377 non
2842 2337 3020 2395 rerum
3048 2322 3471 2377 ﬁrmissimarum
3507 2332 3558 2376 te

1961 2421 2385 2468 consentaneum
2412 2428 2550 2480 esse,
2582 2413 2675 2468 sed
2705 2415 2915 2470 miseris
2942 2415 3249 2470 hominibus
3275 2425 3332 2471 et
3360 2416 3559 2470 ὶιιηιιὶς

1962 2503 2195 2558 inaniter
2242 2505 2570 2559 consentire.
2614 2504 2897 2574 Objectum
2949 2506 3053 2562 hoc
3102 2506 3247 2576 quod
3301 2508 3369 2562 de
3420 2506 3560 2561 ludis

1962 2595 2207 2650 theatriis
2239 2603 2513 2650 taurorum
2538 2605 2586 2661 υ,
2618 2596 2845 2660 scilicet,
2880 2596 3180 2652 ministerio
3218 2598 3292 2653 sis
3331 2598 3559 2668 adeptus

1963 2686 2094 2741 nulli
2121 2686 2334 2742 videtur
2364 2689 2629 2744 incertum
2662 2707 2675 2743 :
2709 2690 2831 2758 quis
2860 2706 2967 2745 non
2993 2690 3173 2746 videat
3208 2690 3352 2761 quod
3396 2693 3557 2747 etiam

1960 2778 2147 2834 videre
2169 2780 2449 2849 paeniteat.
2484 2780 2666 2837 Beatis
2689 2782 2820 2837 viris
2849 2781 3112 2838 cadavera
3163 2790 3217 2839 te
3252 2791 3378 2838 ante
3418 2781 3560 2840 ferre

1960 2870 2181 2927 f:tentia
2201 2913 2217 2939 ,
2259 2881 2312 2928 et
2358 2874 2603 2929 homines
2642 2875 2835 2931 divinis
2862 2875 3091 2931 cultibus
3119 2875 3332 2931 assidue
3352 2876 3563 2932 deditos

1963 2968 2054 3015 tua
2099 2962 2430 3032 exprobrare
2489 2966 2757 3021 sententia
2810 2966 3062 3037 reproba.
3130 2965 3270 3036 Ergo
3312 2960 3561 3038 deinceps

1962 3059 2160 3107 nostra:
2180 3056 2533 3123 perennitatis
2554 3054 2745 3112 affatus
2775 3072 3112 3127 nequaquam
3134 3066 3434 3128 exspectes,
3466 3059 3561 3113 sed

1962 3141 2088 3197 huic
2115 3143 2234 3198 viro
2281 3145 2373 3213 qui
2423 3145 2536 3201 Deo
2585 3146 2756 3215 magis
2806 3162 2967 3214 quam
3015 3148 3333 3203 miserandis
3382 3151 3562 3218 pltcct

259 3232 496 3288 vestra:f
522 3234 800 3305 epistolari
832 3235 1068 3305 alloquio
1090 3235 1244 3305 copia
1268 3244 1615 3306 accepturum
1648 3251 1735 3293 me
1762 3253 1860 3309 per
1888 3217 1933 3281 C
1964 3233 2290 3299 hominibus,
2322 3233 2614 3292 Ecclesiam
2662 3237 3116 3294 Barcinonensem
3148 3217 3435 3307 regendam
3465 3255 3561 3310 gu-

261 3324 359 3380 Dei
388 3326 617 3396 gratiam
657 3325 894 3383 futurum
925 3328 991 3383 ad
1022 3337 1235 3399 tempus
1261 3344 1501 3384 reservo.

800 3446 812 3472 δ
844 3440 1179 3496 EPISTOLA
1226 3440 1269 3496 V

578 3510 807 3567 Csssnn
839 3527 1070 3567 numen
1098 3512 1362 3567 SISBBU'I'O
1391 3528 1514 3569 nam
1535 3554 1550 3576 ,

486 3602 590 3657 Per
611 3604 864 3658 Amelium
889 3612 913 3649 Β
941 3612 990 3658 et
1021 3602 1387 3658 Theodericum
1419 3604 1642 3659 directa.

342 3691 826 3748 Venerantissimos
863 3693 1045 3762 apices
1074 3708 1104 3747 a
1135 3692 1506 3749 dominissimo
1544 3710 1607 3748 ac
1638 3704 1861 3765 paterna

264 3783 610 3853 amplexione
666 3782 903 3839 tenendo
973 3784 1301 3854 imperatore
1371 3784 1602 3840 libenter
1652 3786 1863 3843 oblatos

263 3880 419 3943 grata
450 3874 610 3930 nimis
632 3872 922 3929 devotione
970 3875 1343 3945 percepimus,
1376 3890 1608 3944 quorum
1640 3878 1860 3934 nobilis-

264 3965 405 4022 sima
434 3965 603 4020 series
630 3965 1019 4035 amplissimum
1066 3964 1237 4020 decus
1270 3965 1552 4021 emicando
1581 3968 1863 4023 nobilitata

266 4056 589 4126 promeruit,
612 4071 735 4111 cum
763 4056 905 4127 stylo
932 4065 1151 4111 exarata
1174 4056 1491 4126 Opportunis
1514 4058 1707 4114 incolis
1723 4057 1747 4095 ιι
1782 4060 1866 4113 in-

263 4144 429 4215 clytae
456 4145 735 4215 potestatis
758 4160 921 4199 manu
954 4144 1024 4201 ob
1051 4145 1387 4216 potissimam
1416 4145 1573 4201 ﬁdem
1605 4162 1664 4202 se
1693 4147 1865 4218 ipsam

262 4235 531 4305 inspexit;
563 4236 755 4292 talibus
782 4236 1017 4307 denique
1044 4235 1201 4293 donis
1232 4252 1331 4293 nos
1358 4237 1461 4308 ipsi
1487 4238 1670 4295 refecti
1700 4240 1865 4298 bene-

262 4327 561 4383 volentiam
602 4336 837 4384 vestram
877 4328 1193 4400 participem
1224 4328 1341 4385 lore
1367 4330 1670 4395 maluimus,
1702 4347 1865 4402 quem

262 4419 423 4488 satis,
445 4428 506 4474 ut
542 4420 755 4490 opinor,
784 4421 997 4493 inclyta:
1043 4421 1328 4491 potestatis
1376 4422 1602 4493 imperia
1651 4423 1866 4482 effectui

267 4511 585 4582 mancipare
610 4512 897 4581 libentius;
928 4514 1221 4584 gloriosum
1251 4514 1485 4586 denique
1512 4525 1568 4571 et
1596 4518 1864 4576 amicissi-

266 4616 419 4655 mum
439 4604 652 4657 veritati
682 4604 1073 4660 Theodericum
1094 4604 1243 4674 juxta
1264 4606 1436 4675 magis
1464 4606 1864 4666 clementissimi

264 4698 324 4744 et
346 4690 485 4745 ultra
507 4707 695 4748 omnes
724 4692 974 4749 homines
1002 4695 1056 4750 in
1096 4695 1304 4751 cunctis
1332 4696 1515 4752 eximii
1540 4701 1862 4768 praeceptio-

263 4795 391 4835 nem
422 4782 764 4852 imperatoris
790 4783 858 4837 ad
883 4792 1117 4840 vestram
1146 4794 1353 4841 certum
1379 4794 1465 4842 est
1508 4788 1734 4858 gloriam
1766 4791 1862 4848 de-

262 4873 523 4941 stinasse,
552 4891 800 4932 conuexo
825 4876 876 4932 ei
905 4876 1170 4933 Amelium
1209 4880 1576 4953 presbyterem
1602 4899 1863 4942 veneran-

264 4963 398 5018 dum
426 4980 638 5036 aequum
669 4982 788 5023 esse
816 4969 1175 5038 pensavimus,
1207 4985 1344 5039 quos
1372 4974 1536 5029 eundi
1580 4974 1708 5031 felix
1738 4976 1865 5035 fecit

264 5052 374 5107 iter
398 5054 578 5111 unitos
606 5054 650 5120 ί,
682 5058 960 5114 remeandi
990 5072 1327 5131 nequaquam
1363 5065 1618 5134 quzelibet
1646 5071 1863 5127 occasio

263 5142 432 5201 faciat
473 5160 594 5203 esse
622 5148 841 5206 divisos.
874 5150 965 5205 Isti
1010 5150 1240 5222 denique
1274 5165 1479 5223 queunt
1506 5158 1656 5216 vobis
1682 5162 1863 5218 omnia

261 5235 515 5296 ﬁdelibus
535 5242 715 5299 verbis
742 5258 808 5300 ac
833 5243 1095 5314 eioquiisi
1131 5245 1370 5317 pandere
1390 5250 1601 5319 vividis,
1630 5268 1862 5324 quorum

340 5374 368 5442 ξι
413 5368 557 5442 Ῑοιη
589 5374 834 5442 nequitia.

340 5435 368 5474 ι’
412 5435 557 5505 Tol.,
580 5435 830 5497 nouimus.

347 5518 369 5581 ς
415 5507 559 5581 Iul”
590 5524 756 5581 pater.

339 5575 366 5613 ἀ
414 5578 556 5645 Τι›1.,
590 5575 897 5639 discutiam.

343 5657 367 5724 ξ
416 5648 560 5724 '_l‘nl._,
592 5671 714 5724 qua.

346 5717 363 5754 ί
421 5718 490 5772 L't
523 5717 678 5789 Πολι,
706 5726 862 5780 saluti
885 5736 1082 5785 vestrm.

348 5795 372 5829 ις
412 5789 489 5855 tua
522 5790 674 5855 Rei],
711 5795 987 5852 Umelium.

348 5858 372 5891 ¹³
408 5854 547 5926 TUL,
582 5860 631 5913 in
658 5854 828 5920 locis,-

1962 3325 2405 3397 bernandamque
2443 3328 2722 3383 committe
2743 3368 2758 3391 .
2809 3337 3074 3398 quatenus
3102 3328 3315 3383 Christo
3342 3330 3562 3398 auspice

1962 3416 2195 3486 gloriosa
2242 3417 2480 3487 patuerit
2504 3418 2818 3474 solemnitas
2859 3418 3075 3475 Pascha:
3101 3428 3150 3486 ο,
3183 3419 3252 3474 de
3281 3419 3396 3489 ejus
3424 3434 3559 3489 gau-

1962 3507 2186 3565 deamus
2239 3508 2556 3580 pontiﬁcatu
2598 3511 2888 3581 'optabile,
2932 3518 2988 3567 et
3031 3510 3100 3567 de
3129 3519 3306 3568 vestra
3345 3512 3561 3566 tandem

1963 3599 2050 3654 vel
2079 3614 2198 3655 sera
2228 3601 2606 3657 consensione.

2517 3716 2846 3775 EPISTULA
2890 3720 2979 3778 VII

2131 3784 2374 3841 Slsnnurt
2415 3804 2567 3843 REGIS
2604 3806 2832 3846 ωηατ-Α
2876 3809 2942 3847 sn
2971 3791 3400 3855 Tnaunttmw,

2042 3874 2174 3929 Dum
2195 3894 2259 3931 ex
2288 3879 2421 3933 laico
2444 3880 2621 3934 habitu
2650 3883 2718 3935 ad
2749 3885 3117 3943 monasterium
3137 3887 3488 3941 convertisset.

2038 3966 2168 4031 Quis
2192 3969 2337 4021 enim
2369 3969 2507 4023 ultra
2535 3972 2678 4028 vires
2725 3973 3017 4029 immensas
3045 3976 3198 4032 vobis
3228 3993 3336 4033 non
3365 3978 3563 4034 referat

1964 4066 2174 4124 grates,
2207 4072 2345 4127 quos
2392 4058 2745 4119 inﬂammatio
2786 4064 3006 4134 spiritus
3055 4068 3231 4123 sancti
3261 4084 3389 4125 suos
3438 4069 3564 4125 fecit

1965 4162 2023 4200 cs
2054 4163 2085 4202 e
2113 4150 2390 4206 cultores?
2419 4152 2548 4219 Quis
2572 4152 2803 4224 denique
2830 4153 3154 4214 ﬁdelissimis
3203 4169 3440 4230 nequeat
3478 4171 3565 4215 at-

1968 4240 2079 4292 tolli
2110 4243 2409 4310 prasconiis,
2438 4259 2575 4313 quos
2605 4247 2897 4304 alacriores
2924 4252 3196 4320 cognoscit
3242 4253 3565 4322 pertendere

1966 4330 2018 4383 in
2070 4333 2381 4402 regionibus
2432 4338 2818 4408 sempiternis?
2852 4341 2931 4397 Ex
2984 4344 3089 4399 hoc
3135 4344 3280 4399 enim
3329 4342 3463 4400 ﬁdes
3509 4348 3564 4401 in

1967 4434 2133 4489 apere
2157 4426 2561 4495 comprobatur,
2593 4444 2714 4485 cum
2741 4446 2809 4486 ex
2844 4431 2947 4487 ﬁde
2987 4447 3122 4503 opus
3164 4434 3370 4489 bonum
3399 4436 3565 4505 perﬁ-

1966 4515 2126 4581 citur,
2157 4524 2213 4571 et
2241 4517 2619 4577 incunctanter
2663 4525 2986 4581 conﬁtemur
3026 4527 3251 4598 adipisci
3281 4531 3519 4587 coelestia
3544 4569 3562 4596 ,

1968 4623 2104 4674 quos
2131 4620 2323 4680 sponte
2351 4611 2644 4672 efﬁcaciter
2680 4619 2930 4675 novimus
2975 4622 3279 4693 relinquere
3326 4633 3561 4681 terrena.

1967 4700 2110 4772 Ergo
2157 4704 2352 4761 indolis
2396 4722 2562 4774 meae,
2594 4724 2658 4765 ac
2707 4726 2947 4768 meorum
2999 4715 3220 4785 pignora
3272 4718 3562 4786 luminmn,

1966 4811 2318 4867 meorumque
2347 4800 2613 4855 viscerum
2643 4804 3068 4873 splendidissima
3110 4810 3429 4877 ruJitnenta,
3463 4812 3566 4867 hoc

1966 4903 2103 4958 opus
2126 4890 2270 4959 quod
2300 4891 2355 4946 in
2382 4893 2537 4950 nobis
2565 4896 2836 4951 cernimus
2865 4913 2982 4955 esse
3014 4901 3307 4971 indignum,
3343 4905 3565 4961 firmitas

1969 4979 2050 5033 vel
2082 4979 2213 5036 ﬁdes
2244 4982 2295 5036 in
2327 4983 2479 5040 vobis
2527 4994 2745 5055 praestet
2788 4988 3072 5058 idoneum;
3118 5010 3242 5047 nam
3273 5010 3558 5051 numerosa

1964 5068 2174 5139 frugum
2206 5074 2577 5142 praestolamur
2604 5077 2858 5147 colligere
2888 5082 3080 5150 pretia,
3114 5099 3233 5137 cum
3265 5099 3328 5137 ex
3358 5084 3561 5139 nostris

1966 5162 2260 5219 seminibus
2305 5163 2604 5224 destinasse
2652 5170 2971 5227 conﬁdimus
3022 5173 3089 5227 ad
3136 5175 3357 5241 regione
3404 5176 3562 5231 beata

1965 5257 2312 5330 agiographa,
2336 5260 2476 5317 inter
2494 5263 2781 5331 clamante,
2805 5277 3087 5337 praecepta.
3111 5266 3256 5322 Beati
3279 5266 3409 5324 ﬁlios
3431 5285 3563 5329 suos

2046 5393 2059 5431 ί
2096 5394 2238 5453 ΤοΙ..
2271 5397 2405 5451 inter
2434 5401 2647 5454 amicos.

2042 5464 2055 5539 _i
2096 5464 2169 5539 lia
2186 5465 2355 5539 ABeal.
2388 5470 2676 5539 colloquiis.

2039 5536 2061 5572 ἰ
2102 5536 2246 5601 Tel.,
2276 5538 2502 5592 easdem.

2046 5605 2059 5644 ε
2100 5606 2244 5673 ΤοΙ.,
2275 5619 2473 5663 amotos
2504 5612 2729 5665 diu-ales.

2040 5687 2076 5713 ιη
2102 5676 2243 5741 Το1.,
2273 5694 2337 5731 cx
2369 5680 2457 5733 lin.
2485 5679 2531 5731 la
2566 5698 2663 5740 vnz
2691 5684 2942 5736 cinosam.

2040 5756 2064 5781 "
2098 5745 2239 5822 '_I'ol._,
2269 5748 2405 5822 ludis
2435 5749 2652 5822 theatris
2676 5754 2987 5822 pilariorum.

2041 5824 2063 5849 υ
2098 5813 2171 5870 La
2202 5816 2377 5885 Rcal.,
2408 5820 2673 5888 pasclmtc.

3576 3776 3685 3821 ιβ
