4030 6318
74 6056 85 6209 i

595 313 689 369 57!
1735 315 2040 372 SlSEllliTi
2083 317 2185 370 Ου’

2283 316 2464 374 'JiiUM
2507 318 2711 374 REGIS
3000 346 3014 352 κ
3735 336 3815 392 Si!

595 429 810 501 (inquit)
853 430 944 498 qui
974 432 1307 487 constituunt
1345 432 1396 486 in
1437 430 1586 497 Sion,
1621 442 1675 487 ct
1703 431 2027 488 domesticos
2055 449 2116 486 su
2142 448 2182 484 ts
2215 437 2256 505 ᾼ
2286 431 2639 501 perduceret.
2671 443 2935 502 (ιυίιιεηυε
2965 436 3216 491 credam?
3259 454 3381 493 cum
3419 438 3624 498 ChriSlO
3658 446 3815 511 Christi

594 519 646 573 in
676 516 1012 586 Jerusalem;
1058 520 1149 574 tali
1195 519 1468 575 intellectu
1510 520 1852 590 relinquitur,
1882 531 1936 575 ut
1967 520 2182 577 aifcct'o

592 617 818 680 paterna
847 619 1175 664 tnemorctur
1204 610 1255 664 in
1288 608 1423 671 ﬁliis,
1455 626 1576 665 cum
1621 612 1961 667 meminerint
1987 627 2180 680 quem-

593 699 882 755 admodum
918 699 1175 757 educatia
1206 699 1400 756 fuerint
1446 703 1501 756 in
1544 702 1689 758 curis
1739 703 2068 757 domesticis.
2119 701 2183 756 Et

593 791 725 847 licet
759 807 867 846 non
894 806 990 847 vos
1025 791 1177 861 juxta
1206 806 1358 847 sacra
1388 793 1627 847 auctoris
1656 793 1921 863 praeconia
1947 791 2181 862 judicent

594 882 886 952 subjectos,
912 883 1010 945 ‘sed
1042 883 1386 952 pretiosiores
1413 884 1637 950 amicos,
1670 887 1876 964 majora
1904 893 2085 938 tamen
2116 883 2183 938 de

593 975 749 1029 vobis
796 973 993 1051 auxilia
1036 975 1162 1028 mihi
1220 978 1508 1046 provenire
1554 992 1661 1031 non
1709 976 1923 1042 dubito,
1952 990 2088 1044 quos
2116 975 2184 1031 de

592 1067 761 1138 gradu
814 1066 1205 1136 subjectioneb
1262 1068 1328 1123 ad
1382 1069 1609 1132 amicale
1664 1069 1877 1124 confido
1930 1068 2184 1123 transisse

592 1158 869 1229 proposito
896 1168 940 1213 ο.
969 1158 1352 1213 Verumtamen
1385 1159 1506 1228 quia
1547 1176 1686 1230 saepe
1713 1161 1839 1214 mali
1868 1159 2054 1216 odiunt
2081 1160 2183 1214 ho-

2282 522 2521 589 corpon's
2553 522 2849 591 plenitudo,
2880 524 3006 579 dum
3036 527 3101 580 ad
3131 538 3295 599 caput
3322 530 3375 584 in
3402 534 3643 600 supernis
3666 552 3817 606 pem-

2282 612 2450 669 uisset
2473 616 2709 668 omnium
2736 617 3101 672 membrorum
3130 636 3417 692 compago.
3449 623 3557 681 Hac
3590 625 3602 663 ³
3634 630 3700 684 sic
3723 633 3818 688 cba-

2284 704 2479 758 rissinti
2524 713 2579 759 et
2627 705 2858 761 fideliter
2903 706 3134 775 educati,
3169 714 3460 784 animoque
3503 719 3699 775 sincero
3732 726 3819 782 sine

2284 790 2409 848 fuco
2462 797 2777 865 progenita,
2820 798 2942 853 i'los
2990 800 3272 870 subjacere
3300 807 3515 864 mternis
3542 812 3818 881 suppliciis:

2283 884 2475 954 quibus
2505 884 2704 942 eﬂusus
2734 897 2815 942 est
2844 891 3125 969 pretiosus
3162 893 3463 953 dominicus
3486 903 3717 969 sanguis;
3748 909 3819 962 sed

2286 988 2353 1027 ne
2396 974 2673 1030 videamur
2717 994 2813 1047 per
2844 962 3137 1035 verborum
3173 984 3404 1041 circuitu
3454 1002 3557 1055 qua
3600 990 3820 1050 intulimus

2284 1066 2467 1135 procul
2500 1083 2528 1120 a
2553 1068 2762 1124 ratione
2790 1080 2845 1135 τη,
2870 1073 3144 1128 manentia
3171 1078 3477 1146 evangelica
3510 1081 3619 1136 luce
3643 1084 3819 1141 clariora

2284 1155 2568 1211 efferamus
2617 1172 2922 1229 praecepta,
2977 1164 3066 1221 ubi
3120 1166 3264 1224 inter
3309 1179 3501 1226 cratera
3540 1176 3823 1244 amplectitur

593 1264 712 1313 nos,
744 1256 801 1303 et
827 1248 1178 1303 adversantur
1208 1249 1452 1304 fidelibus
1481 1250 1742 1314 infideles,
1770 1260 2030 1320 quantum
2062 1265 2187 1320 gra-
2279 1249 2479 1318 justus,
2506 1261 2559 1306 ct
2591 1253 2914 1311 terrificatur
2942 1257 3165 1327 impius,
3198 1262 3354 1316 nobis
3381 1265 3625 1319 omnibus
3653 1282 3818 1338 prepa-

590 1338 764 1395 eilitas
783 1340 1151 1395 subministrat
1172 1339 1391 1409 ingenii,
1415 1349 1521 1394 uta
1544 1356 1631 1396 me
1655 1342 1932 1411 progenita
1957 1342 2182 1408 viscera,

591 1444 752 1499 quam
777 1430 864 1499 pie
884 1438 1149 1500 cauteque
1172 1430 1379 1494 vivatis,
1412 1432 1652 1486 tenacius
1673 1433 1935 1499 obsecro;
1965 1442 2018 1487 et
2046 1448 2183 1502 quos

591 1524 754 1579 etiam
785 1524 1065 1579 devinctos
1094 1524 1145 1578 in
1178 1524 1403 1579 Domino
1428 1525 1709 1594 junctione
1748 1528 2026 1583 charitatis
2053 1543 2185 1583 con-

592 1628 765 1670 nexos
804 1630 923 1672 esse
949 1615 1184 1683 confido,
1215 1625 1271 1670 ut
1302 1632 1425 1671 eum
1455 1616 1634 1671 divina
1676 1616 1924 1687 suffragia
1957 1618 2185 1688 prolatis

593 1707 730 1763 infra
761 1708 1043 1764 sententiis
1063 1707 1088 1745 ά
1119 1708 1299 1763 steculi
1344 1708 1502 1777 hujus
1540 1708 1789 1765 ﬂuctibus
1817 1710 2080 1765 evitantes
2115 1711 2183 1765 ad

591 1892 831 1945 omnium
861 1890 1153 1961 cupiditate
1176 1900 1200 1929 ο
1231 1890 1491 1946 nutricem
1525 1891 1788 1948 malorum
1819 1892 1872 1947 in
1903 1892 2184 1962 procinctu

589 1998 754 2050 parva
803 1983 1086 2051 colligere,
1118 1983 1214 2038 sed
1252 1981 1586 2054 superfluum
1632 1983 1735 2037 fuit
1780 1983 1901 2039 illos
1949 1999 2182 2053 unquam

587 2073 760 2129 aliena
806 2074 1132 2143 amplectere
1158 2114 1173 2140 ,
1201 2088 1340 2142 quos
1385 2072 1599 2127 sibimet
1628 2072 1807 2127 debita
1851 2073 2185 2129 delectanter

587 2165 939 2231 dimittentes,
970 2165 1220 2221 novimus
1266 2163 1334 2220 ad
1381 2165 1718 2235 profuturam
1748 2165 1988 2235 requiem
2017 2165 2185 2221 desti-

587 2272 766 2312 nasse.
819 2257 895 2312 De
943 2257 1232 2326 superbia,
1282 2256 1526 2323 scilicet,
1570 2257 1873 2313 invidentia:
1929 2272 2182 2326 germana

592 2364 713 2419 qua:
740 2345 759 2386 ι
790 2348 875 2403 vel
899 2348 1099 2404 sociam
1130 2350 1298 2417 magis
1327 2349 1601 2419 magisque
1629 2349 1869 2404 cavenda
1898 2363 1998 2413 est,
2030 2350 2183 2419 cujus

592 2439 744 2508 origo
769 2438 970 2493 nefaria
994 2439 1183 2494 mortis
1227 2438 1353 2495 fecit
1380 2454 1499 2495 esse
1525 2440 1867 2510 principium,
1897 2441 2186 2513 sapientis-

590 2530 729 2586 simo
760 2528 896 2583 ultra
922 2544 1111 2585 omnes
1138 2527 1442 2585 affirmante
1461 2529 1622 2586 Petro
1652 2532 1898 2603 apostolo
1926 2552 1939 2587 :
1973 2531 2186 2590 Invidia

590 2619 803 2685 diaboli,
834 2620 1037 2691 inquit,
1080 2638 1218 2677 mors
1258 2624 1471 2678 intravit
1500 2626 1553 2677 in
1583 2623 1759 2678 orbem
1784 2632 2061 2679 terrarum.
2092 2624 2186 2682 His

590 2711 791 2781 quippe
810 2712 1095 2767 virtutibus
1116 2722 1343 2781 utraque
1364 2713 1492 2766 vitia
1526 2711 1846 2769 mortificata
1875 2715 2136 2770 reduntur
2156 2725 2182 2763 ε

591 2799 805 2870 quando
832 2798 1021 2854 crebra
1053 2799 1325 2855 humilitas
1351 2802 1659 2871 superbiam
1689 2810 1910 2873 superat
1938 2812 1994 2859 et
2030 2819 2185 2859 amor

589 2888 843 2945 fraterna:
891 2891 1207 2947 divulsionis
1258 2893 1607 2949 invidentiam
1661 2895 1872 2961 calcat;
1921 2896 1993 2953 sit
2039 2896 2183 2952 enim
2270 2964 2279 2979 ι

590 2987 908 3049 competens
954 2983 1283 3052 sinceraque
1338 2983 1458 3041 sine
1514 2985 1913 3041 intermissione
1969 2985 2180 3052 oratio,

590 3070 804 3125 assidua
836 3070 1031 3136 lectio,
1062 3073 1337 3128 moderata
1362 3077 1656 3142 eomestio,
1698 3076 2020 3132 abstinentia
2046 3087 2186 3132 tem-

590 3172 801 3232 perata,
833 3163 1107 3220 humilitas
1135 3167 1375 3236 copiosa,
1398 3183 1523 3237 spes
1552 3167 1677 3236 lixa,
1708 3169 1840 3225 fides
1865 3170 2187 3240 certissima,
2217 3141 2263 3205 Ο

595 3268 759 3323 super
778 3257 863 3311 his
894 3257 1146 3313 omnibus
1172 3259 1427 3326 charitas,
1450 3276 1569 3330 qum
1593 3263 1771 3332 operit
1795 3264 2189 3323 multitudinem

592 3354 981 3417 peccatorum,
1008 3350 1179 3417 magis
1216 3353 1493 3422 magisque
1538 3353 1802 3422 largiflua.
1834 3355 2079 3426 Cumque
2106 3358 2190 3414 bis

589 3436 841 3492 omnibus
862 3437 1019 3493 vobis
1061 3438 1222 3495 fuerit
1267 3443 1439 3510 gratia
1467 3443 1824 3516 circumsepta
1846 3444 1900 3513 ιι,
1931 3448 2192 3503 resisten-

591 3523 721 3579 dum
767 3532 852 3580 est
893 3524 1109 3583 fortiter
1147 3538 1337 3586 contra
1375 3531 1689 3589 millefarias
1735 3535 2066 3591 callidissimi
2096 3553 2190 3593 ne-

591 3617 793 3687 quitias
819 3616 1161 3688 deceptoris,
1193 3636 1261 3676 ne
1282 3663 1300 3689 ,
1347 3621 1493 3691 quod
1522 3624 1694 3693 absit,
1737 3626 2188 3694 quemadmodum

590 3717 760 3775 genus
800 3706 1051 3764 elationis
1095 3708 1342 3767 infesta:i
1378 3725 1487 3766 non
1514 3719 1624 3767 tam
1651 3713 1880 3770 virtutes
1909 3715 2191 3772 videantur

592 3810 713 3852 esse
738 3811 899 3868 quam
941 3799 1104 3864 vitia,
1149 3799 1241 3855 sed
1268 3809 1526 3870 quantum
1557 3803 1791 3859 maxima
1820 3802 2018 3861 fuerint
2045 3806 2187 3862 dona

594 3886 865 3956 largitoris
882 3888 1037 3945 vobis
1057 3890 1110 3945 in
1136 3904 1383 3957 munere,
1402 3900 1714 3963 tantumque
1740 3895 2047 3966 promptior
2069 3911 2190 3951 esse

596 3976 790 4043 debet,
819 3978 936 4033 sine
966 3978 1123 4035 laude
1150 3980 1446 4051 cuiuspiam
1477 3997 1631 4040 mens
1657 3993 1836 4042 vestra
1868 3986 1920 4040 in
1959 3988 2189 4043 sanctis-

593 4068 741 4125 sime
761 4080 953 4139 opere.
979 4068 1112 4123 Nam
1143 4070 1233 4127 ille
1258 4072 1351 4142 qui
1372 4072 1476 4129 del
1516 4076 1728 4146 excelsa
1749 4077 2007 4132 virtutum
2037 4077 2188 4133 fasti-

594 4158 681 4226 gia
709 4157 999 4213 invidentia
1028 4159 1187 4214 simul
1213 4166 1270 4215 et
1297 4162 1532 4219 elatione
1562 4162 1822 4221 suffectus
1858 4181 1965 4221 non
1998 4167 2190 4223 imme-

592 4247 722 4313 rito,
736 4249 828 4304 sed
844 4247 1152 4317 inle’iciter,
1168 4248 1221 4304 in
1245 4250 1403 4319 hujus
1425 4253 1567 4307 aeris
1585 4256 1765 4323 specie
1780 4261 1863 4309 est
1877 4254 2182 4322 devolutus,

592 4338 769 4408 prisca
792 4339 914 4395 odia
935 4337 965 4380 ιι
985 4349 1175 4397 contra
1192 4343 1489 4399 humanum
1502 4355 1725 4415 apparet
1748 4359 1943 4416 genus,
1962 4356 2018 4404 et
2038 4350 2187 4406 dolet

595 4427 879 4486 eiamitosa
905 4431 1164 4501 fragilitas
1192 4433 1299 4490 hoc
1325 4448 1425 4491 nos
1450 4449 1548 4505 per
1568 4437 1882 4495 humilitatis
1903 4441 2184 4510 acquirere

596 4516 845 4587 gratiam,
866 4521 1013 4589 quod
1032 4521 1122 4577 ille
1150 4524 1382 4593 perdidit
1409 4541 1509 4596 per
1528 4525 1811 4583 infaustam
1839 4530 2187 4602 superbiam;

596 4605 831 4665 intentio
850 4612 1048 4682 quippe
1088 4613 1233 4671 illius
1275 4615 1433 4673 facile
1467 4615 1686 4675 Christo
1726 4621 2022 4678 comitante
2055 4637 2187 4679 con-

598 4696 811 4766 teritur,
841 4714 961 4757 cutn
993 4703 1297 4772 postulatus
1323 4705 1583 4763 Dominus
1609 4709 1765 4765 nobis
1790 4706 1952 4768 fuerit
1996 4712 2188 4770 suﬂra-

596 4796 791 4859 gatus;
834 4808 957 4849 nam
985 4796 1225 4853 omnium
1252 4782 1865 4860 creaturarum/creator
1892 4807 1979 4875 p’a
2025 4807 2186 4865 mise-

594 4880 810 4938 ratione
850 4882 1011 4954 jussit
1048 4887 1117 4942 ad
1158 4896 1328 4947 terras
1374 4892 1723 4961 descendere,
1754 4905 1813 4951 ut
1841 4897 1894 4953 in
1938 4900 2188 4960 aethere-is

592 4973 960 5051 sedibus_per
1005 4981 1333 5051 opulentiam
1378 4985 1636 5044 bonitatis
1676 4989 1969 5047 humanum
2017 5007 2188 5062 genus

672 5135 697 5162 ⁸
729 5124 804 5183 La
830 5127 983 5192 Rea],
1013 5134 1236 5190 etfamti.

668 5195 696 5236 ι
728 5196 871 5262 ΤοΙ.,
904 5201 1244 5260 subrectione.

669 5277 696 5345 ξ
725 5266 803 5345 μ
831 5268 1009 5345 Raab,
1035 5277 1331 5345 praeposito.

589 5378 596 5385 .
669 5334 697 5419 εξ
727 5335 803 5419 μ
831 5334 1223 5419 misma'ana'de
1242 5334 1367 5419 aqui
1396 5348 1561 5419 infra.

676 5415 699 5483 ξ
728 5405 983 5483 ΙΔθΑΒθθΙ,
1012 5415 1292 5483 cupiditiw.

675 5475 703 5559 ξ
729 5474 875 5559 ’ξόΙιε
903 5474 1323 5559 germanamque.

676 5556 703 5617 9
733 5544 807 5617 lia
837 5544 987 5617 Réal,
1021 5544 1320 5616 creduntur.

672 5613 701 5696 ξ·
731 5615 871 5696 Τοιε,
901 5613 1261 5696 circumcepta.

680 5685 695 5723 ί
732 5685 988 5765 Ea‘Real,
1021 5685 1231 5765 infecte.

677 5770 699 5807 ι
732 5753 873 5829 Tol.,
902 5753 1123 5834 quidem.

2285 1349 2460 1395 ratum
2492 1344 2800 1411 paradisum
2832 1346 3064 1403 insinuat
3092 1349 3165 1405 ob
3184 1351 3398 1407 diabolo
3426 1355 3645 1424 ejusque
3666 1360 3824 1426 angelis

2287 1427 2775 1501 inexstinguibilem
2808 1436 2984 1504 ignem
3013 1438 3370 1510 demonstrat,
3386 1451 3443 1498 et
3470 1447 3591 1515 quia
3618 1457 3823 1504 venturus

2286 1528 2367 1572 est
2395 1519 2460 1574 ad
2490 1519 2722 1576 fidelium
2750 1526 2970 1593 pnnmia
3011 1534 3067 1581 et
3112 1528 3398 1598 impiorum
3443 1536 3706 1607 supplicia.
3734 1538 3825 1593 Hac

2285 1619 2471 1665 sancta
2500 1627 2635 1682 quos
2664 1615 2844 1669 unitos
2889 1615 2943 1670 in
2984 1616 3199 1673 Domini
3245 1623 3419 1690 gratia
3466 1638 3586 1680 esse
3626 1626 3823 1692 conﬁdo,

2282 1702 2495 1757 sincera
2545 1705 2807 1775 petitione
2852 1697 3110 1778 exposco,
3140 1719 3196 1767 et
3232 1728 3331 1783 per
3356 1712 3637 1771 Dominum
3679 1727 3825 1785 testor,

554 1818 559 1823 ρ
591 1808 807 1867 ρηηυηι
857 1798 1130 1867 gaudentis
1176 1798 1481 1868 pervcnigse
1519 1799 1776 1855 νίριοτίω,
1829 1798 2078 1855 Poteram
2117 1800 2184 1856 de
2215 1789 2263 1849 B
2294 1802 2352 1848 ut
2379 1810 2567 1864 preces
2592 1797 2833 1853 assiduas
2880 1799 3297 1873 Redemptorent
3328 1806 3608 1864 Dominum
3637 1819 3825 1865 nostrum

2286 1882 2376 1952 qui
2399 1894 2713 1953 peccatores
2741 1890 2952 1946 salvare
2976 1895 3159 1963 venit,
3188 1912 3296 1952 non
3329 1900 3587 1968 perdere,
3613 1900 3711 1971 jugi
3736 1918 3826 1957 ora-

2286 1973 2435 2029 tione
2474 1990 2573 2046 pro
2615 1981 2814 2035 nostris
2854 1984 3153 2040 sceleribus
3180 1996 3237 2042 et
3265 1990 3546 2047 immensis
3571 1993 3827 2049 criminibus

2287 2078 2445 2119 orare
2491 2082 2599 2122 non
2641 2069 2899 2139 pigeatis.
2935 2080 3203 2142 quatenus
3251 2078 3319 2133 ab
3355 2080 3573 2135 :eternis
3608 2082 3829 2152 suppliciis

2286 2171 2376 2212 me
2404 2156 2689 2214 liberatum
2719 2177 2842 2217 cum
2883 2167 3087 2221 sanctis
3129 2171 3335 2239 angelis
3363 2171 3431 2226 ad
3482 2187 3694 2241 regnum
3717 2190 3827 2229 com-

2286 2247 2589 2304 muniterve
2640 2254 2902 2321 perducat
2948 2265 3211 2313 aeternum
3257 2279 3270 2314 :
3328 2264 3433 2318 erit
3482 2264 3701 2336 denique
3740 2282 3831 2322 reor

2288 2338 2442 2392 nobis
2467 2346 2592 2393 ante
2622 2340 2789 2395 Deum
2820 2347 3090 2413 rcmtssio,
3120 2349 3167 2403 si
3196 2358 3369 2406 vestra
3399 2368 3501 2423 pro
3532 2356 3677 2409 nobis
3703 2356 3829 2410 inter-

2287 2429 2443 2485 cedat
2469 2432 2665 2487 oratio.
2692 2435 2941 2504 Alioquin
2962 2444 3239 2509 quomodo
3265 2442 3527 2503 Dominus
3555 2448 3831 2518 propositum

2286 2528 2554 2586 vestrum,
2586 2539 2747 2594 quem
2778 2530 3052 2597 pmscivit
3090 2548 3212 2589 esse
3241 2534 3492 2605 beatum,
3521 2540 3573 2594 in
3600 2542 3831 2596 virtutibus

2288 2613 2626 2671 roboraverit
2665 2620 2889 2689 sanctis,
2918 2630 3014 2677 aut
3055 2626 3287 2692 qualiter
3314 2629 3482 2685 vitam
3528 2633 3831 2689 ctenobialem

2286 2705 2418 2762 estis
2461 2706 2643 2777 adepti
2690 2720 2914 2781 paterna
2953 2714 3247 2789 desideria,
3279 2718 3515 2778 filiorum
3558 2721 3831 2780 affection-

2287 2797 2503 2870 scriptis
2523 2809 2551 2837 ιι
2582 2799 2744 2858 faciat
2766 2819 2887 2861 esse
2908 2805 3168 2874 jucunda.

2416 2909 2622 2975 Magnus
2647 2915 2831 2979 ubique
2856 2917 2994 2969 Deus
3010 2934 3255 2986 nunquam
3281 2926 3533 2979 mutabilis
3550 2937 3723 2980 auctor.

2414 3033 2570 3115 Charta
2800 3054 2957 3115 aevum
2976 3044 3141 3096 valeas
3158 3047 3188 3079 ⁸
3213 3033 3518 3115 (offenditis,
3542 3033 3743 3115 semper,

2481 3096 2829 3172 atqueuanimo
2852 3112 2993 3172 grato
3016 3096 3580 3172 nomeniatnt—tnt'isva—ma'.‘

2417 3157 2621 3236 Quinta:
2634 3157 3009 3236 divinum‘jussit
3024 3157 3299 3236 concedere
3313 3157 3511 3236 istius",

2479 3219 2592 3286 ipse
2610 3223 2695 3286 tibi
2712 3219 2893 3277 tribuat
2913 3227 3197 3280 Sandrimer
3215 3234 3249 3275 lt
3267 3219 3508 3286 Materia—1

2415 3278 2745 3357 Te'pominus
2766 3299 2924 3357 veras
2945 3278 3106 3357 veraci
3131 3278 3492 3357 gratia—sarci:

2455 3343 2544 3417 “Ut
2563 3358 2740 3417 nomen
2762 3343 3193 3417 meritb_vindicEs
3214 3343 3319 3417 ipse
3336 3343 3466 3408 tuis.

2415 3402 2704 3482 δεξεμ-(λαμ)
2722 3410 2860 3482 tribu
2872 3411 3105 3482 ,ξηαπ-μω
3128 3402 3313 3482 faeciet?
3328 3402 3547 3482 ubique;

2477 3466 2553 3516 sn
2577 3469 2806 3579 Ἧι.
2832 3474 2861 3514 «ι
2882 3473 2965 3524 lux
2988 3473 3207 3528 Christus
3230 3466 3575 3545 ubidde‘pth’s.

2647 3542 2778 3582 men.

2826 3632 3159 3705 EPISTOLA
3216 3639 3352 3696 Vill.

2290 3735 2536 3811 Srssnu'rt
2582 3757 2731 3797 REGIS
2785 3742 3085 3803 Gornonuu
3135 3764 3197 3806 ar
3247 3751 3649 3811 Anvsuvstntut
3700 3767 3836 3811 erat:

2362 3808 2829 3869 Loneonannonust
2885 3831 2954 3871 ετ
3001 3816 3383 3878 Tscnousnu
3436 3808 3833 3881 Picentina.

2363 3895 2500 3934 ΝΔΙ.

2467 3993 2576 4051 Pro
2623 3996 2728 4067 fide
2755 3996 2971 4069 Christi,
3006 4019 3099 4072 per
3130 4002 3423 4063 Totilancm
3453 4009 3672 4066 directa.

2360 4107 2599 4167 Dominis
2626 4112 3068 4172 eminentissimis
3094 4133 3156 4177 ac
3175 4124 3640 4183 venerantissimis
3668 4136 3717 4182 et
3749 4138 3837 4192 gen

2288 4217 2447 4257 mana
2492 4203 2757 4261 cbaritate
2801 4209 2933 4264 mihi
2990 4213 3288 4282 consoeiis,
3341 4213 3495 4272 fratri
3556 4214 3840 4273 Advalvaldo

2287 4294 2396 4363 regi
2428 4296 2603 4362 gentis
2651 4295 3127 4368 Langobardorum
3165 4313 3221 4361 et
3249 4304 3641 4367 Tlteodolinda:
3665 4308 3838 4378 reginae,

2286 4386 2339 4442 in
2362 4387 2579 4444 nomine
2606 4387 2839 4456 Domini,
2865 4391 3145 4451 Sisebutus
3165 4411 3258 4452 rex
3287 4397 3728 4469 Wisigotharum.

2221 4506 2266 4565 ο
2363 4476 2517 4535 Tunc
2544 4480 2687 4535 enim
2715 4481 2953 4540 Charitas
2990 4499 3057 4539 ex
3086 4500 3253 4557 opere
3279 4487 3497 4545 sincero
3525 4489 3839 4559 cognoscitur.

2290 4584 2411 4625 cum
2434 4573 2752 4627 intemerata
2776 4571 2900 4630 fidei
2926 4577 3110 4646 regula
3132 4592 3229 4633 ore
3247 4579 3521 4637 catholico
3550 4582 3843 4638 demonstra-

2290 4671 2407 4728 tur;
2459 4663 2690 4732 parturit
2717 4663 2942 4721 alterna:
2987 4668 3129 4738 parti
3175 4668 3414 4738 ingentia
3445 4686 3600 4727 mera
3626 4668 3841 4741 professio

2289 4752 2504 4821 gaudia,
2537 4754 2755 4824 quando
2783 4757 3115 4813 exsecranda
3153 4759 3352 4817 Ariana
3395 4762 3664 4833 pernicies
3690 4762 3750 4819 de
3776 4773 3845 4830 κε-

2289 4857 2483 4899 nerosa
2514 4846 2765 4917 prosapia
2816 4847 3049 4918 pellitur,
3075 4858 3131 4906 et
3161 4849 3354 4909 effossa
3390 4854 3478 4910 vel
3501 4854 3756 4915 suﬂocata
3776 4867 3843 4909 ra-

2288 4936 2485 4994 dicitus
2533 4954 2565 4996 e
2592 4939 2791 4997 Christi
2838 4958 3088 5016 corpore,
3129 4945 3330 5005 Christi
3369 4950 3604 5019 gratiam
3650 4955 3844 5021 putatur.

2238 5096 2243 5105 I
2289 5027 2501 5087 Interea
2558 5032 2699 5089 sicut
2742 5034 2813 5091 de
2860 5038 3137 5095 conversis
3200 5038 3463 5111 opulenta
3527 5041 3847 5101 exsultatione

2366 5168 2387 5206 ίι
2421 5169 2566 5237 Tol.,
2598 5172 2770 5229 hodie.

2369 5238 2386 5277 1
2423 5239 2569 5305 Tol.,
2596 5243 2730 5300 lucc.

2365 5319 2404 5346 ιη
2438 5307 2510 5364 La
2541 5310 2692 5379 Real,
2724 5315 2985 5373 oratione.

2364 5387 2391 5416 η
2422 5379 2691 5456 iiaReal,
2719 5386 2994 5456 respicitis.

2368 5459 2393 5485 ο
2420 5448 2562 5518 ΤοΙ.,
2587 5453 2781 5509 valens.

2369 5529 2397 5569 ι’
2428 5519 2553 5591 In].
2573 5563 2591 5591 ,
2624 5524 2954 5583 Sundn’mer.

2365 5599 2393 5641 tt
2426 5589 2581 5658 Tol.,
2595 5594 2719 5648 vita.

2295 5659 2568 5789 άοῇηἷίξη
2602 5662 2991 5726 Terdotindam.
3023 5670 3100 5727 En
3133 5673 3183 5732 el
3221 5680 3371 5735 texto
3397 5694 3458 5736 se
3482 5681 3696 5741 escribe
3716 5677 3837 5743 τῶν
