4030 6318
289 261 399 318 573

1769 252 2138 307 Ι;Ι’ζδῖδῖ,.”Ε.

3457 258 3559 314 574

291 371 662 434 sustollitnur,
698 367 864 422 instar
919 366 986 420 de
1033 364 1271 421 adversis
1324 362 1554 418 acclines
1609 360 1868 416 immenso
1902 368 1948 424 Α
1976 364 2214 431 utrisque
2264 375 2497 419 vestiam
2542 367 2730 434 opinor
2776 367 2997 434 gloriam
3031 368 3198 421 titulis
3245 368 3563 427 lautioribus

291 478 461 519 onere
483 461 726 517 maeroris
750 458 1032 525 aflicimur,
1054 472 1173 513 cum
1196 456 1390 527 inclyta
1421 454 1725 524 progenies,
1757 463 1876 508 orta

292 570 319 594 ι
360 557 428 612 de
472 555 719 625 stigmate
771 551 956 617 claro,
1019 548 1294 618 anguifero
1351 557 1565 603 tenetur
1614 545 1640 583 ι)
1692 563 1876 602 morsu

289 649 528 719 captiva,
551 654 606 701 et
633 644 857 715 depasta
886 642 1123 698 cruentis
1151 640 1391 695 faucibus
1420 654 1476 694 se
1506 639 1673 708 ipsam
1700 638 1879 708 perire

289 739 571 807 permittat
596 737 916 791 ultroneam.
946 732 1062 787 Non
1105 737 1312 786 tantum
1343 729 1606 797 miranda,
1639 730 1732 782 sed
1765 744 1877 781 ma~

287 833 372 901 gis
417 830 677 900 gemenda
723 843 811 883 res
839 835 938 891 est,
970 832 1237 896 praecepta
1291 822 1545 877 salutaria
1598 836 1793 891 capere
1823 828 1879 875 et

288 923 357 975 ad
412 922 601 976 mortis
640 920 860 989 januam
890 932 950 973 se
996 929 1304 986 quanquam
1356 913 1685 984 prmcipitem
1717 910 1876 975 ferre,

287 1014 548 1082 consequi
586 1010 887 1081 pereuntia,
919 1015 1121 1061 aeterna
1152 1005 1431 1072 derogare.
1492 1001 1752 1056 Remedia
1782 1002 1878 1055 do-

285 1103 482 1166 lemus,
513 1116 614 1156 nec
644 1100 913 1154 immerito
941 1097 1140 1166 ingenti
1162 1095 1398 1166 pondere
1426 1094 1571 1149 rivos
1617 1093 1879 1162 lacryma-

284 1209 407 1246 rum
436 1190 800 1261 producimus,
830 1197 1217 1257 cognoscentes
1240 1185 1553 1239 affinitatem
1602 1183 1877 1251 sanguinis

284 1282 459 1337 nostri
506 1281 702 1335 Ariana
752 1279 1073 1349 contagione
1105 1292 1261 1331 .nunc
1310 1275 1495 1346 pollui,
1528 1282 1582 1329 et
1611 1274 1875 1327 virulenta

282 1373 598 1443 profusitme
642 1372 883 1428 canceris
949 1370 1186 1425 fraterna
1240 1368 1562 1437 cognatione
1624 1365 1871 1433 disjungi.

282 1465 544 1521 flamines
597 1471 859 1533 agrestes,
886 1462 1095 1518 scilicet
1148 1462 1323 1514 minus
1375 1458 1587 1513 ratione
1626 1472 1870 1525 capace=,

280 1558 528 1628 quotidie
593 1557 863 1612 cernimus
904 1554 1149 1609 :rthereis
1205 1552 1435 1606 militare
1498 1565 1593 1620 per
1646 1558 1872 1602 matrem

280 1650 579 1703 Ec‘clesiam
627 1647 848 1713 castris;
905 1661 1002 1700 cur
1048 1658 1215 1712 genus
1264 1642 1520 1712 inclytum
1575 1648 1629 1694 et
1677 1638 1873 1708 inclyta

1981 451 2162 505 divino
2206 470 2427 509 munere
2465 457 2758 520 sublimari,
2786 456 2824 509 si
2854 457 3085 525 gloriose
3117 461 3383 513 tramitem
3407 464 3559 528 geni—

1982 534 2127 595 tricis
2143 544 2456 609 servaveris,
2474 553 2525 598 et
2549 545 2780 614 optionis
2805 545 2948 615 quod
2975 546 3068 600 tibi
3086 545 3286 602 donum
3310 549 3561 604 collatum

1982 640 2085 700 est,
2110 633 2253 686 omni
2284 649 2392 702 quo
2411 635 2555 689 vales
2581 637 2790 690 caneris
2815 637 2930 691 nisu
2953 647 2974 673 ε
2997 640 3319 706 porrexeris.
3353 639 3561 706 Quanta

1982 730 2053 789 te,
2086 740 2177 778 rex
2211 726 2646 792 clementissime,
2688 728 2953 783 literedem
2986 728 3149 783 futuri
3193 732 3342 798 regni
3392 732 3561 800 gloria

1982 814 2337 883 praestolatur,
2369 825 2567 884 quanta
2601 818 2892 887 largitionis
2922 835 3144 873 munera
3188 820 3419 875 conferri
3450 821 3562 876 vir-

1983 915 2066 962 tus
2098 907 2188 959 tibi
2217 907 2393 961 divina
2423 910 2704 974 sustineat,
2722 919 3029 980 quantaque
3055 910 3562 982 felicitat'sinsignia

1981 999 2215 1067 prconiis,
2264 1000 2307 1053 si
2336 1000 2464 1054 velis
2496 1016 2711 1070 capere,
2739 1002 2877 1056 idem
2910 1011 3101 1058 auctor
3138 1012 3381 1072 chptat,
3414 1004 3561 1059 dice-

1980 1105 2123 1155 rem;
2177 1092 2271 1146 sed
2327 1108 2432 1145 non
2484 1101 2567 1147 est
2624 1093 2805 1147 datum
2855 1096 2993 1149 scire
3045 1096 3359 1151 mortalibus
3422 1096 3565 1166 quod

1979 1183 2369 1238 immortalibus
2419 1194 2772 1256 prceparatur.
2815 1186 2924 1241 Nec
2980 1200 3205 1257 possunt
3254 1204 3441 1243 sensus
3481 1189 3564 1241 vel

1979 1291 2132 1330 mens
2171 1277 2405 1331 humana
2448 1279 2712 1347 attingere
2758 1294 2863 1349 qua
2901 1279 2919 1317 ί
2979 1281 3233 1335 Dominus
3282 1289 3365 1336 est
3414 1289 3566 1334 recte

1977 1368 2319 1423 credentibus
2367 1370 2633 1439 pollicitus
2682 1372 2931 1442 elargire.
2987 1372 3252 1428 Cancrum
3304 1374 3348 1427 si
3413 1387 3566 1427 mens

1977 1460 2221 1528 forsitan,
2266 1462 2408 1531 quod
2441 1463 2538 1517 fari
2581 1464 2843 1519 nefarium
2884 1473 2984 1529 est,
3016 1466 3294 1519 hccreticos
3324 1466 3391 1519 ad
3429 1480 3560 1519 con-

1977 1553 2291 1607 vertentlum
2322 1555 2374 1608 in
2396 1555 2669 1625 quidpiam
2702 1557 3029 1623 titubaverit,
3057 1564 3321 1625 quatenus
3350 1569 3564 1609 errores

1977 1643 2189 1713 pu‘trido
2213 1646 2414 1699 scultro
2438 1648 2782 1713 experientia:
2806 1648 2980 1701 minus
3002 1647 3297 1703 resecando
3331 1657 3355 1694 8
3388 1647 3562 1700 absci-

279 1739 474 1803 forma,
502 1739 734 1807 ingenita
758 1737 924 1790 virtus
952 1745 1006 1789 et
1035 1733 1289 1787 naturalis
1330 1731 1628 1802 prudentia,
1653 1729 1867 1796 elegan-
1900 1726 1945 1783 B
1976 1735 2115 1788 derit
2137 1735 2296 1803 (apud
2318 1746 2674 1804 agnoscentes
2704 1739 3022 1807 loquimur),
3046 1755 3204 1809 quam
3238 1739 3287 1792 in
3320 1754 3377 1792 se
3406 1754 3560 1793 suos-

277 1830 354 1881 tia
407 1844 613 1882 morum
663 1835 714 1882 et
746 1827 899 1881 bona:
929 1825 1046 1877 vitze
1077 1838 1324 1883 censura,
1368 1821 1663 1891 praespicua
1693 1818 1866 1888 digni-

277 1927 365 1971 tas
415 1927 470 1971 et
496 1918 665 1985 gloria
719 1914 996 1984 dignitatis
1035 1913 1251 1975 eximia,
1287 1911 1510 1965 mortuis
1539 1909 1868 1980 sepultisque

274 2010 569 2065 hazresibus
600 2010 954 2080 ignominiose
985 2006 1292 2069 subsedeat,
1324 2014 1399 2069 et,
1431 2011 1489 2057 ut
1516 2003 1694 2057 verius
1734 2018 1867 2055 nun-

274 2118 438 2170 quam
494 2102 620 2170 ipsis
666 2100 968 2155 viventibus
999 2099 1207 2166 loquar,
1259 2095 1542 2149 infeliciter
1569 2094 1705 2149 colla
1735 2093 1864 2147 sub-

273 2195 504 2248 mittat?
536 2193 739 2247 Pudeat
767 2192 850 2245 vel
885 2191 1096 2244 tandem
1127 2188 1288 2255 hujus
1317 2193 1477 2240 sectae
1508 2185 1867 2254 blasphcinias

273 2294 491 2339 sectare
520 2285 751 2347 nefarie;
777 2284 976 2353 pudeat
1001 2281 1192 2335 fumosi
1218 2279 1446 2333 tramitis
1470 2277 1863 2332 intolerandum

274 2377 383 2431 iter
433 2389 725 2446 peragere;
786 2375 981 2443 pudeat
1029 2372 1259 2440 denique
1311 2378 1526 2424 ceterum
1581 2368 1765 2423 mortis
1801 2367 1866 2421 ad

272 2480 490 2533 pamam
524 2465 845 2534 pertingere.
884 2463 1041 2516 Tales
1077 2461 1205 2514 illud
1234 2459 1316 2514 vel
1348 2466 1582 2524 moveat,
1628 2458 1772 2526 quod
1800 2458 1866 2511 de

271 2574 460 2613 earum
482 2558 720 2628 quotidie
743 2555 1109 2610 limresiarcha:
1134 2566 1155 2592 ο
1185 2568 1342 2608 omne
1354 2553 1466 2620 jam
1497 2566 1636 2620 pene
1666 2550 1865 2605 mundo

270 2658 542 2712 cantatur,
577 2650 663 2718 qui
710 2647 997 2702 fetentibus
1026 2645 1335 2700 evisceratis
1373 2642 1685 2707 visceribus,
1710 2652 1866 2697 teter-

269 2741 358 2795 nis
411 2740 621 2808 ignibus
671 2739 903 2793 animam
956 2737 1247 2805 assignavit
1290 2734 1617 2789 horrificam.
1662 2731 1866 2802 Opinor

270 2830 415 2886 hanc
438 2839 831 2885 consentaneos
854 2828 970 2898 ejus
999 2836 1275 2890 aeternam,
1310 2826 1411 2880 nisi
1441 2833 1587 2879 recte
1615 2822 1863 2879 credide-

270 2920 399 2983 rint,
435 2919 687 2988 excipere
742 2933 975 2989 pmnam.
1032 2916 1173 2980 Fuit,
1206 2914 1304 2969 fuit
1335 2916 1421 2970 hic
1471 2915 1598 2969 olim
1648 2914 1864 2969 morbus

270 3010 617 3065 acerbissima
662 3018 812 3079 peste
856 3008 1101 3075 diffusus,
1131 3007 1223 3075 qui
1252 3007 1479 3060 latenter
1512 3005 1859 3060 infernalibus

1972 1840 2081 1900 que
2116 1826 2380 1893 jactiram
2413 1829 2631 1896 sentiat,
2690 1831 2775 1883 vel
2824 1846 2987 1899 quam
3039 1830 3240 1899 pastori
3297 1829 3561 1883 rationem

1972 1925 2247 1985 pastorum
2296 1918 2580 1979 exhibeat,
2616 1921 2714 1974 ista
2748 1922 2937 1975 vestris
2956 1922 3200 1975 sensibus
3224 1921 3561 1975 discutienda

1971 2007 2369 2071 commisimus;
2402 2024 2627 2077 quarum
2658 2011 2700 2064 si
2733 2011 2927 2066 doctus
2951 2012 3099 2064 malit
3152 2012 3305 2065 almis
3334 2012 3562 2079 eloquiis

1970 2085 2268 2151 sententias
2293 2101 2545 2169 colligere
2575 2102 2773 2166 verbis,
2817 2119 2941 2155 reor
2972 2102 3117 2172 prius
3141 2111 3349 2171 tempus
3400 2118 3559 2171 quam

1970 2189 2215 2255 exempla
2244 2188 2492 2246 deficere.
2529 2191 2671 2259 Ergo
2703 2207 2769 2247 ne
2798 2193 3038 2257 dubites;
3074 2192 3282 2247 fantore
3328 2192 3559 2262 denique

1970 2275 2181 2332 Christo
2212 2289 2404 2334 cuncta
2458 2284 2700 2336 mortalia
2758 2283 2999 2337 cedunt:
3044 2283 3208 2335 habes
3257 2282 3365 2336 illic
3409 2282 3559 2335 omni

1970 2379 2196 2424 matrem
2242 2374 2588 2427 veneratione
2644 2374 2946 2437 colendam,
2996 2373 3286 2427 doctriccrn
3321 2372 3440 2427 fidei
3473 2370 3560 2427 fir-

1969 2460 2285 2528 missimam,
2337 2465 2591 2531 operibus
2632 2465 2855 2528 claram,
2912 2464 3213 2517 humilitate
3264 2465 3554 2527 sinceram,

1968 2553 2211 2607 oratione
2235 2562 2635 2622 compunctam,
2679 2554 2833 2608 almis
2860 2554 3047 2609 studiis
3070 2554 3326 2619 deditam,
3344 2554 3559 2633 vinculo

1967 2642 2245 2697 charitatis
2268 2645 2563 2708 astrictam,
2590 2644 2815 2698 consilio
2846 2644 3149 2713 providam,
3174 2644 3557 2699 misericordiis

1967 2734 2296 2803 opulentam,
2327 2735 2612 2790 honestate
2642 2735 2985 2804 praecipuam,
3020 2734 3306 2788 virtutibus
3351 2734 3558 2795 cunctis

1966 2835 2212 2880 onustam
2240 2824 2286 2892 δ,
2320 2843 2537 2881 suavem
2563 2826 2795 2896 eloquio,
2826 2841 3003 2881 acrem
3036 2826 3268 2894 ingenio,
3296 2825 3555 2894 dapsilem

1964 2916 2126 2982 dono,
2148 2916 2344 2985 justam
2370 2916 2595 2986 judicio,
2628 2918 2947 2973 clementem
3000 2919 3052 2972 in
3082 2918 3266 2982 verbo,
3296 2916 3554 2973 amicissi-

1965 3023 2106 3062 mam
2129 3006 2364 3073 Christo,
2397 3009 2622 3063 amicam
2660 3010 2807 3078 gregi
2840 3009 3130 3074 eatholico,
3161 3023 3374 3077 semper
3420 3005 3553 3061 infe-

269 3101 475 3155 animas
497 3100 712 3156 sedibus
734 3099 1023 3154 infelicium
1041 3098 1256 3153 miscuit
1277 3105 1331 3152 et
1357 3095 1545 3150 illinita
1576 3095 1858 3151 dulcedine
1888 3084 1933 3146 C
1964 3109 2101 3156 stam
2149 3101 2383 3165 diabolo,
2418 3100 2815 3156 infestissimam
2844 3112 2900 3156 ει
2944 3101 3060 3171 ejus
3087 3102 3303 3173 corpori
3341 3114 3555 3170 semper

268 3191 461 3267 pocula
524 3191 785 3246 antidotia
850 3189 1126 3245 mortifera
1178 3188 1505 3258 propinavit.
1560 3186 1859 3241 lmmensas

269 3292 399 3338 tunc
427 3284 763 3338 calamitates
793 3291 847 3336 et
873 3282 1081 3336 diversa
1105 3281 1346 3351 penuria,
1372 3278 1717 3333 acerbissima
1739 3292 1857 3333 cre-

268 3373 419 3427 brius
441 3373 577 3426 bella
599 3380 655 3426 et
679 3372 983 3440 quotidiana
1001 3370 1236 3435 miseria,
1253 3369 1543 3438 indigentia
1568 3367 1777 3436 frugum
1802 3375 1858 3423 et

268 3462 521 3533 pestifera
547 3462 767 3517 vulnera
798 3462 938 3516 hanc
980 3460 1299 3515 insolentius
1327 3468 1539 3527 gentem
1563 3466 1709 3512 retro
1735 3466 1856 3512 acto

267 3565 512 3623 tempore
539 3554 751 3625 pressit.
770 3553 1059 3618 Postquam
1080 3551 1321 3606 sidereus
1345 3548 1522 3619 fulgor
1539 3549 1700 3604 corda
1725 3549 1855 3604 fide.

266 3644 397 3701 lium
429 3650 748 3713 coruscavit,
789 3656 845 3703 et
889 3645 1195 3701 orthodoxa
1224 3644 1354 3699 files
1384 3644 1653 3699 mentibus
1683 3658 1853 3698 ceca—

266 3739 337 3792 tis
378 3738 612 3801 emicuit,
644 3745 800 3793 aucta
839 3752 972 3807 pace
1002 3735 1423 3799 Catliolit-ornm,
1455 3734 1681 3789 Domino
1704 3748 1853 3788 com-

265 3825 544 3894 modante,
567 3826 864 3882 Gothorum
895 3826 1040 3895 viget
1061 3825 1362 3895 imperium.
1396 3824 1605 3892 Quique
1654 3822 1853 3877 dudum

263 3931 365 3987 per
389 3916 613 3973 falcatas
641 3917 862 3973 lacerati
888 3917 1149 3973 seuticum
1192 3917 1353 3981 acies,
1379 3931 1476 3986 per
1504 3915 1851 3983 scorpionum

262 4008 535 4063 vulnerati
566 4008 773 4063 uncatis
802 4008 1023 4072 aculeis,
1054 4023 1149 4076 per
1179 4006 1368 4060 trivida
1399 4007 1613 4060 venetio
1662 4020 1851 4058 verna-

261 4097 520 4154 bunt'ora
543 4101 843 4169 serpentis;
878 4103 974 4153 hos
1019 4098 1276 4152 maternis
1305 4098 1549 4167 expiatos
1575 4096 1853 4151 afl'eCIibus

263 4190 507 4247 Ecclesia
545 4193 810 4248 catholica
841 4199 1010 4246 curat.
1040 4190 1230 4246 Cordis
1252 4207 1314 4246 ac
1340 4191 1532 4259 lingua:
1565 4192 1682 4245 sine
1722 4204 1849 4257 ruga

260 4281 509 4350 professa
557 4292 727 4347 curat,
792 4298 851 4336 se
896 4290 1184 4352 prmstaute
1238 4280 1656 4346 indemutabilis,
1717 4280 1852 4334 indi-

262 4379 522 4445 visibilis,
567 4379 804 4433 lncreata
832 4418 848 4442 ,
906 4378 1136 4434 creatrix
1179 4378 1454 4443 omnium,
1522 4376 1849 4446 sempiterna

262 4467 497 4522 Trinitas
525 4475 695 4523 curat.
732 4464 885 4521 Unde
914 4482 1196 4538 precamur
1224 4475 1456 4520 vestram
1508 4466 1846 4519 clementiam
1878 4444 1930 4504 Ῑ)

260 4560 465 4625 verbis,
488 4574 771 4629 precamur
795 4561 953 4622 votis,
979 4576 1262 4630 precamur
1289 4567 1344 4613 et
1371 4559 1638 4613 mentibus
1679 4559 1848 4628 puris,

260 4659 535 4705 tantorum
590 4652 933 4721 pranniorum
960 4663 1191 4706 vestram
1241 4652 1355 4705 fore
1383 4661 1595 4719 gentem
1626 4650 1850 4719 partici-

258 4757 386 4811 pem
413 4750 465 4796 et
488 4741 775 4795 aduna‘tam
802 4741 853 4794 in
882 4740 1077 4796 Christi
1107 4756 1336 4810 corpore
1374 4740 1531 4795 simul
1557 4740 1709 4793 vobis
1733 4754 1851 4793 esse

258 4845 593 4890 consortem.
646 4835 1047 4890 intolerandum
1097 4837 1256 4891 nimis
1296 4851 1359 4891 ac
1404 4834 1719 4889 detestabile
1751 4849 1852 4889 nec

258 4924 542 4980 ferendum
565 4926 590 4963 εί
620 4936 720 4992 est,
764 4934 845 4981 tot
892 4928 1130 4996 copiosis
1172 4936 1333 4996 caput
1357 4927 1644 4981 virtutibus
1682 4926 1850 4981 subli-

256 5023 489 5081 matum,
520 5019 813 5087 quamlibet
850 5019 1101 5084 exiguum
1134 5021 1370 5073 membra
1405 5019 1672 5089 torpentia
1715 5034 1850 5074 con-

255 5116 577 5178 sequantur,
603 5110 729 5165 illud
774 5113 942 5181 magis
968 5113 1017 5165 in
1046 5112 1204 5166 rebus
1236 5112 1365 5181 ipsis
1415 5122 1635 5181 agentes
1661 5113 1848 5167 incun-

256 5204 474 5254 ctanter
518 5200 674 5255 nobis
724 5200 970 5257 fiduciam
1024 5201 1171 5265 fecit,
1201 5203 1291 5271 qui
1347 5204 1610 5258 catholica
1639 5204 1846 5259 viscera

256 5299 473 5355 nactus,
501 5298 558 5346 et
600 5291 869 5348 catholico
890 5293 1038 5348 foiite
1066 5292 1301 5348 cerneris
1341 5308 1459 5349 esse
1500 5285 1847 5351 renatuste

334 5449 357 5475 “
392 5440 462 5494 La
496 5440 650 5509 Real,
680 5460 792 5498 ora.

332 5510 359 5550 δ
392 5509 535 5578 Tol.,
568 5522 842 5569 teneretur.

338 5593 358 5620 ο
378 5579 522 5647 Τ()1.,
553 5585 906 5640 Itwresiarum.
938 5587 1079 5641 Delie
1106 5586 1279 5642 lecrsc
1311 5586 1676 5642 Ita’resiurclia.

332 5652 354 5687 α
391 5650 532 5723 Τυιλ,
566 5652 918 5723 deferendum.

338 5729 360 5757 ⁸
393 5719 461 5774 La
492 5719 643 5791 Rea],
668 5727 786 5779 nisi.

1963 3192 2236 3253 haeretico,
2270 3192 2421 3260 cujus
2449 3193 2676 3247 virtutes
2728 3194 2895 3261 exigit
2932 3193 2944 3230 ί
2973 3193 3182 3262 justitia
3207 3234 3221 3257 ,
3272 3201 3329 3246 ut
3370 3205 3554 3261 perse-

1963 3291 2114 3337 veret
2160 3282 2404 3337 libratior
2477 3282 2674 3349 eflicit;
2729 3284 3016 3351 prudentia
3079 3292 3137 3338 ut
3182 3284 3289 3337 vim
3326 3282 3554 3337 rationis

1961 3374 2205 3429 attendat
2243 3374 2497 3443 impellit;
2533 3391 2632 3431 nec
2674 3376 2940 3431 immerito
2966 3376 3099 3431 tanti
3129 3375 3362 3431 nominis
3392 3376 3552 3431 nobi-

1960 3465 2144 3519 litatur
2171 3466 2594 3536 vocabulo,qum
2625 3467 2818 3521 vallata
2843 3476 2922 3521 tot
2948 3468 3179 3537 praemiis
3208 3468 3552 3536 cognoscitur

1959 3555 2058 3610 sub
2108 3564 2329 3611 auctore
2371 3557 2607 3612 sidereo.
2662 3556 2803 3629 Ergo
2853 3558 2900 3613 si
2954 3558 3063 3613 vim
3113 3558 3272 3627 hujus
3321 3558 3551 3612 nominis

1960 3649 2241 3704 attendere
2269 3651 2517 3716 velimus,
2568 3652 2783 3721 liquidis
2806 3653 3027 3709 vocibus
3065 3653 3274 3720 Argivis
3302 3651 3550 3707 Theodo-

1956 3739 2135 3795 lindm.
2157 3742 2244 3808 (1η
2264 3742 2369 3798 Ms.
2399 3742 2663 3798 Toletanw
2681 3743 2932 3800 Ecclesia:
2962 3746 3042 3798 hic
3066 3745 3253 3799 desinit
3279 3747 3546 3815 epistola.)

2033 3830 2304 3887 Plectendi
2329 3841 2452 3888 sunt
2492 3835 2883 3903 pollicitatione
2928 3851 3031 3904 qua
3054 3837 3277 3905 cupiunt
3308 3834 3548 3891 nonnulli

1957 3925 2221 3979 subtiliter
2267 3942 2364 3995 pro
2416 3935 2659 3997 tempore
2710 3927 2797 3982 ubi
2846 3929 3231 3996 inardescunt,
3286 3927 3547 3997 quosdam

1958 4017 2093 4072 lenis
2137 4018 2297 4073 debet
2340 4017 2691 4072 comminatio
2749 4020 2946 4088 regula:
2994 4021 3244 4085 subdere,
3286 4020 3545 4089 quosdam

1958 4109 2199 4177 aSperior
2256 4108 2554 4180 increpatio
2619 4108 2870 4174 flectere;
2921 4127 3042 4164 nam
3099 4110 3254 4166 facile
3323 4111 3548 4180 cupidos

1956 4209 2206 4271 porrecto
2237 4215 2456 4254 munere
2498 4202 2743 4266 trahitur,
2778 4216 2832 4255 et
2860 4210 3150 4257 contumax
3196 4202 3547 4258 districtionis

1957 4295 2246 4348 severitate
2292 4294 2360 4347 de
2418 4310 2580 4363 prava
2636 4304 2780 4349 secta
2826 4296 3123 4365 repellitur.
3176 4294 3300 4349 llzec
3329 4296 3544 4365 quidem

1958 4387 2325 4457 aequanimiter
2375 4403 2472 4456 pro
2518 4388 2658 4453 loco,
2694 4404 2791 4458 pro
2842 4397 3102 4457 tempore,
3154 4402 3251 4456 pro
3292 4403 3541 4457 persona,

1952 4475 2184 4543 gerenda
2215 4485 2358 4544 sunt,
2381 4477 2552 4531 donec
2580 4477 2739 4531 ardor
2786 4476 2906 4531 fidei
2937 4476 3319 4531 convalescens
3359 4479 3543 4546 vigore
3628 4552 3631 4555 _

1954 4568 2242 4635 catholico,
2294 4568 2540 4638 lampade
2587 4577 2923 4634 coruscante,
2953 4567 3171 4624 fundata
3224 4571 3386 4626 corda
3426 4586 3544 4627 cre-

1952 4660 2189 4715 dentium
2246 4660 2457 4716 luciflua
2505 4660 2715 4728 reddat,
2771 4668 2826 4715 et
2870 4661 3109 4732 putridas
3165 4662 3541 4719 haereticorum

1952 4754 2207 4824 reliquias
2236 4757 2301 4809 de
2323 4754 2545 4812 fumosis
2574 4764 2693 4811 orta
2722 4755 2959 4811 materiis
2985 4772 3217 4811 exurens
3265 4757 3317 4810 in
3361 4757 3537 4811 favilla

1952 4846 2190 4900 reducat.
2228 4846 2338 4902 Hac
2378 4863 2446 4902 ne
2491 4847 2629 4902 forte
2673 4848 2883 4904 ratione
2912 4864 3060 4904 mera
3088 4865 3248 4919 quam
3302 4850 3537 4906 charitas

1952 4940 2269 4993 austeritate
2301 4940 2469 4993 nostri
2515 4940 2768 4995 defensus
2813 4942 3077 5010 extorpsit
3105 4951 3159 4997 et
3187 4953 3401 4998 czetera.
3431 4941 3536 4998 Sed

1951 5029 2189 5099 impolita
2223 5030 2435 5098 fiducia,
2467 5046 2650 5087 amore
2694 5032 2947 5103 pellente,
2976 5034 3232 5103 prmmisit
3280 5052 3540 5105 pne-uni-

1950 5124 2210 5193 ptionem,
2249 5123 2586 5180 audientibus
2611 5124 2853 5181 conferat
2881 5126 3024 5197 quod
3073 5125 3138 5181 ad
3180 5129 3382 5182 cultum
3417 5129 3537 5184 reli-

1948 5216 2122 5284 gionis
2194 5218 2365 5272 oratio
2418 5218 2592 5273 minus
2652 5219 3001 5275 vernantibus
3054 5219 3229 5274 verbis
3286 5220 3533 5274 universa

1949 5310 2485 5381 perstringat,audiat
2513 5312 2603 5381 qui
2625 5312 2737 5369 hate
2764 5326 2893 5369 sane
2916 5311 3106 5368 dicturi
3136 5319 3278 5377 sunt,
3308 5326 3530 5380 regnum

2023 5462 2041 5500 ί
2068 5461 2392 5533 Tol.,quam
2419 5464 2500 5518 lee
2530 5481 2661 5533 quae.

2024 5483 2035 5500 -
2075 5483 2392 5533 uu.,q_uam
2420 5483 2500 5518 ree
2563 5483 2605 5519 tu

2021 5542 2045 5578 κ
2093 5532 2238 5601 ΤοΙ.,
2276 5483 2605 5590 reservanda.

2019 5601 2043 5639 ¹¹
2078 5602 2194 5656 Tol.
2209 5647 2221 5668 ,
2254 5605 2538 5658 honestam.

2022 5672 2033 5708 ί
2071 5671 2166 5726 Tol
2198 5714 2213 5739 ,
2242 5675 2411 5745 erigit.
