  <div class='ocr_page' id='page_1' title='image "/cluster/home/n/w/nwhite01/storage/ocr_20150623/80/hvd.32044015469422/193.png"; bbox 0 0 4030 6318; ppageno 0'>
   <div class='ocr_carea' id='block_1_1' title="bbox 506 206 608 260">
    <p class='ocr_par' dir='ltr' id='par_1_1' title="bbox 506 206 608 260">
     <span class='ocr_line' id='line_1_1' title="bbox 506 206 608 260; baseline 0.02 -2"><span class='ocrx_word' id='word_1_1' title='bbox 506 206 608 260; x_wconf 72' lang='grc'><strong>575</strong></span> 
     </span>
    </p>
   </div>
   <div class='ocr_carea' id='block_1_2' title="bbox 1668 197 2639 258">
    <p class='ocr_par' dir='ltr' id='par_1_2' title="bbox 1668 197 2639 258">
     <span class='ocr_line' id='line_1_2' title="bbox 1668 197 2639 258; baseline -0.005 0"><span class='ocrx_word' id='word_1_2' title='bbox 1668 200 1971 258; x_wconf 67' lang='lat' dir='ltr'><strong>SISEBUTI</strong></span> <span class='ocrx_word' id='word_1_3' title='bbox 2014 197 2397 255; x_wconf 58' lang='grc' dir='ltr'><strong>(ΞΟΤΙΙκὶιῖἵοἬ</strong></span> <span class='ocrx_word' id='word_1_4' title='bbox 2439 199 2639 253; x_wconf 60' lang='lat' dir='ltr'><strong>REGIS</strong></span> 
     </span>
    </p>
   </div>
   <div class='ocr_carea' id='block_1_3' title="bbox 3659 204 3758 263">
    <p class='ocr_par' dir='ltr' id='par_1_3' title="bbox 3659 204 3758 263">
     <span class='ocr_line' id='line_1_3' title="bbox 3659 204 3758 263; baseline -0.03 -1"><span class='ocrx_word' id='word_1_5' title='bbox 3659 204 3758 263; x_wconf 79' lang='lat'><strong>376</strong></span> 
     </span>
    </p>
   </div>
   <div class='ocr_carea' id='block_1_4' title="bbox 504 303 3762 382">
    <p class='ocr_par' dir='ltr' id='par_1_4' title="bbox 504 303 3762 382">
     <span class='ocr_line' id='line_1_4' title="bbox 504 303 3762 382; baseline 0.001 -11"><span class='ocrx_word' id='word_1_6' title='bbox 504 316 595 371; x_wconf 83' lang='lat' dir='ltr'><strong>Dei</strong></span> <span class='ocrx_word' id='word_1_7' title='bbox 613 330 717 369; x_wconf 92' lang='lat' dir='ltr'><strong>non</strong></span> <span class='ocrx_word' id='word_1_8' title='bbox 742 303 2080 379; x_wconf 57' lang='lat' dir='ltr'><strong>inverbistantum,sedinvirtuteconsistereftlum</strong></span> <span class='ocrx_word' id='word_1_9' title='bbox 2112 315 2161 372; x_wconf 80' lang='grc' dir='ltr'>Λ</span> <span class='ocrx_word' id='word_1_10' title='bbox 2189 312 2447 366; x_wconf 88' lang='lat' dir='ltr'><strong>cultorem</strong></span> <span class='ocrx_word' id='word_1_11' title='bbox 2505 312 2877 367; x_wconf 78' lang='lat' dir='ltr'><strong>haereticorum</strong></span> <span class='ocrx_word' id='word_1_12' title='bbox 2916 310 3168 367; x_wconf 88' lang='lat' dir='ltr'><strong>ostendet</strong></span> <span class='ocrx_word' id='word_1_13' title='bbox 3213 312 3307 382; x_wconf 84' lang='lat' dir='ltr'><strong>qui</strong></span> <span class='ocrx_word' id='word_1_14' title='bbox 3348 313 3547 370; x_wconf 71' lang='lat' dir='ltr'><strong>vexillo</strong></span> <span class='ocrx_word' id='word_1_15' title='bbox 3591 319 3762 375; x_wconf 72' lang='lat' dir='ltr'><strong>crucis</strong></span> 
     </span>
    </p>
   </div>
   <div class='ocr_carea' id='block_1_5' title="bbox 498 403 2081 477">
    <p class='ocr_par' dir='ltr' id='par_1_5' title="bbox 498 403 2081 477">
     <span class='ocr_line' id='line_1_5' title="bbox 498 403 2081 477; baseline -0.003 -15"><span class='ocrx_word' id='word_1_16' title='bbox 498 417 554 462; x_wconf 86' lang='lat' dir='ltr'><strong>ct</strong></span> <span class='ocrx_word' id='word_1_17' title='bbox 597 406 949 477; x_wconf 88' lang='lat' dir='ltr'><strong>prudentibus</strong></span> <span class='ocrx_word' id='word_1_18' title='bbox 995 406 1164 475; x_wconf 87' lang='lat' dir='ltr'><strong>magis</strong></span> <span class='ocrx_word' id='word_1_19' title='bbox 1191 406 1347 461; x_wconf 84' lang='lat' dir='ltr'><strong>fortia</strong></span> <span class='ocrx_word' id='word_1_20' title='bbox 1382 421 1542 476; x_wconf 84' lang='lat' dir='ltr'><strong>quam</strong></span> <span class='ocrx_word' id='word_1_21' title='bbox 1578 403 1797 461; x_wconf 85' lang='lat' dir='ltr'><strong>falerata</strong></span> <span class='ocrx_word' id='word_1_22' title='bbox 1843 405 2081 475; x_wconf 85' lang='lat' dir='ltr'><strong>compla-</strong></span> 
     </span>
    </p>
   </div>
   <div class='ocr_carea' id='block_1_6' title="bbox 498 499 2081 569">
    <p class='ocr_par' dir='ltr' id='par_1_6' title="bbox 498 499 2081 569">
     <span class='ocr_line' id='line_1_6' title="bbox 498 499 2081 569; baseline 0 -16"><span class='ocrx_word' id='word_1_23' title='bbox 498 508 677 565; x_wconf 84' lang='lat' dir='ltr'><strong>ceant,</strong></span> <span class='ocrx_word' id='word_1_24' title='bbox 710 508 767 553; x_wconf 90' lang='lat' dir='ltr'><strong>et</strong></span> <span class='ocrx_word' id='word_1_25' title='bbox 786 499 1020 554; x_wconf 84' lang='lat' dir='ltr'><strong>salubria</strong></span> <span class='ocrx_word' id='word_1_26' title='bbox 1048 499 1225 568; x_wconf 90' lang='lat' dir='ltr'><strong>potius</strong></span> <span class='ocrx_word' id='word_1_27' title='bbox 1250 515 1409 567; x_wconf 91' lang='lat' dir='ltr'><strong>quam</strong></span> <span class='ocrx_word' id='word_1_28' title='bbox 1438 500 1622 555; x_wconf 84' lang='lat' dir='ltr'><strong>suavia</strong></span> <span class='ocrx_word' id='word_1_29' title='bbox 1652 500 1867 569; x_wconf 80' lang='lat' dir='ltr'><strong>:egrotis</strong></span> <span class='ocrx_word' id='word_1_30' title='bbox 1911 514 2081 568; x_wconf 78' lang='lat' dir='ltr'><strong>expe-</strong></span> 
     </span>
    </p>
   </div>
   <div class='ocr_carea' id='block_1_7' title="bbox 497 588 2080 659">
    <p class='ocr_par' dir='ltr' id='par_1_7' title="bbox 497 588 2080 659">
     <span class='ocr_line' id='line_1_7' title="bbox 497 588 2080 659; baseline 0.002 -17"><span class='ocrx_word' id='word_1_31' title='bbox 497 591 664 655; x_wconf 82' lang='lat' dir='ltr'><strong>diant,</strong></span> <span class='ocrx_word' id='word_1_32' title='bbox 681 606 788 644; x_wconf 91' lang='lat' dir='ltr'><strong>non</strong></span> <span class='ocrx_word' id='word_1_33' title='bbox 801 589 1026 645; x_wconf 78' lang='lat' dir='ltr'><strong>docendi</strong></span> <span class='ocrx_word' id='word_1_34' title='bbox 1038 588 1262 644; x_wconf 88' lang='lat' dir='ltr'><strong>formam</strong></span> <span class='ocrx_word' id='word_1_35' title='bbox 1276 591 1616 659; x_wconf 88' lang='lat' dir='ltr'><strong>sumpsimus,</strong></span> <span class='ocrx_word' id='word_1_36' title='bbox 1631 591 1724 647; x_wconf 91' lang='lat' dir='ltr'><strong>sed</strong></span> <span class='ocrx_word' id='word_1_37' title='bbox 1739 590 2080 647; x_wconf 81' lang='lat' dir='ltr'><strong>affectionem</strong></span> 
     </span>
    </p>
   </div>
   <div class='ocr_carea' id='block_1_8' title="bbox 498 676 2080 751">
    <p class='ocr_par' dir='ltr' id='par_1_8' title="bbox 498 676 2080 751">
     <span class='ocr_line' id='line_1_8' title="bbox 498 676 2080 751; baseline 0.003 -21"><span class='ocrx_word' id='word_1_38' title='bbox 498 676 787 734; x_wconf 70' lang='lat' dir='ltr'><strong>fraternam</strong></span> <span class='ocrx_word' id='word_1_39' title='bbox 809 679 1172 745; x_wconf 84' lang='lat' dir='ltr'><strong>ostendimus;</strong></span> <span class='ocrx_word' id='word_1_40' title='bbox 1202 687 1256 734; x_wconf 86' lang='lat' dir='ltr'><strong>et</strong></span> <span class='ocrx_word' id='word_1_41' title='bbox 1281 680 1419 734; x_wconf 83' lang='lat' dir='ltr'><strong>sicut</strong></span> <span class='ocrx_word' id='word_1_42' title='bbox 1448 681 1827 751; x_wconf 77' lang='lat' dir='ltr'><strong>participantur</strong></span> <span class='ocrx_word' id='word_1_43' title='bbox 1850 677 2080 734; x_wconf 88' lang='lat' dir='ltr'><strong>affinita-</strong></span> 
     </span>
    </p>
   </div>
   <div class='ocr_carea' id='block_1_9' title="bbox 498 771 2076 844">
    <p class='ocr_par' dir='ltr' id='par_1_9' title="bbox 498 771 2076 844">
     <span class='ocr_line' id='line_1_9' title="bbox 498 771 2076 844; baseline 0.003 -21"><span class='ocrx_word' id='word_1_44' title='bbox 498 772 563 825; x_wconf 87' lang='lat' dir='ltr'><strong>tis</strong></span> <span class='ocrx_word' id='word_1_45' title='bbox 585 773 814 841; x_wconf 75' lang='lat' dir='ltr'><strong>origine,</strong></span> <span class='ocrx_word' id='word_1_46' title='bbox 834 772 1000 826; x_wconf 81' lang='lat' dir='ltr'><strong>inSIar</strong></span> <span class='ocrx_word' id='word_1_47' title='bbox 1024 771 1406 842; x_wconf 88' lang='lat' dir='ltr'><strong>participemur</strong></span> <span class='ocrx_word' id='word_1_48' title='bbox 1429 782 1628 828; x_wconf 76' lang='lat' dir='ltr'><strong>santtze</strong></span> <span class='ocrx_word' id='word_1_49' title='bbox 1658 773 1779 828; x_wconf 88' lang='lat' dir='ltr'><strong>fidei</strong></span> <span class='ocrx_word' id='word_1_50' title='bbox 1796 772 2076 844; x_wconf 84' lang='lat' dir='ltr'><strong>qualitate.</strong></span> 
     </span>
    </p>
   </div>
   <div class='ocr_carea' id='block_1_10' title="bbox 495 861 2074 935">
    <p class='ocr_par' dir='ltr' id='par_1_10' title="bbox 495 861 2074 935">
     <span class='ocr_line' id='line_1_10' title="bbox 495 861 2074 935; baseline 0.003 -20"><span class='ocrx_word' id='word_1_51' title='bbox 495 861 637 931; x_wconf 79' lang='lat' dir='ltr'><strong>Ergo</strong></span> <span class='ocrx_word' id='word_1_52' title='bbox 681 862 822 932; x_wconf 86' lang='lat' dir='ltr'><strong>quod</strong></span> <span class='ocrx_word' id='word_1_53' title='bbox 873 861 1126 931; x_wconf 80' lang='lat' dir='ltr'><strong>splendor</strong></span> <span class='ocrx_word' id='word_1_54' title='bbox 1155 863 1284 917; x_wconf 89' lang='lat' dir='ltr'><strong>artis</strong></span> <span class='ocrx_word' id='word_1_55' title='bbox 1332 870 1652 919; x_wconf 65' lang='lat' dir='ltr'><strong>mensurata:</strong></span> <span class='ocrx_word' id='word_1_56' title='bbox 1693 864 2074 935; x_wconf 63' lang='lat' dir='ltr'><strong>grammaticae,</strong></span> 
     </span>
    </p>
   </div>
   <div class='ocr_carea' id='block_1_11' title="bbox 494 950 2073 1024">
    <p class='ocr_par' dir='ltr' id='par_1_11' title="bbox 494 950 2073 1024">
     <span class='ocr_line' id='line_1_11' title="bbox 494 950 2073 1024; baseline 0.003 -20"><span class='ocrx_word' id='word_1_57' title='bbox 494 952 635 1022; x_wconf 84' lang='lat' dir='ltr'><strong>quod</strong></span> <span class='ocrx_word' id='word_1_58' title='bbox 666 950 909 1006; x_wconf 79' lang='lat' dir='ltr'><strong>facundia</strong></span> <span class='ocrx_word' id='word_1_59' title='bbox 941 952 1346 1007; x_wconf 88' lang='lat' dir='ltr'><strong>acclamationis</strong></span> <span class='ocrx_word' id='word_1_60' title='bbox 1375 954 1659 1008; x_wconf 81' lang='lat' dir='ltr'><strong>rhetorica:</strong></span> <span class='ocrx_word' id='word_1_61' title='bbox 1705 958 1901 1022; x_wconf 87' lang='lat' dir='ltr'><strong>minus,</strong></span> <span class='ocrx_word' id='word_1_62' title='bbox 1933 953 2073 1024; x_wconf 85' lang='lat' dir='ltr'><strong>quod</strong></span> 
     </span>
    </p>
   </div>
   <div class='ocr_carea' id='block_1_12' title="bbox 493 1038 2076 1112">
    <p class='ocr_par' dir='ltr' id='par_1_12' title="bbox 493 1038 2076 1112">
     <span class='ocr_line' id='line_1_12' title="bbox 493 1038 2076 1112; baseline 0.003 -20"><span class='ocrx_word' id='word_1_63' title='bbox 493 1043 885 1109; x_wconf 80' lang='lat' dir='ltr'><strong>argmnentatio</strong></span> <span class='ocrx_word' id='word_1_64' title='bbox 905 1038 1136 1095; x_wconf 80' lang='lat' dir='ltr'><strong>defuerit</strong></span> <span class='ocrx_word' id='word_1_65' title='bbox 1187 1040 1480 1096; x_wconf 78' lang='lat' dir='ltr'><strong>dialecticae</strong></span> <span class='ocrx_word' id='word_1_66' title='bbox 1523 1042 1834 1112; x_wconf 66' lang='lat' dir='ltr'><strong>disciplina),</strong></span> <span class='ocrx_word' id='word_1_67' title='bbox 1865 1057 1970 1097; x_wconf 91' lang='lat' dir='ltr'><strong>non</strong></span> <span class='ocrx_word' id='word_1_68' title='bbox 1997 1043 2076 1097; x_wconf 86' lang='lat' dir='ltr'><strong>di-</strong></span> 
     </span>
    </p>
   </div>
   <div class='ocr_carea' id='block_1_13' title="bbox 490 1133 2075 1205">
    <p class='ocr_par' dir='ltr' id='par_1_13' title="bbox 490 1133 2075 1205">
     <span class='ocr_line' id='line_1_13' title="bbox 490 1133 2075 1205; baseline 0.003 -18"><span class='ocrx_word' id='word_1_69' title='bbox 490 1133 645 1187; x_wconf 85' lang='lat' dir='ltr'><strong>cendi</strong></span> <span class='ocrx_word' id='word_1_70' title='bbox 674 1133 881 1204; x_wconf 78' lang='lat' dir='ltr'><strong>capiam</strong></span> <span class='ocrx_word' id='word_1_71' title='bbox 913 1133 1202 1204; x_wconf 84' lang='lat' dir='ltr'><strong>indigentia</strong></span> <span class='ocrx_word' id='word_1_72' title='bbox 1232 1134 1535 1203; x_wconf 81' lang='lat' dir='ltr'><strong>denegavit,</strong></span> <span class='ocrx_word' id='word_1_73' title='bbox 1565 1135 1657 1189; x_wconf 91' lang='lat' dir='ltr'><strong>sed</strong></span> <span class='ocrx_word' id='word_1_74' title='bbox 1684 1134 1773 1188; x_wconf 83' lang='lat' dir='ltr'><strong>tali</strong></span> <span class='ocrx_word' id='word_1_75' title='bbox 1819 1150 2075 1205; x_wconf 90' lang='lat' dir='ltr'><strong>prosecu-</strong></span> 
     </span>
    </p>
   </div>
   <div class='ocr_carea' id='block_1_14' title="bbox 492 1224 2072 1295">
    <p class='ocr_par' dir='ltr' id='par_1_14' title="bbox 492 1224 2072 1295">
     <span class='ocr_line' id='line_1_14' title="bbox 492 1224 2072 1295; baseline 0.004 -18"><span class='ocrx_word' id='word_1_76' title='bbox 492 1225 621 1278; x_wconf 89' lang='lat' dir='ltr'><strong>tioni</strong></span> <span class='ocrx_word' id='word_1_77' title='bbox 677 1224 1021 1279; x_wconf 79' lang='lat' dir='ltr'><strong>credentibus</strong></span> <span class='ocrx_word' id='word_1_78' title='bbox 1066 1225 1283 1295; x_wconf 88' lang='lat' dir='ltr'><strong>eloquia</strong></span> <span class='ocrx_word' id='word_1_79' title='bbox 1333 1224 1575 1294; x_wconf 88' lang='lat' dir='ltr'><strong>pandere</strong></span> <span class='ocrx_word' id='word_1_80' title='bbox 1627 1226 1838 1280; x_wconf 81' lang='lat' dir='ltr'><strong>divinus</strong></span> <span class='ocrx_word' id='word_1_81' title='bbox 1892 1242 2072 1284; x_wconf 89' lang='lat' dir='ltr'><strong>sermo</strong></span> 
     </span>
    </p>
   </div>
   <div class='ocr_carea' id='block_1_15' title="bbox 408 1315 2072 1386">
    <p class='ocr_par' dir='ltr' id='par_1_15' title="bbox 408 1315 2072 1386">
     <span class='ocr_line' id='line_1_15' title="bbox 408 1315 2072 1386; baseline 0.006 -23"><span class='ocrx_word' id='word_1_82' title='bbox 408 1360 411 1363; x_wconf 32' lang='grc' dir='ltr'><strong><em>γ</em></strong></span> <span class='ocrx_word' id='word_1_83' title='bbox 486 1315 758 1370; x_wconf 56' lang='lat' dir='ltr'><strong>subduxit.</strong></span> <span class='ocrx_word' id='word_1_84' title='bbox 794 1316 930 1371; x_wconf 85' lang='lat' dir='ltr'><strong>Cum</strong></span> <span class='ocrx_word' id='word_1_85' title='bbox 963 1318 1007 1370; x_wconf 91' lang='lat' dir='ltr'><strong>is</strong></span> <span class='ocrx_word' id='word_1_86' title='bbox 1059 1316 1265 1370; x_wconf 86' lang='lat' dir='ltr'><strong>adibitis</strong></span> <span class='ocrx_word' id='word_1_87' title='bbox 1297 1317 1367 1370; x_wconf 85' lang='lat' dir='ltr'><strong>sit</strong></span> <span class='ocrx_word' id='word_1_88' title='bbox 1394 1317 1485 1385; x_wconf 90' lang='lat' dir='ltr'><strong>qui</strong></span> <span class='ocrx_word' id='word_1_89' title='bbox 1516 1318 1763 1386; x_wconf 91' lang='lat' dir='ltr'><strong>loquitur,</strong></span> <span class='ocrx_word' id='word_1_90' title='bbox 1790 1332 1886 1386; x_wconf 91' lang='lat' dir='ltr'><strong>per</strong></span> <span class='ocrx_word' id='word_1_91' title='bbox 1913 1317 2072 1373; x_wconf 87' lang='lat' dir='ltr'><strong>Salo-</strong></span> 
     </span>
    </p>
   </div>
   <div class='ocr_carea' id='block_1_16' title="bbox 487 1407 2072 1479">
    <p class='ocr_par' dir='ltr' id='par_1_16' title="bbox 487 1407 2072 1479">
     <span class='ocr_line' id='line_1_16' title="bbox 487 1407 2072 1479; baseline 0.004 -21"><span class='ocrx_word' id='word_1_92' title='bbox 487 1421 705 1461; x_wconf 85' lang='lat' dir='ltr'><strong>monem</strong></span> <span class='ocrx_word' id='word_1_93' title='bbox 737 1417 785 1474; x_wconf 80' lang='grc'><em>⁸,</em></span> <span class='ocrx_word' id='word_1_94' title='bbox 809 1408 1118 1473; x_wconf 72' lang='lat' dir='ltr'><strong>soplristice;</strong></span> <span class='ocrx_word' id='word_1_95' title='bbox 1169 1416 1224 1462; x_wconf 90' lang='lat' dir='ltr'><strong>et</strong></span> <span class='ocrx_word' id='word_1_96' title='bbox 1253 1423 1436 1463; x_wconf 88' lang='lat' dir='ltr'><strong>rursus</strong></span> <span class='ocrx_word' id='word_1_97' title='bbox 1466 1407 1605 1461; x_wconf 88' lang='lat' dir='ltr'><strong>idem</strong></span> <span class='ocrx_word' id='word_1_98' title='bbox 1635 1424 1730 1479; x_wconf 89' lang='lat' dir='ltr'><strong>per</strong></span> <span class='ocrx_word' id='word_1_99' title='bbox 1769 1410 2072 1479; x_wconf 85' lang='lat' dir='ltr'><strong>apostolum</strong></span> 
     </span>
    </p>
   </div>
   <div class='ocr_carea' id='block_1_17' title="bbox 487 1497 2072 1571">
    <p class='ocr_par' dir='ltr' id='par_1_17' title="bbox 487 1497 2072 1571">
     <span class='ocr_line' id='line_1_17' title="bbox 487 1497 2072 1571; baseline 0.003 -20"><span class='ocrx_word' id='word_1_100' title='bbox 487 1498 659 1567; x_wconf 81' lang='lat' dir='ltr'><strong>inquit</strong></span> <span class='ocrx_word' id='word_1_101' title='bbox 686 1515 697 1550; x_wconf 88' lang='lat'><strong>:</strong></span> <span class='ocrx_word' id='word_1_102' title='bbox 736 1497 832 1552; x_wconf 85' lang='lat' dir='ltr'><strong>Ubi</strong></span> <span class='ocrx_word' id='word_1_103' title='bbox 864 1500 1087 1569; x_wconf 89' lang='lat' dir='ltr'><strong>sapiens,</strong></span> <span class='ocrx_word' id='word_1_104' title='bbox 1118 1498 1202 1552; x_wconf 87' lang='lat' dir='ltr'><strong>ubi</strong></span> <span class='ocrx_word' id='word_1_105' title='bbox 1232 1498 1521 1564; x_wconf 85' lang='lat' dir='ltr'><strong>scriba,ubi</strong></span> <span class='ocrx_word' id='word_1_106' title='bbox 1548 1502 1899 1571; x_wconf 86' lang='lat' dir='ltr'><strong>conquisitor?</strong></span> <span class='ocrx_word' id='word_1_107' title='bbox 1921 1499 2072 1555; x_wconf 83' lang='lat' dir='ltr'><strong>Non-</strong></span> 
     </span>
    </p>
   </div>
   <div class='ocr_carea' id='block_1_18' title="bbox 485 1592 2072 1662">
    <p class='ocr_par' dir='ltr' id='par_1_18' title="bbox 485 1592 2072 1662">
     <span class='ocr_line' id='line_1_18' title="bbox 485 1592 2072 1662; baseline 0.004 -20"><span class='ocrx_word' id='word_1_108' title='bbox 485 1608 549 1644; x_wconf 96' lang='lat' dir='ltr'><strong>ne</strong></span> <span class='ocrx_word' id='word_1_109' title='bbox 579 1594 788 1645; x_wconf 88' lang='lat' dir='ltr'><strong>stultam</strong></span> <span class='ocrx_word' id='word_1_110' title='bbox 820 1593 938 1662; x_wconf 79' lang='lat' dir='ltr'><strong>fecit</strong></span> <span class='ocrx_word' id='word_1_111' title='bbox 975 1592 1104 1645; x_wconf 86' lang='lat' dir='ltr'><strong>Deus</strong></span> <span class='ocrx_word' id='word_1_112' title='bbox 1152 1592 1462 1661; x_wconf 76' lang='lat' dir='ltr'><strong>sapientiam</strong></span> <span class='ocrx_word' id='word_1_113' title='bbox 1500 1592 1651 1661; x_wconf 85' lang='lat' dir='ltr'><strong>Imjus</strong></span> <span class='ocrx_word' id='word_1_114' title='bbox 1690 1594 1902 1647; x_wconf 72' lang='lat' dir='ltr'><strong>surculi?</strong></span> <span class='ocrx_word' id='word_1_115' title='bbox 1928 1594 2072 1648; x_wconf 86' lang='lat' dir='ltr'><strong>Satis</strong></span> 
     </span>
    </p>
   </div>
   <div class='ocr_carea' id='block_1_19' title="bbox 2186 402 3757 475">
    <p class='ocr_par' dir='ltr' id='par_1_19' title="bbox 2186 402 3757 475">
     <span class='ocr_line' id='line_1_19' title="bbox 2186 402 3757 475; baseline 0.005 -21"><span class='ocrx_word' id='word_1_116' title='bbox 2186 402 2520 471; x_wconf 86' lang='lat' dir='ltr'><strong>perterritus,</strong></span> <span class='ocrx_word' id='word_1_117' title='bbox 2558 410 2720 472; x_wconf 88' lang='lat' dir='ltr'><strong>atque</strong></span> <span class='ocrx_word' id='word_1_118' title='bbox 2764 402 3066 457; x_wconf 78' lang='lat' dir='ltr'><strong>orthodoxa</strong></span> <span class='ocrx_word' id='word_1_119' title='bbox 3121 402 3456 473; x_wconf 80' lang='lat' dir='ltr'><strong>professione</strong></span> <span class='ocrx_word' id='word_1_120' title='bbox 3497 408 3757 475; x_wconf 87' lang='lat' dir='ltr'><strong>turbatus,</strong></span> 
     </span>
    </p>
   </div>
   <div class='ocr_carea' id='block_1_20' title="bbox 2183 494 3765 566">
    <p class='ocr_par' dir='ltr' id='par_1_20' title="bbox 2183 494 3765 566">
     <span class='ocr_line' id='line_1_20' title="bbox 2183 494 3765 566; baseline 0.006 -22"><span class='ocrx_word' id='word_1_121' title='bbox 2183 506 2303 545; x_wconf 91' lang='lat' dir='ltr'><strong>cum</strong></span> <span class='ocrx_word' id='word_1_122' title='bbox 2353 502 2587 563; x_wconf 84' lang='lat' dir='ltr'><strong>nequeat</strong></span> <span class='ocrx_word' id='word_1_123' title='bbox 2636 494 2918 550; x_wconf 83' lang='lat' dir='ltr'><strong>catholicis</strong></span> <span class='ocrx_word' id='word_1_124' title='bbox 2958 494 3155 550; x_wconf 79' lang='lat' dir='ltr'><strong>inferre</strong></span> <span class='ocrx_word' id='word_1_125' title='bbox 3186 497 3567 566; x_wconf 88' lang='lat' dir='ltr'><strong>nequissimum</strong></span> <span class='ocrx_word' id='word_1_126' title='bbox 3620 502 3765 554; x_wconf 85' lang='lat' dir='ltr'><strong>dam-</strong></span> 
     </span>
    </p>
   </div>
   <div class='ocr_carea' id='block_1_21' title="bbox 2183 583 3762 662">
    <p class='ocr_par' dir='ltr' id='par_1_21' title="bbox 2183 583 3762 662">
     <span class='ocr_line' id='line_1_21' title="bbox 2183 583 3762 662; baseline 0.006 -25"><span class='ocrx_word' id='word_1_127' title='bbox 2183 598 2348 649; x_wconf 84' lang='lat' dir='ltr'><strong>num,</strong></span> <span class='ocrx_word' id='word_1_128' title='bbox 2390 583 2443 637; x_wconf 92' lang='lat' dir='ltr'><strong>in</strong></span> <span class='ocrx_word' id='word_1_129' title='bbox 2486 600 2642 639; x_wconf 92' lang='lat' dir='ltr'><strong>suum</strong></span> <span class='ocrx_word' id='word_1_130' title='bbox 2698 602 2935 656; x_wconf 69' lang='lat' dir='ltr'><strong>pnnceps</strong></span> <span class='ocrx_word' id='word_1_131' title='bbox 2988 587 3159 642; x_wconf 89' lang='lat' dir='ltr'><strong>fertur</strong></span> <span class='ocrx_word' id='word_1_132' title='bbox 3211 590 3509 659; x_wconf 74' lang='lat' dir='ltr'><strong>extirpatus</strong></span> <span class='ocrx_word' id='word_1_133' title='bbox 3557 608 3762 662; x_wconf 81' lang='lat' dir='ltr'><strong>semper</strong></span> 
     </span>
    </p>
   </div>
   <div class='ocr_carea' id='block_1_22' title="bbox 2182 676 3760 753">
    <p class='ocr_par' dir='ltr' id='par_1_22' title="bbox 2182 676 3760 753">
     <span class='ocr_line' id='line_1_22' title="bbox 2182 676 3760 753; baseline 0.005 -23"><span class='ocrx_word' id='word_1_134' title='bbox 2182 677 2474 731; x_wconf 90' lang='lat' dir='ltr'><strong>interitum.</strong></span> <span class='ocrx_word' id='word_1_135' title='bbox 2532 676 2767 733; x_wconf 85' lang='lat' dir='ltr'><strong>Locutus</strong></span> <span class='ocrx_word' id='word_1_136' title='bbox 2829 688 2909 734; x_wconf 86' lang='lat' dir='ltr'><strong>est</strong></span> <span class='ocrx_word' id='word_1_137' title='bbox 2976 679 3235 737; x_wconf 87' lang='lat' dir='ltr'><strong>Dominus</strong></span> <span class='ocrx_word' id='word_1_138' title='bbox 3301 682 3578 753; x_wconf 82' lang='lat' dir='ltr'><strong>discipulis</strong></span> <span class='ocrx_word' id='word_1_139' title='bbox 3632 685 3760 747; x_wconf 86' lang='lat' dir='ltr'><strong>suis,</strong></span> 
     </span>
    </p>
   </div>
   <div class='ocr_carea' id='block_1_23' title="bbox 2182 766 3762 843">
    <p class='ocr_par' dir='ltr' id='par_1_23' title="bbox 2182 766 3762 843">
     <span class='ocr_line' id='line_1_23' title="bbox 2182 766 3762 843; baseline 0.004 -22"><span class='ocrx_word' id='word_1_140' title='bbox 2182 766 2421 823; x_wconf 86' lang='lat' dir='ltr'><strong>dicens:</strong></span> <span class='ocrx_word' id='word_1_141' title='bbox 2471 768 2664 824; x_wconf 80' lang='lat' dir='ltr'><strong>Euntes</strong></span> <span class='ocrx_word' id='word_1_142' title='bbox 2717 770 2975 841; x_wconf 72' lang='lat' dir='ltr'><strong>baptizate</strong></span> <span class='ocrx_word' id='word_1_143' title='bbox 3037 783 3211 843; x_wconf 79' lang='lat' dir='ltr'><strong>gentes</strong></span> <span class='ocrx_word' id='word_1_144' title='bbox 3269 774 3321 827; x_wconf 81' lang='lat' dir='ltr'><strong>in</strong></span> <span class='ocrx_word' id='word_1_145' title='bbox 3381 777 3586 829; x_wconf 80' lang='lat' dir='ltr'><strong>nomine</strong></span> <span class='ocrx_word' id='word_1_146' title='bbox 3653 774 3762 828; x_wconf 84' lang='lat' dir='ltr'><strong>Pa-</strong></span> 
     </span>
    </p>
   </div>
   <div class='ocr_carea' id='block_1_24' title="bbox 2182 857 3761 930">
    <p class='ocr_par' dir='ltr' id='par_1_24' title="bbox 2182 857 3761 930">
     <span class='ocr_line' id='line_1_24' title="bbox 2182 857 3761 930; baseline 0.004 -20"><span class='ocrx_word' id='word_1_147' title='bbox 2182 859 2294 920; x_wconf 82' lang='lat' dir='ltr'><strong>tris,</strong></span> <span class='ocrx_word' id='word_1_148' title='bbox 2323 867 2372 911; x_wconf 91' lang='lat' dir='ltr'><strong>et</strong></span> <span class='ocrx_word' id='word_1_149' title='bbox 2400 857 2547 923; x_wconf 75' lang='lat' dir='ltr'><strong>Filii,</strong></span> <span class='ocrx_word' id='word_1_150' title='bbox 2576 869 2625 914; x_wconf 92' lang='lat' dir='ltr'><strong>et</strong></span> <span class='ocrx_word' id='word_1_151' title='bbox 2652 859 2879 930; x_wconf 83' lang='lat' dir='ltr'><strong>Spiritus</strong></span> <span class='ocrx_word' id='word_1_152' title='bbox 2906 862 3092 926; x_wconf 85' lang='lat' dir='ltr'><strong>sancti,</strong></span> <span class='ocrx_word' id='word_1_153' title='bbox 3119 876 3225 915; x_wconf 89' lang='lat' dir='ltr'><strong>non</strong></span> <span class='ocrx_word' id='word_1_154' title='bbox 3256 862 3309 916; x_wconf 90' lang='lat' dir='ltr'><strong>in</strong></span> <span class='ocrx_word' id='word_1_155' title='bbox 3343 861 3646 916; x_wconf 88' lang='lat' dir='ltr'><strong>nominibus</strong></span> <span class='ocrx_word' id='word_1_156' title='bbox 3671 864 3761 928; x_wconf 86' lang='lat' dir='ltr'><strong>ait,</strong></span> 
     </span>
    </p>
   </div>
   <div class='ocr_carea' id='block_1_25' title="bbox 2178 949 3762 1025">
    <p class='ocr_par' dir='ltr' id='par_1_25' title="bbox 2178 949 3762 1025">
     <span class='ocr_line' id='line_1_25' title="bbox 2178 949 3762 1025; baseline 0.004 -21"><span class='ocrx_word' id='word_1_157' title='bbox 2178 949 2269 1004; x_wconf 90' lang='lat' dir='ltr'><strong>sed</strong></span> <span class='ocrx_word' id='word_1_158' title='bbox 2300 949 2351 1003; x_wconf 91' lang='lat' dir='ltr'><strong>in</strong></span> <span class='ocrx_word' id='word_1_159' title='bbox 2383 950 2619 1017; x_wconf 89' lang='lat' dir='ltr'><strong>nomine,</strong></span> <span class='ocrx_word' id='word_1_160' title='bbox 2652 961 2710 1005; x_wconf 91' lang='lat' dir='ltr'><strong>ut</strong></span> <span class='ocrx_word' id='word_1_161' title='bbox 2732 950 3009 1007; x_wconf 89' lang='lat' dir='ltr'><strong>distinctio</strong></span> <span class='ocrx_word' id='word_1_162' title='bbox 3040 949 3321 1009; x_wconf 85' lang='lat' dir='ltr'><strong>Trinitatis</strong></span> <span class='ocrx_word' id='word_1_163' title='bbox 3354 954 3406 1007; x_wconf 91' lang='lat' dir='ltr'><strong>in</strong></span> <span class='ocrx_word' id='word_1_164' title='bbox 3453 954 3617 1010; x_wconf 84' lang='lat' dir='ltr'><strong>tribus</strong></span> <span class='ocrx_word' id='word_1_165' title='bbox 3641 970 3762 1025; x_wconf 88' lang='lat' dir='ltr'><strong>per-</strong></span> 
     </span>
    </p>
   </div>
   <div class='ocr_carea' id='block_1_26' title="bbox 2177 1039 3764 1109">
    <p class='ocr_par' dir='ltr' id='par_1_26' title="bbox 2177 1039 3764 1109">
     <span class='ocr_line' id='line_1_26' title="bbox 2177 1039 3764 1109; baseline 0.005 -17"><span class='ocrx_word' id='word_1_166' title='bbox 2177 1039 2325 1093; x_wconf 85' lang='lat' dir='ltr'><strong>sonis</strong></span> <span class='ocrx_word' id='word_1_167' title='bbox 2355 1048 2635 1109; x_wconf 88' lang='lat' dir='ltr'><strong>appareat,</strong></span> <span class='ocrx_word' id='word_1_168' title='bbox 2666 1049 2720 1095; x_wconf 88' lang='lat' dir='ltr'><strong>et</strong></span> <span class='ocrx_word' id='word_1_169' title='bbox 2748 1040 2904 1095; x_wconf 91' lang='lat' dir='ltr'><strong>unius</strong></span> <span class='ocrx_word' id='word_1_170' title='bbox 2955 1041 3264 1096; x_wconf 75' lang='lat' dir='ltr'><strong>substantia:</strong></span> <span class='ocrx_word' id='word_1_171' title='bbox 3288 1043 3764 1100; x_wconf 82' lang='lat' dir='ltr'><strong>deitasiueffabilis</strong></span> 
     </span>
    </p>
   </div>
   <div class='ocr_carea' id='block_1_27' title="bbox 2176 1128 3764 1203">
    <p class='ocr_par' dir='ltr' id='par_1_27' title="bbox 2176 1128 3764 1203">
     <span class='ocr_line' id='line_1_27' title="bbox 2176 1128 3764 1203; baseline 0.005 -20"><span class='ocrx_word' id='word_1_172' title='bbox 2176 1128 2407 1183; x_wconf 88' lang='lat' dir='ltr'><strong>clareat:</strong></span> <span class='ocrx_word' id='word_1_173' title='bbox 2434 1129 2575 1184; x_wconf 87' lang='lat' dir='ltr'><strong>unde</strong></span> <span class='ocrx_word' id='word_1_174' title='bbox 2599 1138 2654 1184; x_wconf 90' lang='lat' dir='ltr'><strong>et</strong></span> <span class='ocrx_word' id='word_1_175' title='bbox 2677 1130 2869 1185; x_wconf 77' lang='lat' dir='ltr'><strong>ductor</strong></span> <span class='ocrx_word' id='word_1_176' title='bbox 2893 1131 3131 1199; x_wconf 86' lang='lat' dir='ltr'><strong>gentium</strong></span> <span class='ocrx_word' id='word_1_177' title='bbox 3155 1147 3378 1188; x_wconf 92' lang='lat' dir='ltr'><strong>currens</strong></span> <span class='ocrx_word' id='word_1_178' title='bbox 3408 1150 3504 1203; x_wconf 89' lang='lat' dir='ltr'><strong>per</strong></span> <span class='ocrx_word' id='word_1_179' title='bbox 3526 1137 3764 1203; x_wconf 80' lang='lat' dir='ltr'><strong>magistri</strong></span> 
     </span>
    </p>
   </div>
   <div class='ocr_carea' id='block_1_28' title="bbox 2176 1218 3762 1293">
    <p class='ocr_par' dir='ltr' id='par_1_28' title="bbox 2176 1218 3762 1293">
     <span class='ocr_line' id='line_1_28' title="bbox 2176 1218 3762 1293; baseline 0.006 -23"><span class='ocrx_word' id='word_1_180' title='bbox 2176 1218 2419 1287; x_wconf 86' lang='lat' dir='ltr'><strong>vestigia,</strong></span> <span class='ocrx_word' id='word_1_181' title='bbox 2451 1219 2534 1273; x_wconf 85' lang='lat' dir='ltr'><strong>his</strong></span> <span class='ocrx_word' id='word_1_182' title='bbox 2560 1219 2739 1274; x_wconf 79' lang='lat' dir='ltr'><strong>verbis</strong></span> <span class='ocrx_word' id='word_1_183' title='bbox 2786 1220 3066 1274; x_wconf 91' lang='lat' dir='ltr'><strong>enuntiat:</strong></span> <span class='ocrx_word' id='word_1_184' title='bbox 3104 1219 3248 1276; x_wconf 86' lang='lat' dir='ltr'><strong>Unus</strong></span> <span class='ocrx_word' id='word_1_185' title='bbox 3287 1220 3450 1289; x_wconf 88' lang='lat' dir='ltr'><strong>Deus,</strong></span> <span class='ocrx_word' id='word_1_186' title='bbox 3479 1240 3584 1276; x_wconf 88' lang='lat' dir='ltr'><strong>una</strong></span> <span class='ocrx_word' id='word_1_187' title='bbox 3610 1226 3762 1293; x_wconf 79' lang='lat' dir='ltr'><strong>ﬁdes,</strong></span> 
     </span>
    </p>
   </div>
   <div class='ocr_carea' id='block_1_29' title="bbox 2174 1313 3765 1387">
    <p class='ocr_par' dir='ltr' id='par_1_29' title="bbox 2174 1313 3765 1387">
     <span class='ocr_line' id='line_1_29' title="bbox 2174 1313 3765 1387; baseline 0.004 -20"><span class='ocrx_word' id='word_1_188' title='bbox 2174 1331 2329 1368; x_wconf 90' lang='lat' dir='ltr'><strong>unum</strong></span> <span class='ocrx_word' id='word_1_189' title='bbox 2378 1315 2652 1385; x_wconf 88' lang='lat' dir='ltr'><strong>baptisma.</strong></span> <span class='ocrx_word' id='word_1_190' title='bbox 2699 1313 2858 1370; x_wconf 83' lang='lat' dir='ltr'><strong>Clare</strong></span> <span class='ocrx_word' id='word_1_191' title='bbox 2910 1315 3189 1386; x_wconf 89' lang='lat' dir='ltr'><strong>lucideque</strong></span> <span class='ocrx_word' id='word_1_192' title='bbox 3236 1318 3564 1387; x_wconf 90' lang='lat' dir='ltr'><strong>permonuit,</strong></span> <span class='ocrx_word' id='word_1_193' title='bbox 3606 1335 3765 1373; x_wconf 88' lang='lat' dir='ltr'><strong>unam</strong></span> 
     </span>
    </p>
   </div>
   <div class='ocr_carea' id='block_1_30' title="bbox 2174 1405 3768 1478">
    <p class='ocr_par' dir='ltr' id='par_1_30' title="bbox 2174 1405 3768 1478">
     <span class='ocr_line' id='line_1_30' title="bbox 2174 1405 3768 1478; baseline 0.001 -17"><span class='ocrx_word' id='word_1_194' title='bbox 2174 1407 2240 1461; x_wconf 89' lang='lat' dir='ltr'><strong>ad</strong></span> <span class='ocrx_word' id='word_1_195' title='bbox 2259 1405 2460 1460; x_wconf 83' lang='lat' dir='ltr'><strong>cultum</strong></span> <span class='ocrx_word' id='word_1_196' title='bbox 2483 1407 2844 1462; x_wconf 85' lang='lat' dir='ltr'><strong>venerationis</strong></span> <span class='ocrx_word' id='word_1_197' title='bbox 2856 1422 2977 1463; x_wconf 90' lang='lat' dir='ltr'><strong>esse</strong></span> <span class='ocrx_word' id='word_1_198' title='bbox 2995 1406 3388 1463; x_wconf 78' lang='lat' dir='ltr'><strong>confessionem</strong></span> <span class='ocrx_word' id='word_1_199' title='bbox 3406 1410 3768 1478; x_wconf 82' lang='lat' dir='ltr'><strong>credentium,</strong></span> 
     </span>
    </p>
   </div>
   <div class='ocr_carea' id='block_1_31' title="bbox 2173 1497 3765 1572">
    <p class='ocr_par' dir='ltr' id='par_1_31' title="bbox 2173 1497 3765 1572">
     <span class='ocr_line' id='line_1_31' title="bbox 2173 1497 3765 1572; baseline 0.003 -22"><span class='ocrx_word' id='word_1_200' title='bbox 2173 1513 2330 1567; x_wconf 89' lang='lat' dir='ltr'><strong>quam</strong></span> <span class='ocrx_word' id='word_1_201' title='bbox 2349 1502 2551 1569; x_wconf 67' lang='lat' dir='ltr'><strong>sequax</strong></span> <span class='ocrx_word' id='word_1_202' title='bbox 2578 1497 2818 1553; x_wconf 78' lang='lat' dir='ltr'><strong>Ecclesia</strong></span> <span class='ocrx_word' id='word_1_203' title='bbox 2847 1499 2913 1554; x_wconf 91' lang='lat' dir='ltr'><strong>ab</strong></span> <span class='ocrx_word' id='word_1_204' title='bbox 2944 1501 3205 1572; x_wconf 86' lang='lat' dir='ltr'><strong>apostolis</strong></span> <span class='ocrx_word' id='word_1_205' title='bbox 3234 1502 3486 1556; x_wconf 89' lang='lat' dir='ltr'><strong>traditam</strong></span> <span class='ocrx_word' id='word_1_206' title='bbox 3522 1502 3765 1557; x_wconf 78' lang='lat' dir='ltr'><strong>Romana</strong></span> 
     </span>
    </p>
   </div>
   <div class='ocr_carea' id='block_1_32' title="bbox 2175 1592 3767 1664">
    <p class='ocr_par' dir='ltr' id='par_1_32' title="bbox 2175 1592 3767 1664">
     <span class='ocr_line' id='line_1_32' title="bbox 2175 1592 3767 1664; baseline 0.001 -17"><span class='ocrx_word' id='word_1_207' title='bbox 2175 1592 2432 1661; x_wconf 87' lang='lat' dir='ltr'><strong>suscepit,</strong></span> <span class='ocrx_word' id='word_1_208' title='bbox 2464 1599 2520 1648; x_wconf 89' lang='lat' dir='ltr'><strong>et</strong></span> <span class='ocrx_word' id='word_1_209' title='bbox 2546 1600 2695 1647; x_wconf 88' lang='lat' dir='ltr'><strong>recte</strong></span> <span class='ocrx_word' id='word_1_210' title='bbox 2722 1594 3050 1661; x_wconf 89' lang='lat' dir='ltr'><strong>petentibus,</strong></span> <span class='ocrx_word' id='word_1_211' title='bbox 3082 1594 3461 1649; x_wconf 80' lang='lat' dir='ltr'><strong>tnereticorum</strong></span> <span class='ocrx_word' id='word_1_212' title='bbox 3491 1597 3767 1664; x_wconf 75' lang='lat' dir='ltr'><strong>segetibus</strong></span> 
     </span>
    </p>
   </div>
   <div class='ocr_carea' id='block_1_33' title="bbox 485 1679 3768 1754">
    <p class='ocr_par' dir='ltr' id='par_1_33' title="bbox 485 1679 3768 1754">
     <span class='ocr_line' id='line_1_33' title="bbox 485 1679 3768 1754; baseline 0.002 -21"><span class='ocrx_word' id='word_1_213' title='bbox 485 1685 719 1738; x_wconf 69' lang='lat' dir='ltr'><strong>ostendit</strong></span> <span class='ocrx_word' id='word_1_214' title='bbox 750 1685 869 1739; x_wconf 88' lang='lat' dir='ltr'><strong>lidei</strong></span> <span class='ocrx_word' id='word_1_215' title='bbox 895 1686 1215 1739; x_wconf 88' lang='lat' dir='ltr'><strong>documenta</strong></span> <span class='ocrx_word' id='word_1_216' title='bbox 1236 1685 1566 1754; x_wconf 88' lang='lat' dir='ltr'><strong>simplicibus</strong></span> <span class='ocrx_word' id='word_1_217' title='bbox 1597 1685 1772 1740; x_wconf 88' lang='lat' dir='ltr'><strong>verbis</strong></span> <span class='ocrx_word' id='word_1_218' title='bbox 1800 1700 2063 1751; x_wconf 88' lang='lat' dir='ltr'><strong>asserere,</strong></span> <span class='ocrx_word' id='word_1_219' title='bbox 2097 1679 2141 1739; x_wconf 81' lang='grc' dir='ltr'><strong><em>Β</em></strong></span> <span class='ocrx_word' id='word_1_220' title='bbox 2172 1682 2514 1753; x_wconf 79' lang='lat' dir='ltr'><strong>exstirpatis,</strong></span> <span class='ocrx_word' id='word_1_221' title='bbox 2543 1683 2803 1738; x_wconf 87' lang='lat' dir='ltr'><strong>maternis</strong></span> <span class='ocrx_word' id='word_1_222' title='bbox 2855 1682 3137 1739; x_wconf 72' lang='lat' dir='ltr'><strong>affectibus</strong></span> <span class='ocrx_word' id='word_1_223' title='bbox 3181 1683 3415 1738; x_wconf 88' lang='lat' dir='ltr'><strong>tradidit.</strong></span> <span class='ocrx_word' id='word_1_224' title='bbox 3470 1683 3665 1739; x_wconf 90' lang='lat' dir='ltr'><strong>Patent</strong></span> <span class='ocrx_word' id='word_1_225' title='bbox 3716 1697 3768 1741; x_wconf 88' lang='lat' dir='ltr'><strong>et</strong></span> 
     </span>
    </p>
   </div>
   <div class='ocr_carea' id='block_1_34' title="bbox 484 1775 2062 1847">
    <p class='ocr_par' dir='ltr' id='par_1_34' title="bbox 484 1775 2062 1847">
     <span class='ocr_line' id='line_1_34' title="bbox 484 1775 2062 1847; baseline 0.007 -23"><span class='ocrx_word' id='word_1_226' title='bbox 484 1776 838 1831; x_wconf 69' lang='lat' dir='ltr'><strong>«.rthodoxam</strong></span> <span class='ocrx_word' id='word_1_227' title='bbox 860 1776 1073 1846; x_wconf 90' lang='lat' dir='ltr'><strong>eloquio</strong></span> <span class='ocrx_word' id='word_1_228' title='bbox 1104 1776 1302 1831; x_wconf 85' lang='lat' dir='ltr'><strong>usitato</strong></span> <span class='ocrx_word' id='word_1_229' title='bbox 1324 1775 1709 1847; x_wconf 86' lang='lat' dir='ltr'><strong>professionem</strong></span> <span class='ocrx_word' id='word_1_230' title='bbox 1740 1787 2062 1846; x_wconf 85' lang='lat' dir='ltr'><strong>monstrare,</strong></span> 
     </span>
    </p>
   </div>
   <div class='ocr_carea' id='block_1_35' title="bbox 483 1867 2065 1937">
    <p class='ocr_par' dir='ltr' id='par_1_35' title="bbox 483 1867 2065 1937">
     <span class='ocr_line' id='line_1_35' title="bbox 483 1867 2065 1937; baseline 0.001 -15"><span class='ocrx_word' id='word_1_231' title='bbox 483 1868 605 1923; x_wconf 89' lang='lat' dir='ltr'><strong>inde</strong></span> <span class='ocrx_word' id='word_1_232' title='bbox 632 1868 729 1923; x_wconf 84' lang='lat' dir='ltr'><strong>fuit</strong></span> <span class='ocrx_word' id='word_1_233' title='bbox 748 1868 1022 1924; x_wconf 78' lang='lat' dir='ltr'><strong>szncularia</strong></span> <span class='ocrx_word' id='word_1_234' title='bbox 1046 1869 1222 1924; x_wconf 88' lang='lat' dir='ltr'><strong>studia</strong></span> <span class='ocrx_word' id='word_1_235' title='bbox 1252 1870 1547 1926; x_wconf 90' lang='lat' dir='ltr'><strong>litterarum</strong></span> <span class='ocrx_word' id='word_1_236' title='bbox 1589 1886 1861 1937; x_wconf 85' lang='lat' dir='ltr'><strong>amovere,</strong></span> <span class='ocrx_word' id='word_1_237' title='bbox 1886 1867 2065 1927; x_wconf 81' lang='lat' dir='ltr'><strong>accla-</strong></span> 
     </span>
    </p>
   </div>
   <div class='ocr_carea' id='block_1_36' title="bbox 482 1948 2067 2034">
    <p class='ocr_par' dir='ltr' id='par_1_36' title="bbox 482 1948 2067 2034">
     <span class='ocr_line' id='line_1_36' title="bbox 482 1948 2067 2034; baseline 0.005 -21"><span class='ocrx_word' id='word_1_238' title='bbox 482 1962 851 2031; x_wconf 87' lang='lat' dir='ltr'><strong>mationesque</strong></span> <span class='ocrx_word' id='word_1_239' title='bbox 879 1963 1152 2032; x_wconf 80' lang='lat' dir='ltr'><strong>gentilium</strong></span> <span class='ocrx_word' id='word_1_240' title='bbox 1186 1979 1524 2034; x_wconf 86' lang='lat' dir='ltr'><strong>nequaquam</strong></span> <span class='ocrx_word' id='word_1_241' title='bbox 1568 1965 1621 2020; x_wconf 90' lang='lat' dir='ltr'><strong>in</strong></span> <span class='ocrx_word' id='word_1_242' title='bbox 1657 1966 1767 2020; x_wconf 90' lang='lat' dir='ltr'><strong>suis</strong></span> <span class='ocrx_word' id='word_1_243' title='bbox 1796 1948 2067 2022; x_wconf 87' lang='lat' dir='ltr'><strong>erroribus</strong></span> 
     </span>
    </p>
   </div>
   <div class='ocr_carea' id='block_1_37' title="bbox 480 2053 2066 2126">
    <p class='ocr_par' dir='ltr' id='par_1_37' title="bbox 480 2053 2066 2126">
     <span class='ocr_line' id='line_1_37' title="bbox 480 2053 2066 2126; baseline 0.004 -20"><span class='ocrx_word' id='word_1_244' title='bbox 480 2068 824 2109; x_wconf 81' lang='lat' dir='ltr'><strong>conservare.</strong></span> <span class='ocrx_word' id='word_1_245' title='bbox 866 2053 972 2109; x_wconf 90' lang='lat' dir='ltr'><strong>Sed</strong></span> <span class='ocrx_word' id='word_1_246' title='bbox 1026 2055 1232 2110; x_wconf 72' lang='lat' dir='ltr'><strong>caelein</strong></span> <span class='ocrx_word' id='word_1_247' title='bbox 1277 2056 1619 2111; x_wconf 82' lang='lat' dir='ltr'><strong>bibliothecae</strong></span> <span class='ocrx_word' id='word_1_248' title='bbox 1670 2057 2066 2126; x_wconf 90' lang='lat' dir='ltr'><strong>resplendentia</strong></span> 
     </span>
    </p>
   </div>
   <div class='ocr_carea' id='block_1_38' title="bbox 478 2146 2065 2220">
    <p class='ocr_par' dir='ltr' id='par_1_38' title="bbox 478 2146 2065 2220">
     <span class='ocr_line' id='line_1_38' title="bbox 478 2146 2065 2220; baseline 0.006 -24"><span class='ocrx_word' id='word_1_249' title='bbox 478 2146 711 2214; x_wconf 85' lang='lat' dir='ltr'><strong>quadam</strong></span> <span class='ocrx_word' id='word_1_250' title='bbox 757 2147 1006 2216; x_wconf 84' lang='lat' dir='ltr'><strong>exempla</strong></span> <span class='ocrx_word' id='word_1_251' title='bbox 1056 2147 1362 2213; x_wconf 90' lang='lat' dir='ltr'><strong>libavimus,</strong></span> <span class='ocrx_word' id='word_1_252' title='bbox 1396 2149 1870 2220; x_wconf 88' lang='lat' dir='ltr'><strong>institutionesque</strong></span> <span class='ocrx_word' id='word_1_253' title='bbox 1932 2150 2065 2205; x_wconf 82' lang='lat' dir='ltr'><strong>fide—</strong></span> 
     </span>
    </p>
   </div>
   <div class='ocr_carea' id='block_1_39' title="bbox 482 2238 2068 2310">
    <p class='ocr_par' dir='ltr' id='par_1_39' title="bbox 482 2238 2068 2310">
     <span class='ocr_line' id='line_1_39' title="bbox 482 2238 2068 2310; baseline 0.004 -19"><span class='ocrx_word' id='word_1_254' title='bbox 482 2241 608 2291; x_wconf 86' lang='lat' dir='ltr'><strong>lium</strong></span> <span class='ocrx_word' id='word_1_255' title='bbox 660 2247 1010 2307; x_wconf 89' lang='lat' dir='ltr'><strong>paternorum</strong></span> <span class='ocrx_word' id='word_1_256' title='bbox 1062 2254 1332 2294; x_wconf 79' lang='lat' dir='ltr'><strong>connexas</strong></span> <span class='ocrx_word' id='word_1_257' title='bbox 1383 2238 1577 2295; x_wconf 83' lang='lat' dir='ltr'><strong>tabella</strong></span> <span class='ocrx_word' id='word_1_258' title='bbox 1632 2243 1955 2310; x_wconf 87' lang='lat' dir='ltr'><strong>notavimus,</strong></span> <span class='ocrx_word' id='word_1_259' title='bbox 2010 2252 2068 2297; x_wconf 91' lang='lat' dir='ltr'><strong>ut</strong></span> 
     </span>
    </p>
   </div>
   <div class='ocr_carea' id='block_1_40' title="bbox 481 2328 2064 2405">
    <p class='ocr_par' dir='ltr' id='par_1_40' title="bbox 481 2328 2064 2405">
     <span class='ocr_line' id='line_1_40' title="bbox 481 2328 2064 2405; baseline 0.007 -25"><span class='ocrx_word' id='word_1_260' title='bbox 481 2332 750 2385; x_wconf 80' lang='lat' dir='ltr'><strong>uictorum</strong></span> <span class='ocrx_word' id='word_1_261' title='bbox 778 2328 915 2385; x_wconf 89' lang='lat' dir='ltr'><strong>fides</strong></span> <span class='ocrx_word' id='word_1_262' title='bbox 942 2333 1235 2387; x_wconf 90' lang='lat' dir='ltr'><strong>auctoritas</strong></span> <span class='ocrx_word' id='word_1_263' title='bbox 1261 2332 1462 2388; x_wconf 91' lang='lat' dir='ltr'><strong>illibata</strong></span> <span class='ocrx_word' id='word_1_264' title='bbox 1491 2333 1716 2404; x_wconf 86' lang='lat' dir='ltr'><strong>cfliciat,</strong></span> <span class='ocrx_word' id='word_1_265' title='bbox 1754 2345 1810 2390; x_wconf 91' lang='lat' dir='ltr'><strong>et</strong></span> <span class='ocrx_word' id='word_1_266' title='bbox 1842 2345 2064 2405; x_wconf 89' lang='lat' dir='ltr'><strong>aposto-</strong></span> 
     </span>
    </p>
   </div>
   <div class='ocr_carea' id='block_1_41' title="bbox 465 2422 2067 2496">
    <p class='ocr_par' dir='ltr' id='par_1_41' title="bbox 465 2422 2067 2496">
     <span class='ocr_line' id='line_1_41' title="bbox 465 2422 2067 2496; baseline 0.004 -21"><span class='ocrx_word' id='word_1_267' title='bbox 465 2424 582 2496; x_wconf 75' lang='lat' dir='ltr'><strong>lica</strong></span> <span class='ocrx_word' id='word_1_268' title='bbox 605 2422 788 2490; x_wconf 86' lang='lat' dir='ltr'><strong>regula</strong></span> <span class='ocrx_word' id='word_1_269' title='bbox 819 2438 849 2475; x_wconf 86' lang='lat' dir='ltr'><strong>a</strong></span> <span class='ocrx_word' id='word_1_270' title='bbox 879 2423 1118 2491; x_wconf 89' lang='lat' dir='ltr'><strong>patribus</strong></span> <span class='ocrx_word' id='word_1_271' title='bbox 1147 2423 1338 2478; x_wconf 90' lang='lat' dir='ltr'><strong>tradita</strong></span> <span class='ocrx_word' id='word_1_272' title='bbox 1385 2425 1545 2480; x_wconf 89' lang='lat' dir='ltr'><strong>nullis</strong></span> <span class='ocrx_word' id='word_1_273' title='bbox 1575 2424 1775 2481; x_wconf 88' lang='lat' dir='ltr'><strong>fuscata</strong></span> <span class='ocrx_word' id='word_1_274' title='bbox 1831 2427 2067 2483; x_wconf 88' lang='lat' dir='ltr'><strong>tenebris</strong></span> 
     </span>
    </p>
   </div>
   <div class='ocr_carea' id='block_1_42' title="bbox 481 2512 2063 2585">
    <p class='ocr_par' dir='ltr' id='par_1_42' title="bbox 481 2512 2063 2585">
     <span class='ocr_line' id='line_1_42' title="bbox 481 2512 2063 2585; baseline 0.004 -19"><span class='ocrx_word' id='word_1_275' title='bbox 481 2515 545 2566; x_wconf 86' lang='lat' dir='ltr'><strong>ad</strong></span> <span class='ocrx_word' id='word_1_276' title='bbox 575 2530 663 2569; x_wconf 91' lang='lat' dir='ltr'><strong>vos</strong></span> <span class='ocrx_word' id='word_1_277' title='bbox 693 2529 860 2583; x_wconf 87' lang='lat' dir='ltr'><strong>usque</strong></span> <span class='ocrx_word' id='word_1_278' title='bbox 890 2514 1187 2583; x_wconf 83' lang='lat' dir='ltr'><strong>perveniat.</strong></span> <span class='ocrx_word' id='word_1_279' title='bbox 1224 2512 1323 2578; x_wconf 85' lang='lat' dir='ltr'><strong>Qui</strong></span> <span class='ocrx_word' id='word_1_280' title='bbox 1349 2518 1631 2585; x_wconf 81' lang='lat' dir='ltr'><strong>confessus,</strong></span> <span class='ocrx_word' id='word_1_281' title='bbox 1663 2517 1738 2570; x_wconf 89' lang='lat' dir='ltr'><strong>ait</strong></span> <span class='ocrx_word' id='word_1_282' title='bbox 1785 2516 2063 2583; x_wconf 87' lang='lat' dir='ltr'><strong>Dominus,</strong></span> 
     </span>
    </p>
   </div>
   <div class='ocr_carea' id='block_1_43' title="bbox 482 2606 2065 2678">
    <p class='ocr_par' dir='ltr' id='par_1_43' title="bbox 482 2606 2065 2678">
     <span class='ocr_line' id='line_1_43' title="bbox 482 2606 2065 2678; baseline 0.004 -22"><span class='ocrx_word' id='word_1_283' title='bbox 482 2622 560 2659; x_wconf 89' lang='lat' dir='ltr'><strong>me</strong></span> <span class='ocrx_word' id='word_1_284' title='bbox 582 2606 592 2613; x_wconf 80' lang='grc'><em>’</em></span> <span class='ocrx_word' id='word_1_285' title='bbox 612 2606 764 2675; x_wconf 66' lang='lat' dir='ltr'><strong>fuerit</strong></span> <span class='ocrx_word' id='word_1_286' title='bbox 810 2621 985 2659; x_wconf 80' lang='lat' dir='ltr'><strong>coram</strong></span> <span class='ocrx_word' id='word_1_287' title='bbox 1016 2606 1305 2659; x_wconf 80' lang='lat' dir='ltr'><strong>hominibus</strong></span> <span class='ocrx_word' id='word_1_288' title='bbox 1328 2647 1343 2672; x_wconf 92' lang='lat'><strong>,</strong></span> <span class='ocrx_word' id='word_1_289' title='bbox 1376 2607 1659 2677; x_wconf 81' lang='lat' dir='ltr'><strong>conﬁtebor</strong></span> <span class='ocrx_word' id='word_1_290' title='bbox 1706 2618 1755 2661; x_wconf 85' lang='lat' dir='ltr'><strong>et</strong></span> <span class='ocrx_word' id='word_1_291' title='bbox 1781 2624 1875 2678; x_wconf 88' lang='lat' dir='ltr'><strong>ego</strong></span> <span class='ocrx_word' id='word_1_292' title='bbox 1918 2609 2065 2663; x_wconf 85' lang='lat' dir='ltr'><strong>illum</strong></span> 
     </span>
    </p>
   </div>
   <div class='ocr_carea' id='block_1_44' title="bbox 481 2697 2064 2771">
    <p class='ocr_par' dir='ltr' id='par_1_44' title="bbox 481 2697 2064 2771">
     <span class='ocr_line' id='line_1_44' title="bbox 481 2697 2064 2771; baseline 0.003 -21"><span class='ocrx_word' id='word_1_293' title='bbox 481 2714 653 2752; x_wconf 84' lang='lat' dir='ltr'><strong>coram</strong></span> <span class='ocrx_word' id='word_1_294' title='bbox 690 2697 849 2752; x_wconf 83' lang='lat' dir='ltr'><strong>Patre</strong></span> <span class='ocrx_word' id='word_1_295' title='bbox 878 2713 988 2751; x_wconf 93' lang='lat' dir='ltr'><strong>meo</strong></span> <span class='ocrx_word' id='word_1_296' title='bbox 1016 2699 1101 2768; x_wconf 83' lang='lat' dir='ltr'><strong>qui</strong></span> <span class='ocrx_word' id='word_1_297' title='bbox 1128 2700 1275 2752; x_wconf 81' lang='lat' dir='ltr'><strong>estin</strong></span> <span class='ocrx_word' id='word_1_298' title='bbox 1324 2698 1481 2753; x_wconf 68' lang='lat' dir='ltr'><strong>caelis.</strong></span> <span class='ocrx_word' id='word_1_299' title='bbox 1523 2698 1589 2752; x_wconf 86' lang='lat' dir='ltr'><strong>Et</strong></span> <span class='ocrx_word' id='word_1_300' title='bbox 1624 2716 1637 2751; x_wconf 91' lang='lat'><strong>:</strong></span> <span class='ocrx_word' id='word_1_301' title='bbox 1672 2697 1772 2762; x_wconf 80' lang='lat' dir='ltr'><strong>Qui</strong></span> <span class='ocrx_word' id='word_1_302' title='bbox 1802 2702 2064 2771; x_wconf 81' lang='lat' dir='ltr'><strong>negaverit</strong></span> 
     </span>
    </p>
   </div>
   <div class='ocr_carea' id='block_1_45' title="bbox 481 2786 2064 2859">
    <p class='ocr_par' dir='ltr' id='par_1_45' title="bbox 481 2786 2064 2859">
     <span class='ocr_line' id='line_1_45' title="bbox 481 2786 2064 2859; baseline 0.001 -18"><span class='ocrx_word' id='word_1_303' title='bbox 481 2805 559 2842; x_wconf 87' lang='lat' dir='ltr'><strong>me</strong></span> <span class='ocrx_word' id='word_1_304' title='bbox 585 2804 758 2843; x_wconf 85' lang='lat' dir='ltr'><strong>coram</strong></span> <span class='ocrx_word' id='word_1_305' title='bbox 789 2788 1100 2852; x_wconf 83' lang='lat' dir='ltr'><strong>hominibus,</strong></span> <span class='ocrx_word' id='word_1_306' title='bbox 1127 2786 1323 2859; x_wconf 82' lang='lat' dir='ltr'><strong>negabo</strong></span> <span class='ocrx_word' id='word_1_307' title='bbox 1346 2797 1395 2842; x_wconf 89' lang='lat' dir='ltr'><strong>et</strong></span> <span class='ocrx_word' id='word_1_308' title='bbox 1419 2805 1513 2857; x_wconf 84' lang='lat' dir='ltr'><strong>ego</strong></span> <span class='ocrx_word' id='word_1_309' title='bbox 1540 2804 1653 2841; x_wconf 85' lang='lat' dir='ltr'><strong>eum</strong></span> <span class='ocrx_word' id='word_1_310' title='bbox 1681 2803 1857 2842; x_wconf 87' lang='lat' dir='ltr'><strong>coram</strong></span> <span class='ocrx_word' id='word_1_311' title='bbox 1904 2789 2064 2843; x_wconf 80' lang='lat' dir='ltr'><strong>Patre</strong></span> 
     </span>
    </p>
   </div>
   <div class='ocr_carea' id='block_1_46' title="bbox 480 2880 2060 2951">
    <p class='ocr_par' dir='ltr' id='par_1_46' title="bbox 480 2880 2060 2951">
     <span class='ocr_line' id='line_1_46' title="bbox 480 2880 2060 2951; baseline 0.003 -18"><span class='ocrx_word' id='word_1_312' title='bbox 480 2898 590 2936; x_wconf 86' lang='lat' dir='ltr'><strong>meo</strong></span> <span class='ocrx_word' id='word_1_313' title='bbox 631 2882 716 2951; x_wconf 88' lang='lat' dir='ltr'><strong>qui</strong></span> <span class='ocrx_word' id='word_1_314' title='bbox 747 2890 824 2934; x_wconf 86' lang='lat' dir='ltr'><strong>est</strong></span> <span class='ocrx_word' id='word_1_315' title='bbox 870 2881 923 2933; x_wconf 90' lang='lat' dir='ltr'><strong>in</strong></span> <span class='ocrx_word' id='word_1_316' title='bbox 970 2880 1131 2934; x_wconf 73' lang='lat' dir='ltr'><strong>cwlis.</strong></span> <span class='ocrx_word' id='word_1_317' title='bbox 1164 2881 1269 2935; x_wconf 89' lang='lat' dir='ltr'><strong>Sed</strong></span> <span class='ocrx_word' id='word_1_318' title='bbox 1298 2881 1419 2934; x_wconf 81' lang='lat' dir='ltr'><strong>talis</strong></span> <span class='ocrx_word' id='word_1_319' title='bbox 1448 2881 1607 2935; x_wconf 87' lang='lat' dir='ltr'><strong>debet</strong></span> <span class='ocrx_word' id='word_1_320' title='bbox 1646 2896 1764 2936; x_wconf 87' lang='lat' dir='ltr'><strong>esse</strong></span> <span class='ocrx_word' id='word_1_321' title='bbox 1790 2880 2060 2937; x_wconf 82' lang='lat' dir='ltr'><strong>confessio</strong></span> 
     </span>
    </p>
   </div>
   <div class='ocr_carea' id='block_1_47' title="bbox 480 2972 2055 3044">
    <p class='ocr_par' dir='ltr' id='par_1_47' title="bbox 480 2972 2055 3044">
     <span class='ocr_line' id='line_1_47' title="bbox 480 2972 2055 3044; baseline 0.003 -22"><span class='ocrx_word' id='word_1_322' title='bbox 480 2986 597 3036; x_wconf 60' lang='lat' dir='ltr'><strong>quae</strong></span> <span class='ocrx_word' id='word_1_323' title='bbox 631 2981 681 3025; x_wconf 90' lang='lat' dir='ltr'><strong>te</strong></span> <span class='ocrx_word' id='word_1_324' title='bbox 731 2979 1057 3040; x_wconf 83' lang='lat' dir='ltr'><strong>gentemque</strong></span> <span class='ocrx_word' id='word_1_325' title='bbox 1105 2978 1254 3025; x_wconf 89' lang='lat' dir='ltr'><strong>tuam</strong></span> <span class='ocrx_word' id='word_1_326' title='bbox 1302 2972 1668 3040; x_wconf 89' lang='lat' dir='ltr'><strong>apostolorum</strong></span> <span class='ocrx_word' id='word_1_327' title='bbox 1706 2973 2055 3044; x_wconf 88' lang='lat' dir='ltr'><strong>sequipedam</strong></span> 
     </span>
    </p>
   </div>
   <div class='ocr_carea' id='block_1_48' title="bbox 2172 1776 3767 1847">
    <p class='ocr_par' dir='ltr' id='par_1_48' title="bbox 2172 1776 3767 1847">
     <span class='ocr_line' id='line_1_48' title="bbox 2172 1776 3767 1847; baseline 0.002 -18"><span class='ocrx_word' id='word_1_328' title='bbox 2172 1776 2275 1829; x_wconf 89' lang='lat' dir='ltr'><strong>alia</strong></span> <span class='ocrx_word' id='word_1_329' title='bbox 2329 1790 2424 1845; x_wconf 90' lang='lat' dir='ltr'><strong>per</strong></span> <span class='ocrx_word' id='word_1_330' title='bbox 2474 1790 2696 1846; x_wconf 90' lang='lat' dir='ltr'><strong>campos</strong></span> <span class='ocrx_word' id='word_1_331' title='bbox 2738 1776 2937 1830; x_wconf 84' lang='lat' dir='ltr'><strong>divinae</strong></span> <span class='ocrx_word' id='word_1_332' title='bbox 2981 1776 3113 1844; x_wconf 88' lang='lat' dir='ltr'><strong>legis</strong></span> <span class='ocrx_word' id='word_1_333' title='bbox 3172 1776 3499 1842; x_wconf 74' lang='lat' dir='ltr'><strong>tesﬁmooia,</strong></span> <span class='ocrx_word' id='word_1_334' title='bbox 3552 1779 3767 1847; x_wconf 77' lang='lat' dir='ltr'><strong>copiose</strong></span> 
     </span>
    </p>
   </div>
   <div class='ocr_carea' id='block_1_49' title="bbox 2172 1852 3767 1937">
    <p class='ocr_par' dir='ltr' id='par_1_49' title="bbox 2172 1852 3767 1937">
     <span class='ocr_line' id='line_1_49' title="bbox 2172 1852 3767 1937; baseline 0.003 -19"><span class='ocrx_word' id='word_1_335' title='bbox 2172 1867 2439 1935; x_wconf 86' lang='lat' dir='ltr'><strong>llorigera,</strong></span> <span class='ocrx_word' id='word_1_336' title='bbox 2467 1882 2585 1937; x_wconf 74' lang='lat' dir='ltr'><strong>qua:</strong></span> <span class='ocrx_word' id='word_1_337' title='bbox 2615 1869 2758 1923; x_wconf 91' lang='lat' dir='ltr'><strong>sicut</strong></span> <span class='ocrx_word' id='word_1_338' title='bbox 2783 1852 2961 1923; x_wconf 65' lang='lat' dir='ltr'><strong>Elaves</strong></span> <span class='ocrx_word' id='word_1_339' title='bbox 3002 1869 3082 1923; x_wconf 81' lang='lat' dir='ltr'><strong>vel</strong></span> <span class='ocrx_word' id='word_1_340' title='bbox 3114 1869 3396 1923; x_wconf 86' lang='lat' dir='ltr'><strong>luminaria</strong></span> <span class='ocrx_word' id='word_1_341' title='bbox 3431 1870 3666 1923; x_wconf 80' lang='lat' dir='ltr'><strong>obscura</strong></span> <span class='ocrx_word' id='word_1_342' title='bbox 3690 1870 3767 1924; x_wconf 84' lang='lat' dir='ltr'><strong>di-</strong></span> 
     </span>
    </p>
   </div>
   <div class='ocr_carea' id='block_1_50' title="bbox 2170 1958 3770 2031">
    <p class='ocr_par' dir='ltr' id='par_1_50' title="bbox 2170 1958 3770 2031">
     <span class='ocr_line' id='line_1_50' title="bbox 2170 1958 3770 2031; baseline 0.002 -19"><span class='ocrx_word' id='word_1_343' title='bbox 2170 1958 2407 2013; x_wconf 89' lang='lat' dir='ltr'><strong>lucidant</strong></span> <span class='ocrx_word' id='word_1_344' title='bbox 2431 1966 2486 2013; x_wconf 92' lang='lat' dir='ltr'><strong>et</strong></span> <span class='ocrx_word' id='word_1_345' title='bbox 2516 1959 2841 2029; x_wconf 78' lang='lat' dir='ltr'><strong>patefacient</strong></span> <span class='ocrx_word' id='word_1_346' title='bbox 2868 1959 3134 2015; x_wconf 87' lang='lat' dir='ltr'><strong>obserata.</strong></span> <span class='ocrx_word' id='word_1_347' title='bbox 3172 1959 3380 2015; x_wconf 83' lang='lat' dir='ltr'><strong>[nterea</strong></span> <span class='ocrx_word' id='word_1_348' title='bbox 3409 1976 3531 2029; x_wconf 75' lang='lat' dir='ltr'><strong>qua:</strong></span> <span class='ocrx_word' id='word_1_349' title='bbox 3553 1962 3621 2015; x_wconf 87' lang='lat' dir='ltr'><strong>ad</strong></span> <span class='ocrx_word' id='word_1_350' title='bbox 3647 1977 3770 2031; x_wconf 86' lang='lat' dir='ltr'><strong>per-</strong></span> 
     </span>
    </p>
   </div>
   <div class='ocr_carea' id='block_1_51' title="bbox 2170 2051 3770 2124">
    <p class='ocr_par' dir='ltr' id='par_1_51' title="bbox 2170 2051 3770 2124">
     <span class='ocr_line' id='line_1_51' title="bbox 2170 2051 3770 2124; baseline 0.002 -19"><span class='ocrx_word' id='word_1_351' title='bbox 2170 2051 2482 2106; x_wconf 88' lang='lat' dir='ltr'><strong>versitatem</strong></span> <span class='ocrx_word' id='word_1_352' title='bbox 2538 2051 2623 2107; x_wconf 90' lang='lat' dir='ltr'><strong>sui</strong></span> <span class='ocrx_word' id='word_1_353' title='bbox 2688 2051 2955 2120; x_wconf 87' lang='lat' dir='ltr'><strong>dogmatis</strong></span> <span class='ocrx_word' id='word_1_354' title='bbox 3038 2052 3356 2108; x_wconf 87' lang='lat' dir='ltr'><strong>oblatrando</strong></span> <span class='ocrx_word' id='word_1_355' title='bbox 3422 2053 3770 2124; x_wconf 83' lang='lat' dir='ltr'><strong>praesumptio</strong></span> 
     </span>
    </p>
   </div>
   <div class='ocr_carea' id='block_1_52' title="bbox 2172 2142 3767 2213">
    <p class='ocr_par' dir='ltr' id='par_1_52' title="bbox 2172 2142 3767 2213">
     <span class='ocr_line' id='line_1_52' title="bbox 2172 2142 3767 2213; baseline 0 -16"><span class='ocrx_word' id='word_1_356' title='bbox 2172 2144 2369 2197; x_wconf 82' lang='lat' dir='ltr'><strong>Ariana</strong></span> <span class='ocrx_word' id='word_1_357' title='bbox 2410 2142 2690 2210; x_wconf 86' lang='lat' dir='ltr'><strong>vociferat,</strong></span> <span class='ocrx_word' id='word_1_358' title='bbox 2746 2142 3019 2211; x_wconf 90' lang='lat' dir='ltr'><strong>quomodo</strong></span> <span class='ocrx_word' id='word_1_359' title='bbox 3072 2142 3156 2198; x_wconf 84' lang='lat' dir='ltr'><strong>vel</strong></span> <span class='ocrx_word' id='word_1_360' title='bbox 3183 2142 3489 2198; x_wconf 87' lang='lat' dir='ltr'><strong>divinormn</strong></span> <span class='ocrx_word' id='word_1_361' title='bbox 3521 2144 3767 2213; x_wconf 81' lang='lat' dir='ltr'><strong>exempla</strong></span> 
     </span>
    </p>
   </div>
   <div class='ocr_carea' id='block_1_53' title="bbox 2169 2232 3770 2303">
    <p class='ocr_par' dir='ltr' id='par_1_53' title="bbox 2169 2232 3770 2303">
     <span class='ocr_line' id='line_1_53' title="bbox 2169 2232 3770 2303; baseline -0.002 -16"><span class='ocrx_word' id='word_1_362' title='bbox 2169 2234 2500 2288; x_wconf 89' lang='lat' dir='ltr'><strong>voluminum</strong></span> <span class='ocrx_word' id='word_1_363' title='bbox 2548 2232 2725 2303; x_wconf 88' lang='lat' dir='ltr'><strong>impiis</strong></span> <span class='ocrx_word' id='word_1_364' title='bbox 2753 2232 2975 2286; x_wconf 87' lang='lat' dir='ltr'><strong>vocibus</strong></span> <span class='ocrx_word' id='word_1_365' title='bbox 3006 2248 3169 2303; x_wconf 89' lang='lat' dir='ltr'><strong>prave</strong></span> <span class='ocrx_word' id='word_1_366' title='bbox 3223 2232 3602 2286; x_wconf 89' lang='lat' dir='ltr'><strong>sententiendo</strong></span> <span class='ocrx_word' id='word_1_367' title='bbox 3641 2244 3770 2285; x_wconf 88' lang='lat' dir='ltr'><strong>con-</strong></span> 
     </span>
    </p>
   </div>
   <div class='ocr_carea' id='block_1_54' title="bbox 2167 2321 3765 2392">
    <p class='ocr_par' dir='ltr' id='par_1_54' title="bbox 2167 2321 3765 2392">
     <span class='ocr_line' id='line_1_54' title="bbox 2167 2321 3765 2392; baseline -0.003 -15"><span class='ocrx_word' id='word_1_368' title='bbox 2167 2332 2364 2391; x_wconf 85' lang='lat' dir='ltr'><strong>vertat,</strong></span> <span class='ocrx_word' id='word_1_369' title='bbox 2416 2323 2675 2392; x_wconf 89' lang='lat' dir='ltr'><strong>elegimus</strong></span> <span class='ocrx_word' id='word_1_370' title='bbox 2717 2323 3034 2389; x_wconf 88' lang='lat' dir='ltr'><strong>sententias,</strong></span> <span class='ocrx_word' id='word_1_371' title='bbox 3078 2332 3135 2376; x_wconf 93' lang='lat' dir='ltr'><strong>ut</strong></span> <span class='ocrx_word' id='word_1_372' title='bbox 3166 2337 3354 2377; x_wconf 90' lang='lat' dir='ltr'><strong>eorum</strong></span> <span class='ocrx_word' id='word_1_373' title='bbox 3394 2321 3765 2389; x_wconf 75' lang='lat' dir='ltr'><strong>exsecrabiles</strong></span> 
     </span>
    </p>
   </div>
   <div class='ocr_carea' id='block_1_55' title="bbox 2167 2408 3759 2477">
    <p class='ocr_par' dir='ltr' id='par_1_55' title="bbox 2167 2408 3759 2477">
     <span class='ocr_line' id='line_1_55' title="bbox 2167 2408 3759 2477; baseline -0.005 -9"><span class='ocrx_word' id='word_1_374' title='bbox 2167 2421 2414 2468; x_wconf 81' lang='lat' dir='ltr'><strong>retexere</strong></span> <span class='ocrx_word' id='word_1_375' title='bbox 2447 2412 2670 2477; x_wconf 69' lang='lat' dir='ltr'><strong>nmnias,</strong></span> <span class='ocrx_word' id='word_1_376' title='bbox 2696 2419 3030 2465; x_wconf 89' lang='lat' dir='ltr'><strong>connectens</strong></span> <span class='ocrx_word' id='word_1_377' title='bbox 3059 2411 3390 2465; x_wconf 69' lang='lat' dir='ltr'><strong>intemerata:</strong></span> <span class='ocrx_word' id='word_1_378' title='bbox 3420 2408 3544 2463; x_wconf 88' lang='lat' dir='ltr'><strong>fidei</strong></span> <span class='ocrx_word' id='word_1_379' title='bbox 3574 2423 3759 2463; x_wconf 83' lang='lat' dir='ltr'><strong>sacra-</strong></span> 
     </span>
    </p>
   </div>
   <div class='ocr_carea' id='block_1_56' title="bbox 2168 2501 3764 2573">
    <p class='ocr_par' dir='ltr' id='par_1_56' title="bbox 2168 2501 3764 2573">
     <span class='ocr_line' id='line_1_56' title="bbox 2168 2501 3764 2573; baseline -0.004 -15"><span class='ocrx_word' id='word_1_380' title='bbox 2168 2506 2369 2559; x_wconf 89' lang='lat' dir='ltr'><strong>tissima</strong></span> <span class='ocrx_word' id='word_1_381' title='bbox 2420 2506 2607 2560; x_wconf 86' lang='lat' dir='ltr'><strong>subter</strong></span> <span class='ocrx_word' id='word_1_382' title='bbox 2654 2504 2911 2573; x_wconf 86' lang='lat' dir='ltr'><strong>eloquia,</strong></span> <span class='ocrx_word' id='word_1_383' title='bbox 2968 2518 3076 2572; x_wconf 91' lang='lat' dir='ltr'><strong>quo</strong></span> <span class='ocrx_word' id='word_1_384' title='bbox 3147 2502 3353 2557; x_wconf 88' lang='lat' dir='ltr'><strong>facilius</strong></span> <span class='ocrx_word' id='word_1_385' title='bbox 3402 2501 3473 2557; x_wconf 90' lang='lat' dir='ltr'><strong>de</strong></span> <span class='ocrx_word' id='word_1_386' title='bbox 3520 2502 3764 2570; x_wconf 85' lang='lat' dir='ltr'><strong>utrisque</strong></span> 
     </span>
    </p>
   </div>
   <div class='ocr_carea' id='block_1_57' title="bbox 2166 2593 3772 2665">
    <p class='ocr_par' dir='ltr' id='par_1_57' title="bbox 2166 2593 3772 2665">
     <span class='ocr_line' id='line_1_57' title="bbox 2166 2593 3772 2665; baseline -0.001 -16"><span class='ocrx_word' id='word_1_387' title='bbox 2166 2594 2406 2650; x_wconf 89' lang='lat' dir='ltr'><strong>conditio</strong></span> <span class='ocrx_word' id='word_1_388' title='bbox 2453 2594 2702 2665; x_wconf 88' lang='lat' dir='ltr'><strong>indagata</strong></span> <span class='ocrx_word' id='word_1_389' title='bbox 2759 2594 3005 2649; x_wconf 63' lang='lat' dir='ltr'><strong>haeretica</strong></span> <span class='ocrx_word' id='word_1_390' title='bbox 3061 2596 3365 2648; x_wconf 82' lang='lat' dir='ltr'><strong>temeritate</strong></span> <span class='ocrx_word' id='word_1_391' title='bbox 3416 2593 3691 2655; x_wconf 87' lang='lat' dir='ltr'><strong>frustrata,</strong></span> <span class='ocrx_word' id='word_1_392' title='bbox 3718 2604 3772 2647; x_wconf 87' lang='lat' dir='ltr'><strong>et</strong></span> 
     </span>
    </p>
   </div>
   <div class='ocr_carea' id='block_1_58' title="bbox 2163 2684 3772 2758">
    <p class='ocr_par' dir='ltr' id='par_1_58' title="bbox 2163 2684 3772 2758">
     <span class='ocr_line' id='line_1_58' title="bbox 2163 2684 3772 2758; baseline 0.001 -17"><span class='ocrx_word' id='word_1_393' title='bbox 2163 2688 2306 2741; x_wconf 88' lang='lat' dir='ltr'><strong>bona</strong></span> <span class='ocrx_word' id='word_1_394' title='bbox 2336 2686 2533 2741; x_wconf 88' lang='lat' dir='ltr'><strong>docere</strong></span> <span class='ocrx_word' id='word_1_395' title='bbox 2564 2694 2619 2740; x_wconf 91' lang='lat' dir='ltr'><strong>et</strong></span> <span class='ocrx_word' id='word_1_396' title='bbox 2658 2687 2795 2740; x_wconf 87' lang='lat' dir='ltr'><strong>mala</strong></span> <span class='ocrx_word' id='word_1_397' title='bbox 2831 2684 3118 2758; x_wconf 87' lang='lat' dir='ltr'><strong>perfectius</strong></span> <span class='ocrx_word' id='word_1_398' title='bbox 3147 2686 3284 2741; x_wconf 89' lang='lat' dir='ltr'><strong>sciat</strong></span> <span class='ocrx_word' id='word_1_399' title='bbox 3337 2686 3624 2743; x_wconf 88' lang='lat' dir='ltr'><strong>dedocere.</strong></span> <span class='ocrx_word' id='word_1_400' title='bbox 3660 2687 3772 2742; x_wconf 76' lang='lat' dir='ltr'><strong>Vo-</strong></span> 
     </span>
    </p>
   </div>
   <div class='ocr_carea' id='block_1_59' title="bbox 2164 2775 3769 2849">
    <p class='ocr_par' dir='ltr' id='par_1_59' title="bbox 2164 2775 3769 2849">
     <span class='ocr_line' id='line_1_59' title="bbox 2164 2775 3769 2849; baseline -0.001 -15"><span class='ocrx_word' id='word_1_401' title='bbox 2164 2782 2336 2834; x_wconf 88' lang='lat' dir='ltr'><strong>lentes</strong></span> <span class='ocrx_word' id='word_1_402' title='bbox 2365 2776 2595 2846; x_wconf 89' lang='lat' dir='ltr'><strong>denique</strong></span> <span class='ocrx_word' id='word_1_403' title='bbox 2641 2775 2834 2831; x_wconf 87' lang='lat' dir='ltr'><strong>Filium</strong></span> <span class='ocrx_word' id='word_1_404' title='bbox 2884 2776 2952 2831; x_wconf 91' lang='lat' dir='ltr'><strong>de</strong></span> <span class='ocrx_word' id='word_1_405' title='bbox 3007 2786 3229 2849; x_wconf 85' lang='lat' dir='ltr'><strong>paterna</strong></span> <span class='ocrx_word' id='word_1_406' title='bbox 3280 2777 3583 2833; x_wconf 86' lang='lat' dir='ltr'><strong>substantia</strong></span> <span class='ocrx_word' id='word_1_407' title='bbox 3633 2795 3769 2835; x_wconf 76' lang='lat' dir='ltr'><strong>ausu</strong></span> 
     </span>
    </p>
   </div>
   <div class='ocr_carea' id='block_1_60' title="bbox 2167 2867 3769 2937">
    <p class='ocr_par' dir='ltr' id='par_1_60' title="bbox 2167 2867 3769 2937">
     <span class='ocr_line' id='line_1_60' title="bbox 2167 2867 3769 2937; baseline -0.001 -12"><span class='ocrx_word' id='word_1_408' title='bbox 2167 2867 2485 2925; x_wconf 90' lang='lat' dir='ltr'><strong>temeritatis</strong></span> <span class='ocrx_word' id='word_1_409' title='bbox 2536 2867 2849 2934; x_wconf 81' lang='lat' dir='ltr'><strong>excludere,</strong></span> <span class='ocrx_word' id='word_1_410' title='bbox 2898 2882 2963 2923; x_wconf 84' lang='lat' dir='ltr'><strong>ea</strong></span> <span class='ocrx_word' id='word_1_411' title='bbox 3010 2882 3116 2937; x_wconf 91' lang='lat' dir='ltr'><strong>qua</strong></span> <span class='ocrx_word' id='word_1_412' title='bbox 3146 2876 3461 2937; x_wconf 90' lang='lat' dir='ltr'><strong>competunt</strong></span> <span class='ocrx_word' id='word_1_413' title='bbox 3518 2870 3769 2923; x_wconf 79' lang='lat' dir='ltr'><strong>humana:</strong></span> 
     </span>
    </p>
   </div>
   <div class='ocr_carea' id='block_1_61' title="bbox 2166 2945 3768 3029">
    <p class='ocr_par' dir='ltr' id='par_1_61' title="bbox 2166 2945 3768 3029">
     <span class='ocr_line' id='line_1_61' title="bbox 2166 2945 3768 3029; baseline 0 -15"><span class='ocrx_word' id='word_1_414' title='bbox 2166 2968 2372 3015; x_wconf 68' lang='lat' dir='ltr'><strong>natura:</strong></span> <span class='ocrx_word' id='word_1_415' title='bbox 2396 2958 2449 3012; x_wconf 91' lang='lat' dir='ltr'><strong>in</strong></span> <span class='ocrx_word' id='word_1_416' title='bbox 2500 2957 2893 3027; x_wconf 86' lang='lat' dir='ltr'><strong>subjectionem</strong></span> <span class='ocrx_word' id='word_1_417' title='bbox 2941 2959 3111 3012; x_wconf 88' lang='lat' dir='ltr'><strong>nostri</strong></span> <span class='ocrx_word' id='word_1_418' title='bbox 3143 2945 3522 3029; x_wconf 71' lang='lat' dir='ltr'><strong>Redemptoris</strong></span> <span class='ocrx_word' id='word_1_419' title='bbox 3551 2959 3768 3014; x_wconf 75' lang='lat' dir='ltr'><strong>afferre.</strong></span> 
     </span>
    </p>
   </div>
   <div class='ocr_carea' id='block_1_62' title="bbox 480 3037 2070 3134">
    <p class='ocr_par' dir='ltr' id='par_1_62' title="bbox 480 3060 2060 3134">
     <span class='ocr_line' id='line_1_62' title="bbox 480 3060 2060 3134; baseline 0.003 -19"><span class='ocrx_word' id='word_1_420' title='bbox 480 3064 656 3117; x_wconf 60' lang='lat' dir='ltr'><strong>faciat.</strong></span> <span class='ocrx_word' id='word_1_421' title='bbox 675 3062 824 3118; x_wconf 85' lang='lat' dir='ltr'><strong>Fidei</strong></span> <span class='ocrx_word' id='word_1_422' title='bbox 851 3060 1139 3119; x_wconf 84' lang='lat' dir='ltr'><strong>fundamen</strong></span> <span class='ocrx_word' id='word_1_423' title='bbox 1164 3078 1253 3116; x_wconf 88' lang='lat' dir='ltr'><strong>um</strong></span> <span class='ocrx_word' id='word_1_424' title='bbox 1276 3077 1436 3133; x_wconf 92' lang='lat' dir='ltr'><strong>supra</strong></span> <span class='ocrx_word' id='word_1_425' title='bbox 1458 3071 1664 3133; x_wconf 86' lang='lat' dir='ltr'><strong>petram</strong></span> <span class='ocrx_word' id='word_1_426' title='bbox 1686 3064 1909 3130; x_wconf 83' lang='lat' dir='ltr'><strong>aedifica,</strong></span> <span class='ocrx_word' id='word_1_427' title='bbox 1938 3079 2060 3134; x_wconf 79' lang='lat' dir='ltr'><strong>qua:</strong></span> 
     </span>
    </p>
   </div>
   <div class='ocr_carea' id='block_1_63' title="bbox 2174 3037 3772 3134">
    <p class='ocr_par' dir='ltr' id='par_1_63' title="bbox 2174 3047 3772 3119">
     <span class='ocr_line' id='line_1_63' title="bbox 2174 3047 3772 3119; baseline -0.003 -14"><span class='ocrx_word' id='word_1_428' title='bbox 2174 3052 2345 3119; x_wconf 83' lang='lat' dir='ltr'><strong>l’ater,</strong></span> <span class='ocrx_word' id='word_1_429' title='bbox 2376 3048 2645 3119; x_wconf 89' lang='lat' dir='ltr'><strong>inquiunt,</strong></span> <span class='ocrx_word' id='word_1_430' title='bbox 2700 3049 2871 3119; x_wconf 88' lang='lat' dir='ltr'><strong>major</strong></span> <span class='ocrx_word' id='word_1_431' title='bbox 2898 3064 2981 3102; x_wconf 90' lang='lat' dir='ltr'><strong>me</strong></span> <span class='ocrx_word' id='word_1_432' title='bbox 3028 3059 3124 3103; x_wconf 88' lang='lat' dir='ltr'><strong>est.</strong></span> <span class='ocrx_word' id='word_1_433' title='bbox 3162 3048 3185 3087; x_wconf 77' lang='grc' dir='ltr'>ἀ</span> <span class='ocrx_word' id='word_1_434' title='bbox 3220 3048 3285 3102; x_wconf 86' lang='grc' dir='ltr'><strong>Ει</strong></span> <span class='ocrx_word' id='word_1_435' title='bbox 3324 3048 3454 3102; x_wconf 90' lang='lat' dir='ltr'><strong>illud</strong></span> <span class='ocrx_word' id='word_1_436' title='bbox 3487 3066 3500 3102; x_wconf 91' lang='lat'><strong>:</strong></span> <span class='ocrx_word' id='word_1_437' title='bbox 3541 3047 3641 3113; x_wconf 85' lang='lat' dir='ltr'><strong>Qui</strong></span> <span class='ocrx_word' id='word_1_438' title='bbox 3697 3066 3772 3101; x_wconf 86' lang='lat' dir='ltr'><strong>me</strong></span> 
     </span>
    </p>
   </div>
   <div class='ocr_carea' id='block_1_64' title="bbox 478 3153 2059 3226">
    <p class='ocr_par' dir='ltr' id='par_1_64' title="bbox 478 3153 2059 3226">
     <span class='ocr_line' id='line_1_64' title="bbox 478 3153 2059 3226; baseline 0.004 -19"><span class='ocrx_word' id='word_1_439' title='bbox 478 3153 544 3208; x_wconf 86' lang='lat' dir='ltr'><strong>de</strong></span> <span class='ocrx_word' id='word_1_440' title='bbox 594 3153 836 3208; x_wconf 86' lang='lat' dir='ltr'><strong>cavernis</strong></span> <span class='ocrx_word' id='word_1_441' title='bbox 861 3154 1239 3209; x_wconf 66' lang='lat' dir='ltr'><strong>haereticorum</strong></span> <span class='ocrx_word' id='word_1_442' title='bbox 1280 3154 1493 3209; x_wconf 87' lang='lat' dir='ltr'><strong>flamine</strong></span> <span class='ocrx_word' id='word_1_443' title='bbox 1521 3164 1804 3211; x_wconf 90' lang='lat' dir='ltr'><strong>ventorum</strong></span> <span class='ocrx_word' id='word_1_444' title='bbox 1831 3156 2059 3226; x_wconf 77' lang='lat' dir='ltr'><strong>impulsa</strong></span> 
     </span>
    </p>
   </div>
   <div class='ocr_carea' id='block_1_65' title="bbox 477 3243 2062 3315">
    <p class='ocr_par' dir='ltr' id='par_1_65' title="bbox 477 3243 2062 3315">
     <span class='ocr_line' id='line_1_65' title="bbox 477 3243 2062 3315; baseline 0.004 -19"><span class='ocrx_word' id='word_1_445' title='bbox 477 3243 742 3313; x_wconf 86' lang='lat' dir='ltr'><strong>dispiciat,</strong></span> <span class='ocrx_word' id='word_1_446' title='bbox 762 3253 816 3298; x_wconf 89' lang='lat' dir='ltr'><strong>et</strong></span> <span class='ocrx_word' id='word_1_447' title='bbox 843 3252 1092 3299; x_wconf 89' lang='lat' dir='ltr'><strong>rorantes</strong></span> <span class='ocrx_word' id='word_1_448' title='bbox 1109 3244 1438 3315; x_wconf 88' lang='lat' dir='ltr'><strong>perfidorum</strong></span> <span class='ocrx_word' id='word_1_449' title='bbox 1458 3244 1723 3301; x_wconf 85' lang='lat' dir='ltr'><strong>stillicidia</strong></span> <span class='ocrx_word' id='word_1_450' title='bbox 1755 3246 2062 3302; x_wconf 89' lang='lat' dir='ltr'><strong>turbulenta</strong></span> 
     </span>
    </p>
   </div>
   <div class='ocr_carea' id='block_1_66' title="bbox 477 3334 2063 3408">
    <p class='ocr_par' dir='ltr' id='par_1_66' title="bbox 477 3334 2063 3408">
     <span class='ocr_line' id='line_1_66' title="bbox 477 3334 2063 3408; baseline 0.004 -21"><span class='ocrx_word' id='word_1_451' title='bbox 477 3334 803 3392; x_wconf 88' lang='lat' dir='ltr'><strong>fortitudinis</strong></span> <span class='ocrx_word' id='word_1_452' title='bbox 830 3337 1095 3392; x_wconf 87' lang='lat' dir='ltr'><strong>tutissima</strong></span> <span class='ocrx_word' id='word_1_453' title='bbox 1135 3337 1467 3408; x_wconf 89' lang='lat' dir='ltr'><strong>plenitudine</strong></span> <span class='ocrx_word' id='word_1_454' title='bbox 1497 3348 1735 3408; x_wconf 88' lang='lat' dir='ltr'><strong>spernat.</strong></span> <span class='ocrx_word' id='word_1_455' title='bbox 1768 3338 1841 3392; x_wconf 89' lang='lat' dir='ltr'><strong>Tu</strong></span> <span class='ocrx_word' id='word_1_456' title='bbox 1864 3357 1939 3404; x_wconf 88' lang='lat' dir='ltr'><strong>es,</strong></span> <span class='ocrx_word' id='word_1_457' title='bbox 1983 3340 2063 3394; x_wconf 91' lang='lat' dir='ltr'><strong>in-</strong></span> 
     </span>
    </p>
   </div>
   <div class='ocr_carea' id='block_1_67' title="bbox 477 3428 2062 3500">
    <p class='ocr_par' dir='ltr' id='par_1_67' title="bbox 477 3428 2062 3500">
     <span class='ocr_line' id='line_1_67' title="bbox 477 3428 2062 3500; baseline 0.003 -19"><span class='ocrx_word' id='word_1_458' title='bbox 477 3429 593 3494; x_wconf 89' lang='lat' dir='ltr'><strong>quit</strong></span> <span class='ocrx_word' id='word_1_459' title='bbox 623 3428 897 3493; x_wconf 88' lang='lat' dir='ltr'><strong>Dominus,</strong></span> <span class='ocrx_word' id='word_1_460' title='bbox 926 3428 1135 3494; x_wconf 83' lang='lat' dir='ltr'><strong>Petrus,</strong></span> <span class='ocrx_word' id='word_1_461' title='bbox 1163 3438 1212 3483; x_wconf 87' lang='lat' dir='ltr'><strong>et</strong></span> <span class='ocrx_word' id='word_1_462' title='bbox 1231 3445 1387 3498; x_wconf 89' lang='lat' dir='ltr'><strong>super</strong></span> <span class='ocrx_word' id='word_1_463' title='bbox 1416 3429 1548 3482; x_wconf 84' lang='lat' dir='ltr'><strong>hanc</strong></span> <span class='ocrx_word' id='word_1_464' title='bbox 1571 3439 1770 3500; x_wconf 84' lang='lat' dir='ltr'><strong>petram</strong></span> <span class='ocrx_word' id='word_1_465' title='bbox 1794 3431 2062 3500; x_wconf 77' lang='lat' dir='ltr'><strong>wdiﬁcabo</strong></span> 
     </span>
    </p>
   </div>
   <div class='ocr_carea' id='block_1_68' title="bbox 484 3518 2062 3594">
    <p class='ocr_par' dir='ltr' id='par_1_68' title="bbox 484 3518 2062 3594">
     <span class='ocr_line' id='line_1_68' title="bbox 484 3518 2062 3594; baseline 0.005 -24"><span class='ocrx_word' id='word_1_466' title='bbox 484 3518 773 3573; x_wconf 81' lang='lat' dir='ltr'><strong>Eeclesiam</strong></span> <span class='ocrx_word' id='word_1_467' title='bbox 820 3537 1004 3585; x_wconf 88' lang='lat' dir='ltr'><strong>meam,</strong></span> <span class='ocrx_word' id='word_1_468' title='bbox 1041 3520 1228 3591; x_wconf 85' lang='lat' dir='ltr'><strong>tibique</strong></span> <span class='ocrx_word' id='word_1_469' title='bbox 1257 3523 1405 3575; x_wconf 87' lang='lat' dir='ltr'><strong>trado</strong></span> <span class='ocrx_word' id='word_1_470' title='bbox 1428 3522 1596 3576; x_wconf 87' lang='lat' dir='ltr'><strong>claves</strong></span> <span class='ocrx_word' id='word_1_471' title='bbox 1624 3526 1770 3594; x_wconf 80' lang='lat' dir='ltr'><strong>regni</strong></span> <span class='ocrx_word' id='word_1_472' title='bbox 1799 3524 2062 3587; x_wconf 65' lang='lat' dir='ltr'><strong>calorum,</strong></span> 
     </span>
    </p>
   </div>
   <div class='ocr_carea' id='block_1_69' title="bbox 478 3609 2066 3685">
    <p class='ocr_par' dir='ltr' id='par_1_69' title="bbox 478 3609 2066 3685">
     <span class='ocr_line' id='line_1_69' title="bbox 478 3609 2066 3685; baseline 0.004 -24"><span class='ocrx_word' id='word_1_473' title='bbox 478 3617 528 3661; x_wconf 88' lang='lat' dir='ltr'><strong>et</strong></span> <span class='ocrx_word' id='word_1_474' title='bbox 555 3619 720 3679; x_wconf 81' lang='lat' dir='ltr'><strong>porta:</strong></span> <span class='ocrx_word' id='word_1_475' title='bbox 755 3609 911 3683; x_wconf 84' lang='lat' dir='ltr'><strong>in[eri</strong></span> <span class='ocrx_word' id='word_1_476' title='bbox 940 3628 1043 3667; x_wconf 87' lang='lat' dir='ltr'><strong>non</strong></span> <span class='ocrx_word' id='word_1_477' title='bbox 1092 3612 1439 3679; x_wconf 82' lang='lat' dir='ltr'><strong>pi&#39;wvalebunt</strong></span> <span class='ocrx_word' id='word_1_478' title='bbox 1465 3613 1736 3667; x_wconf 81' lang='lat' dir='ltr'><strong>adversum</strong></span> <span class='ocrx_word' id='word_1_479' title='bbox 1779 3624 1859 3680; x_wconf 89' lang='lat' dir='ltr'><strong>te;</strong></span> <span class='ocrx_word' id='word_1_480' title='bbox 1906 3616 2066 3685; x_wconf 87' lang='lat' dir='ltr'><strong>quod-</strong></span> 
     </span>
    </p>
   </div>
   <div class='ocr_carea' id='block_1_70' title="bbox 479 3703 2067 3775">
    <p class='ocr_par' dir='ltr' id='par_1_70' title="bbox 479 3703 2067 3775">
     <span class='ocr_line' id='line_1_70' title="bbox 479 3703 2067 3775; baseline 0.004 -21"><span class='ocrx_word' id='word_1_481' title='bbox 479 3718 676 3771; x_wconf 74' lang='lat' dir='ltr'><strong>cunque</strong></span> <span class='ocrx_word' id='word_1_482' title='bbox 728 3703 970 3775; x_wconf 81' lang='lat' dir='ltr'><strong>ligaveris</strong></span> <span class='ocrx_word' id='word_1_483' title='bbox 1005 3705 1058 3758; x_wconf 83' lang='lat' dir='ltr'><strong>in</strong></span> <span class='ocrx_word' id='word_1_484' title='bbox 1100 3714 1268 3768; x_wconf 86' lang='lat' dir='ltr'><strong>terra,</strong></span> <span class='ocrx_word' id='word_1_485' title='bbox 1319 3706 1535 3775; x_wconf 85' lang='lat' dir='ltr'><strong>ligatum</strong></span> <span class='ocrx_word' id='word_1_486' title='bbox 1587 3709 1683 3760; x_wconf 81' lang='lat' dir='ltr'><strong>erit</strong></span> <span class='ocrx_word' id='word_1_487' title='bbox 1732 3709 1784 3760; x_wconf 87' lang='lat' dir='ltr'><strong>iu</strong></span> <span class='ocrx_word' id='word_1_488' title='bbox 1843 3709 1989 3773; x_wconf 67' lang='lat' dir='ltr'><strong>creto,</strong></span> <span class='ocrx_word' id='word_1_489' title='bbox 2019 3717 2067 3762; x_wconf 88' lang='lat' dir='ltr'><strong>et</strong></span> 
     </span>
    </p>
   </div>
   <div class='ocr_carea' id='block_1_71' title="bbox 478 3793 2064 3867">
    <p class='ocr_par' dir='ltr' id='par_1_71' title="bbox 478 3793 2064 3867">
     <span class='ocr_line' id='line_1_71' title="bbox 478 3793 2064 3867; baseline 0.004 -22"><span class='ocrx_word' id='word_1_490' title='bbox 478 3793 813 3867; x_wconf 82' lang='lat' dir='ltr'><strong>quodcunque</strong></span> <span class='ocrx_word' id='word_1_491' title='bbox 851 3795 1064 3850; x_wconf 81' lang='lat' dir='ltr'><strong>solveris</strong></span> <span class='ocrx_word' id='word_1_492' title='bbox 1104 3797 1156 3849; x_wconf 92' lang='lat' dir='ltr'><strong>in</strong></span> <span class='ocrx_word' id='word_1_493' title='bbox 1208 3804 1346 3849; x_wconf 87' lang='lat' dir='ltr'><strong>terra</strong></span> <span class='ocrx_word' id='word_1_494' title='bbox 1396 3797 1493 3849; x_wconf 89' lang='lat' dir='ltr'><strong>erit</strong></span> <span class='ocrx_word' id='word_1_495' title='bbox 1544 3797 1767 3857; x_wconf 81' lang='lat' dir='ltr'><strong>solutum</strong></span> <span class='ocrx_word' id='word_1_496' title='bbox 1814 3799 1868 3851; x_wconf 89' lang='lat' dir='ltr'><strong>in</strong></span> <span class='ocrx_word' id='word_1_497' title='bbox 1919 3800 2064 3852; x_wconf 76' lang='lat' dir='ltr'><strong>caelo.</strong></span> 
     </span>
    </p>
   </div>
   <div class='ocr_carea' id='block_1_72' title="bbox 485 3887 2068 3958">
    <p class='ocr_par' dir='ltr' id='par_1_72' title="bbox 485 3887 2068 3958">
     <span class='ocr_line' id='line_1_72' title="bbox 485 3887 2068 3958; baseline 0.003 -20"><span class='ocrx_word' id='word_1_498' title='bbox 485 3889 689 3955; x_wconf 81' lang='lat' dir='ltr'><strong>Aperte</strong></span> <span class='ocrx_word' id='word_1_499' title='bbox 717 3887 850 3941; x_wconf 87' lang='lat' dir='ltr'><strong>satis</strong></span> <span class='ocrx_word' id='word_1_500' title='bbox 880 3888 1181 3943; x_wconf 87' lang='lat' dir='ltr'><strong>ostenditur</strong></span> <span class='ocrx_word' id='word_1_501' title='bbox 1210 3890 1481 3945; x_wconf 24' lang='lat' dir='ltr'><strong>ni-mincm</strong></span> <span class='ocrx_word' id='word_1_502' title='bbox 1512 3904 1668 3957; x_wconf 88' lang='lat' dir='ltr'><strong>posse</strong></span> <span class='ocrx_word' id='word_1_503' title='bbox 1697 3889 1764 3943; x_wconf 86' lang='lat' dir='ltr'><strong>de</strong></span> <span class='ocrx_word' id='word_1_504' title='bbox 1795 3890 2068 3958; x_wconf 67' lang='lat' dir='ltr'><strong>praeterito</strong></span> 
     </span>
    </p>
   </div>
   <div class='ocr_carea' id='block_1_73' title="bbox 481 3975 2069 4048">
    <p class='ocr_par' dir='ltr' id='par_1_73' title="bbox 481 3975 2069 4048">
     <span class='ocr_line' id='line_1_73' title="bbox 481 3975 2069 4048; baseline 0.005 -23"><span class='ocrx_word' id='word_1_505' title='bbox 481 3975 729 4044; x_wconf 71' lang='lat' dir='ltr'><strong>prmsenti</strong></span> <span class='ocrx_word' id='word_1_506' title='bbox 757 3984 918 4044; x_wconf 88' lang='lat' dir='ltr'><strong>atque</strong></span> <span class='ocrx_word' id='word_1_507' title='bbox 947 3977 1126 4032; x_wconf 88' lang='lat' dir='ltr'><strong>futuro</strong></span> <span class='ocrx_word' id='word_1_508' title='bbox 1174 3979 1426 4035; x_wconf 88' lang='lat' dir='ltr'><strong>resolvia</strong></span> <span class='ocrx_word' id='word_1_509' title='bbox 1457 3979 1700 4042; x_wconf 84' lang='lat' dir='ltr'><strong>crimine,</strong></span> <span class='ocrx_word' id='word_1_510' title='bbox 1727 3979 1827 4033; x_wconf 68' lang='lat' dir='ltr'><strong>ni~i</strong></span> <span class='ocrx_word' id='word_1_511' title='bbox 1852 3988 2069 4048; x_wconf 87' lang='lat' dir='ltr'><strong>aposto-</strong></span> 
     </span>
    </p>
   </div>
   <div class='ocr_carea' id='block_1_74' title="bbox 485 4067 2067 4139">
    <p class='ocr_par' dir='ltr' id='par_1_74' title="bbox 485 4067 2067 4139">
     <span class='ocr_line' id='line_1_74' title="bbox 485 4067 2067 4139; baseline 0.003 -20"><span class='ocrx_word' id='word_1_512' title='bbox 485 4067 640 4123; x_wconf 87' lang='lat' dir='ltr'><strong>licam</strong></span> <span class='ocrx_word' id='word_1_513' title='bbox 701 4068 931 4121; x_wconf 88' lang='lat' dir='ltr'><strong>tenucrit</strong></span> <span class='ocrx_word' id='word_1_514' title='bbox 982 4069 1100 4124; x_wconf 75' lang='lat' dir='ltr'><strong>sine</strong></span> <span class='ocrx_word' id='word_1_515' title='bbox 1149 4084 1278 4138; x_wconf 86' lang='lat' dir='ltr'><strong>ruga</strong></span> <span class='ocrx_word' id='word_1_516' title='bbox 1327 4070 1715 4139; x_wconf 84' lang='lat' dir='ltr'><strong>professionem</strong></span> <span class='ocrx_word' id='word_1_517' title='bbox 1752 4069 2005 4124; x_wconf 87' lang='lat' dir='ltr'><strong>:clausus</strong></span> <span class='ocrx_word' id='word_1_518' title='bbox 2042 4067 2067 4105; x_wconf 66' lang='grc' dir='ltr'><strong>ι)</strong></span> 
     </span>
    </p>
   </div>
   <div class='ocr_carea' id='block_1_75' title="bbox 484 4157 2068 4227">
    <p class='ocr_par' dir='ltr' id='par_1_75' title="bbox 484 4157 2068 4227">
     <span class='ocr_line' id='line_1_75' title="bbox 484 4157 2068 4227; baseline -0.001 -14"><span class='ocrx_word' id='word_1_519' title='bbox 484 4158 887 4226; x_wconf 84' lang='lat' dir='ltr'><strong>obduratusque</strong></span> <span class='ocrx_word' id='word_1_520' title='bbox 917 4158 1019 4212; x_wconf 88' lang='lat' dir='ltr'><strong>erit</strong></span> <span class='ocrx_word' id='word_1_521' title='bbox 1070 4158 1143 4211; x_wconf 84' lang='lat' dir='ltr'><strong>illi</strong></span> <span class='ocrx_word' id='word_1_522' title='bbox 1195 4174 1458 4219; x_wconf 54' lang='lat' dir='ltr'><strong>summas</strong></span> <span class='ocrx_word' id='word_1_523' title='bbox 1488 4159 1737 4213; x_wconf 88' lang='lat' dir='ltr'><strong>introitus</strong></span> <span class='ocrx_word' id='word_1_524' title='bbox 1768 4199 1783 4221; x_wconf 90' lang='lat'><strong>,</strong></span> <span class='ocrx_word' id='word_1_525' title='bbox 1816 4157 1970 4227; x_wconf 82' lang='lat' dir='ltr'><strong>cujus</strong></span> <span class='ocrx_word' id='word_1_526' title='bbox 2018 4159 2068 4212; x_wconf 90' lang='lat' dir='ltr'><strong>in</strong></span> 
     </span>
    </p>
   </div>
   <div class='ocr_carea' id='block_1_76' title="bbox 482 4250 2067 4306">
    <p class='ocr_par' dir='ltr' id='par_1_76' title="bbox 482 4250 2067 4306">
     <span class='ocr_line' id='line_1_76' title="bbox 482 4250 2067 4306; baseline 0.002 -3"><span class='ocrx_word' id='word_1_527' title='bbox 482 4250 832 4306; x_wconf 86' lang='lat' dir='ltr'><strong>defendendis</strong></span> <span class='ocrx_word' id='word_1_528' title='bbox 902 4250 1174 4306; x_wconf 86' lang='lat' dir='ltr'><strong>erroribus</strong></span> <span class='ocrx_word' id='word_1_529' title='bbox 1238 4267 1335 4305; x_wconf 90' lang='lat' dir='ltr'><strong>cor</strong></span> <span class='ocrx_word' id='word_1_530' title='bbox 1400 4250 1656 4305; x_wconf 86' lang='lat' dir='ltr'><strong>manserit</strong></span> <span class='ocrx_word' id='word_1_531' title='bbox 1727 4250 2067 4306; x_wconf 89' lang='lat' dir='ltr'><strong>obduratum.</strong></span> 
     </span>
    </p>
   </div>
   <div class='ocr_carea' id='block_1_77' title="bbox 484 4341 2072 4413">
    <p class='ocr_par' dir='ltr' id='par_1_77' title="bbox 484 4341 2072 4413">
     <span class='ocr_line' id='line_1_77' title="bbox 484 4341 2072 4413; baseline -0.001 -16"><span class='ocrx_word' id='word_1_532' title='bbox 484 4343 563 4397; x_wconf 82' lang='lat' dir='ltr'><strong>Ad</strong></span> <span class='ocrx_word' id='word_1_533' title='bbox 592 4343 1053 4413; x_wconf 88' lang='lat' dir='ltr'><strong>comparationem</strong></span> <span class='ocrx_word' id='word_1_534' title='bbox 1092 4342 1242 4411; x_wconf 88' lang='lat' dir='ltr'><strong>grani</strong></span> <span class='ocrx_word' id='word_1_535' title='bbox 1285 4342 1488 4413; x_wconf 86' lang='lat' dir='ltr'><strong>sinapis</strong></span> <span class='ocrx_word' id='word_1_536' title='bbox 1516 4341 1636 4396; x_wconf 88' lang='lat' dir='ltr'><strong>fidei</strong></span> <span class='ocrx_word' id='word_1_537' title='bbox 1668 4341 1898 4409; x_wconf 88' lang='lat' dir='ltr'><strong>qualitas</strong></span> <span class='ocrx_word' id='word_1_538' title='bbox 1922 4356 2072 4396; x_wconf 62' lang='lat' dir='ltr'><strong>com-</strong></span> 
     </span>
    </p>
   </div>
   <div class='ocr_carea' id='block_1_78' title="bbox 2167 3136 3772 3215">
    <p class='ocr_par' dir='ltr' id='par_1_78' title="bbox 2167 3136 3772 3215">
     <span class='ocr_line' id='line_1_78' title="bbox 2167 3136 3772 3215; baseline -0.001 -20"><span class='ocrx_word' id='word_1_539' title='bbox 2167 3141 2323 3208; x_wconf 90' lang='lat' dir='ltr'><strong>misit,</strong></span> <span class='ocrx_word' id='word_1_540' title='bbox 2339 3141 2449 3206; x_wconf 90' lang='lat' dir='ltr'><strong>ipse</strong></span> <span class='ocrx_word' id='word_1_541' title='bbox 2477 3139 2602 3215; x_wconf 75' lang='lat' dir='ltr'><strong>mihi</strong></span> <span class='ocrx_word' id='word_1_542' title='bbox 2622 3138 2927 3192; x_wconf 90' lang='lat' dir='ltr'><strong>mandatum</strong></span> <span class='ocrx_word' id='word_1_543' title='bbox 2952 3139 3110 3192; x_wconf 84' lang='lat' dir='ltr'><strong>dedit.</strong></span> <span class='ocrx_word' id='word_1_544' title='bbox 3130 3137 3226 3193; x_wconf 85' lang='lat' dir='ltr'><strong>Et:</strong></span> <span class='ocrx_word' id='word_1_545' title='bbox 3249 3136 3373 3193; x_wconf 85' lang='lat' dir='ltr'><strong>Non</strong></span> <span class='ocrx_word' id='word_1_546' title='bbox 3400 3156 3493 3211; x_wconf 86' lang='lat' dir='ltr'><strong>ego</strong></span> <span class='ocrx_word' id='word_1_547' title='bbox 3524 3141 3657 3206; x_wconf 71' lang='lat' dir='ltr'><strong>veni,</strong></span> <span class='ocrx_word' id='word_1_548' title='bbox 3684 3140 3772 3193; x_wconf 87' lang='lat' dir='ltr'><strong>sed</strong></span> 
     </span>
    </p>
   </div>
   <div class='ocr_carea' id='block_1_79' title="bbox 2167 3228 3769 3302">
    <p class='ocr_par' dir='ltr' id='par_1_79' title="bbox 2167 3228 3769 3302">
     <span class='ocr_line' id='line_1_79' title="bbox 2167 3228 3769 3302; baseline -0.003 -13"><span class='ocrx_word' id='word_1_549' title='bbox 2167 3236 2255 3298; x_wconf 74' lang='lat' dir='ltr'><strong>ille</strong></span> <span class='ocrx_word' id='word_1_550' title='bbox 2285 3250 2365 3288; x_wconf 90' lang='lat' dir='ltr'><strong>me</strong></span> <span class='ocrx_word' id='word_1_551' title='bbox 2386 3232 2546 3287; x_wconf 88' lang='lat' dir='ltr'><strong>misit.</strong></span> <span class='ocrx_word' id='word_1_552' title='bbox 2576 3231 2643 3286; x_wconf 85' lang='lat' dir='ltr'><strong>Et</strong></span> <span class='ocrx_word' id='word_1_553' title='bbox 2670 3246 2856 3287; x_wconf 87' lang='lat' dir='ltr'><strong>rursus</strong></span> <span class='ocrx_word' id='word_1_554' title='bbox 2887 3248 2899 3284; x_wconf 90' lang='lat'><strong>:</strong></span> <span class='ocrx_word' id='word_1_555' title='bbox 2932 3228 3057 3286; x_wconf 88' lang='lat' dir='ltr'><strong>Non</strong></span> <span class='ocrx_word' id='word_1_556' title='bbox 3088 3231 3201 3285; x_wconf 79' lang='lat' dir='ltr'><strong>veni</strong></span> <span class='ocrx_word' id='word_1_557' title='bbox 3231 3232 3404 3302; x_wconf 83' lang='lat' dir='ltr'><strong>facere</strong></span> <span class='ocrx_word' id='word_1_558' title='bbox 3449 3230 3769 3285; x_wconf 72' lang='lat' dir='ltr'><strong>uoluntatem</strong></span> 
     </span>
    </p>
   </div>
   <div class='ocr_carea' id='block_1_80' title="bbox 2169 3320 3768 3393">
    <p class='ocr_par' dir='ltr' id='par_1_80' title="bbox 2169 3320 3768 3393">
     <span class='ocr_line' id='line_1_80' title="bbox 2169 3320 3768 3393; baseline -0.006 -12"><span class='ocrx_word' id='word_1_559' title='bbox 2169 3343 2355 3381; x_wconf 87' lang='lat' dir='ltr'><strong>meam.</strong></span> <span class='ocrx_word' id='word_1_560' title='bbox 2379 3324 2686 3393; x_wconf 85' lang='lat' dir='ltr'><strong>iterumque</strong></span> <span class='ocrx_word' id='word_1_561' title='bbox 2710 3339 2723 3376; x_wconf 92' lang='lat'><strong>:</strong></span> <span class='ocrx_word' id='word_1_562' title='bbox 2761 3322 2909 3377; x_wconf 86' lang='lat' dir='ltr'><strong>Sicut</strong></span> <span class='ocrx_word' id='word_1_563' title='bbox 2938 3321 3064 3373; x_wconf 85' lang='lat' dir='ltr'><strong>mihi</strong></span> <span class='ocrx_word' id='word_1_564' title='bbox 3092 3320 3247 3373; x_wconf 87' lang='lat' dir='ltr'><strong>Pater</strong></span> <span class='ocrx_word' id='word_1_565' title='bbox 3274 3320 3431 3386; x_wconf 74' lang='lat' dir='ltr'><strong>dixit,</strong></span> <span class='ocrx_word' id='word_1_566' title='bbox 3450 3321 3524 3372; x_wconf 89' lang='lat' dir='ltr'><strong>sic</strong></span> <span class='ocrx_word' id='word_1_567' title='bbox 3551 3321 3768 3390; x_wconf 85' lang='lat' dir='ltr'><strong>loquor;</strong></span> 
     </span>
    </p>
   </div>
   <div class='ocr_carea' id='block_1_81' title="bbox 2168 3411 3772 3487">
    <p class='ocr_par' dir='ltr' id='par_1_81' title="bbox 2168 3411 3772 3487">
     <span class='ocr_line' id='line_1_81' title="bbox 2168 3411 3772 3487; baseline -0.006 -14"><span class='ocrx_word' id='word_1_568' title='bbox 2168 3428 2216 3473; x_wconf 87' lang='lat' dir='ltr'><strong>et</strong></span> <span class='ocrx_word' id='word_1_569' title='bbox 2261 3416 2395 3487; x_wconf 86' lang='lat' dir='ltr'><strong>quod</strong></span> <span class='ocrx_word' id='word_1_570' title='bbox 2435 3415 2575 3469; x_wconf 84' lang='lat' dir='ltr'><strong>dedit</strong></span> <span class='ocrx_word' id='word_1_571' title='bbox 2615 3414 2739 3467; x_wconf 86' lang='lat' dir='ltr'><strong>mihi</strong></span> <span class='ocrx_word' id='word_1_572' title='bbox 2790 3412 3006 3475; x_wconf 69' lang='lat' dir='ltr'><strong>servavi;</strong></span> <span class='ocrx_word' id='word_1_573' title='bbox 3039 3421 3089 3465; x_wconf 88' lang='lat' dir='ltr'><strong>et</strong></span> <span class='ocrx_word' id='word_1_574' title='bbox 3118 3411 3293 3465; x_wconf 89' lang='lat' dir='ltr'><strong>omnia</strong></span> <span class='ocrx_word' id='word_1_575' title='bbox 3335 3427 3449 3481; x_wconf 77' lang='lat' dir='ltr'><strong>qua:</strong></span> <span class='ocrx_word' id='word_1_576' title='bbox 3475 3412 3602 3463; x_wconf 82' lang='lat' dir='ltr'><strong>milii</strong></span> <span class='ocrx_word' id='word_1_577' title='bbox 3632 3412 3772 3463; x_wconf 65' lang='lat' dir='ltr'><strong>dedit</strong></span> 
     </span>
    </p>
   </div>
   <div class='ocr_carea' id='block_1_82' title="bbox 2172 3499 3771 3579">
    <p class='ocr_par' dir='ltr' id='par_1_82' title="bbox 2172 3499 3771 3579">
     <span class='ocr_line' id='line_1_82' title="bbox 2172 3499 3771 3579; baseline -0.008 -14"><span class='ocrx_word' id='word_1_578' title='bbox 2172 3526 2319 3565; x_wconf 91' lang='lat' dir='ltr'><strong>nemo</strong></span> <span class='ocrx_word' id='word_1_579' title='bbox 2339 3508 2539 3579; x_wconf 77' lang='lat' dir='ltr'><strong>auferet</strong></span> <span class='ocrx_word' id='word_1_580' title='bbox 2560 3521 2592 3558; x_wconf 91' lang='lat' dir='ltr'><strong>a</strong></span> <span class='ocrx_word' id='word_1_581' title='bbox 2620 3521 2718 3561; x_wconf 88' lang='lat' dir='ltr'><strong>me.</strong></span> <span class='ocrx_word' id='word_1_582' title='bbox 2751 3503 2878 3558; x_wconf 87' lang='lat' dir='ltr'><strong>Post</strong></span> <span class='ocrx_word' id='word_1_583' title='bbox 2904 3503 3029 3557; x_wconf 88' lang='lat' dir='ltr'><strong>talia</strong></span> <span class='ocrx_word' id='word_1_584' title='bbox 3060 3503 3310 3571; x_wconf 85' lang='lat' dir='ltr'><strong>ingerunt</strong></span> <span class='ocrx_word' id='word_1_585' title='bbox 3344 3518 3356 3552; x_wconf 94' lang='lat'>:</span> <span class='ocrx_word' id='word_1_586' title='bbox 3393 3499 3608 3570; x_wconf 84' lang='lat' dir='ltr'><strong>Rogabo</strong></span> <span class='ocrx_word' id='word_1_587' title='bbox 3659 3500 3771 3553; x_wconf 82' lang='lat' dir='ltr'><strong>Pa-</strong></span> 
     </span>
    </p>
   </div>
   <div class='ocr_carea' id='block_1_83' title="bbox 2173 3581 3772 3663">
    <p class='ocr_par' dir='ltr' id='par_1_83' title="bbox 2173 3581 3772 3663">
     <span class='ocr_line' id='line_1_83' title="bbox 2173 3581 3772 3663; baseline -0.007 -8"><span class='ocrx_word' id='word_1_588' title='bbox 2173 3611 2299 3655; x_wconf 90' lang='lat' dir='ltr'><strong>trem</strong></span> <span class='ocrx_word' id='word_1_589' title='bbox 2315 3581 2568 3663; x_wconf 75' lang='lat' dir='ltr'><strong>meum,el</strong></span> <span class='ocrx_word' id='word_1_590' title='bbox 2587 3593 2843 3653; x_wconf 74' lang='lat' dir='ltr'><strong>exhibebit</strong></span> <span class='ocrx_word' id='word_1_591' title='bbox 2865 3594 2989 3648; x_wconf 83' lang='lat' dir='ltr'><strong>mihi</strong></span> <span class='ocrx_word' id='word_1_592' title='bbox 3012 3593 3283 3663; x_wconf 85' lang='lat' dir='ltr'><strong>plusquam</strong></span> <span class='ocrx_word' id='word_1_593' title='bbox 3305 3593 3579 3647; x_wconf 86' lang='lat' dir='ltr'><strong>duodecim</strong></span> <span class='ocrx_word' id='word_1_594' title='bbox 3604 3593 3772 3645; x_wconf 83' lang='lat' dir='ltr'><strong>millia</strong></span> 
     </span>
    </p>
   </div>
   <div class='ocr_carea' id='block_1_84' title="bbox 2174 3688 3773 3764">
    <p class='ocr_par' dir='ltr' id='par_1_84' title="bbox 2174 3688 3773 3764">
     <span class='ocr_line' id='line_1_84' title="bbox 2174 3688 3773 3764; baseline -0.003 -18"><span class='ocrx_word' id='word_1_595' title='bbox 2174 3694 2400 3764; x_wconf 88' lang='lat' dir='ltr'><strong>legiones</strong></span> <span class='ocrx_word' id='word_1_596' title='bbox 2430 3691 2751 3762; x_wconf 87' lang='lat' dir='ltr'><strong>angelorum,</strong></span> <span class='ocrx_word' id='word_1_597' title='bbox 2785 3699 2948 3760; x_wconf 88' lang='lat' dir='ltr'><strong>atque</strong></span> <span class='ocrx_word' id='word_1_598' title='bbox 2978 3706 2993 3742; x_wconf 88' lang='lat'>:</span> <span class='ocrx_word' id='word_1_599' title='bbox 3023 3688 3083 3744; x_wconf 90' lang='lat' dir='ltr'><strong>Si</strong></span> <span class='ocrx_word' id='word_1_600' title='bbox 3126 3689 3207 3742; x_wconf 79' lang='lat' dir='ltr'><strong>hic</strong></span> <span class='ocrx_word' id='word_1_601' title='bbox 3257 3689 3398 3743; x_wconf 74' lang='lat' dir='ltr'><strong>calix</strong></span> <span class='ocrx_word' id='word_1_602' title='bbox 3454 3705 3555 3747; x_wconf 90' lang='lat' dir='ltr'><strong>non</strong></span> <span class='ocrx_word' id='word_1_603' title='bbox 3605 3698 3773 3759; x_wconf 83' lang='lat' dir='ltr'><strong>potest</strong></span> 
     </span>
    </p>
   </div>
   <div class='ocr_carea' id='block_1_85' title="bbox 2175 3779 3775 3850">
    <p class='ocr_par' dir='ltr' id='par_1_85' title="bbox 2175 3779 3775 3850">
     <span class='ocr_line' id='line_1_85' title="bbox 2175 3779 3775 3850; baseline -0.004 -15"><span class='ocrx_word' id='word_1_604' title='bbox 2175 3785 2416 3850; x_wconf 88' lang='lat' dir='ltr'><strong>transire,</strong></span> <span class='ocrx_word' id='word_1_605' title='bbox 2448 3783 2549 3837; x_wconf 84' lang='lat' dir='ltr'><strong>nisi</strong></span> <span class='ocrx_word' id='word_1_606' title='bbox 2570 3781 2739 3836; x_wconf 85' lang='lat' dir='ltr'><strong>bibam</strong></span> <span class='ocrx_word' id='word_1_607' title='bbox 2767 3781 2952 3844; x_wconf 86' lang='lat' dir='ltr'><strong>illum;</strong></span> <span class='ocrx_word' id='word_1_608' title='bbox 2994 3788 3051 3834; x_wconf 91' lang='lat' dir='ltr'><strong>et</strong></span> <span class='ocrx_word' id='word_1_609' title='bbox 3080 3796 3094 3833; x_wconf 90' lang='lat'><strong>:</strong></span> <span class='ocrx_word' id='word_1_610' title='bbox 3130 3779 3190 3834; x_wconf 88' lang='lat' dir='ltr'><strong>Si</strong></span> <span class='ocrx_word' id='word_1_611' title='bbox 3220 3780 3344 3850; x_wconf 85' lang='lat' dir='ltr'><strong>ﬁeri</strong></span> <span class='ocrx_word' id='word_1_612' title='bbox 3367 3787 3561 3849; x_wconf 81' lang='lat' dir='ltr'><strong>potest,</strong></span> <span class='ocrx_word' id='word_1_613' title='bbox 3600 3788 3775 3830; x_wconf 83' lang='lat' dir='ltr'><strong>trans-</strong></span> 
     </span>
    </p>
   </div>
   <div class='ocr_carea' id='block_1_86' title="bbox 2172 3868 3768 3940">
    <p class='ocr_par' dir='ltr' id='par_1_86' title="bbox 2172 3868 3768 3940">
     <span class='ocr_line' id='line_1_86' title="bbox 2172 3868 3768 3940; baseline -0.003 -14"><span class='ocrx_word' id='word_1_614' title='bbox 2172 3883 2257 3926; x_wconf 90' lang='lat' dir='ltr'><strong>eat</strong></span> <span class='ocrx_word' id='word_1_615' title='bbox 2300 3890 2331 3925; x_wconf 91' lang='lat' dir='ltr'><strong>a</strong></span> <span class='ocrx_word' id='word_1_616' title='bbox 2361 3890 2440 3927; x_wconf 88' lang='lat' dir='ltr'><strong>me</strong></span> <span class='ocrx_word' id='word_1_617' title='bbox 2467 3872 2605 3926; x_wconf 74' lang='lat' dir='ltr'><strong>calix</strong></span> <span class='ocrx_word' id='word_1_618' title='bbox 2632 3872 2761 3933; x_wconf 86' lang='lat' dir='ltr'><strong>iste;</strong></span> <span class='ocrx_word' id='word_1_619' title='bbox 2793 3888 2896 3925; x_wconf 90' lang='lat' dir='ltr'><strong>non</strong></span> <span class='ocrx_word' id='word_1_620' title='bbox 2923 3871 3055 3924; x_wconf 87' lang='lat' dir='ltr'><strong>sicut</strong></span> <span class='ocrx_word' id='word_1_621' title='bbox 3095 3886 3189 3940; x_wconf 88' lang='lat' dir='ltr'><strong>ego</strong></span> <span class='ocrx_word' id='word_1_622' title='bbox 3220 3871 3356 3931; x_wconf 86' lang='lat' dir='ltr'><strong>volo,</strong></span> <span class='ocrx_word' id='word_1_623' title='bbox 3396 3869 3489 3921; x_wconf 88' lang='lat' dir='ltr'><strong>sed</strong></span> <span class='ocrx_word' id='word_1_624' title='bbox 3512 3868 3646 3921; x_wconf 81' lang='lat' dir='ltr'><strong>sicut</strong></span> <span class='ocrx_word' id='word_1_625' title='bbox 3697 3878 3768 3921; x_wconf 85' lang='lat' dir='ltr'><strong>tu.</strong></span> 
     </span>
    </p>
   </div>
   <div class='ocr_carea' id='block_1_87' title="bbox 2175 3943 3776 4035">
    <p class='ocr_par' dir='ltr' id='par_1_87' title="bbox 2175 3943 3776 4035">
     <span class='ocr_line' id='line_1_87' title="bbox 2175 3943 3776 4035; baseline -0.006 -15"><span class='ocrx_word' id='word_1_626' title='bbox 2175 3965 2484 4035; x_wconf 81' lang='lat' dir='ltr'><strong>Adjungunt</strong></span> <span class='ocrx_word' id='word_1_627' title='bbox 2525 3963 2688 4019; x_wconf 85' lang='lat' dir='ltr'><strong>etiam</strong></span> <span class='ocrx_word' id='word_1_628' title='bbox 2721 3980 2735 4017; x_wconf 91' lang='lat'>:</span> <span class='ocrx_word' id='word_1_629' title='bbox 2768 3960 2837 4015; x_wconf 90' lang='lat' dir='ltr'><strong>Et</strong></span> <span class='ocrx_word' id='word_1_630' title='bbox 2883 3943 3000 4033; x_wconf 69' lang='lat' dir='ltr'><strong>qua:</strong></span> <span class='ocrx_word' id='word_1_631' title='bbox 3026 3969 3146 4014; x_wconf 85' lang='lat' dir='ltr'><strong>sunt</strong></span> <span class='ocrx_word' id='word_1_632' title='bbox 3194 3960 3374 4030; x_wconf 88' lang='lat' dir='ltr'><strong>placiti</strong></span> <span class='ocrx_word' id='word_1_633' title='bbox 3404 3976 3467 4013; x_wconf 86' lang='lat' dir='ltr'><strong>ea</strong></span> <span class='ocrx_word' id='word_1_634' title='bbox 3511 3976 3606 4029; x_wconf 86' lang='lat' dir='ltr'><strong>ego</strong></span> <span class='ocrx_word' id='word_1_635' title='bbox 3638 3959 3776 4029; x_wconf 72' lang='lat' dir='ltr'><strong>facio</strong></span> 
     </span>
    </p>
   </div>
   <div class='ocr_carea' id='block_1_88' title="bbox 2178 4051 3772 4127">
    <p class='ocr_par' dir='ltr' id='par_1_88' title="bbox 2178 4051 3772 4127">
     <span class='ocr_line' id='line_1_88' title="bbox 2178 4051 3772 4127; baseline -0.006 -16"><span class='ocrx_word' id='word_1_636' title='bbox 2178 4072 2409 4127; x_wconf 77' lang='lat' dir='ltr'><strong>seraper;</strong></span> <span class='ocrx_word' id='word_1_637' title='bbox 2426 4064 2475 4109; x_wconf 84' lang='lat' dir='ltr'><strong>et</strong></span> <span class='ocrx_word' id='word_1_638' title='bbox 2502 4055 2680 4109; x_wconf 85' lang='lat' dir='ltr'><strong>sedere</strong></span> <span class='ocrx_word' id='word_1_639' title='bbox 2705 4054 2772 4107; x_wconf 91' lang='lat' dir='ltr'><strong>ad</strong></span> <span class='ocrx_word' id='word_1_640' title='bbox 2804 4054 3069 4107; x_wconf 73' lang='lat' dir='ltr'><strong>dexteram</strong></span> <span class='ocrx_word' id='word_1_641' title='bbox 3090 4052 3372 4115; x_wconf 83' lang='lat' dir='ltr'><strong>meam,vel</strong></span> <span class='ocrx_word' id='word_1_642' title='bbox 3388 4051 3456 4103; x_wconf 88' lang='lat' dir='ltr'><strong>ad</strong></span> <span class='ocrx_word' id='word_1_643' title='bbox 3481 4052 3772 4113; x_wconf 87' lang='lat' dir='ltr'><strong>sinistram,</strong></span> 
     </span>
    </p>
   </div>
   <div class='ocr_carea' id='block_1_89' title="bbox 2178 4142 3779 4204">
    <p class='ocr_par' dir='ltr' id='par_1_89' title="bbox 2178 4142 3779 4204">
     <span class='ocr_line' id='line_1_89' title="bbox 2178 4142 3779 4204; baseline -0.005 -3"><span class='ocrx_word' id='word_1_644' title='bbox 2178 4166 2281 4204; x_wconf 89' lang='lat' dir='ltr'><strong>non</strong></span> <span class='ocrx_word' id='word_1_645' title='bbox 2338 4157 2414 4202; x_wconf 84' lang='lat' dir='ltr'><strong>est</strong></span> <span class='ocrx_word' id='word_1_646' title='bbox 2459 4162 2623 4199; x_wconf 91' lang='lat' dir='ltr'><strong>meum</strong></span> <span class='ocrx_word' id='word_1_647' title='bbox 2664 4145 2790 4197; x_wconf 85' lang='lat' dir='ltr'><strong>dare</strong></span> <span class='ocrx_word' id='word_1_648' title='bbox 2820 4144 2975 4198; x_wconf 87' lang='lat' dir='ltr'><strong>vobis.</strong></span> <span class='ocrx_word' id='word_1_649' title='bbox 3028 4142 3361 4197; x_wconf 89' lang='lat' dir='ltr'><strong>lnsanientes</strong></span> <span class='ocrx_word' id='word_1_650' title='bbox 3388 4150 3724 4196; x_wconf 86' lang='lat' dir='ltr'><strong>connectunt</strong></span> <span class='ocrx_word' id='word_1_651' title='bbox 3757 4158 3779 4203; x_wconf 72' lang='lat'>;</span> 
     </span>
    </p>
   </div>
   <div class='ocr_carea' id='block_1_90' title="bbox 2177 4237 3773 4310">
    <p class='ocr_par' dir='ltr' id='par_1_90' title="bbox 2177 4237 3773 4310">
     <span class='ocr_line' id='line_1_90' title="bbox 2177 4237 3773 4310; baseline -0.008 -11"><span class='ocrx_word' id='word_1_652' title='bbox 2177 4244 2248 4299; x_wconf 82' lang='lat' dir='ltr'><strong>Et</strong></span> <span class='ocrx_word' id='word_1_653' title='bbox 2275 4243 2416 4296; x_wconf 84' lang='lat' dir='ltr'><strong>dedit</strong></span> <span class='ocrx_word' id='word_1_654' title='bbox 2440 4240 2518 4294; x_wconf 89' lang='lat' dir='ltr'><strong>illi</strong></span> <span class='ocrx_word' id='word_1_655' title='bbox 2546 4255 2731 4294; x_wconf 86' lang='lat' dir='ltr'><strong>nomen</strong></span> <span class='ocrx_word' id='word_1_656' title='bbox 2753 4237 2889 4310; x_wconf 86' lang='lat' dir='ltr'><strong>quod</strong></span> <span class='ocrx_word' id='word_1_657' title='bbox 2913 4244 2989 4289; x_wconf 87' lang='lat' dir='ltr'><strong>est</strong></span> <span class='ocrx_word' id='word_1_658' title='bbox 3027 4251 3181 4305; x_wconf 87' lang='lat' dir='ltr'><strong>super</strong></span> <span class='ocrx_word' id='word_1_659' title='bbox 3219 4250 3369 4287; x_wconf 88' lang='lat' dir='ltr'><strong>omne</strong></span> <span class='ocrx_word' id='word_1_660' title='bbox 3398 4250 3623 4299; x_wconf 87' lang='lat' dir='ltr'><strong>nomen;</strong></span> <span class='ocrx_word' id='word_1_661' title='bbox 3652 4242 3709 4287; x_wconf 87' lang='lat' dir='ltr'><strong>et</strong></span> <span class='ocrx_word' id='word_1_662' title='bbox 3759 4250 3773 4287; x_wconf 82' lang='lat'><strong>‘.</strong></span> 
     </span>
    </p>
   </div>
   <div class='ocr_carea' id='block_1_91' title="bbox 2180 4326 3774 4403">
    <p class='ocr_par' dir='ltr' id='par_1_91' title="bbox 2180 4326 3774 4403">
     <span class='ocr_line' id='line_1_91' title="bbox 2180 4326 3774 4403; baseline -0.007 -15"><span class='ocrx_word' id='word_1_663' title='bbox 2180 4334 2445 4388; x_wconf 73' lang='lat' dir='ltr'><strong>Exultavit</strong></span> <span class='ocrx_word' id='word_1_664' title='bbox 2497 4348 2710 4403; x_wconf 89' lang='lat' dir='ltr'><strong>puerum</strong></span> <span class='ocrx_word' id='word_1_665' title='bbox 2750 4346 2937 4397; x_wconf 73' lang='lat' dir='ltr'><strong>suum;</strong></span> <span class='ocrx_word' id='word_1_666' title='bbox 2962 4336 3061 4383; x_wconf 91' lang='lat' dir='ltr'><strong>et:</strong></span> <span class='ocrx_word' id='word_1_667' title='bbox 3108 4327 3384 4381; x_wconf 79' lang='lat' dir='ltr'><strong>Benedixit</strong></span> <span class='ocrx_word' id='word_1_668' title='bbox 3412 4336 3462 4380; x_wconf 87' lang='lat' dir='ltr'><strong>te</strong></span> <span class='ocrx_word' id='word_1_669' title='bbox 3517 4326 3774 4379; x_wconf 80' lang='lat' dir='ltr'><strong>Dominus</strong></span> 
     </span>
    </p>
   </div>
   <div class='ocr_carea' id='block_1_92' title="bbox 484 4405 3775 4502">
    <p class='ocr_par' dir='ltr' id='par_1_92' title="bbox 484 4405 3775 4502">
     <span class='ocr_line' id='line_1_92' title="bbox 484 4405 3775 4502; baseline -0.005 -14"><span class='ocrx_word' id='word_1_670' title='bbox 484 4405 868 4502; x_wconf 49' lang='lat' dir='ltr'><strong>paratum-cum</strong></span> <span class='ocrx_word' id='word_1_671' title='bbox 899 4405 1133 4486; x_wconf 75' lang='lat' dir='ltr'><strong>talitera</strong></span> <span class='ocrx_word' id='word_1_672' title='bbox 1163 4432 1389 4489; x_wconf 89' lang='lat' dir='ltr'><strong>Domino</strong></span> <span class='ocrx_word' id='word_1_673' title='bbox 1408 4405 1608 4486; x_wconf 67' lang='lat' dir='ltr'><strong>dicitur</strong></span> <span class='ocrx_word' id='word_1_674' title='bbox 1636 4447 1652 4485; x_wconf 89' lang='lat'><strong>:</strong></span> <span class='ocrx_word' id='word_1_675' title='bbox 1686 4430 1746 4485; x_wconf 89' lang='lat' dir='ltr'><strong>Si</strong></span> <span class='ocrx_word' id='word_1_676' title='bbox 1788 4429 2071 4485; x_wconf 80' lang='lat' dir='ltr'><strong>habueritis</strong></span> <span class='ocrx_word' id='word_1_677' title='bbox 2099 4405 2150 4463; x_wconf 84' lang='lat' dir='ltr'><strong>D</strong></span> <span class='ocrx_word' id='word_1_678' title='bbox 2178 4426 2319 4481; x_wconf 90' lang='lat' dir='ltr'><strong>Deus</strong></span> <span class='ocrx_word' id='word_1_679' title='bbox 2366 4435 2513 4490; x_wconf 87' lang='lat' dir='ltr'><strong>tuus;</strong></span> <span class='ocrx_word' id='word_1_680' title='bbox 2568 4433 2623 4478; x_wconf 89' lang='lat' dir='ltr'><strong>et</strong></span> <span class='ocrx_word' id='word_1_681' title='bbox 2652 4441 2672 4477; x_wconf 63' lang='grc' dir='ltr'><strong><em>ι</em></strong></span> <span class='ocrx_word' id='word_1_682' title='bbox 2724 4421 2984 4475; x_wconf 76' lang='lat' dir='ltr'><strong>Excitavit</strong></span> <span class='ocrx_word' id='word_1_683' title='bbox 3027 4437 3143 4473; x_wconf 88' lang='lat' dir='ltr'><strong>eum</strong></span> <span class='ocrx_word' id='word_1_684' title='bbox 3186 4436 3218 4472; x_wconf 91' lang='lat' dir='ltr'><strong>a</strong></span> <span class='ocrx_word' id='word_1_685' title='bbox 3247 4420 3484 4483; x_wconf 88' lang='lat' dir='ltr'><strong>mortuis,</strong></span> <span class='ocrx_word' id='word_1_686' title='bbox 3527 4430 3578 4472; x_wconf 89' lang='lat' dir='ltr'><strong>et</strong></span> <span class='ocrx_word' id='word_1_687' title='bbox 3598 4420 3775 4472; x_wconf 81' lang='lat' dir='ltr'><strong>sedere</strong></span> 
     </span>
    </p>
   </div>
   <div class='ocr_carea' id='block_1_93' title="bbox 485 4521 2071 4594">
    <p class='ocr_par' dir='ltr' id='par_1_93' title="bbox 485 4521 2071 4594">
     <span class='ocr_line' id='line_1_93' title="bbox 485 4521 2071 4594; baseline -0.002 -16"><span class='ocrx_word' id='word_1_688' title='bbox 485 4523 642 4592; x_wconf 80' lang='lat' dir='ltr'><strong>ﬁdem</strong></span> <span class='ocrx_word' id='word_1_689' title='bbox 665 4532 903 4592; x_wconf 87' lang='lat' dir='ltr'><strong>tanquam</strong></span> <span class='ocrx_word' id='word_1_690' title='bbox 925 4540 1145 4594; x_wconf 88' lang='lat' dir='ltr'><strong>granum</strong></span> <span class='ocrx_word' id='word_1_691' title='bbox 1166 4522 1383 4592; x_wconf 81' lang='lat' dir='ltr'><strong>sinapis,</strong></span> <span class='ocrx_word' id='word_1_692' title='bbox 1409 4531 1458 4576; x_wconf 85' lang='lat' dir='ltr'><strong>et</strong></span> <span class='ocrx_word' id='word_1_693' title='bbox 1479 4522 1717 4576; x_wconf 67' lang='lat' dir='ltr'><strong>dixeritis</strong></span> <span class='ocrx_word' id='word_1_694' title='bbox 1738 4521 1854 4575; x_wconf 84' lang='lat' dir='ltr'><strong>huic</strong></span> <span class='ocrx_word' id='word_1_695' title='bbox 1874 4521 2071 4575; x_wconf 85' lang='lat' dir='ltr'><strong>monti:</strong></span> 
     </span>
    </p>
   </div>
   <div class='ocr_carea' id='block_1_94' title="bbox 488 4614 2076 4686">
    <p class='ocr_par' dir='ltr' id='par_1_94' title="bbox 488 4614 2076 4686">
     <span class='ocr_line' id='line_1_94' title="bbox 488 4614 2076 4686; baseline -0.001 -18"><span class='ocrx_word' id='word_1_696' title='bbox 488 4616 739 4686; x_wconf 73' lang='lat' dir='ltr'><strong>Transfer</strong></span> <span class='ocrx_word' id='word_1_697' title='bbox 764 4625 826 4679; x_wconf 88' lang='lat' dir='ltr'><strong>te,</strong></span> <span class='ocrx_word' id='word_1_698' title='bbox 845 4617 1117 4685; x_wconf 76' lang='lat' dir='ltr'><strong>transferet</strong></span> <span class='ocrx_word' id='word_1_699' title='bbox 1140 4631 1212 4668; x_wconf 88' lang='lat' dir='ltr'><strong>se.</strong></span> <span class='ocrx_word' id='word_1_700' title='bbox 1233 4615 1384 4668; x_wconf 88' lang='lat' dir='ltr'><strong>Sicut</strong></span> <span class='ocrx_word' id='word_1_701' title='bbox 1405 4628 1628 4681; x_wconf 89' lang='lat' dir='ltr'><strong>granum</strong></span> <span class='ocrx_word' id='word_1_702' title='bbox 1646 4614 1847 4683; x_wconf 89' lang='lat' dir='ltr'><strong>sinapis</strong></span> <span class='ocrx_word' id='word_1_703' title='bbox 1872 4628 2076 4684; x_wconf 89' lang='lat' dir='ltr'><strong>nequa-</strong></span> 
     </span>
    </p>
   </div>
   <div class='ocr_carea' id='block_1_95' title="bbox 484 4702 2077 4774">
    <p class='ocr_par' dir='ltr' id='par_1_95' title="bbox 484 4702 2077 4774">
     <span class='ocr_line' id='line_1_95' title="bbox 484 4702 2077 4774; baseline 0 -16"><span class='ocrx_word' id='word_1_704' title='bbox 484 4720 646 4773; x_wconf 86' lang='lat' dir='ltr'><strong>quam</strong></span> <span class='ocrx_word' id='word_1_705' title='bbox 700 4705 892 4773; x_wconf 88' lang='lat' dir='ltr'><strong>recipit</strong></span> <span class='ocrx_word' id='word_1_706' title='bbox 937 4704 1254 4769; x_wconf 89' lang='lat' dir='ltr'><strong>sectionem,</strong></span> <span class='ocrx_word' id='word_1_707' title='bbox 1284 4705 1376 4759; x_wconf 87' lang='lat' dir='ltr'><strong>sed</strong></span> <span class='ocrx_word' id='word_1_708' title='bbox 1418 4702 1790 4760; x_wconf 86' lang='lat' dir='ltr'><strong>fructificando</strong></span> <span class='ocrx_word' id='word_1_709' title='bbox 1818 4718 1877 4759; x_wconf 84' lang='lat' dir='ltr'><strong>se</strong></span> <span class='ocrx_word' id='word_1_710' title='bbox 1902 4704 2077 4774; x_wconf 86' lang='lat' dir='ltr'><strong>porri-</strong></span> 
     </span>
    </p>
   </div>
   <div class='ocr_carea' id='block_1_96' title="bbox 486 4797 2075 4865">
    <p class='ocr_par' dir='ltr' id='par_1_96' title="bbox 486 4797 2075 4865">
     <span class='ocr_line' id='line_1_96' title="bbox 486 4797 2075 4865; baseline -0.002 -13"><span class='ocrx_word' id='word_1_711' title='bbox 486 4813 615 4865; x_wconf 84' lang='lat' dir='ltr'><strong>gens</strong></span> <span class='ocrx_word' id='word_1_712' title='bbox 656 4797 1298 4851; x_wconf 87' lang='lat' dir='ltr'><strong>ramorumincrementis</strong></span> <span class='ocrx_word' id='word_1_713' title='bbox 1341 4797 1622 4853; x_wconf 90' lang='lat' dir='ltr'><strong>densatum</strong></span> <span class='ocrx_word' id='word_1_714' title='bbox 1661 4798 1941 4853; x_wconf 88' lang='lat' dir='ltr'><strong>sublimem</strong></span> <span class='ocrx_word' id='word_1_715' title='bbox 1987 4813 2075 4850; x_wconf 86' lang='lat' dir='ltr'><strong>ar-</strong></span> 
     </span>
    </p>
   </div>
   <div class='ocr_carea' id='block_1_97' title="bbox 488 4885 2078 4955">
    <p class='ocr_par' dir='ltr' id='par_1_97' title="bbox 488 4885 2078 4955">
     <span class='ocr_line' id='line_1_97' title="bbox 488 4885 2078 4955; baseline 0.001 -13"><span class='ocrx_word' id='word_1_716' title='bbox 488 4889 700 4944; x_wconf 79' lang='lat' dir='ltr'><strong>bustum</strong></span> <span class='ocrx_word' id='word_1_717' title='bbox 732 4885 949 4952; x_wconf 69' lang='lat' dir='ltr'><strong>elficiet,</strong></span> <span class='ocrx_word' id='word_1_718' title='bbox 1000 4888 1168 4955; x_wconf 84' lang='lat' dir='ltr'><strong>instar</strong></span> <span class='ocrx_word' id='word_1_719' title='bbox 1200 4900 1220 4927; x_wconf 78' lang='grc' dir='ltr'><strong>ο</strong></span> <span class='ocrx_word' id='word_1_720' title='bbox 1249 4888 1621 4943; x_wconf 89' lang='lat' dir='ltr'><strong>indesecabilis</strong></span> <span class='ocrx_word' id='word_1_721' title='bbox 1652 4889 1773 4944; x_wconf 84' lang='lat' dir='ltr'><strong>fidei</strong></span> <span class='ocrx_word' id='word_1_722' title='bbox 1800 4889 2078 4945; x_wconf 83' lang='lat' dir='ltr'><strong>catholicae</strong></span> 
     </span>
    </p>
   </div>
   <div class='ocr_carea' id='block_1_98' title="bbox 488 4978 2079 5051">
    <p class='ocr_par' dir='ltr' id='par_1_98' title="bbox 488 4978 2079 5051">
     <span class='ocr_line' id='line_1_98' title="bbox 488 4978 2079 5051; baseline 0 -18"><span class='ocrx_word' id='word_1_723' title='bbox 488 4979 694 5049; x_wconf 90' lang='lat' dir='ltr'><strong>puritas</strong></span> <span class='ocrx_word' id='word_1_724' title='bbox 753 4993 1032 5051; x_wconf 87' lang='lat' dir='ltr'><strong>quousque</strong></span> <span class='ocrx_word' id='word_1_725' title='bbox 1064 4978 1305 5037; x_wconf 86' lang='lat' dir='ltr'><strong>detersos</strong></span> <span class='ocrx_word' id='word_1_726' title='bbox 1335 4980 1609 5039; x_wconf 89' lang='lat' dir='ltr'><strong>erroribus</strong></span> <span class='ocrx_word' id='word_1_727' title='bbox 1649 4983 1893 5051; x_wconf 76' lang='lat' dir='ltr'><strong>cmperit,</strong></span> <span class='ocrx_word' id='word_1_728' title='bbox 1931 4990 2079 5035; x_wconf 85' lang='lat' dir='ltr'><strong>tanta</strong></span> 
     </span>
    </p>
   </div>
   <div class='ocr_carea' id='block_1_99' title="bbox 490 5058 2080 5142">
    <p class='ocr_par' dir='ltr' id='par_1_99' title="bbox 490 5058 2080 5142">
     <span class='ocr_line' id='line_1_99' title="bbox 490 5058 2080 5142; baseline -0.001 -16"><span class='ocrx_word' id='word_1_729' title='bbox 490 5071 702 5141; x_wconf 84' lang='lat' dir='ltr'><strong>frugum</strong></span> <span class='ocrx_word' id='word_1_730' title='bbox 748 5070 1029 5125; x_wconf 86' lang='lat' dir='ltr'><strong>nobilitate</strong></span> <span class='ocrx_word' id='word_1_731' title='bbox 1074 5058 1415 5142; x_wconf 85' lang='lat' dir='ltr'><strong>multiplicat,</strong></span> <span class='ocrx_word' id='word_1_732' title='bbox 1476 5079 1733 5140; x_wconf 89' lang='lat' dir='ltr'><strong>tantaque</strong></span> <span class='ocrx_word' id='word_1_733' title='bbox 1762 5070 2080 5126; x_wconf 85' lang='lat' dir='ltr'><strong>celsitudine</strong></span> 
     </span>
    </p>
   </div>
   <div class='ocr_carea' id='block_1_100' title="bbox 492 5160 2078 5235">
    <p class='ocr_par' dir='ltr' id='par_1_100' title="bbox 492 5160 2078 5235">
     <span class='ocr_line' id='line_1_100' title="bbox 492 5160 2078 5235; baseline -0.002 -18"><span class='ocrx_word' id='word_1_734' title='bbox 492 5162 835 5232; x_wconf 76' lang='lat' dir='ltr'><strong>sulfragando</strong></span> <span class='ocrx_word' id='word_1_735' title='bbox 866 5160 1137 5224; x_wconf 89' lang='lat' dir='ltr'><strong>sublimat,</strong></span> <span class='ocrx_word' id='word_1_736' title='bbox 1172 5167 1230 5213; x_wconf 90' lang='lat' dir='ltr'><strong>ut</strong></span> <span class='ocrx_word' id='word_1_737' title='bbox 1261 5177 1430 5235; x_wconf 86' lang='lat' dir='ltr'><strong>usque</strong></span> <span class='ocrx_word' id='word_1_738' title='bbox 1454 5163 1522 5216; x_wconf 79' lang='lat' dir='ltr'><strong>al</strong></span> <span class='ocrx_word' id='word_1_739' title='bbox 1551 5162 1750 5218; x_wconf 63' lang='lat' dir='ltr'><strong>coelum</strong></span> <span class='ocrx_word' id='word_1_740' title='bbox 1780 5163 2078 5233; x_wconf 85' lang='lat' dir='ltr'><strong>perveniat,</strong></span> 
     </span>
    </p>
   </div>
   <div class='ocr_carea' id='block_1_101' title="bbox 492 5251 2081 5311">
    <p class='ocr_par' dir='ltr' id='par_1_101' title="bbox 492 5251 2081 5311">
     <span class='ocr_line' id='line_1_101' title="bbox 492 5251 2081 5311; baseline 0 -2"><span class='ocrx_word' id='word_1_741' title='bbox 492 5264 547 5309; x_wconf 87' lang='lat' dir='ltr'><strong>et</strong></span> <span class='ocrx_word' id='word_1_742' title='bbox 567 5254 806 5310; x_wconf 81' lang='lat' dir='ltr'><strong>coelestia</strong></span> <span class='ocrx_word' id='word_1_743' title='bbox 829 5252 969 5308; x_wconf 90' lang='lat' dir='ltr'><strong>dona</strong></span> <span class='ocrx_word' id='word_1_744' title='bbox 992 5259 1263 5311; x_wconf 82' lang='lat' dir='ltr'><strong>merentes</strong></span> <span class='ocrx_word' id='word_1_745' title='bbox 1276 5251 1545 5307; x_wconf 78' lang='lat' dir='ltr'><strong>Christum</strong></span> <span class='ocrx_word' id='word_1_746' title='bbox 1573 5253 1909 5309; x_wconf 89' lang='lat' dir='ltr'><strong>deficientem</strong></span> <span class='ocrx_word' id='word_1_747' title='bbox 1933 5254 2081 5309; x_wconf 88' lang='lat' dir='ltr'><strong>nullo</strong></span> 
     </span>
    </p>
   </div>
   <div class='ocr_carea' id='block_1_102' title="bbox 495 5343 2085 5417">
    <p class='ocr_par' dir='ltr' id='par_1_102' title="bbox 495 5343 2085 5417">
     <span class='ocr_line' id='line_1_102' title="bbox 495 5343 2085 5417; baseline -0.002 -15"><span class='ocrx_word' id='word_1_748' title='bbox 495 5356 735 5417; x_wconf 86' lang='lat' dir='ltr'><strong>tempore</strong></span> <span class='ocrx_word' id='word_1_749' title='bbox 791 5345 1151 5415; x_wconf 89' lang='lat' dir='ltr'><strong>perfruantur.</strong></span> <span class='ocrx_word' id='word_1_750' title='bbox 1200 5343 1429 5399; x_wconf 80' lang='lat' dir='ltr'><strong>Mortem</strong></span> <span class='ocrx_word' id='word_1_751' title='bbox 1476 5346 1563 5401; x_wconf 88' lang='lat' dir='ltr'><strong>hic</strong></span> <span class='ocrx_word' id='word_1_752' title='bbox 1639 5345 1910 5402; x_wconf 90' lang='lat' dir='ltr'><strong>inimicum</strong></span> <span class='ocrx_word' id='word_1_753' title='bbox 1961 5346 2085 5401; x_wconf 90' lang='lat' dir='ltr'><strong>fidei</strong></span> 
     </span>
    </p>
   </div>
   <div class='ocr_carea' id='block_1_103' title="bbox 573 5540 2085 5612">
    <p class='ocr_par' dir='ltr' id='par_1_103' title="bbox 573 5540 2085 5612">
     <span class='ocr_line' id='line_1_103' title="bbox 573 5540 2085 5612; baseline 0.002 -18"><span class='ocrx_word' id='word_1_754' title='bbox 573 5551 596 5576; x_wconf 67' lang='lat'>&quot;</span> <span class='ocrx_word' id='word_1_755' title='bbox 636 5540 732 5594; x_wconf 83' lang='lat' dir='ltr'><strong>Per</strong></span> <span class='ocrx_word' id='word_1_756' title='bbox 761 5542 1097 5612; x_wconf 70' lang='lat' dir='ltr'><strong>Satontonent</strong></span> <span class='ocrx_word' id='word_1_757' title='bbox 1127 5557 1322 5612; x_wconf 87' lang='lat' dir='ltr'><strong>parece</strong></span> <span class='ocrx_word' id='word_1_758' title='bbox 1343 5542 1568 5598; x_wconf 76' lang='lat' dir='ltr'><strong>delierse</strong></span> <span class='ocrx_word' id='word_1_759' title='bbox 1591 5551 1910 5612; x_wconf 86' lang='lat' dir='ltr'><strong>anteponcr,</strong></span> <span class='ocrx_word' id='word_1_760' title='bbox 1939 5541 2085 5597; x_wconf 64' lang='lat' dir='ltr'><strong>colo-</strong></span> 
     </span>
    </p>
   </div>
   <div class='ocr_carea' id='block_1_104' title="bbox 499 5611 1363 5680">
    <p class='ocr_par' dir='ltr' id='par_1_104' title="bbox 499 5611 1363 5680">
     <span class='ocr_line' id='line_1_104' title="bbox 499 5611 1363 5680; baseline 0.001 -15"><span class='ocrx_word' id='word_1_761' title='bbox 499 5627 597 5665; x_wconf 84' lang='lat' dir='ltr'><strong>can</strong></span> <span class='ocrx_word' id='word_1_762' title='bbox 621 5614 725 5664; x_wconf 73' lang='lat' dir='ltr'><strong>fnto</strong></span> <span class='ocrx_word' id='word_1_763' title='bbox 755 5611 986 5680; x_wconf 83' lang='lat' dir='ltr'><strong>chpues</strong></span> <span class='ocrx_word' id='word_1_764' title='bbox 1010 5614 1076 5667; x_wconf 88' lang='lat' dir='ltr'><strong>de</strong></span> <span class='ocrx_word' id='word_1_765' title='bbox 1101 5611 1363 5667; x_wconf 72' lang='lat' dir='ltr'><strong>subduxit.</strong></span> 
     </span>
    </p>
   </div>
   <div class='ocr_carea' id='block_1_105' title="bbox 569 5680 1864 5756">
    <p class='ocr_par' dir='ltr' id='par_1_105' title="bbox 569 5680 1864 5756">
     <span class='ocr_line' id='line_1_105' title="bbox 569 5680 1864 5756; baseline 0.001 -18"><span class='ocrx_word' id='word_1_766' title='bbox 569 5683 594 5720; x_wconf 66' lang='grc' dir='ltr'><strong>ι’</strong></span> <span class='ocrx_word' id='word_1_767' title='bbox 628 5680 685 5738; x_wconf 75' lang='grc' dir='ltr'><strong>ΕΙ</strong></span> <span class='ocrx_word' id='word_1_768' title='bbox 714 5680 831 5748; x_wconf 41' lang='lat' dir='ltr'><strong>Mt,</strong></span> <span class='ocrx_word' id='word_1_769' title='bbox 863 5682 1123 5738; x_wconf 78' lang='lat' dir='ltr'><strong>clausum.</strong></span> <span class='ocrx_word' id='word_1_770' title='bbox 1151 5725 1163 5736; x_wconf 91' lang='lat'><strong>.</strong></span> <span class='ocrx_word' id='word_1_771' title='bbox 1186 5723 1198 5737; x_wconf 93' lang='lat'><strong>.</strong></span> <span class='ocrx_word' id='word_1_772' title='bbox 1245 5684 1530 5753; x_wconf 83' lang='lat' dir='ltr'><strong>introitum,</strong></span> <span class='ocrx_word' id='word_1_773' title='bbox 1575 5702 1604 5756; x_wconf 76' lang='lat' dir='ltr'><strong>y</strong></span> <span class='ocrx_word' id='word_1_774' title='bbox 1655 5685 1864 5739; x_wconf 81' lang='lat' dir='ltr'><strong>erroris.</strong></span> 
     </span>
    </p>
   </div>
   <div class='ocr_carea' id='block_1_106' title="bbox 2180 4510 3772 4590">
    <p class='ocr_par' dir='ltr' id='par_1_106' title="bbox 2180 4510 3772 4590">
     <span class='ocr_line' id='line_1_106' title="bbox 2180 4510 3772 4590; baseline -0.007 -18"><span class='ocrx_word' id='word_1_775' title='bbox 2180 4520 2301 4590; x_wconf 76' lang='lat' dir='ltr'><strong>fecit</strong></span> <span class='ocrx_word' id='word_1_776' title='bbox 2357 4533 2470 4571; x_wconf 90' lang='lat' dir='ltr'><strong>eum</strong></span> <span class='ocrx_word' id='word_1_777' title='bbox 2514 4516 2582 4568; x_wconf 87' lang='lat' dir='ltr'><strong>ad</strong></span> <span class='ocrx_word' id='word_1_778' title='bbox 2629 4514 2896 4568; x_wconf 77' lang='lat' dir='ltr'><strong>dexteram</strong></span> <span class='ocrx_word' id='word_1_779' title='bbox 2948 4528 3147 4576; x_wconf 86' lang='lat' dir='ltr'><strong>suam;</strong></span> <span class='ocrx_word' id='word_1_780' title='bbox 3208 4510 3486 4579; x_wconf 87' lang='lat' dir='ltr'><strong>multaque</strong></span> <span class='ocrx_word' id='word_1_781' title='bbox 3537 4511 3772 4571; x_wconf 90' lang='lat' dir='ltr'><strong>similia,</strong></span> 
     </span>
    </p>
   </div>
   <div class='ocr_carea' id='block_1_107' title="bbox 2177 4603 3773 4679">
    <p class='ocr_par' dir='ltr' id='par_1_107' title="bbox 2177 4603 3773 4679">
     <span class='ocr_line' id='line_1_107' title="bbox 2177 4603 3773 4679; baseline -0.007 -14"><span class='ocrx_word' id='word_1_782' title='bbox 2177 4626 2295 4679; x_wconf 73' lang='lat' dir='ltr'><strong>qua:</strong></span> <span class='ocrx_word' id='word_1_783' title='bbox 2338 4606 2635 4663; x_wconf 87' lang='lat' dir='ltr'><strong>rectissima</strong></span> <span class='ocrx_word' id='word_1_784' title='bbox 2685 4604 2818 4658; x_wconf 82' lang='lat' dir='ltr'><strong>fides</strong></span> <span class='ocrx_word' id='word_1_785' title='bbox 2871 4604 3051 4657; x_wconf 68' lang='lat' dir='ltr'><strong>taliter</strong></span> <span class='ocrx_word' id='word_1_786' title='bbox 3101 4603 3336 4671; x_wconf 87' lang='lat' dir='ltr'><strong>recipit,</strong></span> <span class='ocrx_word' id='word_1_787' title='bbox 3385 4613 3443 4655; x_wconf 89' lang='lat' dir='ltr'><strong>ut</strong></span> <span class='ocrx_word' id='word_1_788' title='bbox 3483 4604 3625 4655; x_wconf 80' lang='lat' dir='ltr'><strong>sciat</strong></span> <span class='ocrx_word' id='word_1_789' title='bbox 3654 4615 3773 4670; x_wconf 72' lang='lat' dir='ltr'><strong>qua:</strong></span> 
     </span>
    </p>
   </div>
   <div class='ocr_carea' id='block_1_108' title="bbox 2180 4691 3768 4768">
    <p class='ocr_par' dir='ltr' id='par_1_108' title="bbox 2180 4691 3768 4768">
     <span class='ocr_line' id='line_1_108' title="bbox 2180 4691 3768 4768; baseline -0.006 -15"><span class='ocrx_word' id='word_1_790' title='bbox 2180 4700 2412 4765; x_wconf 87' lang='lat' dir='ltr'><strong>Deitati,</strong></span> <span class='ocrx_word' id='word_1_791' title='bbox 2462 4713 2580 4768; x_wconf 76' lang='lat' dir='ltr'><strong>qua:</strong></span> <span class='ocrx_word' id='word_1_792' title='bbox 2626 4694 2947 4749; x_wconf 89' lang='lat' dir='ltr'><strong>humanitati</strong></span> <span class='ocrx_word' id='word_1_793' title='bbox 2996 4693 3344 4751; x_wconf 83' lang='lat' dir='ltr'><strong>conveniunt.</strong></span> <span class='ocrx_word' id='word_1_794' title='bbox 3404 4691 3499 4747; x_wconf 84' lang='lat' dir='ltr'><strong>His</strong></span> <span class='ocrx_word' id='word_1_795' title='bbox 3553 4694 3645 4761; x_wconf 88' lang='lat' dir='ltr'><strong>qui</strong></span> <span class='ocrx_word' id='word_1_796' title='bbox 3668 4695 3768 4745; x_wconf 86' lang='lat' dir='ltr'><strong>lem</strong></span> 
     </span>
    </p>
   </div>
   <div class='ocr_carea' id='block_1_109' title="bbox 2179 4786 3777 4849">
    <p class='ocr_par' dir='ltr' id='par_1_109' title="bbox 2179 4786 3777 4849">
     <span class='ocr_line' id='line_1_109' title="bbox 2179 4786 3777 4849; baseline -0.008 0"><span class='ocrx_word' id='word_1_797' title='bbox 2179 4793 2475 4849; x_wconf 88' lang='lat' dir='ltr'><strong>rationibus</strong></span> <span class='ocrx_word' id='word_1_798' title='bbox 2499 4799 2555 4845; x_wconf 90' lang='lat' dir='ltr'><strong>et</strong></span> <span class='ocrx_word' id='word_1_799' title='bbox 2594 4787 2838 4843; x_wconf 89' lang='lat' dir='ltr'><strong>fidelibus</strong></span> <span class='ocrx_word' id='word_1_800' title='bbox 2870 4786 3111 4841; x_wconf 81' lang='lat' dir='ltr'><strong>infelices</strong></span> <span class='ocrx_word' id='word_1_801' title='bbox 3154 4786 3550 4841; x_wconf 86' lang='lat' dir='ltr'><strong>convincuntur</strong></span> <span class='ocrx_word' id='word_1_802' title='bbox 3594 4800 3777 4839; x_wconf 81' lang='lat' dir='ltr'><strong>exem-</strong></span> 
     </span>
    </p>
   </div>
   <div class='ocr_carea' id='block_1_110' title="bbox 2182 4878 3777 4957">
    <p class='ocr_par' dir='ltr' id='par_1_110' title="bbox 2182 4878 3777 4957">
     <span class='ocr_line' id='line_1_110' title="bbox 2182 4878 3777 4957; baseline -0.006 -16"><span class='ocrx_word' id='word_1_803' title='bbox 2182 4888 2311 4957; x_wconf 89' lang='lat' dir='ltr'><strong>plis;</strong></span> <span class='ocrx_word' id='word_1_804' title='bbox 2335 4886 2385 4939; x_wconf 91' lang='lat' dir='ltr'><strong>in</strong></span> <span class='ocrx_word' id='word_1_805' title='bbox 2438 4884 2533 4937; x_wconf 89' lang='lat' dir='ltr'><strong>Dei</strong></span> <span class='ocrx_word' id='word_1_806' title='bbox 2576 4881 2790 4953; x_wconf 87' lang='lat' dir='ltr'><strong>quidem</strong></span> <span class='ocrx_word' id='word_1_807' title='bbox 2820 4879 2929 4933; x_wconf 87' lang='lat' dir='ltr'><strong>filio</strong></span> <span class='ocrx_word' id='word_1_808' title='bbox 2959 4878 3093 4934; x_wconf 88' lang='lat' dir='ltr'><strong>duas</strong></span> <span class='ocrx_word' id='word_1_809' title='bbox 3121 4880 3442 4934; x_wconf 82' lang='lat' dir='ltr'><strong>confitemur</strong></span> <span class='ocrx_word' id='word_1_810' title='bbox 3477 4880 3777 4933; x_wconf 67' lang='lat' dir='ltr'><strong>certissime</strong></span> 
     </span>
    </p>
   </div>
   <div class='ocr_carea' id='block_1_111' title="bbox 2183 4971 3779 5041">
    <p class='ocr_par' dir='ltr' id='par_1_111' title="bbox 2183 4971 3779 5041">
     <span class='ocr_line' id='line_1_111' title="bbox 2183 4971 3779 5041; baseline -0.007 -8"><span class='ocrx_word' id='word_1_811' title='bbox 2183 4993 2301 5034; x_wconf 88' lang='lat' dir='ltr'><strong>esse</strong></span> <span class='ocrx_word' id='word_1_812' title='bbox 2331 4985 2569 5041; x_wconf 87' lang='lat' dir='ltr'><strong>naturas,</strong></span> <span class='ocrx_word' id='word_1_813' title='bbox 2588 4988 2746 5029; x_wconf 83' lang='lat' dir='ltr'><strong>unam</strong></span> <span class='ocrx_word' id='word_1_814' title='bbox 2763 4971 2976 5027; x_wconf 87' lang='lat' dir='ltr'><strong>deitatis</strong></span> <span class='ocrx_word' id='word_1_815' title='bbox 3003 4981 3058 5026; x_wconf 89' lang='lat' dir='ltr'><strong>et</strong></span> <span class='ocrx_word' id='word_1_816' title='bbox 3088 4972 3312 5026; x_wconf 90' lang='lat' dir='ltr'><strong>alteram</strong></span> <span class='ocrx_word' id='word_1_817' title='bbox 3332 4975 3562 5025; x_wconf 81' lang='lat' dir='ltr'><strong>fatemur</strong></span> <span class='ocrx_word' id='word_1_818' title='bbox 3591 4973 3779 5025; x_wconf 82' lang='lat' dir='ltr'><strong>imma-</strong></span> 
     </span>
    </p>
   </div>
   <div class='ocr_carea' id='block_1_112' title="bbox 2183 5062 3780 5135">
    <p class='ocr_par' dir='ltr' id='par_1_112' title="bbox 2183 5062 3780 5135">
     <span class='ocr_line' id='line_1_112' title="bbox 2183 5062 3780 5135; baseline -0.006 -11"><span class='ocrx_word' id='word_1_819' title='bbox 2183 5068 2385 5125; x_wconf 53' lang='lat' dir='ltr'><strong>nitatis.</strong></span> <span class='ocrx_word' id='word_1_820' title='bbox 2409 5065 2653 5120; x_wconf 86' lang='lat' dir='ltr'><strong>Christus</strong></span> <span class='ocrx_word' id='word_1_821' title='bbox 2693 5064 2852 5134; x_wconf 54' lang='lat' dir='ltr'><strong>igitxr</strong></span> <span class='ocrx_word' id='word_1_822' title='bbox 2878 5064 3099 5117; x_wconf 84' lang='lat' dir='ltr'><strong>formam</strong></span> <span class='ocrx_word' id='word_1_823' title='bbox 3129 5074 3151 5100; x_wconf 77' lang='grc' dir='ltr'>θ</span> <span class='ocrx_word' id='word_1_824' title='bbox 3172 5064 3309 5118; x_wconf 81' lang='lat' dir='ltr'><strong>servi</strong></span> <span class='ocrx_word' id='word_1_825' title='bbox 3337 5106 3351 5130; x_wconf 94' lang='lat'><strong>,</strong></span> <span class='ocrx_word' id='word_1_826' title='bbox 3369 5080 3531 5133; x_wconf 83' lang='lat' dir='ltr'><strong>quam</strong></span> <span class='ocrx_word' id='word_1_827' title='bbox 3555 5062 3780 5135; x_wconf 72' lang='lat' dir='ltr'><strong>sumpsit</strong></span> 
     </span>
    </p>
   </div>
   <div class='ocr_carea' id='block_1_113' title="bbox 2184 5153 3777 5226">
    <p class='ocr_par' dir='ltr' id='par_1_113' title="bbox 2184 5153 3777 5226">
     <span class='ocr_line' id='line_1_113' title="bbox 2184 5153 3777 5226; baseline -0.007 -12"><span class='ocrx_word' id='word_1_828' title='bbox 2184 5175 2251 5215; x_wconf 85' lang='lat' dir='ltr'><strong>ex</strong></span> <span class='ocrx_word' id='word_1_829' title='bbox 2284 5153 2697 5226; x_wconf 75' lang='lat' dir='ltr'><strong>Virgine,Patri</strong></span> <span class='ocrx_word' id='word_1_830' title='bbox 2749 5153 2944 5207; x_wconf 80' lang='lat' dir='ltr'><strong>dicitur</strong></span> <span class='ocrx_word' id='word_1_831' title='bbox 2982 5168 3100 5207; x_wconf 89' lang='lat' dir='ltr'><strong>esse</strong></span> <span class='ocrx_word' id='word_1_832' title='bbox 3146 5153 3440 5222; x_wconf 76' lang='lat' dir='ltr'><strong>subjectus.</strong></span> <span class='ocrx_word' id='word_1_833' title='bbox 3493 5153 3777 5208; x_wconf 75' lang='lat' dir='ltr'><strong>Ductorem</strong></span> 
     </span>
    </p>
   </div>
   <div class='ocr_carea' id='block_1_114' title="bbox 2183 5245 3777 5323">
    <p class='ocr_par' dir='ltr' id='par_1_114' title="bbox 2183 5245 3777 5323">
     <span class='ocr_line' id='line_1_114' title="bbox 2183 5245 3777 5323; baseline -0.006 -16"><span class='ocrx_word' id='word_1_834' title='bbox 2183 5252 2421 5323; x_wconf 85' lang='lat' dir='ltr'><strong>gentium</strong></span> <span class='ocrx_word' id='word_1_835' title='bbox 2447 5249 2811 5319; x_wconf 86' lang='lat' dir='ltr'><strong>apostolorum</strong></span> <span class='ocrx_word' id='word_1_836' title='bbox 2828 5248 3154 5301; x_wconf 85' lang='lat' dir='ltr'><strong>confirmant</strong></span> <span class='ocrx_word' id='word_1_837' title='bbox 3174 5263 3238 5299; x_wconf 80' lang='lat' dir='ltr'><strong>-m</strong></span> <span class='ocrx_word' id='word_1_838' title='bbox 3258 5265 3268 5300; x_wconf 93' lang='lat'><strong>:</strong></span> <span class='ocrx_word' id='word_1_839' title='bbox 3290 5245 3391 5300; x_wconf 84' lang='lat' dir='ltr'><strong>Ubi</strong></span> <span class='ocrx_word' id='word_1_840' title='bbox 3413 5248 3565 5309; x_wconf 63' lang='lat' dir='ltr'><strong>uenit,</strong></span> <span class='ocrx_word' id='word_1_841' title='bbox 3585 5246 3777 5314; x_wconf 84' lang='lat' dir='ltr'><strong>inquit,</strong></span> 
     </span>
    </p>
   </div>
   <div class='ocr_carea' id='block_1_115' title="bbox 2186 5335 3778 5413">
    <p class='ocr_par' dir='ltr' id='par_1_115' title="bbox 2186 5335 3778 5413">
     <span class='ocr_line' id='line_1_115' title="bbox 2186 5335 3778 5413; baseline -0.006 -15"><span class='ocrx_word' id='word_1_842' title='bbox 2186 5342 2449 5413; x_wconf 86' lang='lat' dir='ltr'><strong>plenitudo</strong></span> <span class='ocrx_word' id='word_1_843' title='bbox 2478 5340 2721 5409; x_wconf 83' lang='lat' dir='ltr'><strong>temporis</strong></span> <span class='ocrx_word' id='word_1_844' title='bbox 2740 5378 2755 5402; x_wconf 90' lang='lat'><strong>,</strong></span> <span class='ocrx_word' id='word_1_845' title='bbox 2780 5339 2918 5391; x_wconf 89' lang='lat' dir='ltr'><strong>misit</strong></span> <span class='ocrx_word' id='word_1_846' title='bbox 2953 5335 3091 5390; x_wconf 80' lang='lat' dir='ltr'><strong>Deus</strong></span> <span class='ocrx_word' id='word_1_847' title='bbox 3119 5335 3313 5390; x_wconf 87' lang='lat' dir='ltr'><strong>Filium</strong></span> <span class='ocrx_word' id='word_1_848' title='bbox 3340 5353 3485 5390; x_wconf 86' lang='lat' dir='ltr'><strong>suum</strong></span> <span class='ocrx_word' id='word_1_849' title='bbox 3514 5344 3691 5389; x_wconf 74' lang='lat' dir='ltr'><strong>nutum</strong></span> <span class='ocrx_word' id='word_1_850' title='bbox 3710 5353 3778 5388; x_wconf 69' lang='lat' dir='ltr'><strong>ea:</strong></span> 
     </span>
    </p>
   </div>
   <div class='ocr_carea' id='block_1_116' title="bbox 2264 5538 3059 5604">
    <p class='ocr_par' dir='ltr' id='par_1_116' title="bbox 2264 5538 3059 5604">
     <span class='ocr_line' id='line_1_116' title="bbox 2264 5538 3059 5604; baseline -0.01 -7"><span class='ocrx_word' id='word_1_851' title='bbox 2264 5556 2283 5584; x_wconf 70' lang='grc' dir='ltr'>ε</span> <span class='ocrx_word' id='word_1_852' title='bbox 2317 5543 2519 5597; x_wconf 78' lang='lat' dir='ltr'><strong>Parccn</strong></span> <span class='ocrx_word' id='word_1_853' title='bbox 2544 5542 2598 5595; x_wconf 88' lang='lat' dir='ltr'><strong>lo</strong></span> <span class='ocrx_word' id='word_1_854' title='bbox 2625 5540 2814 5593; x_wconf 75' lang='lat' dir='ltr'><strong>mismo</strong></span> <span class='ocrx_word' id='word_1_855' title='bbox 2836 5552 2940 5604; x_wconf 86' lang='lat' dir='ltr'><strong>quc</strong></span> <span class='ocrx_word' id='word_1_856' title='bbox 2973 5538 3059 5590; x_wconf 88' lang='lat' dir='ltr'><strong>sic.</strong></span> 
     </span>
    </p>
   </div>
   <div class='ocr_carea' id='block_1_117' title="bbox 2262 5611 2936 5679">
    <p class='ocr_par' dir='ltr' id='par_1_117' title="bbox 2262 5611 2936 5679">
     <span class='ocr_line' id='line_1_117' title="bbox 2262 5611 2936 5679; baseline -0.006 -13"><span class='ocrx_word' id='word_1_857' title='bbox 2262 5616 2283 5651; x_wconf 71' lang='grc' dir='ltr'><strong><em>ἀ</em></strong></span> <span class='ocrx_word' id='word_1_858' title='bbox 2321 5613 2378 5666; x_wconf 85' lang='grc' dir='ltr'><strong>ΕΙ</strong></span> <span class='ocrx_word' id='word_1_859' title='bbox 2412 5613 2534 5679; x_wconf 83' lang='lat' dir='ltr'><strong>llls.,</strong></span> <span class='ocrx_word' id='word_1_860' title='bbox 2557 5611 2810 5665; x_wconf 89' lang='lat' dir='ltr'><strong>malorum</strong></span> <span class='ocrx_word' id='word_1_861' title='bbox 2841 5617 2936 5662; x_wconf 81' lang='lat' dir='ltr'><strong>est.</strong></span> 
     </span>
    </p>
   </div>
   <div class='ocr_carea' id='block_1_118' title="bbox 2267 5680 2842 5750">
    <p class='ocr_par' dir='ltr' id='par_1_118' title="bbox 2267 5680 2842 5750">
     <span class='ocr_line' id='line_1_118' title="bbox 2267 5680 2842 5750; baseline -0.017 -10"><span class='ocrx_word' id='word_1_862' title='bbox 2267 5697 2287 5723; x_wconf 68' lang='grc' dir='ltr'><strong>ε’</strong></span> <span class='ocrx_word' id='word_1_863' title='bbox 2332 5684 2476 5739; x_wconf 77' lang='lat' dir='ltr'><strong>Fullo</strong></span> <span class='ocrx_word' id='word_1_864' title='bbox 2508 5724 2520 5750; x_wconf 89' lang='lat'><strong>,</strong></span> <span class='ocrx_word' id='word_1_865' title='bbox 2547 5680 2842 5737; x_wconf 82' lang='lat' dir='ltr'><strong>secundum.</strong></span> 
     </span>
    </p>
   </div>
  </div>
