4030 6318
212 295 319 352 577

1398 295 1551 351 Vl'l‘A
1594 295 1679 351 ET
1725 297 1959 356 PASSIO
1999 302 2055 355 S.
2102 302 2464 359 DliSlDERII:

3396 325 3505 383 378

211 411 428 464 muliere
449 449 464 475 ,
498 409 690 479 factum
720 406 810 460 sub
854 404 979 475 lege.
1024 402 1079 458 in
1129 418 1191 459 ea
1240 415 1430 460 natura
1458 406 1654 462 dicitur
1678 423 1798 463 esse
1827 412 1879 469 Α
1903 412 1989 479 pio
2009 421 2121 465 erat
2158 412 2399 480 Verbum,
2428 424 2475 469 et
2516 415 2736 474 Verbum
2764 431 2876 476 erat
2897 425 3038 492 apud
3064 424 3229 482 Deum
3247 469 3262 496 ,
3286 440 3336 486 et
3359 433 3503 491 Deus

207 505 488 574 subjectus
510 541 526 567 ,
549 504 603 556 in
624 516 727 569 qua
749 502 847 555 sub
877 499 992 566 lege
1019 514 1085 554 ex
1116 499 1341 554 muliere
1371 501 1609 555 nascitur
1637 515 1804 570 gene-

207 606 380 652 ratus.
435 593 493 649 Si
534 592 660 664 quid
712 607 842 648 sane
887 592 1032 646 illam
1076 590 1267 646 divinis
1317 592 1660 660 reperiantur
1686 594 1803 648 elo-

204 687 352 754 quiis
376 727 391 752 ,
422 697 442 723 ιι
472 687 595 754 quia
645 684 845 739 Christi
895 698 1181 752 personam
1237 683 1381 738 Patri
1422 682 1804 752 subjectinrem

203 780 442 833 eﬂiciant
473 818 489 844 ,
519 793 626 832 non
670 787 916 831 naturam
952 775 1168 833 deitatis
1196 783 1425 831 evacuat
1447 817 1463 842 ,
1497 775 1591 830 sed
1615 781 1802 831 verum

200 873 485 927 hominem
531 872 748 928 deitatis
796 871 984 927 deitati
1025 870 1324 941 subjectum
1357 872 1607 928 allirmet.
1638 872 1805 942 Igitur

203 965 299 1019 ubi
328 965 442 1021 Deo
469 963 612 1019 Patri
643 963 781 1021 Deus
801 963 967 1021 Filius
989 963 1211 1034 aequalis
1239 964 1560 1025 ostenditur,
1592 965 1659 1019 de
1682 965 1802 1020 the-

199 1040 382 1111 sauris
417 1071 585 1111 sacra:
614 1056 742 1124 legis
772 1054 919 1109 velut
962 1054 1154 1108 ﬂorum
1190 1054 1366 1125 capita
1395 1054 1602 1110 delecta
1634 1055 1803 1110 colle-

199 1147 422 1214 gimus,
475 1154 529 1199 et
578 1146 677 1200 sub
723 1161 830 1200 uno
877 1154 1133 1215 congesta
1189 1146 1569 1201 exhaurientes
1614 1148 1798 1202 :eterni

198 1237 351 1304 regis
379 1237 517 1291 dona
544 1238 912 1306 porreximus:
943 1237 1081 1291 Dicit
1110 1237 1252 1291 enim
1281 1235 1420 1290 ﬁlius
1451 1234 1596 1290 Patri
1625 1254 1635 1289 :
1667 1235 1797 1291 0m-

197 1326 292 1378 nia
325 1342 436 1380 mea
457 1335 544 1379 tua
569 1336 689 1380 sunt
714 1343 732 1391 ;
757 1335 811 1381 et
837 1342 1020 1381 rursus
1038 1327 1362 1396 evangelista
1382 1344 1395 1379 :
1415 1326 1490 1379 2E
1495 1329 1697 1399 qualem
1723 1345 1795 1391 se,

196 1414 421 1481 inquit,
451 1415 648 1484 faciens
705 1415 816 1469 Deo
864 1418 1005 1470 omni
1052 1416 1275 1481 virtute;
1306 1428 1357 1471 et
1386 1415 1502 1487 Ego
1551 1427 1600 1470 et
1642 1416 1801 1470 Pater

201 1519 369 1556 unum
410 1520 610 1559 sumus.
643 1504 710 1560 Et
740 1506 792 1560 in
823 1508 1314 1575 consequentibus:
1352 1507 1421 1562 Ut
1446 1509 1550 1561 sint
1575 1510 1628 1562 in
1652 1510 1799 1563 nobis

192 1608 381 1653 unum.
399 1595 530 1648 sicut
558 1604 606 1648 et
635 1613 729 1667 ego
758 1605 806 1649 et
830 1605 881 1649 tu
908 1613 1065 1650 unum
1092 1614 1267 1651 sumus
1289 1615 1307 1662 ;
1335 1606 1392 1652 et
1416 1616 1430 1650 :
1470 1598 1590 1651 Non
1625 1600 1799 1651 credi-

198 1684 328 1737 disti
354 1685 476 1754 quia
520 1703 613 1757 ego
660 1688 714 1741 in
757 1686 919 1741 Patre
944 1729 959 1755 ,
986 1697 1033 1740 et
1083 1686 1244 1742 Pater
1282 1690 1337 1744 in
1370 1706 1448 1743 me
1497 1690 1800 1745 est7Pater

1908 512 2019 556 erat
2060 503 2297 560 Verbum.
2341 506 2721 567 Conticescant
2771 529 2900 586 ergo
2929 517 3260 577 dementium
3301 535 3499 595 poten-

1908 595 2030 652 tiosi
2076 599 2339 656 sermonis
2381 600 2575 671 linguae
2616 608 2937 663 sententiam
2980 610 3161 680 ferre,
3190 629 3310 684 qua:
3339 620 3506 676 anhe-

1908 688 2085 780 lantes
2111 700 2372 747 conantur
2397 693 2591 750 Filium
2621 711 2653 751 a
2683 696 2857 755 Patris
2885 703 3184 763 substantia
3215 724 3492 780 separare.

1906 778 1984 834 De
2014 779 2217 850 Spiritu
2246 793 2439 840 sancto
2464 827 2480 853 ,
2508 789 2602 856 qui
2628 804 2750 845 cum
2778 789 2939 849 Patre
2965 804 3020 851 et
3046 796 3182 854 Filio
3215 778 3504 860 invunitate

1904 871 2117 927 virtutis
2164 875 2391 945 aequalis
2418 878 2549 931 vivit
2578 890 2632 933 et
2676 891 2867 952 regnat
2896 926 2911 951 ,
2943 885 3103 941 talem
3152 890 3418 947 inlelicem
3447 902 3503 949 et

1904 966 2050 1020 omni
2081 965 2230 1023 fonte
2251 968 2613 1041 lacrymarum
2639 975 2921 1045 plangendi
2945 979 3234 1049 opinantur
3253 986 3500 1042 sensibus

1902 1057 2213 1125 opinionem
2233 1100 2247 1123 ,
2272 1060 2544 1117 oblatrare
2572 1065 2759 1119 caecati
2775 1111 2789 1133 ,
2819 1076 3090 1137 quatenus
3112 1076 3498 1140 prosecutione

1902 1146 2087 1238 funera
2116 1188 2131 1213 ,
2162 1152 2323 1221 impia
2351 1195 2366 1221 ,
2396 1154 2621 1209 sauciati
2649 1156 2916 1214 dementia
2943 1200 2958 1227 ,
2989 1176 3019 1215 a
3058 1161 3219 1219 Patre
3249 1165 3498 1238 Filioque

1898 1237 2191 1295 dissociant
2214 1281 2229 1306 ,
2262 1249 2316 1296 et
2358 1258 2462 1298 non
2495 1244 2659 1299 Deum
2685 1246 2871 1316 (quod
2896 1248 3000 1304 dici
3028 1250 3177 1308 nefas
3205 1253 3311 1325 est)
3344 1296 3360 1322 ,
3400 1237 3494 1313 sed

1898 1338 2220 1396 creaturam,
2237 1334 2518 1390 sceleratis
2539 1337 2760 1392 vocibus
2786 1351 3097 1408 personant.
3120 1342 3285 1401 Sacra
3311 1356 3491 1404 tamen

1898 1424 2193 1480 auctoritas
2241 1425 2472 1496 eloquiis
2521 1429 2774 1499 opulenta
2813 1432 3327 1505 divinis,Spiritum
3367 1456 3495 1494 sau-

1898 1521 2046 1569 ctum
2072 1530 2193 1571 esse
2240 1517 2406 1572 Deum
2440 1528 2494 1574 et
2534 1520 2845 1577 Creatorem
2878 1540 2999 1581 cum
3047 1526 3207 1584 Patre
3244 1538 3299 1585 et
3340 1531 3492 1596 Filio,

1897 1606 2207 1661 clarissimis
2229 1606 2312 1662 his
2338 1608 2584 1667 aﬂatibus
2614 1612 3005 1670 demonstravit
3029 1634 3042 1671 :
3076 1617 3264 1686 Verbo,
3290 1621 3483 1690 inquit,

1901 1695 2114 1752 Domini
2136 1699 2247 1753 caeli
2277 1701 2473 1769 ﬁrmati
2496 1713 2616 1757 sunt
2638 1713 2688 1758 et
2712 1706 2896 1775 spiritu
2924 1710 3028 1763 oris
3057 1710 3170 1780 ejus
3193 1715 3362 1767 omnis
3384 1715 3493 1768 vir-

196 1792 348 1875 meus
397 1788 658 1846 operatur,
688 1788 738 1831 et
774 1795 870 1875 ego
914 1796 1142 1875 operor;
1187 1780 1583 1875 atqutEUSicut
1632 1782 1793 1875 Pater
1824 1785 1871 1845 Β
1897 1796 1979 1843 tus
2030 1807 2224 1845 eorum.
2284 1792 2489 1848 Rursus
2550 1796 2640 1865 qui
2694 1811 2854 1867 supra
2894 1799 3117 1868 pulchra
3155 1818 3253 1872 per
3279 1803 3492 1875 eloquia

193 1867 417 1959 suscitat
458 1878 720 1959 mortuos,
747 1879 796 1923 et
825 1871 1048 1940 viviﬁeat
1074 1889 1089 1934 ;
1116 1872 1189 1925 ita
1230 1870 1295 1925 ἐι
1322 1870 1492 1926 Filius
1523 1889 1655 1943 quos
1692 1874 1797 1927 vult
1892 1879 2161 1934 intimavit
2193 1898 2205 1933 :
2238 1880 2432 1936 Emitte
2473 1885 2713 1952 spiritum
2752 1867 2931 1954 tuumi,
2974 1898 3024 1943 et
3080 1867 3409 1959 creabantur,
3445 1905 3495 1947 et

193 1958 426 2027 civi/ica!
447 1967 559 2022 ;et:
582 1957 681 2024 Qui
709 1977 788 2013 me
810 1961 955 2029 cidit,
988 1962 1112 2015 vidit
1134 1971 1182 2014 et
1206 1959 1452 2027 Patrem;
1474 1971 1563 2017 et:
1591 1961 1690 2026 Qui
1718 1980 1799 2017 me
1890 1970 2159 2024 inuovabis
2190 1972 2377 2041 faciem
2402 1983 2569 2028 teme.
2592 1973 2707 2029 Rex
2734 1975 2825 2031 ille
2849 1979 3059 2033 cunctis
3078 1957 3411 2049 prudentior,
3437 1992 3494 2037 et

195 2049 334 2112 odit,
357 2050 465 2103 edit
488 2059 537 2103 et
565 2049 777 2105 Patrem
798 2068 995 2114 meum;
1027 2051 1391 2121 et:Ctarifica
1415 2051 1610 2106 Filium
1632 2062 1793 2118 tuum,
1893 2060 2203 2129 propheta:
2264 2059 2428 2130 Ipse,
2472 2062 2685 2131 inquit,
2734 2067 2927 2119 creavit
2978 2083 3039 2121 ea
3094 2085 3185 2137 per
3237 2068 3491 2139 Spiritum

192 2150 253 2193 ut
282 2150 335 2195 et
362 2140 530 2196 Filius
555 2153 667 2197 tuus
688 2144 937 2214 clariﬂcet
965 2155 1052 2209 te;
1092 2153 1177 2198 et:
1202 2142 1314 2214 Ego
1336 2145 1621 2215 clari/icavi
1642 2161 1797 2212 super
1889 2159 2143 2205 sanctum.
2178 2150 2607 2210 Patientissimus
2633 2170 2805 2223 ptenae
2846 2156 2987 2211 ultra
3018 2173 3208 2213 omnes
3238 2159 3488 2214 homines

195 2243 395 2294 terram
416 2270 433 2297 ,
456 2244 505 2288 et
557 2236 881 2306 manifestavi
922 2253 1107 2291 nomen
1157 2245 1299 2291 tuum
1329 2235 1643 2292 hominibus.
1673 2236 1792 2291 iam
1884 2237 2023 2294 Job:
2062 2239 2276 2295 Divinas
2299 2281 2316 2307 ,
2344 2244 2420 2297 ait
2440 2284 2455 2307 ,
2489 2244 2719 2313 Spiritus
2748 2247 2837 2315 qui
2875 2248 3065 2301 creavit
3095 2266 3193 2302 me.
3228 2248 3487 2304 Bellatrix

193 2333 257 2379 ut
271 2324 805 2395 omnisconquiescat
826 2327 1163 2383 cabilationis
1189 2329 1440 2392 intentio,
1467 2330 1633 2395 hanc,
1666 2345 1790 2385 sen-
1893 2345 2127 2400 namque
2151 2332 2216 2386 Ju
2239 2333 2332 2386 lith
2369 2353 2380 2387 :
2418 2334 2551 2399 Tibi,
2592 2336 2765 2404 inquit
2794 2376 2809 2400 ,
2834 2340 2987 2392 servit
3016 2341 3184 2393 omnis
3210 2352 3451 2394 creatura
3470 2382 3485 2407 ,

193 2418 423 2473 tentiam
464 2418 685 2474 Joannis
717 2422 998 2489 prtevisam
1029 2421 1300 2489 accipiant
1327 2430 1384 2476 et
1406 2420 1696 2476 defendant
1734 2422 1787 2477 in
1892 2424 1977 2491 qui
2021 2423 2219 2492 dixisti,
2249 2436 2297 2479 et
2326 2427 2466 2497 facta
2512 2438 2667 2495 sunt;
2702 2430 2889 2483 misisti
2931 2430 3183 2501 Spiritum
3225 2443 3365 2487 tuum
3389 2472 3404 2498 ,
3434 2446 3485 2486 et

192 2507 306 2562 isto
327 2508 486 2565 modo
514 2510 873 2565 sacratissima
915 2511 1078 2566 verba
1107 2520 1418 2568 narrantem
1444 2528 1458 2566 :
1489 2510 1555 2566 In
1586 2511 1786 2582 princi-
1898 2521 2070 2566 creata
2096 2525 2236 2568 sunt.

268 2697 295 2724 α
327 2682 483 2743 Fuit:
502 2725 525 2755 ,
553 2687 689 2757 alga.

192 2830 1283 2853 “Mm-dom-

1286 2837 2144 2863 Μ

1384 2944 2280 3086 srsnnu'rs,

1551 3112 1896 3163 GOTi-lOiiUM
1942 3112 2145 3173 REGIS,

530 3230 977 3361 VITA
1032 3232 1260 3360 ET
1322 3228 1956 3377 PASSIO
2022 3235 2146 3358 S.
2202 3238 3152 3370 DESIDERII.

1758 3422 1931 3432 ,-

1365 3482 1575 3543 (Florrz,
1598 3481 1786 3543 Espaim
1810 3481 2059 3546 Sagrada,
2081 3486 2117 3531 t.
2143 3481 2310 3545 XXX.)

261 3649 318 3702 1.
360 3650 465 3705 Pro
521 3649 817 3706 imitatione
868 3650 1246 3719 praesentium,
1278 3664 1374 3720 pro
1420 3649 1777 3705 aediﬁcatione
1806 3652 1850 3712 C
1883 3648 2110 3718 praebuit
2158 3647 2371 3704 inlirmo
2418 3657 2803 3719 carceratoque
2852 3650 3135 3719 solatium,
3192 3656 3477 3724 peregrino

184 3745 470 3800 hominum
499 3742 796 3798 futurorum
822 3782 837 3808 ,
867 3759 967 3814 pro
1007 3743 1204 3799 sanctis
1252 3742 1569 3797 exercendis
1592 3743 1781 3798 studiis

180 3832 590 3888 succedentium
619 3838 941 3900 temporum,
964 3832 1129 3884 vitam
1161 3830 1333 3885 sancti
1365 3831 1613 3902 martyris
1642 3831 1779 3885 scri-

181 3929 318 3981 bere
369 3924 626 3981 Desiderii
667 3926 921 3995 disposui,
963 3939 1189 3994 quaeque
1234 3932 1432 3979 nostra:
1481 3924 1776 3993 cognitioni

180 4017 358 4070 litlclis
388 4016 524 4069 fama
556 4016 817 4080 innotuit,
843 4017 986 4071 sicco
1016 4016 1184 4085 magis
1210 4014 1382 4086 stylo,
1408 4030 1570 4084 quam
1600 4014 1780 4069 verbis

178 4116 384 4162 onusto
422 4107 656 4162 faleratis
697 4107 925 4175 innotui,
956 4122 1073 4176 quae
1122 4106 1311 4162 adesse
1356 4106 1510 4161 nobis
1538 4105 1779 4175 ﬂagitans

179 4199 225 4253 Ι)
250 4198 474 4253 ιηιίηυιη
505 4198 811 4253 adfuturum
837 4241 851 4266 ,
884 4199 976 4269 qui
1006 4197 1265 4255 faciendis
1287 4198 1577 4254 virtutibus
1606 4198 1653 4252 ei
1682 4215 1779 4254 nec

177 4289 458 4343 immerito
505 4290 732 4343 contulit
785 4298 1109 4359 potestatem
1138 4330 1152 4354 ,
1186 4298 1461 4358 torporem
1489 4289 1687 4344 mentis
1713 4304 1777 4344 ac

176 4378 379 4445 linguae
409 4387 605 4432 nostrae
653 4378 943 4433 discutiens
965 4418 981 4440 ,
1017 4378 1082 4431 ad
1113 4379 1473 4432 enarrandum
1503 4387 1774 4446 gestorum

174 4470 428 4524 ordinem
457 4470 691 4540 indignis
716 4470 869 4531 nobis
896 4470 1139 4525 conferat
1163 4470 1487 4526 facultatem.

248 4556 305 4619 ‘2.
348 4556 447 4613 Hic
470 4559 572 4625 vir,
603 4559 670 4614 de
699 4560 913 4615 stimate
939 4560 1085 4615 claro
1116 4559 1375 4615 Romanis
1402 4576 1432 4614 a
1461 4560 1776 4630 parentibus

172 4657 334 4703 ortus
359 4690 373 4714 ,
403 4653 470 4703 ab
500 4649 628 4718 ipsis
656 4650 935 4707 cunabulis
956 4652 1068 4705 Deo
1096 4661 1359 4716 sacratus,
1390 4652 1774 4707 nobilissimam

170 4740 313 4795 satis
336 4740 584 4795 trahebat
613 4742 937 4811 prosapiam.
969 4742 1070 4810 Qui
1102 4757 1224 4797 eum
1255 4758 1424 4797 annos
1454 4758 1561 4811 quo
1590 4741 1669 4796 fas
1693 4750 1775 4796 est

169 4831 363 4884 doceri
392 4831 703 4901 contigisset
740 4832 1032 4901 legitimos,
1067 4832 1297 4887 traditur
1325 4832 1390 4885 ad
1423 4832 1596 4885 studia
1630 4842 1652 4867 ⁸
1688 4831 1761 4887 lit-

171 4932 441 4977 terarum.
498 4922 610 4978 Nec
641 4925 807 4977 multa
845 4924 1052 4978 morula
1082 4933 1467 4979 ceucrescente
1495 4938 1685 4978 sensus
1728 4924 1769 4978 si

1887 3742 2216 3812 hospitium,
2249 3742 2392 3796 nudo
2422 3742 2635 3796 vestivit
2666 3743 2939 3797 amictum.
2964 3743 3079 3798 Non
3104 3744 3248 3798 illum
3272 3747 3477 3799 cunctis

1885 3832 2098 3886 inimica
2122 3832 2284 3886 elatio
2306 3832 2591 3887 virtutibus
2613 3834 2820 3897 extulit,
2842 3849 2947 3886 non
2970 3834 3221 3903 languida
3253 3834 3278 3873 ι)
3302 3844 3446 3890 teinu
3471 3872 3476 3877 -

1883 3922 2045 3978 lentia
2070 3922 2331 3977 sauciavit
2352 3963 2367 3987 ,
2393 3938 2498 3976 non
2526 3924 2765 3978 ciborum
2798 3923 2958 3978 nimia
2981 3926 3326 3996 praesumptio
3347 3941 3451 3981 one

1883 4013 2019 4067 ravit
2048 4052 2063 4079 ,
2094 4028 2201 4067 non
2229 4027 2395 4066 vorax
2428 3998 2593 4067 libido
2621 4014 2862 4083 corrupit
2884 4052 2899 4076 ,
2932 4029 3041 4069 non
3068 4014 3229 4070 fallax
3253 4016 3447 4070 mendo

1883 4104 2016 4159 sitas
2067 4103 2401 4172 demutavit,
2434 4119 2541 4158 non
2587 4103 2852 4174 cupiditas
2898 4105 3143 4159 nocitura
3174 4106 3441 4175 persuasit

1881 4210 2109 4264 cumque
2141 4195 2334 4249 talibus
2363 4194 2545 4249 divino
2584 4194 2769 4250 lavore
2800 4196 3088 4251 virtutibus
3115 4197 3382 4265 polleret,
3413 4203 3474 4251 et

1881 4297 2052 4343 metas
2078 4295 2382 4357 temporum
2414 4287 2714 4358 pubertatis
2744 4288 2961 4358 elapsus
2983 4287 3249 4356 juveniies
3278 4303 3470 4352 annos,

1883 4392 1989 4431 non
2018 4378 2284 4432 desideria
2350 4385 2591 4448 caperet,
2643 4377 2784 4432 fama
2816 4379 3017 4433 bonum
3066 4378 3320 4445 opinione
3348 4393 3471 4432 cre-

1880 4475 2067 4522 scente
2092 4506 2107 4531 ,
2138 4467 2336 4537 sparsit
2371 4480 2423 4521 ct
2452 4483 2615 4537 opera
2647 4468 2860 4523 luminis
2888 4482 2919 4520 a
2957 4482 3088 4522 vero
3119 4466 3316 4522 lumine
3344 4483 3473 4523 con-

1878 4557 2074 4612 donata
2100 4596 2115 4621 ,
2139 4556 2319 4611 multis
2366 4558 2418 4611 in
2463 4558 2773 4625 regionibus
2815 4557 3116 4613 t-oruscavit
3139 4600 3156 4629 ,
3183 4558 3471 4613 multarum

1882 4649 2117 4719 denique
2147 4648 2357 4702 urbium
2388 4664 2487 4717 pro
2514 4649 2788 4704 beneﬁciis
2810 4649 3022 4720 populis
3049 4650 3325 4721 capiendis
3346 4667 3467 4706 eum

1876 4739 2343 4809 sibimetepisc0pi
2361 4752 2604 4794 sanctum
2630 4741 2977 4809 poposcerint
3005 4754 3025 4780 ο
3051 4760 3064 4806 ;
3090 4743 3179 4813 qui
3201 4742 3471 4798 reluctans

1879 4833 2009 4885 tanti
2037 4831 2277 4902 mysterii
2300 4872 2316 4896 ,
2345 4842 2397 4884 ut
2424 4847 2481 4886 se
2513 4832 2674 4889 habet
2706 4833 2978 4890 humilitas
3002 4875 3016 4899 ,
3044 4834 3301 4905 imparem
3322 4830 3466 4900 fore,

1878 4922 1929 4976 in
1952 4922 2151 4989 lignum
2177 4936 2236 4975 se
2260 4922 2547 4975 fatebatur.

166 5010 366 5079 vigore
390 5051 403 5074 ,
432 5012 543 5078 jam
575 5011 766 5067 doctus
798 5011 1180 5066 transcendens
1206 5052 1221 5077 ,
1254 5012 1559 5082 plenissime
1588 5025 1768 5080 gram-
1797 5010 1847 5066 1)
1946 5012 2001 5066 5.
2043 5011 2283 5067 Tandem
2311 5028 2417 5067 non
2448 5013 2466 5086 [
2491 5012 2639 5083 tam]
2667 5014 3076 5080 voluntarium,~
3088 5018 3247 5083 quam
3277 5013 3467 5084 impul-

166 5104 390 5158 maticte
422 5104 646 5160 docatus
670 5146 683 5168 ,
716 5106 926 5160 divinas
954 5107 1303 5162 auctoritates
1333 5108 1465 5162 mira
1495 5108 1771 5163 celeritate

164 5196 466 5252 retinendo
496 5199 787 5268 explicuit:
824 5197 920 5251 fuit
950 5198 1093 5252 enim
1125 5199 1424 5269 capacitate
1478 5209 1729 5256 strenuus
1756 5247 1771 5273 ,

164 5287 556 5342 recordatione
583 5288 937 5343 memoriosus
960 5327 978 5352 ,
1009 5288 1224 5356 ingenio
1252 5288 1414 5342 animi
1441 5290 1768 5357 acerrimus,

161 5378 505 5447 loquacitate
535 5380 864 5443 clarissimus
886 5420 902 5445 ,
931 5388 985 5434 et
1010 5378 1157 5449 quod
1208 5379 1291 5434 his
1316 5381 1565 5438 omnibus
1599 5382 1771 5452 majus

160 5482 252 5526 est
305 5509 321 5534 ,
354 5470 405 5547 in
456 5473 602 5527 omni
629 5488 725 5527 sua
779 5473 993 5528 actione
1047 5476 1764 5542 compunctus;esurienti,

155 5560 324 5632 juxta
358 5559 703 5631 Evangelium
730 5606 744 5631 ,
785 5566 981 5621 victum
1007 5606 1023 5633 ,
1054 5562 1257 5621 sitienti
1304 5564 1499 5619 obtulit
1540 5577 1720 5638 potum
1749 5608 1761 5634 ,

241 5663 268 5721 ἐι
315 5651 458 5721 Τ‹›1.,
487 5658 734 5715 studium.

242 5720 267 5759 ι’
316 5722 432 5787 Tu‘l.
457 5768 468 5789 ,
501 5727 755 5798 lurgmfda.

1873 5119 1989 5159 sum
2040 5105 2225 5160 multis
2254 5105 2507 5175 precibus
2536 5114 2850 5175 exoptatum
2890 5105 3198 5176 pontilicem
3228 5105 3464 5159 Ecclesia

1880 5196 2193 5252 Viennensis
2246 5197 2587 5266 promeruit:
2641 5213 2801 5269 quam
2844 5204 3146 5269 susceptam
3171 5238 3187 5265 ,
3218 5195 3467 5265 praedica-

1875 5291 2021 5344 tione
2057 5289 2364 5345 cautissima
2412 5290 2642 5346 removit
2669 5291 2736 5345 ab
2782 5291 2859 5344 ira
2892 5290 3176 5357 litigiosum
3204 5332 3218 5357 ,
3252 5302 3280 5341 a
3310 5302 3463 5341 men-

1877 5381 2115 5437 dositate
2152 5381 2400 5438 fallacem
2425 5423 2440 5448 ,
2471 5397 2511 5455 a’
2546 5382 2839 5456 rapacitate
2869 5380 3117 5450 cupidum
3141 5420 3156 5443 ,
3189 5394 3217 5433 a
3249 5377 3466 5448 ﬂagitiis

1881 5472 1971 5526 libi
1996 5472 2227 5529 linosum
2252 5513 2267 5537 ,
2304 5472 2673 5528 temulentiam
2721 5471 3015 5528 sobrietate
3046 5467 3286 5525 edomuit
3319 5511 3333 5535 ,
3365 5485 3462 5523 vo-

1878 5566 2153 5623 racitatcm
2180 5565 2506 5621 abstinentia
2538 5565 2808 5634 superavit
2836 5603 2850 5630 ,
2881 5561 3203 5619 discordiam
3237 5563 3349 5621 (lia'
3369 5564 3459 5619 ila-

1951 5671 1970 5695 ε
2014 5655 2067 5709 Εη
2116 5657 2584 5727 δίδηροροεσίιθὶι.
