4030 6318
529 305 633 361 57‘.)
1669 298 1975 354 διδειιυῑι
2020 298 2132 351 00

2236 297 2401 350 ηιωι
2443 297 2641 351 REGIS
3714 305 3831 361 ἔξω

525 420 595 474 tis
623 431 848 472 munere
875 417 1033 482 vicit,
1058 415 1361 486 superbiam
1390 410 1687 467 humilitate
1716 409 1937 477 {sincera
1968 422 2120 462 com-
2153 410 2199 465 Λ
2232 404 2299 459 de
2328 404 2496 472 gratia
2524 403 2814 458 sanitatuzn
2846 419 3026 457 sei-mo
3052 406 3317 473 generalis
3348 408 3566 463 emicuit
3590 426 3604 475 ;
3634 413 3736 465 sed
3764 429 3837 468 ne

526 508 738 579 pescuit
758 546 772 572 ,
801 506 1214 572 incertissimum
1244 501 1515 570 vigilantia
1539 514 1570 552 a
1601 507 1817 567 torpore
1834 496 2071 551 excussit
2097 536 2112 560 ,

531 598 749 654 edocuit
794 598 846 651 in
884 595 1405 665 eleemosynisvesse
1436 590 1691 657 largiores
1715 627 1729 650 ,
1763 588 2033 654 gratillcos
2062 586 2115 638 in

528 690 774 743 oratione
828 696 1179 756 compunctos
1209 722 1222 746 ,
1258 685 1308 736 in
1358 681 1591 735 amicitia
1647 676 1782 732 lixas
1811 678 1905 739 .in
1957 677 2119 730 rebus

527 776 882 848 dijudicandis
908 776 1167 830 sollicitos
1192 815 1205 837 ,
1241 774 1293 827 in
1325 771 1471 827 omni
1524 783 1739 836 semper
1768 769 1979 822 actione
2009 766 2117 819 dis-

527 878 729 933 cretos.
761 866 866 920 Sed
897 866 1010 919 haec
1040 864 1219 919 omnia
1270 861 1517 930 exemplo
1546 861 1713 927 magis
1741 874 1901 928 quam
1934 856 2115 910 verbis

528 962 746 1015 edocuit
768 1002 783 1025 ,
816 959 995 1013 sciens
1031 957 1313 1010 Dominum
1344 953 1650 1008 adfuturum
1679 994 1692 1017 ,
1726 969 1831 1006 non
1864 959 1970 1003 tam
2000 950 2114 1004 elo-

527 1052 650 1120 quia
681 1051 1028 1120 quaesiturum
1054 1064 1215 1116 quam
1247 1061 1432 1115 Opera.

596 1139 648 1192 4.
690 1139 794 1194 Ista
824 1139 1181 1192 dumChristo
1210 1135 1543 1191 concedente
1560 1141 1839 1200 geruntur,
1864 1132 2119 1187 adversus

528 1233 805 1286 conversis
850 1241 905 1285 et
948 1245 1241 1285 conversus
1290 1226 1493 1280 aversis
1540 1226 1787 1278 inventor
1813 1232 1867 1277 ct
1914 1224 2118 1277 amicus

529 1324 719 1377 mortis
745 1323 1001 1389 ingemuit
1030 1363 1042 1385 ,
1076 1332 1237 1388 atque
1268 1327 1454 1373 contra
1489 1317 1711 1369 militem
1744 1315 1940 1369 Christi
1971 1316 2116 1367 omni

531 1428 730 1481 genere
761 1421 944 1481 septas
977 1412 1243 1473 telorum,
1275 1410 1507 1477 seipsum
1536 1416 1866 1475 pugnaturus
1895 1406 2114 1485 invexit.

531 1498 673 1557 Nihil
729 1518 859 1557 sane
917 1502 1178 1556 calliditas
1226 1499 1563 1554 adversantis
1620 1496 1932 1566 prmvaluit,
1986 1494 2117 1548 nihil

533 1597 707 1649 viratu
788 1595 881 1647 Dei
953 1594 1264 1646 calamitosa
1340 1591 1573 1659 nequitia
1650 1589 1880 1655 docuit,
1952 1602 2117 1655 quem

536 1688 706 1755 gratia
790 1685 1167 1752 Redemptoris
1235 1683 1562 1751 specialibus
1633 1682 1795 1733 armis
1865 1680 2112 1733 armavit.

537 1778 773 1831 Tandem
810 1775 1041 1845 Spiritus
1081 1790 1310 1843 nequam
1342 1772 1626 1841 quemdam
1674 1770 1939 1839 pestifera:
1970 1784 2111 1821 men-
2150 1766 2195 1823 Β

536 1870 604 1923 tis
670 1868 941 1922 hominem
996 1868 1141 1920 virus
1205 1866 1419 1933 vipereo
1476 1864 1736 1917 sauciarit
1788 1871 1841 1916 et
1900 1862 2120 1915 COnCitt-

535 1960 781 2013 nationes
825 1958 1106 2013 criminum
1150 1958 1200 2010 in
1245 1957 1364 2025 ejus
1415 1952 1926 2021 visceribuspocnla
1953 1967 2119 2005 vene-

534 2060 662 2103 nata
693 2048 1018 2111 transfodit,
1053 2056 1319 2116 quatenus
1366 2062 1426 2099 os
1457 2044 1743 2099 nefandum
1788 2042 1933 2112 quod
1968 2043 2121 2095 mali-

536 2140 656 2207 gnis’
697 2140 943 2194 sensibus
990 2140 1176 2202 auxit,
1207 2137 1466 2191 athletam
1524 2134 1734 2190 Domini
1781 2147 1934 2202 :cque
1975 2147 2125 2186 mens

540 2239 565 2266 ³
596 2230 916 2294 infamaret,
950 2227 1213 2298 persuasit
1242 2226 1501 2298 quosdam
1532 2226 1583 2280 in
1611 2242 1710 2281 suo
1740 2225 1957 2279 nomine
1978 2240 2125 2277 com-

545 2340 701 2394 pares
729 2366 743 2389 ,
771 2333 827 2379 et
857 2324 1112 2377 adversus
1142 2321 1399 2374 famulum
1428 2320 1725 2374 Salvatoris
1767 2319 1891 2372 talia
1924 2316 2125 2370 fraudis

543 2416 864 2470 documenta
889 2413 1161 2467 fraudator
1181 2412 1386 2482 aptavit
1411 2454 1425 2477 ,
1452 2419 1709 2478 regnante
1738 2410 1894 2463 simul
1917 2409 2128 2464 scilicet

543 2505 904 2573 Theoderico,
930 2505 1093 2558 totius
1122 2505 1395 2558 hominem
1417 2503 1658 2556 stultitia:
1686 2501 1904 2569 dignum
1932 2509 1986 2554 et
2014 2499 2129 2552 fau-

545 2598 731 2651 tricem
762 2597 1112 2665 pcssimarum
1143 2595 1370 2658 artium,
1395 2593 1547 2647 malis
1570 2593 1966 2656 amicissimam,
1996 2590 2129 2643 Bru-

543 2691 791 2761 nigildem
812 2709 826 2755 ;
849 2688 1132 2758 quamdam
1165 2688 1188 2723 b
1221 2688 1422 2758 pariter
1451 2696 1751 2740 matronam
1781 2685 2127 2750 conveniunt,

542 2798 663 2852 qua:
685 2792 800 2837 erat
826 2782 1087 2850 prosapia:
1116 2780 1330 2843 nobilis,
1354 2780 1445 2834 sed
1477 2787 1657 2833 mente
1686 2777 1961 2842 deformis,
1985 2778 2130 2846 jnsta

544 2873 806 2927 vocabulo
832 2914 846 2937 ,
879 2873 1048 2941 turpis
1078 2872 1129 2924 in
1159 2878 1281 2925 acto
1310 2913 1323 2932 ,
1356 2872 1520 2924 decus
1548 2870 1602 2922 in
1630 2870 1848 2923 nomine
1870 2907 1883 2931 ,
1917 2868 2009 2922 sed
2033 2870 2127 2922 de-

546 2964 711 3018 decus
762 2962 933 3029 magis
978 2963 1028 3015 in
1061 2974 1225 3030 opere
1251 3002 1264 3026 ,
1296 2960 1447 3013 bonis
1478 2959 1693 3023 indigna
1722 2998 1736 3023 ,
1785 2958 2034 3012 nimirum
2065 2957 2132 3013 de

548 3053 702 3107 malis
749 3062 972 3119 onusta,
1002 3067 1031 3105 a
1075 3052 1301 3105 veritate
1350 3058 1570 3103 externa
1601 3092 1615 3115 ,
1650 3065 1680 3102 a
1722 3048 1948 3103 crimine
1996 3063 2131 3101 nun—

2225 498 2507 553 concinnis
2526 498 2701 552 oratio
2724 497 2791 552 de
2818 498 2978 552 nimia
3007 498 3277 554 brevitate
3298 499 3519 568 januam
3552 519 3837 572 pmscru-

2226 590 2388 643 tantis
2411 590 2747 643 observando
2777 589 3018 646 recludat
3046 632 3063 654 ,
3088 592 3398 659 specialiter
3419 596 3667 663 quaedam
3694 611 3838 664 qua-

2221 695 2435 749 cunque
2465 682 2614 748 potui
2646 680 3055 734 continuatione
3076 681 3202 736 huic
3226 683 3376 751 operi
3406 685 3837 751 pmnotandum

2221 774 2420 829 smdni.
2470 773 2701 840 Quidam
2731 783 2945 829 veteres
2983 789 3197 844 semper
3236 773 3499 828 obfuseati
3530 776 3792 829 tenebris
3817 819 3833 838 ,

2222 873 2434 933 tempus
2459 866 2774 919 obtinebant
2820 875 3143 920 nocturnum
3169 906 3184 930 ,
3234 874 3289 920 et
3317 867 3432 920 sine
3463 866 3669 920 lumine
3704 867 3837 922 vul-

2222 964 2373 1019 tum,
2422 971 2559 1025 quos
2616 957 2768 1011 miles
2809 957 3112 1013 dominicus
3141 1000 3156 1025 ,
3189 957 3414 1013 horrido
3468 959 3835 1013 tenebrarum

2221 1049 2484 1101 velamine
2509 1059 2793 1117 segregate
2818 1090 2832 1113 ,
2870 1050 2936 1103 ad
2970 1050 3206 1119 capitum
3232 1050 3489 1121 fulgidum
3520 1051 3707 1106 lumen
3742 1066 3843 1119 per

2220 1140 2312 1194 Dei
2344 1141 2569 1210 gratiam
2598 1157 2759 1196 orans
2788 1143 3083 1197 revocavit.

2404 1292 2503 1347 Ubi
2542 1302 2640 1347 tres
2671 1293 2859 1362 leprosi
2885 1311 2915 1346 α
2941 1304 3120 1347 sancto
3151 1293 3421 1348 Desiderio
3459 1296 3650 1347 curati.

2287 1404 2339 1459 6.
2371 1404 2495 1460 Post
2526 1404 2673 1471 talia,
2705 1405 3036 1475 mgritudinis
3065 1422 3173 1460 sua:
3218 1418 3325 1460 tres
3363 1408 3556 1460 morbo
3587 1419 3845 1475 oppressi

2221 1496 2416 1564 leprosi
2445 1496 2687 1549 medendi
2719 1497 2785 1550 ad
2836 1511 2959 1551 eum
2987 1498 3156 1565 gratia
3179 1506 3573 1565 convenerunt,
3602 1514 3847 1567 quorum

2219 1602 2445 1655 corpora
2493 1587 2683 1643 albedo
2742 1586 2999 1643 deformis
3058 1590 3362 1653 invaserat,
3415 1598 3470 1644 et
3519 1590 3849 1644 vulneraliie

2220 1681 2445 1735 atricum
2512 1691 2659 1735 artus
2718 1683 3005 1737 infelicium
3056 1684 3424 1750 obsidebant;
3480 1694 3717 1754 eratque
3767 1685 3850 1739 fe-

2229 1785 2311 1827 tor
2360 1774 2730 1837 intolerabilis,
2784 1784 2838 1830 et
2879 1777 3107 1845 qualitas
3153 1777 3419 1831 vertieosa
3470 1775 3622 1831 faciei
3686 1778 3851 1831 nimis

2223 1863 2537 1931 abundeque
2570 1864 2838 1918 horribilis
2863 1882 2876 1918 :
2902 1865 3235 1920 eviscerabat
3272 1866 3469 1918 humor
3514 1865 3729 1919 luridus
3773 1874 3852 1920 to-

2223 1963 2438 2021 tamque
2493 1968 2633 2021 pcne
2665 1956 2937 2009 czesariem
2971 1965 3026 2009 et
3080 1955 3324 2022 contagia
3385 1955 3695 2023 purulenta,
3738 1970 3855 2007 am-

2228 2047 2422 2112 putatis
2469 2046 2608 2115 pilis,
2646 2047 2872 2114 turpiter
2916 2047 3179 2101 radicibus
3248 2048 3428 2100 traxit.
3484 2047 3625 2112 Quas
3693 2048 3853 2099 labo-

2225 2138 2455 2191 rantium
2492 2136 2584 2191 Dei
2624 2152 2812 2191 servus
2867 2137 3136 2191 morbidas
3190 2139 3465 2207 passiones
3515 2137 3780 2199 ie:n0vit,
3809 2144 3857 2188 et

2225 2230 2382 2284 saluti
2406 2231 2631 2297 propria:
2674 2245 2834 2285 sanos
2864 2231 3169 2299 hilaresque
3193 2231 3447 2287 restituit.
3478 2230 3581 2285 Ista
3609 2230 3857 2283 Domina

2227 2319 2382 2374 solita
2413 2320 2609 2389 pietate
2652 2329 2973 2389 praestante.
3021 2321 3238 2374 auribus
3293 2321 3611 2375 Theoderici
3658 2338 3859 2375 rumor

2229 2410 2412 2480 pepuli
2472 2411 2778 2481 pariterque
2818 2410 3107 2480 ftrnnigildi
3164 2412 3409 2475 inseruit,
3450 2412 3538 2465 Dei
3579 2410 3858 2466 famulum

2230 2500 2356 2568 epul
2380 2501 2500 2553 ~ntis
2525 2501 2811 2554 virtutibus
2839 2502 3207 2564 sublimatum,
3239 2510 3292 2556 et
3327 2517 3547 2556 munere
3595 2512 3861 2570 potesta-

2232 2592 2299 2644 tis
2329 2591 2626 2658 nmuigeum
2655 2591 2853 2645 donum
2882 2594 2928 2645 ei
2957 2594 3251 2650 curationis
3281 2593 3449 2661 magis
3480 2609 3598 2647 esse
3619 2609 3861 2648 contra-

2232 2684 2670 2739 dictum.Statim
2710 2684 2901 2753 trepidi
2957 2686 3302 2752 maximoque
3359 2686 3548 2738 tinore
3576 2688 3857 2753 perculsi,

2198 2780 2646 2843 rpimscrutantes
2711 2784 2836 2827 ante
2890 2775 2967 2833 rei
3027 2777 3238 2841 negotia
3270 2784 3534 2844 quierunt,
3565 2786 3859 2842 quatenus

2234 2873 2327 2916 aut
2353 2862 2527 2916 honor
2550 2861 2760 2916 debitus
2790 2863 3103 2917 redderetur
3135 2862 3341 2932 spulso,
3398 2863 3480 2916 vel
3527 2866 3859 2932 permansii

2239 2954 2588 3023 relegationis
2641 2952 2927 3008 adderetur
2990 2952 3184 3007 frustra
3243 2954 3531 3018 damnato;
3604 2968 3675 3007 eu
3710 2970 3859 3021 nque

2237 3044 2432 3099 callida
2481 3045 2866 3115 pervestigatio
2917 3045 3083 3101 totius
3128 3044 3368 3114 mysterii
3414 3057 3627 3098 causam
3708 3058 3859 3108 mare

546 3159 705 3211 quam
735 3144 966 3197 discreta
1000 3160 1011 3194 :
1045 3157 1162 3211 qua:
1192 3141 1451 3195 instructa
1486 3140 1536 3193 in
1565 3139 1791 3193 concilio
1822 3146 2025 3207 quzcsta
2056 3145 2138 3192 est
2166 3129 2210 3189 C
2243 3135 2565 3203 requireret,
2590 3134 2926 3189 inventorem
2956 3135 3175 3202 magica)
3205 3135 3335 3188 artis
3358 3132 3569 3187 nefanJi
3593 3135 3849 3197 consilii,

544 3251 572 3287 a
616 3235 926 3290 beatissimo
956 3234 1061 3287 vim
1092 3242 1334 3301 stuprum
1367 3230 1644 3285 Desiderio
1681 3245 1801 3285 esse
1833 3230 1933 3285 sibi
1963 3245 2139 3300 quon-

547 3328 669 3380 dam
693 3327 930 3389 illatum,
959 3324 1275 3378 mirantibus
1296 3324 1506 3377 cunctis
1528 3322 1725 3377 talibus
1748 3322 1802 3375 in
1832 3321 1994 3376 rebus
2026 3318 2139 3375 fore

548 3417 641 3471 Dei
693 3431 905 3471 servum
962 3414 1281 3483 implicitum
1312 3454 1328 3480 ,
1358 3412 1735 3467 criminatione
1783 3410 1879 3483 sed
1927 3410 2139 3481 objecta

549 3504 915 3559 eommentitia
938 3504 1193 3558 adverSus
1216 3517 1337 3557 eum
1366 3500 1484 3555 fore
1513 3501 1832 3570 pensabant.
1864 3499 1974 3554 Sed
2003 3516 2141 3569 prie-

550 3596 791 3650 sidentes
820 3593 1143 3647 sententiam
1188 3599 1375 3646 contra
1415 3591 1683 3645 insontem
1708 3633 1722 3657 ,
1752 3590 1901 3659 juxta
1933 3589 2139 3659 pridem

554 3684 980 3739 machinationes
1007 3690 1216 3751 aptatas
1242 3720 1255 3743 ,
1300 3695 1432 3735 ausu
1467 3680 1755 3734 temerario
1786 3680 1921 3733 mala
1954 3694 2139 3733 sanam

550 3778 815 3831 dederunt
842 3817 855 3842 ,
882 3792 1040 3844 quem
1071 3774 1251 3828 statim
1281 3772 1529 3828 homines
1559 3772 1793 3840 punituri
1824 3773 1890 3826 ab
1936 3772 2141 3827 honore

556 3870 845 3938 privatum,
875 3868 1063 3922 exsiiio
1089 3866 1153 3920 ad
1184 3866 1573 3922 monasterium
1605 3865 1777 3920 insula
1808 3865 2094 3933 religarunt
2125 3881 2139 3930 ;

552 3958 705 4025 cujus
731 3956 959 4025 abjectio
988 3957 1085 4011 fuit
1111 3972 1317 4010 summa
1360 3955 1587 4011 felicitas
1613 3998 1627 4021 ,
1658 3954 1980 4009 contumelia
2006 3969 2142 4024 prae

552 4050 733 4116 spieua
764 4047 1019 4101 sanctitas
1045 4089 1059 4113 ,
1084 4045 1399 4116 degradatio
1424 4054 1623 4100 (eterna
1656 4044 1899 4099 felicitas.
1940 4043 2143 4098 Subre-

552 4150 710 4208 gatur
731 4140 781 4194 ei
805 4138 1314 4209 pseudo-sacerdos,
1336 4137 1627 4192 Domnulus
1650 4138 1863 4206 quidem
1894 4137 2139 4206 nomiuef,

551 4248 739 4286 servus
768 4230 981 4299 quidem
1034 4228 1230 4282 diaboli
1251 4267 1262 4287 ,
1297 4237 1351 4281 et
1379 4235 1637 4296 quantum
1670 4226 1749 4279 vir
1778 4225 1871 4280 Dei
1925 4241 2138 4281 cresce-

550 4322 643 4376 bat
661 4322 942 4376 virtutibns
967 4319 1219 4389 copiosis,
1246 4327 1478 4373 econtra
1504 4316 1711 4371 actibus
1732 4316 1819 4372 ille
1845 4317 2143 4372 foedebatur

553 4413 821 4467 nefandis.

2241 3229 2331 3297 qui
2359 3226 2559 3282 dudum
2589 3226 2787 3283 Christi
2818 3227 3039 3281 militem
3093 3228 3240 3285 visus
3289 3236 3371 3282 est
3421 3226 3856 3291 cendemnassr,

2243 3320 2374 3373 ultio
2421 3319 2599 3374 divina
2653 3334 2753 3374 nec
2800 3320 3070 3374 immerito
3116 3320 3381 3389 condigna
3430 3321 3728 3391 corripuit,
3792 3324 3861 3375 de

2242 3410 2393 3479 cujus
2423 3410 2727 3466 detestabili
2768 3411 2915 3466 exitu
2964 3412 3174 3465 calamo
3223 3413 3475 3480 pingente
3521 3414 3859 3468 continuata

2241 3502 2548 3557 narratione
2570 3503 2767 3557 notavi.
2800 3501 2925 3556 llam
2952 3501 3321 3572 pestilentiosa
3344 3520 3571 3574 persona
3602 3520 3671 3559 ac
3703 3508 3856 3560 infe-

2242 3589 2418 3645 liciter
2448 3592 2815 3655 memoranda,
2850 3592 3031 3648 multis
3048 3593 3196 3648 vitiis
3229 3595 3648 3665 criminibusque
3685 3606 3855 3653 tene-

2243 3684 2401 3737 batur
2431 3683 2668 3737 obnoxia
2722 3702 2734 3737 :
2796 3687 3072 3756 proprium
3117 3686 3191 3739 illi
3219 3697 3399 3741 tamen
3434 3690 3574 3742 inter
3602 3690 3856 3747 nefa-uda

2243 3772 2447 3826 Scelera
2482 3774 2745 3844 cupiditas
2772 3790 2958 3845 opum,
2984 3784 3037 3829 et
3091 3776 3393 3831 criminatio
3446 3776 3565 3843 fuit,
3600 3795 3733 3848 qua:
3768 3800 3859 3837 res

2244 3864 2311 3919 ad
2340 3865 2641 3920 necandum
2673 3878 3070 3922 monstruosum
3098 3868 3449 3938 opprobrium
3481 3870 3699 3937 plebem
3730 3890 3857 3926 ma-

2246 3963 2442 4017 ximam
2473 3963 2762 4027 excitavit;
2789 3978 2910 4016 nam
2927 3964 3160 4031 quodam
3212 3963 3264 4018 in
3298 3972 3536 4033 tempore
3564 3963 3698 4018 dum
3738 3971 3857 4021 fau‘

2247 4052 2377 4106 toris
2407 4053 2710 4122 aspectibus
2738 4052 2818 4106 sui
2873 4051 3196 4107 Theuderici
3228 4051 3490 4114 adstaret,
3526 4054 3856 4109 tumultuari

2246 4143 2464 4197 interitu
2496 4159 2657 4197 manu
2682 4142 3122 4197 Burbundiouum
3155 4142 3443 4210 decipitur,
3466 4151 3519 4197 et
3541 4141 3856 4198 frustratini

2245 4233 2478 4288 cadaver
2504 4234 2823 4288 trucidatum
2849 4233 3045 4303 passim
3066 4242 3459 4302 cruentumque
3492 4233 3853 4301 relinquitur.

2247 4326 2360 4380 Tali
2384 4325 2543 4381 modo
2576 4327 2740 4380 vitam
2771 4327 3114 4394 animamque
3144 4326 3302 4381 simul
3344 4327 3504 4381 miser
3530 4327 3855 4384 horriﬁcam

2246 4418 2499 4486 perdidit,
2522 4426 2575 4470 et
2607 4417 2955 4471 infernalibus
2986 4418 3234 4471 claustris
3290 4417 3524 4487 seipsum
3564 4417 3855 4489 periturus

626 4501 677 4557 5.
720 4501 776 4556 ln
832 4518 897 4557 eo
937 4517 1067 4557 sane
1121 4500 1489 4565 monasterio,
1536 4513 1657 4553 cum
1705 4497 1916 4553 beatam
1968 4497 2132 4551 vitam

2242 4508 2519 4562 ultroneus
2548 4508 2779 4561 miscuit.
2821 4520 2839 4544 ο
2877 4507 3012 4571 Quid
3054 4508 3119 4561 de
3145 4508 3286 4560 illam
3320 4507 3748 4575 injustejustam
3801 4517 3855 4561 et

557 4593 746 4647 beatus
774 4593 991 4659 degeret
1024 4601 1247 4661 martyr,
1276 4591 1470 4661 stipem
1501 4598 1682 4643 mente
1732 4587 1979 4656 ﬂagitans
2010 4604 2146 4657 pau-

562 4705 656 4757 per
688 4687 933 4752 advenit,
959 4687 1112 4755 cujus
1140 4702 1233 4739 ora
1265 4685 1499 4755 ingenita
1529 4684 1737 4738 silentia
1765 4684 2073 4739 clauserant
2094 4691 2149 4735 et

555 4780 849 4833 articulate:
892 4777 1040 4831 vocis
1086 4777 1320 4831 officium
1353 4784 1612 4845 perpetua
1667 4775 2004 4828 taciturnitas
2050 4773 2146 4825 ob-

556 4869 782 4924 celabat.
815 4866 987 4933 Quem
1036 4864 1193 4919 Pater
1234 4866 1575 4933 omnipotens
1613 4878 1825 4932 precem
1855 4862 1935 4915 sui
1966 4861 2147 4914 militis

555 4976 662 5013 non
711 4959 995 5020 amittens,
1042 4970 1263 5008 munere
1310 4955 1467 5009 simul
1526 4961 1580 5008 et
1627 4953 1876 5005 idoneum
1931 4949 2146 5017 eloquio

555 5048 699 5102 fecit.
730 5040 844 5100 Hoc
873 5061 1063 5115 nempe
1089 5046 1231 5114 quod
1261 5053 1470 5114 gestum
1501 5050 1603 5108 est,
1627 5042 1884 5113 opinione
1905 5039 2141 5109 vulgata,

557 5141 696 5195 fama
735 5140 928 5193 bonam
962 5148 1143 5191 tacere
1185 5154 1288 5190 non
1318 5136 1494 5207 potuit
1526 5177 1541 5198 ,
1571 5135 1663 5190 sed
1698 5133 1866 5200 magis
1896 5130 2143 5185 universa

551 5230 884 5300 perlustrans
912 5227 977 5281 ad
1020 5229 1307 5281 multorum
1340 5225 1585 5281 notitiam
1630 5222 1825 5288 duxit;
1878 5221 2019 5276 unde
2070 5218 2138 5272 fa-

554 5328 697 5372 ctum
722 5328 805 5373 est
841 5333 936 5387 spe
978 5314 1360 5386 recuperanda
1386 5314 1572 5367 salutis
1602 5312 1665 5365 ad
1691 5327 1812 5366 eum
1858 5309 2141 5364 multitudo

552 5410 922 5482 languentium
969 5418 1249 5471 curreret,
1288 5422 1386 5461 nec
1432 5405 1717 5459 defuerunt
1747 5403 2005 5459 beneﬁcia
2041 5403 2141 5458 Do-

552 5506 683 5558 mini
713 5505 779 5559 ad
824 5505 1117 5559 sanmdnm
1148 5519 1248 5572 pro
1279 5501 1475 5569 quibus
1504 5499 1594 5553 Dei
1626 5497 1857 5551 famulus
1898 5495 2141 5552 Salvato-

556 5611 665 5649 rcm
697 5604 951 5651 exoratus
976 5604 1058 5649 est
1087 5593 1395 5648 Dominum.
1420 5591 1764 5647 Sufficientcr
1791 5631 1804 5656 ,
1837 5597 1894 5643 ut
1925 5589 2139 5657 opinor,

631 5740 654 5766 τι
694 5732 867 5787 Desde
897 5735 1028 5786 virus
1058 5741 1169 5785 esta
1202 5732 1250 5787 cl
1281 5732 1408 5788 latin
1442 5734 1672 5789 viciado.

628 5799 653 5837 δ
696 5801 755 5856 ΕΙ
787 5802 917 5869 Μδ.,
951 5802 1204 5873 qua’dnm.

2243 4599 2388 4669 juste
2411 4598 2579 4651 dicam
2616 4598 2888 4667 injustam,
2922 4614 3080 4668 quem
3127 4598 3305 4652 taliter
3348 4606 3602 4653 cruentus
3631 4607 3687 4651 ut
3722 4615 3855 4654 vere

2251 4690 2522 4760 propriam
2583 4690 2982 4758 possessionem
3033 4688 3278 4752 arripuit.
3342 4687 3612 4759 Tempore
3647 4692 3853 4746 eodem

2248 4795 2355 4847 quo
2374 4777 2484 4847 jam
2518 4788 2845 4832 memoratus
2876 4778 3139 4846 condigne
3171 4787 3252 4834 est
3300 4779 3674 4848 interemptus,
3707 4798 3853 4835 con—

2249 4867 2405 4935 digne
2466 4869 2685 4937 spiritus
2739 4869 3001 4939 malignus
3057 4869 3267 4922 invasit.
3298 4867 3607 4938 Omnesque
3655 4873 3855 4941 copias

2250 4960 2548 5016 falsitatum
2578 4979 2711 5031 quas
2739 4964 2939 5017 dudum
2970 4973 3266 5033 aptaverat,
3298 4980 3326 5017 a
3360 4965 3636 5020 domicilio
3657 4982 3863 5049 rursus

2249 5054 2388 5108 idem
2416 5056 2641 5108 vernulo
2673 5056 2884 5109 funesto
2942 5057 3098 5109 nimis
3144 5057 3345 5124 exegit,
3378 5056 3537 5124 cujus
3591 5057 3855 5111 exactiva

2248 5144 2510 5215 profsssio
2542 5148 2644 5201 isto
2669 5146 2826 5201 modo
2861 5147 3072 5215 prolata
3106 5155 3189 5200 est
3244 5165 3255 5197 :
3309 5160 3585 5213 cognosco
3634 5147 3855 5202 crimen

2248 5238 2339 5293 Dei
2362 5248 2552 5293 contra
2584 5238 2837 5292 famulum
2862 5240 3247 5302 machinatum,
3272 5253 3548 5307 cognosco
3592 5255 3851 5303 causam,

2246 5342 2516 5397 cognosco
2566 5329 2733 5396 magis
2791 5329 3032 5383 sentiens
3066 5338 3115 5381 et
3136 5328 3369 5382 debitam
3427 5344 3663 5398 pamam.
3716 5329 3856 5385 Ihm:

2247 5418 2389 5474 ultor
2418 5418 2762 5487 omnipotens
2787 5417 3068 5472 inventrici
3128 5417 3421 5487 Brunigildi
3485 5420 3849 5488 respondeat,

2245 5509 2341 5563 has
2367 5524 2556 5579 pinnas
2579 5508 2827 5563 restituat
2847 5508 3063 5575 vindex,
3090 5525 3152 5564 ac
3188 5519 3581 5565 tormentorum
3613 5510 3851 5566 dextera

2245 5601 2527 5669 passiones
2558 5599 2802 5655 conferat
2828 5599 3011 5669 ultrix,
3043 5599 3198 5669 cujus
3240 5601 3523 5669 persuasio
3549 5616 3636 5656 me
3662 5602 3731 5655 ad
3759 5603 3850 5656 in-

2324 5748 2343 5774 c
2378 5734 2560 5805 Loque
2582 5752 2639 5793 se
2669 5739 2818 5809 signe
2835 5746 2913 5793 est
2946 5753 2975 5791 a
3000 5754 3121 5808 min
3150 5738 3379 5792 barbaro
3410 5755 3441 5808 y
3474 5738 3701 5793 viciado.
