4030 6318
238 316 332 369 581

1320 310 1480 365 νιτΑ
1523 309 1606 364 ΕΤ
1649 310 1884 364 PASSIO
1933 309 1991 366 S.
2040 312 2399 367 DliSlDlillll.

3420 318 3524 375 383

235 443 255 485 t
280 432 454 486 iritum
470 428 642 483 fumea
664 427 843 493 traxit,
865 441 1057 481 munus
1072 426 1460 481 exsecrandum
1484 425 1549 478 ad
1573 432 1821 487 mortem,
1857 429 1905 486 Λ
1934 440 2038 493 que
2066 424 2375 481 refectionis
2406 425 2703 493 legitimum
2735 425 3060 483 immineret.
3097 428 3287 487 Subito
3310 431 3521 489 defecto

232 524 522 595 promissio
548 522 614 576 ad
643 522 841 576 nullam
870 522 1164 590 perituram
1198 528 1221 554 ³
1252 520 1503 575 salutem.
1528 519 1599 572 At
1628 520 1716 572 ubi
1763 517 1828 569 fi-

233 632 362 683 ncm
403 616 655 683 loquendi
709 614 878 677 dedit,
927 622 1175 668 enectam
1226 612 1650 680 suﬂocatamque
1697 627 1824 665 cun~

229 718 447 761 ctorum
477 705 669 759 artifex
707 706 960 758 vitiorum
999 704 1249 776 peremit,
1281 717 1570 771 secumque
1616 716 1829 769 semper

230 813 477 851 arsuram
511 796 786 850 ultricibus
816 793 1269 861 conﬂagrantibus
1308 791 1538 845 ﬂammis
1595 790 1825 853 invexit;

228 889 579 943 aulientibus
629 887 697 941 de
755 887 1017 940 mortibus
1061 884 1441 954 praefatorum,
1508 880 1829 950 Brunigildis

226 979 500 1047 simulque
526 978 917 1041 Theudoricus,
949 976 1186 1044 expavit.

304 1072 358 1123 7.
390 1068 684 1138 Opinantes
714 1069 896 1122 divino
924 1066 1050 1137 talia
1082 1065 1286 1135 judicio
1311 1064 1423 1118 fieri
1454 1062 1827 1117 venemcntius

230 1169 567 1226 terruerunt,
600 1176 663 1213 ac
686 1174 752 1213 ne
772 1158 1016 1227 compari
1066 1155 1556 1211 animadversionis
1606 1161 1825 1207 senten-

228 1252 306 1304 tia
340 1251 741 1315 multarentur,
771 1249 1102 1302 dissimulata
1156 1248 1356 1316 pietate
1414 1245 1733 1314 pnecipiunt
1768 1251 1827 1297 ut

225 1343 313 1393 vir
346 1340 438 1394 Dei
468 1339 559 1408 qui
588 1338 784 1393 frustra
816 1339 1007 1402 fuerat,
1023 1337 1091 1391 de
1114 1336 1301 1390 ordine
1331 1334 1623 1405 pontificali
1650 1349 1828 1386 remo-

226 1441 337 1493 tus,
372 1428 440 1482 ad
465 1444 616 1482 suam
651 1442 834 1481 rursus
855 1426 1137 1481 accederet
1186 1425 1481 1493 regendam
1527 1423 1824 1478 Ecclesiam

223 1530 545 1590 exoptatus.
575 1520 673 1586 Qui
702 1521 827 1573 dum
855 1519 1124 1589 postulata
1180 1519 1357 1572 minus
1400 1526 1679 1578 annueret,
1706 1532 1826 1571 sese

223 1628 644 1681 permansurum
674 1613 762 1665 ubi
792 1613 1063 1683 relegatus
1104 1611 1279 1665 fuerat
1324 1612 1601 1673 solidaret,
1629 1611 1823 1664 iterum

222 1701 534 1770 iterumque
564 1702 759 1756 oblatis
801 1703 1050 1770 precibus
1092 1710 1461 1771 poposcerunt
1514 1716 1664 1755 suam
1720 1700 1823 1753 illis

1929 528 2057 568 aere
2090 514 2479 583 crepitantibus
2532 516 2728 585 plumis
2786 517 3082 587 rapidoque
3111 519 3295 574 volatu
3315 522 3517 589 aquila,

1930 605 2111 671 regina
2137 605 2435 670 volucrum,
2460 621 2490 659 a
2514 606 2754 675 partibus
2782 607 2903 661 coeli
2967 607 3221 676 fulgentis
3250 614 3519 681 apparuit,

1930 709 2048 762 qum
2074 694 2405 763 pulmentum
2433 697 2668 763 aquatile
2714 696 2961 751 deferens
3014 713 3321 768 aequoreum
3354 716 3522 770 pecus

1930 799 2112 839 coram
2155 787 2392 841 vultibus
2441 802 2626 843 eorum
2659 790 2926 857 exyosuit,
2959 791 3102 859 quod
3132 794 3363 847 maxima
3393 809 3516 850 cum

1924 875 2257 944 jucunditate
2297 888 2604 948 susceptum
2651 881 2890 949 largitori
2921 881 3150 937 Domino
3185 893 3367 950 grates
3414 886 3519 940 sol-

1927 978 2113 1023 ventes
2161 970 2400 1025 acclines
2433 972 2745 1041 hilaresque
2775 985 3123 1044 sumpserunt
3147 985 3169 1014 ⁸
3195 987 3323 1032 ante
3343 980 3517 1047 quod-

1930 1059 2048 1112 dam
2104 1075 2215 1114 suae
2264 1062 2460 1116 nobilis
2499 1072 2670 1118 secta.
2712 1062 2985 1121 Passionis
3032 1076 3278 1137 tempore
3311 1079 3518 1137 gestum

1929 1158 2012 1202 est
2040 1157 2096 1202 ut
2118 1150 2389 1205 lucernam
2420 1153 2667 1209 manibus
2688 1156 2902 1222 propria
2926 1157 3140 1227 replens
3157 1158 3310 1226 juxta
3341 1162 3519 1215 altare

1928 1242 2267 1306 accenderet,
2304 1257 2423 1311 qua:
2451 1244 2626 1298 minus
2652 1253 2936 1312 porrectas
2964 1246 3178 1302 luminis
3207 1257 3355 1303 astas
3383 1250 3522 1303 irra-

1928 1329 2037 1383 dth
2091 1346 2154 1384 ac
2200 1348 2308 1386 sum
2355 1334 2667 1402 capacitatis
2695 1346 3005 1388 mensuram
3047 1337 3164 1392 sine
3219 1339 3519 1409 cujuspiam

1928 1422 2233 1488 objectione
2283 1439 2471 1477 crcs...
2522 1426 2789 1480 exuberat
2838 1425 3016 1495 llquor
3043 1444 3173 1481 sane
3202 1432 3525 1485 exundantis

1928 1513 2062 1576 olei;
2106 1530 2310 1566 summa
2361 1516 2572 1569 ratione
2644 1518 2986 1587 amplectitur
3035 1520 3125 1588 qui
3182 1521 3524 1587 a-gritudines

1929 1602 2127 1655 laboris
2154 1620 2250 1672 per
2278 1604 2370 1658 Dei
2391 1606 2621 1673 gratiam
2642 1608 2828 1676 pellet,
2848 1618 3009 1677 atque
3039 1611 3309 1664 morbidus
3332 1612 3523 1666 huma-

1929 1709 2054 1747 num
2086 1706 2105 1732 ε
2142 1695 2420 1764 passiones
2475 1698 2705 1752 salutem
2741 1699 3072 1754 conferendo
3119 1710 3382 1757 removet.
3418 1704 3519 1756 Ista

220 1806 322 1859 prs
341 1792 569 1844 sentiam
599 1806 704 1843 non
736 1804 954 1857 negare,
995 1799 1052 1844 et
1098 1790 1546 1845 concinnationes
1592 1802 1816 1842 suarum
1854 1775 1893 1833 Β
1921 1798 2050 1838 sane
2079 1801 2181 1853 qua
2202 1793 2525 1839 extenuatus
2542 1803 2720 1842 sermo
2750 1790 2984 1844 breviter
3017 1791 3181 1863 [sum]
3243 1794 3520 1861 priestrin-

219 1879 495 1934 fraulium
522 1882 700 1934 animo
730 1880 983 1934 clementi
1034 1880 1240 1933 laxare.
1277 1876 1459 1933 Pietas
1488 1878 1686 1946 quippe
1712 1877 1824 1930 siu-

218 1985 351 2024 cera
395 1971 663 2024 sincerum
719 1980 907 2040 pectus
953 1971 1194 2033 cmoluit,
1230 1986 1293 2025 ac
1336 1969 1711 2023 benevolentia
1740 1985 1827 2023 co-

216 2061 375 2131 piosa
409 2062 544 2114 viam
583 2062 608 2099 ι)
669 2063 761 2115 Dei
815 2062 1013 2116 famulo
1039 2062 1344 2129 regradauti
1375 2060 1607 2130 aperuit.
1636 2064 1705 2112 At
1736 2060 1824 2113 tibi

222 2151 468 2206 vultibus
509 2152 801 2206 infelicium
831 2152 971 2206 idem
1003 2153 1354 2207 Beatissimus
1408 2153 1602 2221 patuit,
1629 2168 1825 2220 provo-

217 2242 321 2296 luti
339 2243 453 2311 ejus
483 2244 545 2297 ad
580 2245 802 2312 vestigia
833 2255 1112 2309 corruunt,
1141 2246 1351 2313 sibique
1383 2260 1507 2299 eum
1534 2245 1821 2312 propitium

214 2335 536 2389 nitebantur
578 2336 794 2391 efficere
841 2352 1003 2404 quem
1034 2336 1372 2390 fraudulenta
1422 2336 1622 2389 dudum
1677 2335 1819 2388 rele-

214 2437 422 2496 garant
471 2429 845 2495 damnatione,
898 2437 1062 2496 atque
1108 2428 1349 2497 eXpiatio
1404 2428 1538 2481 tanti
1572 2427 1819 2497 piaculia

216 2534 368 2573 noxa
404 2520 655 2574 redderet
679 2521 903 2584 alienos,
933 2536 1070 2590 quos
1099 2519 1308 2574 funesta
1361 2522 1610 2587 contagia
1638 2520 1818 2574 crimi-

216 2610 384 2664 nibus
438 2610 555 2665 fore
603 2611 729 2665 fecit
781 2612 1090 2681 implicitos.
1116 2612 1209 2665 llle
1236 2620 1417 2666 autem
1454 2612 1659 2666 facinus
1693 2628 1817 2682 per-

220 2711 500 2771 petratum
548 2705 730 2759 animo
763 2705 1017 2759 clementi
1075 2705 1296 2769 laxavit,
1322 2713 1377 2759 et
1400 2705 1554 2773 juxta
1603 2713 1818 2759 senten-

219 2795 354 2848 tiam
413 2795 624 2849 Domini
674 2796 861 2865 culpas
902 2796 1214 2850 debentium
1268 2811 1375 2850 non
1423 2795 1667 2862 retinuit,
1722 2780 1817 2848 sed

216 2884 423 2939 omisit.
456 2886 692 2941 Subinde
735 2904 857 2940 cum
898 2887 1133 2940 maximo
1179 2895 1515 2949 commeatu,
1551 2886 1817 2940 Domnulo

215 2972 507 3029 infeliciter
545 2976 722 3045 pulso,
776 2975 1017 3031 Ecclesia
1063 2992 1220 3030 suum
1275 2975 1591 3031 Viennensis
1636 2977 1817 3030 exsul-

215 3073 345 3119 tans
399 3072 814 3134 gubernatorem
863 3066 1123 3137 suscepit.
1174 3065 1497 3121 Gaudebant
1550 3067 1812 3120 medicum

214 3156 366 3223 quod
398 3157 690 3225 reperisset
721 3165 989 3224 zegrotus,
1015 3157 1271 3212 solatium
1328 3157 1472 3226 quod
1526 3157 1817 3211 invenisset

214 3260 533 3315 oppressus,
555 3248 867 3301 alimentum
890 3249 1031 3318 quod
1050 3248 1162 3317 jam
1194 3257 1405 3303 teneret
1425 3262 1645 3317 egenus.
1678 3248 1819 3314 Quid

214 3337 661 3393 multa?reddita
683 3347 811 3393 sunt
864 3355 895 3393 a
944 3339 1174 3407 Domino
1228 3338 1482 3395 Ecclesiae
1529 3340 1816 3396 Viennensi

213 3435 442 3505 copiosa
486 3434 771 3504 suﬂragia;
805 3452 928 3491 nam
996 3437 1371 3492 calamitatum
1453 3436 1708 3506 penurias
1763 3443 1819 3489 et

213 3527 441 3581 crebras
470 3527 792 3595 pestilentiae
823 3527 1006 3582 clades
1028 3528 1432 3597 insolentesque
1475 3528 1640 3582 totius
1668 3527 1818 3581 urbis

214 3615 494 3685 procellas
523 3616 695 3671 sancti
725 3618 828 3670 viri
869 3619 1175 3685 prmsentia,
1214 3617 1445 3672 Domino
1502 3618 1812 3680 miserante,

214 3706 521 3776 suspendit,
555 3723 689 3776 quas
720 3708 961 3773 iudubie,
988 3716 1199 3764 remoto
1231 3716 1469 3779 pastore,
1503 3723 1665 3763 causa
1697 3708 1816 3776 ejus

214 3804 481 3859 absentia:
511 3806 726 3873 pressit.

295 3896 349 3948 8.
381 3895 503 3949 Tria
534 3911 666 3950 sane
687 3895 753 3950 de
784 3895 901 3964 ejus
954 3895 1242 3950 virtutibus
1281 3895 1576 3963 quamlibet
1624 3896 1812 3950 morbo

217 3986 431 4041 inertia:
457 3985 741 4055 languidus
759 4000 937 4043 sermo
958 3984 1189 4049 laboret,
1214 3986 1515 4040 enarrando
1560 3986 1763 4040 institui
1797 4005 1809 4040 :

130 4066 133 4069 λ
213 4077 348 4130 dum
377 4075 609 4144 quodam
633 4076 697 4130 ad
724 4092 844 4131 eum
878 4084 1121 4145 tempore
1145 4078 1315 4145 gratia
1365 4076 1614 4131 visitandi
1661 4078 1814 4149 plebs

213 4164 456 4219 maxima
512 4166 872 4230 convenisset,
928 4166 1067 4221 hanc
1117 4180 1185 4219 ex
1226 4181 1376 4220 more
1424 4166 1545 4220 cibo
1576 4176 1814 4236 potuque

213 4256 510 4312 reficerent
534 4258 835 4327 imperavit,
867 4272 896 4311 a
926 4256 1172 4312 ministro
1201 4269 1477 4311 narratum
1528 4267 1610 4313 cst
1665 4260 1813 4315 defe-

214 4348 359 4402 cisse
382 4349 502 4414 plus
522 4349 692 4417 magis
719 4350 1065 4419 concupitam
1090 4350 1326 4419 speciem
1360 4352 1489 4404 vini.
1518 4352 1682 4408 Ocius
1716 4368 1808 4408 vas

214 4441 350 4496 illud
383 4443 473 4496 ubi
499 4444 620 4497 talis
638 4443 748 4512 jam
781 4444 956 4512 liquor
984 4443 1299 4508 deﬂuxerat,
1348 4445 1560 4500 sibimet
1606 4459 1809 4514 pnece-
1838 4484 1889 4543 ο

212 4535 301 4604 pit
346 4534 556 4590 ostendi
607 4553 620 4589 :
680 4537 825 4604 quod
861 4538 1038 4592 crucis
1078 4537 1382 4592 munimine
1425 4538 1806 4607 praesignatum

208 4625 393 4694 gratia
434 4625 731 4682 Salvatoris
758 4628 1040 4685 nobilitate
1067 4630 1199 4684 mori
1229 4628 1517 4697 fragrantis
1543 4630 1808 4699 repletum

213 4727 322 4773 est.
366 4716 457 4774 Sic
512 4720 666 4774 turba
723 4720 1048 4775 conveniens
1114 4721 1492 4776 benedictione
1541 4721 1703 4775 simul
1755 4729 1811 4776 et

212 4812 450 4883 mystico
483 4822 611 4881 potu
643 4813 842 4868 refecta
871 4821 972 4869 est.
1000 4813 1205 4868 Rursus
1236 4830 1357 4869 cum
1400 4813 1557 4882 longa
1610 4814 1805 4868 distra-

210 4903 401 4957 ctione
419 4918 574 4957 suum
594 4918 792 4973 corpus
812 4904 1133 4959 abstinentia
1160 4913 1477 4967 maceraret,
1493 4916 1547 4961 et
1569 4905 1807 4960 carnium

214 4994 572 5062 perceptione
621 5009 729 5048 non
774 5009 873 5064 pro
914 4996 1270 5063 immunditia,
1305 4997 1398 5052 sed
1447 5013 1544 5067 pro
1595 5006 1809 5066 tempe-

212 5083 393 5138 rantia
445 5082 732 5152 interiecto
791 5092 1033 5155 tempore
1090 5087 1400 5154 castigaret,
1451 5084 1809 5141 consacerdos

211 5173 339 5241 ejus
390 5173 533 5227 haud
580 5175 769 5244 procul
821 5176 887 5229 ab
932 5175 1065 5231 urbe
1114 5162 1333 5231 ad‘eum
1367 5178 1614 5233 visitandi
1639 5181 1809 5246 gratia

214 5269 371 5322 venit
401 5286 414 5322 :
442 5278 561 5323 crat
584 5269 727 5324 inter
755 5284 850 5325 eos
874 5270 941 5326 de
969 5271 1163 5325 divinis
1191 5273 1421 5326 oraculis
1452 5273 1591 5327 inter
1619 5282 1809 5327 caetera

218 5359 487 5415 familiare
534 5361 882 5429 colloquium.
935 5361 1101 5415 Adest
1164 5361 1251 5416 ubi
1315 5377 1581 5431 peragens
1636 5363 1810 5432 spatia

212 5452 412 5507 diurna
437 5450 668 5507 Phoebus
688 5452 939 5507 horarum
961 5453 1556 5515 transcenderataxem,
1575 5460 1813 5522 tempus-

294 5616 319 5642 ἰ
364 5606 438 5661 La
468 5606 618 5668 Rea].
643 5607 890 5675 peritura.

295 5676 322 5714 δ
366 5674 407 5728 Τ
411 5677 507 5739 01.,
541 5674 719 5729 vitam.

301 5744 549 5819 fforte,
575 5749 854 5819 hominum.
899 5747 1081 5819 Loque
1109 5759 1166 5801 se
1204 5744 1352 5815 signe
1384 5751 1472 5799 cst-
1492 5758 1521 5798 a
1553 5742 1799 5799 obscuro.

298 5815 320 5855 ἀ
346 5815 464 5872 Τυι.
496 5818 663 5873 anodc
687 5819 842 5879 quod.

1929 1894 2057 1946 gere
2086 1880 2229 1946 potui
2260 1878 2324 1933 dc
2356 1881 2462 1933 vita
2495 1881 2613 1950 ejus
2634 1883 2831 1938 dixisse
2853 1884 3103 1941 sufﬁciat.
3125 1888 3274 1942 Nunc
3304 1890 3371 1944 de
3399 1905 3520 1959 pas-

1929 1970 2169 2023 sionibus
2190 1969 2308 2036 cjtts
2329 1974 2560 2037 qualiter
2580 1984 2819 2027 sanctam
2874 1978 3106 2031 animam
3163 1980 3518 2047 omnipotenti

1930 2060 2157 2114 Domino
2187 2063 2543 2127 COIISigttiuil,
2578 2073 2636 2116 ut
2665 2075 2903 2119 nostram
2957 2068 3026 2121 ad
3077 2069 3324 2123 notitiam
3356 2071 3517 2125 ducta

1927 2163 2077 2218 sunt,
2110 2156 2224 2224 ipso
2256 2156 2601 2223 suffragante,
2634 2158 2939 2225 expediam.

1997 2248 2048 2301 9.
2094 2247 2226 2301 Cum
2252 2266 2357 2303 non
2390 2250 2666 2318 prodesse,
2699 2251 2794 2303 sed
2816 2252 3006 2304 obesse
3027 2253 3269 2319 etmagis
3292 2254 3517 2321 perdere

1924 2355 2084 2409 quam
2116 2354 2302 2406 regere
2332 2339 2697 2394 Theodericus
2723 2341 2924 2409 pariter
2943 2353 2995 2395 et
3017 2341 3352 2411 Brunegildis
3376 2345 3516 2399 vitiis

1923 2440 2274 2485 cernerentur
2305 2430 2512 2485 infestis
2536 2472 2552 2497 ,
2597 2439 2760 2497 atque
2806 2432 2927 2485 labe
2958 2431 3178 2500 pcrjurii
3208 2434 3430 2486 reserati
3461 2444 3516 2489 et

1922 2520 2122 2575 fmdera
2151 2522 2475 2575 sacramenti
2503 2521 2705 2573 deserti
2730 2529 2909 2574 mente
2936 2523 3195 2589 sacrilega
3231 2522 3412 2585 perfidi
3445 2523 3512 2577 ad

1922 2630 2031 2667 non
2062 2628 2181 2668 esse
2214 2612 2638 2681 pertenderent,
2672 2627 2770 2666 nec
2800 2612 3038 2681 quipiam
3081 2613 3147 2666 de
3189 2610 3400 2681 ﬂagitiis
3428 2616 3515 2669 vel

1921 2709 2125 2764 facinus
2154 2717 2491 2771 remaneret;
2544 2706 2625 2759 his
2669 2705 2764 2759 Dei
2805 2714 3008 2774 martyr
3055 2706 3210 2759 malis
3241 2707 3514 2775 inspector

1920 2808 1974 2854 et
1998 2798 2257 2868 pontifex,
2292 2812 2442 2851 more
2468 2813 2664 2865 nempe
2697 2796 3014 2865 pr0phetico
3039 2837 3053 2859 ,
3089 2796 3342 2864 clangore
3375 2797 3511 2851 tum:

1920 2890 2236 2959 personuit,
2284 2888 2452 2944 sesed
2490 2898 2661 2942 totum
2714 2904 2811 2958 pro
2855 2888 3191 2955 depellendis
3238 2888 3511 2944 erroribus

1920 2994 2105 3032 eorum
2136 2979 2341 3033 invexit
2368 3021 2383 3045 ,
2415 2989 2684 3047 quatenus
2716 2979 2825 3031 Deo
2870 2977 3073 3032 faceret
3104 2979 3348 3047 proprios
3376 2993 3515 3047 quos

1919 3069 2123 3123 fecerat
2174 3068 2417 3123 diabolus
2466 3069 2706 3133 alienos,
2764 3068 2894 3123 illud
2939 3069 3134 3122 divina:
3177 3068 3513 3122 auctoritatis

1834 3131 1886 3192 Ὀ
1921 3164 2194 3232 eloquium
2223 3163 2467 3218 eminens
2496 3163 2589 3231 qui
2617 3163 2888 3217 convertit
2917 3162 3164 3231 impium,
3192 3162 3363 3215 salvat
3394 3162 3512 3215 ani-

1920 3272 2063 3312 mam
2091 3257 2207 3325 ejus
2234 3264 2291 3311 et
2325 3271 2544 3311 suorum
2572 3254 2972 3309 multitudinem
3003 3254 3216 3322 operiet
3252 3260 3510 3322 peccato-

1918 3364 2068 3415 rum;
2100 3348 2194 3403 sed
2223 3362 2349 3403 vasa
2375 3348 2469 3401 ira:
2499 3349 2776 3416 famesque
2806 3346 3056 3400 vitiorum
3078 3360 3144 3401 ac
3163 3344 3343 3400 frutex
3363 3347 3511 3399 dam-

1919 3438 2153 3494 nationis
2200 3452 2383 3492 amara
2438 3453 2537 3507 pro
2584 3436 2867 3503 dulcibus,
2915 3451 3015 3505 pro
3071 3434 3281 3490 lenibus
3321 3448 3511 3503 aspera

1919 3532 2113 3586 obtulit
2139 3573 2154 3599 ,
2186 3546 2283 3600 pro
2310 3530 2485 3584 salute
2513 3529 2908 3584 medicamenta
2947 3528 3223 3583 mortifera
3245 3566 3260 3592 ,
3292 3526 3509 3582 obside-

1917 3623 2118 3692 batque
2145 3631 2332 3691 pectus
2359 3635 2550 3675 eorum
2574 3620 2931 3675 truculentior
2959 3619 3151 3685 hostis,
3179 3625 3235 3673 et
3267 3617 3512 3686 captivos

1917 3713 1970 3767 in
2018 3722 2116 3767 sua
2165 3712 2371 3767 ditione
2419 3712 2638 3767 tenebat
2679 3710 3058 3767 callidissimus
3108 3723 3351 3779 serpens.
3402 3706 3511 3761 Nec

1918 3792 2376 3874 poterant-liberis
2403 3804 2674 3872 gressibus
2701 3803 2767 3857 ad
2797 3812 3013 3871 portum
3051 3800 3334 3869 pervenire
3360 3798 3510 3853 salu-

1916 3896 2005 3958 tis,
2037 3908 2173 3961 quos
2199 3893 2476 3949 addixerat
2504 3893 2685 3963 prmdo
2712 3892 2957 3948 funestus
2978 3891 3301 3947 arctioribus
3321 3891 3509 3945 vincu-

1917 3983 1998 4039 lis.
2028 3984 2218 4040 Satiati
2246 3994 2423 4039 tamen
2453 3985 2521 4039 de
2549 3984 2667 4053 ejus
2715 3984 2919 4039 levibus
2949 3983 3188 4053 poculis,
3229 3992 3509 4054 cmperunt

1916 4086 2105 4131 contra
2150 4076 2242 4131 Dei
2275 4074 2533 4130 famulum
2588 4074 2806 4131 rabidos
2855 4075 3055 4130 latrare
3098 4088 3409 4138 sermones,
3455 4084 3510 4128 et

1914 4169 2093 4223 verbis
2129 4168 2493 4237 strepentibus
2523 4168 2919 4223 comminentes
2957 4167 3334 4236 spnrcissimas
3375 4180 3507 4220 evo-

1917 4274 2063 4314 mere
2114 4274 2312 4325 voces;
2371 4258 2467 4313 sed
2517 4265 2811 4329 martyrem
2869 4257 2965 4313 Dei
3014 4272 3115 4312 nec
3161 4256 3515 4312 comminatio

1915 4350 2222 4404 mortalium
2251 4347 2429 4418 fregit,
2464 4364 2567 4405 nec
2592 4349 2671 4403 ira
2715 4348 3042 4418 perfidorum
3080 4345 3323 4402 emolluit
3346 4384 3361 4408 ,
3405 4359 3507 4400 nec

1915 4448 2204 4509 tempestas
2235 4440 2609 4494 insanientium
2640 4436 2827 4503 ﬂexit,
2867 4436 3192 4492 immobilem
3222 4450 3283 4490 se
3311 4435 3511 4490 obtulit

1915 4531 1967 4587 in
1998 4530 2460 4600 persecutiouibus
2480 4528 2686 4597 justitia
2714 4527 3036 4590 feriendum,
3072 4540 3179 4580 non
3210 4526 3326 4580 haec
3352 4534 3375 4561 ο
3414 4541 3503 4580 re-

1913 4624 2234 4694 promissum
2279 4630 2500 4691 caperet
2543 4636 2575 4676 a
2632 4621 2861 4676 Domino
2912 4634 3138 4688 regnum
3184 4620 3503 4675 :ethereum.
3550 4666 3557 4677 ,

1914 4715 2084 4781 llujus
2131 4712 2431 4769 illibatam‘
2468 4712 2714 4767 inimicus
2752 4709 3109 4766 constantiam
3152 4709 3509 4764 humanitatis

1913 4807 2214 4875 aspiciens,
2267 4813 2486 4874 pectora
2541 4803 2633 4872 qui
2676 4812 2700 4850 ε
2764 4817 3033 4871 nunquam
3086 4801 3381 4870 Brunigildi
3442 4818 3504 4856 ac

1915 4898 2230 4955 Thenderici
2262 4899 2516 4964 deseruit,
2546 4906 2716 4953 totum
2746 4905 2801 4951 ut
2826 4897 2877 4951 in
2902 4896 3118 4967 proprio
3140 4912 3199 4953 se
3226 4896 3503 4951 domicilio

1912 4992 2149 5057 miscuit,
2179 4990 2446 5059 modoque
2472 4988 2791 5058 imperativo
2811 4989 2866 5042 in
2895 5003 3050 5043 suum
3080 4988 3249 5055 magis
3273 4988 3501 5041 exitium

1906 5081 1996 5151 jus
2023 5082 2125 5136 sibi
2156 5080 2395 5136 debitum
2420 5081 2664 5151 impulit,
2708 5081 2978 5150 pollicitus
3004 5080 3083 5133 eis
3110 5080 3283 5134 locum
3308 5080 3360 5131 in
3388 5094 3498 5146 pm,-

1914 5173 1997 5228 nis
2017 5173 2248 5242 primum
2265 5171 2603 5236 contradere,
2632 5171 2728 5226 sia
2752 5170 3025 5239 corporeis
3049 5169 3276 5223 vinculis
3299 5166 3497 5221 Christi

1913 5264 2098 5319 militis
2128 5264 2360 5317 animam
2391 5262 2597 5332 possint
2634 5261 2935 5316 extrahere.
2958 5265 2963 5269 ‘
2986 5256 3264 5324 Extemplo
3304 5257 3495 5310 noxia-

1914 5354 2051 5409 libus
2081 5352 2257 5409 verbis
2285 5368 2348 5407 os
2386 5352 2706 5419 sacrilegum
2731 5388 2746 5413 ,
2794 5357 2850 5404 et
2890 5349 2943 5402 in
2991 5345 3248 5401 conviciis
3286 5360 3498 5413 semper

1913 5455 2176 5502 armatum
2216 5445 2396 5500 statim
2427 5441 2719 5513 impietatis
2746 5453 2945 5508 genere
2973 5435 3294 5494 sententiam
3340 5437 3495 5493 obla-

1986 5608 2008 5635 ο
2040 5597 2106 5651 Ut
2134 5613 2221 5665 per
2247 5595 2373 5649 haec.

1987 5668 2004 5705 ί
2038 5667 2141 5721 Los
2170 5666 2317 5729 Mss.,
2342 5664 2615 5717 illibatum.

1984 5748 2007 5785 ε
2033 5737 2105 5792 La
2134 5736 2283 5803 fleal,
2315 5751 2446 5803 qurr,
2469 5734 2519 5789 el
2550 5731 2666 5788 Tol.
2691 5746 2802 5801 quc.
