4030 6318
495 271 599 326 585

1417 265 1720 323 Sisenurt
1774 250 1933 319 γιτις
1977 261 2065 318 ET
2106 261 2343 319 PASSIO
2381 265 2435 320 s.
2482 262 2845 320 ossmsnn.

3674 269 3785 325 ῆι

494 383 656 438 ravit.
690 378 1023 435 Desiderium
1048 376 1289 432 moribus
1327 376 1525 431 nostris
1551 375 1824 443 infestum,
1850 384 1905 430 et
1925 389 2058 444 ope-
2087 375 2137 434 Α
2166 373 2443 444 confregit;
2474 377 2565 432 Sic
2585 391 2779 432 carnea
2810 375 3049 431 materia:
3070 376 3303 431 animam
3325 378 3603 446 deserens,
3632 396 3787 436 sese-

495 476 646 530 ribus
675 472 971 538 inimicum,
1003 470 1238 539 lapidum
1270 468 1461 523 ictibus
1489 468 1853 537 verberatum,
1885 472 2082 527 multo-

495 580 602 634 que
626 578 824 633 genere
846 576 1125 632 pcenarnm
1155 558 1430 623 amictum,
1462 560 1816 615 animadverti
1844 563 2082 633 compla-

494 657 624 713 cuit.
654 655 815 709 Ocius
844 653 1069 707 ministri
1111 666 1392 720 compares
1422 651 1644 705 ciilnine
1685 661 1791 704 tam
1844 652 2083 708 nefandae

495 740 876 812 praeceptionis
905 738 1136 793 edictun
1169 738 1418 806 nequiter
1447 738 1718 805 impleturi
1762 740 2083 807 promittunt

497 832 717 888 auribus
760 831 828 885 ab
873 831 1171 899 imperante
1194 845 1299 899 qua
1334 830 1660 898 nequissime
1686 831 1924 900 capiunt.
1976 831 2083 888 Nec

496 923 768 979 latuerunt
797 922 893 977 Dei
924 930 1213 991 martyrem
1254 921 1335 975 sui
1382 920 1583 975 laboris
1614 923 1941 988 certamina;
1991 926 2082 992 qui

499 1013 908 1084 praedestinatus
933 1054 948 1080 ,
982 1014 1091 1068 imo
1137 1014 1485 1083 prtemonitus
1516 1029 1546 1067 a
1578 1014 1825 1082 Domino,
1867 1016 2084 1084 prmmia

498 1121 714 1163 coronae
745 1104 919 1160 fuerat
947 1105 1229 1175 capienda.
1265 1104 1363 1159 llic
1409 1120 1528 1159 cum
1572 1106 1934 1174 pmstolatum
1964 1123 2085 1162 cer-

499 1206 655 1251 neret
697 1195 837 1249 diem
876 1195 944 1250 ab
987 1193 1272 1250 inlidorum
1320 1195 1499 1248 subito
1537 1195 1784 1249 manibus
1813 1210 1844 1250 e
1881 1198 2086 1266 gremio

498 1284 693 1353 raptim
724 1283 965 1338 ecclesiae
993 1284 1217 1347 tollitur,
1268 1292 1323 1338 et
1350 1284 1501 1352 quasi
1532 1299 1655 1338 reus
1686 1284 1964 1341 indemnes
1990 1304 2084 1341 oc—

499 1374 707 1428 cisurus
736 1372 803 1426 ad
835 1374 1152 1443 supplicium
1184 1373 1396 1428 ducitur
1423 1392 1434 1426 :
1468 1383 1690 1443 eratque
1728 1376 1958 1445 ingentis
1985 1392 2086 1447 po-

497 1463 607 1534 puli
658 1464 814 1518 lletus
866 1465 1215 1520 intolerabilis
1265 1466 1398 1518 tanti
1430 1466 1659 1531 pastoris
1702 1468 1959 1538 abrogata
1999 1484 2089 1523 ca-

498 1556 670 1609 ruisse
701 1554 957 1615 remedia,
990 1555 1074 1608 his
1099 1555 1319 1609 vocibus
1348 1554 1688 1609 clamitantes
1715 1574 1727 1609 :
1756 1555 1866 1611 Cur
1893 1558 2089 1612 ovilem

500 1650 671 1707 tuum,
704 1643 790 1710 pie
811 1684 826 1707 ,
878 1642 1083 1698 deseris
1108 1684 1123 1709 ,
1177 1645 1362 1713 pater?
1407 1643 1516 1698 Cur
1542 1658 1757 1715 gregem
1790 1647 2087 1716 periturum

2184 479 2292 532 que
2323 480 2351 518 a
2381 466 2570 521 vinclis
2597 465 2966 537 corporalibus
2995 480 3220 532 exuens,
3242 468 3437 524 victrix
3470 469 3522 524 in
3554 472 3790 540 astrige—

2185 554 2257 609 ris
2278 556 2530 610 comitem
2561 557 2900 613 commiscuit
2926 558 3094 612 auris.

2254 644 2341 698 l0.
2388 643 2561 700 Vitam
2606 647 2923 716 obitumque
2964 648 3124 702 simul
3173 651 3449 720 impolitus
3500 661 3558 706 ut
3602 654 3790 723 potuit

2182 752 2362 791 sermo
2389 738 2586 794 Christi
2617 739 2801 794 militis
2828 741 3122 805 enarravit,
3155 743 3247 811 qui
3280 744 3581 813 quamlibet
3621 757 3793 814 squae

2183 834 2298 887 lore
2329 834 2494 887 nimio
2532 834 2723 904 peritis
2752 834 3002 904 imperite
3028 834 3326 905 displiceat,
3360 839 3558 893 omissa
3584 852 3793 909 pompa

2185 922 2489 988 verborum,
2521 923 2795 978 humiliter
2823 924 3121 979 sentientes
3153 925 3549 996 credentesque
3582 927 3791 981 nobili-

2186 1020 2283 1066 tat.
2334 1011 2477 1081 Ergo
2526 1013 2667 1068 sicut
2712 1013 2901 1078 vitam,
2961 1015 3189 1070 virtutes
3229 1022 3283 1068 et
3332 1014 3451 1084 ejus
3504 1016 3799 1084 granditer

2186 1103 2477 1172 gloriosum
2509 1103 2668 1160 finem
2691 1103 3103 1173 descripsimus,
3156 1112 3324 1158 restat
3364 1117 3426 1158 ut
3463 1104 3633 1159 exitia
3667 1120 3798 1174 per-

2187 1191 2420 1247 ditorum
2466 1193 2779 1263 obitumque
2838 1208 3135 1249 narremus.
3189 1194 3324 1248 Cum
3365 1193 3797 1251 Theudericusb

2187 1285 2440 1341 deserens
2460 1286 2647 1349 Deum,
2679 1285 2787 1340 imo
2814 1276 3105 1340 derelictus
3133 1301 3164 1339 a
3207 1286 3339 1352 Deo,
3366 1295 3631 1357 percepto
3660 1304 3801 1341 nun-

2190 1377 2267 1431 tio
2296 1374 2494 1432 Christi
2524 1375 2593 1431 de
2621 1376 2845 1442 famulo,
2878 1376 3197 1442 exsultaret,
3225 1376 3564 1447 dyssenterio
3598 1378 3801 1432 morbo

2191 1476 2503 1537 correptus,
2555 1467 2722 1520 vitam
2767 1466 3116 1523 fmdissimam
3150 1468 3414 1537 perdidit,
3459 1478 3516 1522 et
3556 1470 3800 1524 amicam

2190 1558 2292 1613 sibi
2339 1567 2568 1613 mortem
2614 1567 2927 1629 perpetuam
2978 1560 3279 1630 acquisivit.
3337 1561 3535 1615 Amisit
3576 1564 3801 1632 perdita

2194 1648 2513 1718 Brunigildis
2542 1650 2780 1719 peritura
2811 1650 3023 1715 solatia,
3049 1659 3211 1721 atque
3242 1649 3539 1708 formidans
3568 1662 3802 1723 torque.

502 1731 798 1799 relinquis?
840 1748 928 1800 ne,
957 1749 1262 1802 quaesumus
1282 1775 1296 1799 ,
1343 1734 1591 1806 luporum
1635 1752 1733 1791 nos
1765 1737 1817 1791 in
1848 1736 2089 1794 faucibus
2122 1731 2167 1790 B
2199 1740 2356 1795 batur
2387 1741 2705 1795 intrinsecus
2744 1740 2921 1795 indice
2949 1742 3297 1808 conscientia,
3340 1753 3607 1812 quatenus
3632 1758 3801 1813 quem

503 1824 705 1885 mittas,
740 1838 807 1877 ne
834 1837 964 1879 oves
995 1833 1100 1877 tuto
1128 1824 1387 1879 hactenus
1417 1827 1686 1881 nectareis
1708 1826 1930 1883 tioribus
1958 1844 2087 1884 sua-

499 1916 666 1971 vitate
694 1916 905 1972 refecta:
935 1918 1270 1973 mordacibus
1301 1919 1511 1974 tribulis
1536 1920 1899 1991 vepribusque
1927 1924 2086 1979 falca-

502 2009 569 2063 tis
621 2008 883 2063 laniemur
941 2010 1118 2064 minus
1168 2022 1494 2079 procurante
1547 2014 1819 2082 pontifice.
1868 2012 2090 2071 Certum

502 2099 717 2166 quidem
744 2109 846 2166 est,
877 2109 932 2154 et
954 2116 1059 2154 vox
1077 2116 1200 2155 cum
1230 2101 1425 2156 divinis
1449 2102 1640 2157 litteris
1665 2118 1925 2171 consona,
1948 2106 2091 2177 quod

504 2193 576 2247 sit
602 2194 669 2248 ab
700 2195 842 2249 entia
866 2197 1099 2264 pastoris
1128 2196 1389 2267 dispersio
1406 2197 1612 2267 ovium,
1643 2198 1799 2267 cujus
1825 2200 1882 2254 lit
1908 2216 2091 2258 earum

503 2286 793 2353 przesentia
841 2286 1229 2355 amplissimum
1279 2287 1619 2345 beneficium.
1672 2290 1827 2347 Nulla
1884 2294 2096 2351 ratione

505 2375 743 2443 patimur
772 2384 826 2430 te
874 2376 1030 2431 nobis
1067 2378 1258 2446 avelli,
1302 2379 1492 2447 quibus
1530 2380 1732 2450 pariter
1778 2383 1823 2438 si
1870 2394 2097 2452 negatur

505 2467 745 2536 CUpitatu
768 2481 993 2537 carpere
1023 2468 1205 2534 vitam,
1244 2470 1427 2525 subire
1456 2479 1633 2527 tecum
1661 2481 1893 2529 mortem
1936 2473 2097 2531 liceat

506 2554 816 2625 gloriosam.
885 2556 981 2613 His
1022 2558 1254 2628 denique
1308 2560 1488 2616 verbis
1538 2562 1882 2631 placida‘sic
1930 2568 2096 2623 verba

506 2646 698 2703 beatus
726 2648 905 2703 intulit
928 2658 1132 2721 martyr
1163 2667 1175 2703 :
1208 2650 1451 2706 miranda
1474 2652 1690 2723 quidem
1720 2655 1972 2723 intentio,
2001 2658 2096 2713 sed

507 2753 617 2793 non
645 2738 905 2794 laudanda
934 2740 1149 2797 devotio
1175 2758 1188 2795 :
1219 2742 1265 2796 si
1294 2750 1558 2799 tartareas
1599 2760 1697 2800 nos
1727 2755 1913 2815 portas
1949 2748 2096 2804 obsi-

510 2826 701 2884 derent
728 2830 941 2885 caverni
962 2871 977 2897 ,
1028 2831 1075 2885 si
1120 2832 1356 2889 claustra
1384 2836 1684 2891 niterentur
1714 2837 1908 2894 inferni
1937 2840 2097 2897 obse-

512 2934 640 2975 rare
669 2918 875 2977 funerei
899 2931 946 2987 ι,
982 2922 1025 2978 si
1055 2923 1326 2993 crepitans
1364 2925 1619 2982 invadere
1639 2927 1908 2984 horrenda
1937 2944 2100 2986 cona-

512 3017 662 3065 retur
704 3010 918 3067 llamma
967 3012 1187 3081 baratri,
1245 3016 1572 3087 spiritalibus
1612 3020 1774 3075 armis
1822 3021 2097 3077 inimicum

2193 1832 2366 1901 culpa:
2395 1832 2629 1901 qualitas
2655 1833 2846 1886 extulit
2874 1832 2925 1886 in
2952 1832 3160 1888 scelere
3189 1840 3521 1903 perpetrato,
3552 1834 3801 1888 vindicta

2191 1936 2529 1991 consequens
2557 1930 2803 1992 pasceret
2850 1922 3027 1977 acrius
3061 1922 3111 1975 in
3159 1923 3443 1977 tormentis
3472 1924 3802 1978 excrucian-

2192 2013 2282 2068 do.
2324 2011 2429 2068 Ista
2473 2028 2655 2067 secum
2705 2022 2821 2067 atra
2871 2021 3052 2067 mente
3094 2013 3220 2066 dum
3262 2013 3537 2079 volveret,
3588 2014 3803 2068 bellum

2193 2112 2381 2159 contra
2409 2102 2689 2159 finitimam
2720 2114 2936 2174 gentem
2968 2104 3177 2158 indixit.
3218 2105 3287 2158 At
3309 2105 3400 2159 ubi
3433 2113 3651 2175 tempus
3680 2121 3803 2160 cer-

2194 2196 2383 2250 tamini
2414 2196 2589 2266 patuit
2629 2205 2685 2251 et
2711 2196 2926 2252 diverso
2968 2199 3167 2266 stipata
3198 2203 3414 2251 caterva
3442 2195 3695 2251 conﬂixit
3725 2196 3805 2250 di-

2196 2288 2345 2351 vino,
2377 2287 2644 2357 siquidem
2690 2296 2865 2341 terror
2904 2295 3112 2356 partem
3144 2285 3394 2356 pessima:
3422 2287 3684 2341 'mulieris
3718 2287 3806 2339 in-

2195 2379 2363 2445 vasit;
2397 2379 2535 2433 unde
2566 2377 2764 2432 factum
2811 2385 2894 2431 est
2938 2385 2995 2430 ut
3024 2375 3326 2431 morbidum
3356 2386 3516 2447 caput
3544 2377 3808 2432 membra

2199 2470 2467 2541 torpentia
2492 2469 2555 2523 ad
2586 2469 2722 2537 fugae
2753 2468 3057 2539 praesidium
3088 2479 3423 2537 sequeretur.
3467 2467 3557 2523 Sic
3585 2469 3804 2537 passim

2198 2570 2322 2616 ante
2353 2560 2540 2615 faciem
2566 2561 2801 2614 hostium
2831 2568 3139 2628 evagantes,
3182 2561 3411 2629 primum
3453 2560 3519 2614 ab
3542 2560 3811 2614 hostibus

2198 2653 2369 2707 hostis
2394 2652 2591 2720 regula:
2610 2648 2926 2704 Christiana:
2944 2689 2958 2713 ,
3008 2659 3064 2704 et
3094 2651 3259 2706 totius
3289 2650 3526 2704 criminis
3552 2649 3801 2713 artifex,

2199 2755 2356 2815 capta
2396 2753 2497 2799 est.
2540 2742 2616 2797 De
2666 2743 2817 2813 cujus
2864 2742 3085 2797 interitu
3111 2756 3231 2811 quae
3275 2745 3486 2811 vulgata
3533 2743 3813 2810 opinione

2200 2836 2562 2906 comperimus
2587 2834 2770 2890 dicere
2807 2849 2913 2889 non
2946 2833 3167 2904 pigebit.
3216 2834 3311 2889 Est
3353 2833 3547 2888 animal
3576 2842 3815 2888 tortuo—

2199 2941 2340 2989 sum,
2374 2925 2610 2979 immane
2637 2924 2808 2992 magis
2838 2924 3090 2978 obtinens
3119 2937 3337 2992 corpus,
3379 2922 3574 2976 habens
3600 2930 3675 2975 et
3706 2936 3808 2975 na-

2202 3018 2448 3073 turaliter
2485 3017 2747 3086 quosdam
2795 3013 3099 3079 anfractus,
3146 3015 3427 3071 summitas
3471 3014 3596 3067 licet
3650 3013 3812 3069 dorsi

513 3101 689 3156 acrius
734 3111 1061 3159 convenerat
1110 3120 1425 3177 oppugnare
1456 3126 1471 3170 :
1541 3125 1683 3166 nunc
1737 3112 1992 3182 quoniam
2044 3116 2098 3169 in
2125 3088 2175 3153 CI
2206 3108 2524 3177 turgentior,
2556 3115 2719 3175 atque
2743 3105 2972 3161 collecto
3004 3104 3291 3160 celsiorem
3318 3105 3537 3159 artubus
3566 3102 3812 3175 reliquis

513 3195 706 3251 castris
754 3196 984 3254 militare
1027 3199 1283 3255 invitatur
1310 3203 1560 3258 :ethereis
1598 3218 1721 3259 cum
1765 3205 2101 3263 radiantibus
2164 3210 2169 3213 ’

515 3288 707 3342 turmis
738 3291 1013 3359 angelicis,
1044 3306 1167 3348 cum
1196 3294 1458 3363 apostolis
1484 3304 1539 3350 et
1576 3297 1890 3366 apostolicis
1932 3299 2060 3354 viris
2082 3340 2098 3365 ,

515 3395 641 3436 cum
679 3382 1003 3451 fulgentibus
1030 3395 1435 3457 martyrumque
1461 3389 1720 3454 catervis,
1771 3402 1951 3445 nostra
2008 3408 2101 3448 ve-

517 3479 629 3527 stra
659 3473 900 3528 redditur
929 3476 1278 3541 universitas;
1331 3492 1575 3533 remeare
1604 3481 1767 3538 sinite
1797 3480 1979 3555 ﬂagito
2010 3499 2103 3556 pa-

519 3569 722 3617 storem
791 3572 1025 3619 vestrum
1084 3565 1150 3621 all
1206 3576 1475 3640 pastorem
1527 3574 1765 3629 omnium
1820 3578 2104 3645 pervenire

519 3664 815 3725 pastorum,
860 3676 967 3732 Quo
1005 3662 1246 3732 facilius,
1297 3668 1635 3738 pratcedente
1675 3670 1949 3740 pontifice,
1975 3687 2104 3742 grex

521 3746 755 3805 illibatus
783 3752 849 3805 ad
879 3752 1053 3809 locum
1083 3756 1258 3811 valeat
1287 3759 1568 3827 pervenire
1596 3769 1861 3829 paratum.
1893 3762 1983 3818 Sic
2008 3764 2101 3829 ait,

523 3848 579 3895 et
606 3856 734 3897 ecce
762 3842 938 3899 subito
966 3846 1291 3901 rabientium
1321 3848 1515 3918 stipata
1546 3859 1762 3906 caterva
1803 3851 1983 3907 furens
2012 3855 2106 3907 ad-

522 3934 698 3998 venit,
751 3935 994 3991 homines
1027 3935 1222 3993 funesti
1260 3946 1314 3994 et
1346 3938 1494 3994 vultu
1544 3942 1843 4010 teterrima,
1876 3958 2103 4011 quorum

524 4030 643 4075 erat
692 4022 840 4079 frons
886 4032 1064 4092 torva,
1116 4035 1294 4084 truces
1344 4030 1507 4096 oculi,
1566 4040 1815 4100 aspectus
1855 4032 2104 4098 odibilis,

523 4122 704 4169 motus
732 4113 1064 4183 horrendus;
1097 4128 1358 4190 erantque
1386 4130 1571 4177 mente
1598 4123 1835 4189 sinistri,
1870 4124 2107 4179 moribus

521 4204 692 4274 pravi,
726 4204 906 4275 lingua
925 4208 1231 4273 mendaces,
1260 4211 1441 4267 verbis
1462 4212 1703 4278 obsceni,
1734 4211 1866 4268 foris
1888 4214 2104 4283 turgidi,

522 4294 749 4352 interius
777 4297 951 4365 vacui,
984 4300 1272 4371 utrobique
1301 4300 1586 4368 deformes,
1616 4302 1683 4357 de
1708 4303 1862 4358 bonis
1884 4302 2104 4372 indigni,

523 4384 595 4439 de
622 4386 867 4455 pessimis
895 4388 1171 4459 opulenti,
1223 4391 1431 4447 delictis
1461 4392 1703 4459 obnoxii,
1742 4393 1943 4449 inimici
1973 4393 2105 4463 Dei,

525 4477 681 4533 amici
709 4493 839 4535 sane
862 4480 1059 4537 diaboli
1089 4483 1354 4553 perpetui,
1386 4484 1451 4538 ad
1486 4492 1717 4540 mortem
1748 4486 1906 4541 nimis
1932 4486 2094 4542 ultro-

526 4565 635 4619 nei.
670 4566 866 4621 llorum
895 4572 1223 4627 exsecranda
1251 4573 1515 4643 pernicies
1554 4574 1736 4631 furore
1772 4576 2110 4632 ministrante

526 4668 674 4708 arma
734 4656 1061 4725 nequissimo
1108 4662 1322 4731 rapuit,
1381 4670 1544 4732 atque
1592 4680 1758 4735 super
1819 4675 2108 4737 martyrem

526 4743 726 4800 Christi
753 4746 976 4803 imbrem
1000 4750 1236 4821 lapidum
1259 4769 1354 4809 cor
1381 4770 1603 4811 saxeum
1626 4758 1763 4813 fudit
1790 4777 1805 4824 ;
1843 4774 1962 4827 qum
1986 4775 2107 4815 cum

526 4835 820 4891 marsiliam
851 4839 967 4909 (sic)
998 4843 1333 4911 praeterirent
1359 4844 1475 4901 dira
1513 4847 1803 4903 furentium
1826 4849 2025 4918 jacula,
2056 4860 2111 4905 et

525 4927 580 4981 in
622 4934 828 4998 partem
884 4931 1043 4986 aliam
1090 4949 1303 4991 cursum
1342 4935 1655 5008 flecterent,
1685 4941 1891 4996 silicum
1921 4953 2108 4998 natura

526 5018 844 5089 durissima,
893 5021 1115 5092 ipseque
1152 5024 1334 5095 fragor
1376 5028 1724 5098 lapidationis
1770 5030 1864 5085 Dei
1914 5030 2111 5087 famulo

526 5111 844 5168 famulatum
875 5116 1173 5184 exhiberet,
1206 5128 1261 5174 et
1286 5122 1582 5189 quamlibet
1610 5137 1717 5180 non
1748 5122 1979 5179 viventia
2002 5124 2111 5180 Deo

529 5209 709 5259 tamen
734 5204 928 5262 divinis
966 5206 1175 5276 legibus
1202 5211 1435 5267 viventia
1465 5214 1769 5284 caaderent,
1818 5214 2109 5272 humanum

530 5305 718 5363 peetus
740 5298 937 5352 mansit
977 5299 1316 5355 solummodo
1343 5301 1647 5358 induratum
1667 5346 1681 5371 ,
1713 5306 1853 5373 quod
1885 5323 2111 5376 pronum

529 5382 583 5438 in
613 5386 959 5444 miseratione
987 5389 1102 5445 fore
1130 5393 1319 5461 potuit,
1352 5399 1515 5462 atque
1546 5395 1833 5450 evicinum.
1861 5398 1962 5465 Qui
1992 5415 2111 5454 eum

530 5476 761 5531 animam
783 5480 1081 5548 exhalaret,
1102 5482 1239 5538 idem
1265 5492 1480 5555 arrepto
1509 5484 1606 5541 viri
1629 5486 1797 5543 beata:
1818 5488 1957 5546 fusto
1978 5489 2114 5545 colla

603 5707 629 5735 ⁸
660 5695 797 5764 Tol.,
832 5701 1021 5764 funeri.

602 5766 625 5803 ι’
649 5767 791 5836 ΤυΙ.,
818 5766 861 5822 Τ
861 5771 1163 5826 ltecirlcrius.

2204 3198 2413 3253 obtinet
2444 3199 2620 3253 locum
2642 3240 2656 3264 ,
2689 3200 2841 3255 oneri
2869 3202 3000 3256 satis
3028 3200 3349 3269 abundeque
3374 3199 3726 3270 aptissimum
3756 3208 3813 3254 et

2209 3288 2260 3341 in
2287 3287 2543 3343 vehendis
2574 3288 2890 3344 animalibus
2918 3290 3129 3344 caeteris
3158 3288 3321 3344 rebus
3348 3286 3725 3358 praestantior.
3750 3288 3808 3342 ln

2205 3381 2363 3449 hujus
2391 3382 2560 3437 centri
2591 3380 2861 3451 fastigium
2893 3382 3134 3439 vestibus
3164 3383 3379 3438 detecta
3405 3381 3647 3437 antefata
3684 3398 3812 3439 sus-

2206 3472 2429 3540 tollitur,
2461 3488 2750 3542 coramque
2779 3475 3010 3529 vultibus
3049 3475 3285 3529 hmtium
3309 3474 3675 3547 ignominiose
3708 3475 3810 3532 de-

2206 3563 2441 3623 ducitur.
2471 3565 2791 3637 Aliqnamcliu
2824 3566 3173 3625 fmiisémum
3204 3569 3652 3639 exspectantibus
3706 3568 3810 3623 mis

2207 3661 2447 3715 raculum
2504 3661 2730 3728 tribuit;
2783 3664 2980 3717 dehinc
3035 3664 3352 3732 sonipedum
3406 3660 3811 3714 indomitorum

2208 3760 2464 3818 arctatur,
2498 3764 2659 3823 atque
2690 3769 2783 3822 per
2812 3752 2951 3807 invia
2994 3753 3312 3821 fragosaqne
3361 3752 3475 3805 loca
3524 3757 3811 3818 raptatur.

2208 3843 2297 3898 Sic
2325 3844 2479 3913 equis
2512 3843 2837 3899 ferventibus
2878 3859 3075 3914 corpus
3117 3844 3227 3912 jam
3269 3843 3421 3898 senio
3459 3850 3808 3896 maceratum

2207 3935 2502 3989 l'rustratim
2524 3935 2861 4006 decerpitur,
2911 3951 2973 3991 ac
2997 3935 3290 3990 divaricata
3321 3933 3517 4004 passim
3552 3932 3679 3987 sine
3710 3947 3813 3987 no-

2210 4025 2352 4080 mine
2377 4025 2618 4080 membra
2661 4035 2993 4095 cruentaque
3033 4024 3300 4080 laxantur.
3347 4023 3553 4078 Taliter
3580 4031 3813 4079 terrena

2210 4115 2448 4169 materia}
2497 4115 2675 4169 anima
2720 4115 2993 4183 resoluta,
3040 4114 3423 4186 perpetuisque
3471 4113 3647 4183 poenis
3710 4129 3814 4169 nec

2210 4205 2478 4260 immerito
2514 4206 2738 4275 religata
2788 4214 3005 4262 tenetur
3034 4206 3201 4276 piceis
3238 4219 3423 4260 arsura
3454 4204 3814 4260 bullientibus

2211 4294 2383 4351 undis.
2418 4294 2588 4363 Major
2617 4296 2731 4351 haec
2754 4296 3062 4366 prosecutio
3098 4295 3506 4351 occurrentibus
3533 4294 3815 4363 latiorque

2212 4386 2387 4441 causis
2432 4387 2623 4442 evasit.
2670 4386 2778 4442 Sed
2826 4402 2894 4443 ne
2934 4387 3223 4443 fastidiosis
3263 4387 3332 4442 de
3366 4400 3460 4441 sua
3489 4384 3815 4455 prolixitate

2216 4474 2511 4545 displiceat,
2544 4476 2757 4532 modica
2786 4485 3068 4533 nectentes
3089 4476 3285 4532 amodo
3306 4475 3619 4532 denominat
3642 4514 3660 4539 ,
3700 4483 3816 4530 ter-

2213 4568 2416 4621 minum
2457 4567 2725 4637 linemque
2771 4584 3065 4638 ponamus;
3111 4568 3538 4624 communiterve
3577 4575 3813 4622 cunctos

2213 4657 2533 4728 efﬂagitans,
2565 4675 2633 4715 ne
2657 4660 2943 4729 pigerrime
2963 4661 3131 4715 velint
3150 4660 3397 4729 accipere
3416 4673 3520 4727 qua
3543 4657 3813 4713 Dominus

2213 4759 2395 4806 noster
2421 4750 2575 4806 Jesus
2599 4749 2842 4807 Christus
2871 4767 2977 4806 non
3002 4751 3170 4820 piguit
3200 4765 3295 4820 per
3320 4764 3479 4804 suum
3508 4756 3815 4818 martyrem

2213 4831 2524 4887 condonare
2551 4844 2596 4897 ε,
2629 4830 2695 4885 ad
2723 4830 2875 4900 cujus
2911 4830 3410 4886 venerantissimum
3432 4842 3631 4896 corpus
3652 4835 3813 4880 tanta

2213 4909 2457 4965 Christus
2485 4910 2729 4964 conferet
2747 4909 2905 4979 'copia
2934 4910 3246 4965 sanitatum.
3278 4907 3613 4974 Quaeunque
3636 4906 3805 4961 fuerit

2213 4979 2476 5058 quispiam
2498 4987 2815 5057 aegritudine
2841 4996 3191 5051 convexatus,
3231 4986 3320 5042 vel
3365 4985 3647 5040 debilitate
3673 5002 3809 5041 cor-

2213 5066 2360 5137 poris
2405 5065 2739 5131 deturbatus,
2785 5067 2968 5121 statim
3008 5065 3247 5121 divinum
3299 5079 3502 5120 nomen
3550 5064 3665 5119 illic
3691 5072 3815 5118 toto

2215 5145 2379 5200 corde
2405 5146 2733 5215 poposcerit,
2767 5161 2955 5201 omnes
2988 5161 3019 5200 a
3048 5160 3108 5201 se
3147 5144 3367 5200 morbos
3394 5143 3694 5199 discutiens
3729 5152 3816 5197 to-

2216 5234 2434 5294 tamque
2462 5223 2726 5278 maculam
2768 5225 3004 5296 pellens,
3048 5238 3211 5279 sanus
3238 5222 3530 5292 hilarisque
3557 5220 3629 5275 ad
3658 5220 3816 5290 cupi-

2216 5311 2325 5356 tam
2356 5318 2453 5373 per
2492 5302 2586 5358 Dei
2619 5304 2844 5371 gratiam
2890 5303 3136 5373 pervenit
3174 5301 3504 5365 sanitatem;
3554 5314 3724 5353 unum
3759 5300 3813 5353 in

2216 5383 2481 5437 Trinitate
2504 5381 2789 5437 Dominum
2816 5396 3138 5452 semperque
3167 5388 3476 5434 manentem
3505 5420 3520 5445 ,
3551 5380 3645 5449 qui
3676 5379 3816 5433 mihi

2220 5464 2382 5517 vitam
2408 5455 2773 5531 indignissimo
2794 5460 3140 5533 prosequenti
3160 5457 3404 5514 conferat
3420 5458 3817 5527 sempiternam

2218 5551 2274 5597 et
2300 5541 2642 5598 audientibus
2666 5541 2813 5596 vobis
2842 5541 3069 5610 gratiam
3100 5539 3297 5595 tribuat
3323 5538 3629 5607 copiosam.

2305 5726 2320 5754 τ
2350 5713 2466 5769 Tol.
2480 5756 2493 5783 ,
2526 5713 2885 5768 condemnare.
