4030 6318
210 257 319 314 385

354 408 1552 437 _—-——‘_~;=mF—__—

258 450 542 461 ~—~———-

704 455 1759 481 Ἥ

899 266 1210 328 SANCTUS
1253 238 1836 339 BERTICHBAMNUS
1885 286 2410 354 CEXUMANENSIS
2451 298 2836 362 EPISCOPUS.
2880 278 2883 281 ’

3378 327 3484 388 386

1470 597 1634 640 ANNO
1683 599 1905 641 DOMLVI
1956 602 2222 649 DCXXIII.

207 758 1298 925 SANCTUS
1374 760 3476 977 BERTICHRAMNUS

1290 1041 1897 1102 CENOMANENSIS
1940 1043 2362 1117 EPISCOPUS

569 1272 1053 1357 ΝΟΤΙΤΙἈ
1111 1275 1757 1363 HISTORICA
1822 1285 1941 1367 IN
2002 1290 3099 1393 BERTICHRAMNUM.

1735 1442 1944 1455 -ι-

1403 1521 1609 1583 (Mabill.
1636 1521 1770 1573 Velt.
1792 1525 1934 1576 Anal.
1961 1537 1995 1580 t.
2025 1530 2065 1595 Ι,
2095 1547 2141 1597 p.
2168 1535 2300 1600 254.)

1739 1637 1952 1653 ——

185 1794 351 1851 Gesta
374 1799 549 1881 domui
575 1800 950 1883 lierticltramni
963 1804 1358 1883 Cengutartnicm
1373 1812 1511 1883 urbis
1522 1815 1778 1883 episcopi,

259 1870 350 1940 qui
376 1871 473 1940 fuit
497 1873 771 1951 novissimo
796 1883 1026 1951 tempore
1047 1876 1342 1951 Cirilperici,
1372 1881 1472 1949 ﬁlii
1502 1870 1776 1951 Cl'otharii,

258 1939 311 1990 et
336 1939 560 2008 tempore
577 1939 827 2026 glotltarii
848 1939 946 2012 filii
969 1939 1202 2026 ejusdem
1221 1939 1520 2020 Chilperici,
1551 1955 1637 2024 qui
1667 1939 1784 2026 [uel

255 2019 383 2062 runt
412 2026 554 2078 reges
580 2010 903 2067 Francorum
929 2010 1027 2069 vir'i
1055 2017 1300 2073 illustres.

258 2135 503 2192 Domnus
525 2137 960 2199 Bertichramnus
972 2145 1119 2201 urbis
1134 2145 1544 2207 Cenomannicae
1560 2156 1772 2224 pracsul,

180 2224 386 2279 nobilis
413 2240 631 2295 genere,
663 2231 879 2287 natione
910 2235 1101 2304 partim
1142 2237 1509 2309 Aquitanicus,
1552 2251 1608 2298 et
1647 2260 1771 2315 par-

180 2317 282 2370 tim
314 2316 571 2385 Francus,
597 2319 825 2377 Turonis
851 2340 981 2379 vero
1013 2334 1340 2395 tonsoratus,
1373 2342 1428 2387 et
1456 2342 1643 2403 postea
1670 2337 1770 2391 ali-

176 2425 297 2478 quo
330 2392 594 2479 tempore
652 2424 1000 2473 conversatus
1050 2431 1172 2473 cum
1232 2419 1430 2476 domno
1476 2422 1768 2495 Germano,

177 2502 381 2571 insigni
419 2504 701 2561 Parisiacae
740 2508 886 2563 urbis
931 2510 1208 2582 episcopo,
1242 2522 1296 2569 et
1325 2514 1393 2570 ab
1422 2531 1488 2571 eo
1522 2518 1768 2587 edoctus,

175 2603 348 2665 atque
378 2598 428 2651 in
458 2599 775 2669 quibusdam
799 2602 1225 2661 sacerdotalibus
1245 2608 1495 2676 gradibus
1521 2618 1604 2667 est
1625 2612 1772 2667 ordi-

173 2696 366 2756 natus,
400 2698 454 2744 et
475 2692 822 2761 spiritualiter
848 2694 1159 2754 instructus.
1190 2699 1507 2758 Antedictus
1536 2716 1769 2773 namque

172 2774 415 2833 domnus
434 2779 869 2839 Bertichramntts
893 2783 1018 2842 fecit
1038 2790 1324 2857 quamdam
1347 2793 1597 2848 cellulam
1624 2796 1762 2850 ultra

1814 1724 1861 1783 Α
1889 1721 1995 1775 que
2041 1712 2154 1766 suis
2184 1719 2609 1783 _successoribus
2656 1728 3036 1791 possidendam
3081 1747 3135 1793 et
3181 1746 3472 1811 regendam

1889 1803 2274 1869 perpetualiter
2294 1806 2416 1875 jure
2445 1809 2749 1872 ﬁrmissimo
2770 1819 3077 1893 dereliquit.

1955 1890 2055 1948 Hic
2083 1895 2224 1949 enim
2263 1898 2388 1954 fecit
2416 1902 2468 1955 in
2501 1909 2786 1965 terratorio
2814 1890 3002 1969 matris
3031 1926 3086 1972 et
3106 1919 3339 1979 civitatis
3366 1924 3470 1982 Ec-

1884 1979 2060 2037 clesiae
2089 1996 2289 2041 sancta:
2316 1988 2495 2046 Maria:
2523 2003 2579 2048 et
2606 2008 2915 2058 sanctorum
2939 2016 3235 2079 martyrum
3264 2014 3469 2072 Gerva-

1881 2069 1945 2125 sii
1997 2080 2053 2127 et
2102 2073 2360 2145 Protasii,
2392 2081 2460 2137 de
2487 2084 2614 2141 villa
2650 2090 2801 2159 cujus
2831 2069 3149 2155 vocabulum
3196 2113 3280 2160 est
3302 2069 3467 2163 Vive-

1880 2175 2029 2227 retts,
2065 2179 2095 2218 a
2125 2165 2492 2238 fundamento,
2524 2179 2717 2247 angelo
2747 2183 2846 2238 sibi
2869 2185 3299 2262 demonstrante,
3337 2196 3463 2253 dum

1880 2249 1933 2305 in
1962 2251 2198 2312 Ecclesia
2227 2264 2398 2318 sancti
2428 2262 2720 2335 Michaelis,
2755 2271 2891 2329 infra
2915 2278 3121 2347 urbem,
3142 2274 3297 2351 juxta
3322 2302 3462 2357 pra;-

1878 2340 2076 2398 dictam
2117 2357 2346 2405 matrem
2374 2354 2678 2427 ecclesiam,
2737 2363 2790 2417 in
2836 2369 3067 2435 quadam
3102 2382 3248 2430 turre
3293 2340 3462 2447 ipsius

1876 2429 2109 2490 civitatis
2132 2449 2460 2510 constructa,
2501 2450 2825 2521 pervigilans
2852 2457 2905 2512 in
2936 2462 3182 2521 oratione
3212 2429 3347 2537 erat:
3379 2481 3462 2527 at-

1876 2535 1985 2590 que
2033 2529 2223 2597 angelo
2263 2533 2311 2587 ei
2350 2534 2631 2594 visibiliter
2675 2544 2887 2602 oriente
2941 2564 3134 2609 aurora
3188 2556 3457 2618 Dominici

1875 2611 1979 2668 diei
2008 2615 2341 2688 designante,
2365 2633 2750 2687 monasterium
2773 2635 2929 2704 juxta
2952 2642 3137 2699 urbem
3170 2646 3223 2701 in
3250 2650 3458 2709 honore

1873 2709 2043 2763 sancti
2072 2708 2217 2767 Petri
2245 2723 2301 2769 et
2332 2714 2481 2775 Pauli
2512 2727 2885 2793 apostolorum
2935 2740 2989 2787 et
3036 2737 3288 2793 nobiliter
3328 2708 3459 2799 cou-

1870 2798 2085 2866 struxit,
2116 2810 2171 2856 et
2198 2804 2369 2873 ipsam
2408 2806 2706 2869 Ecclesiam
2735 2818 3116 2887 Apostolorum
3162 2828 3274 2897 jam
3321 2848 3458 2888 con-

2071 2863 2079 2866 _
2219 2863 2235 2873 .
2467 2863 2706 2869 --.---_---
2735 2863 3116 2887 --rvu-|IIVIUIII
3187 2863 3274 2884 am
3321 2863 3456 2888 υυιι-

170 2863 402 2921 ﬂuvium
446 2867 615 2924 Sartac
646 2871 699 2925 in
725 2872 934 2929 honore
962 2877 1133 2931 sancti
1177 2881 1418 2948 magistri
1460 2883 1541 2938 sui
1580 2882 1757 2939 domni
1790 2918 1838 2977 Β
1869 2900 2191 2950 summatum
2237 2907 2346 2952 tam
2393 2900 2461 2956 de
2506 2906 2668 2962 rebus
2712 2921 2913 2968 sancta:
2950 2915 3131 2974 Maria:
3162 2863 3231 2977 Jet
3280 2931 3456 2986 sancti

171 2959 430 2986 p._..,..-.:
484 2962 760 2986 “-44--..
803 2967 1023 2986 Αμξ---θ-
1060 2969 1072 2981 ⁸
1146 2970 1193 2986 '—
1237 2972 1248 2983 '
1491 2975 1524 2986 "
1872 2978 1904 2986 ’“
2074 2984 2083 2986 “

171 2959 452 3027 Germani,
484 2962 765 3020 Parisiacae
796 2967 1028 3023 civitatis
1058 2969 1280 3039 insignis
1313 2975 1573 3043 praesulis,
1597 2992 1758 3045 quam

168 3053 245 3107 de
288 3055 449 3109 rebus
496 3064 697 3111 sanctae
724 3056 905 3113 Maria:
945 3068 1000 3114 et
1039 3062 1213 3117 sancti
1242 3060 1483 3120 Gervasii
1513 3065 1754 3132 dotavit,

166 3138 292 3193 sive
333 3138 401 3193 de
442 3141 763 3210 quibusdam
792 3143 922 3200 vicis
951 3144 1189 3214 ejusdem
1237 3157 1436 3203 sancta:
1480 3149 1661 3206 Maria:
1704 3163 1760 3207 et

163 3230 346 3284 sancti
377 3227 616 3287 Gervasii
636 3272 652 3298 ,
680 3241 842 3302 atque
868 3234 935 3290 de
964 3236 1082 3292 aliis
1109 3238 1298 3306 rebus,
1326 3254 1459 3309 quas
1479 3244 1757 3313 acquirere

163 3334 271 3373 suo
297 3318 440 3374 bono
472 3321 685 3390 ingenio
715 3324 939 3391 meruit,
983 3326 1349 3385 ecclesiastico
1369 3333 1491 3399 jure
1524 3326 1751 3391 dotavit‘.

164 3408 239 3461 Et
272 3410 323 3462 in
355 3411 608 3479 prtedicta
640 3412 850 3480 cellula,
899 3430 1062 3484 quam
1110 3416 1161 3471 in
1212 3418 1418 3475 honore
1462 3420 1571 3490 jam
1622 3423 1753 3479 dicti

160 3501 344 3556 sancti
376 3501 628 3558 Germani
655 3514 1051 3576 construxerat,
1079 3517 1133 3563 et
1158 3521 1464 3567 sacraverat
1509 3529 1604 3570 seu
1647 3516 1749 3571 d0-

162 3600 399 3659 taverat,
430 3594 640 3664 aliquos
668 3597 966 3653 monachos
992 3600 1090 3654 sub
1120 3602 1303 3670 regula
1345 3604 1599 3673 degentes
1621 3622 1749 3663 con-

156 3683 361 3750 stituit,
400 3696 456 3740 et
496 3688 763 3765 hospitale
790 3705 1083 3763 pauperum
1124 3704 1286 3765 atque
1330 3698 1589 3754 nobilium
1618 3702 1750 3759 inibi

153 3789 286 3829 esse
340 3761 585 3831 instituit.
646 3777 816 3845 Quam
865 3761 1112 3836 cellulam
1164 3785 1405 3841 ecclesia:
1451 3804 1559 3843 suae
1607 3791 1749 3851 sedis

150 3874 366 3921 sancta:
392 3865 572 3922 Maria:
598 3877 654 3923 et
681 3870 851 3925 sancti
877 3869 1118 3928 Gervasii
1144 3874 1468 3945 subjugavi't,
1501 3879 1615 3935 sive
1637 3882 1748 3937 suis

152 3962 566 4017 successoribus
590 3973 750 4032 atque
773 3966 1049 4021 canonicis
1070 3979 1267 4023 sanctae
1296 3968 1475 4025 Mariae
1495 3981 1549 4028 et
1575 3977 1745 4031 sancti

151 4053 406 4109 Cervasii
435 4055 812 4123 possidendam
841 4066 897 4112 et
926 4059 1211 4127 regendam
1242 4064 1491 4130 perennis
1535 4073 1744 4138 tempo-

148 4146 311 4200 ribus
348 4144 449 4199 sub
480 4146 709 4214 regulari
753 4148 940 4226 ordine
968 4148 1269 4219 dereliquit.
1306 4150 1566 4210 Praedicta
1610 4173 1745 4227 quo-

144 4250 265 4305 que
312 4234 720 4293 Bertichramno
751 4222 943 4293 cellula
975 4240 1111 4295 infra
1141 4241 1287 4297 illam
1318 4245 1581 4314 quintam,
1624 4264 1743 4318 quae

145 4328 544 4382 monasterium
574 4327 774 4384 Stivale
803 4341 1160 4402 nuncupatur,
1191 4349 1221 4388 a
1250 4336 1486 4404 quodam
1519 4340 1737 4407 clerico,

144 4416 475 4485 Bertigiselo
505 4418 743 4488 nomine,
787 4421 879 4489 qui
919 4421 1000 4476 bis
1038 4423 1221 4478 sedem
1267 4434 1325 4479 et
1369 4428 1737 4499 episcopatum

138 4522 311 4563 suum
359 4509 638 4577 tyrannica
687 4518 958 4579 potestate
992 4521 1177 4567 contra
1207 4517 1521 4572 canonicam
1552 4530 1737 4576 aucto-

138 4598 372 4651 ritatem
419 4596 707 4665 invaserat,
739 4599 980 4667 legaliter
1025 4610 1081 4656 et
1113 4617 1211 4673 per
1236 4613 1532 4662 struntenta
1562 4619 1738 4664 carta-

139 4705 269 4745 rum
303 4688 618 4758 quibusdam
645 4691 980 4761 negligentiis
1021 4695 1150 4761 suis,
1182 4710 1314 4765 quas
1343 4697 1395 4752 in
1426 4701 1737 4772 episcopatu

138 4781 339 4836 domui
372 4778 762 4836 Bertichramni
812 4791 865 4837 et
913 4784 965 4837 iu
1011 4786 1171 4841 rebus
1218 4795 1417 4843 sanctae
1457 4789 1635 4847 Mariae
1680 4802 1737 4849 et

130 4869 324 4927 sancti
355 4868 593 4926 Gervasii
638 4886 733 4926 sua
785 4873 1111 4943 negligentia
1134 4875 1361 4943 fecer-at,
1393 4879 1493 4935 sub
1528 4880 1650 4950 jure
1678 4891 1734 4939 et

131 4960 517 5016 dominatione
551 4970 749 5016 sancta:
790 4963 965 5017 Maria:
996 4971 1050 5018 et
1078 4967 1248 5022 sancti
1278 4967 1518 5024 Gervasfi
1569 4983 1730 5043 atque

130 5060 459 5109 sanctorum
500 5053 640 5108 Petri
687 5063 741 5110 et
771 5054 920 5110 Pauli
960 5059 1325 5128 apostolorum
1370 5063 1563 5120 tradita
1610 5066 1711 5121 fuit

126 5146 285 5200 sicut
324 5145 381 5200 in
427 5154 752 5203 testamento
801 5149 983 5204 domui
1032 5150 1421 5212 Bertichramni
1473 5160 1702 5218 hactenu

122 5344 263 5396 nus,
284 5328 363 5384 sic
379 5330 697 5398 utdiximus,
719 5349 817 5404 pro
839 5339 1229 5397 restauratione
1243 5343 1723 5405 ecclesiasticarum

117 5436 324 5476 rerum
348 5421 448 5477 sub
480 5421 630 5479 lirma
656 5426 944 5483 traditione
970 5431 1287 5502 suscipiens,
1319 5437 1571 5495 nobiliter
1598 5457 1723 5498 am-

1865 2978 2106 3039 Gervasii
2127 2990 2314 3045 matris
2338 3001 2394 3047 et
2417 2996 2648 3054 civitatis
2669 3000 2940 3073 Ecclesiae,
2964 3024 3123 3079 quam
3149 3023 3204 3069 et
3225 3018 3291 3072 de
3307 3021 3451 3086 aliis,

1864 3085 1997 3139 quas
2038 3076 2393 3151 undecunque
2428 3084 2575 3153 juste
2630 3100 2684 3145 et
2732 3076 2997 3164 legaliteri
3030 3104 3315 3164 adtrahere
3365 3076 3452 3168 vei

1867 3162 2107 3221 invenire
2138 3172 2328 3239 potuit,
2359 3184 2466 3231 tam
2496 3180 2561 3235 de
2585 3197 2696 3239 sua:
2721 3162 3047 3249 buireditatis
3073 3198 3255 3265 rebus,
3286 3216 3446 3270 quam

1865 3266 1918 3307 et
1959 3255 2027 3311 de
2065 3256 2183 3313 aliis
2230 3270 2557 3334 comparatis
2598 3272 2683 3327 vel
2727 3275 3024 3347 adquisitis,
3063 3255 3316 3354 legaliter-

1864 3362 2191 3406 consensum
2230 3353 2413 3411 domni
2464 3359 2725 3419 Clotharii
2771 3371 2913 3437 regis
2950 3383 3111 3444 atque
3156 3353 3448 3453 episcopo-

1857 3454 1974 3492 rum
2014 3442 2305 3500 multormn
2345 3448 2569 3507 miriﬁce
2596 3454 2822 3526 dotavit,
2872 3471 2926 3517 et
2969 3442 3357 3527 monasterium
3388 3477 3442 3531 itt

1854 3530 2081 3588 circuitu
2142 3536 2411 3605 ecclesia},
2463 3557 2584 3598 cum
2627 3546 2874 3607 claustris
2912 3561 2969 3608 et
3008 3555 3126 3611 aliis
3172 3560 3439 3629 :ediliciis,

1853 3620 2108 3678 nobiliter
2148 3639 2179 3679 a
2224 3626 2574 3687 fundamento
2613 3647 2886 3706 operatus,
2943 3651 2999 3698 et
3037 3645 3090 3700 in
3128 3661 3195 3703 eo
3240 3620 3440 3719 agmini

1855 3709 2148 3768 multorum
2199 3719 2590 3778 monachorum
2652 3728 2972 3796 regulariter
3015 3733 3261 3804 degentia
3316 3757 3441 3799 esse

1858 3798 2109 3870 instituit,
2151 3813 2207 3861 et
2247 3822 2545 3880 pauperum
2569 3824 2730 3886 atque
2760 3798 3157 3893 advenantium,
3191 3833 3437 3901 peregri-

1862 3906 2062 3948 norum
2107 3910 2324 3967 quoque
2376 3902 2490 3959 sive
2544 3909 2935 3968 matriculatum
2989 3921 3330 3989 receptiones
3381 3935 3438 3982 et

1858 3980 2279 4046 refocillationes
2309 3991 2658 4053 devotissime
2685 4003 2975 4074 supplevit,
3012 4021 3068 4064 et
3106 3980 3437 4084 perpetuali-

1854 4082 1937 4129 ter
1966 4075 2082 4133 fore
2112 4083 2415 4140 constituit.
2447 4088 2561 4145 Non
2592 4092 2756 4165 longe
2785 4109 2963 4155 autem
2994 4104 3062 4158 ab
3089 4075 3279 4162 eodem
3310 4127 3429 4167 mo-

1840 4626 1938 4694 cis,
1964 4646 2086 4687 cum
2117 4636 2367 4691 omnibus
2392 4636 2458 4692 ad
2480 4653 2539 4693 se
2563 4642 2975 4710 pertinentibus,
3009 4647 3150 4703 sedis
3180 4664 3289 4705 sua:
3319 4650 3433 4707 E09

1839 4718 2015 4777 clesie
2043 4736 2244 4783 sanctae
2268 4731 2448 4788 Mariae
2487 4742 2543 4789 et
2588 4736 2757 4790 sancti
2796 4735 3040 4793 Gervasii
3070 4739 3418 4810 subjugavit';

1839 4819 1894 4865 et
1921 4812 2088 4883 ipsam
2112 4830 2336 4877 matrem
2367 4832 2422 4879 et
2448 4826 2682 4883 civitatis
2704 4827 2994 4886 Ecclesiam
3020 4845 3218 4889 sanetae
3244 4836 3423 4892 Mariae

1838 4910 1893 4957 et
1939 4909 2109 4963 sancti
2164 4910 2405 4970 Gervasii
2453 4931 2523 4971 ex
2572 4918 2822 4975 omnibus
2861 4922 2970 4978 suis
3014 4932 3120 4979 tam
3164 4926 3415 4995 propriis.

1840 5009 2004 5065 quam
2035 5009 2090 5054 et
2116 5002 2510 5073 ecclesiasticis,
2541 5009 2654 5065 sive
2678 5010 3016 5071 hereditariis
3045 5018 3230 5079 rebus,
3259 5020 3419 5074 here-

1834 5085 1955 5142 dem
1984 5092 2293 5161 appellavit,
2324 5106 2486 5168 atque
2524 5101 2777 5159 heredem
2825 5122 2945 5162 esse
2988 5111 3309 5176 constituit;
3359 5122 3415 5166 et

1708 5181 1805 5263 Su
1833 5179 1943 5234 suis
1997 5188 2427 5258 successoribus,
2486 5201 2541 5247 et
2596 5194 2835 5263 ejusdem
2891 5201 3121 5255 senioris
3175 5202 3416 5256 ecclesize

124 5236 375 5291 inveniri
422 5246 619 5307 potest.
674 5238 826 5306 Quod
872 5248 927 5295 et
973 5241 1088 5310 ipse
1116 5242 1343 5303 domnus
1373 5249 1729 5310 Berticbram-
1756 5247 1810 5308 D
1834 5236 2100 5329 smel-dot}

2106 5276 2205 5333 bus
2249 5288 2412 5351 atque
2463 5287 2739 5343 canonicis
2794 5289 2966 5357 ipsum
3025 5292 3409 5346 monasterium

1827 5372 2139 5421 sanctorum
2168 5367 2312 5426 Petri
2358 5382 2415 5428 et
2460 5373 2609 5430 Pauli
2652 5379 3058 5448 apostolorum,
3090 5396 3211 5440 cum
3264 5385 3411 5439 omni

1826 5453 2138 5524 integritate
2167 5461 2535 5520 ecclesiastico
2582 5467 2771 5522 ordine
2810 5467 3186 5537 possidendum
3233 5481 3288 5525 et
3327 5489 3413 5528 re-

1943 5512 1972 5524 ν
2122 5512 2129 5513 ,
2176 5512 2531 5520 "mm--."
2585 5512 2770 5522 -._.....
2811 5512 3186 5537 γ.,-,...ν.........
3234 5512 3288 5525 ν.
3329 5512 3411 5528 ,ν

114 5512 355 5585 pliavit,
385 5523 439 5569 et
468 5514 844 5574 immelioravit
878 5529 933 5576 et
960 5525 1397 5585 sanctimoniales
1432 5537 1726 5593 monachas
1823 5545 2054 5611 gendum
2092 5547 2213 5618 jure
2261 5550 2568 5610 ﬁrmissimo
2599 5558 2986 5628 perpetualiter
3014 5561 3283 5628 delegavit,
3327 5574 3411 5617 αι-

115 5606 231 5628 ___,_
282 5608 457 5628 _____,A
689 5621 703 5628 ,
752 5627 759 5628 ,
816 5612 829 5625 .
1319 5622 1330 5628 -
1399 5624 1409 5628 -

108 5606 235 5662 sub
282 5608 464 5673 regula
510 5609 770 5679 degentes
815 5612 943 5669 inibi
993 5631 1114 5675 esse
1159 5622 1460 5691 constituit,
1512 5636 1566 5682 et
1611 5646 1722 5686 suae

105 5694 279 5751 sedis
307 5707 502 5753 sanch
532 5698 710 5756 Marha
742 5712 795 5758 ct
825 5706 993 5759 sancti
1027 5704 1266 5768 Gervasii
1295 5714 1613 5785 subjugavit,
1642 5730 1719 5774 at-

1824 5651 1930 5705 que
1957 5636 2262 5710 dereliquit.
2311 5643 2462 5704 Fecit
2500 5661 2717 5716 quoque
2769 5649 2850 5703 vel
2899 5653 3225 5707 restauravit
3268 5654 3409 5710 idem

1824 5724 2054 5783 deutntts
2094 5728 2531 5790 Bertichramuus
2567 5752 2729 5807 super
2757 5737 2972 5797 ﬂuvium
3004 5739 3203 5797 ldoniae
3232 5745 3405 5814 q'IOd-
