4030 6318
244 328 342 383 580

1602 322 1817 376 TESTA
1831 322 1870 373 .\l
1884 323 2010 376 ΕΝΤ
2023 325 2058 379 [ᾗ
2073 326 2137 378 Μ.

3402 332 3506 389 590

237 437 389 494 Pauli
419 435 799 507 apostolorum,
830 448 948 503 qua:
978 434 1031 489 in
1055 442 1343 503 conspectu
1369 434 1612 488 civitatis
1643 450 1809 503 opere
1843 434 1893 493 Λ
1923 443 2164 505 tempore
2195 436 2520 505 possidetur,
2562 437 2612 491 in
2644 436 3066 493 dominationem
3096 449 3295 497 sancte
3316 441 3504 502 Eccle-

234 549 363 589 meo
388 546 484 601 pro
513 527 825 583 defensione
854 527 1096 581 civitatis
1122 526 1206 580 vel
1234 526 1603 580 salubritatem
1626 525 1809 594 populi

232 620 525 684 aediﬁcavi,
569 618 795 673 heredes
840 617 968 670 mihi
1023 623 1221 678 estote,
1277 615 1610 685 heredesque
1666 629 1817 668 meos

233 729 336 766 vos
364 726 484 765 esse
509 709 780 764 constituo
812 722 874 762 ac
898 706 1064 775 jubeo
1105 706 1343 760 ceterive
1388 705 1685 760 exheredes
1710 705 1817 761 sint

234 804 358 857 toti.
390 800 574 856 Omnis
611 801 792 869 itaque
831 799 920 853 cui
962 799 1065 853 hoc
1106 806 1486 853 testamentum
1518 813 1693 852 meum
1725 797 1818 851 de-

232 896 391 957 dero,
424 894 700 961 legavero,
747 890 932 944 darive
974 888 1222 957 jussero;
1274 889 1326 941 id
1374 896 1433 942 ut
1475 888 1650 951 detur,
1702 886 1813 949 ﬁat,

236 992 546 1054 prmstetur,
589 981 710 1035 tidel
748 979 1038 1034 heredibus
1068 980 1201 1034 meis
1227 980 1543 1034 committo:
1588 978 1630 1032 si
1679 993 1818 1047 quos

233 1084 420 1130 autem
451 1074 649 1128 liberos
676 1085 797 1126 esse
816 1070 1050 1139 jussero,
1085 1070 1267 1125 libera:
1296 1070 1520 1124 liberive
1552 1070 1660 1123 sint
1687 1068 1811 1123 toti.

233 1164 303 1219 Et
338 1164 466 1233 quia
498 1163 725 1218 inclitus
755 1169 917 1229 atque
940 1161 1232 1226 praecelsus
1258 1160 1485 1216 domnus
1509 1159 1817 1214 Clotharius

232 1270 356 1322 rex,
387 1254 473 1308 cui
501 1254 642 1307 Deus
670 1252 723 1307 in
761 1252 906 1304 milia
935 1260 1192 1305 aeternam
1222 1251 1482 1306 retribuat
1521 1247 1812 1304 beatitudi-

234 1359 384 1408 nem,
430 1359 583 1398 suum
631 1350 954 1412 praeceptum
1004 1358 1195 1397 manus
1234 1357 1344 1396 sum.
1379 1341 1501 1410 jure
1545 1342 1811 1394 lirmatum

233 1438 369 1492 mihi
400 1436 566 1497 dedit,
599 1442 655 1489 ut
687 1434 755 1489 de
784 1434 1002 1503 propria
1033 1425 1482 1503 lacultate,°quod
1512 1447 1579 1487 ex
1613 1445 1811 1501 paren-

232 1536 349 1582 tum
379 1525 718 1580 successione
747 1524 943 1588 habeo,
975 1540 1069 1577 seu
1095 1525 1240 1594 quod
1271 1537 1492 1578 munere
1536 1538 1635 1577 suo
1677 1537 1812 1577 con-

230 1622 453 1674 secutus
478 1632 622 1682 sum,
654 1625 748 1670 aut
774 1616 970 1685 aliquid
996 1617 1339 1684 comparavi,
1371 1615 1456 1669 vel
1487 1628 1808 1685 comparare

230 1711 345 1767 Deo
373 1710 661 1780 a‘djuvaute
700 1719 949 1779 potuero,
994 1710 1078 1763 vel
1108 1710 1158 1762 in
1186 1708 1614 1777 quibuscumque
1646 1708 1808 1761 rebus

1918 526 2009 579 size
2030 526 2436 581 Cenomannieae
2461 528 2671 581 heredis
2690 544 2821 583 mere
2838 530 3107 597 perduret.
3138 530 3242 585 Sed
3266 542 3321 586 et
3342 548 3503 603 quam

1920 618 2166 684 plurima,
2192 633 2309 685 qua:
2338 635 2640 673 memorare
2672 636 2872 674 nover.)
2903 619 3019 691 [F.,
3045 637 3151 675 non
3180 622 3377 695 valeo],
3406 626 3502 681 tibi

1920 722 2040 761 meo
2069 709 2263 773 studio,
2290 719 2471 763 sancta
2497 708 2756 774 Ecclesia,
2790 710 3071 778 adquisivi.

1993 795 2059 849 Et
2088 797 2212 850 licet
2239 799 2486 852 omnibus
2507 799 2720 852 Christo
2753 801 2993 869 propicio
3025 811 3208 858 notum
3233 806 3322 872 sit,
3354 823 3492 877 qua-

1920 886 2042 941 liter
2079 902 2178 955 ego
2225 896 2319 941 aut
2357 902 2516 956 quam
2551 888 2775 942 lideliter
2809 892 2860 943 iu
2892 901 3075 946 sancta
3109 892 3369 963 Ecclesia,
3399 910 3495 955 aut

1918 979 1972 1032 in
2005 978 2361 1035 monasteriis.
2393 987 2482 1030 aut
2513 980 2564 1032 iu
2593 980 2797 1031 cunctis
2827 981 2984 1036 rebus
3015 982 3381 1053 laborassem;
3407 997 3493 1043 ta-

1920 1083 2041 1122 men
2065 1079 2120 1122 et
2160 1077 2240 1136 tu,
2282 1068 2477 1123 domne
2508 1067 2764 1137 pontifex,
2797 1084 2955 1137 quem
2984 1070 3124 1126 Deus
3166 1074 3217 1126 in
3259 1076 3338 1129 eis
3377 1085 3502 1145 post

1918 1174 2004 1212 me
2033 1173 2151 1212 esse
2187 1158 2436 1217 voluerit.
2470 1172 2801 1225 cognoscere
2837 1168 3013 1228 potes,
3062 1172 3263 1231 quanta
3293 1165 3492 1221 ibidem

1919 1264 2040 1302 meo
2078 1248 2254 1302 studio
2286 1248 2369 1302 vel
2400 1247 2583 1301 labore
2611 1256 2854 1315 tempore
2881 1265 3000 1303 meo
3030 1251 3171 1307 Deus
3198 1264 3279 1308 est
3307 1254 3499 1324 digna.

1918 1346 2001 1391 tus
2030 1337 2293 1392 conferre.
2326 1337 2478 1403 Quod
2504 1338 2548 1391 si
2574 1337 2676 1391 ﬁde
2708 1339 2911 1407 integra
2939 1341 3177 1410 disponis
3199 1344 3495 1413 inquirere,

1915 1440 2208 1494 cognosces
2238 1442 2323 1482 me
2353 1438 2455 1482 tuae
2482 1426 2733 1483 Ecclesiae
2760 1445 2864 1483 non
2896 1432 3166 1486 modicum
3197 1433 3490 1492 laborasse.

1918 1520 2067 1574 Unde
2097 1520 2189 1574 tibi
2218 1520 2455 1587 ineptum
2482 1536 2601 1575 esse
2633 1539 2735 1574 non
2767 1522 2946 1585 debet,
2993 1524 3037 1576 si
3085 1525 3285 1593 aliquid
3308 1528 3376 1582 de
3403 1544 3491 1583 re-

1914 1611 2012 1665 bus
2046 1620 2246 1666 sanctze
2289 1610 2467 1665 Mari-.0
2507 1612 2809 1680 cuicunque
2854 1629 2921 1666 ex
2964 1613 3219 1669 fratribus
3265 1618 3489 1684 nostris,

1914 1706 2017 1759 hoc
2039 1714 2122 1759 est
2150 1705 2476 1775 presbyteris
2504 1711 2560 1757 et
2588 1705 2925 1766 diaeonihus,
2958 1720 3055 1760 seu
3082 1706 3370 1763 lectoribus
3397 1719 3493 1762 aut

230 1809 401 1871 atqtle
437 1801 754 1873 corporibus
801 1799 1112 1854 facultatum
1161 1807 1513 1867 augmentare
1560 1806 1806 1868 potuero,
1841 1788 1887 1847 B
1920 1797 2230 1867 propinquis
2270 1797 2424 1860 meis,
2467 1796 2551 1850 vel
2591 1797 2776 1850 amicis
2822 1810 2911 1850 ant
2952 1800 3328 1866 servientibsis,
3385 1810 3492 1855 tam

231 1903 339 1948 tum
386 1908 484 1964 pro
531 1892 723 1946 anima:
759 1907 892 1947 mea:
939 1891 1257 1957 remedium,
1287 1906 1449 1960 quam
1497 1891 1813 1961 propinquis

229 1985 405 2051 meis,
444 1998 538 2039 seu
580 1982 823 2038 ﬁdelibus
853 1983 986 2037 meis
1012 1982 1262 2051 delegare
1306 1983 1552 2049 voluero,
1585 1982 1812 2037 liberum

230 2074 416 2129 tribuit
480 2074 788 2139 arbitrium;
839 2074 1039 2128 idcirco
1085 2082 1136 2126 te
1180 2081 1525 2128 sacrosancta
1575 2072 1811 2128 Ecclesia

228 2165 656 2230 Genomannica,
710 2164 870 2218 heres
915 2179 1069 2227 mea,
1103 2165 1304 2220 habere
1360 2164 1480 2218 volo
1529 2179 1593 2217 ac
1645 2163 1813 2231 jubeo

227 2256 411 2309 villam
436 2256 570 2323 juris
599 2255 724 2319 mei,
755 2256 909 2323 cujus
937 2254 1254 2309 vocabulum
1299 2264 1376 2310 est
1411 2254 1635 2309 Bonalfa
1655 2294 1671 2320 ,
1709 2254 1811 2308 sita

228 2366 280 2403 in
312 2348 589 2404 territurio
613 2347 932 2416 Stampense
960 2361 1054 2403 seu
1086 2346 1378 2415 JEqualina
1407 2346 1561 2411 silva,
1595 2355 1651 2400 et
1682 2347 1810 2400 mihi

225 2441 503 2512 precelsus
545 2440 773 2495 domnus
815 2438 1119 2493 Clotharius
1157 2452 1251 2491 rex
1293 2452 1390 2491 suo
1423 2450 1668 2501 munere,
1703 2451 1808 2490 una

208 2547 351 2599 pcn.n
396 2531 647 2599 praecelsa
679 2530 873 2583 domna
910 2526 1258 2597 Fredegunda
1308 2528 1492 2594 regina
1540 2527 1812 2596 quondam

225 2621 488 2689 genitrice
516 2635 631 2682 sua,
666 2627 948 2689 postquam
993 2618 1072 2672 eis
1100 2618 1327 2672 domnus
1359 2617 1573 2671 Vrodola
1598 2617 1808 2684 justitia

228 2729 417 2771 eorum
447 2713 698 2782 reddidit,
724 2714 776 2769 in
806 2728 892 2769 me
915 2712 1167 2768 hinnuleo]
1192 2727 1380 2768 eorum
1403 2727 1499 2783 pro
1531 2709 1653 2767 ﬁalei
1673 2726 1813 2770 mea:

225 2807 717 2873 conservationem,
747 2822 866 2876 quae
894 2821 1107 2874 semper
1135 2805 1277 2860 circa
1309 2804 1481 2873 ipsum
1508 2805 1812 2874 principem

228 2899 593 2954 inviolabilem
621 2906 807 2952 tenere
848 2906 904 2951 et
946 2897 1145 2952 habere
1176 2897 1319 2951 visus
1348 2910 1488 2960 sum,
1522 2912 1814 2951 concesse-

232 3001 360 3046 runt
389 3009 402 3056 ;
432 2992 603 3060 ipsam
630 2992 807 3045 villam
836 3005 959 3044 cum
988 2989 1258 3057 domibus,
1282 2989 1582 3059 mancipiis,
1618 2990 1808 3055 vineis,

229 3084 621 3153 silvis,campis
654 3082 736 3137 vel
767 3082 913 3137 omni
937 3097 1013 3146 re,
1038 3081 1157 3151 jure
1184 3091 1237 3135 et
1266 3082 1633 3150 adjaeeutibus
1677 3082 1809 3145 suis,

229 3182 341 3228 tam
377 3173 659 3228 mobilibus
706 3186 866 3239 quam
915 3181 969 3223 et
1017 3171 1415 3235 immobilibus,
1469 3181 1588 3241 post
1633 3186 1810 3226 meum

229 3265 439 3319 dbitum
469 3263 565 3317 tibi
592 3263 769 3316 valeas
799 3262 1182 3330 perpetualiter
1210 3261 1486 3329 possidere
1514 3280 1528 3327 ;
1579 3272 1808 3331 excepto

227 3370 369 3425 quos
419 3356 611 3411 exinde
648 3355 877 3408 liberare
924 3354 1166 3408 voluero.
1218 3354 1474 3408 Similiter
1529 3369 1712 3423 agrum
1745 3356 1810 3409 ad

227 3447 495 3502 culturam
541 3459 608 3500 eo
656 3453 897 3513 tempore
926 3442 1275 3513 adquisitum,
1310 3452 1380 3507 te,
1412 3444 1607 3498 domua
1653 3444 1812 3499 heres

229 3555 350 3596 mea
382 3538 640 3604 Ecclesia,
669 3538 871 3592 habere
900 3538 1020 3591 volo
1049 3552 1112 3592 ac
1140 3537 1371 3590 decerno
1398 3553 1412 3601 ;
1445 3551 1511 3591 ex
1540 3552 1647 3605 quo
1683 3552 1810 3606 agro

225 3630 571 3686 medietatem
598 3629 753 3683 bona:
782 3629 1054 3682 memoria:
1085 3628 1280 3681 domna
1302 3625 1603 3695 lngoberga
1634 3643 1811 3695 quon-

226 3722 352 3777 dam
382 3723 587 3789 regina,
620 3734 739 3773 mea
769 3718 1020 3773 instantia
1052 3733 1279 3784 meoque
1309 3719 1557 3784 exigente
1590 3719 1809 3773 servitio

228 3822 435 3869 sanctae
484 3812 665 3867 Maria:
712 3813 1038 3880 dereliquit;
1087 3812 1246 3865 aliam
1290 3827 1421 3865 vero
1467 3812 1810 3868 medietatem

226 3904 296 3959 de
340 3918 600 3972 germano
646 3904 811 3973 ipsius
853 3904 1121 3971 Magnull'o
1151 3903 1417 3971 quotidam
1465 3903 1590 3955 dato
1636 3904 1811 3972 pretio

223 3995 552 4063 comparavi,
600 4003 660 4047 ut
703 3995 754 4047 in
790 3994 910 4062 jure
949 4002 1148 4047 sanctm
1186 3993 1426 4047 ecclesia:
1464 4005 1592 4058 ager
1618 3993 1706 4046 ille
1736 3993 1804 4046 ad

223 4087 491 4153 integrum
523 4086 860 4154 perveniret;
910 4092 965 4139 et
1007 4083 1073 4137 de
1122 4082 1244 4135 villa
1293 4082 1546 4137 Celonica
1595 4082 1698 4135 sita
1752 4083 1804 4136 in

222 4177 501 4231 territorio
531 4174 833 4241 Tricurino,
865 4189 1025 4244 quam
1072 4175 1227 4229 boote
1272 4172 1542 4228 memoria:
1574 4172 1803 4228 Bobele-

223 4284 326 4324 nus
357 4268 696 4323 medietatem
741 4267 988 4323 Ecclesiae
1027 4267 1389 4335 delegaverat,
1436 4276 1492 4320 et
1539 4282 1634 4335 pro
1695 4267 1811 4337 ipsa

220 4359 513 4414 medietate
556 4359 751 4413 multas
785 4358 945 4412 habui
973 4357 1311 4420 vexationes,
1362 4357 1454 4411 sed
1488 4373 1611 4412 meo
1641 4372 1810 4425 opere

222 4453 309 4521 egi
374 4459 433 4505 ut
481 4451 548 4506 de
591 4452 711 4520 jure
754 4460 950 4506 sanctae
1006 4449 1259 4505 Ecclesiae
1308 4465 1413 4503 non
1463 4449 1799 4515 auferretur;

222 4544 388 4597 ctiam
414 4551 470 4596 et
498 4553 681 4612 postea
711 4543 869 4595 aliam
899 4541 1260 4603 medietatem,
1303 4554 1467 4607 quam
1510 4554 1681 4593 uxore
1717 4540 1802 4593 vel

223 4634 514 4690 heredibus
556 4634 666 4689 suis
721 4634 786 4686 ad
839 4631 1215 4701 possidendum
1264 4631 1624 4699 delcgaverat,
1677 4629 1806 4684 dato

221 4726 401 4796 pretio
431 4724 497 4779 ad
527 4725 787 4792 integrum
810 4722 1143 4792 comparavi,
1191 4729 1247 4776 et
1293 4722 1343 4774 in
1384 4719 1807 4773 dominationem

221 4833 401 4874 meam
453 4817 733 4886 pervenit;
782 4816 903 4870 volo
947 4824 1003 4869 ut
1050 4815 1218 4883 ipsam
1264 4813 1445 4867 villam
1496 4826 1618 4865 cum
1658 4811 1806 4865 omni

220 4909 515 4965 securitate
553 4917 630 4976 tu,
659 4915 997 4963 sacrosancta
1026 4906 1266 4961 Ecclesia
1306 4907 1462 4960 heres
1500 4917 1646 4969 mea,
1695 4918 1803 4958 una

220 5015 346 5056 cum
387 4998 510 5056 l‘ano
540 4999 852 5065 Vicinonim,
893 4997 1146 5067 quiequid
1180 4997 1309 5051 mihi
1342 4995 1677 5065 comparavi,
1715 5004 1809 5049 aut

220 5103 349 5146 meo
371 5104 536 5159 opere
556 5089 624 5144 ad
653 5089 917 5158 mancipia
943 5088 1197 5151 stabilivi,
1229 5102 1349 5142 cum
1380 5086 1433 5159 id
1458 5087 1602 5157 quod
1634 5087 1807 5143 adhuc

221 5179 337 5235 Deo
391 5180 627 5250 propitio
677 5179 733 5235 in
776 5179 906 5249 ipsis
953 5178 1094 5247 agris
1140 5179 1502 5233 immeliorare
1554 5185 1806 5248 potuero,

219 5291 347 5331 cum
377 5277 523 5331 omni
553 5275 859 5345 integritate
878 5288 1087 5340 eorum,
1119 5280 1174 5327 et
1200 5272 1470 5342 mancipia
1499 5271 1629 5327 inibi
1654 5287 1811 5327 com-

220 5368 523 5432 manentia,
546 5367 660 5432 tibi,
688 5374 1030 5422 sacrosancta
1058 5363 1319 5429 Ecclesia,
1349 5362 1475 5417 volo
1495 5376 1614 5417 esse
1642 5361 1812 5417 dona-

218 5466 358 5515 tum.
391 5458 629 5528 Itemque
662 5468 717 5513 et
745 5457 871 5512 villa
909 5457 1071 5518 Brea,
1104 5470 1264 5524 quem
1305 5454 1436 5509 mihi
1462 5451 1687 5508 Daullus
1712 5467 1812 5522 per

220 5548 532 5606 donationis
560 5549 771 5605 titulum
797 5547 1048 5613 contulit,
1074 5554 1128 5600 et
1151 5558 1252 5613 ego
1285 5552 1472 5613 postea
1498 5542 1629 5597 mihi
1654 5558 1808 5598 com-

219 5643 429 5711 paravi,
460 5643 605 5698 velut
624 5651 973 5711 qumeumque
1014 5634 1294 5705 subjunxi,
1326 5633 1474 5688 velut
1511 5633 1680 5703 ipsam
1709 5633 1810 5687 vil-

222 5735 331 5790 lam
356 5752 477 5793 cum
503 5736 650 5792 omni
690 5733 996 5804 integritate
1033 5746 1154 5799 sua,
1201 5729 1340 5786 sicut
1376 5742 1405 5781 a
1435 5741 1529 5782 me
1557 5729 1808 5796 praesenti

1834 4497 1888 4557 D

1913 1897 2110 1944 sancta:
2142 1888 2413 1951 Ecclesiai,
2447 1904 2609 1957 quam
2646 1896 2699 1941 et
2727 1889 2859 1943 meis
2887 1891 3135 1959 propriis,
3167 1892 3493 1962 cuicumque

1915 1980 2112 2049 aliquid
2160 1980 2212 2032 in
2256 1978 2528 2034 usufructu
2573 1978 2803 2044 dimitto,
2836 1981 2958 2046 quia
3005 1991 3204 2035 εηιιειω
3242 1981 3496 2038 Eccleake

1916 2070 2298 2138 proprietatem
2331 2086 2436 2122 non
2468 2068 2670 2129 aufero,
2722 2082 2777 2123 et
2817 2071 2883 2123 de
2929 2071 3285 2126 substantiola
3334 2073 3497 2127 here-

1915 2161 2035 2215 dem
2067 2163 2235 2230 ipsam
2266 2161 2555 2215 constituo.
2602 2158 2665 2212 Et
2705 2165 2828 2229 quia
2873 2171 3071 2214 sancta:
3108 2162 3501 2217 recordationis

1916 2251 2143 2304 domnus
2175 2250 2466 2304 Domnolus
2501 2250 2769 2319 quondam
2807 2251 3095 2319 episcopus
3125 2251 3192 2305 de
3220 2254 3364 2320 agris
3394 2252 3501 2308 Ec-

1916 2341 1997 2394 cle
2028 2341 2090 2395 ia:
2115 2341 2292 2409 aliqua
2325 2340 2512 2394 locella
2545 2341 2609 2393 ad
2636 2341 2912 2395 basilicam
2943 2358 3117 2407 suam,
3141 2346 3233 2397 ubi
3262 2346 3504 2413 requies-

1915 2448 2037 2487 cere
2079 2433 2307 2496 viletur,
2350 2432 2635 2500 delegavit,
2687 2433 2783 2485 sed
2833 2433 2988 2488 nobis
3037 2434 3325 2488 molestum
3374 2435 3493 2497 fuit,

1917 2529 1975 2576 ut
2004 2522 2195 2575 iterum
2239 2536 2336 2575 nos
2372 2520 2546 2573 simile
2586 2521 2898 2576 conditione
2941 2523 3009 2576 de
3058 2524 3201 2591 agris
3242 2522 3496 2579 Ecclesia:

1916 2616 2119 2685 aliquid
2160 2616 2369 2671 auferre
2399 2627 2491 2671 aut
2534 2619 2777 2672 minuere
2806 2620 3144 2688 deberemus,
3176 2630 3236 2675 ut
3265 2623 3497 2677 basilicae

1916 2718 2225 2766 saneturtttu
2256 2708 2397 2764 Petri
2427 2718 2481 2763 et
2511 2708 2655 2763 Pauli
2685 2712 3078 2780 apostolorum,
3122 2728 3282 2781 quam
3312 2714 3363 2767 in
3401 2715 3503 2768 ho-

1917 2819 2051 2858 nore
2078 2818 2264 2857 eorum
2290 2802 2520 2857 nominis
2542 2804 2838 2867 constrﬁxi,
2869 2802 3118 2857 conferre
3138 2804 3494 2868 deberemus;

1917 2895 2009 2950 scd
2066 2896 2234 2962 magis
2290 2902 2624 2962 pertractans
2653 2909 2775 2948 cum
2826 2895 3053 2947 consilio
3108 2895 3496 2949 venerabilium

1918 2984 2139 3040 fratrum
2170 2996 2470 3041 nostrorum
2503 2988 2959 3057 presbyterorum,
2993 3004 3085 3042 seu
3117 2988 3489 3052 diaconorum,

1918 3079 2002 3132 vel
2034 3078 2273 3131 omnium
2302 3078 2648 3143 clericorum,
2698 3086 2755 3131 ut
2806 3094 2966 3131 unum
3019 3079 3267 3132 locellum
3293 3079 3358 3133 de
3388 3078 3497 3132 Ec-

1840 3144 1890 3213 θ
1922 3172 2100 3225 clesim
2127 3171 2438 3225 conditione
2479 3171 2544 3223 ad
2586 3171 2757 3240 ipsam
2788 3182 3030 3226 sanctam
3062 3172 3358 3237 basilicam,
3394 3190 3498 3228 non

1922 3276 2128 3321 tantum
2159 3282 2258 3336 pro
2304 3268 2648 3332 necessitate,
2698 3268 2792 3321 sed
2839 3279 3061 3337 propter
3109 3271 3368 3338 primitias
3415 3273 3500 3326 vel

1917 3364 2273 3416 reverentiam
2325 3362 2565 3429 ipsorum
2614 3360 2933 3415 domnorum
2984 3362 3383 3429 apostolorum,
3440 3370 3496 3417 et

1917 3449 2062 3518 quod
2086 3458 2259 3503 mater
2286 3458 2469 3503 sancta
2495 3447 2754 3513 Ecclesia,
2787 3464 2907 3518 qua:
2937 3464 3125 3503 omnes
3156 3450 3403 3505 basilicas
3431 3451 3500 3506 ad

1915 3557 1974 3597 se
2002 3544 2335 3611 pertinentes
2384 3542 2528 3598 fovet
2557 3559 2619 3599 ac
2662 3545 2815 3607 ditat,
2847 3546 3101 3599 convenit
3130 3561 3250 3600 eum
3282 3547 3495 3602 domuis

1917 3635 2260 3706 pontiﬁcibus
2302 3637 2442 3691 diem
2476 3638 2642 3701 illum,
2682 3653 2789 3706 quo
2820 3637 3123 3691 benedictio
3154 3639 3381 3694 caelestis
3411 3640 3497 3693 vel

1915 3727 2155 3795 reliquiae
2199 3737 2508 3783 sanctorum
2556 3728 2698 3783 Petri
2742 3736 2796 3783 et
2840 3727 2991 3782 Pauli
3022 3732 3391 3797 apostolorum
3440 3733 3493 3785 in

1917 3819 2028 3887 ipsa
2058 3819 2274 3874 basilica
2307 3822 2494 3889 posita:
2523 3829 2668 3887 sunt,
2708 3828 2763 3875 et
2791 3819 3075 3890 dupliciter
3102 3820 3279 3874 divina
3315 3821 3498 3890 opitu-

1917 3908 2058 3962 lante
2085 3910 2254 3975 gratia
2285 3913 2492 3963 sanctis
2517 3910 2892 3965 sacerdotibus
2934 3918 3248 3964 consecrata
3301 3911 3353 3964 in
3388 3912 3494 3967 ho-

1916 4015 2102 4053 norem
2151 4009 2461 4054 sanctorum
2514 4000 2904 4070 apostolorum,
2935 4000 3021 4054 vel
3052 4001 3154 4056 loci
3194 4002 3336 4057 illius
3366 4018 3499 4057 con-

1916 4092 2274 4146 secrationem
2302 4109 2315 4157 ;
2343 4092 2464 4145 villa
2493 4092 2799 4156 Uinbriaco,
2830 4107 2993 4161 quam
3026 4092 3254 4149 Basilius
3283 4103 3338 4148 et
3359 4093 3499 4148 Bau-

1918 4182 2193 4251 degundus
2238 4182 2508 4249 quondam
2539 4198 2637 4253 per
2665 4182 2974 4237 donationis
3005 4183 3213 4237 titulum
3257 4184 3323 4237 ad
3364 4201 3495 4238 san-

1916 4284 2059 4330 ctam
2118 4276 2407 4331 Ecclesiam
2456 4275 2823 4330 condederant
2876 4285 2999 4345 post
3051 4292 3237 4330 eorum
3287 4276 3493 4331 obitum

1915 4367 2324 4436 possidendam;
2360 4366 2497 4421 unde
2539 4374 2594 4420 et
2642 4382 2740 4421 nos
2768 4376 2955 4436 postea
2996 4367 3191 4434 jugitcr
3230 4367 3501 4422 laboravi-

1915 4474 2053 4525 mus,
2085 4467 2144 4512 ut
2171 4457 2428 4511 Ei-clesire
2472 4473 2576 4511 non
2604 4456 2923 4521 auferretur,
2956 4463 3144 4526 postea
3184 4459 3365 4512 omnia
3400 4476 3494 4514 su-

1916 4548 2157 4617 pradicta
2210 4547 2353 4615 quod
2406 4562 2500 4616 per
2543 4562 2629 4600 me
2683 4547 2939 4599 humilem
2991 4556 3189 4602 sancta:
3238 4547 3495 4604 Ecclesiae

1916 4638 2129 4709 proﬁcit
2174 4648 2267 4690 aut
2293 4638 2532 4698 obvenit,
2568 4648 2674 4690 tam
2706 4636 2960 4707 prmdicto
2994 4636 3303 4705 Umbriaco,
3336 4656 3499 4708 quam

1917 4730 1970 4784 in
2000 4729 2305 4783 suburbana
2336 4727 2554 4780 basilica
2590 4726 2770 4781 domui
2802 4725 2944 4781 Petri
2992 4736 3048 4782 et
3092 4727 3241 4783 Pauli
3272 4740 3498 4800 aposto-

1916 4821 2111 4883 lorum,
2141 4833 2260 4886 qme
2281 4832 2404 4872 meo
2432 4832 2599 4886 opere
2628 4816 2886 4872 :ndiﬁcata
2916 4833 3036 4873 esse
3064 4818 3397 4885 dinoscetur,
3421 4821 3490 4875 ad

1917 4914 2086 4983 ipsam
2115 4920 2355 4965 sanctam
2388 4908 2705 4977 Ecclesiam,
2738 4909 2955 4967 Christo
2986 4915 3241 4983 propitio,
3291 4914 3491 4969 debeat

1917 5006 1968 5059 in
1997 5012 2256 5073 perpetuo
2286 5017 2622 5072 permanere.

1985 5093 2040 5147 1d
2071 5093 2198 5147 mihi
2232 5093 2432 5161 placuit
2454 5091 2727 5158 delegare,
2770 5101 2828 5147 nt
2848 5096 2972 5149 villa
3006 5096 3269 5161 Nimione,
3300 5098 3400 5154 sita
3444 5097 3497 5151 in

1914 5184 2187 5239 territorio
2216 5182 2507 5246 Parisiaco,
2536 5199 2658 5238 cum
2698 5185 2867 5240 vineis
2909 5201 3029 5254 quin
3074 5186 3395 5240 Frontanito
3426 5186 3494 5238 ad

1912 5276 2195 5347 palastrias
2242 5282 2298 5329 et
2342 5274 2601 5330 vinitores
2650 5291 2772 5331 esse
2816 5285 3133 5341 noscuntur,
3190 5291 3325 5345 quas
3370 5276 3501 5331 milii

1912 5371 2143 5426 domnus
2164 5369 2475 5424 Clotharius
2499 5384 2595 5423 rex
2624 5368 2789 5433 dedit,
2823 5382 2943 5436 qua:
2976 5383 3098 5423 meo
3124 5368 3343 5437 amplus,
3375 5369 3503 5422 dum

1912 5465 2083 5520 laicus
2112 5463 2205 5529 fui,
2239 5471 2346 5517 tam
2375 5462 2443 5516 de
2471 5461 2623 5526 ﬁsco,
2663 5475 2825 5530 quam
2866 5459 2933 5514 de
2972 5469 3287 5529 comparato
3322 5460 3501 5531 possi-

1911 5557 2144 5613 dendum
2173 5562 2372 5611 sanctae
2401 5551 2653 5607 Ecclesiae
2691 5549 2995 5614 Parisiacm,
3046 5550 3145 5605 sub
3184 5551 3336 5618 cujus
3380 5566 3502 5619 gra-

1915 5647 1984 5700 tia
2015 5646 2248 5699 nutritus
2276 5659 2416 5709 sum,
2468 5640 2536 5695 ad
2580 5641 2847 5709 integrum
2897 5641 3024 5695 volo
3064 5655 3185 5695 esse
3221 5641 3499 5696 donatura.

1915 5737 2151 5792 Basiliczc
2182 5751 2309 5790 vero
2342 5740 2654 5788 sanctorum
2703 5747 2764 5787 ac
2808 5731 3241 5789 beatissimorum
3276 5732 3420 5789 Petri
3448 5741 3503 5786 ct
