4030 6318
513 315 608 371 591
1327 304 1567 362 SANCTI
1608 300 2119 359 BERTICIIRAMNI
2159 297 2679 357 CENOMANENSIS
2706 294 3023 353 'EPISCOPI
3705 296 3811 352 599.

516 425 665 481 Pauli
714 421 1106 495 apostolorum,
1155 434 1318 491 quam
1372 419 1938 488 superiusheredem,
1993 429 2099 470 una
2135 421 2179 476 Α
2278 413 2517 469 Basilica!
2558 414 2729 468 sancti
2773 411 2919 466 Petri
2968 420 3024 467 et
3074 410 3269 477 Pauli,
3316 412 3471 467 villas
3515 429 3650 483 quas
3687 414 3815 469 dato

516 524 850 573 cumsancta
874 512 1112 569 Ecclesia
1172 509 1579 565 Cenomannica
1628 508 1905 573 constitui,
1963 508 2103 562 sicut

517 624 639 664 mea
668 616 749 664 est
776 605 1014 671 devotio,
1043 602 1167 672 quia
1197 600 1397 656 ibidem
1428 614 1606 654 meum
1640 598 2103 669 (quandoquidem

519 701 661 755 Deus
690 696 941 763 voluerit)
980 692 1232 748 desidero
1275 691 1547 747 collocare
1592 689 1998 759 corpusculum,
2037 687 2106 742 ad

519 792 687 861 ipsam
717 796 957 843 sanctam
988 785 1267 840 basilicam
1299 783 1352 837 in
1380 783 1586 837 honore
1614 789 1928 837 sanctorum
1970 795 2106 850 apo-

517 884 802 944 stolorum,
845 886 903 932 ut
951 891 1049 947 pro
1090 876 1331 931 facinore
1380 889 1505 929 meo
1532 872 1677 943 quod
1711 874 1799 927 hic
1833 873 1884 926 in
1907 870 2107 927 saeculo

517 972 712 1041 iugiter
741 969 881 1022 visus
910 980 1027 1020 sum
1060 973 1420 1034 perpetrasse,
1458 972 1519 1016 ut
1567 964 1668 1031 ipsi
1712 961 1947 1033 apostoli
1988 960 2100 1015 suf-

517 1062 699 1131 fragiis
725 1048 837 1115 suis
866 1058 931 1112 ab
958 1056 1205 1111 infernali
1230 1070 1388 1125 pinna
1419 1069 1506 1109 me
1538 1054 1769 1109 liberare
1794 1052 2106 1121 dignentur,

516 1164 571 1207 et
598 1153 642 1209 si
680 1167 790 1206 non
841 1151 895 1204 in
936 1148 1108 1219 gloria
1148 1146 1319 1217 (quod
1351 1162 1456 1201 non
1490 1146 1722 1217 mereor)
1766 1146 1852 1200 vel
1894 1145 2108 1200 veniam

515 1256 711 1297 eorum
741 1238 1055 1309 patrociniis
1085 1246 1178 1290 aut
1206 1235 1680 1293 intercessionibus
1722 1250 1936 1290 merear
1969 1234 2110 1288 obti-

517 1347 651 1387 nere
676 1349 692 1397 ;
724 1329 870 1385 dono
893 1330 1077 1397 itaque
1097 1328 1162 1381 ad
1186 1326 1355 1397 ipsam
1382 1334 1623 1380 sanctam
1652 1324 1930 1380 basilicam
1956 1324 2111 1379 villas

516 1424 649 1478 sitas
697 1430 806 1475 tam
837 1421 889 1474 iu
946 1418 1224 1473 territorio
1272 1417 1700 1484 Ccnomannico,
1751 1431 1913 1486 quam
1963 1426 2020 1472 et
2060 1418 2112 1471 in

518 1512 829 1583 Stampensi
862 1510 943 1565 vel
970 1509 1358 1579 Burdigalinse,
1390 1519 1484 1563 aut
1505 1509 1846 1578 ubicumque,
1880 1516 1987 1563 tam
2015 1523 2112 1578 per

525 1604 839 1659 donationis
867 1602 1079 1655 titulum
1110 1617 1272 1671 quam
1299 1601 1366 1656 ad
1394 1602 1565 1671 ipsam
1587 1599 1864 1655 basilicam
1892 1598 2002 1668 jam
2028 1599 2116 1655 die

521 1694 759 1752 natalicii
790 1696 873 1750 sui
903 1695 1049 1769 dedi,
1097 1710 1282 1749 verum
1313 1695 1476 1749 etiam
1505 1693 1651 1763 quod
1695 1701 1752 1748 et
1798 1693 1977 1748 adhuc
2020 1708 2116 1762 per

2209 505 2381 573 pretio
2411 503 2745 572 comparavi,
2790 502 2852 557 id
2872 511 2956 557 est
2985 500 3246 567 Gaviaco,
3277 500 3562 569 Colbnica,
3598 501 3814 559 Laudo-

2209 594 2388 659 lenas,
2417 601 2473 648 et
2510 593 2759 648 Ferrenis
2790 608 2913 648 meo
2941 607 3108 663 opere
3136 592 3372 662 undique
3402 593 3731 662 adquisitas,
3763 609 3816 655 ei

2206 687 2459 756 quicquid
2504 685 2668 741 Cellis
2708 686 2794 741 vel
2824 687 2877 740 in
2925 685 3271 757 Samarciago
3317 686 3387 741 ad
3431 702 3603 757 prope
3638 686 3818 742 Ceno-

2210 779 2420 833 mannis
2459 778 2708 843 civitate,
2763 777 3020 846 quicquid
3064 776 3501 847 Portitborengo,
3534 793 3698 847 quem
3721 794 3818 848 pro

2210 868 2430 923 tutelam
2494 867 2743 939 percepi,
2797 867 2928 923 inibi
2974 867 3105 935 fuit,
3145 877 3201 923 et
3248 869 3353 923 hoc
3393 868 3540 939 quod
3569 867 3705 922 Ceta
3766 877 3823 923 et

2212 955 2418 1013 Mancia
2464 957 2550 1012 vel
2592 955 2807 1012 Guntha
2850 957 2977 1013 illuc
3022 958 3328 1028 possedisse
3363 957 3503 1027 jurae
3532 958 3664 1012 visa:
3704 954 3821 1013 fue-

2212 1057 2350 1115 rant,
2398 1057 2454 1104 et
2499 1048 2567 1103 ad
2621 1063 2797 1103 meam
2843 1048 3091 1118 pervenit
3138 1047 3421 1112 ditionem,
3475 1058 3586 1102 tam
3632 1048 3815 1111 terris,

2212 1140 2404 1205 vineis,
2434 1155 2499 1194 ac
2527 1137 2737 1195 colonis
2757 1148 2813 1193 et
2842 1139 3011 1193 servis
3029 1177 3044 1203 ,
3070 1138 3278 1209 integra
3309 1138 3562 1210 portione
3590 1154 3809 1194 eorum.

2211 1233 2468 1289 Similiter
2490 1243 2546 1288 et
2571 1233 2720 1288 villas
2747 1248 2881 1303 quas
2927 1233 2979 1287 in
3033 1233 3299 1288 honorem
3347 1233 3586 1288 basilica:
3626 1232 3813 1286 domui

2214 1322 2362 1379 Petri
2390 1334 2444 1380 et
2475 1324 2624 1379 Pauli
2646 1324 2956 1394 comparavi
2978 1323 3048 1378 de
3076 1325 3324 1393 pecunia,
3357 1339 3531 1395 quam
3549 1323 3823 1393 gloriosus

2212 1418 2443 1474 domnus
2463 1410 2768 1473 Clotharius
2793 1432 2891 1472 rex
2923 1416 3077 1472 nobis
3110 1414 3285 1481 dedit,
3310 1415 3397 1470 vel
3426 1430 3528 1470 nos
3568 1430 3673 1485 pro
3703 1414 3824 1469 fidei

2215 1519 2411 1568 nostra:
2439 1512 2674 1583 undique
2709 1511 3148 1581 conquisivimus.
3181 1510 3309 1566 Haec
3335 1519 3462 1567 sunt
3488 1510 3633 1565 villa:
3664 1510 3820 1580 ipsa,

2215 1603 2673 1675 Campocunanre,
2724 1601 2963 1668 Ludina,
2995 1611 3052 1657 et
3078 1602 3430 1670 Comariago,
3458 1600 3546 1656 vel
3588 1600 3821 1656 Camba-

2217 1695 2394 1759 riaco,
2426 1694 2565 1750 sicut
2610 1692 2948 1749 venditiones
2973 1692 3234 1758 edocent,
3274 1692 3446 1762 ipsam
3494 1691 3781 1747 basilicam
3806 1731 3823 1755 ,

523 1787 827 1843 testamenti
857 1787 1007 1841 istius
1033 1785 1281 1853 paginam
1312 1784 1533 1849 dedero,
1566 1798 1700 1852 quas
1725 1783 1853 1837 mihi
1876 1782 2105 1838 domnus
2141 1779 2181 1838 Β
2211 1787 2352 1842 sicut
2376 1801 2475 1842 nos
2496 1797 2590 1842 eas
2620 1785 2730 1856 jam
2756 1786 2951 1842 ibidem
2993 1784 3329 1849 tradidimus,
3357 1800 3481 1840 cum
3511 1783 3707 1839 villare
3734 1784 3823 1839 cui

520 1883 785 1947 gloriosus
805 1879 1112 1935 Clotbarius
1141 1894 1235 1948 per
1255 1893 1406 1933 suam
1452 1877 1875 1932 munificentiam
1910 1884 2108 1931 contu-

521 1976 603 2038 lit,
644 1973 725 2028 vel
768 1988 864 2042 pro
898 1971 1017 2026 Iidei
1052 1985 1185 2026 mea:
1225 1970 1701 2025 conservationem
1743 1969 1808 2023 ad
1841 1968 2109 2036 integrum

519 2067 631 2120 suis
672 2062 1128 2134 praeceptionibus
1172 2076 1390 2115 manum
1435 2076 1591 2115 suam
1637 2061 1930 2122 roboratis,
1982 2060 2114 2113 mihi

522 2157 784 2226 integram
837 2155 1041 2209 tribuet
1093 2153 1392 2215 licentiam,
1445 2160 1502 2205 ut
1547 2150 1805 2221 prmdirto
1846 2153 1968 2206 loco
2017 2166 2116 2219 pro

522 2248 713 2300 animae
741 2259 873 2299 mea:
905 2244 1164 2308 remedio,
1195 2243 1280 2296 vel
1312 2242 1395 2297 sui
1425 2241 1574 2308 regni
1604 2239 1919 2305 stabilitate,
1971 2239 2116 2310 ipsas

523 2338 678 2391 villas
705 2351 839 2405 quas
866 2349 1088 2389 munere
1117 2348 1229 2387 sua:
1260 2332 1555 2402 promerui,
1602 2330 1850 2386 conferre
1889 2331 2111 2386 debere.

528 2427 655 2483 time
694 2435 821 2483 sunt
865 2427 1044 2481 villas.
1098 2424 1233 2478 Villa
1276 2423 1556 2487 'l‘hedone,
1594 2422 1850 2477 Colonica
1897 2422 2118 2476 nomine

527 2517 736 2581 Telate,
783 2526 840 2572 et
892 2518 1029 2571 alias
1078 2515 1234 2569 villas
1277 2513 1566 2576 Buresaco,
1615 2522 1670 2567 et
1722 2513 2033 2567 mansiones
2060 2514 2112 2567 in

529 2609 894 2673 Wastinense,
929 2624 1062 2678 quas
1092 2608 1160 2663 de
1188 2607 1304 2661 viro
1336 2607 1528 2662 illustri
1552 2605 1919 2661 Varnachario
1949 2605 2118 2676 Majo-

528 2715 644 2755 rem
675 2699 905 2754 domnus
933 2714 1032 2768 pro
1059 2698 1184 2752 villa
1209 2696 1549 2752 Columbaria
1588 2696 1946 2765 percepimus.
1983 2697 2117 2751 Illud

526 2807 656 2847 vero
686 2805 818 2860 rogo
861 2799 1025 2860 atque
1072 2789 1236 2858 jubeo
1286 2788 1592 2854 abbatibus,
1643 2787 1734 2857 qui
1773 2803 1872 2858 per
1905 2788 2116 2857 singula

528 2892 793 2953 tempora,
821 2880 959 2936 sicut
988 2880 1167 2935 divina
1197 2879 1441 2949 potentia
1471 2887 1564 2933 aut
1591 2878 1763 2949 gratia
1790 2878 2113 2935 domnorum

530 2973 902 3043 apostolorum
944 2986 1041 3026 eos
1091 2970 1221 3025 inibi
1262 2969 1483 3039 jusserit
1510 2969 1823 3040 perdurare,
1867 2978 1927 3024 ut
1968 2971 2115 3026 omni

530 3075 772 3134 tempore
796 3063 921 3117 vita:
965 3077 1155 3118 eorum
1186 3062 1289 3117 hoc
1319 3061 1390 3115 sit
1431 3062 1511 3116 eis
1555 3060 1898 3130 potissimum
1926 3062 2116 3118 obser-

2222 1895 2419 1934 nomen
2450 1879 2721 1937 Piciniaco
2743 1922 2757 1944 ,
2796 1893 2957 1948 quem
2985 1877 3374 1933 GondobalJus
3401 1877 3677 1947 quondam
3711 1877 3826 1931 dia-

2219 1984 2386 2025 conus
2427 1970 2629 2035 tenuit,
2676 1968 2878 2039 pariter
2905 1976 2963 2023 et
2987 1967 3148 2022 Iliaco
3177 1981 3334 2036 quem
3364 1966 3432 2021 de
3464 1966 3581 2021 viro
3625 1966 3825 2020 illustri

2221 2063 2486 2120 Babisone
2508 2065 2875 2134 percepimus,
2907 2061 3032 2117 volo
3062 2062 3117 2115 in
3148 2059 3243 2115 Dei
3274 2059 3493 2115 nomine
3535 2059 3825 2129 possideo-

2219 2158 2335 2213 das.
2390 2156 2521 2211 Illud
2576 2156 2741 2211 etiam
2785 2154 3122 2211 constituens
3169 2167 3232 2207 ac
3281 2150 3606 2220 decernens,
3666 2150 3821 2220 quod

2219 2249 2469 2320 quicquid
2497 2248 2626 2302 mihi
2657 2248 2709 2301 in
2737 2246 2957 2301 minutis
2983 2246 3143 2300 rebus
3170 2255 3262 2297 aut
3292 2244 3346 2297 in
3380 2243 3821 2313 quibuscumque

2221 2341 2394 2396 modis
2421 2339 2604 2393 datum
2634 2345 2746 2401 est,
2776 2338 2861 2391 vel
2891 2337 2943 2391 in
2988 2336 3122 2390 meis
3164 2334 3327 2389 cartis
3368 2341 3668 2388 noscuntur
3698 2347 3826 2387 esse

2221 2430 2560 2498 conscriptas,
2590 2430 2693 2483 hoc
2722 2435 2892 2482 totum
2929 2434 2985 2480 et
3012 2426 3077 2479 ad
3100 2425 3389 2492 integrum,
3413 2432 3469 2478 tu
3497 2431 3691 2478 sancta
3720 2422 3825 2478 Ec-

2220 2521 2383 2577 clesia
2422 2530 2478 2573 et
2504 2519 2824 2575 venerabilis
2872 2517 3093 2573 basilica
3131 2516 3313 2572 domni
3343 2513 3488 2570 Petri
3532 2524 3588 2570 et
3622 2514 3828 2579 Pauli,

2220 2613 2311 2683 qui
2346 2612 2399 2666 in
2431 2612 2535 2666 hoc
2568 2610 2696 2667 folio
2728 2611 3035 2666 testamenti
3075 2610 3178 2664 mei
3204 2608 3430 2664 forsitan
3463 2608 3514 2663 in
3542 2608 3833 2663 oblivione

2220 2705 2351 2759 mihi
2405 2704 2644 2770 obvenit,
2698 2718 2850 2773 aequa
2904 2703 3058 2757 lance
3101 2700 3349 2757 dividatis
3405 2699 3828 2771 possidendum.

2222 2795 2360 2850 Villa
2383 2810 2517 2851 vero
2546 2794 2853 2860 Morenaco,
2876 2809 3037 2863 quam
3062 2808 3183 2849 meo
3211 2809 3378 2864 opere
3398 2802 3452 2848 et
3476 2809 3593 2848 cum
3621 2792 3833 2863 grandi

2220 2884 2408 2940 labore
2450 2884 2740 2954 adquisivi,
2772 2893 2828 2939 et
2856 2892 3045 2955 postea
3092 2885 3234 2938 hunc
3271 2897 3374 2953 ego
3418 2885 3605 2940 absens
3630 2886 3693 2939 vi
3728 2901 3832 2955 pro

2222 2976 2345 3033 fidei
2394 2978 2496 3034 mei
2524 2978 2963 3033 conservationes
2988 2992 3018 3031 a
3050 2976 3413 3047 Modegbiselo
3444 2977 3581 3032 malo
3618 2978 3832 3031 ordine

2223 3067 2322 3124 fuit
2371 3079 2781 3140 praeoccupate,
2832 3079 2887 3124 et
2925 3085 3047 3125 cum
3090 3068 3229 3123 Dius
3278 3068 3506 3123 reddidit
3553 3068 3834 3136 justitiam

530 3131 783 3217 vaudum,
827 3162 886 3208 ut
924 3154 991 3208 de
1037 3150 1177 3207 villis
1208 3152 1457 3223 superius
1504 3152 1815 3218 nominatis,
1862 3154 2113 3224 quicquid
2145 3131 2192 3195 (ἶ
2221 3131 2419 3217 domno
2468 3131 2904 3230 Cloth'ario'rcgi
2932 3200 2949 3228 ,
2996 3163 3186 3216 iterum
3263 3161 3330 3214 ad
3395 3131 3835 3214 dominationem

525 3247 719 3302 exinde
745 3255 838 3301 aut
860 3246 912 3301 in
941 3246 1223 3311 tributum,
1257 3253 1347 3298 aut
1377 3245 1429 3298 in
1460 3242 1774 3312 suﬂ‘ragiuni
1818 3245 1971 3299 anuis
2006 3246 2118 3300 sin-

525 3343 665 3409 gulis
707 3342 907 3413 potcrit
956 3342 1237 3407 obvenire,
1292 3341 1560 3396 medietas
1612 3357 1681 3396 ex
1729 3342 1854 3405 hoc,
1901 3339 2117 3409 quando

529 3434 687 3490 fuerit
716 3450 835 3489 mea
862 3434 1310 3490 commemoratio
1347 3434 1692 3502 pauperibus,
1738 3442 1830 3487 aut
1868 3433 1922 3486 in
1955 3432 2119 3485 vesti.-

530 3535 801 3591 mentum,
850 3534 942 3579 aut
997 3526 1051 3579 in
1108 3540 1298 3580 aurum
1348 3534 1644 3594 erogetur;
1700 3525 1804 3578 alia
1854 3522 2119 3578 medietas

531 3615 749 3669 luminis
786 3613 978 3669 exinde
1007 3614 1059 3668 in
1091 3623 1274 3669 sancta
1306 3614 1523 3670 basilica
1553 3616 1699 3669 omni
1738 3625 1985 3683 tempore
2006 3616 2119 3669 sul.

533 3704 776 3759 ticientcr
819 3706 1167 3769 accendatur,
1224 3716 1280 3757 ut
1333 3718 1624 3772 numquam
1677 3705 1745 3759 sit
1793 3718 1968 3772 neque
2010 3719 2118 3757 una

532 3794 664 3848 hora
696 3793 871 3849 noctis
908 3795 1111 3863 absque
1159 3794 1441 3848 luminaria
1487 3794 1601 3864 ipsa
1649 3804 1839 3850 sancta
1878 3796 2120 3863 basilica,

531 3887 739 3954 signum
787 3887 1005 3953 dignum
1051 3894 1158 3952 est,
1197 3887 1249 3940 in
1280 3886 1540 3941 honorem
1571 3888 1949 3956 przedictorum
1992 3905 2125 3959 apo-

537 3976 802 4031 stolorum
834 3976 1052 4031 luminis
1074 3977 1221 4032 omni
1246 3985 1489 4047 tempore
1506 3977 1705 4048 fulgeat
1732 3979 2118 4048 indesinenter,

536 4073 642 4119 tam
657 4065 723 4119 ad
744 4064 1019 4119 basilicam
1041 4074 1347 4122 sanctorum
1378 4070 1770 4138 apostolorum,
1790 4087 1951 4141 quam
1974 4082 2030 4128 et
2054 4073 2120 4127 ad

538 4167 781 4212 sanctam
813 4171 1054 4220 crucem,
1086 4172 1248 4224 quam
1281 4167 1469 4226 postea
1500 4161 1782 4227 reditiravi,
1813 4163 1897 4217 vel
1925 4167 1989 4216 ad
2023 4164 2119 4217 ba-

533 4247 738 4302 silicam
767 4247 954 4301 domni
982 4246 1197 4301 Martini
1227 4247 1295 4301 ad
1334 4248 1761 4319 Syuodochium,
1794 4267 1912 4321 qum
1940 4262 2026 4306 est
2069 4254 2121 4307 in

539 4340 878 4407 l’ontileuga,
910 4346 1142 4409 excepto
1169 4338 1238 4396 dc
1268 4339 1533 4395 fructibus
1564 4350 1656 4396 aut
1684 4342 1902 4411 reliquis
1931 4343 2121 4399 condi-

534 4430 789 4497 tionibus,
820 4430 968 4499 quod
997 4430 1065 4485 de
1096 4430 1369 4500 praedictis
1402 4432 1544 4501 agris
1574 4443 1823 4503 speratur
1850 4436 1904 4489 in
1939 4437 2123 4491 usibus

534 4532 732 4579 sancta:
762 4522 996 4577 basilicae
1044 4533 1101 4577 et
1140 4527 1439 4581 iuonastcri
1469 4527 1573 4593 sui,
1604 4528 1718 4583 sive
1746 4529 1999 4584 alimonia
2032 4546 2123 4584 ca-
2153 4498 2202 4556 D

534 4615 850 4672 nonicorum
880 4614 965 4670 vel
996 4631 1316 4687 pauperum,
1370 4619 1461 4688 qui
1506 4619 1572 4672 ad
1617 4619 1786 4689 ipsam
1838 4621 2116 4677 basilicam

535 4714 775 4761 sanctam
807 4707 872 4761 ad
903 4708 1129 4762 matrico
1154 4708 1344 4763 sedere
1366 4708 1631 4773 videntur,
1665 4711 1837 4766 victus
1867 4720 1926 4767 et
1952 4713 2121 4767 vesti—

539 4806 624 4850 tus
668 4813 762 4865 per
808 4798 1048 4866 singulos
1077 4813 1250 4854 annos
1286 4798 1619 4856 sufficienter
1657 4803 2016 4869 ministretur,
2068 4812 2125 4860 et

537 4904 636 4957 pro
664 4887 794 4942 meis
822 4887 1105 4957 expiandis
1133 4890 1371 4957 peccatis
1396 4890 1598 4960 jngiter
1643 4893 1875 4948 Domino
1926 4894 2124 4963 depre-

536 4986 761 5043 centur,
794 4986 848 5031 et
892 4993 991 5046 pro
1021 4978 1215 5032 collata
1264 4978 1523 5051 principis
1572 4982 1803 5037 caelestis
1848 4983 2024 5038 eidem
2068 4993 2124 5039 et

537 5081 760 5134 regnum
791 5065 1091 5134 long-.evum
1122 5076 1357 5136 pratstet,
1409 5080 1465 5123 et
1507 5070 1558 5123 iu
1610 5072 2021 5126 retributionem
2050 5090 2122 5128 ae-

539 5170 744 5217 ternam
771 5161 1079 5230 centuplum
1111 5162 1359 5233 accipere
1381 5174 1675 5219 mereatur.
1708 5164 1968 5220 Ecclesia:
1993 5180 2125 5221 vero

541 5250 740 5304 herede
770 5265 901 5304 mee
930 5250 1053 5305 villa
1084 5250 1271 5317 Dolus,
1304 5254 1450 5322 quod
1481 5270 1604 5308 meo
1634 5269 1799 5324 opere
1826 5256 2122 5322 construxi,

538 5353 592 5396 et
619 5359 741 5398 meo
772 5344 986 5412 ingenio
1018 5344 1255 5415 undique
1284 5346 1351 5399 ad
1396 5362 1481 5400 me
1513 5346 1761 5415 pervenit
1810 5356 1935 5417 post
1981 5347 2124 5403 diem

540 5434 718 5488 obitus
738 5435 866 5498 mei,
896 5436 1150 5504 quicquid
1175 5436 1305 5491 inibi
1332 5437 1672 5501 laboravero,
1706 5453 1827 5493 cum
1853 5438 2123 5508 domibus,

540 5524 838 5592 iuancipiis,
871 5526 1062 5593 vincis,
1095 5527 1319 5596 campis,
1354 5529 1543 5595 pratis,
1585 5528 1745 5583 cultis
1790 5537 1845 5583 et
1889 5529 2124 5596 incultis,

540 5621 596 5668 et
642 5615 787 5669 omni
812 5616 932 5683 jure
976 5633 1096 5685 suo,
1138 5618 1224 5671 vel
1278 5618 1511 5672 termino
1542 5634 1664 5684 suo,
1703 5621 1845 5689 quod
1880 5621 1948 5676 ibi
1978 5621 2126 5688 justo

540 5704 730 5759 ordine
776 5706 1030 5773 abstraxi,
1084 5717 1158 5776 te,
1190 5716 1383 5779 sancta
1437 5708 1698 5777 Ecclesia,
1751 5712 1801 5767 in
1857 5712 2121 5780 integrum

542 5793 745 5851 habere
776 5790 985 5866 délcgo.

2220 3262 2422 3309 sancta:
2466 3253 2722 3308 Ecclesia:
2751 3253 2834 3308 vel
2872 3268 3047 3307 meam
3078 3252 3357 3323 pervenit;
3407 3252 3574 3322 ipsam
3599 3251 3834 3316 villam,

2220 3359 2342 3399 cum
2372 3344 2519 3398 omni
2542 3342 2664 3412 jure
2706 3357 2807 3398 suo
2835 3351 2892 3395 et
2919 3342 3205 3397 terminum
3238 3350 3311 3403 te,
3343 3348 3523 3394 sancta
3552 3337 3833 3403 Ecclesia,

2220 3433 2420 3488 habere
2447 3434 2739 3489 constituo.
2782 3432 3006 3488 Basilica
3034 3447 3166 3488 vero
3195 3432 3370 3487 sancti
3401 3429 3541 3486 Petri
3576 3438 3629 3485 et
3667 3430 3837 3487 Pau'i

2222 3526 2524 3595 portionem
2557 3525 2748 3581 deinde
2785 3524 2929 3593 quod
2977 3524 3105 3578 inibi
3133 3522 3410 3593 possidere
3434 3522 3621 3577 videor
3642 3564 3659 3589 ,
3693 3538 3832 3578 cum

2222 3617 2464 3671 colonica
2492 3631 2611 3685 quze
2638 3616 2768 3670 mihi
2800 3614 3102 3670 Leodaldus
3143 3628 3241 3683 per
3266 3613 3574 3668 donationis
3604 3612 3837 3667 titulum

2222 3707 2472 3774 contulit,
2501 3721 2623 3762 cum
2654 3706 2705 3761 id
2733 3705 2876 3774 quod
2898 3705 3093 3759 ibidem
3123 3713 3311 3774 postea
3338 3704 3566 3772 undique
3588 3717 3836 3774 compa-

2223 3799 2360 3865 ravi,
2408 3798 2460 3852 in
2517 3797 2633 3866 ipso
2683 3796 2848 3850 fundo
2900 3795 3188 3851 Mechense
3234 3804 3292 3850 et
3346 3795 3647 3863 Voligione,
3704 3812 3837 3851 cum

2224 3890 2368 3943 omni
2417 3888 2763 3955 integritate,
2821 3887 3160 3958 portionibus
3223 3886 3389 3956 ipsius
3434 3886 3517 3939 vel
3576 3888 3838 3941 terminis

2226 3997 2406 4036 earum
2429 4022 2441 4046 ,
2469 3989 2523 4035 et
2564 3979 2851 4049 mancipia,
2894 3980 3199 4045 mobilibus,
3233 3987 3287 4033 et
3317 3978 3714 4047 immobilibus,
3756 3990 3838 4046 tn,

2226 4080 2408 4126 sancta
2465 4071 2703 4136 basilica,
2739 4070 3125 4140 perpetualiter
3173 4069 3355 4124 valeas
3390 4069 3692 4126 dominare.
3752 4071 3843 4125 Li—

2227 4169 2315 4216 cet
2339 4162 2466 4216 nulli
2498 4161 2726 4216 habetur
2748 4162 3096 4229 incognitum,
3116 4160 3353 4230 qualiter
3366 4176 3467 4230 ego
3496 4171 3619 4232 post
3648 4171 3838 4219 trans~

2226 4253 2357 4310 itum
2383 4251 2684 4309 Guntranni
2706 4253 2941 4325 quodam
2974 4253 3132 4323 Regis
3176 4270 3275 4324 pro
3296 4270 3405 4323 quo
3425 4266 3837 4308 sacramentum

2227 4345 2510 4400 insolubile
2556 4345 2754 4400 domno
2800 4361 2924 4400 meo
2970 4344 3246 4400 Clothario
3294 4345 3408 4412 regi
3451 4344 3572 4398 dedi
3620 4359 3729 4413 pro
3768 4360 3838 4397 eo

2228 4435 2371 4505 quod
2400 4436 2588 4491 civitas
2608 4436 2970 4491 Cenomannis
2992 4435 3230 4503 legitimo
3254 4434 3463 4503 ordine,
3478 4443 3599 4504 post
3629 4437 3838 4489 transi-

2229 4527 2389 4581 situm
2418 4527 2599 4581 domui
2620 4525 2988 4594 Gunthranni,
3018 4542 3089 4580 ex
3126 4526 3427 4581 hereditate
3453 4524 3721 4593 genitoris
3750 4526 3837 4580 sui

2226 4618 2382 4674 bonae
2435 4620 2822 4674 recordationis
2859 4635 2969 4673 sua:
3017 4618 3308 4689 Chilperici
3355 4619 3627 4688 quondam
3678 4621 3837 4689 regis

2225 4708 2411 4763 debuit
2452 4708 2767 4777 pervenire;
2808 4708 2904 4762 sed
2942 4708 3174 4763 faciente
3214 4708 3505 4777 cupiditate
3532 4716 3590 4763 et
3633 4708 3837 4764 civitas

2229 4799 2338 4868 ipsa
2369 4799 2416 4853 ei
2460 4799 2560 4853 fuit
2601 4799 2779 4853 ablata
2802 4841 2817 4866 ,
2848 4808 2904 4853 et
2930 4798 2998 4855 de
3034 4800 3239 4867 reliquo
3266 4813 3431 4867 regno
3459 4812 3559 4853 suo
3589 4798 3830 4853 multum

2228 4905 2414 4960 passus
2439 4898 2522 4944 est
2567 4889 2943 4958 dispendium,
2986 4890 3077 4944 sel
3109 4889 3234 4943 dum
3287 4904 3373 4943 me
3419 4897 3830 4944 sacramentum

2228 4996 2402 5034 meum
2450 4981 2501 5034 in
2553 4980 2819 5047 integrum
2869 4980 3227 5046 constrinxit,
3266 4989 3324 5034 ut
3350 4995 3471 5034 eum
3511 4980 3835 5037 nullatenus

2225 5070 2496 5123 dimittere
2524 5069 2776 5123 deberem
2800 5109 2815 5133 ,
2847 5068 3003 5123 facile
3034 5070 3162 5121 mihi
3195 5068 3291 5122 fuit
3319 5077 3377 5121 ut
3418 5069 3718 5123 secundum
3748 5069 3835 5124 fa-

2227 5162 2481 5215 cultatem
2513 5169 2619 5214 tam
2639 5172 2881 5216 sanctam
2909 5159 3223 5224 Ecclesiam,
3249 5175 3408 5228 quam
3431 5168 3485 5214 et
3515 5162 3832 5231 proprieta-

2227 5260 2335 5307 tem
2360 5253 2715 5321 relinquerem
2740 5267 2903 5321 quam
2936 5250 3181 5321 perjurus
3203 5250 3365 5321 (quod
3405 5251 3568 5321 absit)
3613 5252 3825 5307 inveni-

2227 5358 2332 5399 rer.
2373 5341 2478 5398 Sed
2507 5343 2632 5398 dum
2663 5358 2761 5413 pro
2787 5358 2974 5398 amore
3003 5343 3169 5413 ipsius
3211 5342 3474 5413 principis
3495 5344 3835 5401 unanimiter

2227 5450 2349 5490 cum
2402 5436 2519 5504 ipso
2565 5435 2949 5499 consisterem,
3005 5435 3332 5490 anteriorem
3367 5436 3831 5519 exspoliationem

2172 5576 2179 5581 .
2225 5544 2400 5593 suam,
2424 5528 2510 5583 vel
2532 5529 2908 5598 posteriorem,
2933 5529 3075 5598 quod
3108 5527 3305 5597 injuste
3325 5527 3566 5598 pertulit,
3598 5544 3832 5585 necesse

2227 5620 2453 5690 principi
2485 5620 2584 5690 ipsi
2615 5619 2731 5685 fuit,
2762 5628 2820 5674 ut
2847 5620 3001 5674 nobis
3030 5621 3228 5690 aliquid
3251 5621 3492 5688 adderet,
3528 5622 3671 5676 unde
3700 5623 3830 5676 vita

2225 5710 2539 5766 substantic
2565 5719 2620 5765 et
2646 5726 2776 5776 nos,
2806 5719 2861 5765 et
2884 5725 3147 5781 pauperes
3174 5714 3342 5768 nostri
3382 5719 3693 5768 sustentare
3723 5713 3827 5768 de.

2228 5805 2498 5869 heremus,
2529 5805 2668 5861 unde
2708 5805 2797 5859 ille
2824 5805 2935 5859 [lex
2959 5806 3184 5862 czrlcstis
3214 5823 3310 5877 pro
3340 5806 3495 5862 nobis
3524 5806 3819 5862 retributor
