4030 6318
166 453 261 510 5:3

1525 436 2061 498 TESTANENTUM.

3316 432 3421 487 δεμ

165 567 374 623 existat.
420 561 551 615 Natu
594 572 690 613 nos
721 559 942 628 pauperi
974 571 1078 610 non
1110 555 1368 611 habemus
1412 568 1512 608 nec
1543 565 1730 607 aurum
1759 551 1810 608 A
1837 548 1924 603 ubi
1950 548 2066 617 ejus
2086 559 2327 603 sanctum
2368 551 2746 623 corpusculum
2771 549 3079 621 requiescit,
3110 548 3252 604 dono
3292 548 3427 603 inibi

160 673 261 713 nec
301 661 611 721 argentum,
645 651 784 703 unde
809 648 926 713 tibi,
964 646 1347 716 gloriosissime
1387 644 1583 698 domne
1610 641 1735 697 Clo-

159 750 355 811 tharie,
389 747 525 801 bona
559 743 940 806 retribuamus,
965 749 1199 794 attamen
1223 738 1289 793 de
1310 737 1360 791 id
1390 735 1535 807 quod
1566 734 1736 803 gloria

163 850 339 896 vestra
365 837 519 893 nobis
542 833 785 895 contulit,
817 830 1265 902 priesumcmusiu
1295 829 1399 883 hoc
1416 833 1739 881 testamento

162 942 348 989 nostro
386 940 617 985 vestram
665 925 1035 982 celsitudinem
1084 938 1407 978 memorare.
1458 918 1740 974 Oﬂerimus

164 1026 344 1092 itaque
385 1035 551 1089 regno
581 1030 760 1073 vestro
787 1018 854 1071 de
895 1014 1205 1069 muneribus
1234 1012 1447 1079 vestris,
1476 1010 1618 1067 unde
1645 1024 1742 1063 nos

164 1129 262 1184 per
317 1119 638 1181 prteceptum
684 1107 882 1175 vigoris
925 1114 1116 1160 vestra:
1164 1119 1354 1158 manus
1408 1103 1739 1165 roboratum,

166 1203 437 1259 licentiam
471 1200 699 1256 tribuiin
739 1197 964 1253 faciendi
1008 1196 1150 1267 quod
1196 1196 1546 1258 volebamus,
1585 1193 1636 1249 id
1664 1201 1745 1248 est

167 1296 321 1350 villas
348 1293 586 1349 Neolone
629 1300 684 1347 et
712 1291 1020 1353 Walionno,
1066 1305 1186 1344 cum
1214 1287 1360 1343 omni
1413 1286 1645 1341 termino
1691 1294 1746 1339 et

167 1386 479 1457 adjacenliis
507 1384 574 1438 ad
602 1398 661 1438 se
705 1382 1122 1452 pertinentibus,
1154 1380 1239 1434 vel
1262 1379 1512 1449 quicquid
1558 1384 1744 1448 postea

172 1477 323 1531 nobis
363 1474 461 1529 fuit
490 1474 849 1536 melioratum,
878 1472 983 1525 hoc
1005 1469 1266 1524 celsitudo
1304 1478 1478 1523 vestra
1501 1466 1566 1522 ad
1596 1481 1657 1522 su
1678 1482 1746 1519 nn

169 1570 393 1639 recipiat
428 1566 869 1621 dominationem.
903 1563 1162 1618 Similiter
1196 1562 1457 1616 donamus
1490 1560 1607 1622 tibi,
1635 1558 1750 1623 glo-

169 1661 461 1719 riosissima
488 1658 681 1714 domno
705 1656 1047 1711 Berchirudis
1077 1656 1283 1724 regina,
1315 1653 1518 1718 villam,
1536 1651 1752 1705 nomine

169 1757 455 1827 Penpinas,
484 1768 604 1824 quae
634 1751 933 1823 appellatur
965 1747 1134 1816 Cella,
1161 1755 1320 1818 quita
1351 1746 1505 1800 nobis
1554 1744 1752 1815 glorioo

166 1865 260 1904 sus
293 1848 522 1902 domnus
560 1852 741 1899 noster
764 1841 957 1911 jugalis
985 1851 1165 1896 vester
1191 1854 1289 1894 suo
1312 1851 1532 1892 uiunere
1560 1844 1751 1892 contu-

168 1940 260 2003 lit,
291 1946 349 1992 ut
377 1938 545 2007 ipsam
588 1935 795 1999 villam,
837 1949 959 1989 cum
1005 1932 1250 1987 domibus
1273 1970 1289 1993 ,
1323 1928 1630 1998 mancipiis,
1661 1928 1746 1982 vel
1780 1911 1824 1969 Β

167 2031 455 2086 terminum
485 2044 637 2084 suum
670 2036 791 2096 post
820 2041 994 2082 meum
1027 2026 1232 2080 obitum
1262 2024 1344 2077 vel
1376 2032 1612 2077 vestrum
1659 2036 1750 2075 re-

166 2125 344 2191 gimen
367 2124 565 2193 absque
588 2121 696 2176 ullo
718 2121 1099 2190 impedimento
1120 2117 1407 2188 recipiatis.
1436 2116 1752 2171 Dulcissimo

168 2224 368 2284 nepote
396 2229 515 2268 meo
544 2212 901 2281 Sigechelmo,
935 2219 991 2265 et
1015 2218 1313 2280 pronepote
1343 2224 1463 2261 meo
1495 2206 1750 2269 Toringo,

166 2307 212 2359 si
239 2305 368 2359 mihi
399 2303 716 2374 superstites
745 2303 962 2367 fuerint,
994 2299 1171 2354 villam
1208 2298 1534 2366 Seuvacurn,
1563 2297 1755 2352 Villare

167 2396 442 2465 R’paviula
474 2410 625 2464 aequa
653 2393 806 2447 lance
835 2392 1092 2445 dividant.

237 2486 415 2541 Simili
466 2485 626 2540 modo
651 2483 775 2537 villa
817 2481 1088 2537 Briomilia
1108 2522 1122 2544 ,
1164 2496 1283 2549 quc
1311 2495 1382 2533 ex
1414 2477 1755 2534 successione

170 2591 453 2653 parentum
484 2580 638 2635 nobis
678 2578 819 2647 juste
848 2576 1025 2631 debita
1053 2582 1201 2638 erat,
1228 2582 1284 2628 et
1312 2589 1407 2643 per
1452 2573 1756 2641 interregna

169 2672 336 2741 longo
368 2679 607 2737 tempore
637 2668 792 2729 nobis
820 2666 996 2720 ablata
1028 2663 1144 2729 fuit,
1170 2672 1223 2717 et
1254 2672 1439 2733 potea
1471 2677 1590 2717 cum
1617 2661 1758 2715 Deus

169 2762 374 2815 domno
399 2758 673 2813 Clothario
713 2772 879 2826 regnu
903 2774 933 2809 u
981 2771 1137 2809 suum
1168 2755 1219 2808 in
1267 2756 1477 2821 integro
1504 2769 1533 2803 u
1578 2751 1756 2816 dedit,

172 2853 344 2919 ipsam
389 2851 567 2904 villam
600 2850 754 2904 nobis
778 2864 872 2901 sua
915 2848 1086 2917 pietas
1114 2846 1365 2906 reddidit,
1401 2855 1455 2899 et
1490 2860 1582 2910 per
1625 2860 1759 2915 prm-

170 2943 482 3013 ceptiouem
512 2957 663 2996 suam
711 2938 935 2994 firmavit
992 2957 1003 2990 :
1052 2954 1211 3008 quam
1241 2939 1423 2992 villam
1454 2938 1759 2993 dulcissimo

171 3035 460 3105 pronepotj
482 3048 601 3088 meo
627 3032 738 3087 tilio
766 3030 1085 3102 Sigechelmi
1110 3029 1413 3083 Leu'ranno
1431 3039 1484 3084 et
1510 3029 1765 3084 Siehran-

174 3142 248 3181 no
287 3125 413 3180 volo
439 3141 560 3181 esse
601 3125 875 3180 donatam.
920 3123 1181 3178 Similiter
1228 3113 1406 3177 villam
1457 3121 1764 3177 Castalione

172 3217 335 3271 sitam
364 3215 415 3268 in
443 3214 757 3282 Santonico,
780 3213 868 3283 qui
896 3213 1209 3283 parentibus
1241 3213 1376 3268 meis
1399 3219 1453 3266 et
1480 3211 1597 3267 viro
1639 3211 1762 3265 illu-

175 3306 279 3360 stri
327 3304 578 3375 Sigeleno
622 3303 741 3368 fuit,
774 3313 829 3358 et
860 3304 1030 3372 ipsam
1059 3303 1214 3357 nobis
1243 3302 1509 3371 gloriosus
1536 3300 1767 3356 domnus

173 3397 488 3452 Clotharius
516 3411 611 3451 rex
639 3412 736 3466 per
762 3412 920 3451 suum
960 3405 1288 3464 prmceptum
1320 3393 1613 3459 concessit,
1640 3393 1768 3461 quia

171 3488 285 3555 jam
320 3485 482 3554 longo
504 3493 748 3555 tempore
780 3493 835 3540 et
859 3486 987 3539 mihi
1012 3494 1067 3539 et
1090 3482 1199 3554 jam
1223 3483 1368 3537 dicto
1396 3489 1617 3552 parente
1646 3496 1767 3536 meo

172 3580 432 3649 Sigeleno
456 3578 631 3632 ablata
661 3576 778 3645 fuit,
801 3579 845 3633 si
886 3594 973 3634 me
994 3589 1268 3647 superstes
1295 3574 1454 3632 fuerit
1482 3576 1595 3646 ipse
1619 3575 1773 3644 Sige-

172 3672 364 3734 lenus,
399 3668 469 3724 ad
515 3685 664 3723 suam
696 3678 914 3741 revocet
960 3669 1216 3723 ditionem
1249 3686 1263 3722 :
1304 3669 1385 3721 sin
1432 3675 1612 3721 autem
1650 3665 1771 3720 filiis

172 3762 316 3827 suis,
340 3760 393 3813 id
416 3768 498 3813 est
521 3758 801 3814 Sicbelo-co
830 3768 885 3813 et
913 3759 1278 3823 Berchelaico,
1305 3759 1469 3828 ipsam
1500 3755 1624 3809 volo
1651 3770 1771 3810 esse

174 3852 459 3903 donatam.
520 3848 685 3903 Villas
726 3848 999 3917 Crisciago
1040 3859 1095 3904 et
1137 3848 1313 3904 Botilo
1359 3848 1450 3917 qui
1504 3847 1660 3902 nobis
1701 3861 1771 3900 ex

172 3941 528 3996 successione
568 3941 827 4009 genitoris
856 3940 1023 3994 nostri
1050 3940 1195 4008 juste
1222 3939 1519 4003 debentur,
1556 3947 1611 3993 et
1648 3953 1768 3991 cum

174 4031 453 4099 germanis
496 4032 630 4086 meis
661 4031 912 4086 deberem
940 4033 1141 4101 partire
1162 4073 1177 4096 ,
1224 4031 1269 4084 si
1314 4030 1460 4098 ipsos
1487 4044 1634 4084 mors
1663 4044 1770 4081 non

176 4121 573 4176 antecessisset
603 4137 618 4173 :
643 4122 802 4176 modo
828 4122 993 4190 jubeo
1016 4129 1074 4175 ut
1101 4122 1408 4176 dulcissime
1429 4136 1600 4190 nepos
1620 4135 1773 4175 meus

177 4214 549 4282 Sigecbelme,
598 4230 702 4269 una
750 4230 872 4270 cum
929 4215 1117 4285 nepoti
1166 4230 1288 4270 meo
1322 4214 1593 4283 Thoringo
1619 4229 1770 4284 aequa

180 4306 341 4359 lance
364 4304 509 4374 ipsas
527 4306 737 4360 villulas
759 4306 1029 4362 dividatis.
1055 4307 1248 4361 Villam
1280 4306 1521 4362 Bualone
1540 4307 1695 4362 sitam
1719 4307 1771 4360 in

177 4394 513 4466 Stampcnse
557 4412 717 4453 secus
763 4396 1049 4467 Equalina
1074 4440 1089 4463 ,
1126 4413 1286 4468 quam
1328 4413 1425 4468 per
1466 4398 1774 4452 donationis

181 4486 410 4541 titulun;
452 4487 763 4543 dulcissimo
807 4489 1090 4558 pronepoti
1137 4503 1259 4543 meo
1300 4487 1643 4542 Leuthranno
1687 4488 1774 4542 die

1840 641 1893 694 in
1915 641 2119 696 honore
2154 644 2442 712 sepultura:
2471 657 2581 699 suae
2608 643 2792 707 villam
2824 643 3042 708 Bobane
3066 685 3082 710 ,
3106 658 3226 712 qua:
3255 650 3338 697 est
3366 644 3421 696 in

1840 730 2127 786 terraturio
2155 733 2472 802 Stampense
2500 750 2663 803 super
2690 731 2851 788 ﬂuvio
2879 731 3027 787 Calla
3050 774 3064 798 ,
3096 748 3259 803 quem
3289 732 3427 787 mihi

1840 822 2258 891 gloriosissimus
2298 826 2527 882 domnus
2576 826 2883 882 Clotharius
2924 842 3017 882 rex
3063 842 3162 881 suo
3203 840 3425 881 munere

1841 920 2096 986 contulit;
2125 928 2182 974 ut
2226 919 2269 975 si
2298 933 2510 987 semper
2536 933 2735 987 corpus
2776 918 2892 986 ejus
2922 917 2972 971 in
3001 917 3220 973 basilica
3261 932 3425 983 nova,

1841 1027 2001 1080 quam
2027 1010 2252 1082 inclytus
2272 1008 2599 1079 Chilpericus
2620 1007 2888 1076 quondam
2918 1022 3014 1062 rex
3035 1008 3354 1070 construxit,
3383 1008 3431 1062 si

1843 1104 2157 1160 convenerit
2185 1112 2242 1157 ut
2281 1101 2410 1157 inibi
2457 1099 2841 1165 transferatur,
2873 1099 3055 1153 villam
3097 1099 3269 1169 ipsam
3289 1142 3306 1167 ,
3337 1100 3430 1154 ubi

1845 1199 1962 1268 ejus
1984 1213 2199 1269 semper
2225 1212 2420 1268 corpus
2447 1195 2627 1259 fuerit,
2659 1210 2874 1264 semper
2896 1194 3092 1250 ibidem
3123 1196 3426 1261 deserviat,

1845 1302 1899 1346 et
1940 1292 2054 1362 ipse
2080 1298 2300 1346 sanctus
2327 1286 2565 1359 pontifex
2592 1303 2690 1358 pro
2722 1288 2856 1342 meis
2879 1286 3209 1341 facinoribus
3231 1286 3429 1355 depre-

1847 1400 1973 1439 care
2012 1384 2278 1454 diguetur.
2328 1382 2477 1451 Rogo
2506 1382 2642 1435 abba
2697 1380 2920 1434 illustris
2950 1379 3054 1434 loci
3087 1378 3226 1435 illius
3251 1386 3309 1432 ut
3335 1394 3443 1433 uo-

1849 1493 1972 1533 men
2002 1490 2181 1531 meum
2212 1476 2264 1530 iu
2295 1474 2430 1530 libro
2455 1473 2575 1529 vita:
2606 1473 2886 1529 recitetur.

1921 1567 2119 1623 Villare
2155 1581 2334 1622 meum
2375 1581 2495 1636 qua:
2534 1564 2695 1623 estin
2723 1564 3016 1620 Cramteno
3054 1565 3340 1621 terraturio
3368 1565 3439 1620 ad

1850 1660 2070 1716 Summa
2095 1658 2378 1721 Vedantia,
2409 1659 2550 1713 sicut
2582 1672 2612 1711 a
2643 1672 2730 1713 me
2753 1657 3000 1726 prtesenti
3034 1665 3279 1726 tempore
3306 1671 3443 1726 pos-

1852 1750 2074 1813 sidetur,
2104 1758 2161 1803 et
2196 1764 2263 1804 ex
2287 1748 2629 1804 successione
2656 1747 2840 1803 domui
2861 1757 2913 1802 et
2939 1747 3199 1815 genitoris
3229 1747 3333 1802 mei
3360 1747 3444 1802 le-

1854 1841 2038 1910 gitime
2058 1839 2381 1894 reddebatur
2405 1838 2635 1893 basilica:
2661 1838 2840 1891 domui
2874 1835 3017 1891 Petri
3046 1844 3102 1891 et
3134 1835 3288 1890 Pauli
3312 1846 3437 1907 post

1854 1932 2057 1995 obitum
2097 1946 2272 1986 meum
2324 1947 2422 2001 pro
2469 1929 2718 1985 mercede
2756 1930 2948 1984 anima:
2976 1944 3109 1985 inea:
3151 1930 3274 1985 volo
3318 1944 3442 1984 esse

1852 2025 2127 2080 donatum.
2162 2024 2478 2079 Dulcissimo
2500 2033 2797 2094 pronepote
2842 2039 2961 2077 meo
2988 2022 3263 2092 Thoringo
3289 2020 3435 2078 dono

1852 2115 1900 2170 ei
1926 2116 2191 2181 colonica,
2224 2115 2308 2171 cui
2337 2115 2656 2170 vocab-ilum
2685 2122 2769 2168 est
2798 2112 2930 2168 Villa
2980 2130 3140 2178 nova,
3170 2128 3335 2183 quam
3363 2113 3433 2168 do

1855 2206 1963 2263 tilio
2002 2207 2269 2278 Papoleno
2299 2208 2570 2278 quondam
2619 2207 2744 2261 dato
2784 2206 2959 2276 pretio
3007 2206 3341 2275 comparavi,
3382 2204 3439 2260 in

1853 2311 2113 2372 perpetuo
2145 2309 2325 2356 teneat
2367 2310 2529 2370 atque
2574 2299 2866 2369 possideat.
2895 2298 3028 2352 Vil'a
3067 2296 3289 2368 Idguino
3316 2297 3440 2352 dul-

1855 2396 2068 2450 cissimo
2100 2402 2295 2464 nepote
2326 2409 2446 2449 meo
2489 2392 2863 2462 Srgechelmo,
2892 2390 3020 2445 dum
3061 2389 3283 2456 advivit,
3314 2388 3442 2444 volo

1857 2500 1975 2541 esse
1996 2484 2274 2538 donatum.
2309 2483 2438 2538 Post
2464 2484 2669 2539 obitum
2697 2500 2827 2537 vero
2875 2482 3016 2537 illius
3039 2523 3055 2547 ,
3085 2481 3177 2536 lilii
3201 2482 3319 2546 sui,
3350 2482 3452 2550 qui

1858 2592 1923 2631 ex
1968 2575 2270 2631 Berticliildi
2314 2575 2418 2629 ﬁlia
2464 2574 2772 2631 Leutramni
2819 2576 2929 2631 nati
2962 2591 3083 2631 esse
3126 2583 3446 2639 noscuntur,

1859 2668 2059 2734 absque
2110 2666 2444 2721 consortium
2491 2663 2713 2720 fratrum
2760 2681 3012 2730 suorum,
3043 2665 3086 2719 si
3119 2665 3255 2720 alios
3303 2663 3447 2717 iilios

1860 2757 1893 2811 h
1916 2758 2101 2811 sbuerit
2130 2796 2146 2822 ,
2179 2757 2322 2827 ipsos
2364 2757 2614 2826 principio
2654 2756 3055 2827 possidendum.
3090 2755 3300 2810 Viuiola
3344 2770 3440 2809 seu

1860 2861 2009 2922 prata
2038 2869 2156 2922 qum
2202 2862 2326 2908 sunt
2356 2853 2421 2908 ad
2455 2853 2721 2918 Biulionc,
2747 2862 2799 2908 et
2828 2853 3127 2923 adjuugunt
3155 2853 3221 2907 ad
3253 2853 3441 2907 vineas

1862 2955 2060 2999 sancta:
2104 2942 2351 3001 Ecclesia:
2395 2946 2476 3001 vel
2517 2947 2652 3001 infra
2701 2947 2985 3001 terminum
3014 2944 3449 3008 Calimarcense,

1863 3049 1999 3102 quas
2026 3034 2152 3088 dato
2201 3037 2371 3105 pretio
2411 3038 2737 3107 comparavi,
2786 3046 2985 3092 sancta:
3018 3036 3267 3092 Fcclesim
3317 3034 3444 3090 volo

1865 3142 1983 3181 esse
2012 3126 2228 3183 donata.
2274 3127 2527 3199 [denique
2571 3139 2626 3184 et
2672 3130 2915 3185 colonica
2958 3129 3239 3193 Satovera,
3284 3142 3449 3197 quem

1794 3259 1838 3320 Ο
1872 3216 2139 3272 Vulfarius
2167 3222 2433 3289 quondam
2464 3221 2652 3287 tenuit,
2676 3228 2727 3273 vt
2756 3228 2938 3289 postea
2970 3220 3100 3285 Aiga
3141 3233 3260 3272 eam
3292 3218 3457 3272 nobis

1871 3326 1991 3365 eum
2024 3311 2165 3380 ipsas
2189 3310 2697 3379 venditiones,quas
2724 3311 2790 3365 ab
2822 3310 2938 3380 ipso
2958 3308 3197 3364 Vulfario
3226 3323 3455 3378 accepe-

1871 3412 1984 3471 rat,
2014 3404 2186 3471 dedit,
2216 3412 2271 3457 et
2319 3404 2435 3472 ipso
2465 3403 2657 3458 locello
2686 3418 2806 3457 cum
2848 3403 3014 3459 vineis
3041 3410 3097 3458 et
3134 3417 3256 3457 cum
3305 3402 3479 3456 omni.

1864 3494 1986 3563 jure
2014 3510 2147 3561 suo,
2198 3504 2283 3559 tu,
2313 3503 2497 3550 sancta
2526 3494 2764 3549 Ecclesia
2796 3495 2954 3549 heres
2986 3509 3127 3561 mea,
3159 3492 3454 3564 percipias,

1870 3594 1925 3639 et
1963 3585 2151 3640 locello
2189 3585 2278 3656 qui
2318 3584 2511 3639 dicitur
2539 3585 2878 3652 Coudntms,
2907 3600 3065 3654 quem
3108 3601 3204 3656 pro
3233 3600 3293 3639 re
3331 3598 3453 3638 mea

1872 3674 2074 3745 accepi,
2102 3683 2160 3753 et
2196 3683 2381 3746 postea
2414 3674 2731 3729 ﬁdelissima:
2760 3672 2999 3729 Cottaua:
3026 3690 3123 3745 per
3150 3672 3459 3728 donationis

1872 3767 2083 3820 titulum
2113 3767 2357 3833 concedi,
2392 3768 2514 3821 volo
2546 3778 2601 3819 ut
2626 3769 2735 3838 ipsa
2765 3766 2956 3822 locello
2975 3767 3085 3835 jam
3115 3766 3255 3819 dicta
3296 3763 3454 3821 Cotta

1874 3861 1956 3914 vel
1996 3857 2082 3911 lilii
2122 3857 2203 3911 sui
2245 3858 2298 3912 iu
2341 3867 2602 3927 perpetuo
2631 3858 2847 3912 valeant
2889 3858 2940 3911 in
2983 3858 3249 3925 integrum
3283 3856 3458 3927 possi-

1873 3950 1923 4002 dc
1944 3966 2021 4003 re.
2052 3949 2275 4003 Domum
2301 3965 2431 4004 vero
2452 3952 2588 4003 intra
2619 3964 2800 4003 muros
2828 3950 3059 4003 civitatis
3087 3948 3453 4012 Parisiorum,
3482 4002 3487 4007 ,

1873 4060 1905 4113 q
1933 4045 1961 4098 :i
1991 4047 2056 4098 ab
2102 4043 2333 4098 Eusebio
2361 4043 2629 4114 quondam
2661 4043 2757 4096 fuit
2784 4043 3043 4097 mdiﬁrata
3072 4042 3155 4097 vel
3188 4057 3458 4113 possessa,

1875 4147 1930 4192 et
1972 4138 2099 4192 mihi
2131 4153 2159 4191 a
2204 4137 2463 4207 prmcelso
2500 4136 2697 4190 domno
2721 4136 2997 4191 Clothario
3039 4136 3147 4205 regi
3199 4150 3460 4190 concessa

1874 4246 1994 4285 esse
2022 4229 2350 4296 denoscitur,
2383 4230 2521 4283 inter
2564 4237 2746 4283 sancta
2779 4226 3018 4282 Ecclesia
3060 4225 3462 4281 Cenomannica

1876 4331 1931 4375 et
1972 4332 2155 4375 sancta
2197 4320 2413 4376 basilica
2445 4321 2670 4374 heredes
2700 4334 2820 4372 mea
2858 4316 3139 4387 mqualiter
3178 4313 3465 4384 possiden-

1876 4412 2001 4466 dum
2029 4412 2292 4478 decerno;
2323 4412 2401 4467 sic
2429 4426 2643 4480 quoque
2673 4417 2728 4463 ut
2764 4413 2831 4463 de
2864 4408 3152 4471 tabernias,
3182 4420 3300 4475 qum
3328 4404 3469 4458 infra

1876 4503 2094 4556 domum
2124 4517 2242 4556 esse
2270 4513 2596 4562 noscuntur,
2646 4499 2874 4552 locarius
2902 4497 3018 4561 ille,
3050 4495 3141 4563 qui
3168 4494 3324 4549 annis
3348 4494 3466 4548 sin-

183 4579 497 4647 nuptiarum
524 4596 740 4636 suarum
771 4581 913 4645 dedi,
946 4581 1084 4635 sicut
1111 4580 1331 4635 donatio
1361 4580 1473 4650 ipsa
1499 4579 1764 4644 continet,

1878 4590 2226 4659 gulisexindc
2255 4599 2520 4662 speratur.
2551 4590 2729 4643 lumen
2774 4588 2822 4641 in
2853 4596 3195 4641 sacresancm
3229 4585 3468 4641 Ecclesia

180 4678 243 4724 et
271 4684 372 4737 per
400 4669 503 4745 hoc
542 4678 919 4726 testamentum
964 4686 1139 4724 nzeum
1182 4672 1350 4741 ipsam
1381 4671 1461 4726 eis
1490 4672 1614 4725 volo
1655 4686 1774 4725 esse

180 4762 470 4816 donatam.
517 4760 737 4818 Locello
765 4763 859 4833 qui
895 4764 1194 4833 appellatur
1238 4764 1571 4833 Foutanido,
1618 4780 1777 4834 quem

182 4855 323 4910 mihi
363 4856 629 4924 gloriosus
677 4856 907 4913 domnus
936 4857 1242 4912 Clotbarius
1283 4875 1376 4911 rex
1417 4873 1517 4912 suo
1557 4874 1778 4913 munere

182 4947 487 5010 concessit,
518 4947 605 5000 ubi
633 4946 896 5003 Eusebius
922 4950 1192 5015 quondam
1221 4949 1385 5004 laicus
1412 4951 1597 5005 vineas
1628 4952 1780 5019 plan-

185 5036 364 5098 tavit,
396 5045 452 5090 et
480 5052 580 5092 nos
633 5047 817 5107 postea
849 5047 904 5092 et
941 5040 1205 5110 mancipia
1250 5041 1551 5109 posuimus,
1608 5042 1778 5111 ipsum

184 5126 453 5182 locellum
478 5144 605 5183 cum
629 5130 775 5183 omni
802 5130 1111 5199 integritate
1136 5132 1278 5197 quod
1318 5133 1511 5187 ibidem
1543 5134 1781 5201 aspicere

184 5219 437 5287 videtur,
463 5228 636 5276 totum
665 5231 720 5277 et
749 5223 815 5277 ad
853 5224 1114 5292 integrum
1140 5233 1328 5280 sancta
1357 5225 1572 5279 basilica
1596 5226 1779 5280 domui

184 5306 342 5363 Petri
383 5321 439 5364 et
464 5309 612 5367 Pauli
661 5314 726 5367 ad
775 5330 926 5368 suam
968 5325 1186 5370 revocet
1231 5316 1686 5382 dominationem,
1728 5326 1784 5373 et

186 5398 545 5455 medietatem
595 5402 665 5458 de
708 5405 878 5460 vineis
907 5420 1173 5474 pronepos
1200 5420 1350 5460 meus
1390 5404 1785 5464 Leuthramuus

184 5499 253 5545 et
278 5492 479 5561 conjux
509 5509 606 5549 sua
636 5498 1022 5567 perpetualiter
1042 5497 1255 5551 valeant
1281 5497 1576 5566 possidere.

266 5578 516 5639 Basin
555 5585 737 5641 domui
777 5596 834 5641 et
861 5588 1145 5657 peculiaris
1173 5587 1367 5656 patrini
1399 5589 1501 5641 mei
1531 5589 1785 5644 Germani

185 5672 461 5744 episcopi,
491 5678 583 5747 qui
613 5694 702 5733 me
733 5679 1045 5736 dulcissime
1075 5681 1363 5744 enutrivit,
1395 5689 1449 5734 et
1477 5698 1569 5736 sua
1599 5692 1785 5737 sancta

188 5766 473 5833 oratione,
504 5771 611 5824 acsi
644 5771 944 5839 indignum,
975 5772 1039 5825 ad
1066 5771 1350 5826 sacerdotii
1372 5773 1631 5826 honorem
1665 5788 1786 5840 per-

190 5856 389 5924 duxit,
420 5860 465 5915 si
495 5862 798 5931 supersistit
835 5870 894 5916 ut
932 5863 984 5915 in
1016 5863 1232 5917 basilica
1275 5862 1458 5918 domui
1486 5863 1781 5927 Viucentii,

613 5994 885 6055 Parant.
937 5993 1105 6053 LXX
1122 5995 1170 6053 Χ

1882 4680 2277 4734 Cenomannica
2328 4687 2383 4731 ct
2430 4678 2680 4746 pmnlicta
2728 4675 2945 4730 basilica
2993 4675 3174 4729 domui
3221 4674 3365 4730 Petri
3416 4686 3471 4730 et

1885 4768 2033 4822 Pauli
2074 4767 2360 4832 inferatur;
2405 4776 2458 4820 et
2497 4782 2670 4833 areas,
2702 4782 2819 4835 qua:
2866 4766 2994 4822 foris
3029 4767 3260 4822 civitatis
3306 4776 3467 4833 sunt,

1884 4858 2132 4928 idemque
2161 4858 2433 4913 communi
2460 4874 2519 4911 er
2543 4856 2873 4928 possideant.

1954 4949 2010 5003 ld
2066 4948 2442 5004 constituimus
2495 4949 2923 5014 observanlum,
2983 4958 3042 5005 ut
3087 4944 3343 5021 quicquid
3384 4949 3471 5004 die

1885 5042 2063 5094 obitus
2090 5041 2191 5093 mei
2222 5041 2273 5091 in
2305 5038 2465 5092 domo
2516 5040 2763 5109 superius
2791 5041 3062 5095 nominata
3092 5039 3344 5108 Parisios,
3377 5048 3493 5111 aut,

1885 5133 1937 5185 in
1966 5148 2053 5185 un'
2079 5147 2129 5185 m
2153 5139 2242 5184 aut
2267 5131 2317 5184 in
2341 5131 2661 5197 quibuslibet
2689 5132 2863 5196 rebus,
2881 5147 3000 5203 qua:
3021 5141 3215 5187 nostra:
3240 5131 3472 5203 proprias

1887 5239 2006 5277 esse
2037 5234 2363 5291 nosrunlur,
2400 5225 2679 5293 :equaliter
2709 5224 2934 5280 heredes
2966 5240 3114 5279 meas
3152 5234 3333 5280 sancta
3366 5223 3468 5278 Ec-

1886 5316 2047 5371 clesia
2078 5313 2472 5369 Cenomannica
2505 5323 2558 5368 et
2584 5317 2802 5371 basilica
2831 5316 2969 5371 domi
2997 5316 3011 5369 i
3064 5313 3207 5369 Petri
3236 5327 3291 5368 et
3318 5314 3472 5369 Pauli

1888 5409 2028 5462 inter
2056 5423 2114 5461 se
2143 5407 2403 5461 dividant.
2441 5406 2596 5462 Paene
2627 5408 2753 5461 milii
2805 5408 2854 5461 in
2886 5407 3159 5463 oblivione
3184 5405 3284 5461 fuit
3324 5408 3470 5477 poi-

1888 5506 2034 5563 tum;
2080 5496 2174 5549 sed
2204 5495 2382 5549 divina
2414 5497 2705 5565 inspirante
2741 5498 2909 5565 gratia
2941 5497 3252 5551 memoravi.
3285 5496 3470 5551 Vinio-

1889 5589 1967 5644 l..s
1994 5605 2150 5644 secus
2178 5605 2369 5644 arenas
2392 5589 2544 5658 juxta
2574 5590 2715 5659 quod
2748 5590 2889 5660 ipsas
2906 5589 3137 5643 maxima
3168 5590 3235 5646 de
3255 5589 3471 5647 des~rto

1887 5681 2200 5749 recuperari
2226 5681 2309 5735 vel
2345 5680 2595 5746 adunavi,
2624 5681 2690 5735 de
2711 5681 2823 5750 ipsa
2851 5695 3011 5736 arena
3039 5696 3209 5753 usque
3237 5682 3303 5737 ad
3331 5693 3469 5737 stra-

1888 5771 1955 5824 da
1980 5771 2124 5838 quod
2145 5771 2389 5825 clausura
2419 5772 2528 5841 ipsa
2559 5772 2949 5841 circumcingit,
2977 5772 3122 5843 quod
3150 5774 3260 5844 ipsa
3281 5783 3470 5829 sancta

1888 5862 2106 5919 basilica
2130 5860 2311 5916 domui
2335 5858 2476 5918 Petri
2499 5872 2550 5917 ct
2576 5862 2722 5919 Pauli
2752 5867 3001 5936 prtesenti
3032 5875 3275 5937 tempore
3301 5866 3462 5935 pos:io

2994 6001 3065 6059 13
