4030 6318
565 433 670 490 595
1314 433 1557 490 SANCTI
1600 426 2112 487 BERTICIIRMINI
2155 424 2683 483 CENOMANENSIS
2725 422 3035 479 EPISCOPI
3746 428 3845 485 396

565 644 705 700 rium
730 686 746 713 ,
773 642 994 714 quodin
1026 642 1246 696 dextera
1276 648 1428 709 parte
1459 638 1527 693 de
1563 637 1744 693 strada
1775 643 1859 690 est
1885 649 1976 704 qui
2005 632 2153 687 vadit

564 736 633 793 ad
656 736 1025 804 Pontileugua,
1047 747 1204 802 quem
1229 730 1295 786 de
1319 729 1607 785 venerabili
1632 727 1798 782 fratre
1823 740 1942 780 meo
1965 722 2152 779 Eoladi

453 824 461 841 “
546 830 765 886 'abbate
775 825 1096 897 comparavi,
1110 840 1229 895 que
1249 824 1301 878 in
1325 822 1491 893 ipsius
1511 818 1746 876 basilica:
1762 817 2018 888 oppidum
2033 831 2153 871 esse

567 920 840 984 noscitur;
886 932 1008 973 cum
1055 916 1264 985 brugilo
1308 929 1469 985 quem
1512 913 1582 967 de
1612 911 1777 966 fratre
1807 924 1928 965 meo
1961 908 2153 963 Leusio

560 1013 754 1068 abbate
775 1011 932 1066 datos
957 1008 1312 1081 quadraginta
1342 1006 1546 1061 solidos
1574 1004 1801 1069 redemi,
1834 1009 1890 1057 et
1913 1000 2152 1071 campel-

558 1106 640 1160 los
669 1118 805 1173 quos
850 1116 970 1156 cum
1018 1103 1134 1171 ipso
1184 1098 1382 1153 abbate
1420 1094 1905 1160 commutavimus,
1936 1106 2055 1164 quae
2085 1089 2153 1143 ad

556 1196 767 1251 alveum
797 1194 969 1250 Same
991 1234 1005 1258 ,
1034 1208 1159 1249 cum
1196 1198 1350 1260 prato
1380 1190 1472 1259 qui
1503 1196 1583 1243 est
1612 1187 1680 1242 ad
1705 1185 2016 1249 conl'lnens,
2069 1192 2153 1237 to—

561 1297 673 1341 tum
697 1293 753 1340 et
780 1285 846 1339 ad
878 1285 1143 1353 integrum
1170 1297 1291 1337 cum
1319 1278 1701 1345 servientibus,
1731 1291 1869 1347 quos
1897 1275 2027 1331 inibi
2053 1291 2087 1345 p
2110 1292 2155 1326 l-

560 1381 676 1448 sui,
706 1387 801 1434 aut
842 1377 1018 1433 adhuc
1055 1375 1270 1431 Christo
1302 1373 1539 1444 propitio
1567 1386 1771 1442 ponere
1805 1378 2035 1441 potuero
2054 1408 2070 1433 ,
2101 1376 2158 1421 et

562 1473 728 1529 modo
757 1472 824 1528 ad
854 1473 968 1542 ipsa
987 1480 1173 1526 sancta
1203 1469 1423 1526 basilica
1452 1467 1507 1522 in
1539 1465 1632 1520 Dei
1656 1465 1874 1520 nomine
1913 1462 2158 1534 posside-

563 1574 673 1634 tur,
703 1564 756 1620 in
779 1572 1038 1635 perpetuo
1066 1563 1392 1617 dominetur.
1418 1558 1590 1615 Simili
1616 1557 1776 1613 modo
1800 1556 2144 1611 medietatem

564 1657 636 1713 de
661 1657 909 1713 colonico
945 1656 1251 1719 Vatilonne,
1291 1668 1449 1724 quem
1479 1651 1547 1706 de
1576 1650 1787 1705 Berone
1832 1650 1885 1704 in
1938 1647 2157 1703 nomine

566 1746 733 1815 ipsius
755 1755 954 1802 sanctae
982 1745 1219 1800 basilicae
1250 1743 1589 1813 comparavi,
1620 1749 1677 1797 et
1704 1741 1865 1795 aliam
1897 1738 2156 1795 medieta-

569 1849 702 1907 tem,
729 1855 890 1909 quam
920 1837 1142 1894 illustris
1186 1845 1428 1891 matrona
1475 1834 1680 1908 Egydia
1709 1834 1777 1889 ad
1821 1834 1993 1904 ipsum
2044 1848 2157 1886 san-

530 552 693 609 ~dero
722 549 948 606 videtur.
977 549 1217 620 Itemque
1245 548 1511 614 vineolas,
1557 544 1775 616 pradela
1804 542 1891 598 vel
1916 550 2146 597 terratu-
2175 536 2223 595 Α
2253 535 2305 589 in
2336 537 2584 591 omnibus
2613 535 2697 591 vel
2741 551 3001 591 venerare
3043 535 3287 592 debetur.
3323 535 3619 594 Precamur
3648 540 3844 599 domno

2257 636 2312 682 et
2337 625 2574 696 pontifici
2600 628 2898 685 successori
2933 638 3139 693 nostro,
3174 638 3229 684 et
3250 645 3347 700 per
3376 630 3546 685 Deum
3578 632 3849 692 Trinitatis

2256 720 2624 789 conjuramus,
2654 729 2709 774 ut
2736 720 2803 775 de
2843 719 2997 775 villas
3036 736 3170 791 quas
3218 734 3319 790 ego
3364 732 3568 778 sancta:
3596 722 3847 780 Ecclesia

2257 832 2356 887 per
2393 817 2537 871 hunc
2559 815 2743 872 folium
2792 816 3101 872 testamenti
3148 816 3424 886 delegavi,
3457 818 3540 872 vel
3569 835 3692 888 qua:
3740 838 3853 876 meo

2259 918 2504 979 tempore
2538 909 2854 980 conquisita:
2883 918 3029 979 sunt,
3073 909 3156 964 vel
3198 910 3251 964 in
3281 910 3631 965 donationem
3664 923 3855 967 sancta:

2258 1000 2515 1059 Ecclesiae
2560 1012 2959 1073 pervenerunt,
3009 1017 3075 1057 ex
3106 1002 3359 1057 ominibus
3398 1003 3485 1057 vel
3528 1003 3580 1057 in
3610 1005 3855 1058 omnibus

2258 1094 2497 1151 decimas
2545 1109 2793 1157 annonm,
2833 1094 2963 1158 vini,
2995 1094 3162 1160 casei,
3197 1094 3351 1161 lardi,
3398 1110 3589 1149 omnes
3616 1094 3854 1151 decimas

2260 1186 2313 1241 in
2344 1186 2505 1241 domo
2545 1186 2658 1255 ipsa
2683 1186 2856 1241 sancti
2903 1184 3180 1241 Michaelis
3211 1188 3520 1256 archangeli
3553 1189 3716 1244 annis
3747 1192 3850 1245 sin-

2258 1278 2393 1346 gulis
2444 1286 2871 1346 congregentur,
2931 1277 3072 1332 sicut
3124 1287 3309 1333 nostro
3364 1289 3609 1351 tempore
3669 1291 3842 1337 actum

2258 1366 2377 1433 fuit,
2409 1377 2464 1423 et
2506 1368 2830 1438 pauperibus
2860 1367 2943 1423 vel
2973 1370 3271 1439 peregrinis
3303 1371 3355 1424 in
3379 1386 3568 1427 eorum
3599 1373 3852 1429 alimonia

2258 1458 2593 1514 ministretur
2636 1476 2648 1512 :
2681 1460 2808 1528 quia
2870 1475 2969 1515 nec
3010 1470 3196 1515 sancta
3236 1459 3476 1517 Ecclesia
3517 1464 3855 1536 dispendium

2256 1549 2517 1619 perferet;
2554 1559 2610 1605 et
2637 1552 2780 1620 quo!
2820 1567 2939 1617 nos,
2968 1554 3067 1607 etsi
3110 1551 3330 1622 indigni,
3364 1556 3456 1624 qui
3486 1557 3853 1628 qualemcum-

2255 1655 2360 1712 que
2403 1641 2583 1697 locum
2609 1643 2895 1698 sacerdotii
2925 1644 3022 1698 visi
3067 1644 3264 1699 fuimus
3307 1662 3609 1718 occupare,
3644 1666 3713 1706 ea
3742 1669 3853 1723 qua:

2256 1731 2369 1787 Deo
2396 1744 2666 1789 annuente
2696 1734 2748 1789 in
2781 1736 3111 1805 pauperibus
3137 1736 3441 1795 studuimus
3467 1743 3803 1813 ministrare,
3828 1763 3857 1801 ει

2256 1823 2409 1878 vobis
2463 1824 2833 1881 indesinenter
2880 1838 3255 1883 conservetur.
3300 1830 3541 1888 Basilica:
3573 1851 3708 1892 vero
3738 1854 3857 1894 san-

564 1905 720 1987 ctum
747 1905 931 1986 locum
962 1944 1058 2001 per
1085 1929 1391 1985 donationis
1419 1905 1630 1982 titulum
1656 1926 1902 1991 contulit,
1912 1926 2077 1994 jubeo
2100 1932 2158 1979 ut
2186 1905 2235 1964 Β
2263 1917 2334 1973 cti
2364 1916 2508 1971 Petri
2530 1926 2586 1972 et
2614 1917 2760 1973 Pauli
2790 1929 2998 1974 curtem
3028 1920 3172 1975 illam
3202 1937 3326 1977 cum
3359 1940 3515 1981 casas
3542 1942 3685 1997 quas
3716 1931 3859 1985 bona:

561 2022 617 2076 in
658 2022 956 2091 integrum,
997 2022 1139 2077 sicut
1176 2036 1206 2076 a
1254 2019 1415 2076 modo
1445 2020 1512 2075 ab
1540 2019 1655 2090 ipsa
1700 2017 1917 2074 basilica
1942 2016 2159 2072 Christo

562 2114 792 2185 praesule
820 2113 1147 2185 possidetur,
1176 2120 1233 2168 et
1258 2113 1311 2168 in
1359 2110 1785 2183 perpetuo'inibi
1824 2116 2156 2180 perseveret.

633 2224 701 2280 Et
728 2226 853 2295 quia
896 2225 1028 2280 nulli
1055 2226 1285 2281 habetur
1315 2225 1645 2295 incognitum
1676 2225 1909 2295 qualiter
1934 2224 2159 2281 Berthe-

560 2314 785 2373 chisilus
830 2316 1035 2372 inlicito
1072 2317 1263 2373 ordine
1300 2327 1489 2373 contra
1537 2318 1756 2373 decreta
1791 2331 2056 2371 canonum
2104 2317 2155 2370 in

559 2405 691 2461 sede
727 2421 821 2461 sua
851 2406 950 2463 fuit
979 2422 1281 2479 aggressus,
1314 2419 1370 2463 et
1391 2408 1612 2463 nimium
1635 2422 1721 2463 res
1746 2416 1950 2462 sanctae
1978 2408 2157 2462 Mariae

561 2497 645 2552 vel
670 2512 821 2555 meas
847 2500 1092 2570 proprias
1108 2501 1386 2570 generavit
1413 2515 1510 2570 pro
1532 2500 1614 2554 bis
1643 2483 2156 2569 gravissimum'disc

558 2590 841 2658 pendium;
886 2590 1028 2647 unde
1052 2591 1214 2647 etiam
1244 2607 1350 2645 non
1378 2600 1436 2646 ut
1462 2591 1647 2647 debuit
1676 2590 2021 2656 restauravit,
2053 2587 2152 2643 nisi

536 2683 828 2754 parvitate
854 2698 953 2754 per
986 2698 1073 2739 res
1102 2685 1348 2755 proprias
1396 2699 1544 2738 mea;
1569 2724 1585 2750 ,
1628 2699 1762 2754 quas
1793 2684 1935 2737 male
1965 2681 2157 2737 ordine

563 2776 905 2844 distraxerat,
939 2778 1130 2834 locella
1168 2795 1289 2835 cum
1334 2790 1483 2834 carta
1512 2777 1835 2836 venditionis
1857 2776 2025 2843 dedit,
2048 2775 2156 2832 hoc

562 2875 649 2922 est
672 2882 793 2922 cum
823 2867 1072 2923 domibus
1094 2909 1109 2934 ,
1142 2883 1264 2923 cum
1296 2868 1518 2924 Bariaco
1543 2877 1598 2924 et
1626 2867 1816 2923 Vivale
1845 2868 2153 2938 portionem

555 2971 710 3015 suam
737 2958 790 3013 in
818 2959 1083 3029 integrum
1114 2960 1269 3016 nobis
1294 2960 1549 3015 vendidit.
1582 2958 1651 3014 Et
1680 2968 1868 3030 postea
1888 2975 2016 3016 cum
2048 2959 2151 3014 alia

534 3049 675 3105 ~vice
711 3050 977 3118 gloriosus
1017 3049 1249 3106 domnus
1298 3049 1604 3106 Clotharius
1633 3051 1703 3107 de
1741 3064 1910 3120 regno
1943 3066 2043 3106 suo
2100 3052 2152 3105 in

556 3138 763 3197 insidiis
790 3141 1046 3211 pertulit,
1078 3153 1133 3197 et
1160 3142 1353 3197 iterum
1384 3156 1485 3212 ego
1519 3151 1742 3213 propter
1791 3144 1968 3214 ipsum
1998 3144 2154 3199 valde

557 3323 855 3393 thegisilius
909 3323 1104 3379 iterum
1162 3334 1405 3380 vastator
1460 3325 1712 3381 Ecclesiae
1764 3327 2035 3391 accessit,
2092 3334 2149 3381 et

555 3422 705 3468 carta
735 3413 846 3483 ipsa
877 3428 1038 3483 quam
1078 3415 1227 3484 prius
1272 3413 1507 3481 fecerat,
1554 3415 1607 3470 in
1644 3415 1865 3471 archivo
1896 3413 2148 3471 Ecclesia:

528 3506 799 3572 ~invenit,
830 3520 948 3560 eam
998 3506 1105 3575 igni
1134 3507 1375 3562 comburi
1421 3509 1715 3579 praecepit,
1759 3508 1836 3563 sic
1868 3508 1942 3563 illi
1982 3509 2150 3578 judex

557 3598 877 3655 metuendus
922 3608 1083 3668 atque
1122 3599 1373 3657 terribilis
1422 3616 1520 3671 pro
1556 3602 1729 3656 rebus
1758 3602 1869 3656 suis
1914 3617 2039 3657 cum
2083 3616 2151 3656 eo

559 3697 726 3757 ponat
762 3688 1041 3759 judicium.
1090 3688 1156 3743 Et
1204 3698 1487 3760 postquam
1517 3691 1766 3748 dominus
1808 3701 1992 3747 noster
2026 3707 2150 3748 cum

556 3783 838 3839 voluntate
887 3781 980 3837 Dei
1034 3798 1138 3837 una
1186 3798 1308 3839 cum
1359 3784 1619 3854 praecelsa
1672 3784 2003 3842 eonsubrino
2052 3800 2151 3839 suo

544 3873 900 3931 'Teudoberto
964 3890 1092 3946 rege
1148 3877 1429 3932 caritatem
1486 3876 1667 3943 inivit,
1733 3885 1788 3933 et
1846 3877 2152 3932 voluntarie

552 3967 911 4035 quantitatem
935 3968 1001 4022 de
1027 3983 1196 4039 regno
1234 3985 1333 4025 sua
1375 3971 1595 4042 recepit,
1628 3979 1684 4025 et
1711 3985 1810 4026 nos
1838 3969 2031 4025 locella
2064 3972 2150 4025 ilfa

559 4058 857 4113 obsistente
876 4059 941 4112 ad
968 4061 1449 4117 domininationem
1478 4071 1715 4117 nostram
1744 4067 2147 4121 revocavimus.

554 4152 918 4225 Campariaco
944 4170 1093 4223 vero,
1119 4154 1372 4222 Estivale,
1398 4171 1519 4211 cam
1547 4156 1818 4224 domibus,
1849 4158 2148 4228 mancipiis,

554 4247 753 4312 vineis,
787 4253 842 4301 et
880 4245 1045 4310 silvis,
1076 4246 1268 4316 pratis,
1312 4247 1484 4314 aquis,
1517 4261 1888 4317 aquarumque
1915 4248 2153 4302 decursi-

546 4341 689 4407 bus,
715 4348 771 4395 et
794 4339 914 4408 jure
942 4353 1126 4394 earum
1159 4338 1241 4394 vel
1271 4354 1484 4394 omnem
1509 4339 1800 4409 peculium,
1830 4348 2027 4395 sancte
2058 4340 2155 4395 ba-

544 4429 731 4485 silica:
767 4429 947 4485 domni
989 4426 1132 4485 Petri
1174 4437 1231 4484 et
1266 4427 1422 4485 Pauli
1463 4429 1672 4500 delego.
1702 4429 1906 4486 Perfeci
1947 4431 2157 4487 scilicet

567 4525 814 4589 domum,
841 4537 959 4593 qum
990 4523 1130 4579 infra
1161 4539 1365 4591 muros,
1398 4524 1452 4579 in
1482 4523 1670 4579 dextra
1700 4532 1854 4595 parte
1877 4524 1945 4580 de
1973 4533 2154 4596 poste—

2261 2010 2533 2066 memoriae
2572 2009 2831 2067 Romolos
2856 2012 3129 2082 quondam
3160 2016 3444 2087 presbyter
3491 2017 3857 2078 Cenomannis

2258 2103 2313 2159 in
2359 2104 2633 2160 civitatem
2682 2105 2893 2171 tenuit,
2923 2115 2979 2161 et
3008 2106 3229 2161 domum
3270 2107 3452 2177 illam,
3479 2126 3600 2179 qua:
3656 2125 3853 2169 nostris

2260 2196 2590 2265 temporibus
2609 2210 2771 2265 supra
2800 2211 2983 2251 muros
3005 2196 3310 2264 mdilicavit,
3343 2208 3399 2253 et
3426 2216 3527 2255 nos
3556 2211 3614 2257 et
3639 2219 3856 2261 maxumi

2258 2287 2326 2341 ad
2355 2289 2461 2344 hoc
2489 2289 2850 2358 porreximus,
2875 2299 2930 2343 et
2954 2298 3143 2361 postea
3168 2289 3235 2345 de
3261 2299 3426 2360 nepte
3453 2307 3552 2346 sua
3574 2309 3861 2365 compara-

2258 2385 2472 2453 vimus;
2506 2386 2698 2442 domus
2721 2387 2863 2458 ipsas
2890 2388 3031 2442 sicut
3054 2402 3083 2441 a
3111 2388 3362 2457 praesenti
3392 2396 3638 2459 tempore
3680 2391 3738 2445 in
3770 2391 3856 2445 Dei

2261 2477 2477 2532 nomine
2505 2479 2572 2533 ab
2596 2479 2709 2548 ipsa
2751 2487 2938 2534 sancta
2984 2479 3204 2533 basilica
3250 2464 3619 2548 possidentur;
3647 2497 3784 2536 cum
3811 2482 3858 2536 id

2258 2566 2509 2636 quicquid
2548 2567 2676 2621 inibi
2725 2566 3025 2621 laboratum
3058 2566 3250 2635 fuerit,
3291 2575 3385 2621 aut
3413 2578 3540 2623 ante
3580 2569 3668 2624 vel
3726 2572 3857 2627 meis

2261 2657 2595 2725 temporibus
2614 2655 2941 2726 subjectum,
2970 2665 3144 2711 totum
3168 2665 3222 2710 et
3247 2656 3315 2711 ad
3342 2659 3610 2727 integrum
3633 2659 3855 2728 prmfata

2261 2745 2499 2803 Ecclesia
2547 2748 2750 2818 absque
2802 2748 2961 2804 ullius
3021 2748 3408 2820 impedimento
3460 2752 3857 2820 perpetualiter

2261 2841 2441 2897 valeat
2470 2840 2771 2913 possidere.

2328 2954 2541 3012 Sancte
2568 2954 2819 3011 Ecclesia:
2850 2955 3047 3011 herede
3076 2972 3194 3011 mea
3221 2956 3367 3013 dono
3397 2958 3540 3023 vifla,
3573 2957 3661 3013 cui
3697 2973 3857 3013 voca-

2258 3047 2443 3103 bulum
2489 3056 2573 3102 est
2601 3046 3059 3112 Grandefontana,
3090 3063 3209 3117 qua:
3255 3048 3383 3104 dato
3412 3050 3584 3121 pretio
3610 3050 3684 3105 de
3724 3050 3859 3105 Vad-

2257 3138 2453 3197 doleno
2482 3140 2746 3211 compatri
2787 3155 2909 3195 meo
2956 3139 3066 3196 ﬁlio
3106 3140 3322 3197 Bavone
3352 3143 3698 3212 comparavi,
3736 3158 3857 3198 cum

538 3233 612 3287 in
642 3233 951 3303 captivitate
996 3233 1102 3300 fui,
1133 3241 1189 3289 et
1236 3233 1288 3288 in
1330 3234 1449 3305 ipso
1478 3249 1577 3290 nec
1626 3233 1987 3290 nominandus
2017 3232 2226 3329 Ber-c
2258 3232 2402 3290 omni
2419 3231 2541 3301 jure
2562 3231 2646 3287 vel
2669 3232 2955 3286 terminum
2984 3246 3161 3286 suum.
3181 3230 3258 3287 Te
3282 3248 3432 3298 vero,
3456 3242 3636 3288 sancta
3662 3233 3860 3288 handli-

2257 3342 2321 3383 ca
2348 3324 2531 3381 damni
2560 3323 2704 3380 Petri
2732 3332 2787 3379 et
2818 3322 2991 3393 Pauli,
3019 3322 3164 3379 done
3186 3324 3310 3378 villa
3338 3323 3643 3387 Conadaco.
3686 3340 3857 3394 quem

2251 3418 2319 3474 de
2344 3414 2637 3473 Belletrudi
2663 3416 2777 3471 sive
2808 3415 3034 3470 Bettane
3063 3424 3333 3479 matrona,
3363 3416 3544 3470 relicta
3565 3418 3852 3486 quondam

2252 3506 2510 3574 Maurini,
2542 3506 2668 3561 dato
2698 3505 2871 3575 pretio
2901 3506 3240 3575 comparavi,
3272 3521 3393 3560 cum
3424 3504 3629 3562 Colicas
3648 3507 3857 3575 villas,

2252 3617 2385 3673 quas
2415 3612 2600 3673 postea
2624 3600 2750 3656 dato
2774 3600 2947 3670 pretio
2976 3598 3043 3654 de
3069 3598 3370 3675 Betholcno
3395 3599 3479 3653 vel
3507 3598 3859 3671 Mantharigo

2251 3711 2376 3752 cum
2422 3696 2583 3751 silvas
2612 3694 2697 3750 vel
2745 3693 2895 3750 omni
2935 3692 3234 3762 ailjacentia
3273 3694 3341 3749 ad
3382 3708 3443 3750 se
3490 3695 3857 3765 pertinentes,

2251 3804 2373 3845 cum
2395 3788 2641 3844 domibus
2666 3797 2719 3843 et
2749 3786 3063 3857 mancipiis,
3101 3787 3244 3842 sicut
3286 3784 3401 3855 jam
3429 3786 3483 3841 in
3512 3795 3601 3841 tua
3636 3785 3859 3841 ditioue

2255 3878 2478 3945 tradidi,
2507 3894 2629 3935 cum
2660 3878 2946 3934 mobilibus
2984 3886 3042 3933 et
3078 3878 3530 3951 immobilibuan
3577 3878 3858 3947 integrum

2248 3973 2379 4031 volo
2407 3987 2526 4028 esse
2545 3971 2805 4028 donatum
2830 4011 2847 4038 ,
2878 3986 3003 4027 cum
3033 3972 3264 4041 agellum
3294 3972 3476 4039 illum,
3507 3973 3736 4029 nomine
3770 3974 3861 4029 Ti-

2253 4067 2462 4138 miago,
2489 4081 2652 4136 quem
2699 4064 2732 4117 fi
2756 4066 2808 4120 io
2837 4074 2894 4120 et
2935 4072 3160 4135 parente
3200 4080 3324 4121 meo
3353 4064 3572 4121 Bcrulfo
3614 4065 3683 4119 ad
3722 4083 3861 4122 usu-

2253 4157 2546 4213 fructuario
2593 4155 2952 4227 possidemus,
3008 4163 3064 4210 et
3112 4166 3236 4225 post
3278 4170 3460 4211 mourn
3512 4156 3724 4211 obitum
3794 4158 3861 4211 ad

2250 4258 2401 4303 tuam
2427 4263 2649 4304 revoces
2669 4254 3015 4317 potestatem.
3042 4245 3365 4301 Dulcissimo
3389 4253 3589 4315 nepote
3613 4262 3747 4301 meo
3775 4248 3865 4303 Si-

2255 4340 2535 4408 gechelmo
2581 4340 2709 4395 licet
2752 4337 2864 4408 jam
2909 4353 3008 4408 per
3050 4337 3360 4393 donationis
3408 4337 3623 4392 titulum
3661 4338 3857 4393 villain

2256 4431 2594 4488 Murocincto
2622 4431 2883 4486 anteactis
2911 4428 3248 4500 temporibus
3291 4428 3533 4493 contuli,
3577 4442 3750 4497 quam
3794 4444 3861 4485 es

2256 4526 2603 4583 successione
2630 4524 2815 4580 domui
2839 4532 2894 4579 et
2913 4522 3173 4593 genitoris
3189 4522 3293 4577 mei
3316 4521 3555 4593 legitime
3581 4521 3862 4578 reddens.

556 4614 704 4671 ariola
733 4630 852 4670 meo
882 4630 1044 4685 opere
1070 4614 1324 4673 mdillcavi
1345 4656 1361 4682 ,
1394 4616 1484 4671 ubi
1513 4616 1836 4673 oratoriolus
1865 4617 1918 4672 in
1950 4616 2155 4674 bonore
2184 4634 2233 4696 ι)
2262 4627 2369 4684 tur,
2415 4626 2472 4673 et
2516 4625 2702 4688 postea
2749 4615 2881 4672 meis
2926 4614 3163 4685 peccatis
3201 4612 3519 4670 facientibus
3561 4628 3865 4684 germanus

569 4706 742 4762 sancti
774 4704 1049 4761 Michaelis
1100 4707 1408 4776 archangeli
1444 4716 1796 4764 constructus
1844 4716 1967 4776 est,
2014 4710 2160 4765 volui

572 4808 634 4853 ut
662 4798 803 4869 ipsas
831 4796 1020 4853 domus
1046 4806 1101 4854 et
1136 4798 1357 4855 basilica
1391 4801 1561 4856 sancti
1592 4800 1734 4857 Petri
1766 4810 1823 4859 et
1858 4801 2012 4857 Pauli
2039 4817 2161 4859 esse

554 4890 868 4945 debuisset.

645 4982 784 5041 Dum
826 4996 925 5036 nos
954 4996 1072 5036 cum
1102 4982 1300 5037 domno
1329 4981 1605 5039 Clothario
1634 4997 1763 5051 rege
1793 4999 1897 5054 pro
1924 4984 2027 5039 fide
2062 4999 2162 5039 no-

572 5081 687 5131 stra
709 5082 764 5129 et
791 5086 975 5127 amore
997 5070 1137 5125 illius
1163 5070 1363 5125 detenti
1392 5070 1608 5138 fuimus,
1634 5073 1889 5143 pistrinus
1914 5071 2162 5131 Ecclesia:

574 5176 702 5225 ante
732 5168 845 5238 ipsa
873 5165 1033 5220 domo
1058 5172 1367 5219 constructa
1390 5174 1492 5229 est,
1523 5174 1809 5235 propterea
1842 5165 1893 5220 in
1922 5165 2007 5222 his
2026 5167 2165 5224 locis

570 5261 819 5318 Ecclesia
870 5256 1133 5329 stipendia
1184 5265 1239 5310 ct
1291 5255 1617 5322 madricola,
1672 5271 1835 5327 quam
1883 5273 1987 5330 ego
2035 5260 2163 5315 inibi

577 5354 745 5420 erexi,
776 5350 1002 5422 supplex
1032 5362 1218 5418 quasso
1240 5345 1461 5401 domino
1489 5362 1611 5402 meo
1633 5347 1893 5417 pontifici,
1916 5350 2008 5420 qui
2035 5351 2164 5406 mihi

562 5461 854 5504 successor
881 5443 1038 5499 fuerit
1063 5482 1079 5508 ,
1122 5449 1182 5496 ut
1209 5440 1355 5497 omni
1385 5447 1634 5509 tempore
1679 5442 1976 5499 madricola
2018 5444 2161 5516 ipsa,

577 5542 716 5596 sicut
745 5554 914 5609 usque
942 5554 1085 5594 nunc
1132 5538 1186 5592 in
1234 5538 1314 5593 eis
1359 5536 1692 5606 temporibus
1733 5538 1999 5609 stipendia
2037 5553 2166 5608 pro-

577 5633 804 5701 meruit,
836 5641 891 5687 et
915 5647 1127 5702 semper
1157 5631 1371 5686 inantea
1404 5629 1743 5686 ministrante
1770 5639 1951 5687 sancta
1981 5630 2165 5687 Eccle-

578 5722 658 5777 sia
685 5722 873 5786 alatur,
906 5730 962 5776 et
989 5721 1181 5776 domns
1217 5721 1330 5791 ipsa
1370 5720 1439 5774 sit
1470 5720 1537 5775 ad
1563 5723 1927 5792 receptionem
1949 5722 2166 5793 pontiﬁ.

580 5829 725 5880 cum,
768 5813 851 5867 vel
891 5813 1171 5883 religiosos
1201 5813 1291 5884 qui
1323 5812 1389 5868 ad
1439 5813 1616 5885 ipsum
1660 5813 1955 5870 oratorium
1985 5813 2164 5869 deser-

582 5905 730 5959 viunt
758 5923 768 5953 τ
797 5905 920 5975 quia
950 5913 1004 5960 et
1034 5905 1260 5960 virtutes
1286 5905 1355 5961 ibi
1388 5914 1617 5963 ostcnsm
1646 5913 1791 5973 sunt,
1824 5913 1878 5960 et
1900 5906 2167 5964 honorare

2265 4724 2419 4765 meus
2465 4705 2768 4763 Berthulfus
2812 4707 2867 4761 in
2908 4705 3307 4777 expeditionem
3362 4704 3547 4760 domui
3586 4704 3863 4760 Clotharii

2263 4801 2404 4870 regis
2448 4800 2765 4855 interemtus
2811 4797 2928 4864 fuit,
2974 4804 3031 4853 et
3070 4797 3252 4868 portio
3298 4811 3393 4851 sua
3440 4796 3574 4851 mihi
3616 4796 3865 4866 legitime

2263 4890 2515 4958 obvenit,
2558 4889 2701 4947 volui
2754 4890 2807 4944 in
2855 4889 3000 4944 hunc
3046 4896 3430 4943 testamentum
3477 4902 3657 4944 meum
3705 4904 3866 4945 eom-

2264 4982 2555 5052 prehendi,
2587 4991 2645 5036 ut
2671 4989 2779 5036 tam
2809 4979 2953 5052 quod
2991 4980 3140 5051 prius
3182 4979 3233 5035 ei
3256 4977 3408 5043 dedi,
3435 4994 3600 5049 quam
3628 4988 3683 5034 et
3710 4980 3865 5050 quod

2265 5084 2454 5146 po-tea
2500 5074 2627 5130 mihi
2658 5074 2728 5130 de
2774 5088 3033 5143 germano
3059 5087 3181 5129 meo
3217 5072 3472 5140 obvenit,
3500 5081 3677 5127 totum
3704 5082 3769 5127 et
3798 5072 3867 5126 ad

2260 5169 2532 5237 integrum
2548 5166 2677 5241 ipse
2700 5179 2869 5236 nepos
2895 5178 3048 5219 meus
3069 5206 3084 5232 ,
3116 5163 3243 5218 villa
3272 5163 3385 5233 ipsa
3417 5177 3542 5217 cum
3566 5161 3830 5217 domibus
3852 5202 3867 5225 .

2266 5257 2567 5328 mancipiis,
2605 5256 2797 5323 vineis,
2837 5256 3061 5325 campis,
3092 5254 3280 5325 pra.is,
3310 5254 3478 5321 silvis,
3502 5254 3655 5323 aquis
3685 5269 3869 5326 aqua-

2266 5362 2456 5404 rumve
2491 5345 2834 5412 decursibus,
2865 5345 3153 5402 mobilibus
3192 5351 3248 5400 et
3285 5344 3683 5410 immobilibus,
3722 5345 3872 5400 sicut

2269 5445 2371 5500 hoc
2393 5442 2505 5513 jam
2526 5440 2805 5513 possidere
2826 5440 3056 5505 videtur,
3089 5447 3145 5496 et
3172 5438 3276 5510 ipsi
3305 5446 3363 5494 et
3388 5437 3592 5493 sobolis
3622 5438 3704 5493 sui
3736 5453 3869 5508 per-

2265 5535 2554 5605 petualiter
2598 5533 2924 5590 dominetur.
2968 5531 3150 5586 Tertia
3178 5545 3312 5586 vero
3347 5529 3599 5600 portione
3636 5526 3703 5583 de
3749 5528 3870 5598 ipsa

2267 5626 2392 5681 villa
2434 5625 2801 5688 lilurocincto,
2833 5637 2993 5692 quem
3042 5622 3213 5678 boote.
3250 5619 3528 5677 memoriae
3570 5632 3872 5688 germanus

2267 5733 2421 5774 meus
2446 5715 2790 5772 Ermenulfus
2820 5715 2992 5770 tenuit
3015 5753 3031 5777 ,
3074 5721 3130 5769 et
3160 5713 3330 5784 ipsam
3360 5710 3488 5765 milii
3515 5708 3669 5765 dedit
3689 5749 3706 5775 ,
3738 5708 3868 5765 dul-

2268 5811 2486 5867 cissimo
2522 5817 2821 5881 pronepote
2851 5823 2973 5864 meo
3003 5806 3112 5862 lilio
3157 5806 3326 5878 ipsius
3352 5803 3709 5873 Sigechelmi,
3768 5818 3858 5858 ne

2270 5904 2412 5960 mine
2437 5900 2790 5974 Leodcfredo,
2822 5907 2945 5972 post
2972 5898 3177 5957 obitum
3202 5913 3380 5955 meum
3403 5895 3526 5954 volo
3548 5908 3671 5952 esse
3692 5894 3853 5951 dona»
