4030 6318
272 374 377 428 $97

1675 367 2207 443 resnusxruu.

3452 377 3559 433 338

268 501 406 554 tam,
438 486 677 558 exceptis
698 486 802 541 illis
822 499 957 555 quos
978 484 1183 550 emisit,
1209 492 1303 539 aut
1330 496 1432 552 ego
1455 483 1524 538 de
1553 482 1867 551 captivitate
1893 483 1945 543 Α
1973 482 2176 548 paravi,
2220 489 2313 535 aut
2339 479 2479 537 unde
2502 482 2632 537 mihi
2672 482 2910 550 obvenit,
2943 499 3064 539 cum
3103 485 3402 558 mancipiis,
3434 504 3557 545 mo-

267 582 513 648 redemi,
556 578 659 649 ipsi
698 578 852 633 liberi
892 584 1256 648 perseverent.
1288 575 1422 631 Casa
1463 590 1594 630 vero
1620 589 1738 645 qua:
1778 582 1861 628 est

268 675 413 733 mfra
452 688 637 729 muros
658 671 893 727 civitatis
925 669 1289 725 Cenomaunis
1312 708 1329 735 ,
1357 683 1521 739 quam
1550 667 1780 723 domnus
1805 673 1861 721 et

268 766 443 820 frater
471 779 623 819 meus
650 760 1032 817 Chaimoaldus
1075 760 1395 829 episcopus,
1434 758 1560 813 dum
1588 757 1859 813 archidia-

268 854 456 912 conati
510 854 723 908 videtur
775 850 1012 906 olﬁciutn
1089 849 1312 918 fungere
1375 847 1684 909 mdiﬁcavit,
1739 861 1860 901 cum

269 947 474 1003 casella
509 960 673 1015 quam
716 942 1002 997 Malaricus
1056 940 1314 996 diaconus
1362 939 1563 1004 tenuit,
1606 938 1710 992 hoc
1746 938 1864 991 dul-

268 1040 494 1094 cissimo
536 1036 725 1107 nepoti
767 1051 889 1090 meo
921 1032 1280 1103 Sigechelmo,
1311 1033 1399 1087 cui
1427 1047 1520 1088 eas
1566 1030 1708 1098 dedi,
1738 1031 1863 1085 volo

269 1140 336 1184 ut
363 1139 419 1185 et
448 1130 548 1199 ipsi
574 1137 630 1183 et
660 1127 753 1181 ﬁlii
796 1127 880 1182 sui
922 1127 976 1180 in
1022 1134 1284 1194 perpetuo
1314 1122 1659 1178 dominentur
1690 1139 1704 1175 :
1738 1122 1861 1190 quia

268 1222 367 1277 ubi
395 1236 521 1277 casa
556 1235 696 1276 nova
744 1234 813 1275 ex
861 1235 1015 1274 areas
1058 1218 1173 1273 illas
1209 1226 1548 1288 comparatas
1598 1232 1716 1273 esse
1738 1233 1866 1273 nos-

266 1323 519 1371 scuntur.

352 1405 538 1458 Villam
577 1418 707 1458 vero
741 1401 1047 1467 Patriliaco,
1074 1415 1195 1472 quae
1223 1410 1301 1457 est
1325 1415 1482 1456 secus
1508 1398 1868 1468 Pontochiug-

266 1511 435 1568 gane,
476 1510 634 1567 quem
666 1496 732 1550 de
760 1495 965 1549 Doleno
994 1494 1262 1562 quondam
1292 1492 1622 1563 comparavi,
1654 1498 1708 1546 et
1734 1507 1867 1545 ven-

272 1589 540 1646 ditionem
588 1589 642 1643 iu
672 1588 891 1642 nomine
931 1596 1238 1641 sanctorum
1288 1583 1435 1639 Petri
1463 1594 1519 1639 et
1561 1582 1733 1644 Pauli,
1783 1583 1871 1637 vel

272 1680 515 1736 basilicae
543 1694 754 1742 eorum,
803 1692 965 1745 quam
993 1675 1103 1744 jam
1152 1684 1277 1729 tunc
1324 1682 1567 1743 tempore
1604 1670 1871 1727 :ediﬁcare

268 1774 609 1838 videbamus,
659 1781 715 1827 et
744 1780 932 1841 postea
961 1770 1028 1825 ad
1075 1770 1190 1839 ipsa
1236 1777 1423 1824 sancta
1450 1767 1669 1823 basilica
1719 1766 1867 1822 dele-

1963 572 2157 626 bilibus
2209 581 2265 629 et
2318 572 2709 638 immobilibus,
2759 584 2816 629 et
2858 576 3006 631 omni
3046 575 3168 643 jure
3213 593 3423 648 earum,
3469 582 3559 636 vel

1960 672 2456 734 quantumcumque
2485 666 2660 722 adhuc
2690 666 2759 721 ad
2787 667 2903 737 ipsa
2934 667 3053 723 loca
3098 669 3423 739 subjungere
3466 674 3579 725 aut'

1962 771 2280 825 comparare
2332 767 2579 828 potuero,
2637 760 2841 815 habere
2884 759 3051 829 jubco
3099 776 3164 816 ac
3193 762 3431 817 decerno
3458 763 3559 819 sub

1962 850 2157 905 abbate
2206 851 2291 905 vel
2334 852 2565 907 basilica:
2614 854 2786 907 sancti
2818 852 2961 908 Petri
2993 862 3048 908 et
3090 851 3242 908 Pauli
3288 863 3561 924 potestate

1963 944 2244 999 consistat.
2280 945 2431 1000 Licet
2477 947 2857 1014 praesumtione
2907 955 2965 1001 ut
3012 947 3256 1002 dicamus
3315 948 3558 1017 synodo-

1965 1036 2072 1089 chii
2131 1036 2284 1092 locus
2330 1038 2420 1101 sit,
2473 1037 2599 1091 dum
2646 1054 2868 1108 parvum
2919 1039 2990 1094 ibi
3021 1039 3319 1103 intulimus,
3378 1049 3558 1095 tamen

1965 1136 2156 1196 potens
2185 1137 2267 1183 est
2293 1128 2435 1183 Deus
2472 1137 2529 1184 et
2556 1127 2669 1199 ipse
2711 1138 2929 1184 sanctus
2959 1130 3159 1185 athleta
3199 1129 3398 1184 Christi
3428 1130 3562 1185 inibi

1966 1219 2196 1287 plurima
2226 1218 2491 1284 conferre,
2548 1219 2690 1274 unde
2734 1235 3001 1289 pauperes
3038 1229 3094 1275 et
3137 1220 3391 1275 alimonia
3439 1235 3563 1276 ves-

1968 1310 2186 1371 tiantur,
2229 1320 2283 1363 et
2312 1309 2489 1363 cuncti
2523 1309 2679 1363 amici
2710 1310 2879 1362 nostri
2907 1318 2961 1363 et
2991 1311 3259 1380 peregrini
3310 1317 3564 1379 recepta-

1967 1400 2085 1455 Cnla
2115 1415 2214 1469 pro
2247 1409 2425 1454 nostra
2454 1400 2714 1454 memoria
2755 1399 2952 1453 habere
2978 1400 3277 1453 videantur.
3311 1397 3392 1453 Ad
3425 1414 3565 1469 pne-

1968 1505 2093 1544 sens
2127 1490 2399 1557 jubcmus,
2452 1498 2511 1543 ut
2556 1491 2794 1546 sedicem
2842 1490 3105 1545 animolas
3151 1489 3261 1545 Deo
3314 1489 3561 1557 devotas,

1969 1583 2072 1637 hoc
2095 1590 2179 1639 est
2196 1583 2343 1639 viros
2362 1598 2647 1653 pauperes,
2675 1599 2845 1639 crcos
2866 1591 2958 1636 aut
2976 1582 3200 1647 debiles,
3220 1583 3271 1637 in
3297 1582 3413 1653 ipso
3440 1583 3565 1639 loco

1969 1678 2335 1740 collocentur;
2383 1687 2437 1732 et
2481 1678 2669 1733 diebus
2696 1678 2919 1748 singulis
2964 1678 3041 1735 eis
3066 1678 3238 1734 victus
3288 1679 3425 1734 facta
3475 1696 3565 1735 ra-

1974 1768 2120 1823 tione
2169 1767 2498 1823 snflicieuter
2557 1768 2910 1823 ministretur.
2972 1766 3066 1834 Et,
3121 1768 3266 1837 quod
3314 1769 3565 1839 superius

271 1865 422 1936 gavi,
454 1865 577 1919 volo
607 1870 665 1918 ut
698 1878 816 1918 eam
845 1862 897 1916 in
927 1870 1189 1931 perpetuo
1231 1859 1524 1930 possideat,
1566 1874 1689 1915 cum
1719 1860 1869 1913 colo-
1902 1846 1948 1906 Β
1978 1858 2339 1926 meminimus,
2388 1858 2456 1913 de
2503 1858 2760 1913 tributum
2820 1858 3128 1927 Talctense,
3168 1868 3223 1915 et
3250 1860 3565 1929 suffragium

272 1956 433 2011 nicas
460 1954 529 2008 ad
558 1968 619 2010 se
646 1952 998 2024 pertinentes.
1030 1951 1224 2005 Villam
1251 1950 1529 2005 Monciaco
1555 1964 1675 2004 cum
1719 1949 1868 2005 colo-

274 2046 402 2101 nica
446 2060 564 2115 qua:
592 2044 821 2101 condita:
865 2044 951 2099 vel
998 2042 1239 2114 undique
1291 2043 1468 2113 idipso
1516 2041 1868 2098 Condacense

269 2144 373 2188 aut
399 2133 771 2189 Monciacense
801 2134 1109 2203 comparavi
1132 2143 1185 2187 et
1206 2132 1446 2202 adjunxi,
1468 2142 1542 2201 te,
1558 2141 1745 2188 sancta
1775 2131 1870 2188 Ec-

270 2225 443 2280 clesia
472 2225 629 2280 heres
662 2239 803 2293 mea,
851 2224 917 2278 ad
965 2224 1231 2292 integrum
1270 2223 1394 2277 volo
1438 2237 1559 2277 esse
1587 2221 1862 2277 donatum.

270 2316 474 2371 Vincas
494 2331 622 2371 vero
637 2330 770 2385 quas
792 2315 920 2369 mihi
940 2323 1141 2370 sanctre
1171 2312 1445 2369 memoria:
1473 2313 1703 2368 domnus
1726 2310 1866 2367 Lici-

272 2407 400 2462 nius
427 2407 707 2476 cpiscopus
741 2421 840 2475 pro
868 2405 1064 2459 amoris
1093 2405 1286 2460 affectu
1315 2418 1475 2459 secus
1503 2404 1689 2457 vineas
1714 2401 1868 2456 Cari-

270 2500 540 2555 liacenses
567 2514 667 2554 suo
693 2513 918 2553 munere
947 2497 1111 2561 dedit,
1152 2506 1207 2551 et
1236 2512 1335 2552 nos
1363 2504 1523 2551 antea
1552 2495 1619 2550 de
1657 2493 1868 2564 Sargite

269 2592 546 2662 quondam
575 2591 884 2645 necutiante
908 2598 1064 2659 parte
1088 2589 1266 2643 divina
1296 2604 1419 2643 cum
1450 2595 1596 2642 terra
1640 2602 1867 2657 compa-

271 2682 533 2745 ravimus,
573 2689 628 2735 et
664 2689 854 2750 postea
899 2680 1026 2734 inihi
1057 2679 1240 2733 vincas
1269 2679 1563 2748 posuimus,
1596 2685 1652 2732 et
1680 2679 1733 2731 in
1762 2692 1868 2732 una

272 2771 523 2825 clausura
573 2786 694 2825 cum
737 2770 923 2825 vineas
969 2778 1171 2824 sanctxe
1214 2770 1455 2824 ecclesia:
1498 2768 1864 2837 adjunximus,

271 2864 544 2930 volumus,
576 2871 635 2917 ut
662 2879 759 2934 pro
783 2862 1031 2917 mercede
1065 2862 1257 2917 animm
1286 2870 1484 2917 nostra:
1516 2863 1618 2917 hoc
1640 2861 1865 2917 ecclesia

271 2967 463 3011 sancta
497 2953 855 3011 Cenomanica
885 2954 1175 3025 possideat.
1220 2955 1371 3009 Licet
1395 2963 1553 3009 antea
1586 2955 1699 3024 ipse
1742 2968 1870 3022 ager

274 3062 467 3117 parum
512 3047 742 3101 habebat
769 3047 1031 3114 vineolas,
1064 3062 1175 3101 nec.
1190 3046 1394 3101 domini
1421 3046 1526 3100 mei
1556 3054 1867 3101 antecesso-

272 3153 367 3192 res
410 3137 646 3209 episcopi
693 3137 891 3207 aliquid
940 3138 1010 3192 ibi
1056 3138 1343 3192 voluerunt
1385 3136 1604 3203 addere,
1643 3136 1737 3191 sed
1765 3153 1863 3193 nos

1970 1949 2341 2005 Criscianense
2373 1950 2456 2005 vel
2503 1949 2972 2017 Cambariacense,
3014 1952 3152 2007 sicut
3177 1952 3425 2022 superius
3449 1953 3566 2022 jam

1969 2042 2347 2112 prmcepimus,
2397 2052 2506 2095 tam
2538 2042 2589 2099 in
2623 2042 2976 2107 vestimentis,
3019 2059 3177 2113 quam
3209 2054 3267 2101 et
3309 2045 3363 2099 in
3393 2045 3564 2101 lecta-

1968 2133 2085 2201 riis,
2126 2141 2218 2187 aut
2256 2133 2309 2187 in
2347 2133 2735 2199 calciamentis,
2774 2142 2828 2188 et
2859 2135 2971 2189 istis
3001 2134 3254 2191 fratribus
3284 2136 3482 2191 nostris
3508 2148 3565 2192 et

1971 2227 2357 2281 matricolabus
2393 2227 2564 2282 sancti
2606 2224 2753 2280 Petri
2784 2227 2873 2296 qui
2903 2228 3001 2282 sub
3030 2229 3290 2296 regimine
3313 2243 3414 2283 suo
3444 2243 3565 2284 esse

1970 2329 2300 2381 noscuntur;
2350 2329 2405 2373 tu
2448 2319 2584 2373 abba
2633 2319 2871 2373 basilica:
2916 2321 3089 2375 sancti
3120 2319 3265 2376 Petri
3312 2331 3368 2377 et
3411 2322 3565 2378 Pauli

1969 2409 2291 2465 omnimodis
2332 2410 2671 2480 potissimum
2719 2410 2814 2463 tibi
2861 2425 2988 2465 cura
3016 2412 3085 2465 sit
3115 2410 3219 2466 hoc
3250 2412 3328 2467 eis
3355 2412 3407 2466 in
3438 2429 3563 2467 om-

1970 2505 2134 2559 nibus
2180 2504 2498 2574 adimplere.
2549 2503 2706 2570 Quod
2735 2504 2780 2558 si
2827 2504 2880 2558 in
2913 2505 3093 2573 al’quo
3118 2505 3283 2576 (quod
3308 2507 3470 2577 absit)
3496 2522 3566 2562 ex

1968 2595 2073 2650 hoc
2105 2594 2383 2663 negligens
2411 2594 2742 2663 apparueris,
2783 2603 2909 2649 ante
2937 2596 3170 2649 tribunal
3197 2594 3393 2650 Christi
3438 2612 3563 2651 cum

1968 2693 2158 2740 sancto
2189 2685 2350 2740 Petro
2374 2693 2429 2739 et
2459 2684 2624 2739 Paulo
2654 2684 2958 2754 apostolos,
3012 2693 3067 2739 et
3094 2694 3284 2741 sancto
3330 2685 3563 2741 Martiun

1969 2776 2262 2831 antistitem
2276 2764 2488 2831 habeas
2518 2776 2806 2830 rationem.
2840 2774 2907 2829 Et
2933 2776 3107 2830 nullus
3129 2792 3198 2832 ex
3220 2778 3563 2847 pontiﬁcibus

1966 2872 2373 2926 successoribus
2398 2871 2598 2926 nostris
2620 2870 2686 2925 de
2714 2870 2763 2925 id
2788 2869 2930 2940 quod
2953 2871 3017 2925 ad
3046 2871 3357 2940 prtedictum
3385 2873 3561 2928 locum

1966 2962 2051 3016 vel
2086 2962 2412 3032 pauperibus
2457 2971 2539 3017 est
2579 2961 2905 3031 delegatum,
2961 2960 3173 3017 auferre
3228 2973 3557 3032 praesumat;

1968 3053 2063 3109 sed
2091 3054 2156 3107 ad
2186 3053 2528 3108 festivitatem
2580 3054 2751 3123 ipsam
2793 3062 2847 3107 et
2876 3053 3117 3122 pontifex
3148 3062 3203 3108 et
3248 3056 3425 3109 omnis
3450 3055 3561 3111 cle-

1970 3158 2060 3197 rus
2106 3143 2386 3212 prandium
2433 3143 2650 3211 dignum
2683 3142 3001 3212 percipiant,
3052 3151 3107 3197 et
3134 3143 3177 3198 si
3205 3143 3273 3198 de
3303 3143 3559 3214 praedicta

271 3245 376 3299 pro
414 3245 598 3284 amore
621 3239 821 3284 sancta:
861 3228 1113 3284 Ecclesia:
1160 3229 1242 3284 vel
1291 3238 1632 3297 augmentum
1675 3228 1859 3299 ipsius,
1891 3204 1935 3266 C
1968 3235 2160 3290 locella
2189 3236 2513 3305 quicumque
2540 3235 2683 3289 aliud
2708 3236 3014 3301 retraxerit,
3043 3242 3315 3303 tamquam
3341 3246 3563 3292 necatu-

272 3329 387 3375 tam
418 3320 483 3375 de
506 3320 919 3389 uegotiantibus,
950 3336 1109 3389 quam
1141 3321 1208 3375 de
1234 3319 1455 3391 reliquis
1483 3319 1717 3374 maxime
1745 3334 1861 3388 spa-

273 3413 534 3467 ciavimus
561 3420 613 3466 et
643 3413 870 3481 pretium
896 3412 1155 3475 dedimus,
1210 3419 1267 3465 ut
1296 3412 1348 3465 in
1389 3411 1509 3478 jure
1538 3420 1592 3465 et
1619 3411 1862 3465 domina-

274 3505 479 3559 tionem
502 3514 699 3560 sanctze
723 3503 974 3560 Ecclesia:
1005 3503 1289 3574 proﬁciant
1309 3512 1575 3573 optamus.
1608 3501 1861 3572 idemque

272 3604 334 3652 et
377 3598 637 3662 viueolas,
686 3612 806 3666 quae
852 3607 976 3652 sunt
1026 3598 1079 3652 in
1123 3595 1519 3660 Sahoranense,
1571 3610 1690 3665 qua:
1736 3612 1860 3652 meo

272 3705 443 3759 opere
472 3690 704 3759 undique
730 3690 1002 3758 subjuuxi,
1026 3699 1116 3744 aut
1139 3706 1234 3762 per
1259 3690 1478 3755 donum,
1502 3698 1595 3744 aut
1615 3705 1710 3760 per
1730 3705 1861 3745 ven-

271 3780 555 3844 ditionem,
596 3791 650 3836 ct
678 3783 722 3837 si
753 3783 926 3837 adhuc
956 3782 1278 3852 subiungere
1308 3792 1555 3853 potuero,
1588 3799 1710 3837 cum
1741 3783 1858 3838 cul-

272 3874 485 3929 toribus
510 3890 697 3929 eorum
720 3885 777 3929 et
801 3874 1027 3929 familias
1056 3875 1121 3927 ad
1159 3874 1377 3928 domum
1418 3890 1535 3945 qua:
1574 3874 1645 3930 ibi
1691 3876 1857 3929 stabi-

269 3967 402 4035 lius,
435 3977 510 4035 te,
541 3977 725 4024 sancta
749 3966 1004 4033 Ecclesia,
1029 3968 1212 4023 domui
1234 3965 1379 4022 Petri
1405 3976 1458 4022 et
1481 3966 1631 4021 Pauli
1660 3967 1860 4023 habere

264 4058 458 4130 jubeo.

347 4173 425 4228 De
453 4172 817 4244 Ponteleugua
842 4175 955 4229 haec
983 4183 1067 4230 est
1107 4174 1174 4229 dc
1219 4174 1499 4230 matricula
1532 4182 1585 4230 et
1623 4176 1861 4246 synodo-

267 4264 399 4319 cbio
435 4263 486 4318 in
517 4264 774 4320 honorem
821 4267 995 4321 sancti
1040 4265 1271 4332 Martini,
1322 4266 1437 4321 haec
1478 4275 1563 4321 est
1599 4267 1856 4322 miracula

267 4357 447 4409 sancti
475 4354 617 4411 Petri
644 4365 696 4412 et
724 4355 895 4420 Pauli,
935 4357 1082 4428 quod
1122 4366 1204 4413 est
1230 4357 1297 4412 ad
1340 4357 1778 4427 Pontemleugua,
1811 4359 1855 4413 si

268 4462 374 4518 per
400 4447 605 4516 singula
653 4464 1058 4519 perpensamus,
1110 4459 1367 4518 quantum
1408 4447 1641 4504 facinora
1676 4459 1855 4504 nostra

269 4539 329 4593 in
359 4539 614 4593 saeculum
640 4539 765 4595 dum
796 4541 1001 4595 detenti
1030 4539 1243 4605 fuimus,
1274 4541 1559 4595 commissa
1590 4555 1711 4595 esse
1757 4556 1851 4594 no-
1883 4566 1934 4625 ο

267 4639 515 4697 scuntur,
542 4648 650 4686 non
690 4646 810 4687 esse
839 4640 1043 4686 tantum
1075 4630 1302 4685 facultas
1333 4629 1650 4698 redimendi,
1679 4647 1849 4699 quan-

268 4735 383 4781 tum
415 4733 539 4781 sunt
586 4725 753 4796 culpa:
781 4726 1109 4791 commissae;
1155 4724 1249 4779 sed
1292 4724 1632 4793 omnipotens
1679 4724 1848 4787 Deus,

265 4816 361 4886 qui
392 4817 594 4871 nullum
632 4818 807 4887 perire
836 4817 971 4885 vult,
1011 4818 1138 4888 ipsa:
1183 4832 1345 4886 parva
1388 4817 1701 4871 munuscula
1732 4833 1852 4887 que

262 4910 485 4979 grandis
545 4910 790 4965 lacrimas
836 4910 921 4964 vel
983 4910 1237 4964 memoris
1300 4908 1492 4963 anima:
1541 4907 1848 4964 Redemtori

265 5010 454 5055 nostro
484 4998 679 5056 oﬁerre
706 5001 969 5067 videmur,
1019 5002 1069 5054 in
1104 5002 1375 5072 pauperis,
1421 5000 1536 5070 ipse
1575 5017 1673 5071 pro
1704 5002 1849 5070 larga

262 5090 487 5160 pietatis
537 5106 648 5145 sua:
691 5092 863 5160 gratia
914 5091 1339 5160 qualemcunque
1390 5091 1589 5145 tribuat
1618 5091 1844 5146 veniam.

263 5178 408 5250 Ergo
435 5180 560 5249 quia
587 5189 744 5236 votus
772 5188 826 5235 et
856 5180 1105 5235 liberatio
1146 5190 1201 5235 et
1230 5181 1548 5237 deliberatio
1587 5198 1704 5237 mea
1745 5190 1845 5245 est,

262 5279 327 5325 ut
366 5270 582 5327 basilica
630 5286 750 5341 qua:
793 5273 845 5325 in
891 5272 1095 5328 honore
1122 5272 1417 5327 beatissimi
1462 5288 1525 5327 ac
1564 5274 1848 5345 peculiaris

259 5361 462 5431 patrini
484 5363 655 5418 nostri
679 5362 893 5417 Martini
915 5363 1085 5417 sancti
1112 5363 1347 5434 episcopi
1370 5362 1435 5417 ad
1460 5362 1846 5434 Ponteleugua,

262 5454 352 5509 ubi
384 5465 441 5510 et
467 5458 681 5527 requies
705 5470 800 5511 sua
833 5464 1018 5511 sancta
1050 5456 1161 5511 Deo
1190 5456 1422 5526 propitio
1452 5457 1629 5526 posui,
1657 5458 1847 5527 detego

257 5556 425 5619 atque
462 5548 637 5619 ipsum
678 5558 919 5605 sanctum
960 5549 1137 5604 locum
1170 5549 1358 5603 locella
1388 5549 1471 5603 his
1517 5549 1844 5616 nominibus,

260 5639 593 5712 Longiagas,
644 5642 896 5711 Noginto,
949 5642 1245 5709 Novavilla,
1304 5642 1624 5707 Antoniaco,
1679 5652 1733 5697 et
1779 5645 1847 5700 de

260 5729 666 5799 Monasteriolo,
696 5742 904 5804 partem
937 5734 1078 5789 illam
1118 5749 1278 5804 quam
1302 5734 1369 5788 de
1393 5733 1694 5790 Leodelene
1718 5734 1844 5791 dato

260 5823 439 5895 pretio
467 5824 793 5896 comparavi,
826 5832 880 5879 et
910 5825 1116 5879 Avanto
1143 5823 1517 5895 quodcumque
1540 5824 1666 5880 inibi
1695 5840 1843 5880 com-

1965 3340 2258 3394 pauperum
2280 3333 2404 3378 ante
2424 3333 2722 3393 conspectu
2742 3322 2929 3378 divino
2953 3322 3247 3393 judicetur.
3283 3323 3363 3378 Tu
3393 3340 3549 3390 vero,

1964 3415 2288 3470 venerabilis
2339 3415 2498 3483 abba,
2547 3415 2634 3470 vel
2664 3429 3004 3470 successitres
3033 3414 3130 3476 tui,
3185 3415 3344 3469 talem
3372 3431 3559 3472 curam

1963 3507 2205 3562 habeatis
2230 3506 2297 3561 de
2324 3522 2539 3562 cursum
2568 3516 2766 3561 sanetae
2805 3507 3047 3563 ecclesia:
3085 3507 3287 3562 domini
3318 3507 3555 3573 Martini,

1964 3598 2175 3668 qualem
2220 3605 2275 3654 et
2320 3607 2631 3654 sanctorum
2665 3597 2808 3653 Petri
2839 3607 2892 3653 et
2921 3598 3101 3663 Pauli;
3156 3609 3209 3653 et
3237 3598 3415 3654 lumen
3460 3616 3558 3671 per

1964 3691 2138 3745 noctis
2198 3691 2266 3747 de
2314 3691 2570 3745 tributum
2634 3690 2879 3745 villarum
2942 3690 3179 3761 ipsarum
3227 3691 3557 3747 sufﬁcienter

1963 3792 2325 3853 comparetur,
2358 3786 2580 3852 etquod
2603 3792 2869 3853 superest,
2904 3783 2970 3838 ad
3001 3784 3147 3854 ipsos
3177 3800 3441 3873 pauperes
3466 3787 3555 3843 vel

1963 3875 2151 3942 inopes
2188 3873 2355 3943 ipsius
2390 3874 2623 3927 basilica:
2664 3874 2930 3943 proﬁciat.

2035 3984 2171 4039 Villa
2218 3999 2348 4039 vero
2394 3984 2677 4053 Blacciago
2720 3986 2821 4040 sita
2853 3986 2905 4041 iu
2956 3988 3247 4045 terraturio
3293 3989 3552 4060 Burdiga-

1960 4077 2109 4133 lense
2155 4093 2313 4134 secus
2359 4086 2537 4133 castro
2582 4076 2774 4141 B'avit,
2825 4095 2944 4149 qurc
3004 4090 3085 4135 est
3125 4098 3289 4153 super
3336 4084 3548 4138 alveum

1960 4172 2249 4241 Garanum,
2278 4172 2405 4228 licet
2425 4188 2454 4227 a
2488 4173 2802 4242 parentibus
2826 4175 2961 4229 meis
2989 4175 3149 4244 longo
3181 4185 3422 4246 tempore
3450 4177 3551 4231 fuit

1959 4279 2230 4334 possessa,
2276 4272 2332 4318 et
2374 4278 2471 4333 per
2510 4262 2834 4333 interregna,
2883 4265 2969 4319 vel
3007 4265 3369 4320 adolescentia
3413 4281 3549 4320 meae
3588 4314 3593 4325 .

1960 4355 2235 4425 genitricis
2264 4354 2365 4409 fuit
2393 4355 2460 4409 de
2493 4353 2616 4423 jure
2644 4372 2743 4410 suo
2773 4355 2969 4421 ablata,
3003 4364 3057 4410 et
3086 4356 3152 4410 ab
3178 4356 3408 4411 Aunulfo
3435 4355 3547 4413 ﬁlio
3587 4383 3603 4415 ε.

1961 4444 2290 4499 Maurilionis
2318 4445 2409 4514 qui
2454 4460 2547 4499 eas
2575 4454 2959 4514 occupaverat,
3002 4459 3097 4514 per
3128 4447 3431 4501 testamenti
3461 4448 3547 4502 sui

1960 4537 2183 4608 paginas
2228 4538 2353 4591 dum
2401 4537 2586 4591 illicite
2643 4536 2709 4590 ad
2752 4545 2966 4591 sanctas
3004 4534 3267 4593 Ecclesias
3308 4538 3414 4594 hoc
3460 4549 3547 4593 est

1959 4626 2340 4697 Burdigalense
2366 4634 2421 4680 et
2447 4625 2712 4681 Toronice
2733 4633 2786 4679 et
2807 4624 3150 4694 Equilinense
3179 4626 3230 4680 in
3259 4626 3391 4683 duas
3421 4643 3546 4698 par-

1955 4728 2039 4775 tes
2076 4736 2142 4775 ex
2183 4720 2295 4783 ipsa
2339 4718 2462 4772 villa
2511 4724 2637 4771 sunt
2681 4717 2977 4785 delegatas,
3028 4719 3240 4773 tertiam
3290 4720 3545 4775 Arnulfus

1954 4823 2237 4879 germanus
2267 4810 2432 4879 ipsius
2457 4808 2687 4863 Aunulfo
2716 4809 3060 4879 possedebat.
3109 4807 3265 4865 Unde
3313 4812 3543 4867 alterca-

1956 4899 2128 4954 tiones
2180 4899 2466 4953 habuimus
2521 4898 2661 4952 inter
2713 4914 2811 4954 nos
2858 4909 2912 4953 et
2960 4899 3107 4969 ipsos
3164 4900 3231 4956 de
3286 4902 3541 4971 praedicta

1952 4992 2097 5058 villa;
2127 4991 2222 5047 sed
2253 4992 2344 5046 ille
2377 5005 2771 5059 recognoscens
2807 4992 2952 5061 quod
2994 4993 3146 5049 nobis
3174 4994 3411 5063 legitime
3440 4995 3539 5049 de-

1951 5083 2200 5151 bebatur,
2230 5098 2413 5137 coram
2444 5083 2572 5153 ipsis
2601 5082 2943 5153 pontiﬁcibus
2981 5086 3074 5154 qui
3104 5085 3237 5141 duas
3264 5093 3444 5155 partes
3469 5099 3538 5140 ex

1952 5174 2055 5229 hoc
2087 5172 2360 5243 possidere
2396 5173 2735 5241 videbantur,
2779 5175 2932 5230 nobis
2960 5175 3027 5229 de
3068 5182 3335 5244 przcsente
3380 5176 3537 5230 tertia

1950 5283 2017 5324 ex
2048 5267 2298 5322 omnibus
2326 5265 2393 5321 de
2419 5265 2544 5321 villa
2570 5265 2684 5335 ipsa
2715 5266 2967 5332 reddidit,
2999 5274 3054 5321 et
3081 5266 3307 5335 epistola
3340 5267 3537 5324 exinde

1951 5373 2112 5413 manu
2140 5372 2238 5411 sua
2267 5356 2540 5422 roborata,
2570 5356 2656 5411 vel
2682 5371 2711 5410 a
2742 5357 3008 5425 praedictis
3045 5355 3417 5411 sacerdotibus
3444 5355 3532 5413 ﬁr-

1950 5458 2093 5503 mata
2128 5448 2284 5502 nobis
2315 5447 2535 5502 tradidit
2571 5446 2971 5517 possidendam.
3020 5445 3125 5500 Sed
3159 5447 3287 5502 dum
3333 5463 3431 5503 nos
3458 5449 3534 5505 ita

1948 5543 2266 5609 constringit
2294 5557 2446 5596 amor
2473 5541 2705 5606 divinus,
2757 5549 2816 5595 ut
2858 5548 3047 5596 contra
3077 5550 3264 5597 saneta
3292 5541 3533 5600 Ecclesia

1949 5651 2058 5691 non
2105 5634 2470 5699 ambulemus;
2534 5632 2757 5687 forsitan
2800 5632 2844 5685 si
2893 5632 3156 5703 possimus
3195 5650 3317 5689 cum
3361 5638 3533 5705 gratia

1947 5729 2271 5784 domnorum
2295 5739 2539 5780 meorum
2568 5734 2623 5779 et
2652 5722 2874 5779 fratrum
2904 5740 3017 5780 rem
3046 5726 3213 5796 ipsam
3244 5728 3528 5783 redimere.

1948 5817 2054 5875 Sed
2105 5819 2227 5888 quia
2266 5817 2495 5872 domnus
2538 5815 2793 5886 Agericus
2840 5818 3123 5891 episcopus
3157 5815 3530 5891 [Turonensis]
