4030 6318
499 336 612 405 an
1244 347 1486 404 sum:
1528 347 2042 407 llEltTtCthAMNl
2082 318 2603 411 celvouaxmsns
2645 356 2942 415 EPISCOPI
3687 368 3801 425 too

506 469 812 538 portionem
863 463 1030 533 illam,
1090 477 1207 533 qua:
1257 464 1427 520 sancti
1487 463 1699 520 Martini
1750 465 1879 531 'fuit,
1942 467 2097 522 nobis
2128 474 2172 530 Α
2204 470 2356 535 ιιΐιοι,
2386 472 2476 542 qui
2507 488 2859 531 successurus
2882 475 3016 540 eris,
3050 489 3210 547 quam
3241 485 3294 533 et
3316 485 3391 545 te,
3424 479 3580 548 abba,
3612 482 3707 551 qui
3736 474 3805 539 eo

506 558 772 628 vendidit,
816 565 871 613 et
895 555 1259 612 venditionem
1306 571 1428 610 cum
1468 557 1740 614 canonicis
1784 559 1896 614 suis
1939 560 2097 616 nobis

502 649 659 717 fecit,
708 657 764 705 et
791 647 994 704 solidus
1025 665 1097 703 ιι
1132 647 1428 704 secundum
1478 650 1715 706 arbitriis
1764 653 1844 707 sui
1887 652 2098 710 valebat

500 743 576 799 ‘de
604 740 841 813 presenti
869 740 1133 807 dedimus,
1184 749 1240 796 et
1269 741 1383 812 ipsa
1425 740 1707 798 altercatio
1747 754 1930 799 nostra
1977 744 2099 801 sub-

498 835 802 904 iunximus,
847 832 1090 889 volumus
1130 841 1191 888 ut
1220 839 1295 900 tu,
1326 842 1512 889 sancta
1542 834 1700 889 heres
1739 850 1881 904 mea,
1916 834 2100 892 Eccle-

502 927 586 983 sia
604 924 989 990 Cenomanica,
1009 924 1315 997 possideas;
1346 935 1403 981 et
1422 926 1467 981 si
1494 926 1669 984 adhuc
1694 927 1746 982 in
1787 943 1899 983 rem
1926 929 2094 999 ipsam

496 1017 577 1075 de
619 1017 812 1074 domus
868 1015 1138 1089 pontificis
1190 1016 1257 1073 de
1308 1016 1691 1088 Burdigalense
1741 1027 1835 1074 aut
1878 1018 2097 1091 Equilc-

490 1125 691 1167 mense
714 1110 981 1167 redimere
1010 1126 1318 1181 possumus,
1352 1120 1524 1167 totum
1553 1120 1607 1169 et
1636 1114 1703 1168 ad
1735 1114 2003 1187 integrum
2029 1117 2094 1170 ad

508 1210 651 1257 tuam
679 1214 905 1257 revoces
933 1209 1283 1271 potestatem.

491 1383 497 1389 I
567 1315 831 1377 Colonica
861 1335 991 1377 vero
1018 1318 1407 1388 Vincentiante,
1449 1336 1608 1392 quam
1639 1323 1836 1379 domna
1864 1332 1919 1381 et
1944 1324 2096 1393 geni-

473 1415 609 1484 .trix
636 1430 759 1473 mea
788 1416 1047 1488 possedit,
1091 1424 1148 1473 et
1187 1432 1289 1473 nos
1313 1432 1433 1475 eam
1476 1419 1639 1476 modo
1669 1420 1722 1475 in
1754 1421 1848 1476 Dei
1877 1423 2095 1478 nomine

475 1508 779 1605 [possidere
800 1507 1062 1574 videmur,
1091 1524 1212 1580 qua:
1239 1524 1395 1566 secus
1424 1511 1600 1582 ipsum
1625 1524 1813 1581 agrum
1849 1511 2093 1569 Blaviaco

476 1600 484 1682 ξ
507 1614 628 1658 esse
654 1600 889 1667 videtur,
917 1601 1150 1658 basilica:
1176 1604 1349 1658 sancti
1371 1601 1514 1659 Petri
1541 1613 1597 1658 et
1618 1602 1769 1660 Pauli
1790 1619 1912 1660 cum
1941 1621 2094 1662 man—

503 1695 681 1766 cipiis,
711 1695 882 1753 vineis
906 1703 962 1752 et
983 1696 1164 1758 terris,
1194 1696 1323 1752 volo
1346 1711 1467 1752 esse
1494 1696 1935 1768 donatum.|Villa
1962 1698 2091 1753 Flo-

494 1786 673 1852 riaco,
705 1787 807 1842 sita
837 1786 976 1843 inter
1005 1786 1112 1842 duo
1158 1788 1346 1853 maria,
1394 1787 1487 1857 qui
1526 1796 1810 1857 parentum
1848 1802 2091 1845 meorum

2194 569 2446 631 tempore
2468 562 2666 627 'fueris,
2707 564 2925 634 quando
2963 579 3050 620 me
3078 563 3221 621 Deus
3246 567 3312 623 de
3336 569 3442 624 hoc
3470 571 3667 627 mulo
3696 573 3805 627 mi-

2198 666 2357 722 grare
2382 654 2721 724 praeceperit,
2751 653 2838 709 vel
2867 657 3274 713 successoribus
3295 660 3508 727 vestris,
3537 670 3596 716 ut
3617 661 3803 718 nullus

2201 759 2309 798 non
2336 752 2620 814 przesumat
2662 745 2730 801 de
2758 745 2857 801 ista
2887 748 3110 817 parvula
3152 750 3490 818 munurcula,
3532 767 3651 821 qua:
3696 767 3805 821 ego

2198 846 2398 892 sancta:
2426 836 2705 904 Ecclesiae,
2740 840 2825 895 vel
2849 849 3049 896 sancta:
3079 841 3313 898 basilica:
3343 859 3442 915 pro
3469 860 3809 902 commemo-

2198 929 2409 984 ratione
2448 930 2682 986 nominis
2728 931 2832 986 mei
2872 931 3050 988 dehis
3079 935 3361 1004 speciebus
3399 936 3529 991 nihil
3577 939 3806 993 abstra-

2198 1021 2347 1087 here,
2400 1022 2483 1076 vel
2531 1022 2868 1092 venundare,
2916 1026 3013 1080 sed
3061 1027 3208 1081 omni
3254 1035 3499 1098 tempore
3541 1036 3648 1083 tam
3698 1044 3807 1099 pro

2197 1122 2443 1167 ornatum
2472 1122 2674 1171 sancta:
2697 1113 2953 1171 Ecclesia:
2980 1117 3067 1171 vel
3094 1117 3326 1172 basilica:
3346 1161 3361 1187 ,
3384 1134 3581 1175 mensm
3601 1135 3806 1175 earum

2201 1210 2585 1278 perpetualiter
2597 1211 2792 1266 debeat
2808 1211 3120 1278 perdurare.
3140 1211 3213 1267 De
3227 1212 3433 1281 reliquo
3445 1228 3570 1268 vero
3589 1228 3806 1282 argen-

2198 1303 2331 1369 tulo,
2362 1301 2740 1372 quodcumque
2762 1312 2885 1374 post
2911 1302 3053 1358 diem
3081 1304 3261 1359 obitus
3289 1305 3396 1359 mei
3424 1305 3800 1373 regesturiolo

2197 1409 2319 1448 mro
2341 1393 2611 1449 inventum
2643 1391 2832 1461 fuerit;
2862 1402 2917 1449 et
2943 1394 3044 1450 hoc
3068 1409 3175 1449 non
3198 1392 3459 1463 delegavi,
3492 1403 3802 1466 exceptum

2197 1492 2482 1553 argentum
2513 1492 2714 1539 sancta:
2754 1483 3007 1541 Ecclesia:
3035 1486 3206 1551 salvo,
3247 1485 3414 1554 jubeo
3457 1487 3598 1555 quod
3645 1502 3810 1558 pra:-

2196 1592 2321 1631 scns
2368 1577 2568 1632 habere
2614 1576 2823 1643 videor,
2873 1579 2959 1633 vel
3005 1579 3181 1633 adhuc
3236 1578 3481 1634 laborare
3529 1588 3810 1649 potuero,

2197 1665 2342 1737 quod
2391 1666 2695 1735 delegatum
2732 1682 2839 1722 non
2876 1665 3078 1734 fuerit,
3139 1676 3311 1724 totum
3356 1669 3496 1724 inter
3544 1679 3810 1726 sanctam

2188 1757 2488 1814 Ecclesium
2526 1775 2588 1815 ac
2618 1767 2860 1815 sanctam
2886 1759 3164 1815 basilicam
3187 1760 3369 1816 domni
3384 1772 3387 1775 λ
3402 1758 3540 1816 Petri
3562 1770 3616 1816 et
3636 1760 3811 1817 Pauli

502 1874 623 1943 fuit,
655 1848 711 1931 et
738 1885 923 1947 postea
948 1878 1223 1946 genitricis
1413 1848 1942 1949 per-orphanitatem
1972 1894 2095 1950 per—
2130 1848 2167 1902 ﬂ
2198 1852 2481 1921 mquam"
2528 1852 2896 1950 ἐἷενίάξηιιυτι
2955 1861 3014 1950 εξ
3058 1853 3225 1950 abAb“
3287 1855 3588 1950 ΡΨίίθθθῖη
3641 1856 3809 1950 illa"?

501 1966 656 2035 didit,
707 1976 819 2024 eta
846 1966 1205 2041 Cbildegcrno
1245 1967 1346 2025 fuit
1391 1970 1535 2026 male
1582 1969 1771 2026 ordine
1811 1985 2091 2040 possessa,

502 2075 664 2130 quam
712 2061 848 2118 villa:
900 2063 1247 2119 medietatem
1293 2080 1418 2120 cum
1461 2065 1773 2135 mancipiis,
1824 2065 2093 2130 domibus,

502 2151 696 2219 vineis,
726 2152 896 2219 silvis,
929 2153 1183 2224 omnique
1214 2154 1444 2210 termino
1471 2170 1572 2211 suo
1599 2155 1684 2210 Vt'l
1721 2154 2095 2225 adjacentibus

500 2243 604 2299 sibi
629 2258 661 2297 a
690 2242 1029 2300 Berthranno
1072 2245 1187 2300 sive
1215 2244 1443 2302 Bettone
1484 2245 1650 2302 filium
1682 2248 1847 2318 ipsius
1874 2247 2093 2304 Childe-

501 2334 655 2404 gerni
682 2334 810 2390 dato
837 2336 1012 2406 pretio
1039 2336 1263 2402 redemi,
1295 2338 1419 2393 volo
1450 2349 1507 2393 ut
1535 2338 1649 2411 ip:a
1693 2339 1818 2394 villa
1856 2341 1952 2410 qui
1998 2357 2091 2412 pa-

501 2432 714 2481 rentum
741 2440 984 2482 meorum
1012 2424 1132 2493 fuit,
1164 2426 1385 2482 basilica
1413 2429 1582 2484 sancti
1612 2426 1758 2484 Petri
1782 2437 1838 2484 et
1866 2428 2015 2485 Pauli
2039 2431 2092 2485 in

501 2524 766 2587 perpetuo
793 2516 1123 2575 dominetur.
1163 2518 1394 2575 Domum
1423 2535 1551 2576 vero
1577 2519 1718 2577 infra
1747 2536 1929 2579 muros
1956 2524 2091 2579 civi-

502 2612 628 2668 tatis
656 2611 1058 2684 Burdigalense,
1091 2627 1255 2684 quam
1284 2627 1386 2684 ego
1412 2622 1468 2670 et
1494 2627 1784 2683 germanus
1810 2630 1967 2672 meus
1996 2618 2095 2672 Er-

486 2702 771 2761 .menulfus
798 2715 984 2763 nostro
1005 2721 1173 2778 opere
1192 2709 1645 2777 recuperavimus,
1676 2709 1848 2780 ipsam
1869 2709 2092 2767 domum

492 2795 808 2853 cimencitia
833 2812 955 2854 cum
995 2797 1303 2871 adpenditia
1320 2814 1429 2854 sua
1457 2799 1526 2854 ad
1554 2800 1760 2857 ditione
1781 2800 2093 2859 dulcissimo

488 2888 689 2960 nepoti
706 2899 911 2946 nostro
930 2890 1269 2961 Sigechelmo
1293 2889 1543 2961 iubemus
1570 2893 1872 2963 pervenire,
1900 2901 1959 2949 ut
1979 2893 2095 2965 ipse

503 2978 702 3035 habeat
723 2989 779 3036 et
806 2981 1100 3051 possideat,
1141 2990 1198 3038 et
1221 2982 1333 3040 suis
1361 2983 1592 3054 posteris
1619 2983 1685 3040 ad
1713 2983 2092 3055 possidendum

503 3070 897 3141 relinquat-Et
934 3071 1040 3129 hoc
1064 3073 1338 3144 jubemus,
1390 3081 1449 3130 ut
1478 3074 1623 3130 omni
1678 3082 1925 3145 tempore
1968 3075 2093 3129 vita:

478 3160 740 3229 .illorum,
784 3162 998 3234 quando
1028 3163 1178 3218 missi
1206 3161 1420 3220 domuis
1449 3172 1506 3219 et
1530 3164 1931 3220 venerabilibus
1968 3180 2092 3220 san-

501 3261 605 3310 cta:
628 3252 881 3310 Ecclesia:
910 3253 1282 3312 Cenomanica:
1310 3256 1398 3311 vel
1425 3256 1654 3313 basilica:
1676 3257 1850 3312 sancti
1873 3255 2013 3313 Petri
2037 3267 2093 3311 et

490 3340 659 3398 Pauli
704 3358 804 3415 pro
854 3342 1091 3414 piscibus
1143 3342 1525 3414 negotiandum
1580 3345 1774 3401 ibidem
1816 3346 2091 3408 venirent,

484 3450 716 3508 semper
744 3436 799 3491 in
826 3435 986 3490 domo
1016 3436 1106 3492 illa
1128 3436 1819 3507 receptaculumhabeant,
1867 3445 1922 3492 et
1964 3437 2094 3491 inibi

481 3538 620 3595 .qure
648 3525 727 3581 eis
768 3539 991 3582 necesse
1028 3525 1187 3581 fuerit
1215 3537 1555 3598 comparent.
1597 3527 1798 3583 Locum
1845 3542 1975 3583 vero
2000 3530 2094 3597 qui

501 3616 805 3688 appellatur
858 3615 1135 3673 Bresetum
1187 3618 1239 3673 in
1290 3620 1635 3676 terratorium
1685 3618 2093 3689 Burdigalense,

488 3708 595 3765 .ubi
626 3707 897 3779 preearias
918 3708 1050 3784 [Al.,
1082 3708 1332 3782 picarias]
1361 3709 1562 3766 habere
1587 3709 1857 3779 videmur,
1888 3717 1943 3765 et
1970 3709 2096 3765 dato

502 3802 852 3873 pretio‘cum
909 3801 1253 3857 Arennoaldo
1302 3801 1575 3872 quondam
1631 3802 2091 3874 comparavimus,

501 3894 672 3964 ipsam
702 3907 818 3948 rem
848 3907 969 3948 cum
996 3893 1257 3964 precariis
1284 3892 1419 3949 inibi
1448 3893 1813 3961 manentibus,
1855 3900 1912 3948 et
1940 3891 2098 3947 fami-

495 3983 602 4040 lias
630 4000 839 4050 eorum,
872 3984 957 4040 vel
986 3985 1171 4055 pixita,
1202 3985 1341 4040 sicut
1369 4000 1397 4039 a
1433 3999 1522 4040 me
1560 3991 1825 4056 przesente
1851 3993 2097 4053 tempore

503 4074 827 4146 possidetur,
858 4082 913 4129 et
940 4083 1064 4145 post
1089 4089 1265 4129 meum
1296 4074 1595 4139 obitum,tu
1624 4082 1812 4130 sancta
1840 4088 1905 4129 ac
1933 4086 2099 4128 vene—

504 4165 690 4223 rabilis
718 4166 938 4223 basilica
969 4166 1154 4222 domui
1186 4165 1326 4221 Petri
1353 4174 1409 4221 et
1435 4164 1586 4220 Pauli
1613 4166 1679 4220 ad
1700 4173 1846 4220 tuam
1874 4179 2098 4222 revoces

495 4257 790 4323 ’ditionem,
822 4266 897 4313 ’ut
926 4256 1123 4313 exinde
1150 4257 1304 4312 annis
1345 4256 1567 4326 singulis
1594 4257 1686 4326 pix
1714 4256 2024 4330 recipiatur.

556 4369 838 4426 Omnibus
865 4380 1052 4426 notum
1092 4380 1176 4426 est
1214 4370 1446 4440 qualiter
1473 4369 1555 4425 bis
1596 4376 1692 4424 aut
1717 4367 1875 4424 tertio
1914 4368 1968 4424 in
2011 4383 2085 4424 re~

499 4463 607 4518 bus
631 4470 841 4519 sancue-
866 4460 1117 4519 Ecclesia:
1147 4461 1241 4519 vel.
1262 4459 1509 4532 proprias
1536 4460 1766 4517 sustinui
1812 4459 2095 4532 spoliatio-

2200 1956 2361 2012 quam
2392 1942 2620 2010 accepit,
2660 1942 2705 1997 si
2737 1957 2956 2001 necesse
2994 1944 3159 1999 luerit
3196 1945 3486 2016 sepultura:
3515 1960 3647 2000 mea:
3696 1948 3811 2001 ali-

2199 2033 2325 2103 quid
2368 2034 2645 2099 exornari,
2696 2042 2753 2090 et
2782 2034 2828 2090 si
2855 2049 2957 2103 ego
2988 2035 3093 2091 hoc
3137 2044 3295 2091 antea
3342 2051 3448 2090 non
3480 2036 3685 2104 fecero,
3739 2036 3808 2091 de

2184 2127 2302 2181 hoc
2336 2127 2508 2197 ipsum
2557 2125 2705 2197 quod
2752 2141 2782 2182 e
2809 2137 2997 2181 contra
3050 2128 3303 2198 pontifice
3346 2128 3671 2200 perceperit,
3737 2129 3808 2184 ad

2198 2217 2311 2288 ipsa
2351 2218 2630 2289 sepultura
2682 2233 2803 2273 mea
2853 2219 3126 2289 dignetur,
3175 2219 3374 2275 exinde
3401 2220 3612 2275 studeat
3636 2236 3807 2276 com-

2199 2324 2431 2379 ponere;
2471 2319 2525 2366 et
2555 2310 2599 2366 si
2631 2324 2729 2365 nos
2774 2324 2838 2365 ea
2889 2307 3135 2364 Christus
3180 2310 3515 2380 permitteret
3545 2325 3609 2365 ea
3666 2310 3808 2365 luce

2196 2399 2412 2464 durare,
2473 2409 2727 2469 argentus
2779 2398 2872 2454 ille
2926 2399 2978 2453 in
3032 2398 3358 2468 ministerio,
3407 2413 3517 2469 quo
3568 2414 3809 2456 necesse

2184 2492 2383 2559 fuerit,
2408 2492 2643 2548 basilicae
2673 2490 2983 2548 faciendum
3016 2493 3427 2548 intromittatur.

2264 2602 2455 2659 Simile
2497 2601 2661 2659 modo
2706 2603 2873 2673 jubeo
2916 2602 3065 2673 quod
3111 2602 3180 2659 de
3221 2602 3540 2658 vestimenta
3596 2601 3807 2657 damea

2198 2694 2330 2767 ML,
2363 2692 2559 2766 clavia]
2588 2704 2665 2761 tu,
2695 2693 2992 2750 dulcissimi
3034 2694 3427 2762 archidiaconi,
3455 2694 3541 2765 qui
3568 2709 3636 2749 eo
3662 2702 3811 2749 tern-

2196 2802 2330 2858 pore
2375 2785 2559 2851 fueris.
2634 2785 2835 2843 domno
2878 2802 3011 2842 vero
3071 2794 3127 2842 et
3177 2785 3432 2857 pontiﬁce
3475 2801 3808 2841 successore

2195 2894 2319 2934 meo
2349 2877 2648 2950 particulas
2676 2877 2819 2934 duos
2841 2878 3076 2948 optimos
3107 2877 3174 2933 de
3214 2878 3437 2949 proprio
3480 2878 3806 2933 vestimenti

2194 2971 2385 3026 dasnea
2413 2977 2727 3025 reverenter
2752 2968 2949 3025 oll'erre
2974 2968 3164 3037 jubeo.
3191 2967 3315 3023 'l‘ibi
3345 2983 3473 3023 vrro
3498 2968 3673 3021 sancti
3705 2984 3803 3023 ar-

2197 3060 2499 3118 chidiaconi
2542 3059 2817 3132 praecipio,
2864 3070 2926 3114 ut
2965 3075 3129 3113 unum
3166 3059 3433 3115 cabellum
3486 3058 3689 3113 bunum
3746 3068 3807 3113 et

2198 3169 2366 3210 unum
2425 3152 2733 3224 pareculum
2787 3151 2856 3207 de
2912 3152 3244 3223 proprietate
3299 3166 3419 3207 mea
3460 3166 3803 3222 .przcsumas.

2195 3245 2385 3303 Omnia
2417 3261 2545 3302 vero
2574 3260 2693 3316 qua:
2734 3243 2805 3301 de
2850 3245 3203 3316 proprietate,
3254 3258 3352 3300 seu
3392 3260 3461 3299 ex
3504 3244 3701 3298 militia
3748 3243 3802 3297 in

2194 3337 2549 3408 regesturiolo
2577 3352 2698 3393 meo
2727 3345 2851 3407 post
2870 3352 3048 3393 meum
3079 3337 3285 3393 obitum
3317 3336 3532 3391 inventa
3558 3335 3796 3401 fuerint,

2194 3447 2293 3488 seu
2319 3440 2375 3488 et
2398 3431 2608 3502 species
2647 3439 2742 3485 aut
2770 3430 3091 3486 vestimenta
3123 3431 3267 3501 quod
3297 3443 3401 3498 ego
3433 3428 3675 3484 laboravi
3708 3429 3802 3483 vel

2195 3522 2481 3594 adquisivi,
2525 3530 2754 3593 excepto
2782 3521 2928 3592 quod
2972 3530 3173 3577 sancta:
3221 3520 3473 3577 Ecclesia:
3515 3521 3803 3593 proprium

2197 3624 2300 3683 est,
2343 3625 2453 3672 tres
2496 3615 2693 3671 exinde
2735 3614 2901 3684 jubeo
2933 3613 3047 3669 fieri
3088 3613 3375 3685 portionis,
3417 3628 3522 3667 una
3560 3613 3805 3667 domnus

2196 3719 2254 3765 et
2278 3723 2564 3764 successor
2590 3721 2742 3762 meus
2782 3704 3027 3777 pontifex
3053 3704 3318 3773 accipiat;
3360 3704 3465 3758 alia
3489 3719 3619 3759 vero
3646 3704 3803 3758 basi-

2198 3800 2298 3857 lica
2326 3800 2510 3856 domui
2541 3797 2688 3854 Petri
2717 3806 2773 3854 et
2800 3797 2987 3861 Pauli;
3040 3796 3196 3850 tertia
3241 3811 3372 3850 vero
3419 3796 3487 3849 de
3522 3803 3805 3865 praesente

2184 3891 2549 3962 pauperibus.
2565 3888 2729 3959 jubeo
2777 3901 3023 3958 erogare.
3081 3885 3345 3941 Similiter
3390 3885 3487 3940 tibi
3537 3885 3803 3955 prmeipio

2197 3980 2595 4046 archidiaconi,
2644 3987 2701 4036 et
2743 3993 2930 4035 coram
2979 3978 3091 4033 Deo
3133 3985 3435 4043 contestor,
3488 3983 3551 4030 ut
3590 3974 3661 4030 de
3696 3990 3805 4031 eos

2197 4074 2403 4130 fructus
2447 4090 2583 4146 quos
2613 4089 2680 4130 eo
2710 4089 2853 4129 anno
2883 4073 3214 4142 relinquero,
3260 4087 3384 4127 cum
3429 4071 3574 4127 diem
3614 4079 3804 4126 extre—

2199 4183 2346 4222 mum
2364 4166 2685 4234 exclusero,
2736 4182 2835 4237 per
2857 4182 3017 4221 manu
3049 4175 3160 4232 tua,
3213 4166 3370 4222 tertia
3397 4173 3552 4238 parte
3588 4179 3802 4237 paupe-

2197 4258 2347 4314 ribus
2374 4257 2577 4329 absque
2602 4256 2794 4313 fraude
2838 4266 3113 4326 erogetnr.

2268 4366 2531 4424 Similiter
2581 4368 2707 4425 volo
2777 4383 2843 4425 ac
2890 4368 3056 4439 jubeo
3117 4368 3368 4425 omnibus
3436 4370 3799 4427 servientibus

2199 4471 2400 4518 sancta:
2447 4462 2700 4520 Ecclesia:
2750 4463 2841 4535 qui
2884 4463 3261 4519 ministerialcs
3307 4480 3429 4521 esse
3477 4477 3797 4530 noscuntur,

509 4570 656 4612 nem.
696 4555 838 4614 Deus
865 4556 968 4611 scit
996 4553 1141 4624 quod
1173 4570 1283 4609 non
1305 4570 1405 4625 pro
1429 4554 1602 4625 culpis
1624 4553 1824 4611 nostris
1844 4553 1948 4609 hoc
1969 4567 2091 4622 pas-
2122 4579 2170 4638 Ι)
2199 4553 2287 4610 vel
2315 4554 2471 4621 meis,
2496 4564 2603 4609 tam
2633 4554 2844 4611 clericis
2870 4570 3030 4624 quam
3069 4554 3435 4623 srecularibus,
3462 4558 3555 4627 qui
3584 4572 3799 4612 mecum

504 4659 598 4701 sus
645 4658 789 4712 sum,
831 4644 927 4699 sed
975 4660 1074 4714 pro
1125 4643 1229 4698 hoc
1273 4641 1417 4713 quod
1463 4643 1622 4699 fidem
1670 4643 1817 4698 volui
1874 4642 2092 4698 inlibata

505 4737 802 4806 custodire,
832 4744 889 4793 et
910 4743 1096 4793 sancta
1122 4736 1359 4792 Ecclesia
1383 4736 1436 4793 in
1459 4736 1720 4807 prmsidiis
1740 4736 1831 4791 illo
1855 4734 2099 4808 tenipore

500 4841 670 4898 grave
696 4827 917 4898 pertulit
950 4825 1321 4897 dispendium;
1364 4834 1421 4883 et
1458 4839 1561 4895 ego
1596 4840 1803 4897 pauper
1841 4826 2100 4882 substan-

506 4919 640 4976 tiola
669 4933 790 4975 mea
816 4918 1032 4990 propria
1070 4916 1224 4973 valde
1262 4932 1465 4987 egenus
1499 4918 1667 4973 evasi.
1721 4916 1926 4973 Idcirco
1970 4932 2096 4973 eru-

502 5015 673 5073 besco
699 5012 956 5078 scribere,
987 5010 1131 5082 quod
1160 5026 1347 5083 parum
1371 5011 1571 5067 resedit
1598 5009 1669 5066 ad
1699 5008 1913 5066 oilerre.
1947 5009 2100 5066 Dono

507 5106 971 5178 argentumillum
998 5121 1158 5177 quem
1187 5105 1341 5162 nobis
1370 5114 1558 5176 postea
1589 5105 1730 5161 Deus
1755 5104 1842 5160 vel
1869 5104 2100 5161 domnus

506 5216 601 5257 rex
633 5206 726 5256 aut
747 5199 911 5255 amici
958 5198 1319 5265 contulerunt,
1366 5199 1507 5254 sicut
1550 5198 1733 5253 brevis
1777 5212 1938 5253 manu
1980 5213 2098 5254 mea

509 5294 819 5364 conscripta
847 5290 1103 5359 concinit,
1132 5291 1259 5361 quia
1299 5291 1629 5361 pertractavi
1671 5296 1731 5344 ut
1756 5288 1892 5345 duas
1920 5300 2101 5361 partes

508 5388 579 5447 de
607 5390 725 5461 ipso
750 5399 989 5461 .argento
1033 5386 1182 5458 quod
1210 5400 1312 5456 ego
1355 5385 1500 5442 visus
1537 5400 1656 5441 sum
1697 5384 1994 5453 laborasse,
2042 5393 2101 5441 tu

506 5488 855 5537 sacrosancta
882 5477 1138 5543 Ecclesia,
1180 5475 1473 5549 percipias;
1520 5475 1625 5531 alia
1653 5490 1784 5532 vero
1829 5476 2101 5547 portione,

510 5587 673 5640 quam
703 5570 757 5626 in
790 5572 919 5642 ipso
963 5571 1129 5627 breve
1168 5569 1486 5639 censet-ipsi,
1534 5578 1615 5638 tu,
1663 5569 1885 5625 basilica
1930 5571 2102 5625 sancti

514 5663 664 5720 Petri
704 5674 760 5719 et
809 5663 981 5735 Pauli,
1021 5680 1183 5734 quem
1212 5663 1413 5718 herede
1438 5678 1593 5728 mem,
1640 5664 1779 5720 sicut
1810 5672 1884 5733 te,
1914 5674 2102 5720 sancta

512 5754 779 5817 Ecclesia,
811 5753 1039 5819 institui,
1079 5753 1281 5808 habere
1303 5751 1489 5821 jubeo.
1513 5754 1718 5824 Adjuro
1739 5768 1838 5825 per
1864 5753 2099 5821 Patrem,

513 5851 573 5901 et
590 5842 806 5912 Filium,
830 5852 885 5899 et
911 5836 1167 5915 Spiritum
1189 5851 1573 5914 sanctum,tam
1601 5844 1718 5913 tibi,
1747 5843 1942 5902 domne
1969 5861 2104 5917 pon-

2203 4659 2527 4701 conversare
2551 4644 2819 4711 videntur,
2844 4645 3083 4712 singulos
3118 4645 3378 4714 caballos,
3421 4655 3533 4701 tam
3556 4647 3798 4716 ingenui,

2202 4755 2365 4811 quam
2406 4740 2560 4795 liberi
2589 4739 2672 4796 vel
2701 4740 3001 4795 servientes
3038 4738 3107 4795 de
3145 4750 3417 4810 praesente
3463 4741 3795 4812 percipiant;

2202 4832 2444 4904 reliquos
2472 4847 2603 4888 vero
2646 4831 2885 4888 caballos
2928 4838 3037 4886 tam
3064 4830 3454 4897 Warannouis,
3483 4847 3648 4904 quam
3676 4848 3797 4903 Spa-

2201 4924 2299 4979 das
2326 4939 2423 4979 seu
2454 4921 2729 4992 poledras,
2768 4923 2857 4994 qui
2887 4922 3089 4978 inventi
3116 4920 3336 4989 fuerint,
3366 4934 3419 4978 et
3459 4924 3795 4980 characterio

2202 5024 2402 5072 sanctae
2436 5012 2702 5070 Ecclesia:
2749 5014 3075 5083 habuerunt,
3123 5023 3267 5071 totus
3305 5016 3544 5087 pontifex
3576 5016 3663 5072 vel
3691 5014 3795 5072 Eoo

2202 5110 2367 5165 clesia
2420 5108 2705 5178 recipiant.
2757 5106 2839 5162 Illi
2887 5124 3021 5165 vero
3069 5109 3161 5178 qui
3222 5124 3406 5165 meum
3459 5108 3793 5165 characterio

2202 5198 2533 5270 peculiarem
2574 5198 2903 5266 habuerunt,
2954 5208 3049 5254 aut
3086 5214 3224 5270 quos
3273 5199 3401 5255 mihi
3434 5209 3685 5270 parentes
3708 5199 3794 5254 vel

2203 5289 2363 5345 amici
2392 5289 2678 5357 dederunt,
2719 5290 3067 5347 medietatem
3097 5301 3282 5347 sancta
3311 5288 3557 5347 Ecclesia
3584 5306 3654 5345 ex
3681 5288 3794 5361 ipso

2204 5379 2470 5451 accipiat;
2520 5380 2680 5436 aliam
2720 5380 3066 5437 medietatem
3114 5381 3337 5438 basilica
3366 5379 3452 5436 vel
3497 5379 3664 5435 abbas
3702 5377 3791 5448 qui

2204 5472 2334 5529 inibi
2362 5487 2486 5529 esse
2530 5472 2744 5529 videtur
2772 5472 3089 5543 recollegat.
3128 5472 3264 5529 Illud
3315 5472 3442 5528 huic
3474 5479 3788 5528 testamenta

2204 5561 2416 5618 adnecti
2441 5561 2610 5629 volui,
2652 5572 2713 5617 ut
2736 5562 2804 5618 de
2840 5563 3018 5633 gregis
3044 5563 3274 5632 equinis,
3304 5578 3442 5634 quos
3468 5577 3587 5618 mea
3617 5561 3781 5633 parvi-

2206 5664 2289 5711 tas
2328 5654 2562 5726 undique
2607 5655 2829 5711 attraxit
2880 5655 2963 5711 vel
3010 5658 3395 5727 augmentavit,
3446 5663 3675 5726 excepto
3710 5654 3777 5722 ju-

2205 5759 2386 5806 ntenta
2410 5750 2654 5819 antiqua,
2698 5750 2822 5806 inde
2860 5751 2995 5807 duas
3033 5752 3311 5821 portiones
3340 5767 3405 5805 ex
3440 5751 3569 5821 ipsis
3596 5750 3770 5818 gregis

2208 5858 2329 5913 qua:
2374 5858 2524 5900 meas
2569 5844 2813 5915 proprias
2867 5861 2989 5903 esse
3039 5845 3308 5916 videntur,
3369 5854 3423 5902 et
3452 5860 3611 5915 super
3653 5849 3768 5896 terr:
