4030 6318
237 338 338 396 (Ol

1617 327 2035 388 TESTAMENT
2046 329 2164 389 ΠΜ.

3425 336 3548 392 102"

236 463 444 512 sanctae
477 449 730 509 Ecclesie
760 463 960 520 pascua
1005 447 1224 512 habent,
1282 453 1340 499 ut
1381 444 1614 499 diximus
1653 443 1824 497 ﬁant:
1866 444 2187 505 Avilionem
2215 443 2280 498 ad
2310 445 2424 516 ipsa
2454 454 2638 502 sancta
2685 447 2905 504 basilica
2944 448 3199 518 praecipio
3244 449 3528 519 possiden-

238 563 350 602 una
382 543 643 616 percipiat
668 548 850 595 sancta
891 538 1166 603 Ecclesia,
1212 545 1266 592 et
1307 536 1410 590 alia
1437 534 1700 606 percipiat
1741 535 1834 588 ba-

235 639 392 696 silica
433 635 606 692 sancti
656 633 798 688 Petri
845 641 900 686 et
938 631 1108 685 Pauli.
1158 628 1389 699 Gregem
1445 627 1629 694 illum,
1673 641 1833 694 quem

237 729 524 799 portionas
585 723 894 795 equinarias
961 737 1124 791 super
1173 735 1288 775 rem
1343 726 1544 774 sanctze
1601 717 1836 772 basilica:

236 819 430 874 domni
477 817 683 872 Victuri
733 813 974 885 episcopi
1025 811 1308 868 intendere
1353 810 1584 874 videtur,
1625 807 1689 862 ad
1721 808 1834 878 ipsa

235 921 432 969 sancta
479 911 696 966 basilica
728 908 855 963 volo
882 921 1001 962 esse
1030 905 1310 960 donatum.
1357 901 1609 957 iumenta
1649 899 1716 954 de
1745 899 1835 954 iilo

240 1005 339 1073 qui
392 999 609 1058 fuerunt
661 998 944 1070 peculiaris
990 995 1305 1064 Gallimere,
1363 1009 1463 1064 pro
1508 990 1668 1047 ﬁdele
1717 1005 1835 1044 mea

243 1093 519 1166 Elopodiaa
561 1091 688 1147 volo
719 1105 839 1146 esse
879 1089 1126 1144 donatus.

323 1191 459 1246 Villa
488 1186 794 1242 Mareiliaco
823 1184 924 1238 sita
951 1199 1109 1241 secus
1149 1182 1460 1240 Diablentas
1501 1186 1645 1254 vico,
1676 1200 1835 1256 quem

243 1282 378 1338 dato
423 1279 600 1352 pretio
640 1295 670 1333 a
709 1276 1056 1346 Melighisclo
1087 1282 1143 1330 et
1189 1275 1472 1331 Ebretrudi
1497 1277 1832 1348 comparavi,

245 1384 347 1430 aut
377 1373 614 1442 undique
655 1369 894 1439 adjunxi,
935 1374 1027 1422 aut
1055 1367 1230 1421 adhuc
1264 1367 1556 1436 adjungere
1586 1379 1836 1440 potuero,

245 1479 373 1521 cum
401 1463 652 1518 domibus
681 1470 735 1516 et
758 1459 1059 1529 mancipiis,
1090 1465 1144 1511 et
1171 1457 1471 1526 adjacentia
1501 1475 1616 1524 sua,
1650 1463 1838 1529 pratis,

245 1557 486 1629 pascuis,
542 1555 720 1625 aquis,
774 1565 1104 1621 aquarumve
1133 1549 1476 1617 decursibus,
1531 1550 1838 1606 dulcissimo

247 1647 537 1721 pronepoti
569 1661 689 1701 meo
720 1643 1149 1698 Leodochranno
1187 1640 1331 1696 dono
1360 1651 1522 1710 atque
1567 1643 1839 1696 transfun-

247 1742 323 1796 do
352 1747 614 1810 perpetua
646 1734 1032 1791 dominatione.
1085 1731 1346 1787 Similiter
1378 1732 1500 1786 villa
1531 1747 1688 1788 secus
1733 1731 1838 1786 l’a-

1935 533 2080 588 dum.
2131 536 2262 590 Villa
2293 553 2421 592 vero
2451 539 2517 592 de
2546 538 2861 606 Comancio,
2913 557 3032 610 qua:
3081 555 3182 610 ego
3218 542 3286 596 de
3319 541 3428 595 ﬁlio
3472 553 3528 597 el

1937 628 2142 693 parenti
2186 643 2306 682 meo
2352 629 2620 685 Ebroaldo
2661 633 2989 701 comparavi,
3025 639 3079 687 et
3101 642 3284 702 postea
3330 643 3384 687 et
3428 634 3523 688 do-

1937 734 2054 773 mos
2083 727 2138 774 et
2167 722 2354 775 vineas
2397 721 2524 777 inibi
2573 723 2855 792 aediﬁcavi,
2911 740 3032 778 cum
3068 725 3118 779 id
3149 724 3295 794 quod
3326 724 3527 786 inveni,

1937 825 2057 864 cum
2089 812 2234 865 omni
2259 811 2381 878 jure
2410 823 2466 866 et
2508 811 2805 882 adjacentia
2836 829 2951 879 sua,
2987 823 3061 881 te,
3106 813 3329 868 basilica
3360 816 3531 868 sancti

1941 901 2083 956 Petri
2113 911 2167 956 et
2209 901 2380 968 Pauli,
2420 919 2578 971 quam
2612 905 2662 958 in
2694 905 2900 961 honore
2927 914 3105 960 vestro
3135 905 3414 971 aediﬁcavi,
3479 916 3533 959 et

1937 993 2247 1049 immediate
2287 995 2482 1050 herede
2522 997 2777 1051 constitui
2808 997 2859 1050 in
2900 996 3170 1060 omnibus,
3205 997 3407 1050 habere
3441 996 3542 1051 ἀει

1939 1103 2123 1144 cerno.
2171 1088 2386 1143 Reicola
2417 1103 2537 1157 qua:
2563 1089 2867 1159 appellatur
2896 1088 3196 1153 Fontanas,
3244 1088 3382 1143 intra
3425 1096 3563 1142 ter-—

1940 1182 2144 1236 minum
2179 1182 2504 1245 Alauncuse,
2552 1195 2712 1250 quam
2743 1181 2873 1235 mihi
2922 1181 3004 1235 vir
3048 1179 3364 1250 magniﬁcos
3393 1180 3535 1232 Bau—

1940 1272 2246 1343 dhegiselus
2299 1281 2354 1326 et
2392 1271 2585 1327 Saucia
2643 1271 2844 1341 conjux
2899 1287 2994 1326 sua
3040 1271 3431 1336 condederunt,
3483 1282 3554 1324 et.

1942 1363 2268 1417 donationes
2301 1363 2571 1426 fecerunt,
2627 1371 2682 1417 et
2708 1377 2809 1418 nos
2848 1362 3076 1416 multum
3098 1363 3177 1418 eis
3207 1361 3259 1415 in
3286 1377 3396 1430 quo
3439 1376 3540 1432 po-

1943 1453 2142 1508 tuimus
2181 1453 2376 1508 solatia
2409 1453 2751 1523 pribuimus,
2803 1452 2972 1522 ipsam
3013 1467 3128 1506 rem
3174 1459 3300 1520 post
3330 1451 3569 1506 obitum.

1943 1553 2184 1599 nostrum
2205 1553 2392 1599 sancta
2413 1543 2655 1599 Ecclesia
2677 1558 2741 1598 ac
2758 1542 3329 1598 venerabilisbasilica
3353 1542 3558 1597 domui.

1945 1635 2090 1691 Petri
2140 1643 2196 1689 et
2245 1635 2398 1689 Pauli
2440 1635 2506 1688 ad
2541 1643 2686 1688 tuam
2717 1649 2943 1690 revoces
2973 1634 3258 1701 ditionem,
3307 1632 3446 1687 sicut
3474 1632 3542 1684 ad

1946 1729 2063 1798 ipso
2096 1727 2484 1795 Baudeghiselo
2529 1742 2840 1797 possessum
2895 1726 3026 1792 luit;
3077 1726 3155 1780 sic
3197 1739 3435 1794 quoque,
3485 1733 3542 1776 ut

249 1830 576 1906 cilenovico,
627 1841 786 1896 quem
834 1826 1047 1894 genitor
1097 1822 1264 1877 Blado
1316 1822 1652 1879 Victriberno
1683 1825 1839 1896 [Λη.,
1878 1810 1918 1866 Β
1949 1818 2165 1873 nomina
2220 1819 2432 1872 illorum
2463 1818 2516 1872 in
2545 1819 2680 1873 libro
2710 1818 2832 1873 vita:
2863 1819 2916 1872 in
2945 1817 3058 1885 ipsa
3091 1816 3317 1871 basilica
3349 1815 3544 1870 recite-

251 1920 508 1976 Bladovic
535 1914 816 1988 tribuno?}
840 1917 1122 1971 bessorum
1153 1914 1307 1969 nobis
1346 1930 1445 1980 pro
1472 1916 1690 1971 soledus
1719 1932 1846 1972 nos-

250 2025 368 2071 tros
394 2013 657 2079 vendidit,
707 2013 878 2081 ipsam
911 2026 1023 2066 rem
1053 2025 1174 2064 cum
1205 2008 1352 2063 omni
1382 2008 1685 2077 adiacentia
1724 2026 1844 2079 sua,

249 2108 356 2162 sibi
385 2105 677 2162 dulcissimi
710 2118 982 2175 pronepus
1009 2117 1162 2157 meus
1191 2101 1479 2170 Sigramni,
1528 2102 1728 2158 habere
1757 2102 1845 2172 ju-

248 2197 379 2253 beo.
432 2195 690 2250 Similiter
739 2193 920 2248 villam
968 2191 1306 2256 Pauliacum,
1366 2205 1526 2260 quem
1571 2204 1672 2259 ego
1717 2191 1847 2247 dato

249 2288 450 2359 pretio,
507 2287 560 2341 id
611 2296 694 2341 est
754 2283 957 2340 solidos
1017 2289 1292 2352 tregentos
1347 2296 1480 2336 auro
1529 2282 1844 2338 venerabile

248 2381 474 2436 Bobeno
505 2379 698 2433 abbate
725 2377 792 2432 de
819 2375 1037 2431 basilica
1066 2373 1252 2429 domni
1281 2372 1460 2427 Albini
1505 2374 1841 2443 comparavi,

249 2473 371 2542 ipsa
392 2469 702 2526 dulcissimo
730 2465 1015 2538 pronepoti
1045 2478 1168 2520 meo
1200 2463 1624 2519 Leodochranno
1647 2463 1847 2519 habere

249 2563 440 2632 iubeo,
496 2568 553 2615 ut
581 2560 696 2630 ipsa
739 2558 794 2612 in
843 2565 1104 2628 perpetuo
1157 2553 1454 2625 possideat.
1504 2553 1595 2610 Sic
1633 2570 1848 2626 quoque

251 2655 302 2709 si
334 2652 535 2723 aliquid
563 2658 656 2706 aut
683 2649 905 2706 basilica
933 2649 1117 2704 domni
1163 2648 1364 2717 Albini,
1405 2656 1498 2703 aut
1546 2649 1714 2704 abbas
1754 2649 1845 2719 qui

252 2759 543 2802 successor
572 2743 742 2814 ipsius
767 2741 988 2798 Bobeno
1021 2740 1201 2807 fuerit,
1243 2740 1440 2795 exinde
1467 2739 1850 2795 adtemtaverit

253 2841 402 2894 circa
467 2838 641 2907 ipsos,
693 2850 816 2891 cum
851 2833 1054 2905 duplici
1089 2830 1513 2888 satisfactionem
1550 2831 1660 2901 jam
1703 2831 1847 2887 dicto

257 2930 684 2986 Leudochranno
714 2927 924 2994 reddat,
955 2934 1011 2981 et
1040 2925 1163 2980 villa
1194 2925 1332 2994 ipsa,
1383 2925 1428 2980 si
1459 2924 1693 2980 voluerit
1713 2938 1844 2979 con-

257 3034 346 3078 tra
376 3020 690 3078 deﬁnitione
718 3027 1089 3074 antecessores
1116 3017 1199 3071 sui
1227 3031 1410 3085 agere,
1444 3031 1543 3072 nec
1567 3016 1648 3072 sic
1676 3015 1850 3071 valeat

255 3120 565 3186 vindicare;
611 3125 664 3172 et
689 3117 768 3171 sic
797 3115 865 3170 ab
895 3115 1011 3184 ipso
1042 3112 1324 3183 pronepoti
1352 3126 1474 3166 meo
1506 3111 1558 3166 in
1586 3119 1847 3180 perpetuo

256 3211 584 3267 vindicetur.
642 3206 834 3261 Villam
883 3219 1042 3274 quam
1091 3217 1248 3256 secus
1295 3201 1416 3255 vico
1468 3198 1681 3255 Berulfo
1730 3174 1924 3253 esse‘C

257 3305 628 3372 dignoscetur,
661 3305 714 3352 et
759 3297 811 3351 in
842 3295 957 3365 ipsa
997 3293 1119 3348 villa
1153 3291 1418 3359 Berult'us,
1461 3290 1551 3360 qui
1580 3289 1850 3359 quondam

257 3397 444 3452 amisit
471 3392 724 3465 quicquid
754 3388 885 3444 inibi
915 3385 1245 3457 comparavi,
1278 3393 1385 3438 tam
1415 3383 1482 3438 de
1514 3381 1624 3437 ﬁlio
1654 3380 1848 3444 Enulﬁ,

258 3505 424 3560 quam
468 3488 537 3544 de
565 3483 860 3542 Remoaldo
911 3481 994 3536 vel
1037 3479 1266 3547 conjuge
1312 3491 1429 3542 sua,
1480 3484 1651 3530 totum
1697 3482 1753 3528 et
1781 3474 1849 3526 ad

259 3585 529 3650 integrum
552 3579 693 3632 inter
711 3573 1048 3630 dulcissimos
1075 3568 1388 3640 pronepotis
1409 3567 1542 3622 meis
1565 3564 1853 3621 Leutfredo

258 3682 317 3726 et
347 3669 644 3738 Thoringo,
673 3666 719 3724 si
743 3663 875 3719 mihi
921 3660 1238 3731 superstites
1268 3658 1484 3724 fuerint,
1534 3656 1855 3725 mqualentia

260 3767 408 3819 inter
433 3776 493 3817 se
517 3756 861 3815 dividendum
890 3752 1015 3808 volo
1045 3764 1164 3805 esse
1192 3748 1482 3812 donatum;
1530 3746 1610 3800 sic
1636 3760 1856 3815 quoque

263 3863 328 3908 ut
355 3858 478 3923 post
507 3850 710 3904 obitum
741 3859 920 3900 meum
953 3841 1020 3896 ad
1065 3854 1218 3895 suam
1249 3839 1299 3892 in
1342 3839 1606 3905 integrum
1638 3843 1858 3890 revocet

265 3951 612 4017 potestatem.

341 4055 584 4111 Basilica:
621 4050 792 4106 sancti
822 4065 885 4105 ac
915 4044 1209 4104 beatissimi
1251 4044 1420 4100 sancti
1451 4041 1706 4098 Germani
1751 4040 1857 4094 Pa-

263 4149 447 4206 risiaci
491 4145 770 4209 antistitis,
823 4142 913 4211 qui
946 4139 1075 4195 mihi
1120 4138 1347 4193 dulciter
1396 4135 1674 4200 enutrivit,
1705 4143 1759 4189 et
1790 4135 1854 4187 ad

264 4236 584 4297 sacerdotali
616 4251 771 4298 onus,
815 4241 871 4286 ut
896 4247 1004 4286 non
1033 4229 1223 4294 merui,
1258 4243 1321 4283 ac
1345 4242 1442 4297 per
1467 4241 1562 4280 sua
1593 4225 1855 4280 interces-

263 4333 421 4388 sione
467 4327 708 4398 perveni,
762 4324 826 4378 ad
872 4324 982 4391 ipsa
1029 4320 1250 4374 basilica
1280 4319 1331 4372 in
1378 4317 1638 4371 honorem
1690 4315 1857 4384 ipsius

265 4421 500 4476 obedum
530 4417 760 4472 civitatis
790 4412 928 4484 [Pro
959 4412 1136 4466 obltus
1166 4410 1220 4463 in
1267 4403 1516 4476 civitate]
1545 4407 1856 4461 Conoman-

266 4515 406 4569 nica:
427 4509 700 4572 mdilicavi,
744 4517 800 4560 et
826 4519 980 4559 casas
1010 4501 1137 4556 inibi
1166 4499 1446 4567 aediﬁcavi,
1477 4507 1532 4552 et
1560 4497 1855 4552 Moniculos

267 4606 500 4668 institui,
531 4603 621 4672 qui
653 4600 780 4656 inibi
811 4598 1026 4653 Christo
1059 4594 1290 4666 propitio
1322 4593 1374 4647 in
1412 4593 1686 4663 perpetuis
1720 4599 1859 4646 tem-

268 4700 492 4772 poribus
536 4695 770 4752 olticium
820 4700 873 4747 ct
927 4690 1202 4746 servitium
1236 4696 1548 4757 procurent.
1604 4685 1759 4739 Dono
1789 4684 1857 4738 ad

268 4797 386 4865 ipsa
418 4791 637 4847 basilica
686 4790 740 4842 in
785 4787 989 4841 honore
1037 4781 1205 4852 ipsius
1254 4776 1527 4850 pontiﬁcis
1571 4778 1670 4833 has
1706 4776 1862 4832 villas

267 4887 356 4942 his
387 4880 714 4944 nominibus,
763 4876 1058 4944 Charisago
1105 4888 1228 4929 cum
1267 4871 1438 4926 vineis
1473 4885 1592 4939 quae
1623 4869 1861 4939 Silviago

271 4978 396 5031 vico
433 4983 578 5040 sunt,
627 4981 681 5026 et
711 4967 908 5024 reicola
938 4983 1057 5036 ειιιτυ
1083 4965 1388 5035 appellatur
1415 4963 1707 5032 Stirpiaco,
1739 4976 1860 5016 cum

267 5070 516 5126 vineolas
581 5074 636 5120 et
683 5060 1005 5132 mancipiola
1060 5059 1149 5130 qui
1195 5057 1325 5112 inibi
1376 5071 1496 5112 esse
1543 5062 1860 5116 noscuntur,

270 5159 634 5224 Landolenas,
660 5155 920 5211 Graciaco
949 5160 1003 5205 et
1032 5149 1324 5213 Manciaco,
1355 5161 1489 5216 quas
1528 5145 1653 5206 data
1687 5145 1862 5215 pretio

271 5248 510 5318 undique
540 5243 869 5315 comparavi,
901 5250 956 5296 et
983 5241 1052 5294 ad
1092 5254 1266 5294 meam
1296 5237 1545 5310 pervenit
1571 5235 1858 5298 ditionem,

272 5353 386 5396 tam
415 5338 560 5409 quod
599 5337 845 5407 praesenti
890 5342 1132 5401 tempore
1159 5329 1434 5400 possidere
1466 5327 1673 5391 videor,
1701 5341 1862 5396 quam

270 5433 420 5506 quod
451 5432 626 5486 adhuc
657 5427 940 5483 meliorare
967 5432 1210 5494 potuero,
1252 5421 1317 5476 ad
1348 5421 1460 5490 ipsa
1487 5426 1673 5474 sancta
1716 5418 1862 5473 basi-

271 5528 378 5583 lica
411 5525 462 5579 in
504 5523 714 5576 honore
759 5515 1058 5573 beatissimi
1099 5513 1280 5567 domni
1311 5511 1568 5566 Germani
1595 5509 1718 5564 volo
1744 5523 1863 5563 esse

273 5619 525 5678 donatas,
558 5621 614 5667 et
639 5612 827 5666 vincas
852 5610 970 5664 illas
993 5622 1112 5677 qua:
1142 5605 1208 5660 ad
1239 5603 1488 5658 Ruiﬁone
1529 5609 1674 5658 sunt.
1717 5600 1864 5668 quod

274 5706 620 5778 Aunigisclus
649 5703 906 5760 diaconus
950 5701 1138 5765 tenuit,
1189 5697 1270 5751 vel
1313 5693 1489 5750 adhuc
1536 5698 1725 5761 postea
1765 5705 1864 5742 un.

276 5803 443 5874 dique
468 5797 799 5871 comparavi,
830 5809 949 5852 cum
978 5793 1115 5866 prati
1158 5789 1388 5846 mediate
1418 5786 1481 5844 ad
1509 5785 1690 5857 ipsum
1736 5779 1864 5837 Rui-

1951 1917 2058 1964 tur.
2094 1907 2234 1963 Villa
2266 1907 2644 1978 Redonatiogo
2698 1923 2821 1977 qua:
2850 1907 2918 1962 ad
2948 1907 3171 1962 Bonalfa
3205 1921 3420 1974 semper
3459 1920 3542 1960 as-

1947 2002 2117 2072 pexit,
2166 2009 2221 2056 et
2263 2017 2362 2058 nos
2393 2011 2582 2073 postea
2613 2001 2743 2056 inibi
2788 2010 2894 2055 tam
2939 2009 3109 2054 terras
3153 2012 3313 2066 quam
3357 1997 3541 2060 silvas,

1947 2111 2080 2164 quas
2111 2094 2238 2148 dato
2279 2096 2452 2165 pretio
2483 2095 2550 2150 de
2572 2093 2870 2162 Cbargario
2900 2101 2956 2146 ct
2985 2091 3288 2159 Ragnarico
3318 2103 3543 2152 compa-

1947 2186 2204 2252 ravimus,
2247 2187 2332 2242 vel
2382 2185 2620 2255 undique
2672 2193 2842 2239 totum
2874 2192 2929 2238 et
2959 2183 3025 2237 ad
3069 2183 3359 2250 integrum,
3405 2180 3545 2235 sicut

1947 2291 2161 2346 semper
2180 2276 2280 2346 ipsi
2310 2277 2434 2332 villa
2463 2275 2832 2333 Redonatiaco
2873 2273 2938 2327 ad
2970 2272 3191 2329 Bonalfa
3223 2271 3454 2342 aSpexit,
3487 2279 3545 2325 et

1949 2369 2080 2425 inibi
2124 2371 2367 2441 aspicere
2420 2369 2644 2433 debeat,
2711 2375 2767 2422 ut
2814 2373 3001 2422 sancta
3063 2363 3302 2420 Ecclesia
3343 2363 3545 2418 herede

1948 2478 2066 2517 mea
2118 2464 2172 2518 in
2216 2472 2481 2534 perpetuo
2527 2460 2790 2531 proﬁciat.

2021 2554 2167 2612 Licet
2211 2555 2466 2626 quicquid
2497 2569 2526 2608 a
2571 2554 2726 2609 nobis
2777 2551 2951 2608 fuerat
2994 2552 3290 2608 laboratum
3339 2560 3445 2606 tam
3492 2551 3548 2606 in

1949 2650 2110 2718 agris,
2142 2665 2303 2719 quam
2337 2649 2622 2704 mobilibus
2671 2657 2725 2703 et.
2755 2645 3138 2712 immobilibus,
3190 2645 3434 2701 volemus
3463 2653 3548 2699 to-

1950 2750 2061 2796 tum
2107 2744 2240 2811 jam,
2291 2743 2432 2797 sicut
2459 2731 2698 2796 anterior
2725 2749 3080 2795 testamentus
3124 2745 3310 2793 noster
3335 2736 3550 2802 habuit,

1951 2834 2003 2888 in
2033 2849 2140 2889 uno
2173 2841 2552 2888 testamentum
2582 2840 2754 2887 totum
2784 2839 2839 2885 et
2865 2831 2930 2885 ad
2962 2831 3226 2899 integrum
3257 2825 3503 2897 delegavi
3534 2844 3547 2878 :

1949 2927 2042 2980 sed
2071 2927 2192 2995 quia
2219 2935 2407 2998 postea
2438 2933 2725 2995 postquam
2757 2924 2896 2979 Deus
2924 2922 3162 2991 glorioso
3185 2919 3387 2976 domno
3416 2933 3565 2974 nos-,

1951 3024 2034 3070 tro
2083 3017 2362 3072 Clmhario
2395 3032 2521 3086 rege
2552 3024 2722 3071 totum
2751 3029 2975 3083 regnum
3009 3013 3338 3068 Francorum
3371 3010 3424 3064 in
3456 3025 3551 3064 sua

1949 3105 2154 3161 ditione
2179 3107 2432 3162 advenire
2464 3105 2741 3175 prtecepit,
2778 3113 2833 3158 et
2861 3112 3048 3174 postea
3079 3102 3232 3157 nobis
3277 3116 3374 3157 sua
3406 3101 3552 3168 larga
3637 3149 3648 3159 .

1958 3199 2128 3266 pietas
2176 3215 2274 3269 pro
2320 3198 2537 3255 servitia
2587 3205 2772 3252 nostra
2821 3197 2874 3251 in
2916 3196 3099 3264 aliquo
3147 3193 3404 3264 respexit,
3454 3208 3554 3247 nec

1957 3293 2127 3360 ipsum
2160 3291 2316 3346 nobis
2345 3295 2564 3360 oportet
2591 3286 2886 3358 praiterire.
2920 3285 3064 3354 Ergo
3095 3284 3251 3338 villas
3279 3283 3397 3336 illas
3417 3296 3556 3350 quas

1957 3383 2111 3438 hora
2167 3382 2556 3438 recordationis
2603 3379 2830 3446 Avitus,
2878 3379 3018 3434 ﬁlius
3063 3377 3227 3432 Felici
3280 3375 3560 3447 quondam

1956 3473 2256 3544 episcopus,
2313 3474 2402 3542 qui
2433 3479 2712 3544 parentem
2757 3476 2999 3524 nostram
3050 3477 3106 3523 et
3147 3466 3449 3537 proximam
3496 3464 3554 3518 in

1956 3565 2288 3636 conjugium‘
2311 3564 2497 3620 habuit
2525 3563 2751 3630 sociata,
2781 3570 2840 3618 et
2874 3575 3064 3617 omnes
3102 3574 3191 3616 res
3219 3556 3358 3611 Aviti
3408 3557 3554 3610 inter

1957 3677 2043 3717 me
2089 3670 2144 3716 et
2184 3661 2265 3715 vir
2314 3660 2520 3715 illuster
2565 3654 2924 3712 Gundolando
2955 3653 3188 3722 Majores
3219 3652 3408 3705 domos
3457 3664 3562 3703 sua

1957 3756 2129 3825 pietas
2156 3753 2443 3815 concessit,
2474 3759 2529 3807 et
2564 3764 2666 3821 ego
2695 3757 2883 3805 contra
2912 3747 3084 3817 ipsum
3118 3743 3276 3798 modo
3306 3742 3375 3796 ad
3403 3757 3564 3812 βακε--

1956 3861 2078 3901 sens
2123 3845 2325 3900 habere
2355 3843 2563 3910 videor,
2588 3855 2804 3896 omnem
2856 3838 3161 3908 portionem
3209 3847 3410 3899 meam,
3445 3841 3552 3885 tam

1956 3936 2099 4006 quod
2150 3935 2204 3990 in
2253 3933 2490 3988 Biturivo
2521 3941 2621 3998 est,
2671 3944 2832 4000 quam
2865 3929 2917 3983 in
2948 3927 3219 3990 Albiense,
3250 3921 3556 3978 Cadurcino

1957 4037 2012 4083 et
2042 4029 2381 4098 Agennense,
2413 4032 2584 4078 totum
2617 4031 2673 4078 et
2703 4022 2766 4076 ad
2815 4021 3105 4089 integrum,
3157 4014 3409 4086 quicquid
3437 4028 3554 4067 me-

1957 4121 2129 4175 dietas
2154 4134 2221 4174 ex
2251 4131 2381 4187 agro
2412 4117 2528 4186 ipso
2558 4114 2625 4169 ad
2671 4128 2846 4170 meam
2876 4111 3112 4182 pertinet
3140 4108 3424 4170 rationem,
3458 4121 3557 4174 pro

1960 4226 2077 4266 mea
2133 4210 2216 4263 vel
2267 4209 2320 4263 in
2371 4206 2673 4278 quantitate
2725 4200 3001 4260 relaxandi
3053 4207 3278 4271 peccata
3335 4195 3556 4250 basilica

1957 4301 2130 4356 sancti
2176 4299 2322 4355 Petri
2354 4308 2409 4354 ot
2447 4297 2620 4364 Pauli,
2655 4311 2814 4366 quem
2845 4294 3098 4350 heredem
3124 4287 3401 4352 constitui,
3434 4297 3591 4356 post.

1960 4394 2168 4447 obitum
2198 4407 2376 4446 meum
2404 4391 2456 4444 in
2479 4389 2791 4459 integritate
2819 4386 2972 4440 villas
3002 4384 3142 4452 ipsas
3174 4378 3467 4449 percipias;
3501 4387 3576 4433 ct.

1960 4483 2240 4552 Nogiogilo
2267 4483 2468 4543 villam,
2499 4495 2659 4549 quam
2690 4487 2746 4533 et
2790 4491 2891 4546 ego
2933 4483 2988 4529 et
3016 4474 3096 4527 vir
3147 4470 3369 4526 iuluster
3397 4467 3552 4524 Gun-

1963 4577 2227 4632 dolandus
2272 4574 2392 4630 ﬁlia:
2422 4589 2555 4629 meae
2603 4581 2658 4627 et
2698 4577 2920 4640 parente
2959 4567 3231 4620 Dundanm
3276 4561 3565 4621 usufrnctu:

1962 4683 2360 4731 concessemus,
2416 4673 2541 4736 post
2593 4663 2762 4733 ipsius
2814 4657 3020 4714 obitum
3065 4672 3162 4711 vos
3207 4663 3557 4711 sacrosancta

1965 4762 2204 4818 Ecclesia
2249 4771 2304 4816 et
2346 4759 2564 4814 basilica
2593 4753 2951 4812 communiter
2979 4749 3233 4810 mediate,
3264 4748 3402 4804 sicut
3431 4761 3553 4816 pre-

1963 4852 2226 4908 caturiam
2268 4849 2380 4919 jam
2421 4847 2576 4902 dictae
2613 4853 2884 4900 matrona:
2900 4840 3172 4905 convenit,
3215 4837 3281 4893 ad
3312 4845 3551 4893 vestrum

1965 4944 2230 5000 revocetis
2259 4947 2583 5012 potestatem
2615 4936 2846 5008 idipsum
2873 4932 3154 5002 mqualiter
3183 4926 3549 4984 dividendum.

2037 5056 2173 5110 Villa
2200 5070 2329 5110 vero
2359 5052 2706 5114 Vocriomno,
2737 5061 2901 5117 quam
2947 5044 3076 5100 mihi
3107 5041 3371 5112 gloriosus
3397 5038 3556 5098 dom:

1968 5167 2065 5206 litis
2092 5148 2359 5204 Clotarius
2389 5160 2484 5200 rex
2511 5158 2616 5199 suo
2637 5154 2862 5196 munere
2891 5153 2990 5207 pro
3012 5135 3175 5190 rebus
3197 5129 3393 5186 nostris
3415 5143 3554 5197 quas

1967 5244 2186 5314 Egulfus
2225 5248 2282 5297 et
2323 5237 2626 5294 Arnoaldus
2671 5233 2814 5287 malo
2844 5230 3032 5287 ordine
3081 5234 3135 5280 et
3182 5227 3469 5279 tenuerunt
3496 5229 3552 5273 et

1966 5345 2332 5402 vastaverunt,
2383 5337 2511 5391 licet
2552 5333 2672 5402 plus
2713 5328 2824 5398 jam
2865 5323 3021 5380 nobis
3068 5316 3264 5375 exinde
3292 5315 3409 5385 pius
3452 5328 3549 5368 rex

1965 5433 2204 5496 dederat,
2259 5425 2356 5484 sed
2407 5419 2922 5496 pcrinjunctionem
2969 5423 3118 5467 suam
3166 5408 3271 5462 hoc
3297 5404 3551 5461 Ecclesiae

1966 5523 2199 5578 Metticze
2242 5521 2294 5575 in
2341 5518 2618 5572 honorem.
2654 5507 2839 5565 domni
2887 5499 3147 5572 Stephani
3192 5496 3452 5560 relaxavi,
3495 5506 3552 5552 et

1965 5616 2144 5670 villam
2195 5614 2350 5668 istam
2423 5619 2546 5664 cum
2594 5603 2794 5658 domno
2849 5603 2906 5650 et
2961 5592 3109 5648 iratri
3153 5605 3276 5646 meo
3326 5586 3550 5643 Arnulfo

1967 5711 2219 5780 episcopo
2246 5703 2431 5775 petivi,
2465 5707 2521 5754 ut
2547 5695 2666 5751 illas
2693 5688 2850 5745 villas
2881 5686 3241 5780 quaeluerunt
3281 5680 3468 5780 Egulfo
3497 5686 3550 5732 et

1967 5772 2383 5864 A'rnoaldo'ipso
2425 5786 2662 5858 recepit;
2710 5790 2810 5838 nos
2847 5776 2970 5836 villa
2996 5777 3304 5838 V’oerionno
3346 5772 3397 5826 in
3430 5783 3539 5840 pen.
