4030 6318
496 313 599 367 405

1278 306 1520 364 SANC'I‘I
1562 298 2078 359 BERTICIIllAllNI
2115 294 2637 354 CENOMANENSlS
2678 296 2979 356 EPISCOPI

3674 298 3773 354 ιω

494 436 658 500 petuo
687 433 875 482 tenere
920 425 1260 489 deberemus,
1286 431 1342 478 et
1376 420 1521 490 quod
1549 418 1742 474 exinde
1781 416 1960 472 facere
1985 431 2078 470 vo-
2105 414 2157 472 Α
2182 428 2302 467 suo.
2338 412 2563 468 Kairaco
2608 427 2738 469 vero
2778 412 2927 481 villa,
2956 424 3116 481 quam
3143 410 3213 467 de
3257 408 3513 467 Comerio
3542 411 3776 470 Diaeono
3802 406 3813 419 “

492 517 782 585 lebamus,
850 516 1073 571 liberum
1127 514 1406 569 arbitrium
1471 511 1810 568 haberemus.
1876 508 2080 562 Idcirco

494 612 608 681 ipsa
640 611 764 664 villa
797 619 907 663 tam
950 623 1047 678 pro
1085 604 1387 660 mercedem
1429 601 1613 657 domui
1653 601 1793 670 regis
1835 614 1996 669 quam
2025 607 2082 653 et

494 719 594 772 pro
643 712 860 767 nostra,
921 700 1044 768 quia
1102 696 1346 751 vineolas
1402 709 1592 763 parum
1648 692 1813 748 habet
1861 691 2080 746 basilica

492 797 666 850 sancti
697 794 839 849 Petri
862 802 917 849 et
947 791 1116 855 Pauli,
1150 790 1277 844 hinc
1307 790 1359 842 in
1390 788 1511 842 loco
1542 788 1648 842 isto
1678 786 1798 841 ideo
1820 786 1933 855 ipsa
1957 785 2080 839 villa

493 903 615 941 cum
645 887 791 942 omni
812 887 932 954 jure
969 898 1069 937 suo
1096 890 1151 936 et
1181 881 1514 948 adjacentias
1540 877 1608 932 ad
1638 893 1697 933 se
1725 878 2077 947 pertinentes,

494 987 666 1033 totum
697 987 753 1031 et
782 976 847 1030 ad
878 976 1164 1044 integrum,
1193 981 1247 1028 te
1276 980 1459 1027 sancta
1481 971 1700 1025 basilica
1730 968 1912 1024 domui
1936 967 2080 1022 Petri

492 1078 545 1123 et
578 1067 747 1132 Pauli,
774 1065 868 1120 ubi
904 1063 1282 1133 corpusculum
1326 1076 1503 1116 meum
1550 1059 1800 1115 desidero
1828 1057 2077 1127 sepelire,

494 1161 544 1215 in
573 1168 833 1232 perpetuo
855 1160 978 1214 volo
999 1174 1119 1214 esse
1139 1157 1418 1212 donatum.
1440 1155 1579 1210 Villa
1603 1170 1732 1209 vero
1754 1153 2078 1222 Nociogilos,

496 1270 607 1324 quae
635 1262 719 1309 est
746 1254 799 1307 in
828 1252 1115 1307 terraturio
1160 1250 1394 1305 Pectavo
1415 1264 1578 1318 super
1598 1248 1809 1303 alveum
1855 1243 2077 1312 Ligeris,

492 1360 648 1415 quem
679 1344 807 1400 inibi
833 1342 998 1398 Beato
1019 1357 1188 1411 nepus
1206 1341 1476 1411 quondam
1502 1339 1720 1393 Babone
1745 1338 1882 1391 lilius
1903 1335 2081 1391 Theu-

488 1436 668 1500 daldo,
718 1435 786 1491 de
823 1443 1128 1488 maternum
1175 1446 1351 1496 suum,
1404 1444 1501 1500 per
1529 1427 1837 1483 donationis
1866 1425 2080 1480 titulum

490 1526 766 1591 condedit,
785 1534 840 1580 te
860 1532 1203 1580 sacrosancta
1226 1522 1446 1577 basilica
1467 1520 1647 1577 domui
1663 1518 1806 1574 Petri
1828 1527 1884 1573 et
1903 1515 2079 1585 Pauli,

491 1629 611 1690 post
643 1620 848 1674 obitum
881 1632 1060 1672 meum
1098 1616 1297 1671 habere
1320 1615 1508 1684 jubeo.

559 1711 637 1766 De
676 1709 935 1778 Marogilo
964 1706 1116 1762 villas
1164 1706 1444 1761 Rullniaco
1490 1711 1545 1759 et
1581 1702 1843 1771 Marigilo,
1893 1701 1986 1770 qui
2014 1700 2083 1756 de

487 1802 703 1855 actione
724 1799 1014 1854 Nuncianaa
1033 1798 1100 1852 ad
1118 1813 1204 1852 me
1233 1801 1619 1866 pervenerunt,
1648 1808 1746 1863 per
1772 1807 1861 1847 res
1880 1800 2081 1847 saneta:
2113 1773 2159 1833 Β

487 1891 745 1947 Ecclesize
769 1891 913 1959 quod
943 1889 1166 1943 multum
1197 1887 1515 1950 devastavit,
1545 1893 1600 1939 et
1640 1884 1794 1940 nobis
1818 1882 2086 1953 gloriosus

486 1985 719 2038 domnus
762 1980 1032 2036 Clotarius
1072 1994 1167 2034 rex
1199 1989 1321 2049 post
1348 1978 1555 2032 obitum
1587 1977 1756 2046 ipsius
1793 1974 2084 2029 Nunciauie

488 2073 779 2138 concessit,
798 2080 871 2137 te,
899 2078 1245 2127 sacrosancta
1268 2067 1532 2134 Ecclesia,
1562 2067 1720 2121 lieres
1739 2080 1859 2119 mea
1884 2063 2084 2118 habere

487 2166 674 2235 jubeo.
728 2164 946 2218 Locello
993 2162 1085 2231 qui
1134 2161 1436 2231 appellatur
1485 2158 1771 2223 Lucianus,
1828 2154 2082 2225 quicquid

492 2253 623 2307 inibi
650 2251 811 2306 debet
838 2249 1094 2320 Hisigilo;
1123 2248 1322 2304 reicula
1349 2248 1460 2316 illa,
1489 2264 1609 2316 qua:
1636 2258 1716 2301 est
1745 2260 1906 2315 super
1935 2244 2080 2299 Ledo

492 2343 737 2408 ﬂuvium,
790 2343 1010 2396 nomine
1041 2340 1333 2403 Bauciallo,
1366 2354 1525 2409 quem
1573 2353 1675 2408 ego
1710 2338 1778 2392 de
1806 2336 2085 2404 Bestinge-

490 2435 609 2491 selo
656 2436 723 2489 de
773 2433 1171 2488 Viudociuensc
1200 2438 1254 2485 et
1284 2430 1511 2499 conjuge
1537 2429 1623 2484 vel
1662 2429 1913 2483 liliastros
1953 2442 2084 2482 suos

485 2526 838 2597 comparavi,
895 2523 1127 2579 basilicae
1182 2522 1357 2577 sancti
1412 2520 1616 2576 Victuri
1677 2518 2081 2575 Cenomannica

485 2618 706 2672 civitate
720 2632 844 2671 cum
867 2614 1147 2685 mancipiis
1166 2626 1223 2669 et
1242 2612 1388 2668 omni
1421 2627 1479 2668 re
1500 2610 1647 2679 quod
1670 2610 1799 2665 inibi
1827 2610 2082 2665 meliora-

484 2720 600 2764 tum
626 2718 729 2775 est,
754 2709 880 2764 volo
908 2722 1029 2763 esse
1065 2706 1343 2761 donatum.
1370 2703 1508 2759 Villa
1535 2702 1751 2760 nomine
1793 2700 2082 2767 Tauriaco,

484 2799 794 2870 portionem
844 2798 990 2852 illam
1039 2810 1200 2864 quem
1248 2793 1453 2849 Nuncia
1498 2792 1627 2846 inibi
1660 2790 1853 2855 tenuit,
1885 2797 1941 2843 et
1982 2803 2083 2843 nos

484 2890 651 2945 modo
678 2905 776 2960 per
795 2887 1211 2958 praeceptionem
1234 2885 1416 2941 domui
1447 2883 1636 2948 nostri,
1661 2882 1798 2937 sicut
1821 2879 2083 2948 Marogilo

491 2991 548 3037 et
600 2979 877 3035 Ruﬁniaco
920 2987 1190 3045 tenemus,
1243 2985 1298 3030 et
1343 2976 1459 3046 ipsa
1502 2973 1624 3028 villa
1665 2971 1931 3026 Tauriaco
1972 2978 2082 3023 tam

485 3072 737 3141 portione
766 3069 856 3124 illa
900 3068 1190 3123 Nunciaue
1229 3067 1320 3137 qui
1362 3066 1479 3133 fuit,
1513 3073 1569 3120 et
1609 3064 1771 3119 modo
1802 3063 1868 3119 ad
1898 3073 2082 3119 nostra

487 3140 776 3216 traditione
808 3158 1089 3229 pervenit;
1119 3171 1281 3225 quam
1312 3166 1369 3212 et
1397 3155 1703 3225 portionem
1726 3153 1892 3219 illam,
1916 3168 2078 3222 quam
2110 3140 2153 3201 C

488 3252 819 3307 Audericum
847 3259 903 3306 et
948 3250 1132 3320 nepoti
1158 3250 1260 3316 sui,
1288 3248 1430 3303 lilius
1457 3260 1724 3318 germana:
1749 3261 1850 3302 suo
1879 3254 1935 3301 et
1961 3259 2083 3315 ger-

488 3362 661 3402 mana:
698 3362 812 3402 sua:
840 3346 996 3402 nobis
1016 3323 1395 3409 vendiderunt,
1424 3354 1480 3398 et
1508 3343 1683 3413 ipsum
1710 3341 1925 3397 insimul
1951 3356 2085 3396 con-

485 3439 781 3510 iunximus,
801 3450 854 3493 te
881 3446 1229 3495 sacrosancta
1258 3436 1692 3501 Eeclesia,heres
1715 3449 1856 3500 mea,
1884 3433 2085 3488 habere

485 3531 676 3600 jubeo.
732 3530 955 3585 Locello
1005 3544 1126 3598 qua:
1174 3523 1475 3597 appellatur
1514 3525 1799 3592 Luciacus,
1828 3524 2083 3594 quicquid

490 3626 622 3680 inibi
653 3624 724 3680 de
751 3622 1134 3691 Berthigisillo,
1163 3622 1246 3676 vel
1272 3620 1500 3689 conjuge
1528 3635 1622 3674 sua
1651 3627 1707 3673 et
1747 3618 1869 3674 filiis
1895 3632 2083 3672 eorum

487 3716 820 3788 comparavi,
863 3725 921 3771 et
972 3714 1039 3769 ad
1095 3728 1330 3785 prmsens
1380 3711 1658 3782 possidere
1703 3709 1910 3771 videor,
1960 3725 2082 3764 cum

487 3811 743 3881 quicquid
769 3810 897 3865 inibi
920 3808 1164 3877 adjunxi,
1188 3814 1282 3860 aut
1306 3805 1484 3860 adhuc
1512 3803 1805 3873 adiungere
1834 3811 2083 3873 potuero,

488 3903 721 3958 basilicae
763 3902 935 3956 sancti
984 3899 1131 3955 Petri
1176 3908 1233 3954 et
1281 3896 1433 3952 Pauli
1482 3895 1679 3951 herede
1724 3910 1859 3951 mea:
1893 3893 2084 3963 delego

488 3994 894 4062 possidendum.
919 3994 1086 4050 Villas
1103 4009 1235 4049 vero
1256 3994 1387 4049 sitas
1409 3993 1461 4047 in
1493 3992 1782 4047 terraturio
1813 3990 2081 4055 Dunense,

489 4086 598 4142 hoc
637 4094 723 4141 est
768 4086 893 4140 villa
942 4084 1252 4151 Pannonio,
1284 4101 1445 4155 quem
1494 4084 1560 4140 de
1609 4084 1844 4139 .lohanni
1888 4083 2084 4138 abbate

490 4180 619 4235 dato
662 4180 883 4252 pretio,
931 4179 1036 4233 hoc
1091 4186 1176 4233 est
1222 4177 1411 4233 solidis
1461 4184 1681 4233 centum
1729 4174 2085 4244 quadraginta

491 4276 826 4348 comparavi,
857 4283 915 4331 et
959 4274 1141 4328 villam
1190 4272 1486 4338 Marcirias,
1515 4286 1678 4341 quem
1720 4270 1789 4325 de
1819 4268 2085 4333 Belhoue,

492 4369 604 4425 ﬁlio
635 4368 889 4425 Baddoue
916 4365 1190 4437 quondam
1239 4363 1488 4419 similiter
1516 4362 1663 4417 visus
1706 4376 1822 4416 sum
1862 4373 2085 4429 compa-

489 4473 675 4523 rasse;
726 4459 870 4528 ipsas
918 4455 1175 4521 reieolas,
1210 4461 1267 4508 tu
1324 4451 1663 4508 dulcissimus
1717 4465 1888 4522 nepos
1931 4463 2085 4503 meus

492 4549 836 4621 Sigechelmi,
880 4557 1004 4619 post
1032 4562 1209 4603 meum
1242 4546 1447 4602 obitum
1472 4545 1730 4616 recipias;
1761 4547 1840 4601 sic
1865 4558 2085 4613 quoque

494 4652 554 4697 ut
583 4650 707 4713 post
744 4649 894 4697 tuum
942 4640 1173 4696 obedum
1221 4638 1313 4694 lilii
1347 4640 1421 4693 tui
1471 4640 1612 4694 inter
1661 4653 1723 4695 se
1764 4636 2084 4708 mqualeutia

495 4732 755 4787 dividant.

564 4842 813 4899 Reicolas
860 4845 979 4901 illas
1006 4861 1141 4916 quas
1169 4852 1367 4902 sanctze
1396 4845 1649 4901 Ecclesia»
1675 4844 1901 4900 Suadria
1928 4858 2086 4899 soror

493 4933 763 4992 Theoderi
808 4938 1078 5005 quondam
1118 4938 1359 5008 episcopi
1390 4953 1488 5008 per
1515 4952 1670 4993 suum
1702 4944 2081 4991 testamentum

492 5027 659 5093 dedit,
711 5028 817 5084 hoc
864 5036 948 5083 est
994 5028 1282 5085 Luciuiaco
1330 5037 1385 5083 et
1420 5029 1620 5094 Monte,
1652 5038 1706 5083 et
1733 5037 1921 5097 postea
1961 5043 2083 5083 meo

492 5133 660 5189 opere
689 5120 831 5190 ipsas
861 5120 1147 5175 vindicavi.
1196 5120 1333 5175 Villa
1380 5134 1541 5189 quam
1590 5120 1658 5174 de
1705 5118 1947 5185 Dudoue,
1989 5134 2084 5174 ne-

492 5210 607 5269 poti
638 5210 886 5265 Romouo
932 5225 1097 5280 super
1135 5210 1325 5280 Ligere
1352 5210 1679 5277 comgaravi,
1712 5209 1818 5265 hoc
1843 5219 1927 5264 est
1955 5209 2082 5265 dato

493 5303 699 5359 solidos
727 5312 966 5368 centum,
997 5304 1166 5372 ipsam
1199 5317 1336 5369 rem,
1379 5299 1632 5369 quicquid
1676 5299 1805 5354 inibi
1831 5300 1899 5355 ad
1943 5315 2083 5369 pra:-

493 5407 620 5450 s'ens
641 5394 842 5449 habere
863 5394 1067 5460 videor,
1096 5410 1220 5450 cum
1242 5392 1508 5456 domibus,
1531 5391 1720 5455 vineis,
1740 5393 1914 5457 terris,
1933 5407 2085 5445 man-

494 5486 650 5554 cipiis
677 5492 733 5540 et
773 5485 919 5540 omni
948 5486 1196 5555 portione
1224 5485 1337 5548 illa,
1367 5492 1440 5550 te,
1469 5493 1810 5539 sacrosancta
1842 5481 2083 5538 Ecclesia

498 5588 657 5631 neres
685 5590 824 5641 mea,
856 5576 1056 5631 habere
1080 5575 1265 5645 jubeo.
1295 5574 1553 5630 Similiter
1586 5574 1711 5629 villa
1731 5574 1888 5638 Brea,
1920 5588 2081 5643 quam

502 5666 630 5721 mihi
674 5665 1055 5722 Theudoaldus
1100 5666 1359 5732 vendidit,
1398 5673 1455 5722 et
1497 5668 1667 5738 ipsam
1705 5666 1773 5722 ad
1804 5675 1948 5723 tuam
1993 5679 2083 5721 re-

505 5776 662 5821 voces
709 5762 987 5829 ditionem,
1020 5778 1141 5820 eum
1173 5765 1359 5833 vineis,
1392 5766 1668 5839 mancipiis
1706 5774 1762 5823 et
1791 5766 1935 5827 omni
1963 5765 2086 5838 jure

2185 506 2341 561 datos
2369 506 2470 561 sol.
2521 521 2617 560 cce
2663 505 2993 575 comparavi,
3040 513 3097 559 et
3138 519 3280 558 nunc
3324 504 3379 558 in
3428 502 3634 559 ditione
3661 520 3777 560 mea

2185 599 2239 654 in
2290 599 2383 654 Dei
2434 599 2654 654 nomine
2698 613 2820 654 esse
2855 596 3190 664 dinoscetur,
3224 606 3299 663 te,
3343 605 3529 652 sancta
3562 596 3777 652 basilica

2184 690 2366 745 domui
2416 689 2561 745 Petri
2599 699 2657 746 et
2699 690 2873 753 Pauli,
2903 704 3064 759 quam
3095 688 3349 744 heredem
3398 704 3521 743 cum
3552 687 3777 743 ecclesia

2184 783 2513 852 nuncupavi,
2535 782 2734 836 habere
2756 782 3011 846 decerno,
3029 795 3151 835 cum
3173 779 3445 842 domibus,
3473 780 3777 849 mancipiis,

2183 874 2374 939 vineis,
2406 875 2598 943 pratis,
2629 873 2778 928 silvis
2807 888 2929 927 cum
2953 873 3098 927 omni
3125 872 3250 941 jure
3279 887 3413 937 suo;
3446 881 3504 926 et
3530 872 3577 926 si
3608 872 3782 928 adhuc

2184 967 2314 1021 inibi
2341 966 2543 1035 aliquid
2564 965 2851 1020 uieliorare
2873 972 3121 1033 potuero,
3153 972 3323 1017 totum
3347 972 3404 1018 et
3424 962 3491 1016 ad
3513 962 3781 1031 integrum

2183 1059 2249 1110 ειςῑ
2282 1065 2426 1110 tuam
2473 1070 2697 1111 revoces
2743 1061 3086 1124 potestatem.
3138 1052 3276 1106 Villa
3323 1051 3579 1115 Sitriaco,
3618 1064 3781 1119 quem

2182 1147 2311 1203 dato
2340 1147 2516 1217 pretio
2544 1147 2614 1202 de
2642 1145 2910 1213 [.eugadie
2937 1144 3269 1213 comparavi,
3300 1157 3422 1198 cum
3446 1142 3557 1196 alio
3589 1140 3785 1197 locello

2184 1238 2277 1307 qui
2318 1245 2662 1308 nuncupatur
2713 1235 3011 1296 Blaciacos.
3058 1248 3179 1289 cum
3228 1233 3601 1303 adjaceutibus
3626 1232 3697 1286 ad
3725 1247 3786 1287 se

2183 1332 2597 1403 pertinentibus,
2647 1329 2932 1392 domibus,
2986 1328 3304 1396 mancipiis,
3355 1328 3550 1393 vineis,
3602 1327 3781 1389 terris,

2185 1423 2372 1493 pratis,
2422 1423 2591 1486 silvis,
2622 1421 2709 1476 vel
2740 1420 2885 1475 omni
2912 1418 3036 1488 jure
3077 1435 3288 1486 earum,
3318 1428 3393 1486 te,
3431 1428 3783 1474 sacrosancta

2186 1514 2427 1570 Ecclesia
2456 1514 2881 1579 Ceuomaunica,
2914 1511 3170 1569 heredem
3198 1527 3376 1568 meam
3408 1511 3612 1567 habere
3640 1526 3785 1583 pra:-

2184 1607 2343 1678 cipio.

2258 1721 2393 1776 Villa
2424 1721 2709 1777 Cresciaco
2735 1730 2790 1777 et
2818 1721 3003 1787 Vallis,
3050 1722 3189 1777 sicut
3226 1737 3325 1792 per
3349 1722 3609 1791 epistolas
3637 1716 3786 1776 inter

2185 1829 2273 1868 me
2295 1822 2350 1867 et
2392 1814 2591 1868 domno
2638 1814 2864 1871 Arnulfo
2902 1818 3161 1887 episcopo
3208 1817 3487 1873 Mettensis
3525 1817 3813 1889 Ecclesiae.

2186 1904 2459 1970 convenit,
2510 1906 2563 1959 in
2611 1908 2820 1961 honore
2849 1907 3030 1962 domui
3079 1907 3337 1979 Stephani
3370 1907 3623 1963 Ecclesia:
3650 1925 3785 1975 suae,

2184 1998 2324 2051 sicut
2343 1997 2454 2065 jam
2486 2012 2584 2066 per
2614 1999 2901 2068 epistolam
2936 2010 3171 2055 nostram
3216 2002 3365 2071 prius
3392 2001 3631 2062 decrevi.
3662 2012 3789 2071 post

2184 2103 2366 2143 meum
2396 2088 2626 2155 obitum,
2657 2089 2771 2158 ipsa
2810 2099 2996 2144 sancta
3028 2089 3261 2145 Ecclesia
3290 2091 3347 2145 in
3372 2091 3583 2146 honore
3608 2093 3786 2147 sancti

2184 2178 2441 2250 Stephani
2471 2178 2540 2234 ad
2565 2194 2717 2235 suam
2741 2189 2965 2236 revocet
2986 2181 3267 2246 ditionem,
3291 2190 3347 2237 et
3375 2197 3571 2237 nomen
3601 2197 3785 2237 meum

2185 2269 2238 2324 in
2267 2269 2407 2324 libro
2434 2269 2557 2324 vita:
2587 2270 2755 2335 inibi,‘
2789 2272 2880 2340 qui
2909 2279 3035 2326 tunc
3059 2282 3301 2342 tempore
3329 2273 3574 2342 pontifex
3599 2273 3783 2334 fuerit,

2184 2364 2347 2419 scribi
2366 2363 2573 2432 jubeat.
2603 2361 2737 2417 Tres
2766 2373 2949 2433 partes
2972 2363 3255 2430 colonicae,
3283 2378 3443 2432 quem
3473 2362 3544 2417 de
3574 2364 3789 2418 ratione

2187 2455 2458 2524 Arngaldo
2487 2455 2802 2522 habuimus,
2834 2454 3005 2524 ipsam
3035 2454 3308 2509 basilicam
3336 2454 3521 2508 domui
3552 2453 3702 2509 Petri
3734 2463 3789 2510 et

2184 2548 2471 2618 peculiaris
2484 2547 2696 2617 patroni
2727 2547 2896 2601 nostri
2922 2545 3158 2600 Medardi
3181 2546 3421 2615 episcopi
3446 2555 3573 2616 post
3599 2562 3787 2600 meum

2185 2641 2392 2697 obitum
2423 2638 2624 2693 habere
2667 2637 2854 2706 jubeo.
2905 2636 3043 2691 Villa
3074 2635 3425 2704 Montiuiaco,
3471 2653 3631 2708 quam
3688 2637 3793 2691 Gi-

2185 2727 2410 2784 bualdus
2449 2725 2721 2797 quondam
2769 2727 3054 2795 episcopus
3102 2725 3319 2795 tenuit,
3366 2735 3422 2781 et
3472 2734 3661 2797 postea
3715 2727 3789 2781 ad

2186 2826 2426 2874 nostram
2456 2817 2715 2872 ditionem
2755 2817 2922 2882 venit,
2977 2816 3091 2887 ipsa
3146 2833 3272 2872 cum
3321 2818 3468 2872 omni
3511 2818 3629 2886 jure
3683 2834 3793 2873 suo

2185 2918 2373 2965 sancta
2424 2909 2668 2965 Ecclesia
2712 2909 2850 2979 juris
2893 2910 2974 2964 sui
3024 2924 3144 2965 esse
3193 2925 3337 2966 nunc
3384 2910 3572 2979 delego
3612 2918 3795 2980 atque

2185 3003 2438 3058 decerno.
2471 3001 2636 3057 Villas
2662 3017 2792 3057 vero
2820 3001 2954 3056 sitas
2998 3001 3051 3055 in
3095 3000 3419 3072 Burgundia,
3463 3016 3592 3071 quas
3618 3002 3795 3055 nobis

2188 3093 2453 3164 gloriosus
2503 3093 2736 3148 domnus
2785 3101 2971 3148 uoster
3022 3091 3330 3148 Clotharius
3387 3107 3481 3147 rex
3541 3103 3595 3147 et
3650 3092 3796 3146 viris

2190 3185 2373 3240 inlust.
2402 3183 2656 3240 Bradone
2683 3192 2741 3239 et
2765 3183 3119 3240 Waruehavio
3146 3184 3361 3254 Majoris
3386 3184 3575 3239 domus
3598 3184 3793 3252 dedit,

2187 3258 2293 3345 qui
2330 3276 2544 3331 fuerunt
2584 3274 2937 3347 Leudegiselo
2983 3277 3279 3345 quondam,
3325 3278 3535 3332 tertiam
3566 3278 3796 3347 portio-

2187 3383 2346 3434 nem,
2396 3382 2557 3437 quam
2608 3368 2737 3422 mihi
2787 3383 2855 3421 ex
2905 3368 3048 3437 ipsas
3093 3368 3249 3423 villas
3302 3368 3536 3437 legitimo
3583 3368 3797 3425 ordine

2185 3477 2306 3517 cum
2337 3460 2467 3531 ipsis
2500 3460 2632 3515 viris
2677 3460 2976 3516 illustribus
3020 3460 3264 3525 debetur,
3294 3476 3393 3516 vos
3429 3472 3795 3518 sacrosancta

2185 3552 2426 3607 Ecclesia
2480 3552 2883 3608 Cenomaunica
2937 3562 2992 3608 et
3045 3554 3266 3608 basilica
3318 3554 3489 3610 sancti
3531 3552 3679 3609 Petri
3736 3567 3797 3610 et

2186 3642 2339 3698 Pauli
2387 3643 2616 3700 heredes
2660 3659 2810 3699 meas
2857 3642 3180 3713 arqualentia
3225 3660 3350 3700 cum
3400 3646 3525 3715 ipsis
3571 3646 3799 3703 habere

2186 3736 2333 3792 nolo.
2363 3734 2431 3790 Et
2460 3736 2613 3791 villas
2644 3737 2695 3791 in
2719 3735 3040 3800 Provencia’,
3070 3750 3206 3806 quas
3229 3736 3342 3806 ipse
3367 3737 3485 3807 pius
3509 3752 3600 3792 rex
3626 3737 3797 3795 inter

2186 3842 2274 3883 me
2300 3835 2357 3881 et
2383 3827 2534 3882 viros
2562 3827 2787 3883 illustris
2809 3825 3153 3882 Gondolaido
3184 3835 3239 3882 et
3261 3827 3449 3896 Cbugo
3470 3828 3537 3882 de
3560 3828 3799 3886 ratione

2186 3918 2491 3973 Aureliana:
2530 3917 2700 3984 dedit,
2731 3925 2991 3989 quantum
3019 3916 3216 3973 exinde
3249 3933 3347 3988 per
3369 3918 3623 3987 justitiam
3660 3920 3798 3975 viu-

2185 4008 2365 4064 dicare
2394 4023 2697 4079 possemus,
2730 4009 2937 4077 absque
2989 4018 3271 4079 peccatum
3315 4018 3577 4072 nostrum,
3609 4009 3664 4064 id
3702 4021 3801 4068 est

2185 4099 2255 4155 de
2283 4100 2425 4169 ipsas
2475 4099 2628 4155 villas
2657 4099 2960 4169 portionem
3000 4116 3200 4166 meam,
3230 4116 3326 4155 vos
3374 4102 3597 4155 heredes
3623 4117 3797 4158 meas

2185 4205 2306 4246 cum
2336 4191 2464 4260 ipsis
2491 4190 2712 4247 illustris
2750 4190 2882 4246 viris
2916 4190 2984 4245 ad
3028 4200 3261 4247 vestram
3290 4193 3555 4248 revOCetis
3591 4201 3797 4262 potes-

2189 4293 2374 4341 tatem.
2407 4284 2546 4341 Villa
2575 4300 2707 4341 vero
2732 4297 2855 4355 qua:
2893 4285 2962 4341 de
2982 4286 3193 4341 ratione
3236 4284 3544 4351 Nunciaum,
3574 4294 3689 4340 tam
3736 4289 3797 4344 in

2188 4373 2453 4445 Pectavo,
2482 4390 2645 4445 quam
2690 4386 2747 4431 ct
2790 4375 2843 4430 in
2874 4374 3202 4441 Erbaticola,
3230 4391 3390 4445 quam
3420 4385 3476 4431 et
3501 4376 3618 4429 illas
3641 4376 3798 4433 alias

2115 4500 2165 4562 Β
2189 4466 2343 4523 villas
2364 4481 2500 4536 quas
2528 4482 2649 4524 cum
2675 4465 2914 4523 Ghisone
2935 4468 3197 4537 compatri
3221 4482 3342 4521 meo
3370 4467 3421 4521 in
3450 4465 3795 4536 Cadurcino,

2191 4558 2659 4629 Limodicino,aut
2684 4559 3006 4629 ubicumque
3029 4559 3080 4612 in
3108 4556 3265 4613 Gutia
3290 4561 3470 4629 portio
3493 4558 3798 4616 Nunciana:

2187 4651 2344 4707 nobis
2391 4651 2587 4707 exinde
2639 4651 2879 4719 legitime
2936 4649 3320 4714 reddebantur,
3371 4660 3423 4704 te
3471 4648 3798 4707 dulcissime

2185 4749 2466 4813 compater
2492 4756 2644 4797 meus
2669 4740 2837 4797 Ghiso
2878 4757 2975 4813 pro
3021 4742 3221 4797 amoris
3249 4741 3499 4799 allectum
3540 4752 3596 4797 et
3622 4759 3797 4799 com-

2186 4841 2434 4901 paratum
2466 4847 2571 4887 una
2618 4848 2742 4888 cum
2774 4833 2959 4904 nepoti
2994 4841 3178 4889 vestro
3206 4842 3261 4889 et
3290 4842 3476 4889 nostro
3506 4833 3797 4906 Thoringo

2184 4925 2465 4992 :cqualiter
2506 4924 2851 4980 dividendum
2898 4925 3098 4980 habere
3135 4925 3409 4996 prazcipio.
3451 4925 3620 4981 Villas
3646 4941 3797 4982 vero

2186 5031 2319 5085 quas
2344 5016 2471 5072 dato
2501 5017 2677 5087 pretio
2727 5016 2796 5072 de
2838 5017 3135 5073 Dracoaldo
3165 5018 3422 5088 episcopo
3453 5018 3796 5092 [Ausciensi]

2184 5110 2518 5180 comparavi,
2562 5117 2618 5165 et
2649 5111 2701 5165 ia
2740 5111 2915 5166 civem
2968 5109 3054 5183 [_L.
3089 5108 3388 5181 civitatem]
3437 5110 3628 5180 ipsam,
3694 5112 3793 5166 ubi

2185 5207 2470 5277 praedictus
2498 5206 2739 5277 pontifex
2771 5204 3129 5272 fuitoccisus,
3169 5219 3291 5260 esse
3321 5215 3636 5270 noscuntur,
3655 5204 3789 5269 tibi,

2183 5300 2491 5356 dulcissime
2543 5316 2713 5371 nepos
2759 5316 2910 5356 meus
2959 5300 3302 5369 Sigechelmi,
3337 5316 3444 5353 una
3481 5316 3602 5355 cum
3653 5302 3793 5357 tiiiis

2187 5392 2293 5446 tuis
2323 5393 2578 5463 prmcipio
2608 5392 3011 5462 possidendum.
3044 5391 3411 5447 Fidelissimus
3441 5408 3594 5447 meus
3619 5390 3791 5445 War-

2185 5486 2409 5542 nehario
2453 5495 2509 5542 et
2537 5486 2802 5543 \Valcone
2850 5486 2959 5541 lilio
2990 5484 3322 5542 Tedemondi
3362 5487 3654 5554 quondam,
3684 5486 3790 5553 qui

2185 5581 2315 5635 mihi
2346 5578 2574 5635 ﬁdel.ter
2601 5580 2669 5634 ab
2699 5578 3063 5634 adolescentia
3092 5593 3280 5633 eorum
3315 5579 3399 5633 vel
3442 5586 3644 5633 saneta:
3674 5575 3790 5631 Ec-

2185 5669 2362 5727 clesize
2407 5685 2530 5725 cum
2559 5670 2765 5736 integra
2796 5667 2919 5734 ﬁde,
2965 5667 3111 5737 quod
3150 5666 3404 5723 omnibus
3442 5665 3789 5735 incognitum

2187 5777 2295 5819 non
2315 5768 2416 5832 est,
2451 5760 2753 5818 deservisse
2780 5767 3094 5827 noscuntur,
3126 5757 3387 5831 quidquid
3414 5758 3571 5817 eisin
3597 5758 3785 5829 terris,
