4030 6318
176 310 277 368 «105

176 422 475 494 mancipiis,
528 419 699 476 vineis
747 418 887 484 dedi,
923 427 1015 473 aut
1065 418 1182 487 ipso
1212 430 1333 471 meo
1379 422 1624 484 tempore
1654 415 1753 468 visi
1782 420 1829 478 Α

177 525 301 574 sunt
341 514 659 584 adquisisse,
687 520 859 566 totum
888 520 943 565 et
976 510 1042 565 ad
1073 509 1339 578 integrum
1370 508 1449 563 eis
1469 507 1595 562 volo
1636 521 1756 562 esse

171 622 506 672 concessum,
534 612 589 660 et
611 604 700 658 ﬁlii
731 611 785 658 et
808 602 928 656 ﬁliae
957 618 1165 664 eorum,
1188 616 1350 670 quam
1380 600 1471 654 diu
1501 599 1755 665 vixerint,

174 699 499 771 possideant,
519 706 574 753 et
594 696 775 752 nullus
798 711 869 751 er.
890 695 967 751 eis
995 694 1190 750 exinde
1211 693 1343 748 nihil
1361 691 1572 748 auferat
1591 691 1757 763 jubeo

173 807 238 847 ac
262 792 519 847 decerno.

244 902 513 975 Quidquid
567 900 710 956 ﬁdeli
760 907 950 956 nostro
994 896 1250 954 Cliernlfo
1298 896 1570 967 quondam
1612 894 1760 951 dedi-

173 1009 295 1049 mus
339 992 426 1047 vel
458 990 581 1047 ﬁliis
606 991 743 1057 suis,
772 990 880 1045 hoc
930 989 997 1043 ad
1042 988 1309 1057 integrum
1356 987 1757 1043 conﬁrmamus.

174 1084 513 1149 ﬁdelissimo
542 1084 722 1138 amico
752 1096 875 1137 meo
904 1079 1214 1136 Chadeleno
1240 1079 1495 1149 quicquid
1520 1077 1570 1134 ei
1592 1078 1679 1133 hic
1707 1084 1762 1133 et

172 1178 228 1233 in
256 1174 668 1233 Cenomannico
712 1172 858 1239 dedi,
885 1172 1012 1227 volo
1056 1180 1115 1226 ut
1150 1172 1254 1226 hoc
1296 1170 1351 1224 in
1403 1176 1665 1240 perpetuo
1708 1175 1764 1223 et

174 1267 266 1325 ille
292 1276 347 1322 et
385 1267 479 1321 lilii
528 1265 610 1320 sui
656 1263 989 1334 possideant,
1028 1263 1155 1333 quia
1185 1261 1436 1318 omnibus
1467 1269 1653 1316 notum
1681 1268 1765 1316 est

173 1358 319 1429 quod
365 1357 593 1412 ﬁdeliter
622 1356 674 1410 in
712 1355 1027 1409 ministeriis
1054 1364 1254 1410 sancta:
1280 1353 1522 1410 ecclesia:
1548 1362 1603 1408 et
1623 1352 1765 1422 jugi-

174 1458 259 1506 ter
287 1447 610 1512 deservivit,
662 1453 718 1502 et
746 1454 992 1515 tempore
1020 1446 1141 1500 vita:
1168 1459 1282 1499 sua:
1308 1442 1485 1500 facere
1506 1444 1762 1514 disponit,

173 1548 228 1595 et
252 1540 458 1609 justum
491 1545 594 1603 est,
627 1545 685 1591 ut
730 1536 985 1608 quicquid
1034 1537 1083 1591 ei
1134 1537 1203 1592 de
1226 1536 1349 1606 jure
1378 1535 1647 1603 Ecclesize,
1681 1538 1766 1591 vel

174 1648 293 1704 qua:
321 1647 443 1686 meo
470 1632 653 1686 labore
681 1630 747 1684 ad
770 1629 1061 1685 Ecclesiam
1086 1630 1364 1699 pervenit,
1383 1645 1598 1700 semper
1625 1629 1676 1684 in
1699 1643 1766 1684 eo

176 1725 564 1797 perpetualiter
610 1723 883 1793 perduret.
934 1721 1105 1776 Fideli
1156 1737 1280 1777 meo
1334 1721 1614 1785 Betoleno,
1656 1720 1766 1776 ﬁlio

173 1785 488 1873 hundeleno
519 1785 809 1884 quondam,
842 1813 1097 1884 quicquid
1142 1813 1389 1883 genitore
1416 1829 1514 1868 suo
1540 1812 1762 1878 dedere,
1798 1785 1841 1845 Β

174 1908 262 1963 vel
302 1908 445 1978 quod
482 1914 671 1977 postea
711 1904 830 1976 ipso
873 1905 1133 1961 Betoleno
1175 1920 1243 1960 ex
1288 1913 1473 1961 nostra
1520 1904 1781 1972 largitate

175 2008 262 2057 est
303 2015 642 2064 concessum,
698 1999 816 2069 ipso
854 1997 1117 2053 Betoleno
1147 2005 1202 2053 et
1246 1998 1476 2067 conjuge
1522 2012 1653 2063 suae,
1683 1997 1768 2052 vel

177 2092 301 2146 liliis
322 2106 510 2146 eormn
542 2090 594 2144 in
623 2097 886 2160 perpetuo
909 2088 1034 2144 volo
1061 2103 1183 2145 esse
1206 2088 1462 2144 donatum
1489 2105 1502 2142 :
1532 2089 1610 2143 sic
1630 2102 1773 2157 quo-

175 2203 284 2256 que
313 2198 370 2241 ut
399 2186 630 2258 genitrix
659 2200 753 2239 sua
780 2191 1049 2254 quotquot
1090 2184 1285 2239 exinde
1323 2184 1487 2239 habet
1514 2182 1642 2238 dum
1671 2181 1769 2236 ad-

176 2281 398 2347 vixerit,
440 2278 842 2334 usufructuario
871 2277 1159 2347 possideat.
1193 2275 1324 2331 Post
1354 2276 1559 2331 obitum
1600 2274 1777 2344 ipsius

176 2374 290 2442 jam
317 2372 495 2427 dictus
524 2370 816 2425 Betolenus
844 2378 917 2436 ,et
944 2369 1035 2424 lilii
1084 2369 1168 2425 sui
1196 2368 1250 2423 in
1298 2368 1563 2439 integrum
1592 2367 1772 2439 perci-

178 2464 353 2534 piant,
386 2471 443 2517 et
469 2477 682 2532 semper
711 2461 870 2517 amici
896 2459 1151 2517 Ecclesiae
1170 2461 1491 2532 persistant.

247 2574 385 2629 illud
414 2574 595 2640 itaque
621 2586 755 2641 rogo
779 2586 843 2627 ac
867 2571 1053 2641 jubeo,
1084 2579 1144 2626 ut
1166 2572 1591 2642 quanticumque
1610 2569 1772 2625 amici

179 2666 289 2721 mei
318 2664 405 2720 vel
434 2662 620 2719 lideles
647 2663 944 2718 servientes
970 2660 1203 2726 fuerint,
1217 2676 1435 2730 semper
1456 2661 1536 2717 eis
1565 2674 1774 2715 memor

180 2760 251 2814 sit
279 2757 543 2813 nutritura
572 2770 727 2824 mea,
747 2754 832 2811 vel
863 2753 1206 2810 benefactum
1234 2768 1436 2817 meum,
1466 2752 1611 2822 quod
1632 2751 1772 2807 circa

181 2850 303 2905 iﬁ'os
327 2846 640 2919 impendidi,
676 2854 734 2901 ut
761 2854 817 2902 et
860 2846 991 2917 ipsis
1019 2854 1142 2917 post
1179 2845 1391 2902 obitum
1435 2859 1612 2901 meum
1643 2859 1773 2900 cura

182 2941 285 3009 sit,
323 2947 382 2995 ut
424 2954 545 2995 cum
592 2938 708 2994 dies
752 2938 1284 2994 commemorationis
1333 2952 1469 2993 mea:
1509 2937 1771 3002 evenerit,

182 3045 402 3101 semper
427 3029 560 3086 inibi
605 3030 793 3085 adesse
835 3027 1110 3085 debeant:
1146 3040 1201 3085 et
1241 3030 1450 3085 Abbate
1497 3028 1607 3084 loci
1631 3028 1787 3084 illius.

183 3122 437 3177 solatium
467 3122 776 3193 prazbeant;
833 3130 887 3176 et
915 3120 1098 3178 dicant
1130 3139 1142 3175 :
1170 3120 1321 3177 Felix
1359 3131 1443 3177 est
1468 3120 1633 3177 homo
1663 3121 1774 3189 ille,
1804 3147 1848 3209 ρ

183 3212 278 3280 qui
307 3214 507 3268 amicos
533 3214 706 3268 bonos
731 3210 1004 3281 relinquit.
1037 3212 1298 3282 Pmcipio
1327 3212 1441 3277 tibi,
1471 3211 1780 3269 dulcissime

184 3318 357 3374 nepos
407 3318 559 3358 meus
589 3301 934 3373 Sigechelmi,
974 3310 1030 3357 et
1059 3302 1180 3357 ﬁliis
1210 3302 1313 3357 tuis
1347 3316 1481 3371 rgo
1507 3310 1564 3358 et
1590 3303 1779 3373 adjnro

186 3408 284 3465 per
311 3394 479 3449 Deum
505 3394 951 3465 omnipotentem,
983 3403 1041 3448 ut
1064 3392 1320 3463 quamdiu
1354 3408 1452 3448 vos
1490 3392 1543 3447 in
1581 3393 1779 3449 sarculo

186 3486 528 3557 supertitisse
556 3484 805 3547 voluerit,
835 3497 941 3537 una
987 3498 1111 3538 cum
1150 3482 1404 3552 conjuges
1444 3490 1649 3538 vestras
1694 3483 1781 3538 vel

185 3577 394 3632 sobolis
423 3576 635 3641 vestris,
682 3575 726 3629 si
774 3574 976 3629 sanitas
1014 3574 1341 3646 permiserit,
1386 3588 1599 3644 semper
1627 3575 1781 3629 annis

184 3669 414 3739 singulis
452 3669 534 3725 bis
561 3678 652 3723 aut
682 3678 765 3726 ter
790 3668 1121 3740 sepulturola
1150 3683 1267 3724 mea
1297 3668 1555 3734 visitetis;
1596 3675 1651 3722 et
1676 3667 1780 3724 hoc

187 3761 385 3831 adjuro
427 3760 635 3816 Abba‘e
683 3760 786 3816 loci
815 3760 977 3829 illius,
1004 3768 1065 3814 ut
1092 3760 1331 3815 totaliter
1350 3775 1447 3815 vos
1472 3759 1708 3826 reﬁciat,
1725 3766 1782 3814 et

188 3852 329 3906 lilios
359 3860 567 3907 vestros
607 3852 854 3917 honoret,
884 3850 1115 3920 qualiter
1141 3850 1417 3919 cognoscit
1461 3865 1549 3905 me
1595 3858 1780 3920 sancta

186 3942 247 3997 E-
267 3943 430 3999 clesia
454 3942 616 3999 fuisse
636 3942 1061 4007 consolatorem,
1078 3949 1136 3996 ut
1158 3941 1308 3996 vobis
1344 3949 1400 3997 et
1437 3940 1561 3997 ﬁliis
1589 3942 1782 3998 vestris

185 4037 427 4091 delectet
453 4035 702 4106 frequens
728 4035 948 4091 visitare
976 4034 1152 4089 locum
1192 4033 1367 4106 ipsum
1396 4042 1673 4101 sanctum,
1698 4033 1781 4089 vel

185 4141 367 4180 meam
418 4139 842 4179 commemorare
888 4124 1224 4179 memoriam.
1289 4122 1492 4193 Adjuro
1543 4134 1782 4195 etvrogo

185 4215 393 4269 domno
422 4230 544 4270 meo
573 4214 927 4270 Caliimoaldo
954 4214 1209 4286 episcopo
1232 4213 1434 4287 [Μῖνα.
1465 4214 1781 4272 Chaimaldo

185 4307 359 4375 episc.
409 4304 755 4378 Pictavensi],
808 4307 934 4375 quia
985 4306 1414 4375 consanguineus
1463 4322 1615 4363 mens
1662 4322 1782 4363 esse

184 4397 522 4463 dinoscctur,
552 4407 605 4453 et
638 4413 758 4452 eum
791 4397 967 4452 divina
1001 4397 1170 4468 pietas
1199 4397 1267 4452 ad
1298 4398 1633 4454 sacerdotale
1661 4399 1778 4454 cul-

1542 299 2080 359 TESTAMENTUU‘.

3346 299 3481 357 κδ’

1848 414 2120 469 ιτειίοηθιη
2151 411 2385 483 digneris
2411 413 2627 481 venire;
2661 413 2974 475 etdomnus
3002 414 3166 471 abbas
3199 416 3284 472 vel
3313 432 3451 473 con-

1857 506 2099 575 gregatio
2146 506 2320 561 sancti
2350 505 2492 562 Petri
2526 514 2580 563 et
2612 506 2761 562 Pauli
2791 507 3009 578 dignum
3050 508 3146 566 tibi
3190 514 3438 567 honoren

1858 593 2189 664 impendant.

1930 706 2058 771 Hos,
2110 708 2207 763 has
2249 709 2447 765 liberas
2472 710 2739 768 liberosve
2778 728 2900 769 esse
2923 713 3087 782 jubeo
3117 733 3130 768 :
3166 713 3457 786 Libigiselo

1864 814 1980 854 cum
2011 816 2180 856 uxore
2225 814 2280 857 et
2329 800 2469 870 ﬁliis,
2502 802 2905 874 Chinemundo,
2932 808 3306 867 Chrodosindo
3336 827 3458 867 cum

1862 907 2034 948 uxore
2062 903 2117 949 et
2162 894 2419 959 infantes,
2464 894 2852 967 Theodogundi
2899 908 2955 954 et
3002 899 3112 957 ﬁlio
3155 916 3255 956 suo
3287 901 3497 972 Lopo,._

1861 990 1918 1038 et
1946 983 2051 1038 ﬁlia
2081 1000 2215 1053 sua,
2245 984 2503 1042 Emmane
2532 1002 2653 1043 cum
2702 1005 2872 1044 uxore
2918 999 2974 1046 et
3012 991 3159 1058 ﬁliis,
3189 990 3458 1049 Ebreleno

1862 1091 1987 1132 cum
2012 1092 2181 1132 uxore
2211 1087 2266 1133 et
2306 1079 2447 1146 ﬁliis,
2480 1078 2740 1147 Gariulfo,
2777 1081 3010 1150 Juliano,
3046 1084 3302 1140 Picoaldo
3333 1099 3455 1139 cum

1866 1184 2035 1226 uxore
2072 1179 2127 1224 et
2170 1169 2313 1236 liliis,
2364 1170 2474 1227 ﬁlio
2521 1182 2576 1227 et
2624 1172 2735 1227 ﬁlia
2785 1172 3065 1229 Maurello.
3114 1173 3375 1231 Similiter
3404 1184 3498 1230 et.

1865 1265 2095 1321 famulos
2122 1281 2275 1321 meos
2300 1266 2391 1336 qui
2423 1267 2550 1323 inibi
2598 1268 2873 1324 deservire
2910 1268 3181 1337 videntur,
3216 1282 3325 1326 tam
3364 1285 3465 1325 na»

1866 1357 2013 1412 tione
2043 1356 2308 1422 Romana,
2337 1373 2499 1428 quam
2529 1367 2584 1413 ct
2627 1359 2878 1414 barbara.
2920 1358 2978 1413 id
3014 1367 3160 1427 sunt,
3190 1359 3464 1425 Teodane,

1866 1452 2088 1523 Bajone,
2140 1453 2501 1517 Baudasindo,
2545 1455 2755 1522 Mauro,
2806 1455 3177 1521 Austrehario,
3220 1456 3468 1526 Audisgi-

1866 1544 1991 1612 silo,
2026 1544 2333 1614 Vetesigilo,
2376 1545 2687 1600 Bercchano
2711 1584 2729 1613 ,
2759 1544 3030 1612 Quolane,
3062 1546 3298 1616 Alagise,
3331 1546 3468 1602 Leo-

1867 1636 2129 1704 degiselo,
2161 1645 2216 1690 et
2261 1636 2384 1692 filiis
2413 1636 2819 1693 Theodonivite.
2852 1636 2964 1694 llus
3009 1643 3185 1694 omnis
3216 1640 3282 1694 ad
3329 1640 3469 1695 inte-

1869 1747 2020 1801 grum
2048 1733 2309 1801 ingenuos
2338 1747 2459 1789 esse
2482 1733 2647 1802 jubeo
2674 1748 2796 1788 cum
2820 1735 2964 1789 omni
2990 1735 3246 1805 peculiari
3277 1750 3467 1789 eorum

1870 1823 2014 1892 quod
2065 1824 2289 1893 habent,
2340 1835 2434 1880 aut
2483 1825 2737 1897 deinceps
2789 1826 3038 1884 laborare
3095 1835 3369 1900 poterunt,
3417 1837 3504 1884 et"

1870 1917 2237 1973 defensionem
2282 1928 2485 1974 sancta:
2530 1919 2765 1975 basilica:
2809 1920 2994 1974 domui
3043 1918 3187 1974 Petri
3233 1926 3287 1975 et
3318 1919 3471 1974 Pauli

1871 2008 2284 2077 Apostolorum,
2340 2010 2429 2064 ubi
2474 2010 2799 2079 corpusculo
2849 2024 2971 2065 meo
3020 2010 3073 2064 in
3129 2011 3223 2065 Dei
3270 2026 3470 2066 nomen

1872 2109 2002 2169 opto
2042 2101 2409 2171 requiescere,
2464 2101 2665 2156 habere
2711 2116 3046 2168 mereamur;
3102 2102 3176 2156 ita
3222 2110 3279 2156 ut
3309 2117 3471 2157 unus-

1872 2190 2101 2259 quisque
2152 2198 2395 2260 tempore
2444 2190 2801 2260 depositionis
2830 2205 2963 2245 mete
3009 2192 3363 2257 conveniant,
3415 2200 3472 2245 et

1874 2278 2054 2333 oblata
2108 2286 2314 2334 tantum
2362 2280 2594 2335 nominis
2625 2280 2739 2335 mei.
2779 2288 2906 2336 ante
2948 2290 3193 2335 sanctum
3220 2281 3471 2336 altarium

1873 2369 2126 2436 oderant,
2181 2371 2265 2426 vel
2318 2379 2659 2437 recenseant,
2712 2380 2769 2427 et
2824 2371 3202 2439 ministerium,
3257 2372 3470 2442 qualem

1876 2464 2048 2533 egisse
2069 2463 2170 2518 visi
2201 2471 2345 2526 sunt,
2379 2464 2745 2533 unusquisque
2784 2463 2838 2517 in
2880 2463 2974 2518 Dei
3008 2478 3205 2518 nomen
3249 2464 3302 2518 in
3333 2478 3474 2534 prac-
3508 2504 3513 2505 κ

1874 2555 2017 2611 dicta
2057 2554 2145 2609 die
2189 2555 2511 2620 observent;
2560 2562 2617 2608 et
2660 2554 2844 2609 abbati
2872 2554 2976 2609 loci
3025 2554 3173 2609 illius
3220 2553 3474 2610 solatium

1875 2648 2168 2719 praebeant,
2223 2656 2277 2702 et
2306 2656 2496 2717 postea
2552 2646 2606 2701 in
2662 2647 2954 2703 crastinum
3004 2646 3172 2701 abbas
3222 2646 3315 2702 det
3368 2646 3509 2702 illis,

1877 2738 2243 2808 dignissimam
2286 2737 2673 2805 refectionem,
2699 2746 2754 2795 et
2784 2739 3150 2809 unusquisque
3178 2739 3243 2793 ad
3281 2738 3477 2795 domos

1876 2845 2065 2888 eorum
2117 2838 2485 2897 revertantur,
2532 2838 2642 2885 tam
2696 2829 2781 2885 isti
2828 2845 3059 2899 quarunt
3116 2830 3335 2886 nomina
3389 2830 3477 2885 hic

1877 2922 2249 2989 continentur,
2277 2922 2361 2977 vel
2392 2936 2531 2990 quos
2556 2930 2743 2992 postea
2766 2920 2835 2976 de
2872 2930 3034 2990 gente
3064 2921 3291 2977 barbara
3322 2936 3476 2977 com-

1877 3012 2092 3083 paravi,
2114 3019 2209 3066 aut
2252 3011 2428 3067 adhuc
2471 3025 2789 3082 comparare
2836 3019 3089 3083 potuero,
3134 3021 3244 3066 tam
3292 3012 3473 3082 pueri,

1879 3120 2040 3177 quam
2082 3104 2293 3175 puclla},
2335 3104 2485 3173 quia
2515 3118 2602 3159 me
2648 3103 2777 3159 emti
2809 3112 3125 3168 noscuntur,
3171 3114 3229 3159 et
3275 3104 3479 3174 episto-

1881 3198 1963 3254 las
1989 3198 2068 3253 eis
2094 3196 2233 3263 feci;
2264 3204 2320 3251 et
2348 3196 2445 3265 ips:
2476 3196 2529 3251 in
2563 3197 2769 3265 integra
2797 3197 3129 3264 ingenuitate
3158 3197 3477 3267 perdurent,
3532 3238 3537 3241 -

1882 3298 1939 3347 et
1978 3290 2086 3345 hoc
2109 3290 2401 3345 observent
2427 3286 2572 3356 quod
2619 3294 2677 3341 et
2716 3286 2885 3369 pluris
2911 3302 3121 3353 eorum,
3151 3296 3204 3342 et
3249 3287 3349 3342 toti
3377 3288 3520 3342 sub--

1882 3382 2111 3438 tuitione
2140 3390 2194 3436 et
2237 3380 2554 3435 defensione
2600 3380 2775 3435 sancti
2814 3378 2962 3436 Petri
2991 3388 3375 3452 perseverent;
3423 3389 3523 3436 et”.

1882 3471 2262 3542 Dasgastaldus
2295 3471 2387 3541 qui
2417 3469 2685 3527 voluerint
2713 3485 2781 3527 ex
2811 3471 2943 3542 ipsis
2971 3487 3093 3527 cum
3127 3471 3244 3541 ipso
3285 3471 3481 3527 abbate

1879 3566 2200 3629 consistere,
2249 3564 2335 3620 vel
2358 3564 2593 3620 basilica:
2627 3564 2923 3629 deservire,
2969 3564 3038 3620 de
3078 3565 3241 3621 rebus
3281 3571 3485 3620 sanctzo
3508 3586 3529 3601 »κ

1879 3658 2113 3714 basilica:
2138 3658 2396 3723 ditentur,
2436 3664 2496 3711 ut
2524 3657 2717 3712 melius
2742 3657 2823 3712 eis
2865 3656 3098 3712 delectet
3134 3656 3519 3726 sepulturolar

1880 3748 2359 3819 meaeimpendere
2388 3749 2683 3815 honorem,
2705 3756 2761 3804 et
2796 3757 2999 3805 sanclze
3028 3749 3266 3804 basilica:
3295 3748 3480 3803 deser-

1880 3838 2012 3893 vire.
2046 3837 2115 3892 Et
2155 3840 2246 3909 qui
2289 3838 2376 3894 hic
2414 3839 2467 3893 in
2497 3838 2900 3894 Cenomannico
2941 3838 3232 3894 terraturio
3261 3853 3483 3894 manere
3522 3870 3529 3875 -

1880 3938 2195 3995 noscuntur,
2228 3930 2596 3986 defensionem
2638 3938 2841 3986 sanctae
2874 3931 3108 3986 basilice
3154 3930 3479 3987 domnorum

1882 4019 2264 4090 Apostolorum
2312 4017 2457 4075 Petri
2509 4028 2564 4075 et
2610 4020 2760 4075 Pauli
2813 4035 2875 4076 se
2912 4020 3113 4076 habere
3158 4029 3478 4077 noscuntur.

1880 4107 1938 4164 Si
1968 4124 2191 4165 necesse
2236 4109 2423 4176 fuerit,
2452 4121 2508 4166 et
2548 4112 2713 4167 abbas
2758 4112 2870 4179 ille,
2919 4112 3013 4182 qui
3046 4113 3264 4168 basilica
3293 4122 3515 4167 sancta.

1882 4204 1948 4260 ad
2006 4205 2298 4275 regendum
2355 4214 2410 4261 et
2465 4207 2870 4278 gubernandum
2934 4208 3222 4264 commissa
3279 4207 3509 4274 fuerit,

1881 4296 2027 4352 omni
2058 4306 2302 4368 tempore
2342 4299 2410 4354 de
2457 4314 2525 4354 eo
2570 4299 2716 4370 quod
2756 4300 2947 4356 inibia
2976 4316 3064 4355 me
3092 4300 3349 4355 collatum
3377 4308 3483 4365 est,
3512 4342 3513 4345 η

1880 4387 2273 4459 depositionem
2321 4405 2496 4445 meam
2543 4398 2598 4446 et
2627 4391 2807 4447 lumen
2838 4389 3185 4460 sepulturolzn
3215 4404 3351 4443 mea:
3379 4403 3486 4443 an--

185 4504 315 4543 men
364 4489 634 4558 perduxit,
684 4504 897 4557 semper
945 4490 1019 4544 illi
1062 4504 1270 4544 memor
1294 4490 1366 4543 sit
1411 4490 1611 4544 nutrita
1657 4506 1778 4546 mea

1883 4478 1967 4533 nis
2011 4480 2232 4548 singulis
2262 4481 2442 4536 taliter
2484 4481 2702 4536 studeat
2744 4481 3041 4545 celebrare,
3088 4479 3321 4549 qualiter
3363 4484 3481 4539 aliis

188 4581 275 4634 vei
320 4581 653 4651 patrocinius
698 4582 871 4637 sancti
924 4580 1087 4650 Petri,
1135 4582 1274 4636 unde
1313 4582 1385 4637 ad
1426 4582 1601 4652 ipsum
1647 4600 1785 4641 onus

187 4671 410 4727 Christo
466 4672 694 4740 praesule
741 4670 1072 4735 ambulavit;
1125 4680 1183 4725 ut
1234 4671 1429 4727 idonea
1483 4672 1799 4742 sepultura,

186 4762 519 4833 quandoque
564 4778 653 4818 me
692 4762 833 4819 Deus
878 4763 946 4818 ab
975 4763 1076 4820 hac
1103 4763 1223 4820 luce
1266 4764 1499 4833 migrare
1538 4766 1783 4835 jusserit,

188 4856 310 4912 suis
337 4856 583 4912 manibus
630 4872 753 4913 cum
802 4856 1022 4927 reliquis
1059 4856 1272 4913 domuis
1299 4866 1355 4913 et
1381 4858 1634 4914 fratribus
1675 4858 1788 4914 suis

190 4947 522 5017 corpusculo
551 4963 674 5003 meo
703 4947 988 5017 dignanter
1005 4949 1293 5021 sepeliant,
1325 4958 1383 5004 ut
1407 4950 1549 5006 unde
1572 4949 1785 5007 Domini

191 5037 501 5093 mercedem
541 5040 881 5111 conquirant,
911 5048 967 5094 et
1004 5040 1120 5095 laus
1148 5040 1434 5112 inpopulo
1460 5050 1743 5111 percurrat
1770 5058 1785 5095 :

190 5128 302 5183 hoc
325 5128 492 5197 jubeo
524 5139 652 5185 tunc
693 5130 1099 5200 archidiacono,
1132 5140 1191 5187 ut
1229 5132 1397 5203 ipsius
1436 5133 1666 5187 domnus
1698 5133 1788 5202 qui

190 5231 544 5292 peccatorcm
574 5223 804 5294 sepelire
832 5223 1190 5294 dignaverint,
1221 5225 1422 5282 donent
1450 5228 1530 5281 cis
1568 5226 1790 5282 caballis

190 5311 323 5382 padi
355 5309 473 5386 [F.,
504 5313 674 5385 paria]
705 5315 845 5384 duo,
883 5324 937 5371 et
979 5317 1230 5387 poledros
1272 5332 1605 5388 congregans
1626 5319 1786 5385 duos,

192 5411 255 5457 et
298 5404 540 5473 singulos
586 5407 892 5477 parioculos
930 5407 1030 5478 ipsi
1078 5409 1260 5464 domui
1288 5409 1583 5480 accipiant;
1632 5420 1687 5466 et
1734 5420 1792 5466 tu

194 5498 308 5551 hoc
335 5496 533 5553 domne
562 5496 873 5555 Cbaimalde
916 5515 1037 5556 cum
1085 5500 1464 5558 archidiacono
1510 5502 1792 5571 dignanter

192 5586 393 5654 facias,
412 5597 463 5644 et
496 5590 590 5645 tibi
619 5592 780 5648 simili
806 5591 987 5659 modo,
1013 5593 1153 5648 sicut
1176 5593 1249 5647 tui
1279 5592 1473 5649 fratres
1499 5594 1787 5665 accipiant,

195 5687 261 5734 ut
289 5681 525 5751 accipias
547 5682 820 5753 jubemus.
852 5684 916 5742 Et
954 5685 1204 5755 quamdiu
1236 5685 1287 5741 in
1318 5686 1514 5743 S‘JECUIO
1567 5694 1621 5741 te
1650 5686 1791 5742 Deus

196 5772 551 5841 superstitem
578 5789 698 5833 esse
727 5775 977 5845 voluerit,
1007 5791 1137 5849 rogo
1162 5776 1226 5834 ad
1257 5792 1429 5835 meam
1456 5792 1783 5836 commemo-

1884 4570 2122 4627 delectet
2165 4572 2283 4627 loca
2331 4579 2643 4626 sanctorum
2692 4572 2744 4626 in
2791 4571 3044 4626 maximis
3095 4571 3259 4626 rebus
3285 4569 3469 4625 ditare

1886 4662 2041 4731 Quod
2078 4664 2124 4719 si
2154 4664 2337 4719 abbas-
2363 4663 2453 4719 ille
2477 4664 2569 4733 qui
2609 4662 2805 4719 exinde
2848 4661 3124 4730 negligens
3168 4660 3350 4724 fuerit,
3392 4673 3491 4715 co.»

1885 4763 2111 4823 gnoscat
2157 4761 2283 4809 ante
2314 4753 2549 4809 tribunal
2589 4751 2786 4808 Christi
2830 4767 2955 4808 cum
2981 4752 3195 4807 domuis
3239 4749 3401 4806 Petro
3428 4752 3491 4809 e't

1888 4842 2054 4899 Paulo
2100 4828 2462 4914 apostolisex
2506 4844 2610 4898 hoc
2638 4842 2845 4899 habere
2897 4842 3177 4909 ultionem,
3210 4850 3265 4897 et
3295 4855 3485 4912 perpe-

1888 4945 2034 4990 tuam
2077 4934 2352 5005 suscipere
2405 4934 2831 4990 damnationem.
2881 4933 3007 4990 Illos
3056 4949 3187 4988 vero
3240 4948 3377 5003 quos
3419 4930 3488 4986 de
3510 4962 3521 4969 α

1888 5025 2098 5081 ratione
2153 5023 2410 5081 Ecclesiae
2439 5040 2537 5095 pro
2577 5024 2802 5094 singulis
2826 5022 3205 5080 festivitatibus
3231 5022 3282 5078 in
3312 5021 3511 5088 Albis,.

1888 5132 1985 5187 per
2011 5116 2267 5187 epistolas
2296 5115 2556 5186 relaxavi,
2580 5124 2674 5170 aut
2700 5116 3037 5183 relaxavero,
3071 5116 3211 5170 sicut
3242 5111 3485 5182 epistolae
3514 5144 3524 5149 -

1889 5221 2086 5263 eorum
2129 5207 2397 5275 edocent,
2448 5205 2546 5261 sub
2574 5205 2813 5263 tuitione.
2845 5203 3243 5262 etdefensione
3283 5210 3511 5257 sancire.

1891 5297 2144 5356 Ecclesiae
2174 5297 2534 5370 rependeant.

1963 5413 2030 5468 Et
2066 5413 2192 5486 quia
2220 5428 2380 5471 casus
2424 5413 2692 5469 humanus
2718 5412 2920 5467 multos
2945 5410 3143 5465 dubios
3180 5407 3386 5473 reddit;
3429 5416 3525 5462 et»

1893 5520 1994 5577 ego
2014 5521 2225 5572 vereor,
2248 5522 2315 5562 ne
2337 5505 2504 5578 (quod
2528 5507 2670 5562 Deus
2688 5503 2917 5574 avertat)
2940 5502 3284 5558 devotionem
3308 5512 3487 5555 meam

1895 5600 2076 5669 iniqua
2117 5599 2406 5670 cupiditas,
2429 5614 2551 5670 quae
2591 5597 2856 5653 malorum
2900 5594 3055 5652 radix
3092 5603 3190 5662 est,
3223 5594 3276 5650 in
3306 5593 3487 5664 aliquo
3522 5626 3525 5633 ι

1895 5693 2133 5761 frangat;
2176 5691 2402 5761 conjuro
2434 5701 2507 5759 te,
2534 5690 2734 5747 domne
2761 5690 3035 5755 sacerdos,
3063 5703 3221 5760 quem
3249 5696 3373 5759 post
3399 5701 3487 5741 me
3518 5720 3521 5727 ι

1898 5781 2038 5840 Deus
2068 5798 2187 5841 esse
2230 5782 2475 5849 voluerit,
2512 5796 2608 5849 per
2640 5782 2785 5837 illum
2826 5782 3081 5847 judicium
3115 5779 3533 5837 tremendum--
