4030 6318
491 273 595 329 407

1003 269 1246 326 SANCTI
1290 268 1755 325 BEBTICIIRANI
1794 261 2326 324 CENOMANENSIS
2367 265 2669 323 EPISCUPI
2708 267 3245 325 TESTASIENTUM.

3672 281 3783 336 ωε

493 400 600 454 que
651 386 812 450 diem,
863 383 943 439 sie
995 384 1047 437 in
1092 392 1351 437 mternum
1407 381 1754 436 beatitudinis
1802 378 2079 451 pnemiun
2113 376 2160 433 Λ
2187 375 2457 433 cineribus
2486 378 2820 445 nostris,nec
2847 378 3202 449 dispositione
3225 379 3465 436 facienda
3499 385 3782 452 praesumi-

496 481 792 551 adipiscas,
842 488 899 535 et
951 495 1057 534 non
1113 495 1234 535 cum
1284 476 1419 531 .luda
1473 475 1835 531 damnationis
1882 481 2090 545 partem

495 572 767 640 adquiras,
801 579 859 624 ut
886 570 1136 624 omnibus
1166 568 1461 623 voluntatis
1498 584 1635 623 mea:
1664 567 1947 622 arbitrium
1991 565 2091 621 im-

495 663 675 732 pleas;
704 661 789 717 vel
837 661 964 715 dum
1015 670 1067 715 te
1115 660 1254 714 Deus
1298 660 1643 729 superstitem
1686 673 1807 713 esse
1837 656 2090 720 voluerit,

496 754 770 810 custodire
820 751 1068 807 intendas
1116 752 1321 806 omnia.
1370 750 1521 806 llanc
1571 750 1875 807 libertatem
1928 748 2092 803 debet

498 845 849 916 perpendere,
877 845 966 914 qui
995 844 1258 898 voluntati
1301 859 1412 897 sua:
1439 842 1699 912 judicium
1733 841 1957 895 firmiter
1997 839 2091 893 de-

494 937 699 992 siderat
746 950 1091 1006 permanere.
1146 934 1298 1002 Rogo
1328 948 1449 987 cum
1500 940 1882 988 testamentum
1911 944 2089 983 meum

495 1028 563 1083 ad
591 1033 763 1082 omnis
788 1034 844 1081 et
867 1024 1409 1095 comprovincialibus
1460 1023 1593 1077 meis
1624 1019 1783 1076 fuerit
1821 1027 2089 1089 apertum,

496 1129 626 1175 tunc
650 1134 746 1189 per
772 1134 988 1174 manum
1008 1116 1371 1171 archidiaconi
1400 1123 1614 1170 centum
1642 1111 1799 1167 solidi
1826 1125 1923 1181 per
1942 1109 2091 1163 dom-

498 1227 625 1265 num
672 1211 985 1280 episcopum
1054 1207 1337 1263 Turoniee
1386 1204 1620 1260 civitatis
1670 1202 1739 1257 a‘d
1785 1199 2090 1271 sepulcrum

495 1302 680 1356 domui
708 1310 763 1356 et
793 1300 1083 1371 peculiaris
1117 1298 1329 1369 patroni
1358 1297 1531 1351 sancti
1571 1292 1784 1348 Martini
1815 1290 2088 1354 antistitis,

498 1397 585 1447 ubi
608 1408 821 1448 comam
850 1391 1098 1459 deposui,
1124 1398 1179 1443 et
1206 1389 1359 1445 annis
1386 1387 1608 1455 singulis
1634 1384 1888 1439 tributum
1912 1397 2090 1437 meum

497 1484 693 1540 ibidem
723 1483 950 1547 reddidi,
978 1481 1431 1537 trausmittantur.
1456 1478 1715 1532 Similiter
1728 1475 1795 1530 ad
1819 1473 2091 1528 basilicam

496 1576 669 1631 sancti
720 1575 899 1630 Albini
944 1574 1197 1628 antistitis
1236 1588 1333 1643 per
1361 1586 1576 1625 manum
1610 1568 1885 1638 Andegavi
1917 1566 2095 1638 ponti-

498 1668 615 1722 tieis
661 1667 763 1721 sol.
805 1665 1195 1735 quinquaginta
1230 1664 1547 1731 dirigantur,
1581 1676 1721 1732 quos
1761 1658 2095 1725 solidos'per

498 1756 731 1812 sacellos
759 1756 1048 1824 separatim
1073 1769 1193 1809 cum
1212 1752 1520 1807 hrevicellis
1544 1749 1793 1819 sigillatis
1819 1748 1887 1803 ad
1908 1763 2097 1802 unum-

499 1864 771 1917 quemque
819 1848 1031 1908 locum,
1084 1847 1221 1901 sicut
1260 1844 1508 1913 superius
1541 1841 1782 1906 memini,
1832 1840 1885 1894 in
1934 1853 2096 1893 manu

502 1939 644 1993 tideli
689 1937 1049 2009 dispensatori
1077 1934 1477 2001 commendavi,
1521 1933 1665 1989 sicut
1708 1931 1903 2002 pagina
1932 1937 2099 1983 testa-

501 2033 671 2088 menti
700 2032 805 2086 mei
841 2030 1114 2102 eloquitur
1138 2029 1551 2101 dispensandos.

573 2125 692 2179 ’l‘ibi
722 2139 871 2190 vero,
901 2121 1308 2185 archidiacone,
1339 2119 1605 2175 demando
1630 2126 1793 2187 atque
1823 2115 2095 2188 prmcipio,

500 2224 561 2269 ut
602 2231 697 2284 per
725 2228 915 2268 omnes
953 2212 1205 2268 basilicas
1226 2226 1346 2279 quae
1367 2210 1508 2265 circa
1551 2208 1820 2265 civitatem
1861 2215 2097 2261 nostram

506 2321 628 2361 esse
660 2312 981 2371 noscuntur,
1015 2304 1120 2358 hoc
1166 2310 1249 2356 est
1277 2300 1514 2356 basilica:
1561 2298 1735 2354 sancti
1756 2296 1983 2352 Victorii
2009 2312 2101 2365 pe-

504 2396 721 2453 culiaris
744 2394 958 2466 patroni
989 2392 1114 2457 mei,
1144 2391 1298 2447 dabis
1326 2390 1487 2447 solid.
1516 2406 1610 2445 xx.
1644 2388 1885 2445 Basilica:
1912 2386 2096 2442 domui

502 2487 795 2553 Vincentii,
820 2487 910 2542 ubi
970 2495 1189 2541 sanctus
1230 2483 1525 2539 Domnolus
1572 2482 1860 2551 episcopus
1887 2481 2102 2548 requie-

504 2581 632 2648 scit,
661 2579 945 2635 inhonore
985 2578 1151 2648 ipsius
1181 2576 1432 2648 martyris
1479 2574 1564 2628 vel
1610 2572 1792 2629 domui
1847 2570 2103 2626 antistitis

502 2670 657 2726 dabis
700 2668 861 2726 solid.
914 2685 1005 2724 xx.
1038 2668 1279 2723 Basilica:
1337 2674 1539 2722 sancta:
1592 2664 1772 2718 Maria:
1793 2663 1879 2718 vel
1906 2670 2109 2718 sancta:

504 2763 696 2819 Crucis
720 2762 873 2818 dabis
898 2761 1058 2817 solid.
1091 2777 1145 2815 χ.
1179 2758 1422 2815 Basilica:
1444 2758 1619 2814 sancti
1664 2754 1864 2813 Juliani
1892 2754 2103 2826 episco-

505 2856 560 2925 pi
588 2860 682 2909 aut
703 2853 993 2919 caballum,
1022 2862 1118 2908 aut
1165 2852 1218 2906 in
1250 2866 1444 2906 aurum
1473 2850 1626 2906 dabis
1662 2847 1823 2904 solid.
1865 2863 1916 2901 v.
1947 2848 2105 2903 item-

505 2963 613 3018 que
641 2946 872 3003 basilica:
891 2947 1060 3002 sancti
1095 2944 1403 3001 Riehomcri
1433 2943 1589 2999 solid.
1619 2958 1671 2996 κ.
1706 2940 1946 2995 Bisilica:
1976 2954 2103 2995 san-

504 3041 585 3095 cti
609 3038 799 3094 Hilarii
827 3037 980 3093 dabis
1032 3036 1192 3093 solid.
1222 3052 1275 3091 v.
1308 3035 1387 3090 Ad
1418 3034 1657 3090 oratoria
1708 3031 1890 3086 domui
1922 3029 2106 3085 Marti-

482 3133 585 3198 .ui,
638 3130 823 3186 domui
868 3128 1112 3194 Victorii,
1170 3128 1253 3184 vel
1297 3125 1466 3183 sancti
1514 3124 1654 3179 Petri
1712 3122 1846 3178 infra
1894 3137 2103 3189 muros,

504 3221 658 3276 dabis
680 3220 732 3275 in
762 3235 950 3274 aurum
973 3219 1135 3273 autin
1155 3216 1397 3273 caballos
1422 3216 1580 3272 solid.
1613 3231 1664 3270 v.
1698 3212 1940 3272 Basilica:
1981 3228 2110 3269 san-

507 3313 581 3367 cti
606 3310 867 3380 Stephani
900 3309 1154 3381 martyris
1205 3315 1298 3363 aut
1349 3307 1401 3363 in
1442 3322 1632 3362 aurum
1664 3305 1840 3361 autin
1866 3304 2110 3361 caballos

507 3404 660 3459 dabis
694 3402 853 3460 solid.
890 3420 943 3458 v.
975 3401 1235 3459 Similiter
1261 3401 1386 3457 volo
1438 3416 1502 3457 ac
1553 3399 1739 3470 jubeo,
1765 3408 1826 3456 ut
1863 3400 2114 3456 omnibus

508 3495 725 3551 clericis
762 3496 963 3551 nostris
992 3495 1081 3565 qui
1112 3493 1200 3549 hic
1229 3494 1282 3548 in
1306 3494 1537 3550 ecclesia
1566 3493 1844 3550 deservire
1870 3508 2109 3549 noscun-

511 3598 625 3654 tur,
645 3588 713 3643 de
733 3588 925 3657 quibus
953 3595 1046 3641 aut
1077 3587 1129 3642 in
1161 3586 1495 3657 quibuslibet
1522 3586 1685 3642 rebus
1714 3586 2109 3658 quinquaginta

510 3681 669 3738 solid.
703 3680 895 3737 dones.
928 3679 1062 3735 Illud
1093 3696 1223 3736 vero
1249 3679 1562 3751 specialiter
1591 3694 1748 3749 rogo,
1781 3691 1842 3734 ut
1866 3680 1919 3735 in
1948 3694 2111 3750 supra

510 3773 710 3844 scripta
742 3772 880 3839 loca,
914 3772 1003 3829 ubi
1028 3772 1233 3843 aliquid
1265 3786 1371 3827 non
1400 3780 1459 3827 ut
1489 3772 1693 3839 decuit,
1723 3772 1817 3827 sed
1861 3772 1915 3827 in
1937 3786 2112 3841 quan-

513 3875 628 3920 tum
650 3865 819 3928 virtus
840 3866 1119 3936 prmvaluit
1145 3866 1413 3937 delegavi,
1444 3881 1643 3921 nomen
1676 3882 1857 3921 meum
1914 3880 1980 3921 ae
2025 3880 2115 3920 sa-

514 3954 764 4010 cerdotes
792 3956 1002 4011 illorum
1031 3959 1082 4012 in
1107 3958 1248 4014 libro
1293 3959 1415 4013 vita:
1440 3958 1671 4027 jubeant
1700 3957 2033 4024 adscribere,
2058 3965 2115 4011 et

516 4061 615 4117 per
643 4046 882 4116 singulas
909 4048 1236 4105 festivitates
1269 4049 1508 4103 recitari.

590 4158 742 4215 Licet
765 4158 1015 4231 superius
1036 4158 1144 4215 hoc
1167 4160 1416 4215 intimare
1468 4158 1779 4223 debueram,
1808 4160 1937 4228 quid
1965 4172 2114 4213 cme—

515 4250 666 4306 ribus
704 4251 839 4308 meis
882 4250 1157 4307 deservire
1216 4249 1514 4314 deberent;
1546 4249 1644 4305 sed
1664 4248 1787 4320 quia
1809 4265 1916 4303 non
1952 4248 2111 4303 habui

526 4341 732 4412 integre
779 4350 1178 4414 perscrutatum
1227 4341 1296 4398 de
1337 4338 1538 4397 familia
1583 4355 1724 4405 mea,
1751 4355 1981 4411 quorum
2011 4339 2117 4396 hoc

2191 485 2311 525 mus
2340 469 2542 539 iniungi
2565 478 2659 524 aut
2687 470 2939 537 relaxari,
2969 471 3109 527 sicut
3155 473 3337 528 domui
3374 483 3437 529 et
3465 485 3780 534 antecessit.

2192 575 2280 614 res
2309 561 2479 615 no:tri
2504 561 2785 628 fecerunt;
2809 562 2970 617 simili
3001 563 3185 630 modo,
3206 561 3391 632 jubeo,
3419 575 3476 618 ut
3495 566 3540 619 si
3579 566 3779 635 aliquid

2191 650 2322 705 milii
2354 651 2575 706 minime
2606 652 2659 707 in
2690 661 2875 707 mente
2920 652 3119 708 fuerint
3166 653 3235 709 de
3260 656 3396 710 meis
3426 655 3662 723 famulis,
3687 666 3789 712 aut

2191 744 2433 811 germani
2461 743 2566 799 mei
2603 743 2823 799 Bertulll
2846 744 3139 814 quondam,
3170 754 3226 801 et
3253 746 3368 801 haec
3391 748 3443 800 in
3474 746 3788 803 Cenoman-

2193 836 2317 891 nico
2347 850 2568 893 manere
2590 837 2856 903 videntur:
2888 838 2986 893 toti
3027 837 3259 895 absoluti
3287 838 3400 894 sint
3429 856 3459 893 a
3480 840 3706 895 servitio
3734 850 3791 894 et

2191 925 2561 982 defensionem
2615 927 2701 983 vel
2751 927 3033 983 tuitionem
3081 937 3284 984 sancta:
3337 930 3574 985 basilica:
3596 929 3789 985 domui

2194 1018 2336 1074 Petri
2364 1026 2420 1073 et
2441 1018 2615 1087 Pauli,
2645 1020 2787 1074 sicut
2832 1020 3026 1090 reliqui
3055 1020 3212 1076 liberi
3267 1022 3395 1087 mei,
3424 1022 3631 1077 habere
3677 1038 3795 1077 me-

2192 1117 2434 1163 reantur.
2483 1108 2612 1164 Illos
2656 1125 2789 1166 vero
2842 1126 2981 1179 quos
3006 1111 3075 1166 de
3104 1111 3422 1180 captivitate
3474 1111 3708 1178 redemi,
3740 1121 3797 1167 et

2192 1207 2317 1254 ante
2343 1199 2559 1268 ingenui
2607 1198 2842 1268 fuerunt,
2869 1210 2925 1256 et
2951 1202 3112 1257 modo
3140 1218 3240 1272 pro
3269 1204 3443 1272 pretio
3472 1204 3684 1257 servire
3710 1204 3795 1257 vi-

2192 1288 2409 1356 dentur,
2442 1298 2550 1344 tam
2591 1290 2693 1346 viri
2750 1306 2911 1360 quam
2963 1292 3218 1347 mulieres
3274 1292 3343 1347 de
3379 1292 3506 1346 villa
3552 1291 3797 1347 Boalcha

2194 1400 2383 1440 omnes
2402 1401 2431 1439 a
2459 1386 2679 1440 servitio
2702 1386 3032 1441 relaxentur.
3064 1386 3146 1440 Ad
3205 1387 3517 1442 matriculas
3546 1386 3799 1456 capitalis

2196 1476 2249 1530 in
2271 1476 2490 1531 civitate
2536 1476 2621 1531 vel
2673 1476 2765 1545 qui
2790 1491 2909 1547 per
2965 1477 3279 1533 basilicolas
3302 1487 3448 1545 sunt,
3476 1494 3574 1549 per
3604 1494 3799 1533 manus

2195 1566 2557 1621 archidiaconi
2588 1568 2827 1637 quinque
2856 1566 3135 1638 sol.jubeo
3157 1568 3292 1623 dari.

2272 1683 2407 1750 Quia
2429 1683 2833 1740 deliberationis
2880 1701 3013 1740 mea:
3062 1684 3344 1741 arbitrium
3367 1695 3496 1757 opto
3521 1702 3621 1757 per
3658 1689 3803 1743 hunc

2206 1784 2585 1830 testamentum
2615 1776 2659 1826 li-
2679 1776 2837 1831 miter
2859 1792 3217 1842 conservare,
3247 1777 3372 1832 ideo
3400 1778 3628 1847 conjuro
3680 1796 3803 1843 vos,

2199 1867 2377 1922 domui
2409 1877 2463 1922 et
2493 1868 2799 1937 pontifices,
2838 1885 2934 1939 per
2953 1880 3196 1924 sanctum
3244 1870 3607 1938 apostolatum
3638 1887 3801 1941 quem

2199 1958 2376 2012 divina
2412 1959 2703 2013 traditione
2739 1960 3044 2029 accepistis,
3078 1960 3404 2029 ubicumque
3433 1974 3661 2016 necesse
3688 1959 3806 2015 fue-

2201 2049 2290 2115 rit,
2323 2048 2557 2104 basilicae
2589 2064 2723 2104 mea:
2780 2050 2863 2104 vel
2893 2050 3072 2105 abbati
3100 2051 3201 2105 loci
3231 2051 3373 2105 illius
3410 2066 3630 2120 semper
3657 2052 3803 2105 sola-

2201 2139 2331 2193 tium
2359 2139 2661 2209 prmbeatis,
2683 2149 2737 2194 et
2777 2141 2883 2195 tale
2920 2140 3204 2196 consilium
3260 2140 3463 2196 domno
3493 2149 3550 2195 et
3579 2156 3804 2197 succes-

2201 2231 2310 2286 sori
2328 2245 2450 2287 meo
2478 2230 2743 2295 instruite,
2777 2241 2834 2286 ut
2863 2232 2929 2285 de
2956 2231 3007 2286 id
3036 2231 3181 2302 quod
3202 2241 3402 2287 sancta:
3449 2231 3691 2287 basilica:
3749 2232 3804 2286 in

2203 2324 2410 2380 honore
2436 2323 2618 2378 domui
2649 2322 2793 2379 Petri
2823 2333 2877 2379 et
2904 2322 3054 2379 Pauli
3078 2323 3446 2393 apostolorum
3479 2339 3577 2393 pro
3606 2324 3805 2377 anima:

2205 2434 2338 2473 mea:
2362 2418 2659 2473 remedium
2713 2417 2989 2489 deputavi,
3035 2416 3167 2471 nihil
3194 2415 3392 2471 exinde
3440 2416 3670 2480 minuat,
3707 2431 3807 2470 nec

2205 2525 2304 2580 per
2331 2509 2572 2578 qualibet
2596 2508 2885 2563 occasione
2911 2506 3112 2576 aliquid
3140 2504 3337 2562 debeat
3366 2504 3649 2572 fraudare,
3678 2505 3805 2575 quia

2206 2616 2307 2670 ego
2354 2601 2560 2656 nullum
2616 2599 2957 2671 dispendium
3003 2613 3092 2655 me
3128 2608 3328 2653 sanctae
3377 2597 3620 2653 ecclesim
3642 2611 3813 2666 gene-

2207 2710 2360 2750 rasse
2408 2684 2704 2762 cognosco.
2757 2692 3020 2748 Similiter
3066 2691 3295 2761 conjuro
3350 2705 3449 2745 vos
3487 2704 3683 2744 omnes
3714 2704 3815 2759 per

2207 2785 2463 2843 victorias
2478 2783 3022 2840 clementissimorum
3045 2783 3369 2854 principum,
3388 2782 3501 2852 qui,
3532 2780 3583 2834 in
3605 2780 3812 2836 saeculo

2208 2880 2461 2933 virtutem
2512 2877 2702 2945 agendi
2754 2876 2894 2947 apud
2947 2877 3092 2945 ipsos
3151 2877 3380 2931 domuos
3430 2884 3486 2930 et
3532 2874 3812 2945 principes

2210 2979 2427 3026 nostros
2456 2970 2684 3033 habetis,
2717 2977 2775 3022 ut
2808 2969 2853 3025 si
2899 2984 3124 3024 necesse
3162 2969 3322 3023 fuerit
3370 2983 3589 3039 semper
3613 2967 3808 3022 defen-

2138 3097 2183 3159 ς
2215 3062 2383 3119 sionis
2412 3069 2607 3118 vestra:
2637 3060 2894 3115 auxilium
2924 3060 3185 3131 paginola:
3225 3076 3329 3115 non
3357 3060 3585 3129 negetis.
3616 3058 3810 3112 Adhuc

2219 3169 2383 3224 parva
2428 3153 2721 3207 memoravi
2762 3152 2907 3221 quod
2960 3152 3117 3206 valde
3176 3152 3226 3206 in
3278 3152 3552 3207 oblivione
3583 3149 3809 3204 tradidi.

2214 3242 2443 3300 Domum
2466 3259 2600 3298 vero
2627 3242 2933 3297 Diablentes
2953 3258 3113 3314 quam
3148 3258 3269 3298 meo
3305 3259 3470 3314 opere
3521 3242 3810 3297 mlificavit

2216 3353 2340 3393 cum
2370 3347 2523 3392 curte
2552 3344 2608 3391 et
2638 3337 3005 3403 stabulum,et
3033 3335 3223 3391 hortus
3249 3344 3305 3391 et
3330 3336 3626 3404 colonicas,
3658 3335 3813 3405 quic-

2215 3426 2342 3497 quid
2374 3426 2611 3496 undique
2642 3434 2748 3481 tam
2791 3426 2860 3482 de
2892 3426 3106 3482 Bosone
3163 3429 3500 3498 presbytero,
3532 3441 3699 3496 quam
3748 3427 3817 3479 de

2215 3518 2432 3574 heredis
2464 3517 2715 3585 Etoleno,
2747 3517 2987 3584 Trilono,
3018 3511 3136 3574 loco
3165 3533 3284 3588 qua:
3312 3519 3505 3574 dicitur
3532 3518 3811 3581 Calviaco,

2215 3610 2301 3665 vel
2360 3610 2594 3679 undique
2669 3609 2723 3665 in
2789 3608 3010 3680 opidum
3075 3610 3368 3665 Diablentis
3427 3609 3583 3679 juxta
3636 3611 3813 3682 ripam

2216 3702 2443 3756 Aroena:
2492 3699 2712 3757 ﬂuviolo
2766 3702 3100 3772 comparavi,
3135 3710 3242 3755 tam
3297 3700 3481 3768 terris,
3507 3701 3811 3770 mancipiis,

2215 3792 2382 3857 silvis,
2410 3790 2590 3861 pravis
2645 3798 2701 3846 et
2740 3806 2929 3847 omnes
2982 3790 3105 3859 jure
3143 3807 3267 3853 suo,
3319 3806 3440 3846 cum
3495 3790 3813 3844 Taxonaria

2215 3901 2375 3956 quam
2426 3884 2687 3940 vindicavi
2741 3891 2933 3939 contra
2984 3882 3281 3939 Leutthero
3310 3892 3365 3938 et
3387 3882 3611 3937 heredes
3661 3898 3813 3947 suos,

2219 3987 2388 4035 totum
2414 3987 2470 4033 et
2500 3977 2570 4033 ad
2600 3978 2891 4047 integrum,
2914 3986 2988 4041 te,
3014 3987 3358 4033 sacrosancta
3384 3976 3618 4033 Ecclesia
3652 3978 3817 4031 heres

2217 4085 2363 4138 mea,
2407 4069 2610 4124 habere
2649 4069 2797 4133 volo,
2828 4076 3060 4139 excepto
3088 4083 3177 4124 res
3212 4068 3462 4139 antiquas
3489 4078 3699 4122 sanctas
3725 4066 3818 4120 Εε·

2216 4161 2394 4219 clesite
2422 4159 2791 4217 Diablentice.
2820 4160 3077 4230 Idemque
3127 4167 3183 4215 et
3230 4160 3507 4231 portiones
3532 4160 3652 4213 illas
3684 4173 3818 4228 quas

2217 4254 2347 4310 mihi
2401 4252 2788 4309 Guntlterusin
2812 4267 3002 4309 omnes
3036 4267 3127 4309 res
3179 4266 3307 4307 suas
3352 4266 3449 4322 per
3487 4250 3818 4307 donationes

2218 4348 2468 4415 contulit,
2491 4355 2548 4404 et
2589 4349 2761 4419 ipsum
2813 4347 3164 4417 conjunctum
3215 4347 3357 4418 apud
3406 4348 3573 4419 ipsam
3624 4358 3815 4401 casam

520 4435 789 4505 agendum
817 4437 1255 4504 committerem;
1304 4435 1426 4492 ideo
1463 4434 1595 4491 mihi
1624 4436 1899 4501 convenit,
1936 4444 1997 4491 ut
2048 4434 2116 4489 de
2147 4456 2194 4516 υ
2221 4440 2616 4495 Diablenticam
2668 4447 2744 4506 te,
2775 4447 3121 4494 sacrosancta
3178 4446 3352 4493 mater
3403 4446 3460 4492 et
3512 4437 3674 4491 heres
3696 4449 3815 4489 mea

520 4529 969 4601 quantiscumque
997 4530 1138 4585 villis
1166 4539 1369 4587 sancta:
1396 4529 1631 4588 basilica
1666 4528 1850 4584 domui
1882 4526 2026 4584 Petri
2058 4536 2115 4581 et

522 4619 672 4676 Pauli
697 4621 929 4677 herediis
955 4638 1087 4678 mea:
1116 4621 1363 4692 delegavi
1386 4620 1762 4694 possidendas,
1792 4629 1851 4676 ut
1871 4619 2113 4691 singulos

522 4711 816 4769 condomas
842 4712 911 4768 de
932 4728 1257 4784 unaquaque
1284 4714 1409 4769 villa
1425 4714 1515 4784 qui
1538 4713 1819 4769 nitidiores
1847 4727 1966 4769 esse
1987 4727 2115 4768 nos-

521 4809 741 4869 cuntur,
764 4813 821 4857 et
856 4818 953 4858 nos
979 4804 1064 4857 vel
1121 4803 1357 4859 basilica:
1406 4814 1606 4860 sanetae
1654 4803 1891 4859 fideliter
1927 4802 2114 4859 deser-

519 4893 676 4949 viunt
701 4892 949 4947 voiumus
974 4894 1194 4949 nomina
1221 4909 1410 4949 eorum
1452 4894 1505 4949 in
1548 4909 1653 4949 una
1701 4893 1927 4965 epistola
1978 4909 2115 4949 con-

522 4987 781 5053 scribere,
803 4992 862 5040 et
888 5000 1046 5039 manu
1076 4994 1259 5041 nostra
1283 4986 1517 5052 firmare,
1547 4993 1609 5040 ut
1634 4986 1842 5055 integro
1870 4985 2118 5040 relaxen-

519 5087 610 5133 tur
657 5094 687 5133 a
741 5078 984 5144 servitio,
1014 5086 1071 5133 et
1125 5079 1255 5149 ipsis
1316 5094 1420 5133 una
1452 5079 1656 5149 pariter
1682 5094 1805 5135 cum
1831 5078 2025 5134 abbate
2049 5078 2116 5134 de

523 5172 853 5241 sepulturola
894 5184 1041 5235 mea,
1071 5179 1179 5225 tam
1220 5169 1288 5225 de
1316 5171 1603 5226 iuminario
1633 5185 1794 5241 quam
1823 5170 1892 5225 de
1926 5170 2119 5225 cineri-

526 5261 627 5317 bus
673 5263 807 5318 meis
860 5262 1068 5331 integra
1098 5262 1176 5317 eis
1202 5263 1274 5317 sit
1301 5278 1430 5319 cura
1456 5276 1631 5332 usque
1662 5261 1749 5316 die
1779 5261 1968 5316 ultimo
1995 5260 2119 5315 vita:

527 5368 735 5418 eorum,
766 5361 875 5407 tam
928 5353 1004 5407 illi
1055 5368 1219 5423 quam
1274 5353 1490 5409 soboles
1531 5352 1626 5424 qui
1656 5367 1725 5407 ex
1748 5351 1885 5422 ipsis
1908 5350 2120 5406 fuerant

528 5446 820 5515 procreati,
852 5445 903 5499 in
935 5455 1199 5517 perpetuo
1227 5445 1427 5502 debent
1447 5461 1568 5503 eum
1603 5446 1814 5515 integra
1843 5445 2120 5513 diligentia

528 5539 819 5606 deservire,
833 5549 889 5595 et
917 5541 1220 5611 ingenuitas
1240 5550 1418 5598 status
1438 5542 1656 5598 illorum
1684 5541 1786 5597 sub
1807 5540 2123 5598 defensione

530 5628 699 5709 ipsius
726 5631 935 5688 abbatis
962 5632 1155 5689 debeat
1174 5633 1559 5704 perpetualiter
1586 5633 1901 5704 perdurare.

604 5723 711 5781 Sed
731 5725 853 5795 quia
883 5740 980 5782 nos
1006 5726 1071 5782 de
1096 5725 1296 5783 familia
1326 5736 1523 5785 sanctrc
1554 5727 1810 5787 Ecclesia:
1861 5730 1990 5785 nihil
2024 5744 2122 5786 nec

2220 4531 2463 4588 Ecclesia
2528 4529 2729 4586 habere
2774 4530 3010 4586 decerno
3060 4529 3301 4586 Casellas
3354 4526 3473 4585 illas
3498 4543 3629 4598 quas
3654 4527 3816 4582 bonae

2216 4623 2494 4680 memorias
2532 4620 2914 4689 Domuigisilus
2952 4621 3215 4677 diaconus
3254 4638 3321 4677 ex
3378 4630 3561 4676 nostro
3585 4634 3815 4674 munere

2217 4715 2425 4785 habuit,
2448 4722 2504 4770 et
2532 4713 2631 4784 ipsi
2672 4728 2875 4784 pauper
2920 4713 3053 4770 inibi
3090 4714 3398 4777 mdilicavit,
3431 4722 3485 4769 et
3532 4729 3629 4768 nos
3693 4719 3816 4783 post

2217 4807 2359 4864 illius
2380 4807 2586 4863 obitum
2616 4803 2927 4862 dulcissimo
2956 4806 3138 4878 nepoti
3164 4816 3351 4864 nostro
3366 4804 3812 4861 Leudochramno

2217 4900 2605 4963 concessimus,
2624 4912 2747 4953 cum
2761 4914 2953 4953 omnes
2982 4899 3234 4967 casellas,
3252 4898 3545 4963 easticella,
3573 4896 3811 4962 vineola,

2218 4989 2537 5061 campellos,
2569 4987 2797 5058 etquod
2825 4990 2897 5043 ibi
2925 4990 3042 5060 ipse
3089 4988 3353 5043 diaconus
3410 4989 3616 5043 habere
3666 4988 3814 5041 visus

2220 5085 2338 5151 fuit,
2368 5098 2490 5139 cum
2525 5082 2851 5154 mancipiola
2882 5082 2970 5137 illa
2995 5082 3086 5153 qui
3116 5083 3249 5137 inibi
3298 5082 3497 5138 habere
3537 5081 3812 5146 videntur,

2221 5176 2469 5233 volumus
2514 5182 2574 5230 ut
2628 5174 2743 5245 ipse
2772 5189 2945 5245 nepos
2976 5181 3163 5229 noster
3192 5173 3319 5229 dum
3350 5188 3448 5244 pro
3481 5186 3668 5227 amore
3711 5185 3813 5225 no-

2218 5278 2334 5324 stro
2365 5266 2617 5336 frequens
2646 5265 2713 5322 ad
2738 5266 3014 5321 basilicam
3045 5265 3103 5321 S.
3136 5264 3282 5320 Petri
3312 5271 3369 5320 et
3412 5262 3561 5318 Pauli
3602 5268 3816 5332 aposto-

2220 5357 2395 5415 lorum
2429 5358 2614 5413 venire
2633 5357 2921 5424 deliberat,
2953 5359 3097 5412 sicut
3124 5364 3181 5412 et
3207 5371 3308 5410 nos
3345 5355 3397 5410 in
3429 5360 3812 5410 testamentum

2221 5449 2554 5521 scripsimus,
2586 5449 2836 5505 volumus
2881 5456 2942 5502 nt
2969 5448 3114 5517 ipsas
3161 5462 3284 5502 cum
3337 5443 3507 5515 gratia
3560 5440 3817 5513 pontiﬁce

2222 5556 2541 5598 successore
2597 5547 2787 5597 nostro
2835 5554 3052 5610 semper
3079 5537 3382 5610 possideat,
3407 5537 3484 5590 sic
3504 5548 3719 5605 quoque
3759 5544 3813 5586 at

2225 5641 2347 5703 post
2398 5632 2602 5687 obitum
2652 5632 2795 5689 illius
2843 5631 2910 5688 ad
2954 5632 3043 5703 jus
3079 5639 3279 5688 sancta:
3328 5627 3579 5685 Ecclesia:
3632 5640 3815 5681 rever—

2228 5734 2391 5779 tatur.
