4030 6318
245 308 350 367 409

1123 303 1180 358 S.
1222 302 1540 360 PROTADII
1584 301 1943 371 VESUNTINI
1986 303 2289 361 EPISCOPI
2326 304 2674 363 LITURGIA.

3407 313 3514 372 ΗΟ

212 396 229 415 ﬁ
318 420 451 475 Nam
477 407 530 473 et
551 430 652 486 ego
701 416 753 470 in
801 414 1051 486 pmsenti
1081 415 1362 495 denuntio.
1398 423 1456 469 ut
1482 416 1529 469 si
1556 414 1676 486 quis
1702 431 1832 471 con—
1861 423 1909 482 Α
1934 416 2223 491 cbramnus
2246 416 2297 472 in
2336 418 2533 475 Cltristi
2561 418 2781 475 nomine
2801 418 2910 476 acsi
2932 420 3180 492 indignus
3224 423 3515 495 episcopus

246 522 331 568 tra
358 514 497 566 hanc
525 510 852 565 voluntatem
884 523 1059 561 meam
1082 507 1263 562 venire
1278 507 1587 574 tentaverit,
1610 522 1825 561 excom.

245 600 612 656 municatione
636 606 894 670 perpetua
920 594 1162 663 feriatur,
1195 604 1250 651 ct
1278 596 1385 650 tale
1416 596 1469 649 in
1494 596 1668 665 ipsum
1692 596 1833 651 Deus

242 691 504 758 judicium
525 688 796 755 ostendat,
821 696 880 742 ut
907 688 1054 756 lepra
1080 685 1315 739 Naaman
1346 700 1654 755 percussus,
1687 696 1832 741 terra

249 782 423 851 ipsum
470 782 609 836 sicut
658 780 865 834 Datban
915 787 971 834 et
1030 780 1233 836 Abiron
1286 778 1604 847 absorbeat;
1658 786 1714 833 et
1756 778 1835 834 sic

250 871 384 927 ultio
410 871 588 925 divina
618 871 672 925 in
702 870 852 925 illum
880 881 1161 940 appareat,
1193 878 1251 925 ut
1274 871 1326 925 in
1357 870 1611 941 praesenti
1635 869 1834 924 sa-culo

246 979 311 1018 se
337 964 477 1017 male
505 962 680 1032 egisse
732 970 1044 1029 cognoscat,
1094 971 1151 1016 et
1194 964 1247 1015 in
1290 960 1525 1016 futurum
1570 960 1835 1030 judicium

248 1068 524 1122 nunquam
574 1053 909 1110 remissionis
958 1052 1169 1107 veniam
1197 1059 1579 1120 consequatur.
1612 1050 1670 1106 Si
1715 1065 1837 1119 quae

246 1142 445 1210 litum,
466 1142 510 1196 si
559 1156 679 1212 quze
705 1151 1058 1205 caraxaturze,
1092 1141 1137 1195 si
1196 1156 1315 1211 quae
1372 1141 1562 1195 litterae
1611 1139 1838 1209 adjecta

245 1242 374 1288 sunt
403 1234 486 1291 vel
513 1233 786 1300 detractas,
810 1248 911 1303 ego
941 1233 1059 1299 feci,
1082 1232 1302 1303 ﬁerique
1324 1232 1477 1303 jussi,
1509 1232 1637 1288 dum
1659 1246 1835 1287 meam

246 1323 381 1377 mibi
406 1323 601 1393 saepius
626 1324 858 1394 pralego
902 1326 1268 1392 voluntatem;
1294 1334 1350 1381 et
1376 1326 1556 1381 omnia
1605 1341 1701 1396 per
1722 1341 1833 1379 sm-

247 1413 373 1481 gula
401 1428 731 1483 recognosco
762 1415 844 1470 vel
867 1416 1116 1471 emendo.
1153 1416 1221 1471 Ut
1273 1416 1360 1471 lex
1389 1417 1601 1479 edocet,
1629 1426 1835 1486 septem

247 1506 491 1560 virorum
517 1506 867 1562 honestorum
894 1509 1381 1580 subscriptionibus
1409 1518 1466 1565 et
1494 1509 1680 1579 sigillis
1720 1525 1838 1567 cre-

245 1597 357 1653 didi
381 1599 746 1664 muniendum,
778 1607 834 1654 et
887 1616 985 1670 pro
1037 1601 1203 1657 totius
1254 1600 1331 1656 rei
1390 1599 1646 1655 firmitate
1673 1609 1839 1671 atque

245 1691 594 1761 stipulatione
623 1691 836 1747 adnecti
879 1693 1134 1764 przecepi.
1157 1693 1349 1749 Actum
1394 1691 1757 1747 Cenomanuis
1784 1691 1837 1745 in

1936 512 2314 573 testamentum
2343 524 2546 575 meum,
2568 508 2868 578 quemﬁlio
2890 527 3012 568 meo
3043 514 3265 570 Ebbone
3296 518 3513 573 notario

1934 599 2221 655 scribendo
2249 601 2470 667 dictavi,
2488 602 2652 671 relegi
2680 611 2734 658 et
2759 605 3071 676 subscripsi.
3096 606 3361 663 Guntinus
3407 607 3518 665 ﬂo-

1936 700 2157 747 noratus
2210 693 2533 763 subscripsi,
2562 703 2788 763 rogante
2833 700 3035 753 domno
3076 699 3513 757 Bertichratttuo.

1934 782 2118 850 Dado,
2172 795 2397 855 rogante
2449 787 2650 845 doumo
2707 788 3150 858 Bertiehramno,
3203 793 3517 865 subscripsi.

1935 873 2157 944 Signum
2190 877 2440 947 Gerinus,
2471 889 2696 949 rogante
2725 881 2924 937 domno
2946 882 3372 950 Bertichramno,
3402 885 3521 941 sub-

1934 969 2147 1039 scripsi.
2197 968 2510 1038 lbbolenus,
2556 979 2782 1040 rogante
2834 972 3033 1028 domno
3087 973 3523 1043 Bcrticbramno,

1934 1062 2250 1132 subscripsi.
2304 1061 2514 1124 Gaddo.
2558 1072 2783 1132 rogante
2840 1065 3039 1121 domno
3092 1065 3527 1137 Berticbramno,

1936 1151 2247 1223 subscripsi.
2303 1152 2416 1223 Ego
2464 1153 2619 1222 Ilugo
2672 1153 2983 1211 Honoratus
3024 1155 3335 1227 subscripsi.
3405 1156 3525 1227 Ego

1934 1240 2089 1296 Ebbo
2138 1243 2398 1311 notarius,
2425 1243 2649 1313 jubente
2699 1244 2899 1300 domno
2947 1261 3069 1301 meo
3114 1245 3523 1302 Bcrticltramno

1936 1334 2236 1402 episcopo,
2286 1340 2349 1389 et
2404 1334 2518 1403 ipso
2588 1343 2894 1403 prasente,
2964 1335 3071 1390 hoc
3137 1343 3521 1395 testamentum

1936 1423 2147 1493 scripsi,
2180 1424 2349 1494 relegi
2396 1434 2451 1480 et
2499 1425 2809 1495 subscripsi,
2844 1426 3024 1482 notavi
3069 1425 3231 1481 diem.
3265 1426 3525 1483 Similiter

1936 1528 2037 1584 ego
2061 1514 2496 1573 Berticbramnus
2516 1517 2802 1587 episcopus
2821 1531 2954 1586 rogo
2975 1517 3085 1573 lilio
3114 1533 3236 1573 meo
3258 1518 3524 1573 archidia-

1938 1620 2099 1670 cono,
2131 1613 2188 1660 ut
2210 1622 2330 1661 cum
2387 1616 2769 1663 testamentum
2815 1622 2994 1662 meum
3043 1614 3289 1677 apertum
3339 1605 3522 1670 tuerit,

1941 1695 2060 1766 ipso
2111 1706 2500 1769 prosequente,
2547 1700 2714 1767 gestis
2755 1698 3169 1768 municipalibus
3227 1696 3522 1753 secundum

245 1784 486 1849 civitate,
512 1783 600 1838 die
646 1791 704 1839 et
747 1799 891 1840 attno
919 1785 1166 1856 superius
1217 1784 1627 1855 comprehenso.
1659 1782 1834 1839 Berti-
1864 1776 1910 1836 Β
1938 1788 2110 1859 legem
2139 1787 2302 1846 faciat
2340 1789 2569 1860 alligari,
2600 1806 2705 1862 quo
2752 1805 2966 1862 semper
2995 1788 3220 1845 ﬁrmiter
3247 1784 3523 1860 perduret.

259 2075 2210 2089 mm

1530 2304 1693 2346 ANNO
1738 2304 1985 2348 υοκιηι.
2009 2302 2249 2346 DCXXIV

587 2448 1665 2704 SANCTUS
1757 2527 3178 2702 PROTADIUS

1347 2874 1775 2933 VESUNTINUS
1804 2873 2415 2932 ARCHIEHSCOPUS.

802 3286 1268 3371 [\"O'l'l'l'IA
1332 3282 1965 3371 HISTORICA
2052 3285 2171 3363 ΙΝ

2261 3283 3003 3365 PROTADIUM.

1008 3638 1085 3700 (Di
1111 3640 1222 3698 nol,
1252 3636 1463 3684 llistnire
1488 3636 1549 3682 de
1578 3633 1793 3695 l'ligliso,
1824 3632 1936 3681 vilic
1959 3644 2007 3680 ct
2033 3626 2235 3682 diocese
2262 3634 2326 3682 de
2352 3626 2630 3696 Besangon,
2657 3643 2690 3685 t.
2720 3635 2785 3699 Ι.)

332 3969 410 4023 Le
438 3982 562 4023 nom
602 3966 669 4021 de
706 3972 792 4021 cet
831 3964 1038 4033 évéque
1087 3972 1170 4023 est
1208 3963 1342 4017 dans
1386 3979 1484 4017 nos
1530 3962 1840 4030 catalogues
1871 3966 1917 4022 Α
1946 3958 2101 4013 lirent
2149 3956 2282 4012 fairc
2330 3974 2397 4012 un
2442 3958 2598 4013 buste
2639 3957 2905 4027 d‘argcnt,
2948 3954 3003 4013 et
3047 3958 3124 4015 les
3152 3962 3394 4031 eitoycns
3434 3977 3541 4019 uae

212 4068 213 4071 ‘
259 4060 423 4131 aprés
447 4056 585 4113 celui
611 4058 677 4111 de
704 4056 843 4111 saint
872 4054 1043 4116 Nicet,
1076 4062 1131 4108 et
1157 4054 1290 4108 dans
1322 4070 1420 4110 nos
1460 4055 1749 4109 ancienncs
1776 4053 1843 4108 li-

260 4154 439 4206 tauies
467 4166 533 4205 au
560 4149 784 4204 nombre
811 4147 906 4202 des
931 4147 1099 4200 saints
1127 4142 1299 4201 conte»
1317 4161 1488 4201 seurs.
1520 4146 1588 4199 Sa
1622 4144 1846 4213 légende

261 4249 420 4312 porte
440 4238 566 4308 qu'il
590 4237 723 4292 était
748 4235 906 4291 d'une
928 4235 1133 4289 illustre
1155 4235 1451 4300 naissance,
1477 4234 1844 4296 nobilissimus,

261 4332 408 4388 aimé
452 4339 505 4386 et
533 4328 721 4385 estimé
753 4327 822 4382 du
857 4328 934 4385 roj
978 4326 1213 4380 Clotaire
1257 4325 1317 4389 ll,
1353 4334 1407 4380 et
1432 4341 1536 4393 que
1565 4342 1628 4379 cc
1667 4325 1850 4393 prince

262 4423 478 4494 prenait
518 4428 746 4477 sonvent
771 4436 859 4475 ses
902 4420 1168 4495 consciis;
1210 4420 1336 4487 qu'il
1372 4418 1560 4474 écrivit
1595 4436 1663 4473 un
1716 4420 1850 4473 livre

262 4514 365 4568 des
399 4512 530 4567 rites
575 4512 643 4565 de
677 4527 773 4565 sou
824 4498 1033 4578 Eglise,
1091 4511 1119 4562 a
1160 4510 1209 4562 la
1241 4510 1415 4577 prie‘re
1467 4497 1748 4563 d‘Etienne
1796 4516 1851 4562 et

264 4603 515 4673 d‘Aymin
536 4645 550 4667 ,
582 4601 731 4657 cbel‘s
759 4601 855 4654 des
896 4598 1231 4653 catltédrales
1260 4598 1326 4652 de
1370 4596 1670 4651 Saint-lea“
1701 4605 1754 4651 et
1784 4596 1851 4650 de

265 4678 716 4756 Saint-illicitae;
763 4690 890 4759 qu'il
942 4698 1159 4743 mourut
1205 4688 1253 4742 lc
1294 4686 1361 4740 12
1390 4688 1605 4752 février,
1637 4696 1692 4741 et
1724 4688 1853 4754 qu'il

268 4785 353 4839 fut
395 4783 610 4838 inbumé
637 4782 769 4836 dans
799 4770 1013 4851 lEglise
1040 4781 1107 4834 de
1149 4779 1533 4834 Saint-l'ierre.
1568 4778 1604 4830 ll
1636 4779 1854 4847 pouvait

266 4882 389 4931 utre
414 4876 466 4930 le
493 4874 633 4930 lrére
658 4891 725 4929 ou
754 4874 804 4928 le
830 4872 912 4926 liis
940 4874 1005 4927 de
1028 4872 1254 4926 Frotade
1281 4871 1372 4941 qui
1402 4871 1531 4926 e’tait
1560 4870 1626 4925 de
1657 4870 1855 4924 lamille

269 4967 517 5020 romaine
563 4975 617 5019 et
670 4965 837 5018 maire
888 4965 957 5019 du
1020 4964 1191 5033 palais
1246 4963 1314 5017 de
1358 4962 1674 5031 Bourgogne
1726 4977 1855 5017 suns

270 5057 485 5113 Tltierri
533 5056 597 5110 ll.
630 5056 669 5110 ll
698 5056 926 5112 sucréda
959 5054 988 5108 δ
1019 5055 1166 5109 Nicet
1201 5070 1267 5107 au
1297 5060 1761 5107 commencement
1786 5051 1855 5104 du

273 5147 539 5218 septiéme
566 5146 760 5211 siécle,
798 5155 853 5201 et
884 5147 920 5200 il
949 5146 1084 5200 était
1127 5154 1267 5201 mort
1295 5161 1360 5199 en
1390 5144 1514 5198 625.
1558 5145 1730 5199 Donat
1757 5160 1854 5199 son

272 5252 591 5293 successeur
618 5238 805 5291 assista
836 5253 902 5291 au
941 5236 1148 5291 concile
1172 5236 1240 5291 de
1268 5234 1471 5289 Rcims.

1949 4051 2162 4117 chasse,
2190 4051 2323 4105 (illis
2348 4049 2582 4119 lesquels
2610 4066 2708 4105 son
2749 4050 2877 4105 chel‘
2897 4059 2951 4105 et
2977 4066 3064 4105 ses
3087 4061 3270 4107 autres
3308 4054 3565 4123 reliquus:

1949 4138 2126 4195 furcnt
2172 4139 2465 4195 translérés
2494 4141 2545 4197 le
2576 4141 2609 4194 9
2645 4140 2843 4198 ferrier
2880 4140 3034 4199 1614.
3069 4142 3141 4198 Sa
3170 4144 3431 4200 mémoire
3458 4154 3544 4200 est

1950 4248 2017 4286 en
2064 4232 2267 4301 grande
2298 4231 2609 4286 vénération
2660 4231 2795 4285 dans
2825 4240 2967 4287 cette
2999 4232 3146 4297 villo,
3175 4233 3244 4288 οὺ
3285 4234 3392 4288 l'on
3444 4233 3545 4288 fuit

1950 4336 2009 4373 sa
2037 4320 2144 4375 léte
2175 4322 2224 4375 le
2255 4320 2321 4373 19
2343 4321 2539 4375 l'évrier
2567 4330 2621 4374 et
2642 4336 2739 4374 son
2771 4321 2925 4375 ofﬁce
2952 4321 3167 4377 double.

2021 4410 2096 4466 Le
2123 4412 2402 4480 magistrat
2434 4428 2462 4465 a
2494 4421 2749 4467 coutume
2776 4412 3023 4466 d'inviter
3044 4413 3096 4467 le
3126 4412 3307 4481 clergé
3333 4414 3400 4469 de
3428 4400 3540 4471 ΙἘέ-

1951 4508 2083 4575 glise
2114 4507 2181 4561 (le
2209 4506 2576 4561 Saint-P.erre
2617 4506 2646 4559 ὲ
2676 4521 2907 4574 exposer
2936 4506 3012 4559 les
3040 4506 3277 4575 reliques
3305 4508 3373 4562 de
3399 4510 3542 4563 saint

1954 4600 2187 4654 Protade
2217 4616 2352 4668 pour
2378 4600 2582 4653 exciter
2616 4598 2663 4652 le
2693 4597 2883 4667 people
2913 4597 2941 4650 ὲ
2973 4597 3267 4652 demander
3296 4615 3392 4669 par
3423 4601 3526 4655 l‘iu-

1955 4694 2248 4748 tercession
2277 4693 2343 4747 de
2370 4707 2432 4747 ce
2459 4693 2600 4745 saint
2631 4689 2831 4761 pontife
2852 4689 3025 4745 d'étre
3049 4690 3254 4747 délirré
3281 4692 3374 4747 des
3403 4695 3536 4746 cala.

1956 4785 2113 4841 mités
2152 4784 2433 4854 publiques
2461 4784 2639 4852 quand
2687 4782 2722 4835 il
2771 4797 2836 4835 en
2865 4792 2948 4838 est
2998 4785 3248 4841 menacé:
3282 4794 3336 4841 et
3384 4803 3451 4840 on
3486 4786 3545 4839 lit
3582 4810 3585 4811 ν

1955 4878 2090 4930 dans
2118 4875 2195 4929 les
2239 4882 2386 4929 actos
2412 4874 2479 4928 de
2509 4872 2712 4942 l’église
2741 4875 3182 4944 me’lropolitaine
3212 4875 3370 4945 qu’eu
3404 4874 3543 4929 1329

1955 4978 2010 5023 et
2037 4967 2175 5023 1642
2202 4968 2279 5022 les
2301 4968 2665 5034 archeveques
2693 4966 3058 5041 ordonnérent
3083 4968 3178 5024 des
3204 4985 3368 5038 prore
3398 4969 3546 5024 sinus

1956 5057 2231 5127 générales
2258 5059 2447 5129 depuis
2477 5058 2679 5127 l‘église
2717 5059 2784 5115 de
2810 5061 3124 5118 Saint-Jean
3148 5062 3394 5131 jusqu'au
3422 5061 3544 5116 dela

1955 5148 2026 5202 du
2056 5156 2207 5217 pont,
2260 5148 2394 5203 dans
2423 5148 2711 5219 lesquellcs
2741 5150 2790 5205 la
2820 5153 3011 5209 obesse
3051 5153 3117 5208 de
3144 5153 3283 5206 saint
3315 5150 3545 5207 Protade

1957 5238 2127 5292 serait
2154 5237 2358 5307 portéc.

346 5328 457 5382 Son
478 5342 638 5397 corps
661 5343 690 5380 a
720 5328 808 5381 été
837 5326 951 5381 lcvé
977 5326 1043 5380 de
1071 5334 1233 5387 terre,
1263 5335 1315 5380 et
1339 5324 1539 5395 exposé
1565 5326 1595 5379 it
1620 5326 1672 5378 la
1696 5322 1858 5379 véné-
1890 5323 1935 5382 Β
2030 5328 2183 5383 Saint
2208 5328 2436 5385 l’rotade
2465 5339 2548 5386 est
2573 5331 2797 5399 regardé
2820 5347 3028 5387 comme
3069 5331 3295 5385 l'auteur
3321 5330 3390 5385 du
3424 5347 3547 5401 pre-

275 5422 456 5477 ration
484 5421 555 5477 du
608 5421 788 5492 public
822 5423 955 5475 dans
982 5420 1182 5490 l'église
1220 5420 1286 5474 de
1314 5419 1692 5485 Saint-Pierre,
1726 5420 1793 5475 οὺ
1824 5420 1857 5473 il

1965 5420 2100 5475 micr
2126 5419 2302 5475 Ritutl
2334 5422 2468 5476 écrit
2495 5422 2559 5477 de
2587 5410 2803 5490 l‘Eglise
2827 5422 2894 5477 de
2925 5422 3232 5491 Besancon;
3283 5423 3373 5480 ῘΙΙῑι
3395 5424 3550 5496 ηιθξό

277 5513 427 5568 avait
469 5513 557 5570 été
607 5512 839 5570 inhumé.
895 5512 1000 5569 Les
1047 5512 1355 5583 citat-clains
1402 5512 1469 5567 de
1516 5520 1657 5567 cette
1698 5511 1863 5579 eglise
1965 5518 2020 5564 et
2047 5509 2334 5580 augmeuté
2362 5510 2493 5567 dans
2524 5511 2573 5566 la
2602 5512 2741 5569 suite
2781 5512 2876 5568 des
2907 5522 3099 5582 tcmps.
