4030 6318
536 212 630 267 Ml
1559 202 1615 255 S.
1660 196 1983 256 PItUTADﬂ
2017 195 2383 256 VBSUNTLVI
2429 200 2731 256 EPlSCOH
3666 208 3753 264 ηε

1308 432 1987 561 ΒᾹΝΕΤῙ
2056 447 2963 563 PROTADII

1802 639 2145 691 VESUNTINI
2180 640 2468 692 El‘lSCOi’I

1522 781 2725 998 LIT__[_i_l_i_(_;_IA.

2031 983 2447 1001 ———-‘

1222 1202 1687 1291 LAUDES
1775 1199 1999 1284 SEU
2073 1201 2223 1285 AC
2243 1203 2455 1287 CLA
2471 1206 2903 1293 MATION
2919 1214 3057 1297 ES

1393 1359 1474 1401 EX
1515 1353 1789 1407 ANTIQUO
1821 1354 2261 1399 EPISTULABUM
2297 1357 2483 1404 LIBRO
2518 1362 2906 1422 BXSCRIPTE,

509 1476 660 1551 Qua:
688 1475 758 1535 in
784 1472 969 1555 missa
997 1466 1380 1555 pontiﬁrali,
1404 1463 1948 1555 juata‘antiq'num
1968 1459 2273 1555 Ecclesia:
2298 1464 2651 1555 Ιξίειιηιὶηω
2678 1469 3111 1555 ονίιιξηςινίιηη,⁹
3128 1494 3273 1554 ρας,
3302 1478 3405 1542 62,
3438 1480 3770 1540 oration“.

588 1557 753 1616 inter
785 1562 839 1612 et
869 1540 1195 1630 epis-tolum
1215 1540 1728 1630 decantabuntur.
1764 1540 1877 1600 lla:
1901 1550 2051 1630 sunt
2084 1540 2285 1601 adhuc
2314 1544 2383 1603 in
2412 1566 2529 1605 usu
2552 1551 2722 1626 apud
2750 1540 3171 1615 celeberrimus
3196 1540 3417 1618 Gallice
3445 1560 3768 1629 Ecclesiur;

587 1619 1331 1697 videlicet'l’iennensem,
1365 1622 1856 1702 Lugdunensem,
1888 1619 2460 1699 Rotlromgensem,
2492 1619 2613 1689 etc'.

1429 1903 1656 1969 Exaudi,
1680 1902 1912 1956 Christe.

501 2010 567 2066 N.
593 2017 616 2045 ⁸
649 2008 869 2064 Summo
898 1998 1136 2074 pontifici
1163 2009 1217 2054 et
1244 1995 1531 2053 universali
1556 2009 1707 2065 papa:
1736 1994 1881 2046 vita?

503 2101 755 2156 Salvator
782 2094 985 2160 mundi,
1613 2095 1669 2138 tu
1700 2083 1846 2138 illum
1874 2081 2089 2152 adiuva.

505 2192 705 2247 Sancte
746 2186 925 2249 Petro,
2010 2183 2092 2229 tu.

508 2283 708 2338 Sancte
730 2279 917 2341 Paule,
2012 2276 2092 2322 tu.

505 2374 705 2429 Sancte
731 2369 966 2432 Andrea,
2013 2365 2092 2411 tu.

505 2463 743 2530 Exaudi,
772 2460 1005 2516 Christe.
1058 2456 1122 2512 N.
1170 2453 1408 2527 pontifici
1429 2496 1444 2522 ,
1479 2452 1628 2508 clero
1657 2459 1713 2506 et
1741 2450 1943 2522 popqu
1991 2448 2091 2507 sibi

575 2558 865 2613 commisso
893 2556 1037 2609 salus
1065 2562 1119 2607 et
1147 2549 1357 2622 gloria!

505 2648 834 2717 Redemptor
860 2643 1069 2709 mundi,
1608 2646 1666 2693 tu
1688 2637 1840 2692 illum
1871 2636 2085 2706 adiuva.

503 2740 700 2794 Sancte
727 2736 971 2791 Ferreole
991 2776 1007 2803 ,
2010 2739 2087 2783 tu.

505 2830 700 2885 Sancte
720 2828 900 2882 Antidi
915 2869 931 2897 ,
2009 2829 2088 2874 tu.

503 2924 706 2977 Sancte
733 2920 993 2987 Desirate,
2009 2919 2093 2966 tu.

503 3011 738 3075 Exaudi,
798 3009 1027 3066 Christe.
1110 3006 1175 3063 N.
1234 3002 1689 3061 excellentissimo
1755 3003 2089 3072 imperatori.

2098 1748 2196 1759 ...-

573 1820 816 1878 Christus
840 1818 1024 1883 vincit,
1047 1815 1288 1871 Christus
1316 1819 1529 1880 regnat,
1559 1809 1806 1864 Christus
1837 1809 2085 1879 imperat.
2116 1819 2167 1876 Α
2197 1814 2310 1869 Rex
2344 1825 2547 1880 ηοειειι,

3326 1820 3573 1877 Christus
3603 1824 3769 1877 vincit.

2195 1907 2331 1977 Spes
2360 1920 2562 1975 nostra,

2194 1999 2564 2056 Misericordia
2596 2013 2805 2070 nostra,

2195 2090 2467 2147 Auxilium
2492 2106 2760 2166 nostrum,

2196 2184 2476 2242 Liberatio
2500 2197 2555 2243 et
2582 2188 2880 2260 redemptio
2908 2200 3114 2258 nostra,

2196 2278 2434 2333 Victoria
2458 2290 2668 2349 nostra,

2194 2371 2357 2425 Arma
2389 2381 2573 2428 nostra
2601 2383 2657 2428 et
2684 2375 3054 2446 invictisslma,

2195 2459 2379 2515 Murus
2406 2472 2591 2519 noster
2618 2466 3071 2537 inexpugnabilis,

2196 2554 2450 2614 Defensio
2480 2566 2534 2613 et
2561 2559 2819 2619 exaltatio
2850 2572 3058 2632 nostra,

2196 2646 2331 2713 Lux,
2364 2650 2447 2704 via
2472 2660 2528 2705 et
2555 2651 2663 2705 vita
2694 2661 2902 2718 nostra,

2196 2740 2235 2812 1,
2255 2742 2299 2797 si
2322 2743 2422 2797 soli
2454 2744 2765 2815 imperium,
2795 2747 2966 2817 gloria
2988 2756 3044 2804 et
3063 2756 3307 2820 potestas
3335 2765 3437 2821 per
3463 2752 3772 2808 immortalia

2264 2835 2457 2891 saecula
2483 2838 2820 2893 saeculorum.
2914 2842 3102 2895 Amen.

2194 2922 2298 2994 Ipsi
2333 2925 2435 2980 soli
2474 2926 2669 2993 honor,
2714 2926 2832 2982 laus
2859 2936 2915 2983 et
2940 2927 3183 2998 iubilatio
3218 2947 3315 3003 per
3338 2933 3547 2988 inﬁnita
3591 2934 3773 2989 sucula

2264 3015 2604 3071 saeculorum.
2707 3017 2899 3074 Amen.

569 3123 765 3180 magno
794 3111 847 3163 et
869 3098 1114 3179 paciﬁco,
1139 3115 1166 3158 a
1195 3098 1303 3160 Deo
1326 3107 1606 3169 coronato,
1633 3096 1736 3155 vita
1761 3104 1814 3153 at
1843 3092 2085 3155 victoria!

2222 3108 2302 3185 psi
2328 3109 2426 3170 soli
2466 3110 2659 3180 virtus,
2692 3108 2952 3172 fortitudo
2990 3121 3046 3172 et
3073 3115 3328 3188 victoria,
3361 3132 3456 3193 per
3484 3117 3662 3179 oniiiia
3687 3133 3775 3177 sa:-

502 3207 785 3263 l’rotector
813 3204 1022 3271 mundi,

504 3298 700 3354 Sancte
732 3294 975 3362 Maurici,
2004 3294 2085 3341 tu.

502 3391 702 3447 Sancte
724 3385 1089 3457 Sigismunde,
1868 3384 1871 3385 ⁷
2005 3386 2088 3433 ιιι.

501 3483 701 3538 Sancte
720 3480 929 3546 Victor,
1880 3548 1887 3551 _
1987 3479 2089 3543 .tu.

500 3573 725 3638 Exaudi,
757 3571 989 3626 Christe.
1014 3568 1080 3624 N.
1109 3569 1306 3626 inclita:
1329 3567 1525 3639 regine
1550 3566 1642 3623 lux
1668 3572 1724 3620 et
1751 3561 1923 3634 gratia
1955 3561 1971 3615 !

500 3667 618 3722 Lux
650 3664 860 3733 mundi,
1606 3665 1665 3711 tu
1694 3655 1838 3711 illam
1869 3652 2087 3724 adiuva.

500 3755 697 3812 Sancta
725 3754 1015 3826 Perpetua,
2004 3753 2083 3799 tu.

500 3852 699 3905 Sancta
740 3848 924 3917 Lucia,
2001 3846 2083 3893 tu.

500 3940 698 3997 Sancta
723 3941 1048 4011 Walburgis,
2001 3941 2081 3987 tu.

499 4028 726 4095 Exaudi,
772 4028 1002 4085 Christe.
1033 4030 1291 4085 Omnibus
1329 4026 1597 4099 iudicibus
1622 4034 1677 4082 et
1702 4030 1901 4081 cuncto
1929 4035 2086 4078 exer-

572 4123 701 4178 citui
728 4121 1151 4177 Christianorum
1178 4122 1289 4176 vita
1317 4129 1371 4176 et
1394 4120 1616 4175 victoria
1647 4118 1661 4172 ι

499 4216 740 4271 Salvatio
773 4223 973 4280 nostra,
1634 4219 1691 4266 tu
1720 4208 1843 4265 illos
1867 4204 2082 4276 adiuva.

501 4306 700 4363 Sancte
726 4306 943 4377 Georgi,
2004 4304 2081 4351 tu.

501 4398 701 4454 Sancte
725 4398 1031 4466 Theodore,
2001 4399 2080 4444 tu.

499 4491 699 4548 Sancte
736 4491 983 4559 Mercuri,
2004 4491 2069 4539 ιιι

497 4582 740 4638 Christus
767 4584 949 4651 vincit,
974 4582 1219 4639 Christus
1242 4588 1451 4651 regnat,
1474 4577 1717 4634 Christus
1747 4577 1995 4646 imperat.

1606 3204 1664 3249 tu
1696 3196 1842 3249 illum
1874 3193 2088 3264 adiuva.
2127 3190 2172 3247 Β
2268 3205 2386 3261 cula
2414 3208 2754 3262 seculorum.
2861 3208 3030 3262 Amen

2192 3295 2432 3366 Christe,
2454 3297 2577 3352 audi
2607 3314 2728 3354 nos.
2757 3298 2973 3356 Christe
3001 3300 3125 3357 audi
3158 3318 3275 3358 nos.

2194 3391 2429 3458 Christe,
2461 3392 2584 3447 audi
2614 3408 2731 3449 nos.

2192 3481 2385 3539 KIRBIE
2416 3499 2644 3551 meros,
2672 3483 2889 3541 Christe
2915 3485 3141 3544 eleison.

2196 3571 2408 3629 Christe
2432 3574 2656 3630 eleison.

2262 3711 2543 3781 Sequentt'a
2570 3711 2980 3767 decantabuntur
3011 3724 3283 3781 antequam
3313 3717 3521 3771 diaconi
3560 3718 3777 3771 dicerent

2191 3781 2289 3869 l_t.e,
2322 3783 2484 3869 missa
2528 3790 2630 3850 est,
2662 3792 2718 3836 ut
2744 3799 2809 3838 ea:
2834 3786 3009 3840 eodem
3040 3781 3321 3869 Qrdinario
3349 3790 3630 3860 colligitur,
3659 3807 3775 3859 pag.

2190 3851 2251 3906 Η
2284 3862 2334 3907 et
2362 3851 2450 3906 12.

2262 3965 2339 4024 Te
2367 3977 2639 4039 pastorem
2671 3968 2811 4025 Deus
2835 3970 3018 4041 elegit.
3047 3970 3104 4027 ln
3132 3971 3233 4028 ista
3257 3972 3461 4029 sedete
3489 3973 3628 4028 Deus
3656 3986 3771 4025 con.

2191 4070 2393 4116 servet.

2258 4151 2442 4207 Annos
2463 4152 2586 4206 vita:
2615 4152 2755 4207 Deus
2781 4154 3118 4223 multiplicet.

2260 4241 2529 4308 Feliciter,
2563 4240 2833 4306 Feliciter,
2863 4243 3133 4299 Feliciter.
3177 4244 3295 4301 Ter.

2262 4328 2526 4399 Tempora
2576 4332 2716 4385 bona
2763 4332 2983 4388 habeas.
3034 4330 3303 4405 Tempora
3359 4336 3499 4391 bona
3554 4336 3775 4390 habeas.

2189 4417 2455 4489 Tempora
2481 4420 2620 4474 bona
2653 4421 2876 4477 habeas.
2909 4423 3033 4478 Ter.

2258 4507 2455 4564 Multos
2484 4525 2672 4566 annos.
2748 4512 2938 4569 Amen.

536 4713 3771 4746 MM

1344 4826 1781 4914 INCIPIT
1846 4814 2917 4903 MARTYROLOGIUM

1828 4978 1946 5021 PER
1986 4973 2132 5019 ANNI
2165 4971 2512 5014 CIRCULUM.

1081 5153 1480 5213 JANUABIUS.

604 5289 921 5359 Principium
948 5285 1073 5359 Iani
1096 5289 1260 5342 sancit
1289 5289 1511 5359 (rapiens
1540 5287 1883 5356 Capricornus
1906 5331 1926 5359 ,

598 5359 721 5413 Jani
744 5360 911 5430 prima
939 5358 1071 5425 dies,
1101 5368 1149 5411 et
1171 5359 1386 5429 septima
1417 5358 1520 5427 ﬁne
1551 5360 1772 5414 timetur.

499 5518 563 5575 Α.
597 5520 847 5577 KLJan.
891 5522 1239 5579 Circumcisio
1289 5521 1521 5577 Domini.
1574 5522 1730 5592 Apud
1779 5522 2079 5582 Catsarcam

2094 5088 2185 5100 ...-

2105 5151 2153 5215 C

2648 5147 2985 5219 Capodociaz,
3008 5152 3066 5206 S.
3099 5152 3276 5207 Basilii
3302 5154 3561 5225 cpiscoiii.
3592 5157 3640 5211 lu
3663 5166 3748 5211 ter.

2614 5241 2805 5296 ritorio
2825 5242 3189 5312 Lugdunensi,
3286 5245 3521 5316 Eugendi
3540 5251 3746 5305 abbatis.

2188 5331 2250 5387 Β.
2291 5348 2365 5387 un
2403 5330 2539 5387 Non.
2581 5332 2777 5388 Octava
2805 5336 2975 5391 sancti
3005 5336 3283 5406 Stephani.

2187 5443 2248 5497 C.
2288 5459 2343 5497 ιιι
2405 5442 2539 5497 Νοη.
2586 5442 2786 5499 Octava
2831 5446 3004 5501 sancti
3052 5445 3273 5503 Joannis
3309 5464 3495 5520 evang.
3550 5448 3765 5505 Parisiis-

2651 5536 2935 5592 Cenoveﬁe
2967 5539 3206 5607 virginis.

572 5643 597 5672 η
632 5634 759 5691 Vide
799 5635 926 5694 0rd.
970 5637 1124 5695 Rom.
1160 5638 1245 5708 i2,
1276 5645 1493 5694 auctore
1532 5637 1745 5707 Ccnsio,
1779 5656 1829 5697 n.
1865 5640 1918 5709 9.,
1951 5644 2002 5700 in
2035 5653 2165 5703 tom.
2204 5647 2452 5704 LXXVIII
2478 5649 2811 5721 Patrologitc,
2846 5667 2909 5709 cx
2940 5653 3119 5712 Museo
3147 5654 3355 5713 italico.
3386 5655 3536 5712 Eutr.

732 6012 735 6013 θ
780 6010 915 6127 Ὗ

914 6130 947 6273 ’ἱ
