4030 6318
550 287 649 341 Ηῑί

547 837 611 893 F.

548 930 618 985 ει.

552 1021 618 1075 Α.

550 1110 614 1164 Β.

548 1201 612 1253 ι).

551 1291 615 1345 ιι.

552 1380 614 1436 Ε.

551 1472 613 1527 Γ.

553 1563 621 1617 G.

555 1655 620 1705 A.

560 1742 624 1795 Β.

556 1834 618 1885 (Σ.

556 1924 621 1981 υ.

558 2197 623 2253 Ε.

559 2377 621 2433 F.

558 2468 627 2523 ϐ.

561 2559 629 2613 A.

560 2649 625 2703 B.

560 2744 625 2799 Ο.

562 2904 627 2958 Β.

566 2993 629 3049 Ε.

565 3084 631 3141 F.

565 3175 630 3230 ϐ.

566 3268 632 3323 Α.

568 4646 632 4701 Ε.

569 4717 631 4773 F.

566 4786 634 4841 (ἶ.

568 4973 636 5028 Δ.

567 5068 629 5123 Β.

570 5162 634 5215 C.

572 5252 636 5308 D.

571 5434 628 5490 Ε.

572 5529 613 5583 F
624 5571 633 5581 .

1585 276 1642 333 S.
1702 274 2020 331 PllOTADll
2063 270 2428 331 VESUNTINI
2465 269 2774 329 ECPISCOPI
3686 268 3769 326 “6

1005 390 1328 457 Mediolano,
1341 388 1461 460 dep.
1479 389 1650 445 sancti
1671 387 1936 443 Ambrosii
1953 388 2120 458 episc.
2153 392 2196 449 Α
2226 388 2290 441 A.

1081 498 1136 545 et
1161 489 1305 544 conf.

1009 651 1364 720 Ermeuburga
1398 667 1546 706 soror
1588 648 1661 705 ll.
1699 646 2003 721 |llugonisl
2044 665 2132 702 ar-

1084 746 1248 815 cltiep.
1283 744 1350 799 Ο.

1007 1201 1211 1262 Ποιηω,
1244 1201 1415 1255 sancti
1442 1198 1634 1256 Leonis
1660 1215 1723 1271 pa
1733 1216 1831 1271 pm.

1015 1384 1317 1442 Vatcuerrus
1338 1390 1406 1457 fr.
1436 1386 1506 1440 11.
1530 1388 1759 1455 archlep.
1786 1386 1853 1439 υ.

1010 1476 1108 1531 SS.
1138 1476 1389 1542 Tiburtii,
1412 1476 1680 1531 Valeriani
1703 1485 1759 1532 et
1782 1476 2016 1531 Maximi.

1020 1931 1285 1998 Depositio
1331 1933 1465 1988 beati
1514 1932 1701 1989 Leonis
1746 1950 1897 2004 papa:
1925 1932 2025 1999 IX,
2056 1935 2143 2003 qui

1092 2023 1272 2076 Altare
1294 2023 1521 2077 ecclesia:
1548 2024 1713 2076 sancti
1755 2022 2010 2092 Stephani
2054 2019 2146 2075 Bi-

1092 2114 1251 2166 suntii
1279 2113 1518 2166 sacravit.

1020 2202 1262 2258 Iuventio
1290 2205 1484 2274 capitis
1529 2204 1696 2259 sancti
1733 2204 1944 2273 Agapiti
1982 2213 2144 2259 mart.

1097 2292 1151 2346 in
1176 2293 1403 2348 ecclesia
1431 2294 1603 2348 sancti
1629 2292 1912 2364 Stephani.

1020 2562 1205 2618 Sancti
1224 2560 1467 2632 Gregorii
1492 2563 1766 2635 martyris.

2236 479 2295 533 Β.

2235 573 2275 626 (3

2237 663 2280 716 Ι)

2263 751 2275 767 \

1015 2747 1199 2804 Sancti
1240 2750 1407 2806 Marci
1449 2751 1825 2820 evangelistze,
1867 2758 1922 2805 et
1953 2749 2151 2804 letania
2214 2762 2230 2774 ‘

1088 2840 1283 2909 major.

1025 3091 1206 3147 Sancti
1234 3090 1423 3147 Vitalis
1452 3092 1719 3164 martyris.

1028 3273 1290 3341 Luxovio,
1317 3276 1488 3332 sancti
1518 3275 1744 3330 Eustasii
1774 3276 2004 3332 abbatis.

961 3362 1158 3419 Mensis
1186 3365 1382 3436 Aprilis
1411 3365 1560 3420 habet
1586 3367 1697 3420 dies
1729 3383 1853 3431 xxx,
1883 3371 1924 3422 ι.
1955 3384 2105 3422 xxix.

958 3452 1010 3506 Ν
1016 3471 1085 3508 ax
1110 3454 1266 3509 horas
1296 3471 1366 3519 xi,
1399 3456 1507 3510 dies
1536 3457 1690 3510 horas
1717 3472 1829 3511 xnr.

1244 3545 1475 3601 MAIUS.

711 3632 881 3688 Maius
908 3639 1149 3707 agenorei
1178 3639 1392 3692 miratus
1414 3656 1609 3692 cornua
1643 3638 1822 3693 Tauri.

714 3723 916 3780 Tertios
941 3744 972 3779 (ι
1004 3726 1146 3782 Maio
1172 3728 1323 3795 lupus
1350 3738 1446 3794 est,
1477 3741 1524 3783 et
1554 3731 1796 3799 septimus
1821 3731 2023 3800 anguis.

1025 3816 1139 3870 Kal.
1172 3816 1316 3871 Maii.
1347 3816 1650 3889 Philippiet
1676 3818 1878 3875 Jacobi.
1906 3820 2151 3889 Agauno,

1097 3907 1423 3977 Sigismundi
1454 3908 1890 3977 Burgundionum
1929 3910 2071 3978 regis
2098 3919 2155 3964 et

1100 4009 1259 4054 mart.
1292 3999 1474 4055 Sancti
1506 4000 1730 4055 Λιπόθοιὶ
1761 4010 1917 4055 mart.
1966 4001 2150 4055 Antis-

1102 4092 1326 4161 siodori,
1353 4093 1523 4147 sancti
1576 4092 1845 4147 Amatoris
1888 4094 2051 4164 episc.
2100 4101 2156 4147 et

1100 4192 1299 4240 sancta:
1327 4185 1631 4254 Walburga:
1662 4187 1792 4253 virg.

1102 4370 1275 4425 sancti
1302 4367 1563 4423 Walberti
1589 4366 1713 4421 abb.

1030 4462 1273 4517 Iuventio
1320 4468 1519 4517 sancta:
1574 4459 1777 4515 Crucis.
1823 4460 2152 4529 Alexandri,

1104 4555 1311 4611 Eventii
1342 4562 1396 4610 et
1418 4553 1682 4610 Thcodoli
1714 4563 1873 4609 tnarl.

1034 4788 1247 4855 Ilotnaz,
1280 4799 1407 4843 ante
1438 4798 1646 4859 portam
1681 4791 1924 4844 Latinam
1946 4831 1961 4856 ,
1985 4789 2158 4844 sancti

1105 4880 1325 4937 Joannis
1352 4890 1523 4952 apost.
1552 4891 1608 4937 et
1636 4898 1825 4951 evang.

1046 5251 1301 5308 Gordiani
1329 5261 1383 5308 et
1416 5252 1713 5325 Epimaclii.
1747 5250 1900 5322 Apud
1930 5250 2155 5305 Vesunt.

1108 5345 1291 5400 Sancti
1314 5344 1549 5400 Silvestri
1568 5344 1732 5412 episc.
1750 5340 1988 5411 ejusdem
2005 5340 2153 5396 civit.

1034 5439 1212 5505 l.ing.,
1234 5437 1402 5492 sancti
1433 5435 1731 5506 Gcngnlphi
1760 5440 1921 5489 mart.

1034 5530 1238 5584 Natalis
1284 5537 1591 5584 sanctorum
1640 5526 1796 5581 Nerei
1824 5567 1839 5592 ,
1872 5522 2077 5579 Achilci
2108 5529 2163 5576 et

1114 5619 1382 5676 Pancratii
1422 5629 1581 5675 mart.
1638 5618 1829 5673 In’bulus
1862 5614 2163 5670 Rheutensis
2265 5606 2331 5661 Ο.

1111 5710 1449 5780 arcltiprwsul
1474 5707 1540 5763 0.

1038 5791 1245 5864 “0min,
1277 5809 1475 5857 sancte
1503 5800 1681 5857 Maria
1708 5800 1773 5856 ad
1803 5797 2087 5867 Martyres.

2180 3131 2319 3197 CF.

2252 3482 2319 3536 (ἰ.

2253 3575 2319 3629 Α.

2257 3666 2297 3722 Β

2254 4136 2320 4190 C.

1100 4224 1299 4240 ...κωκυ
1342 4224 1631 4254 ﬂamma.»
1668 4224 1792 4253 ...ιν

1027 4275 1302 4331 Athanasii
1325 4276 1490 4345 episc.
1522 4276 1577 4330 In
1611 4276 1879 4331 territorio
1909 4274 2114 4331 Blsunt.
2135 4317 2153 4346 ,

2190 4500 2324 4560 DF.

2259 4687 2325 4744 Ο.

2259 4780 2326 4834 Α.

2263 4871 2320 4925 Β.

2261 4964 2322 5019 C.

2264 5148 2323 5203 D.

2265 5241 2329 5294 Ιί-

2265 5332 2305 5387 F
2315 5373 2326 5385 .

2270 5792 2332 5847 Α.

2236 751 2295 808 Ε.

2239 842 2298 897 l“.

2237 932 2299 986 G.

2238 1024 2300 1079 A.

2239 1114 2297 1167 Β.

2237 1208 2301 1261 C.

2244 1481 2303 1535 Ι).

2244 1571 2310 1627 Ε.

2246 1662 2303 1717 F.

2247 1754 2314 1810 ϐ.

2245 1849 2311 1904 Α.

2245 1940 2307 1995 Β.

2246 2034 2307 2087 C.

2693 840 2896 910 Romae,
2931 839 3262 899 Potentianae
3292 843 3427 915 virg.

2697 1208 2948 1280 Lingon,
2978 1211 3170 1268 natalis
3196 1214 3366 1268 sancti
3411 1210 3666 1268 Desiderii
3696 1214 3784 1283 cpio

2774 1302 2923 1371 scopi
2969 1309 3024 1356 et
3052 1310 3209 1355 ruart.
3243 1302 3413 1358 Vienn
3430 1318 3481 1367 τ,
3511 1304 3673 1359 sancti
3705 1303 3786 1359 De-

2774 1392 2953 1447 siderii
2983 1393 3221 1465 episcopi
3243 1402 3300 1449 et
3321 1404 3478 1448 rnart.

2707 1576 2908 1645 llotnm,
2940 1578 3113 1635 sancti
3144 1577 3343 1636 Urbani
3374 1595 3528 1652 papa:
3550 1590 3604 1638 et
3631 1591 3765 1636 mart.

2703 2033 3005 2092 Translatio
3031 2049 3342 2094 sanctorum
3374 2038 3663 2109 Martyrum
3697 2038 3801 2094 Fer-

2786 2128 2920 2182 reoli
2959 2138 3015 2182 et
3060 2128 3327 2193 Ferrueii,
3375 2132 3574 2186 a-Ioco
3608 2135 3802 2199 antiqua:

2776 2217 3071 2288 sepultura:
3111 2220 3178 2274 ad
3225 2219 3418 2276 Urbem
3443 2261 3459 2286 ,
3512 2222 3570 2275 in
3613 2220 3802 2275 ecclesia

2778 2311 2921 2368 beati
2949 2312 3175 2370 Joannis
3202 2314 3567 2385 evangelistm.

2707 2404 2908 2470 Romze,
2940 2415 3143 2462 sancta:
3166 2404 3471 2461 Petronium
3495 2406 3723 2476 virginis.

2708 2497 2906 2553 Mensis
2939 2499 3111 2555 Maius
3144 2500 3297 2554 habet
3316 2501 3424 2554 dies
3448 2516 3602 2567 xxxi,
3640 2500 3676 2553 ι.
3706 2513 3807 2553 ω.

2640 2590 2695 2645 Ν
2700 2608 2767 2647 os:
2792 2593 2947 2647 horas
2972 2610 3022 2657 x,
3055 2594 3164 2648 dies
3187 2595 3343 2648 horas
3372 2607 3480 2648 xw.

2916 2682 3167 2739 JUNlUS.

2389 2771 2577 2826 Junius
2607 2782 2837 2843 mquatos
2865 2774 2991 2828 ratio
3018 2775 3152 2827 ridet
3175 2775 3252 2828 ire
3276 2772 3530 2828 Lutonas.

2396 2860 2678 2918 Undecimo
2705 2861 2892 2918 Junius
2922 2865 3236 2934 quindenunt
3260 2883 3291 2919 ιι
3318 2866 3423 2936 ﬁne
3444 2867 3661 2920 salutat.

2252 2949 2313 3004 Ε.
2357 2949 2476 3007 Kal.

2716 2952 2901 3009 Sancti
2922 2953 3224 3010 Nicomedis
3240 2968 3396 3010 mart.
3416 2956 3466 3010 Η
3475 2974 3503 3009 n
3501 2959 3594 3028 jus
3614 2958 3813 3011 maxima

2781 3061 2904 3114 pars
2930 3048 3161 3116 corporis
3204 3047 3437 3101 Vesuntii
3460 3048 3695 3103 habetur.

2728 3131 2915 3191 Passio
2949 3146 3263 3193 sanctorum
3294 3138 3593 3194 Marcellini
3622 3139 3814 3211 presbﬁt.

2790 3239 2844 3286 et
2869 3230 3011 3287 Petri
3040 3235 3325 3290 exorcistm
3368 3244 3425 3289 et
3468 3236 3676 3290 Erasmi
3726 3236 3817 3306 epi-

2788 3324 2959 3393 scopi.
3029 3322 3195 3393 Lugtl.
3218 3367 3232 3389 ,
3266 3324 3459 3393 fotini
3507 3329 3739 3399 episcOpi
3776 3336 3820 3382 et

2788 3413 3060 3470 Blandinm
3082 3418 3321 3487 virginis.

2714 3670 2772 3725 In
2839 3670 3063 3740 Fresia,
3124 3672 3304 3742 passio
3352 3673 3525 3729 sancti
3591 3671 3824 3730 Bonifacii

2790 3763 3029 3834 episcopi
3061 3780 3181 3818 cum
3216 3765 3331 3819 aliis
3359 3782 3413 3831 x,
3442 3765 3583 3837 apud
3615 3764 3823 3821 Bisuntio

2794 3870 2917 3910 nam
2950 3855 3158 3909 urbem.
3202 3855 3507 3912 Translatio
3536 3868 3822 3915 sanctorum

2791 3949 2985 4003 Auiaui
3048 3958 3097 4004 et
3169 3949 3405 4003 Silvestri
3472 3952 3825 4021 episcoporum

2788 4042 3027 4111 ejusdem
3056 4043 3223 4098 urbis.

2731 4318 3039 4374 Suessionis
3062 4358 3077 4384 ,
3121 4318 3292 4372 sancti
3325 4316 3562 4371 Mcdardi
3610 4313 3829 4386 episcopi

2791 4418 2846 4465 et
2869 4410 3037 4463 sancti
3065 4406 3322 4462 Giltlardi.

2717 4504 2876 4559 Primi
2923 4511 2978 4557 et
3024 4500 3295 4556 Feliciani.
3351 4501 3405 4554 la
3444 4500 3647 4569 Scotia,
3675 4496 3829 4557 sanci

2794 4594 3067 4650 Columbae
3094 4593 3219 4647 abb.
3253 4600 3309 4647 et
3332 4591 3473 4647 conf.

2728 4778 2989 4833 Barnaba:
3017 4779 3272 4848 apostoli.

2717 4869 3029 4936 Mediolan.,
3060 4868 3264 4924 Nazarii
3294 4875 3349 4923 et
3375 4867 3539 4922 Celsi.

2716 4960 2936 5025 Salinis,
2969 4960 3206 5015 inventio
3233 4958 3480 5029 corporis
3513 4957 3683 5014 sancti
3708 4958 3837 5011 Ana-

2795 5055 2968 5112 tholii.

2722 5239 2853 5307 Viti,
2884 5238 3114 5295 Modesti
3145 5247 3199 5293 et
3228 5234 3558 5291 Crescentis.

2727 5331 2976 5399 Bisuntii,
3020 5328 3265 5385 Ferreoli
3294 5336 3349 5382 et
3378 5324 3632 5382 Ferrucii.
3662 5322 3839 5379 Antio-

2793 5421 2950 5488 chiae,
2975 5419 3135 5476 Cirici
3158 5427 3213 5474 et
3232 5416 3429 5474 Julitze.
3460 5413 3726 5486 Lingonis,
3748 5410 3839 5464 Ve.

2796 5510 2896 5566 roli
2924 5510 3068 5567 coni.

2724 5603 2972 5668 Bisuntii,
3012 5602 3185 5660 sancti
3215 5600 3417 5657 Antidii
3446 5594 3681 5668 ejusdem
3716 5589 3842 5646 civi-

2798 5697 2923 5751 tatis
2949 5693 3360 5764 archiepiscopi.

2734 5788 2898 5846 Ματρί
2926 5785 3351 5845 ctMarcclliani.
