4030 6318
38 4600 57 4753 l

40 4946 71 5531 1

467 260 571 317 123

464 383 673 428 ctorum
697 368 981 425 roboratur
1003 368 1297 439 juvamine,
1324 369 1596 423 oblivione
1644 352 2037 422 contradictum
2068 371 2117 427 Α

464 442 789 512 qudtidianis
824 438 1068 512 laudibus
1095 440 1340 502 deficere,
1374 439 1597 512 pe_nuria
1628 438 1857 512 denique
1881 451 2034 491 com-

467 508 641 569 munis
666 519 911 579 sumplus
939 511 1131 565 fratres
1159 508 1387 576 urgere.
1432 508 1682 578 Disposui
1712 521 1842 576 ergo
1869 521 2037 579 cano-

467 584 618 663 nicos
644 582 711 636 ad
735 576 837 663 lo'ci
860 580 1063 663 pratfati
1087 579 1421 663 famulatum,
1445 576 1541 661 qui
1565 580 1677 663 sub.
1696 592 1884 663 norma
1913 576 2042 663 reli:

465 652 640 720 gionis
683 648 1057 707 ecclesiasticae
1102 648 1392 705 fraternam
1443 652 1608 703 vitam
1647 648 1905 720 ducentes
1931 688 1947 713 ,
1987 655 2043 701 et

472 718 599 785 inibi
627 736 838 776 summo
865 721 995 787 Regi
1022 720 1289 789 beatoque
1318 719 1699 789 protomartyri
1727 718 2005 787 Stephano
2025 756 2043 782 ,

470 795 535 844 :nl
567 793 773 847 laudem
804 801 859 846 et
886 791 1108 859 gloriam
1137 799 1445 845 sanctorum
1475 790 1711 844 omnium
1737 828 1753 851 ,
1778 803 1901 843 cum
1930 802 2048 841 ine-

471 870 576 918 moi
591 864 637 916 ia
667 862 870 927 nostri,
899 861 1419 931 praedecessorisque
1458 861 1563 931 mei
1599 859 2046 931 Valtlierii,_om-

469 933 725 1002 nimiique
754 932 825 986 ibi
854 928 1305 1001 requiescentium
1327 928 1487 999 digna
1510 929 1768 998 obsequia
1799 928 2044 984 reddant.

541 1025 672 1080 Dedi
696 1033 873 1079 autem
913 1025 983 1077 ad
1012 1027 1291 1078 communis
1334 1039 1524 1077 mensa:
1553 1021 1815 1093 stipendia
1841 1059 1855 1083 ,
1886 1034 2049 1093 quam

471 1114 525 1151 in
557 1096 777 1165 proprio
803 1095 1145 1165 possidebant
1172 1095 1433 1165 dominio,
1464 1090 1752 1165 eccleéiani
1785 1106 1969 1165 unam,
1994 1090 2049 1144 in

468 1160 731 1221 honorem
760 1160 930 1219 sancti
966 1162 1281 1233 Leoﬁlegarii
1322 1164 1617 1218 dedicatam
1645 1200 1661 1222 ,
1704 1162 1756 1233 in
1787 1160 2050 1233 comitatu

472 1236 710 1290 Portensi
736 1274 754 1302 ,
782 1235 832 1288 in
864 1235 991 1288 villa
1020 1229 1368 1303 qutc'dicitur
1396 1234 1650 1305 Villiacus
1673 1229 1943 1305 [Vieillcy]
1974 1232 2051 1305 s_i_-

476 1319 609 1370 tam,
636 1316 759 1360 cum
790 1305 981 1368 altari,
1011 1301 1262 1359 omnibus
1288 1304 1639 1374 appendiciis,
1668 1301 1841 1356 vineis
1862 1301 2055 1357 videli-

472 1385 559 1431 cet
580 1385 635 1429 et
656 1376 878 1442 campis.
910 1374 1125 1430 Contuli
1153 1376 1345 1428 iterum
1363 1373 1471 1428 illis
1500 1374 1781 1429 ecclesiam
1807 1388 1968 1426 unam
2001 1373 2051 1425 in

475 1447 607 1500 urbe
634 1455 998 1499 constructam
1050 1446 1102 1498 in
1132 1447 1303 1499 sancti
1345 1445 1584 1511 Quintini
1612 1445 1872 1498 honorem
1904 1480 1919 1508 ,
1965 1442 2054 1497 cui

474 1516 712 1584 disposui
742 1524 800 1568 ut
825 1517 888 1567 ad
920 1530 1038 1570 eam
1066 1517 1371 1585 pertineant
1419 1514 1809 1585 archiepiscOpi
1834 1513 2057 1585 decima:

473 1597 524 1641 ct
564 1583 972 1656 peregrinorum
993 1583 1308 1656 sepultum.
1355 1585 1485 1640 Dedi
1514 1583 1676 1640 etiam
1709 1583 1788 1639 eis
1816 1583 1977 1656 aliam
2004 1584 2055 1637 in

478 1653 741 1711 honorem
771 1655 944 1711 sancti
990 1653 1201 1711 Martini
1230 1666 1516 1719 sacratam,
1565 1656 1617 1709 in
1649 1668 1788 1725 pago
1826 1653 2057 1725 Varasco

474 1728 654 1796 sitam,
688 1728 741 1779 in
772 1726 894 1780 villa
922 1741 1044 1796 qua:
1088 1735 1426 1796 nuncupatur
1451 1725 1811 1781 Terceniacus
1841 1724 2055 1796 [Tarce-
2092 1736 2137 1796 Β

477 1795 635 1868 nay];
666 1812 784 1868 quae
812 1795 1030 1868 cumab
1061 1795 1295 1868 antiquis
1343 1797 1709 1868 temporibus,
1741 1796 1808 1849 ab
1843 1795 2060 1848 archie-

478 1864 697 1936 pls'c'opo
726 1867 1048 1936 Berengario
1069 1864 1227 1922 beato
1237 1864 1512 1938 Stephano
1536 1864 1721 1920 fuisset
1741 1868 1896 1928 data;
1923 1871 2064 1938 post—

477 1953 539 1991 ea
571 1953 699 1989 vero
737 1954 765 1991 a
803 1952 1117 1994 successore
1147 1954 1246 1992 suo
1274 1936 1521 1992 Girfredo
1545 1979 1560 2002 ,
1603 1953 1701 2006 per
1731 1936 2062 2006 praestariam

479 2008 690 2061 cuidam
723 2008 875 2061 militi
903 2008 1122 2063 nomine
1146 2007 1417 2063 Furcardo
1444 2004 1778 2072 concessam,
1800 2021 1896 2076 per
1925 2004 2065 2058 mul-

482 2088 657 2133 torum
688 2094 951 2132 annorum
989 2078 1313 2132 curriculmn
1344 2078 1410 2131 ab
1457 2077 1760 2132 heredibus
1803 2075 1916 2131 Suis
1940 2090 2067 2144 pos-

478 2164 625 2203 sessa
653 2189 667 2210 ,
717 2150 853 2203 hanc
901 2148 1136 2216 denique
1176 2164 1206 2200 a
1249 2148 1481 2217 quodam
1528 2148 1726 2202 clerico
1761 2188 1776 2213 ,
1844 2147 2068 2217 nomine

484 2219 767 2285 ltodnlpho
791 2259 804 2280 ,
835 2219 925 2287 qui
968 2229 1093 2272 tunc
1123 2219 1198 2272 illi
1235 2216 1462 2287 proterat
1484 2258 1501 2283 ,
1550 2217 1737 2271 labore
1765 2225 1819 2272 et
1850 2216 2067 2287 ingenio

484 2304 605 2341 meo
643 2285 976 2356 susceptain,
1009 2304 1076 2342 cu
1101 2309 1129 2339 ιι
1163 2285 1316 2341 altari
1347 2296 1403 2342 et
1431 2288 1681 2341 omnibus
1711 2285 2067 2357 appendiciis,

486 2360 780 2427 praescripti
812 2359 914 2413 loci
942 2362 1090 2413 clero
1119 2358 1308 2412 tradidi
1339 2358 1737 2429 possidendam.

556 2449 917 2504 Moleudinum
948 2466 1163 2519 quoque
1206 2467 1367 2505 unum
1396 2452 1533 2505 intra
1579 2449 1763 2504 urbem
1792 2456 2030 2503 nostram
2050 2489 2066 2513 ,

485 2522 647 2575 situm
679 2522 744 2573 ad
772 2520 1006 2573 radicem
1049 2522 1297 2576 videlicet
1324 2523 1523 2576 montis
1552 2523 1605 2575 in
1635 2529 1785 2588 parte
1812 2520 2069 2573 occiden-

489 2591 617 2656 tali,
659 2590 802 2644 haud
847 2591 1004 2658 longe
1041 2593 1109 2644 ab
1158 2592 1386 2647 ecclesia
1429 2592 1602 2646 beata:
1641 2590 1819 2643 Maria:
1855 2588 2069 2642 .Inssani

490 2660 818 2726 Monasterii,
848 2677 952 2714 non
977 2662 1201 2717 navibus
1220 2663 1534 2726 stabilitutn,
1560 2661 1654 2716 sed
1676 2675 1836 2729 supra
1861 2668 2070 2729 petram

490 2733 786 2791 fundatum.
818 2732 885 2803 de
912 2732 1158 2803 manibus
1179 2748 1339 2803 supra
1379 2733 1641 2786 nominati
1685 2731 1865 2786 clerici
1897 2744 2073 2785 susce-

492 2811 664 2871 ptum,
696 2802 857 2871 priori
890 2802 1033 2856 dono
1061 2802 1275 2857 decrevi
1300 2804 1649 2872 jungendum.

560 2892 928 2947 Tribuictiam
976 2909 1223 2962 campum
1271 2911 1432 2949 unum
1476 2909 1653 2948 meum
1676 2894 1728 2947 in
1776 2891 2075 2947 domitura-

468 2976 641 3035 .tum,
703 2980 863 3032 quem
916 2964 1118 3031 vulgari
1178 2966 1357 3035 lingua
1408 2965 1782 3035 condaminam
1832 2973 2067 3029 vocant,

493 3034 668 3115 [,OTenu
696 3052 757 3089 en
786 3036 931 3105 plain
957 3034 1216 3115 domainc'l
1266 3034 1509 3115 undique.
1537 3044 1717 3115 monte
1748 3034 2069 3115 lltmtineque

489 3092 912 3183 circumcejitum
938 3144 953 3167 ,
981 3108 1071 3176 qui
1101 3092 1345 3183 quamvis
1372 3092 1608 3183 spatiosa
1638 3092 2069 3183 decore'tur_pia-
2102 3092 2145 3152 C

489 3177 639 3240 nitie,
672 3174 918 3231 binarnm
948 3174 1125 3231 tamen
1156 3174 1389 3232 faucium
1406 3174 1718 3243 ingressum
1742 3174 1827 3229 vel
1865 3174 2069 3227 exitum

488 3246 572 3299 sui
604 3287 619 3311 ,
650 3257 879 3315 angusto
908 3247 1249 3303 solummodo
1277 3247 1461 3317 pandit
1481 3245 1759 3317 jnvatiiine
1785 3284 1801 3308 ,
1828 3258 2070 3317 quarum

492 3332 595 3389 una
616 3313 761 3371 urbis
782 3318 984 3389 aditth
1005 3325 1223 3389 praestat
1254 3313 1523 3373 facillime.
1549 3315 1777 3389 [f’rairie
1802 3313 1866 3368 de
1899 3314 2069 3380 γαπ,

490 3388 628 3458 ou_l_e
650 3390 737 3451 pre
758 3389 821 3441 de
836 3389 889 3442 la
916 3387 969 3440 Tt
992 3386 1101 3458 an]

562 3456 927 3512 Milendiiitini
961 3454 1175 3528 quoque
1205 3473 1366 3513 unum
1391 3497 1407 3523 ,
1453 3472 1617 3527 supra
1647 3454 1941 3528 Lignonem
1964 3455 2073 3528 llu-

494 3526 658 3586 vium.
685 3529 736 3581 in
764 3529 886 3599 villa
916 3519 1035 3599 quia
1061 3519 1253 3583 dicitur
1278 3519 1586 3592 Cossiacus,
1612 3519 1904 3595 sub'ponte
1928 3525 2075 3599 vide-

490 3598 622 3651 licet
663 3612 770 3666 quo
817 3597 1016 3653 flumen
1064 3607 1426 3655 transmeatur
1476 3600 1674 3662 situm,
1719 3607 1775 3652 et
1823 3597 2073 3649 naculum

494 3667 672 3749 [Droit
698 3668 773 3749 de.
790 3668 968 3742 péage]
994 3670 1364 3749 quod-ibidem
1389 3666 1859 3749 exigiturquando
1885 3666 2077 3749 fluvius

430 3772 433 3775 -
493 3737 837 3805 intumescit,
866 3737 987 3795 cum
1015 3737 1266 3794 omnibus
1292 3739 1670 3810 suprascriptis
1697 3737 2075 3808 pratdictoruni

492 3810 878 3865 canonicorutn
905 3810 1117 3865 subdidi
1145 3810 1405 3865 dominio.

570 3876 720 3951 Unde
745 3895 845 3947 ego
875 3882 1024 3948 llugo
1050 3881 1509 3951 archiepiscopus,
1543 3879 1594 3934 in
1617 3878 1835 3951 nomine
1863 3876 2075 3951 Domini

495 3958 551 4001 et
580 3948 742 4002 totius
764 3951 1000 4005 cmlestis
1020 3948 1367 4018 llierarcliize,
1393 3948 1611 4015 moneo,
1634 3958 1691 4005 et
1716 3950 1857 4006 sicut
1874 3949 2077 4003 habens

497 4026 817 4092 potestatem
849 4021 1043 4089 ligandi
1069 4064 1086 4089 ,
1135 4023 1313 4092 gladio
1342 4019 1636 4092 pontificali
1668 4019 1958 4092 interdixi,
1984 4034 2078 4092 pne

496 4088 690 4170 aliquis
715 4088 1085 4170 successorum
1111 4088 1371 4170 ineorum
1404 4099 1691 4170 praesumat
1713 4090 1846 4170 nullo
1872 4091 2032 4170 modo
2057 4130 2075 4155 ,

496 4159 713 4231 meique
737 4159 975 4217 audeant
1003 4162 1291 4231 infringere
1332 4159 1431 4217 hoc
1456 4162 1687 4231 donum.
1710 4160 1766 4214 Si
1797 4161 1923 4231 quis
1944 4174 2077 4213 vero

497 4228 630 4299 illud
657 4241 903 4288 evertere
944 4228 1212 4299 voluerit',
1262 4232 1358 4285 fiat
1394 4232 1533 4287 sicut
1575 4228 1831 4293 Madian,
1873 4229 2074 4293 Sisara,

496 4297 658 4365 Oreb,
688 4300 797 4356 Zeb
815 4344 829 4369 ,
856 4310 963 4359 etc.
983 4344 997 4369 ,
1027 4312 1081 4359 et
1108 4297 1247 4358 sicut
1274 4304 1468 4372 aliquis
1497 4301 1708 4355 illorum
1736 4305 1826 4370 qui
1859 4300 2076 4372 beatum

496 4378 950 4446 protomartyrem
996 4374 1330 4446 Stephanum
1359 4371 1379 4438 ζ
1397 4445 1404 4446 7
1435 4372 1723 4446 missilibus
1771 4371 2034 4446 lapidibus
2059 4411 2075 4437 ,

1241 258 1332 313 AD
1373 257 1430 311 s.
1476 232 2206 312 rnoraniiVesusrtsi
2249 253 2549 311 EPISCOPI
2590 255 2966 312 LlTURtilAM

3636 264 3734 319 421

2286 365 2343 420 8.
2366 365 2633 443 ﬁotberti
2659 367 2960 443 scriptoris,
2987 368 3076 443 qui
3109 368 3249 423 hanc
3277 378 3480 424 cartam
3508 373 3720 443 scripsit

2218 436 2332 501 Ego
2364 435 2516 491 lluco
2544 435 2919 512 lingunensis
2959 435 3493 512 episcopus,_inanu
3525 435 3740 512 propria

2219 455 2332 501 tngo
2364 455 2516 491 ttuoo
2565 455 2919 504 Lingoneums
2959 455 3280 561 episcopus,
3329 457 3493 495 manu
3525 455 3737 512 propria

2148 505 2285 561 hanc
2300 514 2503 560 eartam
2524 508 2726 560 firmavi
2745 524 2759 571 ;
2778 516 2833 561 et
2850 523 2916 561 ne
2934 508 3127 576 aliquis
3172 524 3257 563 ioc
3279 510 3478 564 donutn
3502 528 3737 570 corrum-

2148 592 2277 642 pere
2298 585 2488 639 tentet,
2512 577 2688 645 gladio
2717 579 3290 634 excommunicationis
3310 581 3584 636 interdixi.
3609 583 3743 641 Acta

2150 645 2414 713 Vesuntii,
2440 648 2559 704 ldus
2581 647 2714 715 Aug.
2735 660 2883 714 rego.
2909 647 3136 704 Domino
3158 662 3342 706 nostro
3361 649 3491 705 Jesu
3508 651 3739 711 Christo.

2221 785 2332 841 Leo
2356 787 2659 860 episcopus,
2682 801 2869 860 s_erv_us
2884 803 3169 860 servorum
3196 790 3312 856 Dei,
3337 789 3549 860 Hugoni
3576 808 3745 848 sacrm

2152 856 2619 932 Chrysopolitaine
2686 855 2943 914 Ecclesim
3014 855 3468 932 archiepisCopov,
3525 864 3747 932 suisque

2153 926 2559 998 successoribus
2607 927 2660 981 in
2728 938 3045 998 perpetuum
3099 926 3312 985 Gratias
3356 926 3590 998 'agimus
3636 926 3748 988 Deo

2153 1007 2208 1052 et
2240 997 2488 1071 Domino_
2514 1005 2699 1052 nostro
2729 996 2872 1071 :Jesn
2918 998 3131 1055 Christo
3168 1042 3184 1067 ,
3230 1002 3319 1071 qui
3346 996 3509 1056 nullis
3548 1006 3747 1059 nostris

2154 1067 2574 1141 praacedentibus
2610 1068 2847 1141 meritis,
2901 1077 3079 1124 tamen
3111 1072 3178 1125 ad
3236 1067 3550 1141 apostolica:
3605 1075 3748 1128 sedis

2155 1138 2370 1193 culmen
2404 1154 2546 1210 “nos
2587 1138 2807 1210 evexit;
2885 1141 3027 1194 unde
3068 1142 3135 1194 ad
3181 1138 3521 1210 apostolatus
3577 1146 3745 1198 nostri

2154 1222 2335 1262 curam
2368 1208 2576 1263 videtur
2606 1208 2872 1276 pertinere
2937 1212 3177 1265 omnium
3222 1208 3588 1267 Ecclesiarum
3637 1214 3746 1268 sol-

2158 1279 2483 1333 licitudinem
2552 1294 2780 1348 gerere,
2866 1295 3160 1350 earumque
3204 1295 3403 1348 augere
3458 1283 3743 1337 honorem.

2157 1350 2419 1415 Quoniam
2475 1359 2654 1403 autem
2708 1351 2987 1419 postulasti
3019 1366 3048 1404 a
3080 1354 3319 1406 Romana
3348 1352 3478 1407 sede
3502 1393 3518 1416 ,
3548 1353 3750 1407 beatis-

2156 1422 2292 1474 sime
2323 1421 2600 1491 l'rater,iut
2645 1418 2809 1491 bona_
2832 1436 2953 1490 qua:
3003 1418 3402 1491 Omnipmentis
3456 1422 3747 1477 clementia

2160 1491 2264 1544 tuis
2286 1490 2616 1558 temporibus
2633 1490 2756 1544 fecit
2771 1489 3025 1546 Ecclesia:
3043 1492 3134 1546 tibi
3151 1489 3405 1546 divinitus
3417 1492 3742 1556 commissa},

2158 1569 2343 1615 nostra
2389 1560 2710 1615 auctoritate
2765 1562 3134 1626 munirentur,
3187 1562 3389 1630 placuit
3435 1563 3599 1618 nobis
3644 1572 3749 1616 tute

2160 1631 2402 1701 petitioni
2456 1646 2555 1699 pro
2585 1640 2713 1701 voto
2755 1632 3080 1696 consentire,
3110 1632 3406 1701 praesertim
3439 1647 3563 1687 cum
3610 1632 3749 1687 idem

2164 1699 2321 1755 sacer
2351 1702 2500 1755 locus
2528 1701 2636 1761 cui.
2670 1699 2781 1754 Deo
2832 1699 3186 1771 disponente,
3217 1701 3415 1756 videris
3460 1703 3750 1771 praesidere

2168 1780 2313 1824 tanta
2336 1771 2596 1837 dignitate
2642 1771 3002 1839 resplendeat,
3056 1781 3115 1826 ut
3145 1787 3251 1826 non
3279 1780 3487 1827 tantum
3539 1773 3750 1828 archie-

2166 1842 2454 1911 piscopalis
2475 1842 2617 1911 sedis
2644 1844 2966 1897 auctoritate
2993 1842 3062 1895 sit
3092 1843 3435 1909 sublimatus,
3464 1858 3652 1897 verum
3697 1853 3752 1897 et

2166 1909 2456 1966 inultoi‘utn
2490 1909 2702 1965 Patrum
2729 1912 3150 1980 apestolicorum
3191 1914 3433 1967 virorum
3462 1914 3752 1968 roboratus

2168 1982 2689 2053 privilegiis,servata
2707 1982 2971 2052 aequitatis
2982 1997 3093 2053 sua:
3117 1983 3417 2053 reverentia
3441 1996 3754 2051 permaneat

2169 2050 2407 2122 insignis.
2439 2050 2520 2104 Ad
2551 2052 2654 2106 hoc
2682 2062 2736 2106 et
2760 2050 2857 2105 nos
2886 2052 3107 2120 majoris
3129 2052 3265 2106 tituli
3298 2050 3490 2108 invitat
3517 2057 3751 2107 exsulta-

2170 2125 2267 2186 tio,
2321 2124 2468 2190 quod
2524 2130 2855 2192 memoratus
2904 2123 3055 2178 locus
3107 2124 3400 2177 decoretur
3452 2125 3751 2192 patrocinio

2171 2192 2577 2274 protomartyris
2630 2191 2910 2263 Stephani,
2942 2193 3094 2274 cujus
3124 2202 3306 2274 servat
3326 2191 3533 2274 brachii
3562 2195 3751 2274 pignus

2170 2262 2558 2325 iumstimabile,
2590 2262 2782 2316 munus
2807 2264 3147 2332 exoptabile;
3178 2273 3253 2325 et,
3283 2272 3342 2316 ut
3380 2264 3560 2318 verius
3588 2262 3752 2317 fatea-

2171 2349 2309 2397 mur,
2340 2334 2561 2402 propriis
2610 2332 2770 2386 oculis
2800 2334 3180 2402 conspeximus
3224 2333 3466 2401 ejusdem
3504 2337 3753 2388 sacratis-

2171 2405 2288 2457 simi
2319 2403 2557 2474 pignoris
2588 2419 2643 2474 ot
2672 2413 2968 2474 quassatum
2991 2404 3536 2474 ictibuslapidantium
3554 2403 3756 2457 Judm

2172 2472 2460 2533 ramulum
2486 2472 2618 2526 illud
2645 2472 3194 2545 recondidimurinfra
3221 2472 3387 2545 altare
3412 2477 3551 2545 quod
3581 2490 3757 2527 conte-

2171 2545 2422 2597 cravimus
2450 2550 2498 2596 te
2526 2553 2793 2610 prasente,
2845 2544 3144 2598 astantibus
3170 2544 3530 2599 confratribus
3563 2547 3755 2598 nostris

2176 2613 2509 2682 coepisc0pis
2523 2613 2776 2684 Alinardo
2793 2612 2939 2684 Lugd
2948 2616 3129 2668 unensi
3143 2614 3571 2684 archiepiscopo,
3586 2613 3755 2668 Geor-

2173 2686 2261 2753 gio
2274 2684 2580 2739 Colosensis
2591 2682 2837 2738 Ecclesia:
2853 2682 3188 2754 llungrorum
3199 2682 3626 2754 archiepiscopo,
3640 2698 3757 2739 nee-

2176 2752 2281 2809 non
2311 2754 2606 2809 Sutricensi
2633 2756 2888 2821 episcopo
2910 2752 3109 2819 Kilino,
3130 2754 3429 2809 Genevensi
3460 2752 3753 2817 Friderico,

2174 2823 2406 2880 Widone
2432 2823 2796 2889 Cabilonensi,
2829 2823 3085 2878 Gualtrro
3126 2824 3461 2890 Matiscensi;
3504 2824 3756 2878 abbatum

2174 2910 2391 2965 quoque
2416 2902 2472 2949 et
2502 2895 2852 2949 honestorum
2883 2895 3202 2965 clericorum
3231 2893 3542 2965 reverenda:
3555 2896 3756 2948 sancti-

2179 2964 2323 3032 tatis,
2355 2966 2612 3021 laicorum
2661 2964 3159 3035 prmsente"inlinita
3204 2964 3586 3035 multitudine;
3638 2965 3757 3032 qui-

2175 3052 2281 3104 que
2322 3039 2377 3090 iii
2410 3047 2598 3090 tenore
2628 3033 2839 3089 tuarum
2884 3050 3101 3104 precum
3147 3033 3394 3089 addidisti
3420 3043 3479 3089 ut
3506 3040 3758 3104 quoniam

2177 3109 2348 3161 altare
2395 3121 2492 3174 per
2539 3120 2732 3160 tnanus
2787 3118 2999 3159 nosu'as
3036 3105 3209 3160 fuerat
3250 3120 3660 3171 consecratum,
3688 3106 3760 3158 ab

2175 3177 2471 3247 apostolica
2497 3174 2625 3229 sede
2674 3176 2909 3247 aliquam
2942 3184 3366 3245 consequeretur
3414 3176 3757 3247 dignitatern.

2174 3245 2415 3302 Inclinati
2446 3259 2576 3314 ergo
2607 3246 2713 3299 tuis
2733 3245 2891 3314 justis
2918 3247 3194 3314 precibus,
3217 3258 3499 3300 ascensum
3533 3245 3627 3299 tibi
3650 3246 3761 3315 pie-

2176 3319 2299 3373 tatis
2327 3334 2433 3373 non
2484 3316 2788 3371 distulimus
2843 3316 3103 3385 prtebere.
3147 3316 3545 3371 Confirmamus
3598 3315 3760 3383 igitur

2177 3406 2270 3457 per
2296 3388 2436 3443 hanc
2466 3395 2703 3442 nostram
2734 3386 3111 3457 prmeeptionis
3138 3386 3385 3457 paginam
3408 3386 3550 3440 bona
3579 3386 3761 3457 omnia

2173 3455 2292 3528 qlia:
2321 3458 2406 3513 vel
2437 3466 2524 3512 tua
2556 3458 2839 3528 industria,
2871 3456 2955 3528 vel
2982 3455 3347 3528 quorumlibet
3370 3457 3608 3528 fidelium
3635 3455 3759 3510 data

2174 3526 2302 3582 sunt
2363 3528 2672 3583 devotione.
2746 3526 3042 3582 Statuimus
3099 3526 3332 3596 denique
3381 3526 3450 3580 ad
3493 3527 3759 3582 honorem

2176 3598 2347 3654 nostri
2371 3598 2805 3668 protomartyris,
2845 3613 3011 3668 super
3058 3606 3302 3653 sanctum
3334 3596 3648 3668 pratdictum
3680 3596 3761 3649 al-

2178 3679 2312 3733 tare,
2343 3667 2450 3723 non
2480 3667 2775 3722 ministrari
2805 3667 2905 3721 nisi
2925 3669 3092 3722 semel
3123 3669 3175 3722 in
3196 3670 3314 3732 die;
3334 3677 3391 3723 et
3421 3667 3597 3722 nullus
3626 3681 3762 3737 pra:-

2174 3749 2353 3794 sumat
2401 3754 2565 3800 super
2618 3738 2673 3792 id
2713 3738 2977 3793 accedere
3025 3737 3093 3792 ad
3154 3738 3606 3800 sacriﬁcandum.
3661 3737 3763 3792 nisi

2177 3824 2333 3880 quem
2374 3808 2815 3880 archiepiscopus
2850 3808 2968 3880 loci
3013 3809 3080 3863 ad
3106 3810 3211 3863 hoc
3263 3809 3759 3880 destinaveritcum

2176 3877 2443 3935 consensu
2475 3877 2733 3945 fratrum;
2765 3879 2975 3933 scilicet
2994 3888 3202 3948 septem
3251 3894 3285 3934 e
3324 3882 3578 3934 fratribus
3626 3879 3765 3932 illius

2176 3950 2632 4020 congregationis,
2661 3951 2755 4017 qui
2778 3950 3016 4005 melioris
3044 3951 3166 4003 vita:
3193 3951 3480 4020 eligantur,
3510 3961 3562 4020 et
3585 3950 3765 4002 cardi-

2177 4018 2321 4076 nales
2352 4018 2643 4085 vecentur;
2688 4035 2920 4088 quorum
2972 4036 3108 4074 unus
3135 4019 3206 4073 sit
3242 4019 3484 4088 ejusdem
3514 4018 3764 4074 Ecclesia:

2177 4092 2446 4154 decanos,
2474 4100 2532 4145 et
2577 4091 2720 4145 sicut
2758 4098 2843 4144 est
2884 4091 3057 4159 major
3098 4090 3150 4143 in
3198 4091 3641 4159 congregatione,
3689 4091 3763 4142 ita

2180 4164 2329 4234 prior
2355 4161 2556 4234 polleat
2581 4160 2861 4234 dignitate.
2884 4160 3097 4234 _llorum
3129 4161 3310 4234 itaque
3336 4166 3647 4231 quicunque
3692 4159 3765 4213 ibi

2180 4231 2535 4288 celebraverit
2575 4233 2794 4287 missam
2821 4268 2837 4293 ,
2880 4231 3067 4285 induat
3117 4232 3353 4285 dalmatit
3372 4247 3480 4295 am,
3535 4240 3591 4284 et
3642 4241 3767 4285 tunc

2178 4306 2399 4358 demum
2430 4303 2628 4357 audeat
2654 4302 2930 4357 celebrare
2956 4316 3076 4356 cum
3102 4302 3246 4356 onmi
3271 4302 3576 4356 reverentia
3606 4310 3662 4355 et
3683 4316 3767 4354 re-

2180 4375 2375 4445 ligione
2400 4391 2415 4441 ;
2444 4372 2699 4445 sandaliis
2724 4387 2944 4440 quoque
2974 4383 3212 4436 utantur,
3235 4371 3497 4445 etMitra,
3530 4382 3634 4445 tam
3663 4374 3769 4445 ipe

496 4440 827 4516 obruerunt,
871 4454 928 4499 et
959 4440 1110 4516 rsine'
1128 4445 1443 4515 pmnitentia
1475 4443 1528 4499 in
1568 4458 1665 4497 sua
1707 4440 2077 4498 incredulitate
2108 4457 2155 4516 ι)
2183 4440 2448 4516 sacerdos,
2476 4443 2922 4516 qqamdiaconyr,
2950 4459 3148 4516 necnon
3175 4443 3548 4516 subdiaconus,
3576 4444 3628 4496 iu
3660 4440 3768 4516 {est

497 4510 770 4565 hominem
800 4510 1431 4571 exteriorem-exuerunt.

564 4580 631 4636 Ut
644 4596 769 4635 vero
783 4583 899 4637 hinc
929 4585 1148 4641 donatio
1181 4588 1233 4640 in
1264 4589 1497 4640 futurum
1515 4583 1714 4639 firmius
1748 4589 2079 4652 permaneat,

498 4665 659 4732 manu
699 4654 915 4724 propria
937 4653 1142 4711 firmavi
1166 4695 1182 4721 ,
1225 4667 1280 4712 et
1303 4656 1459 4725 sigilli
1491 4655 1596 4710 mei
1624 4657 1974 4726 impressione
2010 4653 2074 4707 si-

499 4735 679 4789 gnavr.

568 4789 682 4867 Ego
710 4792 862 4851 lfuco
889 4796 1325 4867 archiepisc0pns
1351 4813 1507 4851 manu
1536 4796 1752 4866 propria
1778 4792 2007 4849 firmavi.

639 4862 697 4919 S.
742 4877 767 4902 ἰ
797 4868 1009 4933 Gibuiui
1043 4862 1408 4924 archidiaconi
1437 4877 1489 4923 et
1512 4862 1770 4924 cantoris.

645 4934 704 4991 S.
744 4936 993 4992 \Vidonis
1021 4939 1410 4995 arcliidiaCtini.
1794 4940 1797 4945 ’

640 5006 698 5061 S.
742 5007 931 5063 Raaldi
960 5009 1342 5064 archidiaconi.

640 5077 699 5133 S.
741 5078 1053 5146 Manegaodi
1082 5079 1296 5135 decani.

640 5147 697 5203 S.
741 5150 944 5205 Alberti
971 5149 1199 5203 abbatis.

640 5220 699 5273 8.
738 5219 1023 5276 llusiconis
1049 5220 1315 5277 canonici.

639 5288 697 5344 S.
741 5289 930 5345 Duditti
960 5290 1233 5346 canonici.

642 5359 701 5413 8.
745 5359 990 5416 Beroaldi
1020 5362 1209 5416 casati.

643 5428 701 5484 S.
733 5429 1000 5486 Warnerii
1030 5434 1221 5487 casati.

645 5501 706 5554 S.
749 5499 979 5556 liainerii
1008 5502 1366 5557 vicecomitis.

643 5570 703 5625 8.
743 5568 1027 5628 Thedorici
1048 5573 1375 5629 cancellarii.

2187 4511 2720 4572 tivitatibus'Dotnini
2750 4522 2803 4567 et
2828 4511 3123 4567 Salvatoris
3172 4515 3363 4579 nastri,
3394 4523 3450 4566 et
3480 4517 3651 4566 beatze
3678 4511 3768 4565 Dei

2186 4585 2495 4651 Genitricis,
2524 4592 2580 4637 et
2627 4584 2799 4637 sancti
2830 4583 3106 4639 Michaelis
3148 4584 3489 4652 archangeli,
3522 4597 3577 4636 et
3604 4581 3769 4636 Nata-

2188 4657 2313 4712 litiis
2340 4653 2706 4724 apostolorum
2735 4661 2791 4707 et
2815 4661 3123 4708 sanctorum
3155 4663 3452 4723 martjrum
3491 4653 3769 4722 Stephani.

2189 4723 2474 4788 Vincentii,
2529 4723 2741 4794 Agapiti
2798 4724 2966 4794 (cujus
3020 4735 3175 4794 caput
3220 4724 3605 4780 recondidimus
3657 4739 3770 4775 cum

2187 4796 2395 4853 brachio
2423 4795 2589 4864 sancti
2618 4793 2954 4863 Stepltani’in
2983 4793 3158 4848 eodem
3182 4795 3462 4864 altari),et
3489 4796 3770 4849 beatorum

2188 4866 2426 4924 Ferreoli
2452 4875 2509 4919 et
2534 4863 2792 4931 Ferrueii,
2816 4866 2947 4919 etin
2973 4865 3264 4920 festivitate
3292 4863 3535 4920 omnium
3561 4874 3772 4920 sancto-

2185 4954 2307 4995 rum
2335 4945 2389 4989 et
2416 4935 2755 4991 dedicatione
2778 4935 3021 5004 ejusdem
3051 4935 3182 5001 loci;
3208 4935 3349 4991 sicut
3370 4945 3425 4990 ct
3447 4942 3774 5005 denegamus

2192 5008 2442 5063 omnibus
2494 5005 2761 5076 episcopis
2805 5015 2861 5060 et
2908 5005 3226 5069 Abbatibus,
3259 5006 3361 5060 nisi
3399 5007 3541 5062 forte
3570 5006 3770 5061 invitati

2191 5080 2418 5143 fuerint;
2457 5085 2753 5131 statuentes
2791 5076 3082 5145 apostolica
3109 5092 3336 5131 censura
3392 5086 3451 5136 ut
3480 5078 3655 5131 nullus
3682 5091 3762 5130 cc-

2192 5148 2477 5206 clesiastici
2498 5146 2701 5202 ordinis
2721 5146 2807 5200 hor
2823 5162 2911 5201 um
2929 5146 3218 5216 quidquam
3244 5148 3538 5217 infringere
3558 5145 3770 5202 audeat.

2192 5221 2584 5277 Coulirmamus
2640 5232 2768 5271 vero
2815 5227 3001 5272 nostro
3040 5217 3356 5287 apostolico
3403 5220 3669 5272 tutamine
3716 5223 3771 5269 ut

2195 5292 2372 5345 nullus
2405 5291 2718 5356 imperator,
2748 5302 2842 5342 seu
2865 5302 2980 5352 rex,
3021 5285 3150 5351 dux,
3202 5304 3408 5355 comes,
3448 5289 3770 5347 vicecomes,

2193 5358 2650 5428 archiepiscopus,
2678 5357 2982 5428 episcopus,
3013 5358 3097 5412 vel
3126 5358 3314 5427 aliqua.
3330 5359 3619 5428 cujuslibet
3641 5356 3752 5428 ordi

2190 5432 2274 5486 nis
2341 5426 2619 5500 potestas,
2678 5426 2877 5500 contra
2911 5428 3015 5500 hoc
3058 5426 3291 5500 scutuin_
3317 5426 3627 5500 apostolica:
3678 5426 3768 5500 de:

2188 5496 2449 5555 fensionis
2497 5498 2584 5569 ire_
2622 5499 2838 5565 audeat,
2859 5499 2949 5569 vel
2971 5503 3039 5553 de
3069 5501 3226 5555 bonis
3254 5496 3508 5556 Ecclesia
3536 5512 3652 5569 qua:
3702 5496 3764 5547 ad

2190 5569 2531 5641 prmbendam
2562 5567 2785 5623 fratrum
2818 5568 3086 5639 pertinent
3117 5570 3404 5641 quidquam
3434 5567 3743 5625 imminuere

576 5733 601 5758 ⁸
637 5721 806 5794 Voyet
832 5721 900 5777 Μ.
934 5721 1203 5794 Ducangc,
1235 5740 1299 5780 au
1331 5735 1441 5781 mot
1488 5726 1724 5798 Signum,
1774 5741 1876 5797 quc
1906 5739 1994 5781 ccs
2022 5724 2077 5780 8.
2110 5721 2397 5794 signifian
