3928 6316
399 433 404 439 ῃ
500 343 565 405 31
1694 332 2175 408 TESTIMONIA.
2207 332 2599 406 VE'rEuUM.
3695 328 3767 401 32

492 453 714 516 direxit.
748 456 1078 527 agnovimus
1101 455 1451 511 dilectionem
1484 462 1639 509 tuam
1679 468 1921 524 superno
1959 452 2230 523 adjutorin
2253 453 2540 509 nobiseum
2572 442 3056 508 tam-Nestoriante
3087 449 3385 521 impietatis
3411 464 3574 519 quam
3599 447 3766 518 Euty—

492 547 702 603 chiauze
731 548 967 605 vesaniae
995 549 1275 604 exstitisse
1294 547 1595 605 victricem.
1628 545 1698 600 Et
1733 557 1849 616 post
1878 547 2008 601 alia.
2044 545 2157 602 Sed
2175 546 2492 604 benedictus
2518 546 2664 603 Deus
2700 556 2906 613 noster,
2931 547 3092 617 cujus
3114 544 3447 602 invincibilis
3478 542 3679 598 veritas
3700 542 3769 595 ab

491 639 642 698 omni
671 638 947 696 haereseos
968 640 1183 696 macula
1216 640 1484 695 mundum
1507 649 1560 695 te
1588 637 1892 693 secundum
1930 636 2077 692 sedis
2107 637 2420 707 apostolica:
2440 637 2647 706 judicia
2677 637 3097 692 demonstravit.
3119 635 3221 691 Cui
3245 635 3466 707 dignam
3502 632 3767 688 retribues

490 751 592 809 pro
610 737 986 793 totlaboribus
1015 737 1269 809 gratiam,
1301 735 1347 790 si
1372 734 1534 789 talem
1559 744 1631 799 te,
1658 732 1875 804 qualem
1899 733 2254 803 probavimus
2276 748 2339 788 ac
2359 734 2677 803 probamus,
2705 748 2805 803 pro
2829 732 3156 787 universalis
3176 730 3431 786 Ecclesiae
3449 728 3768 784 defensione

476 830 822 885 servaveris.
858 812 1002 884 “Nam
1029 828 1170 897 quod
1200 826 1346 882 Deus
1383 826 1634 881 omnium
1686 822 2157 881 calumniosorum
2200 825 2446 881 fallacias
2473 826 2660 890 solvit,
2694 825 2994 880 maximam
3034 820 3526 879 beatissimil’etri
3568 836 3763 901 curam

491 939 592 994 pro
626 922 785 978 nobis
829 922 1041 976 cunctis
1077 918 1448 989 agnoscimus,
1492 918 1584 988 qui
1627 929 1917 988 postquam
1948 932 2064 971 suae
2101 917 2249 972 sedis
2277 917 2542 989 judicium
2582 919 2637 972 in
2687 918 2808 973 ﬁdei
2840 916 3159 972 defensioue
3189 915 3446 980 lirmavit,
3477 930 3575 969 nec
3619 912 3766 968 circa

492 1014 818 1084 cujusquam
850 1022 1114 1075 vestrum,
1139 1010 1233 1081 qui
1268 1010 1555 1067 nobiscum
1589 1018 1689 1080 pro
1709 1010 1978 1065 catholica
1997 1009 2102 1064 [ide
2123 1011 2440 1075 laborastis,
2467 1026 2762 1081 personam
2796 1011 3102 1081 quidquam
3126 1010 3415 1080 reprobmn
3444 1007 3611 1062 videri
3649 1002 3769 1075 per-

493 1108 644 1164 misit
675 1123 689 1160 :
722 1107 850 1178 quia
879 1119 981 1160 nec
1002 1112 1217 1174 peterat
1239 1102 1443 1175 Spiritu
1464 1110 1662 1159 sancto
1691 1101 1973 1171 judicante
1999 1098 2291 1172 quisquam
2312 1116 2382 1158 ex
2406 1101 2488 1157 eis
2515 1116 2626 1157 non
2649 1101 2827 1156 vietor
2852 1100 3141 1192 exsistere,
3170 1113 3403 1169 quorum
3428 1098 3545 1167 jam
3572 1095 3763 1149 vicerit

496 1201 650 1257 ﬁdes.
1376 1209 1384 1217 '

1242 1445 1505 1503 Cerrnddii
1535 1439 1851 1517 presbyteri,
1880 1447 1938 1500 fit
1962 1441 2212 1500 tibro'De
2262 1440 2391 1496 viris
2424 1431 2747 1508 illustribus,
2773 1450 2902 1512 τηρ.
2933 1439 3024 1496 89.

565 1557 953 1616 Theodoretus
996 1546 1292 1632 cpiscopus
1319 1560 1446 1633 Cyri
1479 1559 1716 1617 civitatis
1746 1559 1799 1631 (a
1822 1559 1966 1633 Cyro
1984 1558 2132 1615 enim
2161 1573 2287 1628 rege
2305 1557 2600 1615 Persarum
2627 1557 2853 1613 condita
2870 1562 3055 1614 servat
3076 1555 3348 1626 hodieque
3376 1551 3518 1624 apud
3551 1552 3770 1624 Syriam

492 1667 690 1708 nomen
727 1653 1016 1724 auctoris),
1048 1653 1344 1725 scripsisse
1366 1654 1572 1710 dicitur
1592 1654 1766 1710 multa
1794 1670 1810 1707 :
1844 1655 1912 1710 ad
1944 1667 2122 1709 meam
2152 1660 2336 1708 tamen
2370 1652 2622 1708 notitiam
2651 1651 2752 1706 ista
2786 1660 2917 1706 sunt
2943 1666 3068 1720 quae
3094 1657 3382 1706 venerunt.
3408 1648 3482 1703 De
3512 1648 3769 1703 iuearna-
3863 1647 3869 1652 ’

493 1744 638 1801 tione
677 1744 895 1801 Domini
946 1747 1212 1803 adversus
1255 1745 1553 1819 Eutychem
1585 1749 1991 1820 presbyterum,
2020 1756 2076 1804 et
2102 1744 2428 1804 Dioscorum
2461 1746 2808 1802 Alexandriae
2857 1746 3203 1816 episcopum,
3245 1743 3340 1814 qui
3375 1743 3672 1799 humanam
3712 1741 3766 1795 iu

490 1835 716 1893 Christo
747 1853 967 1893 carnem
991 1837 1164 1894 fuisse
1187 1848 1406 1908 negant,
1433 1838 1641 1910 scripta
1664 1838 1849 1904 fortia,
1876 1854 1974 1909 per
1996 1853 2119 1909 qua:
2147 1839 2439 1894 conﬁrmat
2463 1845 2520 1893 et
2546 1837 2759 1892 ratione
2784 1844 2840 1892 et
2860 1836 3191 1892 testimoniis
3223 1834 3656 1905 Scripturarum,
3696 1834 3771 1887 ita

494 1929 646 1983 illum
687 1945 871 1985 veram
906 1938 1165 1987 maternae
1193 1930 1519 1987 substantia;
1559 1947 1782 1987 carnem
1824 1931 2108 1997 habuisse,
2145 1945 2310 2000 quam
2351 1945 2419 1985 ex
2460 1937 2636 1985 matre
2672 1928 2898 2000 Virgine
2930 1935 3264 1997 sumpserat,
3300 1928 3445 1983 sicut
3480 1933 3535 1981 et
3577 1941 3769 1980 veram

494 2022 783 2089 Deitatem,
814 2040 979 2095 quam
1008 2032 1213 2080 :eterna
1249 2024 1619 2080 nascibilitate
1646 2040 1681 2080 a
1717 2023 1828 2081 Deo
1863 2024 2025 2081 Patre
2054 2023 2315 2095 gignente
2341 2023 2458 2093 ipse
2484 2021 2765 2078 nascendo
2788 2020 3052 2092 suscepit.
3084 2021 3153 2075 Et
3179 2020 3364 2076 decem
3397 2018 3650 2074 Historia:
3680 2035 3773 2072 ec-

493 2116 806 2172 clesinsticw
842 2117 986 2183 libri,
1014 2132 1155 2189 quos
1185 2118 1428 2174 imitatus
1459 2117 1760 2174 Eusebium
1798 2117 2191 2173 Cwsariensem
2232 2116 2475 2187 scripsit,
2510 2114 2780 2186 incipiens
2812 2131 2841 2170 a
2874 2114 2981 2170 line
3016 2114 3283 2169 librorum
3319 2114 3563 2179 Eusebii,
3592 2128 3774 2182 usque

458 2290 465 2295 ι
496 2209 562 2264 ad
619 2224 779 2265 suum
818 2218 1057 2281 tempus,
1099 2209 1153 2267 id
1179 2219 1343 2281 est,a
1373 2210 1766 2268 Vicennalibus
1780 2209 2132 2268 Constantini
2161 2226 2334 2282 usque
2354 2208 2740 2281 ari-imperium
2764 2207 2972 2265 Leonis
3000 2207 3254 2276 senioris,
3282 2208 3385 2267 sub
3403 2224 3512 2280 quo
3536 2216 3591 2263 et
3615 2225 3770 2263 mor-

494 2310 624 2357 tuus
649 2308 755 2357 est.

1174 2549 1431 2607 Theodori
1461 2549 1669 2606 abbatis
1704 2557 1759 2605 et
1791 2550 2091 2621 philosophi
2118 2542 2175 2607 in
2205 2556 2529 2625 Argumenta
2558 2555 2749 2627 synodi
2776 2555 3074 2627 Ephesium.

558 2671 782 2760 Ἐῦρέοη
809 2687 866 2741 δὲ
906 2685 1046 2759 μετὰ
1082 2687 1332 2741 Ἰωάννου
1360 2685 1708 2758 Θεοδὼρητός
1732 2704 1838 2753 τις,
1871 2687 2079 2755 ἐλλογι-

2254 2689 2393 2746 Cum
2427 2690 2637 2749 Joanne
2665 2693 2840 2749 adfuit
2866 2692 3243 2747 Theodoretus
3276 2690 3770 2761 eloquentissimus

501 2779 748 2852 μώτατος
770 2779 992 2853 Κύρῥου
1026 2777 1329 2846 ἐπίσκοπος
1350 2780 1561 2846 πόλεως
1589 2779 1936 2850 ἀνατολικῆς.
1976 2771 2051 2833 Οὖ

2222 2785 2481 2856 piscopus
2521 2786 2648 2859 Cyri
2687 2786 2929 2842 civitatis
2958 2783 3260 2839 orientalis.
3304 2781 3406 2837 Hic
3436 2791 3629 2837 contra
3663 2782 3770 2854 Cy-

494 2890 587 2937 τος
633 2871 774 2926 κατὰ
820 2870 1095 2943 Κυρίλλου
1145 2871 1345 2941 λέγων,
1392 2870 1808 2941 ἐπελαμϐάνετο
1842 2870 1938 2924 καὶ
1968 2869 2045 2923 τῶ

2219 2878 2369 2933 illum
2395 2894 2582 2948 agens,
2599 2878 2888 2935 duodecim
2913 2877 3033 2948 ejus
3055 2875 3291 2946 capitula
3316 2873 3769 2944 reprehendebat,

483 2961 702 3016 δώδεκα
728 2961 1060 3030 κεφαλαίων,
1090 2952 1166 3016 ὧν
1188 2960 1430 3032 ἔγραψεν
1462 2962 1521 3015 ἐν
1546 2962 1614 3032 τῇ
1637 2958 1797 3032 τρίτῃ
1820 2958 2034 3013 ὲπιστολ

2227 2986 2308 3026 ωε-
2340 2970 2393 3025 in
2424 2971 2585 3027 tertia
2613 2971 2680 3026 ad
2709 2969 3021 3026 Nestorium
3048 2967 3276 3038 cpistola
3298 2965 3649 3035 conscripsit;
3678 2980 3771 3019 re-

494 3055 560 3125 τῇ
597 3053 732 3124 πρὸς
768 3053 1087 3124 Νεστὸριον.
1123 3053 1232 3106 Καὶ
1265 3052 1564 3122 ἀνέτρεπεν
1601 3051 1762 3115 αὐτὰ,
1795 3051 1970 3120 λέγων
1993 3051 2045 3104 ὅτ

2220 3060 2511 3131 silebatque
2548 3061 2661 3125 illa,
2692 3060 2882 3114 dicens
2915 3059 3179 3114 Arianum
3211 3072 3334 3113 esse
3366 3064 3617 3112 sanctum
3665 3054 3771 3127 Cy-

506 3143 782 3216 Ἀρειανός
813 3146 963 3200 ἐστιν
995 3145 1024 3198 ὁ
1067 3144 1224 3215 ἅγιος
1261 3142 1553 3216 Κύρτλλος,
1578 3143 1678 3198 καὶ
1705 3143 1777 3197 τὰ
1807 3142 2057 3214 Εὐνομίοι

2218 3152 2394 3221 illum,
2440 3162 2496 3209 et
2544 3167 2669 3208 cum
2725 3131 2998 3206 Eunomia
3057 3157 3114 3205 et
3173 3146 3479 3219 Apollinari
3536 3145 3768 3201 sentire.

494 3238 588 3292 καὶ
629 3235 1008 3308 Ἀπολιναρίου
1040 3238 1246 3307 φρονεῖ.
1286 3237 1345 3289 Ὀ
1373 3235 1481 3308 γὰρ
1504 3233 1772 3307 Κύριλλος
1796 3234 2045 3306 Νεστορίε

2217 3246 2420 3317 :yrillus
2461 3245 2664 3316 quippe
2716 3242 2970 3298 Nestorio
3026 3243 3286 3297 resistens
3333 3238 3768 3296 incarnationem

486 3329 916 3413 ,ἀπομαχόμενος
965 3327 1043 3401 τῷ
1096 3327 1392 3399 διαιροῦντι
1440 3329 1539 3399 τὴν
1584 3329 1918 3398 οἰκονομίαν,
1975 3320 2037 3398 τῆ

2222 3337 2468 3403 i‘videnti,
2489 3336 2752 3408 majorem
2777 3334 2998 3391 unionis
3018 3350 3206 3391 curam
3228 3348 3340 3404 prae
3363 3348 3422 3388 se
3446 3331 3599 3387 tulit:
3623 3329 3773 3387 unde

482 3420 740 3484 ’ἑνὼσεως
766 3418 967 3491 μᾶλλον
998 3420 1258 3492 φροντίδα
1286 3418 1608 3491 πεποίηται’
1633 3419 1756 3474 ὅθεν
1778 3421 1871 3474 καὶ
1896 3419 2033 3474 eam

2217 3425 2615 3483 t'l‘heodoreto
2661 3424 2880 3481 unicam
2926 3434 3174 3479 naturam
3218 3424 3415 3477 docere
3451 3420 3768 3488 videbatur,

494 3531 613 3577 πως
653 3511 732 3584 τῷ
771 3512 1102 3582 Θεοδωρήτῳ
1156 3511 1232 3576 ὡς
1267 3511 1396 3582 μίαν
1425 3511 1590 3580 φύσιν
1616 3510 1877 3577 δοξάζων,
1909 3510 1984 3576 ὡς
2023 3526 2045 3565 ο

2218 3521 2325 3576 icut
2345 3519 2532 3575 Ariani
2562 3528 2617 3574 et
2648 3517 2998 3590 Apollinaris.
3033 3515 3138 3572 Sed
3170 3531 3346 3586 neque
3388 3513 3769 3570 Theodoretus

505 3604 775 3676 ’Aps:avo\
826 3606 919 3659 καὶ
948 3605 998 3658 oi
1029 3605 1157 3677 περὶ
1184 3605 1277 3658 τὸν
1322 3604 1716 3675 Ἀπολινάριον.
1759 3603 1903 3676 Πλὴν
1951 3603 2056 3660 οὔτε

2221 3611 2491 3669 lestorium
2541 3611 2836 3668 defendere
2878 3624 3121 3681 unquam
3157 3609 3445 3672 visusaest,
3472 3605 3566 3661 sed
3593 3604 3772 3677 Cyril—

424 3680 429 3685 l
478 3687 839 3768 ιε·)εοδ‹ἶ›ρητος
866 3696 1117 3765 φαίνεται
1146 3694 1367 3750 πώποτε
1409 3695 1504 3750 τὸν
1552 3695 1850 3766 Νεστόριον
1899 3696 1975 3749 ὑπ

2214 3722 2295 3761 um
2327 3707 2590 3761 duntant
2628 3719 2893 3761 accusare
2921 3680 2994 3759 ob
3017 3703 3222 3757 illatam
3250 3699 3449 3755 Joanni
3475 3707 3765 3753 contume-

488 3786 824 3871 μαχόμενος,
851 3785 989 3839 ἀλλὰ
1016 3784 1176 3856 μόνον
1197 3784 1289 3845 τὸν
1314 3785 1584 3857 Κύριλλον
1604 3787 2039 3858 ἀπομεμφόμενο

2223 3814 2332 3854 am.
2362 3799 2519 3865 Quod
2565 3785 2614 3854 si
2654 3797 2779 3870 quis
2816 3812 2979 3854 nosse
3007 3795 3136 3851 velit
3159 3808 3388 3850 exosum
3413 3792 3771 3848 vehementer

478 3879 585 3933 ’διὰ
613 3879 713 3950 τὴν
752 3877 1042 3951 συμϐᾶσαν
1073 3879 1153 3942 είς
1182 3877 1439 3961 Ἰωᾴννην
1466 3877 1716 3950 ἀτιμίαν.
1753 3879 1817 3932 Εἰ
1856 3878 1914 3933 δὲ
1948 3878 2029 3950 βοί

2217 3889 2526 3946 'heodoreto
2559 3888 2728 3945 fuisse
2775 3885 3108 3951 Nestorium,
3157 3886 3359 3939 librum
3413 3885 3555 3952 legat
3596 3896 3768 3952 quem

493 3972 645 4026 ὶεταί
683 3989 768 4036 τις
802 3971 1028 4042 γνῶναι.
1064 3970 1147 4024 ὅτι
1188 3969 1540 4042 Θεοδώρητος
1582 3962 1679 4026 καὶ
1725 3971 1845 4025 λίαν
1879 3972 2044 4043 ἑμίσε

2055 3990 2073 4027 ι
2178 3979 2560 4039 Thcodoretus
2585 3982 2702 4053 ipse
2731 3980 2994 4036 Adversus
3025 3979 3251 4034 hiemes
3273 3972 3604 4047 composuit.

482 4048 809 4136 ίΝεστόριον,
844 4064 1064 4135 ἀναγνῷ
1091 4063 1152 4118 τὸ
1175 4064 1311 4136 ’ξος-τρὶ
1334 4064 1445 4119 τῶν
1470 4064 1740 4136 αί-ρέσεων
1765 4065 1916 4138 αὐτῷ
1936 4066 2074 4121 Geo.

477 4155 724 4229 ’δωρήτῳ
744 4157 1135 4230 γεγραμμένον
1172 4157 1398 4229 βιϐλίον.

1235 4384 1465 4442 Joannis
1505 4385 1781 4445 Eucltaita:
1821 4390 1876 4445 in
1909 4389 2115 4463 Elogiis
2157 4392 2478 4461 scriptorum
2512 4386 3015 4445 ecclesiasticarum.

630 4513 1036 4601 ”Ενιστορήσας
1052 4527 1188 4593 τοὺς
1215 4531 1415 4598 σοφοὺς
1443 4530 1795 4597 διδασκάλους
2180 4552 2181 4587 1

2180 4538 2378 4590 uectos
2409 4536 2703 4604 magistros
2728 4533 2923 4588 litteris
2961 4532 3090 4588 dum
3112 4545 3438 4601 prosequor,

625 4609 748 4675 Kal.
779 4621 871 4674 τὸν
905 4620 1251 4692 Θεοδώρητον
1289 4622 1471 4687 αὐτοῖς
1505 4626 1790 4696 ἐγγράφω,
2175 4666 2176 4669 η

2175 4623 2307 4682 Jure
2332 4625 2708 4682 Tlieodoretus
2741 4626 2880 4680 inter
2912 4625 3014 4679 hos
3037 4624 3345 4679 censendus
3370 4628 3472 4688 est,

651 4709 740 4775 Ὠς
769 4711 940 4781 ἄνδρα
972 4711 1136 4778 θεῖον,
1175 4711 1252 4775 ὡς
1279 4711 1599 4767 διδάσκαλον
1631 4715 1826 4784 μέγαν,
2180 4718 2202 4771 [

1727 4732 1826 4781 ἀν,
2180 4718 2405 4775 Divinus
2434 4729 2492 4773 ut
2521 4718 2621 4791 vir,
2647 4727 2705 4772 ut
2731 4718 2990 4789 magister
3018 4716 3278 4785 optimus,

646 4804 736 4868 Ὠς
797 4803 1137 4873 ἀκράδαντον
1163 4804 1474 4888 ὀρθοδοξίας
1507 4805 1719 4862 στύλον.
2178 4808 2197 4863 Ι

2178 4808 2328 4865 Fidei
2357 4810 2675 4865 orthodoxa:
2697 4824 2796 4865 ceu
2829 4808 3083 4863 columna
3115 4807 3432 4862 immobilis.

638 4894 735 4947 "Av
766 4893 811 4946 δ’
840 4893 1103 4965 ὲκλονήθη
1140 4896 1335 4967 μικρὸν
1359 4895 1423 4949 ἐκ
1449 4913 1597 4960 τινος
1624 4897 1818 4969 τύχης,
2178 4904 2189 4964 1

2178 4900 2384 4966 Quodsi
2420 4914 2713 4971 parumper
2739 4897 2878 4953 [ωηο
2910 4898 3147 4968 quadam
3191 4908 3372 4953 motus
3405 4908 3507 4965 est,

640 4982 962 5054 ’Ἄνθρωπος
984 4978 1076 5054 ἦν,
1107 4985 1379 5053 ἄνθρωπε.
1416 4986 1489 5057 μὴ
1527 4988 1860 5062 κατακρίνῃς
1881 5006 1896 5021 '
2180 4993 2191 5046 1

2180 4992 2352 5046 llomo
2378 5001 2515 5058 erat,
2551 4993 2644 5062 qui
2670 4992 2831 5045 homo
2854 5007 2933 5055 cs,
2958 5006 3025 5045 ne
3051 4990 3256 5045 crimen
3282 4990 3507 5055 inferas,
3532 5007 3684 5045 caro.

624 5065 717 5133 κού
745 5078 853 5148 γὰρ
881 5078 1135 5131 τοσοῦτον
1168 5077 1435 5151 δυσσεϐὴς
1469 5075 1535 5151 ἦν
1563 5079 1591 5131 ’5
1626 5081 1835 5148 κλόνος,

1832 5124 1835 5138 ,
2177 5085 2295 5139 Non
2330 5094 2437 5140 tam
2465 5084 2704 5141 sinistra:
2742 5093 2925 5138 motus
2963 5083 3050 5137 hic
3077 5083 3383 5149 sententiae,

639 5164 805 5223 Ὅσον
830 5171 1049 5240 μετεῖχε
1076 5170 1177 5241 τῆς
1211 5170 1495 5240 ἐριστικῆς
1524 5171 1666 5242 βίας.
2177 5181 2190 5242 1

2177 5181 2349 5246 Quam
2378 5177 2669 5249 pertinacis
2695 5177 2932 5247 impetus
2955 5191 3148 5247 pugna:
3174 5175 3295 5233 fuit.

639 5259 706 5313 Τί
738 5262 889 5331 γάρ-;
930 5261 1197 5329 Κύριλλον
1232 5262 1511 5333 πανταχοῦ
1536 5266 1692 5335 νικᾷν
1721 5265 1848 5328 ἔδει,
2178 5274 2190 5333 1

2178 5271 2320 5338 Quid
2358 5269 2543 5325 enim?
2571 5269 2834 5342 Cyrillum
2872 5269 3074 5339 ubique
3106 5269 3321 5324 vincere
3347 5283 3444 5338 par
3475 5279 3613 5333 erat,

640 5353 754 5405 Καὶ
775 5354 1143 5425 δογματιστὴν
1182 5354 1331 5421 ὄντα,
1368 5358 1461 5409 καὶ
1496 5357 1860 5428 λογογράφον.
1914 5348 1917 5353 ’
2181 5362 2191 5414 ε

1812 5377 1860 5416 ν.
1914 5348 1917 5353 ’
2181 5362 2420 5416 Summae
2445 5361 2621 5415 virum
2649 5361 2912 5416 doctrinm
2933 5370 2987 5415 et
3015 5362 3363 5430 eloquentiae,

642 5445 832 5514 Ὅμως
857 5446 914 5499 δὲ
948 5446 1121 5514 τούτῳ
1152 5448 1243 5501 καὶ
1269 5447 1575 5519 διώροωται
1615 5450 1796 5506 πάλιν.
2181 5451 2193 5482 ⁴

2181 5451 2287 5506 Sed
2321 5464 2506 5521 pos1ea
2539 5454 2641 5505 hoc
2677 5448 2855 5520 ipsum
2892 5450 3005 5520 ipse
3035 5451 3274 5505 correxit
3305 5458 3486 5503 tamen

641 5534 724 5587 Τὰ
757 5535 802 5588 δ’
823 5535 958 5589 ἄλλα
995 5536 1170 5589 πάντα
1198 5536 1306 5588 ’τῶν
1340 5537 1613 5606 μεγίστων
1646 5540 1920 5609 ποιμένων
2181 5539 2192 5593 1

1822 5557 1920 5594 νων
2181 5538 2339 5593 llunc
2370 5553 2500 5608 ergo
2534 5554 2764 5594 cernens
2789 5539 3001 5593 cameris
3030 5539 3082 5593 in
3119 5539 3373 5592 omnibus

649 5625 871 5679 Βλεπων
900 5626 990 5679 τὸν
1017 5629 1185 5700 ἄνδρα
1220 5613 1844 5700 μηδενὸξλελειμμένοψ
2182 5629 2200 5683 l

1828 5652 1844 5670 -
2182 5629 2298 5684 Non
2330 5629 2592 5698 imparem
2615 5645 2738 5685 esse
2768 5630 3022 5685 maximis
3048 5630 3379 5699 pastoribus,

658 5715 921 5773 Ἐνταῦθα
954 5718 1161 5785 τούτοις
1185 5721 1411 5784 εἰκότως
1442 5723 1825 5794 συνεγγράφω.
2185 5723 2209 5777 3

1739 5739 1825 5790 ρω.
2185 5722 2374 5777 Merito
2398 5722 2541 5778 inter
2572 5722 2698 5779 illos
2737 5723 2843 5779 hoc
2871 5723 2992 5779 loco
3022 5721 3290 5779 reccusui.
