3920 6316
405 282 474 349 35
1354 279 1452 338 DE
1486 276 1660 338 VITA
1705 276 1798 334 ΕΤ
1836 273 1989 332 SCRI

2100 274 2180 333 'lS
2212 271 2567 333 ΤΗΕΟΠΟΒ
2579 272 2670 331 ET
2681 271 2702 330 ί
3593 264 3663 326 36

580 394 728 450 Idem
758 395 813 449 in
846 393 1043 447 librum
1078 391 1143 447 ΙΙ
1172 384 1392 463 Regum,
1415 400 1606 462 qmcst.
1634 388 1760 445 XLI
1773 388 1826 442 11
1838 431 1853 455 ,
1891 391 1954 443 de
1984 390 2179 458 hymno
2211 392 2450 460 loquens.
2491 405 2579 442 seu
2606 388 2814 442 cantico
2850 383 3071 438 Duvidis
3098 382 3159 436 ob
3188 381 3480 436 victoriam.

478 515 759 565 Consonat
787 517 967 561 autem
1006 506 1217 576 psalmo
1244 522 1375 571 xvu,
1408 505 1488 557 vel
1520 504 1699 573 potius
1728 503 1866 556 idem
1889 509 1992 565 est,

406 616 606 671 paucas
653 597 859 652 habens
917 597 1199 651 nominum
1253 596 1600 649 mutationes.
1646 594 1757 663 Ego
1810 587 1990 647 autem

405 710 528 747 eum
556 691 679 745 aliis
704 689 934 745 Psalmis
959 690 1107 744 hunc
1130 704 1350 759 quoque
1374 688 1781 757 interpretatus,
1806 701 1995 755 super.

407 797 709 849 Vacaneum
761 781 1071 838 existimavi
1119 779 1414 836 secundam
1452 793 1781 850 conmanere
1819 778 1983 855 inter-

409 875 789 963 pretationem.
1594 883 1598 887 ‘
1666 861 1689 871 ”
1832 858 1838 868 ’
1952 856 1958 869 λ

1983 1076 2055 1095 ρ.-

2160 503 2318 555 "Eon
2343 502 2400 555 δὲ
2423 500 2713 571 σύμφωνος
2741 496 2821 568 τῷ
2853 495 2916 559 ιζ’
2938 493 3159 566 ψαλμῷ,
3192 493 3389 565 panos
3417 493 3472 545 6?-
3504 493 3668 559 αὐταῖς

2088 598 2260 660 ἐστιν,
2306 594 2494 662 ὀλίγας
2541 592 2681 661 ἔχων
2725 588 3003 659 ὀνομάτων
3048 584 3370 653 ἐναλλαγαῖς.
3426 584 3567 652 Ἐγὼ
3609 584 3669 637 δὲ

2091 687 2230 760 μετᾶ
2275 686 2382 739 τῶν
2428 684 2604 738 ἄλλων
2629 681 2876 752 Ψαλμῶν
2917 678 3012 734 καὶ
3059 678 3249 732 τοῦτον
3297 674 3668 748 ἑρμηνεύσας,

2089 775 2343 852 περιττὸν
2406 774 2679 847 ὑπέλαϐον
2744 771 3005 842 δευτέραν
3065 766 3364 842 ἑρμηνείαν
3432 769 3669 839 ποιήσα-

2090 856 2237 943 goat.

1171 1203 1497 1275 Νἰριψιιυηιδ
1522 1203 1615 1259 lib.
1647 1220 1753 1266 κεν,
1790 1220 1907 1271 mp.
1934 1202 2025 1263 5i,
2058 1199 2368 1254 Theodoreti
2397 1214 2561 1266 opera,
2591 1211 2929 1277 erupturam.

482 1314 746 1372 Similiter
771 1317 902 1374 etin
927 1317 1162 1375 Psaltcm
1191 1316 1337 1372 aliud
1359 1333 1500 1387 epus
1529 1317 1772 1387 reliquit.

2173 1312 2451 1376 Ὡσαύτως
2481 1310 2575 1365 καὶ
2599 1313 2678 1377 εἰς
2706 1311 2797 1366 τὸν
2824 1308 3095 1380 Ψαλτῆρα
3119 1306 3207 1362 Et:
3218 1324 3309 1379 ρον
3333 1305 3677 1379 σύγγραμμα

2091 1408 2405 1461 κατέλιπεν.

1484 1763 2603 1939 DlSSERTATlO

920 2009 1067 2121 DE
1155 2010 1440 2109 VlTA
1524 2007 1674 2107 ET
1739 2005 2271 2103 SCRIPTIS
2335 2003 3160 2101 THEODORETI.

2010 2219 2085 2240 “

479 2350 562 2428 [5]
597 2353 924 2426 Dignissima
962 2362 1047 2409 est
1077 2368 1201 2425 quae
1247 2360 1534 2408 enarretur
1571 2349 1691 2406 Vita
1738 2350 1989 2407 'l‘hcodo-
2020 2363 2065 2421 Α
2093 2352 2227 2420 Quae
2256 2368 2380 2410 cum
2417 2355 2492 2411 ita
2523 2355 2655 2419 sint,
2685 2370 2909 2412 auream
2958 2359 3390 2416 mediocritatem
3449 2377 3678 2445 servare

410 2447 537 2514 reti,
568 2447 682 2500 sive
730 2445 1087 2516 multiplicem
1129 2446 1229 2501 viri
1269 2444 1593 2510 doctrinam,
1626 2444 1741 2498 sive
1786 2444 1989 2499 variam

409 2540 531 2610 ejus
565 2538 840 2594 fortunam
870 2547 1207 2608 spectemus.
1281 2537 1400 2604 Illa,
1460 2545 1522 2591 ut
1576 2535 1988 2591 admirationem

410 2631 561 2686 omni
590 2631 715 2701 jure
730 2639 994 2694 uteretur,
1025 2629 1100 2684 ita
1133 2643 1354 2698 quoque
1379 2628 1607 2681 multam
1640 2642 1740 2682 nos
1770 2628 1836 2681 ad
1868 2627 1994 2681 imi-

412 2724 671 2778 tationem
703 2721 977 2776 excitaudi
1009 2722 1118 2774 vim
1155 2721 1351 2787 habet;
1386 2720 1502 2775 hsce
1531 2734 1682 2782 vero,
1714 2718 1813 2773 etsi
1845 2729 1995 2774 tanto

415 2815 545 2872 Viro
580 2816 764 2870 minus
794 2814 954 2884 digna
992 2814 1162 2869 videri
1181 2813 1375 2884 possit,
1406 2823 1584 2867 tamen
1614 2827 1866 2882 magnam
1898 2826 1996 2865 no-

413 2909 497 2965 bis
526 2916 754 2979 przestat
782 2907 1096 2961 utilitatem.
1146 2905 1353 2960 lllustri
1414 2904 1558 2959 enim
1592 2904 1842 2974 exemplo
1892 2919 1994 2959 suo

412 3016 516 3057 nos
545 2997 1141 3061 docuit'l‘heodoretus,
1177 3007 1290 3051 tum
1309 3012 1432 3067 qua:
1461 2996 1617 3051 nobis
1648 2996 1992 3066 ingredienda

414 3094 486 3149 sit
524 3092 634 3159 via,
675 3091 720 3146 si
777 3091 847 3146 de
876 3098 1024 3145 coetu
1063 3088 1380 3145 Christiano
1413 3088 1551 3144 bene
1590 3087 1787 3143 mereri
1836 3089 1995 3142 volu-

412 3201 559 3253 mus,
592 3195 706 3240 tum
739 3193 941 3254 quanta
977 3199 1116 3254 opus
1145 3183 1217 3238 sit
1242 3182 1752 3253 circumspectione,
1785 3198 1849 3237 ne
1874 3183 1995 3237 vitae

414 3295 537 3335 eum
604 3278 762 3333 laude
809 3285 946 3332 actae
1001 3284 1056 3331 et
1125 3276 1364 3330 nominis
1427 3275 1617 3346 gloriae
1693 3275 1775 3330 vel
1857 3273 1992 3331 levis

417 3379 743 3441 aspergatur
775 3367 1009 3423 macula.
1032 3365 1264 3441 Norant,
1295 3372 1561 3437 quotquot
1590 3366 1771 3420 smculi
1800 3379 1829 3419 ν
1856 3374 1910 3420 et
1940 3381 1991 3420 τι

415 3438 873 3532 ειεέςιίοιιοτυηῖζ
919 3438 1445 3536 (ιιιςιῄῃηῖἰῃὸῃιοτίη
1494 3457 1548 3511 in
1587 3458 1702 3512 haec
1750 3467 1991 3527 tempora

414 3530 628 3632 incidit,
663 3550 954 3632 historiam
996 3530 1420 3616 leonsulneruut,
1464 3564 1629 3621 quam
1657 3548 1859 3603 variam
1885 3552 1993 3603 for-

416 3622 604 3699 tunam
654 3622 911 3712 expertus
968 3642 1039 3697 sit
1078 3636 1495 3707 Theodoretus,
1569 3640 1729 3711 enjus
1777 3642 1986 3706 eadem,

413 3752 534 3809 quae
567 3736 698 3791 olim
728 3733 947 3791 Eusebii
1013 3733 1388 3798 Caesariensis,
1444 3748 1574 3788 sors
1639 3733 1758 3789 fuit.
1816 3731 1987 3800 Quem

413 3830 560 3885 enim
592 3828 812 3899 plurimi
846 3828 1081 3883 summis
1129 3836 1469 3882 exornarunt
1512 3827 1786 3889 laudibus,
1833 3841 1991 3880 eum-

413 3924 535 3978 dem
572 3922 662 3977 alii
700 3919 768 3975 de
796 3920 900 3975 ﬁde
929 3931 1241 3991 suspectum
1296 3920 1623 3985 habuerunt,
1690 3935 1787 3975 sua
1842 3935 1992 3975 com-

414 4016 676 4071 munione
712 4013 803 4068 vix
833 4013 1055 4083 dignum
1087 4021 1371 4083 putarunt,
1403 4022 1457 4068 et
1484 4028 1605 4083 qua:
1635 4028 1824 4067 eorum
1866 4023 1993 4067 tem-

413 4123 608 4179 porum
648 4105 753 4160 fuit
781 4106 1061 4177 iniquitas,
1099 4105 1447 4161 anathemate
1496 4092 1780 4160 feret-unt.
1837 4103 1991 4159 llaud

415 4178 586 4254 multo
619 4195 700 4270 [4]
722 4197 992 4267 aequiores
1023 4204 1212 4251 nostro
1237 4197 1400 4250 etiam
1447 4205 1690 4265 tempore
1722 4178 1988 4275 quosdam

415 4304 624 4359 invenit
646 4304 880 4372 judices,
920 4309 1112 4356 contra
1136 4317 1274 4371 quos
1308 4299 1528 4356 diﬂicile
1561 4309 1649 4354 est
1673 4300 1989 4371 Apologiaut

414 4411 525 4450 non
555 4395 819 4449 scribere.
852 4392 947 4447 llis
979 4392 1206 4446 omnino
1231 4390 1635 4447 accensendum
1664 4407 1786 4447 esse
1837 4403 1993 4462 puta-

413 4502 538 4542 mus
584 4485 939 4549 Garnerium,
987 4485 1081 4553 qui
1134 4484 1338 4553 passim
1397 4483 1452 4537 in
1504 4480 1992 4542 Dissertationibus

413 4596 552 4648 quas
584 4578 844 4634 Auctario
874 4592 976 4633 suo
1007 4578 1327 4647 complexus
1354 4584 1458 4641 est,
1491 4575 1749 4655 acerbum
1799 4576 1993 4633 adver-

413 4688 509 4728 sus
531 4672 848 4741 scriptorem
881 4678 1126 4724 nostrum
1151 4669 1259 4739 egit
1291 4668 1553 4739 judicent,
1576 4666 1662 4736 cui
1680 4678 1872 4731 tamen
1896 4685 1991 4739 po-

414 4767 522 4820 ti'us
552 4782 710 4835 quam
730 4764 1074 4817 Theodoreto
1110 4761 1378 4838 accidisse
1406 4760 1816 4833 existimamus,
1841 4761 1987 4831 quod

415 4860 450 4912 ι.
475 4874 526 4913 c.
558 4873 612 4928 p.
647 4856 768 4921 115,
805 4854 872 4909 de
917 4837 1297 4933 Nostrodicit,
1339 4873 1357 4926 ς
1392 4852 1445 4907 ld
1480 4869 1674 4923 passus
1707 4862 1809 4917 est.
1845 4855 1989 4925 quod

414 4951 593 5004 solent
622 4946 765 5003 oculi
809 4946 1157 5023 vehementer
1185 4946 1401 5001 aﬂ'eeti:
1452 4947 1604 5027 visus
1663 4956 1747 5002 est
1798 4962 1990 5017 nempe

2096 2445 2458 2514 studebimus,
2512 2462 2580 2501 ne
2641 2448 2723 2503 vel
2775 2448 2978 2520 iniquis
3034 2452 3482 2509 accusationibus
3539 2452 3677 2511 Viro

2095 2539 2303 2609 Optimo
2343 2553 2549 2610 partem
2598 2541 2775 2598 laudis
2818 2544 3126 2610 detrahere,
3180 2548 3262 2601 vel
3324 2548 3493 2603 nimio
3554 2550 3680 2603 lau-

2095 2631 2284 2694 dandi,
2306 2643 2399 2685 aut
2422 2633 2468 2687 si
2498 2634 2627 2703 quid
2666 2634 2886 2689 humani
2920 2651 3115 2705 passus
3141 2649 3222 2694 est
3246 2637 3463 2706 Noster,
3508 2639 3682 2697 dissi-

2094 2724 2341 2783 tuulandi
2385 2724 2587 2792 studio,
2621 2742 2653 2782 a
2697 2729 2923 2784 veritate
2978 2730 3157 2785 aliena
3220 2733 3435 2788 tradere
3486 2733 3678 2789 videa-

2098 2834 2241 2871 llllll‘.

2165 2907 2245 2964 Ne
2267 2910 2461 2965 ordine
2486 2919 2673 2992 careat
2703 2912 2819 2987 haec
2843 2916 3025 2971 omnis
3054 2915 3376 2988 Disputatio,
3408 2928 3515 2975 tres
3542 2936 3681 2975 con-

2098 2999 2390 3057 stituemus
2430 3013 2613 3074 partes
2648 3002 2786 3059 Vita:
2814 3004 3166 3064 Theodoreti.
3198 3011 3379 3066 Prima
3429 3013 3681 3068 narrabit

2096 3092 2217 3161 ejus
2246 3093 2569 3162 primordia,
2606 3112 2896 3153 successus
2926 3114 2991 3154 ac
3020 3100 3199 3154 studia
3235 3118 3410 3172 usque
3453 3104 3519 3158 ad
3570 3121 3679 3158 an-

2097 3198 2227 3237 num
2259 3185 2420 3239 istum
2457 3202 2568 3256 quo
2590 3187 2658 3243 ad
2707 3189 3071 3260 episcopalem
3102 3191 3421 3262 dignitatem
3451 3206 3680 3253 evectus

2094 3286 2196 3332 est.
2236 3277 2486 3333 Secunda
2514 3290 2753 3351 exponet
2800 3282 2869 3337 de
2897 3284 3061 3339 rebus
3099 3284 3268 3355 gestis
3322 3287 3444 3357 ejus
3499 3305 3681 3358 usque

2095 3368 2162 3423 ad
2189 3370 2477 3447 concilium
2504 3371 2965 3450 Chalcedonense,
2983 3391 3079 3431 seu
3097 3379 3497 3433 (acumenicum
3517 3398 3681 3450 quaro

2094 3469 2234 3515 tum.
2273 3461 2457 3539 Tertia
2484 3464 2720 3537 denique
2753 3469 3056 3524 recensebit
3096 3470 3284 3525 ultima
3316 3474 3433 3543 ejus
3468 3474 3575 3528 fata
3617 3485 3679 3531 et

2095 3565 2279 3610 motus
2310 3548 2434 3626 post
2458 3559 2669 3613 obitum
2710 3559 2857 3616 illius
2914 3572 3083 3628 ortos,
3139 3564 3341 3633 quibus
3404 3565 3565 3622 finem
3624 3566 3676 3623 si

2099 3661 2205 3700 non
2253 3642 2398 3721 fecit,
2433 3647 2612 3733 facere
2638 3651 2830 3719 saltem
2859 3652 3047 3708 debuit
3072 3656 3369 3720 concilium
3402 3658 3678 3714 Constan-

2097 3740 2518 3809 tinopolitanutn
2549 3755 2644 3796 seu
2695 3745 3095 3800 meumenicum
3122 3747 3398 3817 quintum.

2163 3830 2338 3897 Quam
2391 3834 2648 3889 nascendi
2706 3847 2907 3890 sortem
2966 3835 3214 3893 habuerit
3269 3839 3674 3911 Theodorctus,

2094 3924 2494 3994 ignoraremus,
2522 3926 2626 3981 nisi
2663 3926 2779 3998 ipse
2812 3927 2981 3998 (Hist.
3032 3931 3180 4003 relig.
3216 3948 3335 4004 cap.
3372 3933 3462 4005 1⁸5)
3496 3950 3672 4005 pauca

2092 4018 2381 4088 attigisset,
2414 4034 2444 4074 e
2465 4021 2664 4098 quibus
2694 4023 2990 4098 colligitur,
3034 4040 3160 4080 eum
3182 4026 3490 4082 Antiochia:
3522 4031 3672 4085 circa

2092 4111 2157 4205 A.
2195 4100 2416 4211 (1.38.6,
2455 4096 2716 4211 inducent
2775 4096 2982 4170 editum
3024 4132 3170 4183 esse,
3201 4120 3303 4174 etsi
3353 4120 3432 4194 [5]
3472 4121 3675 4211 Fabri-

2094 4197 2214 4277 cius
2247 4195 2526 4276 (Bibliotlr.
2559 4204 2654 4262 Gr.
2685 4207 2795 4261 vol.
2828 4206 2942 4273 VII,
2973 4226 3025 4281 p.
3055 4210 3180 4281 450)
3214 4215 3424 4268 natales
3455 4216 3575 4285 ejus
3603 4195 3672 4271 ad

2092 4298 2160 4352 Δ.
2185 4297 2247 4351 C.
2273 4298 2379 4352 595
2409 4298 2611 4355 referre
2648 4303 2921 4357 maluerit.
2948 4302 3065 4358 Non
3113 4304 3537 4362 immorabimur
3564 4287 3675 4364 mi.-

2093 4388 2297 4466 raenlis
2335 4391 2681 4448 recensendis
2728 4408 2851 4463 qua:
2877 4393 2992 4464 ipse
3042 4396 3163 4451 loco
3218 4396 3330 4466 jam
3388 4398 3554 4452 citato
3604 4401 3676 4454 de

2094 4480 2412 4536 Macedonio
2440 4483 2635 4538 Aseeta
2667 4484 2852 4550 refert,
2882 4487 3042 4556 cujus
3076 4489 3331 4559 precibus
3362 4505 3519 4545 snam
3575 4508 3678 4547 ua-

2093 4572 2359 4628 tivitatem
2385 4575 2597 4631 tribuit.
2631 4573 2757 4633 "me
2817 4578 2938 4633 ideo
2970 4589 3181 4635 tantum
3244 4582 3547 4651 attigimus,
3615 4574 3677 4639 ut

2092 4677 2374 4736 appareat,
2435 4682 2560 4722 eum
2616 4668 2823 4724 dictum
2873 4669 3047 4726 fuisse
3107 4671 3477 4745 Θεοδώρητον,
3540 4677 3672 4741 quia

2093 4758 2415 4826 parentibus
2453 4773 2484 4813 a
2519 4759 2630 4815 Deo
2660 4763 2819 4832 quasi
2869 4763 3106 4818 donatus
3138 4774 3278 4819 erat.
3306 4763 3432 4819 Non
3473 4768 3675 4821 Iallttu-

2094 4857 2181 4902 tur
2213 4850 2395 4918 itaque
2425 4850 2518 4920 qui
2554 4869 2748 4907 tnuneu
2808 4856 2931 4923 ejus
2977 4854 3163 4916 Graece
3204 4873 3301 4927 per
3355 4876 3389 4930 η
3430 4859 3675 4934 scribere

2088 4940 2300 5010 jubent,
2328 4947 2473 5013 quod
2511 4944 2562 4998 in
2590 4947 2874 5001 codicibus
2905 4949 3070 5002 etiam
3104 4949 3221 5006 ﬁeri
3249 4944 3676 5017 observavimus

413 5045 516 5099 sibi
552 5044 737 5098 videre
767 5051 933 5095 totam
964 5056 1022 5093 re
1044 5040 1162 5110 ipsa
1217 5041 1470 5114 btet-esiu,
1528 5042 1840 5111 ubicunque
1904 5042 1984 5095 vel
2014 5048 2056 5103 (ς
2091 5047 2378 5106 postquam
2430 5040 2641 5106 primus
2675 5040 2778 5094 hoc
2829 5054 2931 5095 nos
2979 5040 3166 5095 doeuit
3206 5040 3328 5098 Joa.
3392 5044 3550 5099 l’it-us
3613 5033 3672 5101 iii

412 5136 640 5191 minima
672 5134 885 5205 Species
914 5134 1219 5203 umbraque
1269 5143 1605 5188 occurreret.
1654 5153 1673 5186 ι
1743 5133 1987 5193 fuerunt

410 5237 592 5283 autem
630 5226 777 5280 omni
811 5237 1073 5297 tempore,
1106 5227 1199 5297 qui
1229 5242 1450 5282 causam
1504 5224 1829 5281 Theodoreti
1892 5227 1987 5280 de-

413 5321 693 5375 fendentes
719 5319 820 5390 ipsi
855 5319 1066 5374 veritati
1100 5319 1424 5389 patrOcinati
1460 5328 1609 5381 sunt,
1669 5318 1772 5373 etsi
1843 5317 1988 5373 Cou-

409 5413 590 5476 siuus,
624 5413 716 5482 qui
754 5412 808 5467 in
841 5411 1164 5467 Prwfatione
1197 5412 1264 5466 ad
1306 5411 1806 5481 interpretationem
1860 5409 1987 5465 Gal-

409 5507 569 5562 licam
624 5505 879 5561 Historiw
912 5506 1098 5561 eccles.
1131 5504 1454 5577 Theodoreti
1490 5518 1687 5574 magno
1717 5519 1840 5557 cum
1897 5492 1985 5557 ar-

408 5598 539 5652 dore
568 5614 663 5667 pro
697 5599 787 5652 illo
809 5599 1086 5669 pugnavit,
1115 5608 1169 5652 et
1198 5596 1421 5651 forsitan
1447 5593 1690 5650 nonnulli
1723 5595 1811 5648 alii
1841 5594 1980 5648 haud

413 5688 685 5747 immerito
717 5691 897 5745 nin‘tia:
947 5690 1000 5744 in
1038 5689 1189 5743 illum
1218 5684 1514 5740 voluntatis
1550 5686 1622 5741 rei
1655 5685 1979 5739 habeantur.

2095 5128 2252 5184 Praef.
2292 5131 2358 5185 ad
2392 5129 2723 5185 Theodoreti
2762 5133 3104 5198 Qtnesdoues
3136 5134 3189 5189 in
3246 5116 3672 5208 (letatcuehnm;

2093 5236 2231 5291 quas
2253 5222 2439 5277 Grrece
2468 5225 2637 5278 edidit
2667 5223 2841 5279 Paris.
2872 5239 2924 5277 a.
2960 5225 3119 5280 1558.
3155 5227 3293 5281 Idem
3331 5245 3549 5299 quoque
3575 5232 3675 5287 dc-

2068 5308 2314 5367 ~feudere
2375 5315 2590 5368 videtur
2622 5313 2845 5380 Suidas,
2904 5318 2997 5385 qui
3053 5317 3385 5390 Θεοδώριτος
3449 5323 3671 5392 quidem

2093 5419 2289 5458 nomen
2323 5405 2605 5474 proprium
2642 5422 2765 5461 esse
2796 5407 3078 5477 observat,
3112 5411 3337 5465 alteram
3376 5427 3503 5465 vero
3530 5415 3675 5469 scri-

2091 5492 2248 5550 bendi
2277 5497 2541 5552 tationem
2583 5497 2865 5552 tneiiorcm
2909 5516 3029 5556 esse
3053 5501 3199 5556 haud
3241 5501 3477 5558 obscure
3525 5502 3675 5559 indi.-

2090 5598 2199 5654 eat,
2236 5589 2416 5644 verbis
2441 5590 2560 5645 istis
2585 5607 2709 5660 qua:
2752 5593 3000 5664 proxima
3031 5605 3181 5661 sunt,
3215 5594 3563 5668 Θεοδώρητος
3603 5601 3664 5655 δὲ

2086 5682 2176 5734 διὰ
2209 5682 2301 5735 τοῦ
2339 5701 2370 5752 η
2397 5685 2429 5754 ή
2459 5684 2636 5756 δωρεὰ
2667 5687 2758 5740 τοῦ
2789 5688 2949 5740 Θενιῦ.
3006 5687 3273 5743 Nolumus
3326 5700 3511 5747 tamen
3558 5689 3672 5748 illis
