3928 6316
157 339 208 402 3i
1565 347 2087 407 DlSSERTATlll.
2511 337 2515 342 ’
3374 340 3445 404 38

165 468 476 526 magnopere
499 457 823 524 adversari,
855 460 946 530 qui
968 473 1164 513 nomen
1201 459 1332 514 illud
1365 475 1494 530 pert
1517 461 1761 517 scribere
1794 471 1832 522 Α
1866 463 2104 530 cogitur,
2139 458 2264 514 talia
2301 460 2532 515 subimle
2555 460 2609 514 tn
2643 460 2866 515 Catenis
2901 459 3000 527 legi
3032 475 3094 512 ex
3155 456 3445 512 Theodoro

169 547 388 611 malunt,
438 548 575 614 quia
624 549 711 604 sic
743 566 965 620 quoque
1001 551 1053 603 in
1101 551 1388 606 codicibus
1440 552 1753 622 frequenter

169 639 442 705 scribitur,
481 641 776 711 imprimis
813 644 866 696 in
898 643 1272 698 Acrosticbide
1305 643 1546 698 Canonis
1599 656 1751 698 cata-

172 733 358 803 nyctici
393 733 458 787 ad
511 735 896 800 Servatorem,
933 738 1074 806 apud
1132 736 1384 791 Laudice;
1443 738 1538 791 lib.
1589 753 1643 804 ν,
1698 754 1750 805 p.

168 824 290 878 9.68.
334 827 440 880 Sed
474 828 750 882 mittimus
781 828 916 894 luce,
973 839 1027 889 et
1082 829 1148 883 ad
1220 829 1530 894 historiam,
1560 846 1590 883 a
1647 847 1752 900 qua

169 920 449 990 paululum
480 921 718 990 digressi
745 939 988 986 eramus,
1026 923 1376 978 revertimur.
1417 922 1673 986 Liberali,
1698 934 1758 979 ut

169 1022 406 1078 tempora
446 1013 720 1078 ferebant,
776 1014 1120 1069 institutione
1151 1017 1253 1068 frui
1310 1016 1458 1069 licuit
1509 1016 1757 1070 Theodo-

168 1116 303 1157 reto.
337 1108 382 1156 A
419 1106 592 1173 prima
631 1106 778 1158 enim
806 1107 1090 1176 jnventute
1136 1109 1301 1160 vitam
1335 1108 1440 1176 egit
1472 1109 1524 1161 in
1571 1125 1758 1162 mona-

166 1196 335 1249 sterio
379 1197 634 1266 f-luprepii
674 1214 839 1266 prope
883 1199 1252 1262 Atttichiam,
1300 1199 1388 1251 ubi
1420 1216 1594 1268 pruna
1633 1216 1758 1254 eru-

167 1287 392 1338 ditionis
423 1289 608 1355 posuit
653 1287 1033 1350 fundamenta,
1094 1290 1322 1360 adjutus
1389 1292 1574 1344 favore
1630 1289 1761 1344 l‘or—

166 1379 373 1448 phyrii,
409 1379 505 1448 qtti
540 1394 606 1433 eo
633 1389 877 1449 tempore
913 1379 1171 1436 Ecclesia:
1212 1381 1569 1437 Autiocltenm
1625 1399 1762 1450 pra:-

165 1468 650 1524 cttt|.MOlt:‘tSliC:c
702 1472 823 1526 vita:
857 1487 886 1525 a
926 1474 1241 1542 parentibus
1303 1474 1428 1528 inde
1479 1491 1509 1527 a
1564 1476 1761 1530 nativi-

169 1573 278 1616 tatc
311 1577 691 1626 consecratus.
727 1580 820 1634 per
856 1566 1153 1634 trigintaad
1192 1567 1477 1621 minimum
1509 1584 1683 1622 annos
1707 1569 1759 1624 in

170 1653 504 1706 monasterio
527 1653 618 1705 illo
647 1665 897 1708 versatus
919 1665 1024 1720 est,
1047 1671 1146 1710 nec
1177 1654 1303 1726 inde
1332 1655 1617 1718 discedere
1669 1673 1764 1711 vo-

172 1743 290 1806 luit,
311 1761 433 1798 cum
458 1745 572 1812 jam
610 1745 826 1812 lectoris
847 1747 1127 1814 etdiaeoni
1160 1749 1391 1805 honores
1411 1749 1462 1802 in
1496 1765 1620 1802 eum
1651 1749 1763 1802 eol-

177 1835 267 1887 lnti
294 1846 500 1906 essent.
525 1834 675 1900 "and
703 1836 840 1904 male
869 1839 1079 1894 Veroab
1110 1839 1201 1891 illo
1231 1839 1556 1904 collocatqu
1595 1840 1762 1895 fuisse
1797 1811 1838 1868 Β

178 1933 389 1996 tempus
440 1930 586 1997 quml
637 1930 704 1982 ibi
754 1932 1044 2004 transegit,
1094 1940 1367 1994 testantur
1398 1933 1613 2003 egregia
1676 1933 1765 1989 illa

178 2018 379 2088 iugi-iiii
432 2021 544 2072 fere
603 2020 774 2076 divini
809 2031 862 2080 et
910 2021 1120 2090 subacti
1189 2021 1374 2090 judicii
1445 2022 1763 2091 spccimina,

178 2109 538 2180 qtncdciude,
587 2127 711 2165 cum
760 2113 825 2165 ad
899 2129 1100 2168 munus
1159 2113 1467 2182 episcopale
1544 2123 1766 2170 evectus

181 2214 341 2262 esset.
375 2203 563 2256 elidit.
610 2203 788 2257 Libris
819 2203 901 2278 [6]
947 2206 1091 2269 istis,
1130 2206 1221 2275 qui
1284 2223 1479 2276 magno
1541 2223 1767 2262 munero

183 2304 497 2362 supersunt,
535 2294 904 2359 elahoramlis,
941 2297 1392 2367 gravissimisque
1425 2298 1529 2352 illis
1594 2315 1761 2368 nego-

184 2385 274 2439 tiis
321 2401 441 2453 qua:
471 2395 654 2453 postea
705 2387 893 2450 subiit,
928 2403 1010 2450 se,
1049 2403 1172 2441 cum
1208 2391 1260 2442 in
1300 2389 1400 2442 hoc
1427 2389 1617 2443 lateret
1650 2405 1767 2442 mo-

186 2480 444 2543 nastmio,
499 2479 755 2534 idoneum
802 2480 1053 2534 reddidit.
1101 2480 1210 2535 “Nec
1244 2481 1532 2545 miramur,
1587 2490 1768 2536 tantos

188 2571 335 2624 illum
369 2572 421 2624 in
453 2587 732 2626 sacrarunt
766 2571 1098 2625 Litterarum
1156 2573 1337 2627 stn.tio
1396 2573 1587 2625 fecisse
1644 2589 1766 2640 pro-

189 2678 422 2729 gressus,
494 2679 616 2716 cum
689 2663 904 2718 licuerit
952 2663 1026 2716 illi
1077 2664 1490 2733 exoptatissima
1539 2661 1767 2717 Joannis

189 2754 556 2825 Chrysostomi
582 2754 871 2826 disciplina
919 2765 973 2810 et
1028 2757 1377 2811 institutione
1415 2757 1534 2812 uti.
1585 2756 1761 2822 Quam

191 2840 307 2900 sint
332 2848 539 2914 felices,
577 2849 781 2918 quibus
811 2849 1104 2916 contingit,
1167 2851 1353 2918 probis
1423 2851 1766 2904 innotescere

193 2940 339 3003 viris,
374 2940 440 3007 ab
486 2925 676 3004 eorum
713 2955 809 3007 ore
855 2941 1109 3010 pendere,
1143 2958 1405 3012 suamque
1435 2942 1500 2995 ad
1549 2942 1762 2995 illorum

193 3032 491 3099 exemplum
532 3046 864 3099 componere
895 3032 1082 3096 vitam,
1117 3031 1219 3086 nisi
1252 3033 1497 3086 omnium
1555 3043 1764 3102 tempo-

196 3137 306 3176 rum
354 3123 577 3176 doceret
608 3122 859 3188 bistoria,
890 3121 993 3177 hoc
1052 3123 1213 3186 unico
1259 3124 1506 3194 exemplo
1551 3124 1765 3178 abunde

194 3221 374 3282 posset
409 3211 777 3281 comprobari.
823 3211 1188 3268 Concedimus
1220 3213 1465 3284 quidem,
1497 3215 1562 3268 ad
1616 3231 1765 3267 smn-

199 3322 336 3359 mum
364 3307 494 3358 illud
526 3306 578 3358 in
627 3313 743 3359 arte
791 3305 930 3360 bene
979 3306 1195 3360 dicendi
1253 3306 1558 3376 fastigium,
1621 3309 1765 3377 quod

196 3399 329 3453 inter
358 3401 605 3454 rhetores
634 3413 822 3453 sacros
864 3414 1005 3453 untts
1057 3396 1170 3453 fere
1221 3401 1394 3458 tenuit
1442 3399 1770 3469 Cht'ysosto-

199 3509 335 3555 lllllS,
384 3506 494 3545 n0n
524 3492 898 3546 assurrexisse
919 3490 1346 3562 Theodoretum,
1379 3492 1428 3544 id
1457 3502 1635 3544 tann-n
1679 3506 1769 3545 as—

199 3598 378 3636 serere
407 3598 516 3634 non
577 3581 915 3646 dubitamus,
952 3582 1004 3636 in
1072 3582 1301 3637 scientia
1354 3582 1455 3655 ista
1518 3581 1770 3652 tltcologo

196 3674 438 3742 apprime
479 3671 664 3740 digna,
696 3688 819 3742 qua:
874 3681 1083 3740 spectat
1137 3673 1201 3725 ad
1263 3671 1768 3742 interpretationem

192 3757 470 3817 sacrarum
516 3761 876 3829 Litterarum,
930 3779 1036 3816 non
1088 3763 1372 3833 mysticam
1423 3763 1600 3826 illam,
1671 3763 1765 3817 sed

194 3859 430 3925 planam,
461 3854 805 3924 perspicuam
853 3862 907 3907 et
950 3855 1381 3925 uniuscujusque
1435 3856 1614 3924 captui
1677 3871 1773 3909 ac-

193 3945 616 4006 commodatum,
648 3945 736 3997 vix
784 3959 907 3998 esse
964 3959 1298 4013 quemquam
1376 3947 1468 4014 qui
1534 3947 1773 4018 Chryso-

193 4047 371 4092 stomo
408 4039 477 4090 sit
501 4036 752 4090 similior.
799 4035 854 4089 In
891 4036 994 4091 hoc
1046 4036 1310 4090 imitando
1343 4037 1479 4092 adeo
1525 4036 1652 4092 felix
1674 4037 1774 4091 fuit

193 4129 594 4188 'l‘beodoretus,
647 4128 778 4182 utsi
813 4127 1254 4182 Commentarios
1295 4128 1414 4197 ejus
1470 4129 1523 4183 in
1583 4145 1774 4184 sacros

193 4224 360 4276 Lbros
410 4220 542 4275 Novi
593 4222 943 4290 potissimum
1001 4219 1341 4276 Testameuti
1401 4222 1770 4287 consulimus,

193 4313 332 4366 hami
352 4314 670 4381 raroipsmn
696 4313 1144 4382 Chrysostomum
1174 4315 1348 4384 legere
1376 4323 1647 4383 putemus.
1671 4314 1774 4368 Sed

196 4425 301 4461 non
334 4409 550 4460 unicum
579 4408 724 4460 hunc
753 4405 945 4458 habuit
978 4406 1112 4460 artis
1145 4421 1257 4460 suae
1283 4405 1625 4474 magistrum.
1667 4403 1775 4458 Ila-

1857 553 1963 605 isto
1999 553 2051 604 in
2090 549 2360 614 Psahuos,
2392 568 2515 620 tunc
2541 553 2854 616 ostendant,
2888 551 2958 605 ab
3003 551 3122 619 ipso
3160 549 3444 602 littcralent

1859 658 2082 696 sensum
2119 641 2348 695 feliciter
2380 643 2687 712 capositum
2724 643 2912 697 fuisse.
2951 643 3073 697 llatc
3129 641 3250 695 licet
3302 640 3444 693 haud

1859 733 1992 782 adeo
2042 730 2269 783 multum
2307 729 2372 784 ad
2432 732 2687 786 tuendam
2716 731 2986 786 Theodori
3017 748 3237 786 causam
3269 731 3448 795 facere

1860 826 2162 889 videantur,
2194 836 2397 891 tamen,
2433 830 2561 897 quia
2588 830 2654 882 ab
2701 829 3022 892 adversario.
3075 846 3250 901 eoque
3307 830 3446 884 alias

1858 917 1993 969 satis
2027 916 2216 985 iniquo
2249 917 2698 986 proficiscuntur,
2729 920 2994 988 majorem
3023 919 3088 973 ad
3125 935 3249 972 emn
3284 934 3439 973 eum—

1861 1008 2228 1061 menzlandum
2288 1009 2398 1062 vim
2437 1009 2736 1072 habebunt,
2769 1025 2933 1078 quam
2974 1027 3096 1080 quae
3153 1010 3446 1066 Facundos

1862 1098 2049 1152 multis
2080 1099 2399 1167 complexus
2451 1107 2534 1154 est
2597 1101 2770 1154 libris.
2830 1101 3105 1170 Quidquid
3166 1118 3294 1155 vero
3355 1104 3444 1170 sit,

1862 1206 2052 1259 parum
2083 1195 2322 1254 proticua
2359 1193 2459 1245 fuit
2485 1192 2831 1246 Theodoreto
2877 1193 3046 1245 famili
3070 1194 3244 1254 tritas,
3281 1210 3447 1262 quam

1863 1298 1985 1336 cum
2041 1283 2131 1336 illo
2181 1293 2553 1337 contraxerat.
2628 1285 2865 1355 Uterque
2921 1287 3091 1350 enim,
3161 1296 3446 1355 postquam

1863 1377 1999 1430 satis
2015 1376 2106 1429 ditt
2137 1375 2346 1429 funesta
2384 1378 2448 1430 de
2484 1377 2660 1432 tribus
2691 1377 2957 1447 Capitulis
2991 1380 3189 1448 agitata
3219 1388 3334 1432 erat
3363 1380 3447 1442 lis,

1867 1469 1918 1520 in
1965 1469 2177 1538 synodo
2214 1485 2241 1519 v
2277 1468 2888 1538 ConstantinOpolitana
2928 1472 2990 1524 A.
3021 1472 3082 1526 C.
3119 1472 3244 1537 555,
3295 1473 3450 1526 dam-

1867 1568 2029 1612 natus
2057 1568 2160 1613 est.
2199 1561 2270 1612 De
2299 1559 2556 1614 Nestorio
2597 1571 2776 1615 autem
2814 1563 2942 1638 quid
2981 1547 3273 1618 (Ib-auius?
3337 1563 3448 1633 Op-

1867 1652 2094 1704 tandum
2129 1667 2260 1706 sane
2295 1663 2468 1716 esset,
2527 1656 2731 1708 nullam
2764 1653 2964 1709 Nostro
2997 1672 3120 1709 eum
3153 1657 3244 1709 illo
3276 1657 3448 1724 intcre

1869 1746 2102 1799 cessisse
2137 1747 2614 1817 consuetudinem.
2653 1747 2844 1822 Magna
2874 1761 3052 1804 autem
3083 1750 3298 1820 pietatis
3329 1766 3451 1818 spe-

1865 1836 1997 1895 cies,
2035 1848 2198 1903 quam
2231 1850 2297 1889 eo
2331 1847 2592 1912 tempore,
2638 1853 2749 1906 quo
2801 1821 3179 1913 'l'heodoreius
3222 1823 3286 1892 lin
3334 1855 3450 1892 mo-

1867 1929 2110 1984 uastat-io
2154 1927 2495 1993 versabatur,
2534 1944 2644 1998 ιιι-ω
2678 1945 2737 1983 se
2795 1928 3006 1984 ferebat
3039 1929 3321 1986 Nestorius
3367 1931 3441 1985 cf-

1869 2016 2017 2081 fecit,
2063 2027 2119 2070 ut
2159 2020 2466 2073 art-tissima
2507 2021 2648 2073 inter
2679 2030 2976 2104 utrumque
3028 2024 3447 2098 contraheretur

1867 2111 2127 2176 amicitia,
2155 2128 2274 2181 quae
2309 2113 2565 2167 maximis
2594 2113 3018 2169 adversitatibus
3050 2131 3193 2184 αιδτο
3224 2115 3448 2169 disSolvi

1869 2207 2062 2272 potuit.
2109 2203 2490 2258 Ἰ“Ιιροιιοι·‹·ιιιδ
2521 2206 2666 2258 enim
2703 2207 3008 2260 amiCorum
3047 2223 3273 2280 suorum
3332 2215 3451 2280 erat

1868 2297 2310 2352 studiosissimus
2337 2306 2391 2351 et
2426 2297 2476 2350 in
2511 2297 2866 2351 tlcfc'ltdctttlis
2914 2299 3020 2352 illis
3067 2279 3451 2367 constantissi}

1870 2403 2012 2438 mus.
2047 2386 2342 2441 Multorum
2379 2387 2494 2441 ba-c
2545 2387 2644 2456 ipsi
2681 2388 2780 2442 fuit
2813 2403 2977 2442 causa
3033 2390 3323 2456 malormu,
3386 2391 3453 2444 de

1867 2479 2066 2549 quibus
2097 2480 2148 2533 in
2183 2480 2430 2548 proxima
2461 2481 2626 2549 hujus
2655 2479 3067 2536 DisSe-rtationis
3099 2493 3249 2552 parte
3275 2483 3453 2552 aptior

1867 2571 1969 2622 erit
1997 2570 2212 2623 dicendi
2247 2571 2421 2626 locus.
2458 2569 2571 2625 lloc
2603 2574 2826 2626 unicum
2888 2589 3034 2628 nunc
3083 2575 3448 2643 adjiciendum

1869 2664 2006 2728 erit,
2049 2679 2265 2718 errores
2321 2665 2446 2727 viri,
2487 2664 2646 2734 cujus
2694 2681 2987 2734 personam
3039 2667 3270 2734 colebat,
3333 2684 3450 2720 ma-

1868 2771 2103 2823 gtlop'rc
2155 2756 2484 2824 detestatum
2512 2771 2636 2810 esse
2676 2754 3106 2816 Theodoretum.
3138 2768 3196 2811 ut
3250 2759 3450 2828 scripta

1867 2848 1988 2916 ejus
2021 2858 2072 2902 et
2105 2849 2236 2902 Acta
2287 2850 2504 2903 concilii
2536 2849 3002 2905 Chalcedonensis
3031 2859 3323 2905 testantur.

1940 2941 2072 3006 Quae
2112 2938 2317 2993 fuerint
2341 2941 2628 3009 scriptoris
2663 2945 2832 2996 nostri
2864 2942 3185 3012 primordia,
3212 2959 3322 3014 quo
3359 2946 3452 3000 de-

1869 3031 2103 3086 lectatus
2133 3033 2205 3086 sit‘
2229 3032 2536 3087 studiorum
2576 3049 2796 3103 genere,
2826 3050 2967 3102 quos
2999 3035 3251 3089 habuerit
3315 3052 3446 3104 pra:-

1793 3156 1834 3213 ο
1871 3133 2142 3192 ceptores,
2182 3139 2430 3192 quosque
2461 3125 2698 3179 coluerit
2731 3127 2958 3191 amicos,
2994 3127 3257 3182 hactenus
3317 3127 3449 3181 vidi-

1873 3233 2014 3270 mus.
2053 3217 2358 3270 V’erendum
2395 3225 2710 3278 autemest,
2742 3234 2830 3280 ne,
2868 3219 3099 3287 Ittjusto
3131 3219 3336 3273 diutius
3381 3219 3446 3272 il-

1872 3309 1980 3361 lum
2039 3307 2093 3360 in
2132 3307 2385 3361 cmnobio
2437 3305 2622 3360 Saluti
2660 3306 2914 3376 Euprepii
2967 3307 3248 3361 delituisse
3315 3320 3453 3359 non-

1873 3401 2006 3454 nulli
2074 3408 2284 3469 putant,
2333 3399 2404 3451 ita
2459 3415 2678 3467 quoque
2733 3415 2830 3452 nos
2879 3398 2992 3467 jam
3026 3399 3158 3452 satis
3221 3399 3311 3451 diu
3368 3398 3454 3451 bis

1872 3492 1996 3545 vita:
2055 3492 2174 3559 ejuis
2225 3490 2396 3545 initiis
2448 3491 2772 3545 ἰυιιιιωίιῖος
2829 3507 2949 3544 esse
3001 3491 3338 3544 existiment.
3373 3489 3452 3562 [8]

1872 3580 2209 3636 Comitemur
2259 3580 2440 3650 itaque
2469 3593 2616 3634 nunc
2647 3579 3050 3634 'l‘heodoretunt
3081 3597 3142 3635 es
3202 3581 3455 3650 angustis

1873 3671 2192 3726 monasterii
2230 3671 2374 3726 illius
2411 3672 2672 3726 cauernis
2711 3673 2764 3726 in
2811 3672 3132 3742 ampliorem
3195 3682 3248 3725 et
3303 3680 3455 3726 tanto

1874 3766 1993 3819 viro
2031 3765 2333 3834 digniorem
2395 3780 2614 3819 scenam
2689 3764 3071 3833 prodeuntem.
3138 3762 3452 3830 Vili-anius,

1875 3872 2037 3927 quam
2069 3856 2264 3910 deinde
2295 3871 2580 3924 personam
2623 3858 2814 3926 egerit,
2849 3867 2900 3911 et
2935 3871 3060 3926 qua:
3114 3855 3280 3910 fuerit
3335 3859 3457 3924 ejus

1876 3949 1930 4002 in
1975 3947 2227 4001 administ
2240 3947 2409 3999 ratqu
2431 3961 2655 4001 munere
2667 3947 2961 4016 episcopali
2985 3963 3106 4000 rara
3135 3947 3454 4001 assiduitas.

1874 4041 2159 4096 Publicum
2199 4039 2456 4095 Ecclesiae
2483 4040 2760 4093 doctorem
2817 4039 2932 4107 jam
2973 4053 3136 4108 agere
3188 4050 3450 4110 coeperat,

1877 4150 2001 4186 cum
2043 4133 2112 4186 ab
2143 4133 2447 4186 Alexandro
2479 4130 2778 4183 Antiochia:
2795 4131 2896 4184 hoc
2925 4118 3168 4203 tempore
3199 4136 3458 4202 episcopo

1877 4225 2145 4278 diaconus
2205 4220 2537 4275 constitutus
2586 4227 2750 4288 esset.
2793 4218 2906 4286 Hoc
2956 4234 3206 4285 munere,
3261 4221 3457 4275 ctsi'e

1878 4315 2210 4374 monasterio
2229 4330 2328 4366 suo
2355 4312 2590 4365 ltOlldtllll
2616 4326 2890 4382 egressus,
2917 4326 3128 4380 summa
3148 4328 3270 4366 cum
3298 4313 3458 4368 laude

1880 4406 2100 4477 functus
2133 4413 2238 4472 est.
2267 4420 2391 4480 cum
2431 4402 2485 4455 iu
2527 4401 2899 4473 sermonibus,
2929 4417 3070 4472 quos
3097 4417 3279 4469 coram
3312 4413 3454 4458 cmtu

199 4501 312 4551 buit
334 4500 496 4551 etiant
517 4496 887 4562 Theodorum,
917 4495 1526 4568 qnemMopsnestenum
1553 4498 1764 4563 dicunt,
1807 4505 1847 4558 ί)
1878 4515 2034 4554 sacro
2067 4498 2351 4572 recitphat,
2396 4497 2928 4576 Apollinei-istanm,
2961 4496 3286 4563 Arianorum
3323 4497 3460 4568 alio:-

198 4593 265 4644 de
315 4606 423 4660 quo
456 4589 735 4644 nescimus
764 4603 830 4642 an
862 4589 997 4642 satis
1027 4600 1172 4643 recte
1194 4588 1461 4658 judicent,
1497 4590 1590 4659 qtti
1648 4605 1770 4644 cum

201 4683 455 4736 l'atribus
485 4680 677 4753 synodi
720 4682 928 4750 quintae
948 4696 1165 4734 omnem
1202 4681 1320 4750 ejus
1369 4683 1633 4736 damnant
1663 4698 1778 4736 me-

207 4777 455 4829 moriam.
502 4772 841 4834 Paucissima
875 4771 1021 4843 illius
1073 4771 1137 4824 ad
1186 4787 1284 4826 nos
1321 4782 1586 4826 venerunt
1640 4773 1776 4826 scri-

213 4879 316 4934 pta,
345 4868 534 4920 lirzcco
571 4865 832 4919 idiomate
888 4862 1227 4936 consignata,
1279 4864 1433 4933 plura
1508 4879 1655 4926 vero,
1718 4874 1776 4917 ut

212 4961 347 5010 bene
377 4967 563 5011 contra
592 4955 887 5027 Dupinium
926 4941 1138 5011 monuit
1185 4956 1342 5010 liich.
1388 4955 1577 5030 Simon
1635 4954 1773 5031 Crit.

208 5059 336 5102 tom.
373 5050 410 5114 Ι,
444 5049 652 5118 p.107,
720 5049 863 5103 inter
915 5047 1081 5118 Syros
1138 5048 1433 5118 quan-coda
1489 5056 1634 5102 sum.
1698 5034 1776 5121 Ex

206 5145 387 5211 paucis
428 5144 557 5199 illis.
595 5155 718 5210 qua:
743 5142 854 5194 sive
889 5141 1149 5210 temporis
1178 5141 1294 5192 sive
1333 5140 1773 5210 adversariorum

207 5236 320 5301 ejus
354 5221 635 5305 iniquitate
664 5234 822 5287 nobis
851 5233 1034 5287 relicta
1071 5243 1219 5296 sunt,
1252 5238 1336 5285 vix
1372 5234 1504 5287 satis
1528 5232 1778 5302 judicare

207 5326 476 5397 lita-Lqua:
503 5328 672 5381 fuerit
695 5327 796 5380 \il‘i
831 5327 1064 5380 illiussic
1083 5327 1222 5378 dicta
1243 5326 1580 5394 improbitas.
1611 5326 1777 5378 Sum-

207 5434 343 5473 mam
361 5432 535 5474 tamen
559 5421 683 5490 ejus
725 5419 776 5472 in
807 5427 919 5471 toto
957 5417 1176 5472 Oriente
1209 5417 1379 5472 fuisse
1395 5419 1774 5472 auctoritatem

205 5515 465 5579 novimus,
495 5523 548 5568 et
579 5514 625 5568 si
659 5529 726 5568 ex
767 5510 1131 5580 Fragmentis,
1164 5527 1286 5582 quze
1314 5511 1366 5563 in
1401 5511 1621 5564 Catenis
1655 5527 1779 5578 pas-

201 5605 302 5660 sim
351 5608 501 5662 obvia
527 5615 680 5668 sunt,
713 5603 878 5675 de[7j
917 5603 1019 5656 hoc
1050 5601 1778 5672 Scriptorcjtulicinm'ferre

205 5699 430 5765 licuerit,
466 5701 624 5754 laude
674 5696 862 5767 potius
911 5711 1073 5764 quam
1126 5695 1525 5764 vituperatione
1581 5693 1778 5759 dignus

203 5793 479 5848 videbitur.
512 5793 634 5862 lpse
660 5787 970 5843 Garuerius
1004 5787 1266 5848 Auctarii,
1314 5803 1366 5855 p.
1434 5785 1550 5851 ικι,
1618 5785 1774 5839 fatcti

1882 4609 2114 4660 rumque
2140 4607 2354 4655 cruores
2389 4589 2590 4644 acriter
2620 4593 3034 4659 perstringeret.
3067 4587 3254 4652 Sacris
3288 4589 3457 4648 hisco,

1878 4686 1924 4742 si
1958 4687 2032 4748 ita
2062 4687 2242 4756 dicere
2275 4686 2358 4740 fas
2386 4687 2478 4748 sit,
2513 4684 2730 4753 pra-liis,
2774 4685 3119 4754 gravioribus
3153 4701 3274 4754 qua:
3312 4696 3460 4754 post-

1877 4793 1940 4831 ea
1992 4777 2182 4840 subiit,
2219 4776 2617 4845 certaminibus
2648 4777 2803 4846 quasi
2841 4777 3136 4845 pra-ludere
3174 4779 3324 4830 visus
3354 4787 3456 4842 est,

1879 4875 2196 4936 tantamque
2221 4868 2286 4921 de
2321 4881 2380 4920 se
2409 4882 2560 4936 spem
2613 4865 2760 4929 fecit,
2817 4876 2876 4919 ut
2917 4881 3039 4922 eum
3073 4867 3219 4936 (lyri,
3289 4857 3460 4936 Syria:

1879 4958 2252 5028 Euphratesiie
2280 4957 2452 5019 urbis,
2481 4974 2644 5028 quam
2678 4958 2764 5026 alii
2794 4958 3062 5034 Chyrrum
3094 4957 3306 5022 dcunt,
3341 4959 3457 5028 epi-

1885 5066 2087 5120 seopus
2128 5050 2235 5102 vita
2269 5050 2562 5117 defunctus
2631 5062 2794 5120 esset,
2833 5050 3147 5124 Theodotus
3202 5067 3266 5103 eo
3323 5060 3461 5102 tent-

1881 5159 2011 5212 pose
2043 5142 2348 5196 Antiochia!
2382 5143 2601 5211 pracsul,
2646 5141 2902 5196 Nostrum
2939 5141 3320 5210 dignissimum
3360 5157 3459 5209 ιιιιο

1883 5243 2043 5300 taret,
2075 5234 2166 5304 qui
2201 5234 2312 5288 sedi
2362 5233 2490 5288 huic
2545 5233 2838 5306 episcopali
2896 5234 3300 5302 atillltH'EI‘tllll'.
3358 5231 3461 5286 Fa-

1881 5340 2028 5400 ctum
2065 5329 2164 5396 hoc
2191 5343 2311 5382 esse
2365 5337 2558 5397 putant
2589 5328 2856 5381 Baronius
2901 5335 2952 5379 et
2984 5323 3272 5378 Tiilemont
3299 5326 3336 5377 Δ
3395 5325 3457 5380 C.

1879 5420 2004 5477 ΗΞ.
2043 5419 2334 5472 Sententia:
2370 5434 2481 5472 sute
2513 5418 2923 5470 fundamentum
2964 5424 3157 5486 petunt
3181 5431 3246 5469 ex
3284 5415 3460 5468 Theo-

1880 5509 2056 5562 doreti
2087 5507 2152 5561 ad
2182 5507 2416 5578 Leonem
2469 5507 2784 5576 episeopum
2859 5505 3167 5558 Romanum
3208 5505 3459 5574 epistola,

1880 5615 2004 5670 qua:
2031 5609 2114 5653 est
2144 5599 2443 5653 centesima
2467 5597 2675 5651 decima
2711 5597 2887 5649 tertia.
2925 5594 2980 5648 lu
3010 5594 3100 5647 illa
3134 5593 3278 5646 enim
3307 5594 3459 5658 dicit,

1882 5708 1940 5746 se
1968 5708 2060 5746 sex
2102 5700 2155 5745 et
2186 5691 2375 5760 viginti
2429 5690 2590 5743 annis
2628 5703 2657 5742 a
2696 5687 2804 5741 lico
2841 5688 2940 5741 sibi
2990 5687 3300 5740 commissa:
3359 5687 3460 5739 lic-

1882 5786 2061 5840 Cit‘SitP
2126 5784 2426 5854 pra:fuis:=e.
2503 5780 2766 5835 Eunulem
2823 5779 3150 5851 episcopalis
3215 5780 3461 5833 muneris
