3928 6316
429 297 504 363 ω
698 332 705 341 ο
1399 285 1498 345 DE
1536 284 1713 345 VITA
1751 282 1847 342 ET
1881 278 2226 342 SCRIPTIS
2253 276 2745 340 THEODORET-I

3646 285 3723 350 40

433 414 641 458 annum
684 397 839 470 ponit
863 396 918 452 in
951 395 1113 467 epist.
1157 392 1280 460 H6,
1315 409 1439 463 qua:
1464 391 1675 448 Renato
1706 391 2026 462 presbytero
2061 399 2098 454 Α
2132 402 2252 441 rum
2285 387 2570 443 erroribus
2598 402 2726 457 grex
2761 393 2946 440 noster
2976 398 3199 456 ereptus
3250 393 3355 440 est.
3404 385 3563 443 Novit
3616 392 3719 458 qui

434 491 695 562 inscripta
744 497 849 547 est.
886 486 1008 547 Jam
1051 501 1184 540 vero
1210 496 1442 555 utraque
1473 484 1590 539 hanc
1617 483 1853 552 epistola
1911 498 2021 537 non

435 582 611 652 potuit
641 581 807 639 scribi
841 590 971 636 ante
1013 577 1080 650 Α.
1118 577 1181 632 C.
1215 577 1342 651 419,
1371 578 1429 631 in
1454 593 1620 648 quam
1697 576 1884 630 incidit
1934 589 2025 645 sy-

431 676 612 738 nodus
643 670 935 746 λῃστρικὴ,
965 672 1034 731 tle
1060 688 1168 741 qua
1203 672 1257 729 iu
1284 672 1368 727 his
1390 671 1583 726 litteris
1595 670 1719 740 jure
1749 668 2021 739 queritur.

438 764 601 820 llecte
632 764 818 833 itaque
851 779 911 819 se
946 763 1110 823 habet
1160 761 1428 833 calculus,
1474 761 1519 817 si
1565 776 1797 823 summa:
1847 774 2026 827 antro:

438 874 561 912 rum
591 857 695 914 449
726 857 1091 914 detrahuntur
1119 853 1191 923 26
1237 855 1388 923 anni,
1420 854 1596 910 Aliam
1632 862 1813 925 tamen
1868 868 2022 918 cern-

438 950 664 1020 putandi
696 951 962 1007 rationem
1027 955 1356 1019 sequuntur,
1409 947 1504 1017 qui
1554 962 1762 1001 annum
1814 955 2026 1017 puniunt

435 1043 562 1098 4:20.
588 1041 729 1096 Huic
767 1039 1052 1095 sententia:
1081 1053 1187 1095 nos
1206 1038 1373 1111 etiam
1402 1036 1829 1109 subscribimus,
1902 1045 2019 1091 tum

433 1137 563 1205 quia
608 1132 929 1188 confirmari
979 1130 1198 1191 videtur
1268 1146 1365 1206 per
1421 1130 1714 1209 epistolam
1760 1131 1833 1202 85,
1901 1146 2024 1202 quae

435 1228 636 1296 scripta
668 1233 752 1279 est
782 1223 850 1279 ad
902 1221 1230 1281 Dioscorum
1284 1223 1607 1301 episcopum
1654 1221 2021 1290 Alexandriae,

437 1326 551 1370 tum
593 1314 721 1386 quia
748 1314 857 1369 alio
887 1313 1092 1384 duplici
1140 1314 1426 1387 scriptoris
1475 1314 1653 1370 nostri
1701 1314 2021 1375 testimonio

436 1406 572 1462 satis
607 1403 686 1478 [9]
721 1404 987 1460 munitur.
1021 1404 1104 1460 Ad
1160 1403 1518 1469 Eutrechipm
1567 1405 1714 1461 enim
1775 1404 2025 1472 scribens

437 1493 725 1564 (Epistula
769 1501 853 1548 est
878 1495 1212 1564 octogesima
1263 1494 1540 1564 numero)
1588 1493 1913 1560 Pontilicern
1964 1509 2025 1563 se

436 1584 686 1662 nominat
715 1582 809 1653 qui
842 1582 1219 1654 episcopatum
1274 1599 1373 1672 per
1409 1583 1481 1655 εξ
1535 1598 1716 1640 annos
1768 1584 2020 1663 gesserit.

435 1675 701 1739 Eumdem
736 1691 1027 1732 numerum
1067 1677 1215 1748 ponit
1253 1677 1307 1750 in
1349 1677 1550 1735 litteris
1575 1693 1716 1747 quas
1781 1678 1849 1733 ad
1906 1676 2021 1740 No-

435 1782 587 1821 mum
633 1768 915 1823 consulem
947 1767 1099 1824 dedit
1151 1766 1400 1843 (epistola
1430 1777 1515 1826 est
1546 1768 1662 1839 81).
1692 1767 1837 1838 'Jam
1888 1783 2021 1828 vero

434 1858 644 1916 Nemus
670 1859 862 1915 consul
891 1858 997 1914 fuit
1025 1875 1157 1916 ann.
1187 1848 1315 1929 145.
1354 1858 1410 1916 Si
1438 1861 1626 1936 itaque
1644 1859 1833 1917 demas
1846 1876 2022 1918 annos

436 1951 529 2020 25,
559 1951 757 2008 incidit
786 1953 1004 2008 initium
1035 1951 1321 2024 dignitatis
1339 1955 1672 2027 episcOpaIis
1691 1952 2022 2017 Theodoreti

436 2049 492 2104 in
521 2065 653 2105 ann.
693 2048 758 2104 C.
795 2048 922 2106 49.0.
955 2050 1014 2105 ln
1045 2051 1235 2125 eadem
1258 2050 1329 2106 ad
1366 2049 1602 2126 Nouium
1657 2050 1887 2127 epistola
1943 2059 2022 2107 te-

435 2153 635 2207 statur,
655 2159 713 2198 se
739 2144 970 2199 invitum
998 2143 1313 2217 ordinatum
1347 2160 1493 2201 esse.
1518 2146 1678 2219 Quod
1705 2161 1772 2205 ne
1793 2144 2024 2215 miretur

435 2234 751 2305 quisquam,
785 2235 896 2289 duo
926 2237 1605 2304 commemorandaerunt,
1634 2253 1757 2309 quae
1776 2238 1830 2293 in
1855 2251 2021 2300 causa

437 2328 609 2383 fuisse
662 2327 941 2396 videntur,
967 2343 1068 2384 cur
1102 2329 1310 2397 invitus
1338 2330 1480 2403 hanc
1506 2332 1844 2401 provinciam
1876 2332 1930 2394 in
1963 2347 2024 2399 se

437 2420 760 2491 susceperit.
792 2420 962 2491 Regio
988 2421 1298 2493 Cyrestiea,
1331 2423 1458 2492 licet
1493 2424 1842 2494 octingentos
1871 2425 2022 2481 vicos

438 2512 946 2582 comprehenderet,
995 2522 1055 2569 ut
1103 2530 1171 2581 ex
1210 2515 1445 2584 epistola
1474 2516 1541 2570 ad
1596 2514 1835 2582 Leonem
1892 2517 2021 2582 data

437 2606 581 2677 (qua:
609 2614 695 2662 est
744 2606 866 2677 113)
900 2616 1071 2678 patet,
1100 2607 1204 2663 soli
1236 2616 1417 2681 tamen
1454 2610 1745 2666 sterilitate
1794 2626 2021 2681 magno-

437 2711 563 2765 pere
592 2697 965 2767 premebatur,
994 2698 1409 2769 montibusque,
1443 2708 1504 2753 ut
1542 2698 1749 2763 Noster
1783 2700 1850 2755 ad
1879 2698 2024 2757 ϐοητ

437 2792 705 2864 stantium
739 2789 1056 2861 praefectura
1084 2792 1275 2851 scribit
1307 2791 1489 2865 (epist.
1512 2792 1626 2861 42),
1668 2790 1878 2848 inclusa
1902 2800 2023 2848 erat

440 2884 629 2939 multis
664 2892 718 2937 et
749 2883 984 2953 magnis,
1026 2885 1226 2959 partim
1260 2885 1425 2956 plane
1457 2885 1641 2959 nudis,
1685 2887 1881 2955 partim
1937 2885 2024 2940 in-

439 2973 737 3039 fructuosis
762 2976 1056 3032 arboribus
1088 2976 1342 3033 consitis.
1370 2975 1624 3032 Miseram
1654 2992 1878 3060 quoque
1901 2993 2021 3045 eam

2123 476 2310 532 omnia
2357 476 2523 539 videt,
2558 484 2695 545 quot
2730 474 2934 543 lapides
2971 490 3003 528 a
3054 474 3306 529 nefandis
3335 473 3602 528 bmreticis
3654 474 3719 549 iu

2120 585 2215 624 me
2238 571 2521 640 cuujectos
2550 568 2888 648 exceperint,
2935 583 3103 636 quam
3155 567 3343 622 multis
3386 567 3440 621 iu
3487 565 3714 621 urbibus

2126 662 2369 717 Orientis
2399 661 2704 718 certamina
2736 660 2869 738 mihi
2904 660 3191 715 subeunda
3249 659 3454 715 fuerint
3515 660 3715 716 adver-

2124 775 2224 826 sus
2259 759 2516 830 gentiles,
2543 758 2808 825 adversus
2840 754 3064 812 Iudaeos
3098 762 3155 811 et
3205 756 3468 811 adversus
3518 769 3715 811 omnes

2125 851 2512 907 haereticorum
2538 864 2779 905 errores.
2812 867 2833 900 ι
2866 846 2993 917 Haec
3017 857 3198 903 autem
3260 863 3328 904 ne
3381 849 3507 921 quis
3558 847 3715 918 justo

2123 942 2479 1019 ambitiosius
2508 957 2540 1019 ᾳ
2579 939 2782 997 Nostro
2807 941 2952 996 dicta
2987 955 3113 996 esse
3149 949 3321 1013 putet,
3375 940 3717 1011 monendum

2120 1016 2246 1107 erit,
2302 1016 2650 1090 acerba'viri
2692 1033 2878 1089 multis
2901 1032 3306 1089 calamitatibus
3340 1044 3407 1088 eo
3467 1040 3721 1103 tempore

2122 1109 2368 1201 Oppressi
2410 1126 2519 1183 fata
2536 1127 2676 1182 hanc
2697 1127 2820 1181 vitae
2837 1125 2995 1196 quasi
3025 1125 3316 1196 imaginem
3345 1133 3400 1180 et
3426 1123 3711 1203 defensio;

2084 1260 2087 1263 ι
2125 1234 2248 1274 nem
2279 1217 2629 1299 eiliagitasse.
2664 1218 2819 1275 Alias
2851 1219 3070 1275 enimin
3087 1217 3342 1273 laudibus
3370 1216 3486 1272 suis
3513 1216 3718 1287 praedi-

2121 1312 2335 1392 candis,
2358 1312 2505 1383 quod
2526 1312 2788 1369 modestis
2810 1312 3092 1383 proprium
3105 1324 3227 1366 esse
3250 1309 3407 1375 solet,
3423 1310 3717 1384 estadmog

2123 1405 2256 1460 dum
2291 1420 2511 1476 parcus.
2572 1404 2777 1476 Ecquis
2801 1405 2985 1475 itaque
3002 1411 3105 1472 est,
3129 1403 3222 1474 qui
3255 1419 3362 1461 non
3394 1403 3713 1475 perspiciat,

2121 1513 2342 1556 summo
2373 1499 2559 1563 studio
2586 1497 2848 1555 Nostrum
2909 1500 2962 1554 in
3008 1513 3075 1554 eo
3122 1499 3424 1564 laborasse,
3492 1507 3555 1553 ut
3607 1513 3718 1576 pu-

2122 1592 2324 1653 riorem
2368 1592 2486 1649 suis
2545 1591 2788 1648 traderet
2851 1578 3179 1657 doctrinam,
3236 1605 3467 1661 eamque
3521 1597 3715 1644 contra

2123 1682 2350 1753 quosvis
2384 1697 2607 1739 errores
2638 1682 2883 1739 mascule
2914 1681 3276 1739 defenderet?
3313 1678 3378 1736 Et
3414 1680 3542 1752 quis
3597 1696 3711 1733 non

2124 1775 2420 1830 mirabitur
2452 1775 2834 1832 assiduitatem
2861 1784 2915 1832 et
2943 1771 3279 1832 indefessum
3304 1770 3548 1851 studium
3582 1772 3714 1837 viri,

2123 1868 2219 1938 qui
2247 1883 2373 1923 cum
2405 1869 2751 1939 octingentas
2798 1884 2947 1925 cum
2981 1884 3094 1924 suae
3125 1846 3454 1951 commissas
3490 1866 3716 1949 haberet

2124 1960 2423 2029 Ecclesias,
2478 1963 2715 2018 aliorum
2763 1978 2985 2035 quoque
3014 1963 3313 2039 multorum
3344 1946 3542 2022 saluti
3579 1946 3716 2031 prof

2124 2052 2343 2127 spexil?
2401 2056 2514 2113 Hoc
2565 2057 2669 2113 sibi
2718 2057 2905 2112 datum
2958 2060 3084 2114 esse
3159 2057 3436 2128 negotium
3499 2054 3719 2127 putavit

2125 2149 2526 2218 Theodoretus,
2565 2162 2625 2205 ut
2680 2166 2787 2206 non
2846 2150 3141 2222 Cyresticaa
3178 2150 3342 2206 modo
3391 2148 3713 2221 provinciae,

2125 2245 2223 2307 sed
2248 2244 2600 2301 Antiocbeuis
2616 2259 2852 2316 quoque,
2874 2243 3326 2300 Berrhmensibus
3343 2243 3573 2314 aliisque
3588 2242 3717 2313 plu-

2127 2340 2281 2395 ribus
2312 2339 2554 2396 emlestis
2597 2340 2864 2396 doctrina:
2896 2339 3158 2400 veritates
3221 2339 3516 2395 occasione
3548 2349 3717 2420 enata

2126 2443 2476 2503 proponeret.
2514 2432 2623 2486 Nec
2653 2432 2813 2502 laude
2842 2440 2990 2499 caret
3020 2431 3342 2498 liberalitas,
3385 2446 3495 2501 qua
3540 2445 3716 2501 egent

2127 2526 2276 2597 tibus
2322 2524 2600 2582 distribuit
2630 2525 2795 2588 bona,
2827 2538 2949 2594 qure
2979 2538 3009 2577 a
3040 2523 3359 2593 parentibus
3399 2533 3715 2607 acceperat,

2125 2619 2332 2683 omnia,
2357 2631 2410 2674 et
2441 2619 2646 2674 reditus
2670 2633 2797 2674 suos
2827 2617 3056 2688 publica;
3084 2617 3306 2672 utilitati
3333 2615 3450 2688 111]
3515 2632 3725 2689 ροηδε-ς,

2126 2712 2318 2769 cravit.
2367 2711 2580 2778 Quibus
2611 2723 2670 2765 ut
2698 2710 2860 2765 fidem
2895 2709 3183 2775 faciamus,
3216 2709 3383 2765 verba
3429 2699 3605 2781 ipsius
3641 2726 3715 2789 eg

2128 2807 2371 2878 Epistula
2403 2807 2469 2862 ad
2515 2805 2753 2861 Leonem
2784 2804 3160 2859 Romanorum
3190 2805 3504 2876 episcopum
3536 2820 3716 2879 appet

2126 2901 2333 2955 nimus.
2371 2919 2388 2952 ι
2424 2899 2752 2970 Episcopatu
2803 2897 3005 2968 inquit,
3043 2905 3125 2952 tot
3182 2896 3344 2953 annis
3396 2907 3551 2969 gesto
3598 2914 3716 2954 non

2127 2991 2351 3046 domum
2404 2980 2697 3058 acquisivi,
2732 3002 2840 3042 non
2867 3000 3080 3055 agrum,
3136 2999 3243 3039 non
3301 2983 3544 3065 obuium,
3599 3000 3727 3069 non”

438 3077 598 3123 vocat
624 3069 899 3139 regionem
931 3069 985 3126 in
1022 3070 1218 3126 litteris
1249 3070 1316 3127 ad
1342 3069 1689 3160 Pulcheriam
1716 3071 2096 3154 Augustatnc
2126 3074 2459 3153 sepulcrum,
2491 3080 2584 3147 sed
2619 3086 2811 3150 sponte
2832 3083 3206 3148 paupertatem
3241 3074 3525 3144 amplexus
3559 3090 3714 3160 sum,

442 3161 587 3223 datis
619 3161 802 3231 (epist.
836 3162 948 3231 45).
983 3161 1153 3234 Magis
1179 3173 1363 3219 autem
1402 3152 1681 3229 deterrere
1709 3179 1837 3219 eum
1868 3174 2024 3235 pote-

442 3266 525 3309 rat
553 3253 997 3311 Marcienitarum
1016 3258 1461 3329 Arianorumque
1490 3257 1725 3325 nefanda
1760 3258 2018 3328 haeresis,

439 3366 563 3418 quae
589 3359 696 3405 tam
733 3350 873 3406 altas
904 3350 977 3404 ibi
1008 3359 1192 3422 egerat
1230 3351 1465 3419 radices,
1501 3362 1560 3407 ut
1586 3366 1694 3412 non
1735 3353 1856 3409 sine
1876 3368 2029 3408 sum-

440 3443 546 3501 tnis
598 3442 1009 3501 dillicultatibus
1065 3444 1356 3516 eXStirpari
1407 3446 1666 3517 potuerit.
1741 3444 1848 3502 Sed
1907 3462 2030 3517 qua:

440 3552 540 3607 per
566 3548 811 3592 extrema
852 3538 1097 3608 pericula
1136 3546 1191 3594 et
1222 3554 1473 3595 summas
1503 3539 1847 3596 calamitates
1894 3539 2026 3595 illu-

448 3630 621 3684 strior
648 3640 895 3699 apparet,
935 3630 1124 3686 divina
1157 3631 1352 3703 gratia,
1384 3642 1583 3704 praesto
1615 3631 1720 3687 fuit
1758 3632 1820 3687 Β.
1850 3631 2030 3689 Theo-

443 3725 656 3788 doreto,
684 3723 1043 3800 animumque
1072 3724 1150 3780 illi
1182 3724 1414 3792 addidit,
1453 3735 1513 3782 ut
1545 3726 1761 3797 abiecto
1785 3725 2027 3782 omniti-

442 3832 596 3873 more
625 3816 801 3872 adiret
828 3818 1191 3888 provinciam,
1225 3835 1369 3890 quae,
1406 3820 1454 3876 si
1512 3820 1617 3875 ulla
1647 3820 1777 3888 alia,
1820 3820 1927 3876 fido
1975 3829 2030 3876 et

440 3908 619 3990 perito
650 3925 790 3979 opus
820 3910 1058 3966 habebat
1090 3912 1356 3968 antistite.
1390 3910 1502 3968 Nec
1533 3927 1792 3969 successu
1837 3919 2030 3970 carne-.-

442 4011 573 4063 runt
604 4011 839 4059 conatus
863 4002 1006 4074 ejus,
1037 4004 1242 4075 quibus
1273 4020 1340 4061 eo
1374 4005 1552 4076 major
1600 4006 1827 4061 debetur
1889 4005 2028 4070 laus,

443 4111 556 4168 quo
590 4097 825 4167 majores
857 4099 1183 4170 superanda;
1242 4098 1469 4156 fuerunt
1497 4099 1862 4165 dillicultates.
1919 4097 2031 4153 llas

444 4174 617 4261 ipsius
646 4192 1091 4260 praestantissimi
1157 4193 1259 4249 viri
1295 4193 1479 4249 verbis
1503 4209 1567 4249 ex
1619 4194 1778 4262 epist.
1811 4193 1872 4249 8|
1934 4194 2030 4250 de:

444 4286 682 4356 sumptis
710 4286 907 4341 Latino
931 4301 1189 4342 sermone
1219 4301 1507 4342 recensere
1529 4285 1762 4354 juvabit.
1809 4277 1828 4336 ἀ
1871 4284 2027 4351 Octo,

445 4378 647 4448 inquit,
704 4379 859 4433 vicos
904 4377 1166 4434 Marciani
1218 4378 1411 4434 hmresi
1462 4376 1713 4441 infectos,
1747 4392 1899 4447 aeque
1963 4393 2029 4432 ac

445 4468 598 4541 locos
634 4468 865 4534 vicinos,
889 4469 957 4524 ad
980 4468 1258 4524 veritatem
1284 4468 1528 4522 volentes
1552 4466 1797 4537 perduxi.
1834 4467 2022 4526 Visum

446 4558 616 4623 alium
650 4552 1033 4625 Eunomiauis,
1069 4559 1237 4613 alium
1270 4557 1488 4613 Arianis
1521 4556 1802 4624 refertum,
1833 4558 1899 4614 ad
1941 4559 2024 4613 di-

445 4652 587 4719 vina:
609 4653 942 4724 cognitionis
996 4652 1171 4706 lucem
1226 4650 1453 4716 adduxi,
1517 4646 1844 4721 nullumque
1906 4651 2026 4725 [l0]

447 4744 591 4815 apud
624 4758 747 4809 nos,
783 4743 874 4797 Dei
904 4742 1188 4808 benelieio,
1224 4742 1604 4803 luereticorum
1657 4743 1923 4812 reliquum
1946 4752 2029 4799 est

449 4837 661 4891 lolium.
714 4836 832 4891 Non
890 4836 1011 4890 sine
1054 4835 1310 4905 periculis
1363 4844 1545 4891 autem
1606 4835 1720 4891 haec
1779 4838 2028 4906 praestiti,

450 4932 545 4986 sed
580 4932 753 4986 effuso
782 4931 980 5000 saepius
995 4929 1257 5003 sanguine
1287 4944 1428 4992 meo,
1457 4929 1602 4985 haud
1625 4930 2031 5000 rarolapidibus

450 5024 521 5081 ab
548 5023 678 5094 ipsis
709 5025 933 5093 petitus,
969 5018 1024 5078 et
1058 5023 1215 5092 quasi
1274 5024 1341 5077 ad
1400 5023 1547 5094 ipsas
1600 5022 1792 5079 inferni
1845 5035 2031 5095 portas

451 5117 683 5171 delatus.
724 5135 743 5168 ι
781 5115 875 5169 llis
900 5115 1252 5186 respondent,
1273 5131 1396 5187 quae
1420 5116 1560 5172 idem
1578 5116 1743 5172 Leoni
1775 5118 2032 5187 episcopo

451 5208 703 5279 llemano
760 5207 952 5263 scribit
975 5207 1156 5279 (epist.
1190 5206 1332 5281 11⁸5),
1371 5226 1390 5260 ‹
1431 5207 1618 5264 Divina
1645 5210 1773 5263 mihi
1804 5224 2033 5264 succur-

454 5310 605 5354 rente
635 5302 808 5370 gratia
844 5316 1007 5371 supra
1037 5301 1184 5356 mille
1211 5302 1425 5358 animas
1455 5317 1484 5355 a
1520 5302 1811 5358 Marcionis
1842 5303 2035 5358 morbo

454 5392 702 5459 liberavi,
765 5394 1074 5464 multasque
1098 5393 1235 5450 alias
1262 5410 1384 5467 qua:
1408 5394 1521 5450 Arii
1546 5404 1600 5452 et
1623 5394 1874 5450 Eunomii
1905 5412 2035 5467 par-

454 5488 603 5542 tibus
633 5486 976 5543 adlueserant
1013 5489 1079 5545 ad
1108 5489 1391 5546 Christum
1427 5489 1715 5545 Dominum
1780 5491 2032 5561 perduxi.

458 5580 524 5634 Et
573 5579 1011 5652 octingentarum
1065 5582 1424 5640 ecclesiarum
1487 5593 1674 5654 pastor
1710 5584 2039 5639 constitutus

454 5688 572 5725 sum
617 5673 720 5743 (tot
757 5673 902 5729 enim
936 5673 1113 5746 Cyrus
1153 5676 1318 5732 habet
1368 5675 1681 5747 parochias)
1724 5677 1779 5732 in
1838 5679 2038 5749 quibus

457 5764 646 5820 lolium
688 5766 896 5822 nullum
940 5766 1187 5823 relictum
1213 5776 1319 5834 est,
1353 5767 1449 5823 sed
1475 5768 1731 5824 omnibus
1754 5768 2038 5825 haeretico—

2129 3183 2185 3231 et
2208 3189 2294 3240 ea,
2329 3189 2450 3244 qua:
2477 3188 2508 3226 a
2534 3170 2854 3242 parentibus
2879 3182 3219 3239 acceperam,
3287 3174 3414 3237 post
3482 3165 3711 3221 illorum

2131 3275 2363 3321 mortem
2399 3264 2583 3321 statim
2607 3261 2885 3325 distribui,
2919 3268 2981 3315 ut
3020 3246 3204 3316 sciunt
3235 3274 3427 3315 omnes
3465 3258 3559 3328 qui
3615 3258 3721 3314 hae

2129 3356 2307 3412 bitant
2337 3355 2390 3408 in
2419 3353 2657 3425 Oriente,
2692 3373 2714 3404 ι
2745 3350 2946 3421 Eadem
2983 3348 3097 3406 fere
3144 3358 3276 3405 sunt
3320 3364 3443 3420 quae
3476 3347 3545 3403 ad
3599 3346 3719 3421 Νοιτ

2131 3464 2282 3505 mum
2315 3446 2597 3503 consulem
2655 3443 2869 3509 scribit,
2919 3458 3043 3514 quae
3082 3458 3150 3498 ne
3199 3442 3478 3513 longiores
3537 3441 3717 3497 simus

2127 3542 2239 3615 jam
2305 3540 2634 3615 omittin‘tus,
2681 3547 2736 3595 et
2785 3537 2890 3592 ista
2943 3545 3159 3592 tantum
3211 3553 3277 3592 ex
3328 3536 3431 3592 hac
3484 3534 3718 3606 cpistola

2132 3637 2278 3708 (quae
2306 3644 2389 3701 est
2416 3632 2754 3706 octogesima
2805 3631 3005 3704 prima)
3052 3630 3109 3686 in
3152 3631 3230 3687 rei
3283 3629 3442 3688 fidem
3487 3629 3717 3686 adduci-

2133 3744 2296 3795 mus,
2347 3742 2469 3798 qua:
2528 3725 2809 3797 providam
2867 3724 2986 3794 ejus
3034 3723 3103 3779 de
3145 3724 3324 3779 salute
3403 3721 3552 3780 urbis
3599 3737 3719 3779 suae

2132 3837 2321 3887 curam
2385 3827 2677 3875 testantur.
2716 3836 2735 3870 ι
2775 3817 3046 3885 Publicas,
3106 3815 3300 3887 inquit,
3359 3815 3626 3886 porticus,
3679 3830 3713 3872 e

2132 3911 2438 3971 redditibus
2468 3909 2861 3966 ecclesiasticis
2892 3908 3061 3974 erexi,
3109 3918 3299 3979 pontes
3348 3907 3486 3963 duos
3539 3907 3718 3980 magi-

2130 4020 2251 4060 mos
2267 4002 2532 4064 exstruxi,
2564 4001 2883 4056 balneorum
2915 3998 3290 4055 communium
3322 4012 3509 4053 curam
3542 3998 3710 4068 gessi,

2132 4111 2365 4175 cumque
2392 4112 2459 4150 ex
2488 4094 2727 4151 alluente
2755 4090 2920 4147 ﬂuvio
2947 4105 3144 4162 aquam
3176 4091 3229 4146 in
3255 4090 3443 4146 urbem
3467 4099 3714 4165 nostram

2131 4189 2332 4247 deferri
2364 4187 2689 4250 invenirem,
2744 4185 3125 4257 aquaeductum
3155 4184 3337 4254 parari
3393 4183 3603 4250 curavi,
3663 4193 3720 4261 et

2134 4285 2321 4341 urbem
2353 4296 2494 4352 aqua
2526 4288 2798 4335 carentem
2831 4278 2989 4349 aquis
3019 4277 3276 4347 replevi.»
3314 4274 3439 4331 llazc
3471 4275 3735 4348 insignia.

2133 4376 2187 4430 in
2219 4376 2366 4431 cives
2399 4375 2555 4429 urbis
2588 4372 2711 4445 Cyri
2745 4371 2942 4427 collata
3002 4369 3265 4425 beneficia
3320 4383 3718 4427 commemorat

2132 4482 2349 4546 quoque
2380 4468 2433 4521 in
2464 4465 2688 4535 epistola
2722 4465 2788 4519 ad
2818 4463 3128 4519 Anatolium
3149 4461 3436 4535 patricium
3471 4461 3616 4535 (quae
3632 4472 3719 4520 est

2133 4561 2537 4635 septuagesima
2572 4575 2717 4615 nona
2752 4558 3003 4627 numero)
3060 4557 3209 4635 data.
3270 4554 3562 4636 lliircntur,
3622 4556 3716 4627 qui

2133 4653 2249 4707 luce
2281 4653 2487 4722 legunt,
2524 4664 2704 4704 raram
2762 4647 2945 4703 Nostri
2994 4646 3047 4700 in
3108 4644 3308 4714 opibus
3362 4644 3718 4719 disponendis

2133 4748 2580 4817 collocandisque
2612 4745 3064 4809 moderationem,
3098 4751 3372 4814 quantum
3407 4743 3649 4801 abfuerit
3686 4763 3715 4801 a

2134 4841 2276 4896 lucri
2326 4840 2583 4911 cupidine
2641 4838 3112 4906 imumderatoque
3158 4836 3434 4893 bonorum
3492 4838 3721 4909 saecula—

2137 4936 2277 4990 rium
2340 4949 2465 4999 usu,
2517 4939 2572 4988 et
2650 4945 2816 5001 quam
2905 4929 3130 5000 dignum
3191 4944 3424 4999 persona
3479 4931 3721 5002 episcopi

2139 5027 2430 5099 putaverit,
2488 5040 2596 5079 non
2648 5023 2812 5081 modo
2869 5038 3059 5095 curam
3131 5023 3441 5078 animarum
3509 5038 3721 5093 gerere,

2136 5124 2229 5180 sed
2265 5123 2426 5179 saluti
2458 5136 2678 5191 quoque
2706 5128 2947 5175 externa:
2977 5133 3234 5185 suorum,
3265 5119 3568 5190 eorumque
3625 5134 3725 5176 ne-

2136 5217 2481 5273 cessitatibus
2513 5214 2817 5284 invigilare.
2879 5213 3058 5267 Studii
3115 5212 3281 5284 hujus
3329 5213 3473 5284 quod
3504 5212 3723 5270 laudern

2137 5326 2271 5365 sane
2296 5317 2556 5371 meretur,
2586 5314 2640 5361 et
2669 5307 2722 5360 in
2743 5320 2855 5377 quo
2885 5305 2974 5360 vix
3004 5305 3105 5360 sibi
3122 5321 3303 5376 parem
3335 5305 3524 5362 habuit
3544 5306 3729 5362 Theo-

2139 5400 2384 5464 doretus,
2421 5412 2592 5457 unum
2626 5395 2931 5450 alterumve
2960 5395 3143 5451 adhuc
3189 5410 3626 5451 commemorare
3656 5395 3726 5452 li-
3784 5460 3785 5463 η

2139 5498 2261 5544 ceat
2292 5488 2691 5544 testimonium.
2724 5485 3147 5556 Euphratesiam
3202 5487 3435 5557 ejusque
3487 5486 3724 5556 primam

2140 5576 2327 5630 urbem
2372 5576 2595 5647 Cyrum,
2627 5575 2933 5646 ingressus,
2993 5593 3117 5633 cum
3173 5591 3311 5647 opus
3338 5591 3461 5633 esse
3514 5576 3729 5635 videret

2140 5672 2389 5738 medicis,
2422 5688 2640 5729 omnem
2689 5674 2842 5731 dedit
2892 5691 3136 5747 Operam,
3194 5685 3255 5732 ut
3301 5675 3438 5733 artis
3465 5676 3729 5737 salutaris

2141 5764 2457 5823 exercendae
2488 5763 2693 5834 peritos
2722 5767 2789 5824 ad
2820 5767 2964 5826 hanc
2992 5767 3333 5838 provinciam
3378 5767 3725 5838 incolendam
