3920 6316
160 288 206 356 Η
1512 289 1729 355 DISSE

1842 296 2034 357 ATIO.
3336 291 3409 356 42

162 408 406 481 precibus
482 407 801 473 adduceret,
867 422 1103 478 quorum
1165 426 1331 464 unum
1411 427 1738 481 magnopere
1766 420 1812 475 Α
1842 412 1964 467 foro
1995 413 2141 468 civili
2174 427 2349 482 ptente
2396 422 2733 478 statuuntur,
2788 427 2898 466 non
2937 422 3121 468 autem
3152 412 3221 493 de
3276 426 3411 467 con-

162 500 557 558 commendavit
603 500 804 570 Apellze
834 500 887 555 in
918 502 1148 571 epistola
1197 519 1319 573 quae
1347 514 1433 559 cst
1473 504 1579 559 115
1630 520 1735 558 nn-

163 609 326 648 mero.
360 591 472 649 Nec
523 590 643 665 [l2]
676 594 858 650 minus
905 604 1214 665 paternum,
1250 611 1361 667 quo
1414 611 1548 653 suos
1580 596 1728 653 fove-

161 687 261 749 bat.
294 701 541 741 amorem
572 695 805 742 testatus
831 694 938 753 est,
969 703 1093 743 cum
1125 688 1402 760 Cyrestica
1436 699 1578 745 terra
1604 705 1735 746 one-

162 780 301 834 ribus
345 778 585 850 publicis
617 795 949 851 magnopere
979 793 1337 849 premeretur.
1371 783 1523 839 Adeo
1552 784 1731 854 ipsam

162 872 384 943 angebat
413 886 607 927 eorum
660 887 801 944 quos
847 887 996 928 cura:
1025 889 1138 929 suae
1182 874 1512 931 commissos
1563 876 1734 931 habe-

162 966 243 1021 hat
268 965 520 1029 miseria,
555 974 616 1019 ut
644 980 744 1035 pro
797 965 1040 1021 lcvandis
1091 966 1351 1021 oneribus
1408 968 1529 1023 iStis
1589 971 1731 1038 apud

162 1059 503 1116 Paleheriam
534 1059 835 1131 Augustam
866 1068 922 1116 et
965 1059 1352 1118 ConStantium
1412 1061 1730 1133 praefectum

162 1151 551 1207 intercederet:
584 1167 708 1222 qua:
737 1161 970 1222 utraque
1003 1153 1234 1222 epistola
1292 1153 1386 1225 (42
1413 1162 1469 1208 et
1498 1153 1612 1225 45).
1676 1169 1736 1210 ut

162 1250 503 1313 argumento,
547 1243 628 1298 sic
655 1256 879 1314 quoque
914 1258 1147 1297 numero
1175 1252 1260 1299 est
1312 1254 1563 1314 cognata.
1622 1242 1734 1300 Nec

159 1333 367 1388 silentio
400 1333 781 1404 praetereunda
811 1343 897 1389 est
926 1334 1128 1389 eximia
1179 1335 1271 1390 illa
1333 1335 1733 1400 munificentia,

158 1440 250 1495 qua
283 1435 408 1495 post
436 1436 803 1497 expugnatam
855 1442 888 1481 a
920 1425 1180 1483 Vandalis
1237 1437 1295 1483 et
1319 1427 1588 1499 direptam
1609 1428 1737 1485 Car-

160 1517 424 1587 thaginem
463 1518 608 1572 haud
640 1533 867 1587 paucos,
883 1520 976 1590 qui
999 1535 1124 1576 cum
1145 1529 1389 1575 extrena
1421 1529 1736 1591 paupertate

158 1608 613 1673 colluctabantur,
646 1609 946 1665 liberaliter
985 1611 1226 1681 hospitio
1256 1612 1492 1682 excepit,
1523 1622 1577 1668 et
1606 1629 1731 1682 pro-

161 1700 268 1753 vida
317 1714 420 1755 sua
447 1715 581 1755 cura
610 1700 869 1771 dignatus
897 1711 1003 1768 est,
1034 1703 1089 1758 in
1116 1705 1311 1772 primis
1340 1704 1731 1769 Celestiacum,

158 1804 309 1858 quem
342 1799 537 1859 postea
567 1791 761 1847 amicis
810 1791 925 1847 suis
958 1792 1143 1862 (epist.
1175 1792 1371 1865 29-56)
1428 1795 1498 1850 de
1526 1796 1734 1850 meliori
1773 1776 1813 1829 Β

160 1880 585 1935 commendavit.
620 1879 896 1936 Hactenus
926 1881 980 1935 in
1016 1885 1371 1938 recensendis
1401 1882 1734 1940 Theodoreti

158 1973 466 2036 virtutibus,
503 1983 564 2028 ut
592 1988 691 2043 par
720 1981 860 2039 erat,
893 1975 1145 2044 occupati
1177 1973 1406 2040 fuimus,
1439 1992 1563 2047 quae
1616 1993 1736 2031 orn-

159 2080 262 2129 nes,
311 2066 356 2119 si
389 2065 705 2132 c0njunetae
746 2073 1088 2135 spectantur,
1150 2068 1437 2123 amabilem
1501 2071 1613 2125 veri
1654 2072 1739 2126 di-

158 2157 352 2228 gnique
398 2159 666 2214 antistitis
707 2159 970 2215 exhibent
1025 2160 1340 2232 imaginem.
1407 2160 1546 2217 lluic
1603 2164 1735 2232 quid

158 2248 369 2319 adjnngi
427 2249 601 2319 possit
662 2249 747 2305 vel
807 2250 1021 2316 debeat,
1060 2266 1170 2306 non
1242 2252 1514 2308 videmus.
1568 2252 1734 2318 Num,

157 2326 361 2408 quaeso,
411 2339 505 2410 qui
552 2341 670 2395 haec
697 2340 883 2395 omnia
920 2340 1134 2412 legerit,
1167 2341 1327 2397 fidem
1360 2352 1605 2399 nostram
1629 2346 1733 2399 du-

160 2432 290 2486 bium
327 2431 538 2499 reddet,
572 2432 620 2487 si
653 2432 977 2502 dixerimus,
1026 2449 1154 2489 eum
1209 2434 1304 2505 qui
1362 2435 1430 2491 de
1482 2438 1737 2493 omnibus

157 2523 283 2580 bene
316 2526 540 2589 mereri,
580 2535 635 2580 et
668 2540 779 2581 non
822 2525 941 2581 suis
993 2527 1179 2594 modo,
1210 2527 1305 2581 sed
1333 2527 1539 2582 exteris
1570 2528 1735 2583 etiam

156 2616 346 2690 benign
358 2634 477 2684 nm,
510 2619 788 2674 liberalem
823 2634 888 2674 ac
918 2619 1242 2675 munificum
1270 2635 1331 2675 se
1347 2621 1605 2677 exhibere
1626 2633 1738 2679 stu—

156 2711 285 2777 duit,
330 2727 529 2783 pacem
555 2727 778 2784 quoque
829 2713 1090 2778 coluisse,
1146 2715 1222 2769 ita
1282 2723 1341 2769 ut
1397 2731 1498 2771 nec
1551 2718 1619 2772 de
1683 2719 1734 2773 vi

157 2815 335 2873 aperta
380 2804 474 2858 ulli
515 2804 684 2868 illata,
718 2820 818 2859 nec
847 2804 915 2859 de
944 2805 1071 2861 dolo
1102 2805 1228 2861 aliis
1260 2814 1471 2861 structo
1493 2823 1733 2878 unquam

156 2898 427 2960 accusari,
460 2900 577 2952 sive
601 2897 654 2952 in
682 2899 774 2968 jus
803 2899 991 2955 vocari
1023 2899 1298 2970 potuerit?
1327 2899 1405 2955 Ita
1436 2902 1586 2955 omni
1608 2902 1735 2971 jure

156 2993 214 3046 de
240 2991 444 3049 Nostro
476 2991 855 3060 statuendum,
889 3010 990 3050 nec
1027 2995 1138 3050 ulio
1168 2995 1406 3066 amplius
1439 3010 1580 3066 opus
1610 3010 1735 3050 esse

155 3095 411 3155 putamus
459 3086 803 3142 testimonio.
850 3085 1078 3151 Tamen,
1111 3104 1180 3142 ne
1213 3088 1300 3143 vel
1364 3087 1469 3143 levi
1548 3090 1732 3157 suspi-

152 3178 285 3233 cioni
319 3179 672 3249 relinquatur
696 3179 872 3244 locus,
906 3189 1101 3236 testem
1136 3179 1501 3255 excitabimus
1530 3179 1737 3250 episto-

156 3270 250 3327 lam
335 3288 507 3342 quam
558 3272 708 3328 dedit
753 3273 820 3328 ad
865 3272 1101 3329 Nomum
1165 3273 1471 3329 consulem.
1530 3272 1588 3327 In
1634 3272 1737 3327 hac

152 3369 285 3437 (qum
302 3368 507 3423 ordine
554 3377 640 3425 est
664 3367 758 3437 81)
820 3367 1016 3423 scribit
1045 3387 1057 3423 :
1102 3386 1121 3419 ε
1150 3367 1339 3423 Annos
1369 3366 1559 3437 viginti
1577 3365 1739 3437 quin-

152 3477 249 3531 que
276 3463 361 3519 ita
410 3462 543 3529 vixi,
596 3471 658 3517 ut
687 3476 870 3533 neque
916 3461 971 3516 in
1005 3461 1100 3532 jus
1134 3471 1362 3517 vocatus
1408 3462 1512 3518 sim
1542 3480 1573 3518 a
1603 3477 1739 3532 quo-

150 3569 328 3623 quam,
367 3566 549 3624 neque
579 3554 698 3623 ipse
742 3568 1078 3625 quemquam
1131 3557 1531 3612 accusaverim.
1580 3556 1735 3615 Toti-

153 3643 268 3698 dem
326 3644 495 3700 annis
550 3643 737 3700 nullus
784 3643 1325 3715 religiosissimorum
1387 3647 1732 3717 clericorum,

152 3734 347 3803 quibus
380 3748 669 3805 praeeram,
707 3733 1004 3790 tribunalia
1028 3733 1417 3806 frequentavit.
1448 3736 1567 3793 Non
1599 3739 1732 3795 obo-

152 3826 279 3892 lnm,
311 3842 429 3884 non
458 3837 667 3884 vestem
700 3842 732 3881 a
753 3841 1034 3898 quoquam
1091 3828 1305 3899 sumpsi
1340 3847 1355 3884 :
1411 3844 1481 3885 ne
1509 3832 1733 3887 unicum

151 3921 374 3989 quidem
423 3935 642 3992 panem,
679 3928 775 3976 aut
829 3935 993 3975 ovum
1043 3920 1161 3993 [151
1209 3922 1356 3979 ullus
1406 3924 1738 3997 domestico-

154 4028 269 4068 rum
326 4028 582 4070 meorum
613 4014 827 4084 accepit
859 4029 1124 4085 unquam.
1156 4016 1361 4072 Praeter
1412 4018 1739 4088 panniculos

152 4107 347 4173 quibus
388 4107 633 4161 amictus
663 4121 811 4172 sum,
846 4106 981 4161 nihil
1039 4107 1319 4176 possidere
1371 4110 1541 4165 volui.
1580 4130 1600 4164 ι
1660 4113 1738 4168 lla

153 4210 371 4267 quoque
401 4197 469 4251 ad
501 4196 857 4252 Eutrechium
888 4195 1226 4266 pmfectum,
1259 4200 1474 4265 eodem,
1511 4211 1571 4256 ut
1626 4201 1737 4272 jam

154 4285 275 4342 alibi
305 4287 657 4357 notavimus,
696 4297 961 4358 tempore,
1012 4289 1264 4346 scribens
1295 4290 1478 4362 (epist.
1509 4291 1600 4363 80)
1660 4303 1740 4348 te-

156 4388 345 4448 statur,
386 4396 447 4436 se
476 4395 576 4436 nec
606 4380 786 4435 forum
807 4380 1063 4451 iudiciale
1084 4383 1461 4453 interpellasse
1477 4401 1739 4458 unquam,

1838 503 2123 560 troversiis
2158 519 2281 573 qua:
2310 503 2378 559 de
2403 504 2672 572 capitibus
2703 503 2826 558 fidei
2869 503 3166 573 agitantur,
3221 503 3413 573 quales

1837 596 1941 667 ipsi
1995 611 2120 651 cum
2151 597 2842 667 Cyrillointercesserunt.
2910 597 3163 667 Lungiori
3221 606 3409 650 contra

1835 687 2109 743 Oudinum
2164 704 2273 743 non
2328 704 2469 760 opus
2502 690 2612 743 erit
2667 690 3059 762 disputatione,
3108 704 3299 758 quam,
3347 704 3415 741 ne

1836 782 2121 852 scriptoris
2143 782 2317 837 nostri
2349 797 2573 837 causam
2610 784 2862 838 deserere
2891 783 3219 847 videremur,
3248 782 3414 837 omit-

1836 885 1949 928 tere
1998 873 2217 943 quidem
2251 888 2356 927 non
2391 875 2692 943 potuimus,
2728 876 3052 943 protrahere
3080 884 3261 929 tamen
3314 889 3415 927 no-

1834 964 2037 1030 lumus,
2067 963 2195 1034 quia
2223 962 2291 1017 de
2311 964 2702 1027 controversia,
2726 979 2847 1033 quae
2875 965 3016 1019 inter
3041 963 3297 1020 Nostrum
3333 974 3416 1017 at-

1834 1068 1941 1124 que
1969 1053 2232 1125 Cyrillum
2265 1053 2468 1125 agitata
2494 1064 2598 1121 est,
2633 1055 2688 1109 in
2719 1055 2970 1124 proxima
3004 1055 3169 1125 hujus
3198 1055 3414 1111 Disser-

1839 1148 2063 1202 tationis
2098 1156 2274 1216 parte,
2306 1146 2373 1203 ad
2405 1161 2569 1218 quam
2618 1147 3024 1218 progredimur,
3059 1163 3240 1203 sermo
3270 1164 3417 1202 nunc

1838 1240 2177 1295 instituetur.

1909 1329 2111 1403 Viginti
2137 1340 2194 1386 et
2220 1331 2363 1403 quod
2392 1332 2634 1387 excurrit
2657 1347 2924 1387 annorum
2968 1331 3195 1387 historia
3231 1342 3418 1387 texen-

1836 1424 1903 1478 da
1939 1433 2023 1481 est
2056 1425 2237 1489 nobis,
2288 1440 2411 1480 cum
2445 1426 2500 1480 in
2553 1425 2725 1482 altera
2772 1423 2910 1479 Vitae
2944 1425 3106 1493 hujus
3156 1434 3308 1494 parte
3350 1426 3418 1478 de

1838 1517 2002 1572 rebus
2032 1517 2201 1588 gestis
2232 1516 2556 1573 Theodoreti
2604 1532 2776 1586 usque
2808 1517 2875 1571 ad
2927 1515 3218 1593 concilium
3251 1515 3416 1570 Chal-

1839 1608 2145 1666 cedonense
2174 1620 2449 1680 exponere
2478 1610 2833 1665 constitutum
2865 1608 2956 1664 sit.
2997 1607 3204 1664 Rerum
3231 1607 3419 1663 dicen-

1840 1704 2033 1759 darum
2062 1706 2200 1761 ordo
2224 1706 2381 1777 jubet
2430 1714 2492 1761 ut
2523 1705 2735 1761 initium
2774 1703 3039 1760 faciamus
3072 1704 3143 1758 ab
3169 1704 3273 1757 illis
3296 1719 3419 1772 qua:

1839 1797 2130 1854 concilium
2158 1797 2276 1871 [14]
2298 1797 2623 1869 Ephesinum
2644 1798 2983 1867 prius,un
3008 1796 3063 1851 in
3084 1811 3213 1851 ann.
3232 1794 3415 1850 431C.

1840 1889 2051 1954 incidit,
2083 1898 2500 1961 praecesserunt.
2552 1888 2699 1946 Lites
2738 1906 2885 1946 nunc
2923 1889 3245 1943 enarrandas
3291 1898 3421 1942 sunt

1838 1981 2248 2047 funestissima,
2272 1999 2397 2054 quae
2423 1984 2477 2038 in
2503 1997 2670 2039 causa
2696 1983 2953 2049 Nestorii,
2983 1983 3134 2053 impii
3159 1983 3416 2043 hominis.

1840 2090 1946 2129 non
1981 2075 2101 2132 sine
2133 2076 2371 2130 maxima
2395 2077 2707 2131 animorum
2740 2078 3110 2141 contentione,
3141 2078 3195 2131 in
3225 2076 3420 2132 Orien-

1837 2167 1928 2219 tali
1956 2174 2012 2220 et
2041 2166 2379 2221 Occidentali
2425 2165 2669 2222 Ecclesia
2698 2181 2766 2222 eo
2803 2177 3044 2237 tempore
3083 2168 3277 2238 agitari
3306 2183 3420 2223 ccc-

1839 2265 2054 2326 perunt.
2082 2254 2176 2311 liis
2206 2257 2351 2311 enim
2386 2258 2572 2314 litibus
2605 2258 2744 2314 adeo
2777 2259 3024 2314 involuta
3049 2269 3133 2314 est
3162 2259 3419 2316 Theodo-

1840 2348 1940 2402 reti
1982 2347 2115 2414 vita,
2152 2357 2232 2413 ut,
2273 2348 2367 2419 qui
2418 2348 2562 2404 hanc
2592 2348 2903 2404 describere
2932 2349 3263 2419 aggreditur,
3298 2349 3421 2405 illas

1838 2438 2068 2509 attingat
2098 2453 2324 2495 necesse
2350 2439 2442 2494 sit.
2471 2437 2549 2493 Ne
2581 2447 2764 2494 autem
2790 2439 3120 2509 quibusdam
3151 2440 3418 2495 lectorum

1838 2531 2138 2587 obscurum
2187 2533 2280 2596 sit,
2327 2531 2474 2587 unde
2520 2542 2640 2586 orta
2695 2532 2861 2586 fuerit
2911 2532 3089 2587 acrior
3141 2532 3229 2586 illa
3278 2532 3423 2587 inter

1837 2624 2100 2696 Cyrillum
2135 2634 2190 2680 et
2220 2623 2624 2680 Theodorctutn
2677 2624 2998 2694 disputatio,
3051 2625 3213 2694 paulo
3260 2625 3422 2679 altius

1838 2722 2144 2789 repetendis
2175 2728 2338 2774 erunt
2388 2718 2508 2787 cjus
2547 2718 2805 2790 origines.
2842 2717 3198 2775 Notissimutn
3241 2719 3423 2774 omni-

1839 2812 1941 2867 bus
1974 2825 2097 2866 esse
2128 2810 2310 2877 debet,
2363 2811 2548 2866 minus
2589 2820 2737 2866 recte
2779 2811 2847 2866 de
2879 2811 3063 2865 divina
3089 2810 3295 2867 Christi
3324 2826 3423 2865 na-

1839 2912 1960 2959 tura
1990 2912 2044 2959 et
2073 2904 2140 2958 de
2170 2903 2545 2959 incarnatione
2575 2905 2813 2960 sensisse
2856 2903 3189 2969 Nestorium,
3235 2903 3328 2974 qui
3358 2919 3422 2958 co

1840 3006 2085 3067 tempore
2122 2995 2751 3063 Conslanlinopolitanm
2801 2994 3059 3051 Ecclesiae
3113 3005 3232 3051 erat
3285 3011 3422 3067 pra:-

1844 3087 2037 3143 fectus.
2077 3087 2181 3142 Per
2210 3086 2534 3155 discipulos,
2572 3096 2631 3141 ut
2659 3085 2773 3141 fieri
2814 3088 2972 3149 solet,
3000 3088 3167 3158 impia
3202 3102 3425 3158 sparge-

1843 3179 1938 3235 bat
1963 3181 2217 3250 dogmata
2243 3193 2365 3243 sua,
2413 3179 2467 3234 in
2498 3179 2689 3250 primis
2725 3193 2820 3248 per
2850 3177 3223 3247 Anastasium,
3258 3195 3423 3251 quem

1841 3273 2077 3329 habebat
2106 3274 2506 3343 presbyterum,
2543 3272 2635 3339 qui
2679 3287 2777 3342 pro
2815 3273 3080 3328 concione
3130 3272 3426 3344 aliquando

1844 3366 2097 3431 dixerat,
2165 3365 2450 3437 Deiparam
2513 3362 2787 3437 Virginem
2840 3364 3099 3419 Θεοτόκον
3150 3365 3257 3421 dici
3313 3382 3426 3423 non

1840 3474 2022 3529 posse.
2064 3457 2368 3515 Accusatus
2402 3473 2433 3513 a
2467 3458 2614 3513 clero
2664 3455 3288 3526 Constantinopolitano.
3325 3457 3428 3514 de-

1840 3551 2028 3608 fensus
2069 3560 2247 3606 autem
2292 3561 2377 3606 est
2423 3566 2453 3605 a
2484 3548 2755 3607 Nestorio.
2797 3548 2939 3605 Hinc
2975 3549 3084 3604 illae
3147 3550 3419 3623 lacrymtc.

1841 3643 2005 3715 Ignis.
2041 3643 2135 3713 qui
2168 3641 2403 3712 primum
2432 3642 2483 3696 in
2514 3642 2649 3697 urbe
2676 3641 2820 3711 regia
2851 3641 3083 3713 gliscere
3114 3641 3422 3707 videbatur,

1842 3750 1970 3790 mox
2002 3736 2056 3790 in
2102 3734 2355 3790 ﬂammas
2388 3734 2730 3804 erumpebat.
2780 3742 2836 3789 et
2880 3747 2988 3789 non
3039 3733 3200 3790 modo
3247 3743 3423 3790 totum

1842 3825 2117 3881 Orientem
2151 3825 2497 3895 pervadebat,
2540 3823 2640 3880 sed
2678 3824 2908 3881 Romam
2950 3838 3170 3895 quoque
3209 3823 3429 3881 defere-

1843 3918 2023 3973 batur.
2070 3915 2421 3981 leestinus,
2470 3916 2724 3972 Ecclesiae
2756 3915 3013 3972 Romanae
3045 3916 3151 3970 hoc
3180 3926 3428 3985 tempore

1845 4011 2094 4074 antistes,
2143 4024 2175 4064 a
2207 4010 2409 4081 Cyrillo
2459 4010 2513 4063 in
2570 4008 2875 4063 subsidium
2923 4016 3175 4074 vocatus,
3232 4009 3426 4075 primis

1844 4103 1972 4158 mali
2003 4101 2167 4171 hujus
2196 4102 2385 4167 initiis,
2417 4115 2484 4154 ne
2534 4115 2688 4153 mora
2728 4099 3141 4153 diuturnitatem
3182 4101 3425 4158 attrahe-

1844 4206 1946 4263 ret,
1977 4195 2195 4250 obviam
2228 4193 2468 4247 eundum
2500 4207 2621 4248 esse
2669 4190 2895 4261 putavit,
2930 4191 3040 4261 igni
3079 4207 3210 4246 vero
3242 4194 3426 4249 oleum

1844 4289 2128 4345 aﬂ‘nndere
2174 4287 2323 4342 visus
2366 4295 2470 4342 est.
2528 4284 2869 4340 Severiorem
2915 4276 3060 4338 enim
3103 4285 3265 4339 istam
3301 4286 3427 4341 tulit

1849 4387 2197 4451 sententiam,
2243 4400 2352 4456 qua
2381 4382 2633 4439 Nestorio
2664 4380 3069 4453 injungebatur,
3105 4381 3246 4436 intra
3276 4379 3425 4437 deci—

154 4486 252 4529 nee
277 4474 347 4530 ab
382 4474 496 4528 ullo
526 4473 779 4530 criminis
811 4488 966 4529 reum
995 4490 1118 4532 esse
1145 4485 1353 4532 actum.
1386 4476 1520 4545 Quis
1551 4480 1736 4549 itaque
1772 4495 1813 4550 ι)
1840 4498 1990 4538 mum
2036 4497 2067 4536 a
2118 4478 2393 4550 publicata
2446 4475 2716 4532 sententia
2762 4474 2928 4539 diem,
2981 4475 3263 4530 erroribus
3308 4475 3427 4531 suis

154 4564 222 4618 de
278 4567 385 4621 viri
415 4566 662 4633 lenitate,
692 4564 950 4635 aequitate
980 4575 1032 4622 et
1062 4581 1193 4638 erga
1227 4568 1366 4624 alios
1390 4567 1741 4642 justitiajure

152 4657 539 4717 dubitaverit?
568 4659 900 4731 Magnopere
930 4660 1117 4730 itaque
1176 4662 1465 4729 miramur,
1523 4662 1739 4720 Oudino

156 4754 321 4808 verba
356 4755 463 4810 ista
498 4753 748 4825 potuisse
799 4754 1073 4822 excidere,
1106 4769 1234 4825 quae
1263 4765 1481 4810 exstant
1511 4764 1666 4811 tonto
1716 4756 1739 4812 ι

154 4842 227 4898 De
254 4847 448 4916 script.
480 4846 698 4912 παίει,
727 4861 779 4915 p.
813 4844 975 4900 1056.
1012 4863 1033 4896 ί
1069 4845 1205 4901 Cum
1264 4847 1572 4901 exercuerit
1629 4857 1739 4901 tam

154 4939 390 5004 grandes
450 4937 769 4992 inimicitias
826 4936 1094 4992 adversus
1148 4935 1420 5007 Cyrillum
1466 4937 1622 4992 Alex.
1688 4945 1743 4992 et

150 5040 275 5085 ante
302 5031 581 5100 synodum
614 5029 963 5098 Ephesinam,
995 5043 1116 5099 quae
1167 5044 1312 5084 anno
1339 5030 1438 5085 451
1472 5029 1612 5085 facta
1634 5039 1739 5095 est,

149 5129 201 5174 et
252 5132 385 5191 post
412 5123 710 5193 synodum,
741 5121 1099 5177 amarulentis
1132 5121 1188 5176 in
1241 5137 1361 5176 eam
1409 5123 1741 5193 conscriptis

152 5210 304 5270 libris
339 5231 356 5268 :
388 5215 589 5279 miror,
621 5229 729 5284 qua
759 5214 975 5270 ratione
1031 5212 1415 5269 Theodoretus
1456 5215 1737 5285 glorietur,

150 5305 369 5376 sibique
420 5306 773 5377 potissimum
828 5306 897 5362 de
954 5306 1190 5361 mititate
1247 5305 1634 5362 abblandiatur
1686 5308 1741 5362 in

149 5399 391 5470 epistola
418 5401 482 5455 81
522 5401 591 5455 ad
624 5398 878 5455 Nomum.
921 5418 941 5451 ι
977 5397 1103 5455 Haec
1116 5401 1255 5455 satis
1281 5407 1469 5470 aperte
1502 5399 1741 5470 produnt

150 5490 669 5563 interpretationem
703 5506 733 5546 a
766 5507 932 5548 sensu
976 5492 1265 5562 scriptoris
1320 5492 1738 5547 alienissimam.

150 5582 286 5640 Cum
309 5587 464 5641 enim
485 5587 686 5641 Noster
713 5586 781 5639 ad
809 5584 1045 5642 Nomnm
1070 5596 1127 5642 et
1157 5584 1509 5641 Eutrechium
1531 5584 1738 5650 scribit,

150 5691 251 5734 nec
286 5694 351 5733 se
382 5694 484 5734 nec
512 5694 743 5734 suorum
792 5692 1122 5748 quemquam
1173 5676 1553 5748 frequentasse
1577 5676 1744 5729 δικα-

157 5771 408 5844 στήριον,
439 5771 502 5825 de
531 5769 863 5826 criminibus
905 5770 1130 5840 intelligi
1189 5770 1377 5836 voluit,
1435 5768 1636 5839 quibus
1687 5767 1742 5820 in

389 5864 659 5925 PATBOL.
705 5863 824 5923 Gn.
863 5860 1095 5923 LXXX.

1846 4572 1962 4628 vale
1991 4572 2192 4636 dicere,
2243 4577 2297 4624 et
2327 4568 2616 4624 duodecim
2662 4566 2915 4637 capitulis
2948 4566 3061 4621 sive
3102 4568 3426 4621 anathema-

1844 4665 2024 4721 tismis
2071 4676 2102 4715 a
2134 4660 2342 4733 Cyrillo
2368 4658 2686 4731 compositis
2712 4656 3077 4722 subscribere,
3117 4656 3324 4721 addita,
3366 4667 3427 4713 ut

1843 4757 1887 4812 si
1918 4769 2079 4811 secus
2110 4751 2332 4818 faceret,
2364 4750 2662 4822 episcopali
2698 4750 2826 4805 sede
2854 4749 3163 4821 ejiceretur,
3196 4748 3426 4803 commi-

1845 4848 2084 4903 natione.
2112 4845 2233 4899 Alia
2261 4851 2443 4898 autem
2479 4842 2728 4897 medendi
2763 4842 2995 4907 ratione,
3025 4848 3080 4895 et
3110 4838 3305 4910 majori
3338 4839 3425 4893 in-

1845 4938 2043 5009 primis
2074 4938 2293 4992 lenitate
2340 4936 2480 5005 opu’s
2532 4933 2746 4989 fuisset.
2798 4932 3082 4990 Nestorius
3108 4932 3278 4998 enim,
3311 4931 3427 4990 sive

1842 5030 2047 5103 ingenii
2090 5043 2202 5100 quo
2251 5027 2484 5099 pollebat
2516 5025 2793 5106 acumine,
2847 5035 2902 5082 et
2953 5024 3261 5095 eloquentia
3317 5038 3425 5094 qua

1845 5124 2049 5180 multos
2073 5138 2176 5179 suo
2206 5120 2324 5194 [15]
2355 5131 2596 5191 tempore
2626 5118 2940 5189 superabat,
2968 5116 3157 5181 fretus,
3186 5116 3299 5171 sive
3327 5131 3426 5170 an-

1845 5216 2076 5272 licorum
2101 5213 2313 5287 quosin
2341 5212 2473 5267 urbe
2505 5209 2650 5280 regia
2679 5209 2914 5264 habebat
2949 5207 3210 5272 fautores,
3239 5207 3427 5262 amici-

1848 5307 1942 5373 tia,
1959 5319 2136 5376 eaque
2152 5308 2259 5375 Qua
2275 5305 2327 5358 in
2348 5302 2570 5358 Oriente
2586 5301 2917 5370 conspicuus
2934 5306 3053 5354 erat
3080 5300 3423 5364 auctet-italo,

1846 5401 1961 5456 sive
1986 5396 2222 5467 denique
2257 5395 2490 5449 aliorum
2524 5392 2889 5463 quorumdam
2923 5390 3305 5460 episcoporum
3341 5406 3429 5445 as-

1845 5504 2034 5552 sensu,
2078 5486 2337 5542 andacior
2386 5484 2594 5551 factus,
2645 5483 2849 5553 sprevit
2895 5480 3178 5539 Coelestini
3227 5483 3426 5538 minas.

1848 5577 1939 5634 Sic
1971 5592 2056 5633 res
2083 5576 2263 5632 delata
2293 5584 2378 5632 est
2423 5575 2488 5629 ad
2522 5573 2816 5629 concilium
2874 5574 3206 5643 Ephesinum
3253 5572 3428 5640 prius,

1847 5684 1943 5726 seu
1983 5666 2383 5723 meamenicum
2435 5665 2688 5731 tertium,
2742 5664 2831 5720 cui
2876 5662 3130 5733 praesedit
3168 5660 3428 5733 Cyr-illus,

1847 5763 1965 5834 qui,
1996 5761 2319 5832 priusquam
2364 5759 2658 5815 haberetur
2689 5756 2986 5813 concilium
3024 5754 3178 5819 illud,
3221 5754 3431 5809 litteras

3000 5846 3040 5936 ἓ
