  <div class='ocr_page' id='page_1' title='image "/cluster/home/n/w/nwhite01/storage/ocr_20150623/80/pst.000005712793/031.png"; bbox 0 0 3920 6316; ppageno 0'>
   <div class='ocr_carea' id='block_1_1' title="bbox 485 206 3751 277">
    <p class='ocr_par' dir='ltr' id='par_1_1' title="bbox 485 206 3751 277">
     <span class='ocr_line' id='line_1_1' title="bbox 485 206 3751 277; baseline 0.008 -24"><span class='ocrx_word' id='word_1_1' title='bbox 485 212 555 277; x_wconf 63' lang='grc' dir='ltr'>ω</span> <span class='ocrx_word' id='word_1_2' title='bbox 1429 207 1523 266; x_wconf 81' lang='lat' dir='ltr'><strong>DE</strong></span> <span class='ocrx_word' id='word_1_3' title='bbox 1564 206 1740 267; x_wconf 78' lang='lat' dir='ltr'><strong>VI&#39;l‘A</strong></span> <span class='ocrx_word' id='word_1_4' title='bbox 1796 208 1888 265; x_wconf 64' lang='grc' dir='ltr'><strong>ΕΤ</strong></span> <span class='ocrx_word' id='word_1_5' title='bbox 1946 207 2287 266; x_wconf 78' lang='lat' dir='ltr'><strong>SCRIP’l‘lS</strong></span> <span class='ocrx_word' id='word_1_6' title='bbox 2325 207 2814 268; x_wconf 68' lang='lat' dir='ltr'><strong>&#39;I&#39;liEiflllORETI</strong></span> <span class='ocrx_word' id='word_1_7' title='bbox 3682 207 3751 271; x_wconf 69' lang='grc'><strong>44</strong></span> 
     </span>
    </p>
   </div>
   <div class='ocr_carea' id='block_1_2' title="bbox 474 318 3838 393">
    <p class='ocr_par' dir='ltr' id='par_1_2' title="bbox 474 318 3838 393">
     <span class='ocr_line' id='line_1_2' title="bbox 474 318 3838 393; baseline -0.003 -9"><span class='ocrx_word' id='word_1_8' title='bbox 474 326 766 385; x_wconf 72' lang='lat' dir='ltr'><strong>‘lecstlni</strong></span> <span class='ocrx_word' id='word_1_9' title='bbox 796 323 944 379; x_wconf 90' lang='lat' dir='ltr'><strong>misit</strong></span> <span class='ocrx_word' id='word_1_10' title='bbox 971 322 1037 378; x_wconf 90' lang='lat' dir='ltr'><strong>ad</strong></span> <span class='ocrx_word' id='word_1_11' title='bbox 1066 322 1351 393; x_wconf 79' lang='lat' dir='ltr'><strong>episcopos</strong></span> <span class='ocrx_word' id='word_1_12' title='bbox 1382 319 1685 373; x_wconf 80' lang='lat' dir='ltr'><strong>Antiochia</strong></span> <span class='ocrx_word' id='word_1_13' title='bbox 1717 327 1771 373; x_wconf 88' lang='lat' dir='ltr'><strong>et</strong></span> <span class='ocrx_word' id='word_1_14' title='bbox 1812 318 2068 373; x_wconf 80' lang='lat' dir='ltr'><strong>Hieroso-</strong></span> <span class='ocrx_word' id='word_1_15' title='bbox 2099 320 2141 377; x_wconf 79' lang='grc' dir='ltr'><strong>Α</strong></span> <span class='ocrx_word' id='word_1_16' title='bbox 2173 326 2353 372; x_wconf 89' lang='lat' dir='ltr'><strong>autem</strong></span> <span class='ocrx_word' id='word_1_17' title='bbox 2405 328 2557 385; x_wconf 81' lang='lat' dir='ltr'><strong>parte</strong></span> <span class='ocrx_word' id='word_1_18' title='bbox 2589 319 2965 375; x_wconf 85' lang='lat' dir='ltr'><strong>Theodoretus</strong></span> <span class='ocrx_word' id='word_1_19' title='bbox 3016 320 3221 376; x_wconf 72' lang='lat' dir='ltr'><strong>litteras</strong></span> <span class='ocrx_word' id='word_1_20' title='bbox 3261 329 3452 375; x_wconf 73' lang='lat' dir='ltr'><strong>contra</strong></span> <span class='ocrx_word' id='word_1_21' title='bbox 3487 320 3749 393; x_wconf 55' lang='lat' dir='ltr'><strong>Cyrillum</strong></span> <span class='ocrx_word' id='word_1_22' title='bbox 3834 336 3838 345; x_wconf 83' lang='lat'><strong>&#39;</strong></span> 
     </span>
    </p>
   </div>
   <div class='ocr_carea' id='block_1_3' title="bbox 490 406 2064 490">
    <p class='ocr_par' dir='ltr' id='par_1_3' title="bbox 490 406 2064 490">
     <span class='ocr_line' id='line_1_3' title="bbox 490 406 2064 490; baseline -0.008 -17"><span class='ocrx_word' id='word_1_23' title='bbox 490 422 668 490; x_wconf 85' lang='lat' dir='ltr'><strong>lyma,</strong></span> <span class='ocrx_word' id='word_1_24' title='bbox 698 427 756 472; x_wconf 89' lang='lat' dir='ltr'><strong>ut</strong></span> <span class='ocrx_word' id='word_1_25' title='bbox 784 415 885 471; x_wconf 89' lang='lat' dir='ltr'><strong>hos</strong></span> <span class='ocrx_word' id='word_1_26' title='bbox 913 429 941 468; x_wconf 84' lang='lat' dir='ltr'><strong>a</strong></span> <span class='ocrx_word' id='word_1_27' title='bbox 974 412 1235 467; x_wconf 89' lang='lat' dir='ltr'><strong>societate</strong></span> <span class='ocrx_word' id='word_1_28' title='bbox 1266 424 1390 463; x_wconf 90' lang='lat' dir='ltr'><strong>cum</strong></span> <span class='ocrx_word' id='word_1_29' title='bbox 1417 407 1672 461; x_wconf 85' lang='lat' dir='ltr'><strong>Nestorio</strong></span> <span class='ocrx_word' id='word_1_30' title='bbox 1704 406 1941 462; x_wconf 87' lang='lat' dir='ltr'><strong>ineunda</strong></span> <span class='ocrx_word' id='word_1_31' title='bbox 1969 407 2064 461; x_wconf 88' lang='lat' dir='ltr'><strong>de-</strong></span> 
     </span>
    </p>
   </div>
   <div class='ocr_carea' id='block_1_4' title="bbox 491 495 2066 566">
    <p class='ocr_par' dir='ltr' id='par_1_4' title="bbox 491 495 2066 566">
     <span class='ocr_line' id='line_1_4' title="bbox 491 495 2066 566; baseline -0.01 0"><span class='ocrx_word' id='word_1_32' title='bbox 491 517 737 566; x_wconf 85' lang='lat' dir='ltr'><strong>terreret.</strong></span> <span class='ocrx_word' id='word_1_33' title='bbox 793 505 888 560; x_wconf 91' lang='lat' dir='ltr'><strong>llis</strong></span> <span class='ocrx_word' id='word_1_34' title='bbox 935 502 1130 558; x_wconf 88' lang='lat' dir='ltr'><strong>litteris</strong></span> <span class='ocrx_word' id='word_1_35' title='bbox 1159 508 1464 556; x_wconf 88' lang='lat' dir='ltr'><strong>commotus</strong></span> <span class='ocrx_word' id='word_1_36' title='bbox 1491 496 1731 552; x_wconf 75' lang='lat' dir='ltr'><strong>Joannes</strong></span> <span class='ocrx_word' id='word_1_37' title='bbox 1763 495 2066 551; x_wconf 84' lang='lat' dir='ltr'><strong>Antiochia</strong></span> 
     </span>
    </p>
   </div>
   <div class='ocr_carea' id='block_1_5' title="bbox 489 588 2061 673">
    <p class='ocr_par' dir='ltr' id='par_1_5' title="bbox 489 588 2061 673">
     <span class='ocr_line' id='line_1_5' title="bbox 489 588 2061 673; baseline -0.01 -15"><span class='ocrx_word' id='word_1_38' title='bbox 489 605 776 673; x_wconf 85' lang='lat' dir='ltr'><strong>episcopus</strong></span> <span class='ocrx_word' id='word_1_39' title='bbox 808 597 1027 667; x_wconf 88' lang='lat' dir='ltr'><strong>scripsit</strong></span> <span class='ocrx_word' id='word_1_40' title='bbox 1074 594 1140 648; x_wconf 90' lang='lat' dir='ltr'><strong>ad</strong></span> <span class='ocrx_word' id='word_1_41' title='bbox 1173 592 1507 655; x_wconf 79' lang='lat' dir='ltr'><strong>Nestorium,</strong></span> <span class='ocrx_word' id='word_1_42' title='bbox 1559 605 1717 660; x_wconf 85' lang='lat' dir='ltr'><strong>quem</strong></span> <span class='ocrx_word' id='word_1_43' title='bbox 1759 588 2061 653; x_wconf 86' lang='lat' dir='ltr'><strong>admonuit,</strong></span> 
     </span>
    </p>
   </div>
   <div class='ocr_carea' id='block_1_6' title="bbox 489 682 2064 753">
    <p class='ocr_par' dir='ltr' id='par_1_6' title="bbox 489 682 2064 753">
     <span class='ocr_line' id='line_1_6' title="bbox 489 682 2064 753; baseline -0.009 0"><span class='ocrx_word' id='word_1_44' title='bbox 489 711 547 753; x_wconf 90' lang='lat' dir='ltr'><strong>nt</strong></span> <span class='ocrx_word' id='word_1_45' title='bbox 578 697 642 751; x_wconf 89' lang='lat' dir='ltr'><strong>ad</strong></span> <span class='ocrx_word' id='word_1_46' title='bbox 672 694 941 752; x_wconf 86' lang='lat' dir='ltr'><strong>saniorem</strong></span> <span class='ocrx_word' id='word_1_47' title='bbox 979 690 1135 744; x_wconf 78' lang='lat' dir='ltr'><strong>tidem</strong></span> <span class='ocrx_word' id='word_1_48' title='bbox 1166 689 1388 753; x_wconf 79' lang='lat' dir='ltr'><strong>rediret,</strong></span> <span class='ocrx_word' id='word_1_49' title='bbox 1419 696 1710 753; x_wconf 80' lang='lat' dir='ltr'><strong>motusque</strong></span> <span class='ocrx_word' id='word_1_50' title='bbox 1738 684 1789 738; x_wconf 90' lang='lat' dir='ltr'><strong>in</strong></span> <span class='ocrx_word' id='word_1_51' title='bbox 1824 682 2064 739; x_wconf 86' lang='lat' dir='ltr'><strong>Ecclesia</strong></span> 
     </span>
    </p>
   </div>
   <div class='ocr_carea' id='block_1_7' title="bbox 487 778 2066 849">
    <p class='ocr_par' dir='ltr' id='par_1_7' title="bbox 487 778 2066 849">
     <span class='ocr_line' id='line_1_7' title="bbox 487 778 2066 849; baseline -0.008 -4"><span class='ocrx_word' id='word_1_52' title='bbox 487 790 750 845; x_wconf 76' lang='lat' dir='ltr'><strong>excitatos</strong></span> <span class='ocrx_word' id='word_1_53' title='bbox 802 785 1033 841; x_wconf 81' lang='lat' dir='ltr'><strong>sedaret.</strong></span> <span class='ocrx_word' id='word_1_54' title='bbox 1098 783 1246 836; x_wconf 84' lang='lat' dir='ltr'><strong>Hanc</strong></span> <span class='ocrx_word' id='word_1_55' title='bbox 1307 779 1594 849; x_wconf 83' lang='lat' dir='ltr'><strong>epistolam</strong></span> <span class='ocrx_word' id='word_1_56' title='bbox 1647 778 1806 832; x_wconf 80' lang='lat' dir='ltr'><strong>bona</strong></span> <span class='ocrx_word' id='word_1_57' title='bbox 1871 779 2066 832; x_wconf 87' lang='lat' dir='ltr'><strong>mentis</strong></span> 
     </span>
    </p>
   </div>
   <div class='ocr_carea' id='block_1_8' title="bbox 489 869 2066 945">
    <p class='ocr_par' dir='ltr' id='par_1_8' title="bbox 489 869 2066 945">
     <span class='ocr_line' id='line_1_8' title="bbox 489 869 2066 945; baseline -0.009 -8"><span class='ocrx_word' id='word_1_58' title='bbox 489 894 674 937; x_wconf 90' lang='lat' dir='ltr'><strong>testem</strong></span> <span class='ocrx_word' id='word_1_59' title='bbox 723 877 1120 945; x_wconf 85' lang='lat' dir='ltr'><strong>charitatisque</strong></span> <span class='ocrx_word' id='word_1_60' title='bbox 1172 875 1384 942; x_wconf 79' lang='lat' dir='ltr'><strong>plenam</strong></span> <span class='ocrx_word' id='word_1_61' title='bbox 1418 869 1669 926; x_wconf 89' lang='lat' dir='ltr'><strong>nonnulli</strong></span> <span class='ocrx_word' id='word_1_62' title='bbox 1718 869 2066 925; x_wconf 84' lang='lat' dir='ltr'><strong>Theudoreto</strong></span> 
     </span>
    </p>
   </div>
   <div class='ocr_carea' id='block_1_9' title="bbox 485 963 2066 1037">
    <p class='ocr_par' dir='ltr' id='par_1_9' title="bbox 485 963 2066 1037">
     <span class='ocr_line' id='line_1_9' title="bbox 485 963 2066 1037; baseline -0.008 -7"><span class='ocrx_word' id='word_1_63' title='bbox 485 968 672 1030; x_wconf 66' lang='lat' dir='ltr'><strong>nostro</strong></span> <span class='ocrx_word' id='word_1_64' title='bbox 698 973 966 1035; x_wconf 88' lang='lat' dir='ltr'><strong>tribuunt,</strong></span> <span class='ocrx_word' id='word_1_65' title='bbox 1021 981 1185 1037; x_wconf 90' lang='lat' dir='ltr'><strong>quam</strong></span> <span class='ocrx_word' id='word_1_66' title='bbox 1234 963 1558 1020; x_wconf 86' lang='lat' dir='ltr'><strong>sententiam</strong></span> <span class='ocrx_word' id='word_1_67' title='bbox 1595 978 1702 1017; x_wconf 91' lang='lat' dir='ltr'><strong>non</strong></span> <span class='ocrx_word' id='word_1_68' title='bbox 1734 963 1852 1019; x_wconf 88' lang='lat' dir='ltr'><strong>sine</strong></span> <span class='ocrx_word' id='word_1_69' title='bbox 1898 964 2066 1017; x_wconf 89' lang='lat' dir='ltr'><strong>multa</strong></span> 
     </span>
    </p>
   </div>
   <div class='ocr_carea' id='block_1_10' title="bbox 485 1054 2063 1136">
    <p class='ocr_par' dir='ltr' id='par_1_10' title="bbox 485 1054 2063 1136">
     <span class='ocr_line' id='line_1_10' title="bbox 485 1054 2063 1136; baseline -0.009 -13"><span class='ocrx_word' id='word_1_70' title='bbox 485 1069 681 1123; x_wconf 80' lang='lat' dir='ltr'><strong>ﬁducia</strong></span> <span class='ocrx_word' id='word_1_71' title='bbox 707 1061 963 1136; x_wconf 83' lang='lat' dir='ltr'><strong>proponit</strong></span> <span class='ocrx_word' id='word_1_72' title='bbox 990 1058 1288 1116; x_wconf 88' lang='lat' dir='ltr'><strong>Garnerius</strong></span> <span class='ocrx_word' id='word_1_73' title='bbox 1313 1060 1467 1112; x_wconf 84' lang='lat' dir='ltr'><strong>Auct.</strong></span> <span class='ocrx_word' id='word_1_74' title='bbox 1501 1071 1554 1127; x_wconf 91' lang='lat' dir='ltr'><strong>p.</strong></span> <span class='ocrx_word' id='word_1_75' title='bbox 1599 1054 1668 1110; x_wconf 82' lang='lat'><strong>59</strong></span> <span class='ocrx_word' id='word_1_76' title='bbox 1691 1066 1746 1111; x_wconf 88' lang='lat' dir='ltr'><strong>et</strong></span> <span class='ocrx_word' id='word_1_77' title='bbox 1772 1072 1826 1126; x_wconf 92' lang='lat' dir='ltr'><strong>p.</strong></span> <span class='ocrx_word' id='word_1_78' title='bbox 1864 1055 1982 1116; x_wconf 85' lang='lat' dir='ltr'><strong>H9.</strong></span> <span class='ocrx_word' id='word_1_79' title='bbox 2009 1057 2063 1109; x_wconf 95' lang='lat' dir='ltr'><strong>in</strong></span> 
     </span>
    </p>
   </div>
   <div class='ocr_carea' id='block_1_11' title="bbox 481 1147 2068 1224">
    <p class='ocr_par' dir='ltr' id='par_1_11' title="bbox 481 1147 2068 1224">
     <span class='ocr_line' id='line_1_11' title="bbox 481 1147 2068 1224; baseline -0.008 -9"><span class='ocrx_word' id='word_1_80' title='bbox 481 1161 649 1215; x_wconf 85' lang='lat' dir='ltr'><strong>dubio</strong></span> <span class='ocrx_word' id='word_1_81' title='bbox 696 1169 877 1212; x_wconf 87' lang='lat' dir='ltr'><strong>autem</strong></span> <span class='ocrx_word' id='word_1_82' title='bbox 927 1153 1157 1224; x_wconf 76' lang='lat' dir='ltr'><strong>positam</strong></span> <span class='ocrx_word' id='word_1_83' title='bbox 1211 1165 1334 1207; x_wconf 88' lang='lat' dir='ltr'><strong>esse</strong></span> <span class='ocrx_word' id='word_1_84' title='bbox 1381 1149 1519 1205; x_wconf 90' lang='lat' dir='ltr'><strong>dicit</strong></span> <span class='ocrx_word' id='word_1_85' title='bbox 1572 1150 1701 1205; x_wconf 85' lang='lat' dir='ltr'><strong>ibid.</strong></span> <span class='ocrx_word' id='word_1_86' title='bbox 1766 1165 1816 1219; x_wconf 90' lang='lat' dir='ltr'><strong>p.</strong></span> <span class='ocrx_word' id='word_1_87' title='bbox 1865 1147 1970 1203; x_wconf 70' lang='grc'><strong>469</strong></span> <span class='ocrx_word' id='word_1_88' title='bbox 2014 1158 2068 1202; x_wconf 90' lang='lat' dir='ltr'><strong>et</strong></span> 
     </span>
    </p>
   </div>
   <div class='ocr_carea' id='block_1_12' title="bbox 485 1240 2067 1324">
    <p class='ocr_par' dir='ltr' id='par_1_12' title="bbox 485 1240 2067 1324">
     <span class='ocr_line' id='line_1_12' title="bbox 485 1240 2067 1324; baseline -0.008 -18"><span class='ocrx_word' id='word_1_89' title='bbox 485 1252 695 1324; x_wconf 61' lang='lat' dir='ltr'><strong>p.471.</strong></span> <span class='ocrx_word' id='word_1_90' title='bbox 743 1246 1016 1318; x_wconf 82' lang='lat' dir='ltr'><strong>Quidquid</strong></span> <span class='ocrx_word' id='word_1_91' title='bbox 1066 1245 1158 1310; x_wconf 91' lang='lat' dir='ltr'><strong>sit,</strong></span> <span class='ocrx_word' id='word_1_92' title='bbox 1195 1244 1399 1299; x_wconf 90' lang='lat' dir='ltr'><strong>sciente</strong></span> <span class='ocrx_word' id='word_1_93' title='bbox 1461 1254 1516 1297; x_wconf 89' lang='lat' dir='ltr'><strong>et</strong></span> <span class='ocrx_word' id='word_1_94' title='bbox 1563 1242 1825 1298; x_wconf 84' lang='lat' dir='ltr'><strong>suadente</strong></span> <span class='ocrx_word' id='word_1_95' title='bbox 1867 1240 2067 1296; x_wconf 87' lang='lat' dir='ltr'><strong>Nostro</strong></span> 
     </span>
    </p>
   </div>
   <div class='ocr_carea' id='block_1_13' title="bbox 484 1332 2057 1411">
    <p class='ocr_par' dir='ltr' id='par_1_13' title="bbox 484 1332 2057 1411">
     <span class='ocr_line' id='line_1_13' title="bbox 484 1332 2057 1411; baseline -0.006 -14"><span class='ocrx_word' id='word_1_96' title='bbox 484 1341 786 1411; x_wconf 75' lang='lat' dir='ltr'><strong>composita</strong></span> <span class='ocrx_word' id='word_1_97' title='bbox 813 1353 936 1394; x_wconf 87' lang='lat' dir='ltr'><strong>esse</strong></span> <span class='ocrx_word' id='word_1_98' title='bbox 966 1337 1182 1391; x_wconf 77' lang='lat' dir='ltr'><strong>videtur</strong></span> <span class='ocrx_word' id='word_1_99' title='bbox 1205 1332 1434 1404; x_wconf 86' lang='lat' dir='ltr'><strong>epistola</strong></span> <span class='ocrx_word' id='word_1_100' title='bbox 1462 1334 1554 1388; x_wconf 90' lang='lat' dir='ltr'><strong>illa</strong></span> <span class='ocrx_word' id='word_1_101' title='bbox 1579 1374 1595 1401; x_wconf 97' lang='lat'><strong>,</strong></span> <span class='ocrx_word' id='word_1_102' title='bbox 1617 1348 1740 1404; x_wconf 83' lang='lat' dir='ltr'><strong>qua</strong></span> <span class='ocrx_word' id='word_1_103' title='bbox 1768 1335 2057 1389; x_wconf 62' lang='lat' dir='ltr'><strong>obtinendt</strong></span> 
     </span>
    </p>
   </div>
   <div class='ocr_carea' id='block_1_14' title="bbox 484 1426 2066 1498">
    <p class='ocr_par' dir='ltr' id='par_1_14' title="bbox 484 1426 2066 1498">
     <span class='ocr_line' id='line_1_14' title="bbox 484 1426 2066 1498; baseline -0.005 -9"><span class='ocrx_word' id='word_1_104' title='bbox 484 1435 576 1489; x_wconf 85' lang='lat' dir='ltr'><strong>tini</strong></span> <span class='ocrx_word' id='word_1_105' title='bbox 615 1448 717 1488; x_wconf 89' lang='lat' dir='ltr'><strong>suo</strong></span> <span class='ocrx_word' id='word_1_106' title='bbox 763 1431 988 1486; x_wconf 91' lang='lat' dir='ltr'><strong>omnino</strong></span> <span class='ocrx_word' id='word_1_107' title='bbox 1026 1438 1142 1483; x_wconf 84' lang='lat' dir='ltr'><strong>erat</strong></span> <span class='ocrx_word' id='word_1_108' title='bbox 1184 1426 1492 1498; x_wconf 87' lang='lat' dir='ltr'><strong>aptissima,</strong></span> <span class='ocrx_word' id='word_1_109' title='bbox 1531 1427 1577 1480; x_wconf 89' lang='lat' dir='ltr'><strong>si</strong></span> <span class='ocrx_word' id='word_1_110' title='bbox 1610 1441 1764 1482; x_wconf 90' lang='lat' dir='ltr'><strong>mens</strong></span> <span class='ocrx_word' id='word_1_111' title='bbox 1794 1443 1900 1481; x_wconf 89' lang='lat' dir='ltr'><strong>non</strong></span> <span class='ocrx_word' id='word_1_112' title='bbox 1936 1428 2066 1481; x_wconf 76' lang='lat' dir='ltr'><strong>lava</strong></span> 
     </span>
    </p>
   </div>
   <div class='ocr_carea' id='block_1_15' title="bbox 485 1519 2066 1590">
    <p class='ocr_par' dir='ltr' id='par_1_15' title="bbox 485 1519 2066 1590">
     <span class='ocr_line' id='line_1_15' title="bbox 485 1519 2066 1590; baseline -0.003 -9"><span class='ocrx_word' id='word_1_113' title='bbox 485 1526 676 1581; x_wconf 77' lang='lat' dir='ltr'><strong>fuisset</strong></span> <span class='ocrx_word' id='word_1_114' title='bbox 706 1522 979 1578; x_wconf 88' lang='lat' dir='ltr'><strong>Nestorio.</strong></span> <span class='ocrx_word' id='word_1_115' title='bbox 1011 1520 1108 1574; x_wconf 89' lang='lat' dir='ltr'><strong>llic</strong></span> <span class='ocrx_word' id='word_1_116' title='bbox 1139 1535 1287 1586; x_wconf 83' lang='lat' dir='ltr'><strong>vero,</strong></span> <span class='ocrx_word' id='word_1_117' title='bbox 1319 1528 1376 1574; x_wconf 92' lang='lat' dir='ltr'><strong>ut</strong></span> <span class='ocrx_word' id='word_1_118' title='bbox 1405 1519 1582 1575; x_wconf 88' lang='lat' dir='ltr'><strong>solent</strong></span> <span class='ocrx_word' id='word_1_119' title='bbox 1610 1519 1701 1590; x_wconf 90' lang='lat' dir='ltr'><strong>qui</strong></span> <span class='ocrx_word' id='word_1_120' title='bbox 1732 1519 2066 1590; x_wconf 87' lang='lat' dir='ltr'><strong>pertinacius</strong></span> 
     </span>
    </p>
   </div>
   <div class='ocr_carea' id='block_1_16' title="bbox 484 1612 2062 1678">
    <p class='ocr_par' dir='ltr' id='par_1_16' title="bbox 484 1612 2062 1678">
     <span class='ocr_line' id='line_1_16' title="bbox 484 1612 2062 1678; baseline -0.004 -5"><span class='ocrx_word' id='word_1_121' title='bbox 484 1620 763 1673; x_wconf 81' lang='lat' dir='ltr'><strong>adharent</strong></span> <span class='ocrx_word' id='word_1_122' title='bbox 784 1615 1031 1672; x_wconf 78' lang='lat' dir='ltr'><strong>consiliis</strong></span> <span class='ocrx_word' id='word_1_123' title='bbox 1064 1613 1200 1678; x_wconf 89' lang='lat' dir='ltr'><strong>suis,</strong></span> <span class='ocrx_word' id='word_1_124' title='bbox 1232 1613 1410 1668; x_wconf 88' lang='lat' dir='ltr'><strong>locum</strong></span> <span class='ocrx_word' id='word_1_125' title='bbox 1440 1628 1549 1666; x_wconf 92' lang='lat' dir='ltr'><strong>non</strong></span> <span class='ocrx_word' id='word_1_126' title='bbox 1584 1612 1734 1667; x_wconf 92' lang='lat' dir='ltr'><strong>dedit</strong></span> <span class='ocrx_word' id='word_1_127' title='bbox 1760 1612 2062 1668; x_wconf 86' lang='lat' dir='ltr'><strong>amicorum</strong></span> 
     </span>
    </p>
   </div>
   <div class='ocr_carea' id='block_1_17' title="bbox 486 1704 2063 1776">
    <p class='ocr_par' dir='ltr' id='par_1_17' title="bbox 486 1704 2063 1776">
     <span class='ocr_line' id='line_1_17' title="bbox 486 1704 2063 1776; baseline -0.001 -13"><span class='ocrx_word' id='word_1_128' title='bbox 486 1709 887 1773; x_wconf 87' lang='lat' dir='ltr'><strong>adhortationi,</strong></span> <span class='ocrx_word' id='word_1_129' title='bbox 939 1708 1030 1761; x_wconf 89' lang='lat' dir='ltr'><strong>sed</strong></span> <span class='ocrx_word' id='word_1_130' title='bbox 1089 1707 1282 1760; x_wconf 88' lang='lat' dir='ltr'><strong>horum</strong></span> <span class='ocrx_word' id='word_1_131' title='bbox 1343 1706 1549 1761; x_wconf 89' lang='lat' dir='ltr'><strong>abusus</strong></span> <span class='ocrx_word' id='word_1_132' title='bbox 1595 1704 1803 1776; x_wconf 86' lang='lat' dir='ltr'><strong>judicio</strong></span> <span class='ocrx_word' id='word_1_133' title='bbox 1852 1706 2063 1776; x_wconf 79' lang='lat' dir='ltr'><strong>rogavit</strong></span> 
     </span>
    </p>
   </div>
   <div class='ocr_carea' id='block_1_18' title="bbox 483 1795 2062 1867">
    <p class='ocr_par' dir='ltr' id='par_1_18' title="bbox 483 1795 2062 1867">
     <span class='ocr_line' id='line_1_18' title="bbox 483 1795 2062 1867; baseline -0.003 -12"><span class='ocrx_word' id='word_1_134' title='bbox 483 1801 768 1865; x_wconf 84' lang='lat' dir='ltr'><strong>Joannem,</strong></span> <span class='ocrx_word' id='word_1_135' title='bbox 820 1809 880 1854; x_wconf 90' lang='lat' dir='ltr'><strong>ut</strong></span> <span class='ocrx_word' id='word_1_136' title='bbox 916 1798 1329 1854; x_wconf 87' lang='lat' dir='ltr'><strong>refutandorum</strong></span> <span class='ocrx_word' id='word_1_137' title='bbox 1370 1795 1655 1852; x_wconf 88' lang='lat' dir='ltr'><strong>duodecim</strong></span> <span class='ocrx_word' id='word_1_138' title='bbox 1689 1795 1873 1867; x_wconf 89' lang='lat' dir='ltr'><strong>Cyrilli</strong></span> <span class='ocrx_word' id='word_1_139' title='bbox 1932 1810 2062 1850; x_wconf 88' lang='lat' dir='ltr'><strong>ana-</strong></span> 
     </span>
    </p>
   </div>
   <div class='ocr_carea' id='block_1_19' title="bbox 489 1887 2063 1959">
    <p class='ocr_par' dir='ltr' id='par_1_19' title="bbox 489 1887 2063 1959">
     <span class='ocr_line' id='line_1_19' title="bbox 489 1887 2063 1959; baseline -0.003 -14"><span class='ocrx_word' id='word_1_140' title='bbox 489 1892 957 1947; x_wconf 86' lang='lat' dir='ltr'><strong>tliematismoruni</strong></span> <span class='ocrx_word' id='word_1_141' title='bbox 984 1903 1230 1959; x_wconf 89' lang='lat' dir='ltr'><strong>operam,</strong></span> <span class='ocrx_word' id='word_1_142' title='bbox 1254 1887 1482 1959; x_wconf 88' lang='lat' dir='ltr'><strong>periculi</strong></span> <span class='ocrx_word' id='word_1_143' title='bbox 1520 1897 1649 1943; x_wconf 89' lang='lat' dir='ltr'><strong>tunc</strong></span> <span class='ocrx_word' id='word_1_144' title='bbox 1672 1887 1928 1957; x_wconf 89' lang='lat' dir='ltr'><strong>temporis</strong></span> <span class='ocrx_word' id='word_1_145' title='bbox 1950 1887 2063 1958; x_wconf 84' lang='lat' dir='ltr'><strong>ple-</strong></span> 
     </span>
    </p>
   </div>
   <div class='ocr_carea' id='block_1_20' title="bbox 486 1978 2065 2052">
    <p class='ocr_par' dir='ltr' id='par_1_20' title="bbox 486 1978 2065 2052">
     <span class='ocr_line' id='line_1_20' title="bbox 486 1978 2065 2052; baseline -0.003 -14"><span class='ocrx_word' id='word_1_146' title='bbox 486 2001 633 2050; x_wconf 89' lang='lat' dir='ltr'><strong>nam,</strong></span> <span class='ocrx_word' id='word_1_147' title='bbox 667 1983 901 2039; x_wconf 86' lang='lat' dir='ltr'><strong>deferret</strong></span> <span class='ocrx_word' id='word_1_148' title='bbox 927 1982 1059 2036; x_wconf 82' lang='lat' dir='ltr'><strong>viris</strong></span> <span class='ocrx_word' id='word_1_149' title='bbox 1087 1982 1295 2052; x_wconf 90' lang='lat' dir='ltr'><strong>peritis.</strong></span> <span class='ocrx_word' id='word_1_150' title='bbox 1325 1978 1459 2036; x_wconf 89' lang='lat' dir='ltr'><strong>Sors</strong></span> <span class='ocrx_word' id='word_1_151' title='bbox 1482 1981 1583 2035; x_wconf 89' lang='lat' dir='ltr'><strong>ista</strong></span> <span class='ocrx_word' id='word_1_152' title='bbox 1616 1979 1844 2035; x_wconf 89' lang='lat' dir='ltr'><strong>Andrea</strong></span> <span class='ocrx_word' id='word_1_153' title='bbox 1872 1979 2065 2035; x_wconf 87' lang='lat' dir='ltr'><strong>Samo-</strong></span> 
     </span>
    </p>
   </div>
   <div class='ocr_carea' id='block_1_21' title="bbox 483 2069 2061 2144">
    <p class='ocr_par' dir='ltr' id='par_1_21' title="bbox 483 2069 2061 2144">
     <span class='ocr_line' id='line_1_21' title="bbox 483 2069 2061 2144; baseline -0.003 -15"><span class='ocrx_word' id='word_1_154' title='bbox 483 2086 697 2140; x_wconf 81' lang='lat' dir='ltr'><strong>sateno,</strong></span> <span class='ocrx_word' id='word_1_155' title='bbox 738 2085 815 2139; x_wconf 78' lang='lat' dir='ltr'><strong>et,</strong></span> <span class='ocrx_word' id='word_1_156' title='bbox 847 2073 991 2144; x_wconf 92' lang='lat' dir='ltr'><strong>quod</strong></span> <span class='ocrx_word' id='word_1_157' title='bbox 1035 2072 1306 2134; x_wconf 85' lang='lat' dir='ltr'><strong>dolemus,</strong></span> <span class='ocrx_word' id='word_1_158' title='bbox 1337 2069 1681 2126; x_wconf 86' lang='lat' dir='ltr'><strong>Theodoreto</strong></span> <span class='ocrx_word' id='word_1_159' title='bbox 1722 2070 1932 2141; x_wconf 79' lang='lat' dir='ltr'><strong>obtigit.</strong></span> <span class='ocrx_word' id='word_1_160' title='bbox 1986 2070 2061 2124; x_wconf 83' lang='lat' dir='ltr'><strong>Ita</strong></span> 
     </span>
    </p>
   </div>
   <div class='ocr_carea' id='block_1_22' title="bbox 483 2162 2061 2235">
    <p class='ocr_par' dir='ltr' id='par_1_22' title="bbox 483 2162 2061 2235">
     <span class='ocr_line' id='line_1_22' title="bbox 483 2162 2061 2235; baseline -0.004 -15"><span class='ocrx_word' id='word_1_161' title='bbox 483 2171 686 2222; x_wconf 82' lang='lat' dir='ltr'><strong>factum</strong></span> <span class='ocrx_word' id='word_1_162' title='bbox 715 2175 818 2228; x_wconf 89' lang='lat' dir='ltr'><strong>est,</strong></span> <span class='ocrx_word' id='word_1_163' title='bbox 855 2175 911 2219; x_wconf 91' lang='lat' dir='ltr'><strong>ut</strong></span> <span class='ocrx_word' id='word_1_164' title='bbox 940 2165 1034 2235; x_wconf 85' lang='lat' dir='ltr'><strong>qui</strong></span> <span class='ocrx_word' id='word_1_165' title='bbox 1079 2165 1144 2219; x_wconf 91' lang='lat' dir='ltr'><strong>ad</strong></span> <span class='ocrx_word' id='word_1_166' title='bbox 1174 2179 1235 2217; x_wconf 91' lang='lat' dir='ltr'><strong>ea</strong></span> <span class='ocrx_word' id='word_1_167' title='bbox 1267 2177 1442 2233; x_wconf 88' lang='lat' dir='ltr'><strong>usque</strong></span> <span class='ocrx_word' id='word_1_168' title='bbox 1477 2171 1719 2231; x_wconf 85' lang='lat' dir='ltr'><strong>tempora</strong></span> <span class='ocrx_word' id='word_1_169' title='bbox 1751 2162 1889 2216; x_wconf 89' lang='lat' dir='ltr'><strong>bene</strong></span> <span class='ocrx_word' id='word_1_170' title='bbox 1917 2162 2061 2230; x_wconf 83' lang='lat' dir='ltr'><strong>apud</strong></span> 
     </span>
    </p>
   </div>
   <div class='ocr_carea' id='block_1_23' title="bbox 482 2254 2062 2325">
    <p class='ocr_par' dir='ltr' id='par_1_23' title="bbox 482 2254 2062 2325">
     <span class='ocr_line' id='line_1_23' title="bbox 482 2254 2062 2325; baseline -0.004 -12"><span class='ocrx_word' id='word_1_171' title='bbox 482 2276 672 2313; x_wconf 90' lang='lat' dir='ltr'><strong>omnes</strong></span> <span class='ocrx_word' id='word_1_172' title='bbox 700 2258 1002 2320; x_wconf 85' lang='lat' dir='ltr'><strong>audiverat,</strong></span> <span class='ocrx_word' id='word_1_173' title='bbox 1037 2257 1178 2311; x_wconf 89' lang='lat' dir='ltr'><strong>male</strong></span> <span class='ocrx_word' id='word_1_174' title='bbox 1206 2256 1346 2325; x_wconf 88' lang='lat' dir='ltr'><strong>apud</strong></span> <span class='ocrx_word' id='word_1_175' title='bbox 1377 2255 1577 2309; x_wconf 86' lang='lat' dir='ltr'><strong>multos</strong></span> <span class='ocrx_word' id='word_1_176' title='bbox 1605 2255 1837 2318; x_wconf 85' lang='lat' dir='ltr'><strong>audiret,</strong></span> <span class='ocrx_word' id='word_1_177' title='bbox 1871 2264 1925 2310; x_wconf 89' lang='lat' dir='ltr'><strong>et</strong></span> <span class='ocrx_word' id='word_1_178' title='bbox 1953 2254 2062 2308; x_wconf 90' lang='lat' dir='ltr'><strong>liti-</strong></span> 
     </span>
    </p>
   </div>
   <div class='ocr_carea' id='block_1_24' title="bbox 485 2344 2063 2416">
    <p class='ocr_par' dir='ltr' id='par_1_24' title="bbox 485 2344 2063 2416">
     <span class='ocr_line' id='line_1_24' title="bbox 485 2344 2063 2416; baseline -0.003 -14"><span class='ocrx_word' id='word_1_179' title='bbox 485 2351 586 2404; x_wconf 88' lang='lat' dir='ltr'><strong>bus</strong></span> <span class='ocrx_word' id='word_1_180' title='bbox 621 2363 743 2404; x_wconf 89' lang='lat' dir='ltr'><strong>sese</strong></span> <span class='ocrx_word' id='word_1_181' title='bbox 771 2348 1066 2416; x_wconf 86' lang='lat' dir='ltr'><strong>ingereret,</strong></span> <span class='ocrx_word' id='word_1_182' title='bbox 1100 2361 1239 2416; x_wconf 90' lang='lat' dir='ltr'><strong>quas</strong></span> <span class='ocrx_word' id='word_1_183' title='bbox 1273 2344 1581 2400; x_wconf 69' lang='lat' dir='ltr'><strong>declinasse</strong></span> <span class='ocrx_word' id='word_1_184' title='bbox 1608 2344 1805 2398; x_wconf 91' lang='lat' dir='ltr'><strong>melius</strong></span> <span class='ocrx_word' id='word_1_185' title='bbox 1834 2345 2063 2398; x_wconf 89' lang='lat' dir='ltr'><strong>omnino</strong></span> 
     </span>
    </p>
   </div>
   <div class='ocr_carea' id='block_1_25' title="bbox 485 2434 2062 2506">
    <p class='ocr_par' dir='ltr' id='par_1_25' title="bbox 485 2434 2062 2506">
     <span class='ocr_line' id='line_1_25' title="bbox 485 2434 2062 2506; baseline -0.004 -10"><span class='ocrx_word' id='word_1_186' title='bbox 485 2442 701 2497; x_wconf 79' lang='lat' dir='ltr'><strong>fuisset.</strong></span> <span class='ocrx_word' id='word_1_187' title='bbox 737 2440 806 2494; x_wconf 85' lang='lat' dir='ltr'><strong>At</strong></span> <span class='ocrx_word' id='word_1_188' title='bbox 846 2455 975 2495; x_wconf 86' lang='lat' dir='ltr'><strong>vero</strong></span> <span class='ocrx_word' id='word_1_189' title='bbox 1010 2439 1180 2493; x_wconf 84' lang='lat' dir='ltr'><strong>multa</strong></span> <span class='ocrx_word' id='word_1_190' title='bbox 1230 2449 1377 2500; x_wconf 89' lang='lat' dir='ltr'><strong>sunt,</strong></span> <span class='ocrx_word' id='word_1_191' title='bbox 1418 2452 1538 2506; x_wconf 88' lang='lat' dir='ltr'><strong>qua</strong></span> <span class='ocrx_word' id='word_1_192' title='bbox 1569 2436 1780 2489; x_wconf 76' lang='lat' dir='ltr'><strong>tuendte</strong></span> <span class='ocrx_word' id='word_1_193' title='bbox 1810 2434 2062 2490; x_wconf 80' lang='lat' dir='ltr'><strong>Theodo-</strong></span> 
     </span>
    </p>
   </div>
   <div class='ocr_carea' id='block_1_26' title="bbox 486 2526 2060 2598">
    <p class='ocr_par' dir='ltr' id='par_1_26' title="bbox 486 2526 2060 2598">
     <span class='ocr_line' id='line_1_26' title="bbox 486 2526 2060 2598; baseline -0.002 -14"><span class='ocrx_word' id='word_1_194' title='bbox 486 2531 588 2585; x_wconf 88' lang='lat' dir='ltr'><strong>reti</strong></span> <span class='ocrx_word' id='word_1_195' title='bbox 641 2545 821 2585; x_wconf 87' lang='lat' dir='ltr'><strong>causa</strong></span> <span class='ocrx_word' id='word_1_196' title='bbox 869 2529 1195 2584; x_wconf 85' lang='lat' dir='ltr'><strong>inserviunt.</strong></span> <span class='ocrx_word' id='word_1_197' title='bbox 1240 2528 1362 2582; x_wconf 72' lang='lat' dir='ltr'><strong>Ilavc</strong></span> <span class='ocrx_word' id='word_1_198' title='bbox 1394 2526 1641 2582; x_wconf 82' lang='lat' dir='ltr'><strong>Gai-uerii</strong></span> <span class='ocrx_word' id='word_1_199' title='bbox 1685 2527 1866 2598; x_wconf 84' lang='lat' dir='ltr'><strong>potius</strong></span> <span class='ocrx_word' id='word_1_200' title='bbox 1897 2543 2060 2597; x_wconf 89' lang='lat' dir='ltr'><strong>quam</strong></span> 
     </span>
    </p>
   </div>
   <div class='ocr_carea' id='block_1_27' title="bbox 486 2620 2061 2690">
    <p class='ocr_par' dir='ltr' id='par_1_27' title="bbox 486 2620 2061 2690">
     <span class='ocr_line' id='line_1_27' title="bbox 486 2620 2061 2690; baseline -0.001 -15"><span class='ocrx_word' id='word_1_201' title='bbox 486 2634 677 2679; x_wconf 84' lang='lat' dir='ltr'><strong>ttuslro</strong></span> <span class='ocrx_word' id='word_1_202' title='bbox 711 2623 935 2678; x_wconf 86' lang='lat' dir='ltr'><strong>nomine</strong></span> <span class='ocrx_word' id='word_1_203' title='bbox 970 2637 1255 2677; x_wconf 89' lang='lat' dir='ltr'><strong>recensere</strong></span> <span class='ocrx_word' id='word_1_204' title='bbox 1291 2620 1529 2690; x_wconf 83' lang='lat' dir='ltr'><strong>juvabit,</strong></span> <span class='ocrx_word' id='word_1_205' title='bbox 1580 2629 1638 2675; x_wconf 93' lang='lat' dir='ltr'><strong>ut</strong></span> <span class='ocrx_word' id='word_1_206' title='bbox 1667 2630 1941 2690; x_wconf 88' lang='lat' dir='ltr'><strong>appareat,</strong></span> <span class='ocrx_word' id='word_1_207' title='bbox 1981 2621 2061 2673; x_wconf 86' lang='lat' dir='ltr'><strong>vel</strong></span> 
     </span>
    </p>
   </div>
   <div class='ocr_carea' id='block_1_28' title="bbox 482 2711 2061 2787">
    <p class='ocr_par' dir='ltr' id='par_1_28' title="bbox 482 2711 2061 2787">
     <span class='ocr_line' id='line_1_28' title="bbox 482 2711 2061 2787; baseline -0.005 -15"><span class='ocrx_word' id='word_1_208' title='bbox 482 2718 617 2787; x_wconf 85' lang='lat' dir='ltr'><strong>ipsis</strong></span> <span class='ocrx_word' id='word_1_209' title='bbox 641 2718 776 2772; x_wconf 86' lang='lat' dir='ltr'><strong>adeo</strong></span> <span class='ocrx_word' id='word_1_210' title='bbox 805 2714 1136 2770; x_wconf 83' lang='lat' dir='ltr'><strong>adversariis</strong></span> <span class='ocrx_word' id='word_1_211' title='bbox 1167 2714 1427 2783; x_wconf 87' lang='lat' dir='ltr'><strong>patuisse,</strong></span> <span class='ocrx_word' id='word_1_212' title='bbox 1463 2714 1639 2767; x_wconf 88' lang='lat' dir='ltr'><strong>virum</strong></span> <span class='ocrx_word' id='word_1_213' title='bbox 1671 2711 2061 2783; x_wconf 82' lang='lat' dir='ltr'><strong>praestantissi-</strong></span> 
     </span>
    </p>
   </div>
   <div class='ocr_carea' id='block_1_29' title="bbox 484 2801 2060 2874">
    <p class='ocr_par' dir='ltr' id='par_1_29' title="bbox 484 2801 2060 2874">
     <span class='ocr_line' id='line_1_29' title="bbox 484 2801 2060 2874; baseline -0.006 -10"><span class='ocrx_word' id='word_1_214' title='bbox 484 2825 658 2873; x_wconf 88' lang='lat' dir='ltr'><strong>mum,</strong></span> <span class='ocrx_word' id='word_1_215' title='bbox 690 2807 795 2863; x_wconf 89' lang='lat' dir='ltr'><strong>etsi</strong></span> <span class='ocrx_word' id='word_1_216' title='bbox 838 2806 1063 2860; x_wconf 88' lang='lat' dir='ltr'><strong>humani</strong></span> <span class='ocrx_word' id='word_1_217' title='bbox 1096 2804 1300 2873; x_wconf 87' lang='lat' dir='ltr'><strong>aliquid</strong></span> <span class='ocrx_word' id='word_1_218' title='bbox 1349 2820 1543 2872; x_wconf 84' lang='lat' dir='ltr'><strong>passus</strong></span> <span class='ocrx_word' id='word_1_219' title='bbox 1581 2801 1696 2874; x_wconf 88' lang='grc'><strong>[16]</strong></span> <span class='ocrx_word' id='word_1_220' title='bbox 1749 2803 1839 2867; x_wconf 89' lang='lat' dir='ltr'><strong>sit,</strong></span> <span class='ocrx_word' id='word_1_221' title='bbox 1883 2811 2060 2856; x_wconf 87' lang='lat' dir='ltr'><strong>tamen</strong></span> 
     </span>
    </p>
   </div>
   <div class='ocr_carea' id='block_1_30' title="bbox 482 2892 2060 2967">
    <p class='ocr_par' dir='ltr' id='par_1_30' title="bbox 482 2892 2060 2967">
     <span class='ocr_line' id='line_1_30' title="bbox 482 2892 2060 2967; baseline -0.004 -12"><span class='ocrx_word' id='word_1_222' title='bbox 482 2917 593 2955; x_wconf 89' lang='lat' dir='ltr'><strong>non</strong></span> <span class='ocrx_word' id='word_1_223' title='bbox 629 2900 749 2955; x_wconf 89' lang='lat' dir='ltr'><strong>sine</strong></span> <span class='ocrx_word' id='word_1_224' title='bbox 795 2896 954 2951; x_wconf 84' lang='lat' dir='ltr'><strong>laude</strong></span> <span class='ocrx_word' id='word_1_225' title='bbox 985 2911 1218 2967; x_wconf 86' lang='lat' dir='ltr'><strong>pugnam</strong></span> <span class='ocrx_word' id='word_1_226' title='bbox 1261 2911 1386 2950; x_wconf 88' lang='lat' dir='ltr'><strong>cum</strong></span> <span class='ocrx_word' id='word_1_227' title='bbox 1445 2893 1648 2965; x_wconf 72' lang='lat' dir='ltr'><strong>(lyrillo</strong></span> <span class='ocrx_word' id='word_1_228' title='bbox 1695 2894 1939 2949; x_wconf 80' lang='lat' dir='ltr'><strong>inivisse.</strong></span> <span class='ocrx_word' id='word_1_229' title='bbox 1986 2892 2060 2948; x_wconf 87' lang='lat' dir='ltr'><strong>Ita</strong></span> 
     </span>
    </p>
   </div>
   <div class='ocr_carea' id='block_1_31' title="bbox 482 2985 2063 3057">
    <p class='ocr_par' dir='ltr' id='par_1_31' title="bbox 482 2985 2063 3057">
     <span class='ocr_line' id='line_1_31' title="bbox 482 2985 2063 3057; baseline -0.005 -10"><span class='ocrx_word' id='word_1_230' title='bbox 482 3001 665 3047; x_wconf 70' lang='lat' dir='ltr'><strong>autem</strong></span> <span class='ocrx_word' id='word_1_231' title='bbox 715 2990 1017 3046; x_wconf 90' lang='lat' dir='ltr'><strong>Garnerius</strong></span> <span class='ocrx_word' id='word_1_232' title='bbox 1067 2989 1224 3042; x_wconf 91' lang='lat' dir='ltr'><strong>Auct.</strong></span> <span class='ocrx_word' id='word_1_233' title='bbox 1278 3002 1332 3057; x_wconf 89' lang='lat' dir='ltr'><strong>p.</strong></span> <span class='ocrx_word' id='word_1_234' title='bbox 1381 2985 1534 3041; x_wconf 68' lang='grc' dir='ltr'><strong>ηοε</strong></span> <span class='ocrx_word' id='word_1_235' title='bbox 1587 2985 1914 3057; x_wconf 68' lang='lat' dir='ltr'><strong>«Ingerebat</strong></span> <span class='ocrx_word' id='word_1_236' title='bbox 1946 3001 2063 3040; x_wconf 81' lang='lat' dir='ltr'><strong>sese</strong></span> 
     </span>
    </p>
   </div>
   <div class='ocr_carea' id='block_1_32' title="bbox 481 3077 2061 3151">
    <p class='ocr_par' dir='ltr' id='par_1_32' title="bbox 481 3077 2061 3151">
     <span class='ocr_line' id='line_1_32' title="bbox 481 3077 2061 3151; baseline -0.006 -13"><span class='ocrx_word' id='word_1_237' title='bbox 481 3083 702 3138; x_wconf 85' lang='lat' dir='ltr'><strong>occasio</strong></span> <span class='ocrx_word' id='word_1_238' title='bbox 730 3079 1073 3151; x_wconf 89' lang='lat' dir='ltr'><strong>optatissima</strong></span> <span class='ocrx_word' id='word_1_239' title='bbox 1107 3077 1455 3134; x_wconf 71' lang='lat' dir='ltr'><strong>conserendae</strong></span> <span class='ocrx_word' id='word_1_240' title='bbox 1479 3092 1674 3148; x_wconf 83' lang='lat' dir='ltr'><strong>pugna</strong></span> <span class='ocrx_word' id='word_1_241' title='bbox 1699 3093 1824 3132; x_wconf 93' lang='lat' dir='ltr'><strong>cum</strong></span> <span class='ocrx_word' id='word_1_242' title='bbox 1861 3077 2061 3149; x_wconf 77' lang='lat' dir='ltr'><strong>Cyrilli)</strong></span> 
     </span>
    </p>
   </div>
   <div class='ocr_carea' id='block_1_33' title="bbox 483 3165 2062 3243">
    <p class='ocr_par' dir='ltr' id='par_1_33' title="bbox 483 3165 2062 3243">
     <span class='ocr_line' id='line_1_33' title="bbox 483 3165 2062 3243; baseline -0.003 -13"><span class='ocrx_word' id='word_1_243' title='bbox 483 3175 779 3230; x_wconf 88' lang='lat' dir='ltr'><strong>multarum</strong></span> <span class='ocrx_word' id='word_1_244' title='bbox 812 3171 1117 3243; x_wconf 88' lang='lat' dir='ltr'><strong>palmarum</strong></span> <span class='ocrx_word' id='word_1_245' title='bbox 1161 3171 1320 3232; x_wconf 86' lang='lat' dir='ltr'><strong>duce,</strong></span> <span class='ocrx_word' id='word_1_246' title='bbox 1355 3184 1528 3238; x_wconf 88' lang='lat' dir='ltr'><strong>eoque</strong></span> <span class='ocrx_word' id='word_1_247' title='bbox 1556 3165 1722 3224; x_wconf 87' lang='lat' dir='ltr'><strong>totius</strong></span> <span class='ocrx_word' id='word_1_248' title='bbox 1764 3168 1878 3224; x_wconf 90' lang='lat' dir='ltr'><strong>fere</strong></span> <span class='ocrx_word' id='word_1_249' title='bbox 1915 3169 2062 3225; x_wconf 86' lang='lat' dir='ltr'><strong>orbis</strong></span> 
     </span>
    </p>
   </div>
   <div class='ocr_carea' id='block_1_34' title="bbox 482 3259 2060 3330">
    <p class='ocr_par' dir='ltr' id='par_1_34' title="bbox 482 3259 2060 3330">
     <span class='ocr_line' id='line_1_34' title="bbox 482 3259 2060 3330; baseline -0.005 -8"><span class='ocrx_word' id='word_1_250' title='bbox 482 3266 821 3329; x_wconf 91' lang='lat' dir='ltr'><strong>doctissimo,</strong></span> <span class='ocrx_word' id='word_1_251' title='bbox 866 3273 918 3317; x_wconf 89' lang='lat' dir='ltr'><strong>et</strong></span> <span class='ocrx_word' id='word_1_252' title='bbox 960 3271 1140 3317; x_wconf 91' lang='lat' dir='ltr'><strong>tamen</strong></span> <span class='ocrx_word' id='word_1_253' title='bbox 1178 3270 1468 3330; x_wconf 86' lang='lat' dir='ltr'><strong>opportuno</strong></span> <span class='ocrx_word' id='word_1_254' title='bbox 1505 3259 1825 3324; x_wconf 81' lang='lat' dir='ltr'><strong>vulneribus,</strong></span> <span class='ocrx_word' id='word_1_255' title='bbox 1868 3268 1928 3315; x_wconf 92' lang='lat' dir='ltr'><strong>ut</strong></span> <span class='ocrx_word' id='word_1_256' title='bbox 1960 3260 2060 3329; x_wconf 88' lang='lat' dir='ltr'><strong>ipsi</strong></span> 
     </span>
    </p>
   </div>
   <div class='ocr_carea' id='block_1_35' title="bbox 469 3352 2060 3430">
    <p class='ocr_par' dir='ltr' id='par_1_35' title="bbox 469 3352 2060 3430">
     <span class='ocr_line' id='line_1_35' title="bbox 469 3352 2060 3430; baseline -0.007 -15"><span class='ocrx_word' id='word_1_257' title='bbox 469 3360 705 3430; x_wconf 64' lang='lat' dir='ltr'><strong>quidem</strong></span> <span class='ocrx_word' id='word_1_258' title='bbox 736 3355 1039 3411; x_wconf 86' lang='lat' dir='ltr'><strong>videbatur.</strong></span> <span class='ocrx_word' id='word_1_259' title='bbox 1083 3352 1331 3409; x_wconf 90' lang='lat' dir='ltr'><strong>Audendi</strong></span> <span class='ocrx_word' id='word_1_260' title='bbox 1364 3367 1532 3408; x_wconf 90' lang='lat' dir='ltr'><strong>causa</strong></span> <span class='ocrx_word' id='word_1_261' title='bbox 1563 3368 1672 3407; x_wconf 91' lang='lat' dir='ltr'><strong>non</strong></span> <span class='ocrx_word' id='word_1_262' title='bbox 1716 3360 1925 3407; x_wconf 90' lang='lat' dir='ltr'><strong>tantum</strong></span> <span class='ocrx_word' id='word_1_263' title='bbox 1966 3352 2060 3405; x_wconf 83' lang='lat' dir='ltr'><strong>lio-</strong></span> 
     </span>
    </p>
   </div>
   <div class='ocr_carea' id='block_1_36' title="bbox 486 3442 2063 3514">
    <p class='ocr_par' dir='ltr' id='par_1_36' title="bbox 486 3442 2063 3514">
     <span class='ocr_line' id='line_1_36' title="bbox 486 3442 2063 3514; baseline -0.008 -8"><span class='ocrx_word' id='word_1_264' title='bbox 486 3462 655 3513; x_wconf 81' lang='lat' dir='ltr'><strong>nesta,</strong></span> <span class='ocrx_word' id='word_1_265' title='bbox 694 3449 870 3504; x_wconf 89' lang='lat' dir='ltr'><strong>amico</strong></span> <span class='ocrx_word' id='word_1_266' title='bbox 898 3445 1167 3502; x_wconf 78' lang='lat' dir='ltr'><strong>laboranti</strong></span> <span class='ocrx_word' id='word_1_267' title='bbox 1201 3460 1356 3514; x_wconf 89' lang='lat' dir='ltr'><strong>opem</strong></span> <span class='ocrx_word' id='word_1_268' title='bbox 1394 3443 1575 3510; x_wconf 87' lang='lat' dir='ltr'><strong>ferre;</strong></span> <span class='ocrx_word' id='word_1_269' title='bbox 1621 3443 1713 3498; x_wconf 90' lang='lat' dir='ltr'><strong>sed</strong></span> <span class='ocrx_word' id='word_1_270' title='bbox 1744 3443 1905 3496; x_wconf 90' lang='lat' dir='ltr'><strong>etiam</strong></span> <span class='ocrx_word' id='word_1_271' title='bbox 1942 3442 2063 3495; x_wconf 87' lang='lat' dir='ltr'><strong>reli-</strong></span> 
     </span>
    </p>
   </div>
   <div class='ocr_carea' id='block_1_37' title="bbox 476 3534 2059 3615">
    <p class='ocr_par' dir='ltr' id='par_1_37' title="bbox 476 3534 2059 3615">
     <span class='ocr_line' id='line_1_37' title="bbox 476 3534 2059 3615; baseline -0.008 -18"><span class='ocrx_word' id='word_1_272' title='bbox 476 3545 653 3615; x_wconf 80' lang='lat' dir='ltr'><strong>giosa,</strong></span> <span class='ocrx_word' id='word_1_273' title='bbox 683 3540 932 3594; x_wconf 81' lang='lat' dir='ltr'><strong>obsistere</strong></span> <span class='ocrx_word' id='word_1_274' title='bbox 958 3537 1157 3592; x_wconf 80' lang='lat' dir='ltr'><strong>homini</strong></span> <span class='ocrx_word' id='word_1_275' title='bbox 1201 3544 1378 3606; x_wconf 81' lang='lat' dir='ltr'><strong>partes</strong></span> <span class='ocrx_word' id='word_1_276' title='bbox 1407 3534 1725 3605; x_wconf 81' lang='lat' dir='ltr'><strong>Apollinarii</strong></span> <span class='ocrx_word' id='word_1_277' title='bbox 1760 3536 1814 3588; x_wconf 84' lang='lat' dir='ltr'><strong>in</strong></span> <span class='ocrx_word' id='word_1_278' title='bbox 1842 3534 2059 3602; x_wconf 75' lang='lat' dir='ltr'><strong>speciem</strong></span> 
     </span>
    </p>
   </div>
   <div class='ocr_carea' id='block_1_38' title="bbox 485 3624 2059 3689">
    <p class='ocr_par' dir='ltr' id='par_1_38' title="bbox 485 3624 2059 3689">
     <span class='ocr_line' id='line_1_38' title="bbox 485 3624 2059 3689; baseline -0.006 -1"><span class='ocrx_word' id='word_1_279' title='bbox 485 3635 674 3689; x_wconf 85' lang='lat' dir='ltr'><strong>tuenti.</strong></span> <span class='ocrx_word' id='word_1_280' title='bbox 731 3631 1027 3686; x_wconf 90' lang='lat' dir='ltr'><strong>Pulchrum</strong></span> <span class='ocrx_word' id='word_1_281' title='bbox 1069 3636 1186 3682; x_wconf 87' lang='lat' dir='ltr'><strong>erat</strong></span> <span class='ocrx_word' id='word_1_282' title='bbox 1228 3627 1480 3681; x_wconf 74' lang='lat' dir='ltr'><strong>auxiliari</strong></span> <span class='ocrx_word' id='word_1_283' title='bbox 1512 3624 1762 3682; x_wconf 82' lang='lat' dir='ltr'><strong>Nestorio</strong></span> <span class='ocrx_word' id='word_1_284' title='bbox 1788 3625 1937 3680; x_wconf 90' lang='lat' dir='ltr'><strong>urbis</strong></span> <span class='ocrx_word' id='word_1_285' title='bbox 1974 3642 2059 3680; x_wconf 91' lang='lat' dir='ltr'><strong>re-</strong></span> 
     </span>
    </p>
   </div>
   <div class='ocr_carea' id='block_1_39' title="bbox 484 3716 2062 3797">
    <p class='ocr_par' dir='ltr' id='par_1_39' title="bbox 484 3716 2062 3797">
     <span class='ocr_line' id='line_1_39' title="bbox 484 3716 2062 3797; baseline -0.006 -19"><span class='ocrx_word' id='word_1_286' title='bbox 484 3726 586 3797; x_wconf 84' lang='lat' dir='ltr'><strong>gia</strong></span> <span class='ocrx_word' id='word_1_287' title='bbox 631 3722 887 3785; x_wconf 84' lang='lat' dir='ltr'><strong>antistiti,</strong></span> <span class='ocrx_word' id='word_1_288' title='bbox 941 3719 1081 3775; x_wconf 80' lang='lat' dir='ltr'><strong>aula</strong></span> <span class='ocrx_word' id='word_1_289' title='bbox 1124 3717 1384 3788; x_wconf 87' lang='lat' dir='ltr'><strong>gratioso,</strong></span> <span class='ocrx_word' id='word_1_290' title='bbox 1433 3727 1487 3772; x_wconf 89' lang='lat' dir='ltr'><strong>et</strong></span> <span class='ocrx_word' id='word_1_291' title='bbox 1540 3716 1707 3772; x_wconf 91' lang='lat' dir='ltr'><strong>simul</strong></span> <span class='ocrx_word' id='word_1_292' title='bbox 1749 3730 2062 3786; x_wconf 75' lang='lat' dir='ltr'><strong>oppugnare</strong></span> 
     </span>
    </p>
   </div>
   <div class='ocr_carea' id='block_1_40' title="bbox 483 3806 2062 3888">
    <p class='ocr_par' dir='ltr' id='par_1_40' title="bbox 483 3806 2062 3888">
     <span class='ocr_line' id='line_1_40' title="bbox 483 3806 2062 3888; baseline -0.006 -17"><span class='ocrx_word' id='word_1_293' title='bbox 483 3814 766 3888; x_wconf 81' lang='lat' dir='ltr'><strong>Cyrillum,</strong></span> <span class='ocrx_word' id='word_1_294' title='bbox 803 3813 960 3884; x_wconf 88' lang='lat' dir='ltr'><strong>cujus</strong></span> <span class='ocrx_word' id='word_1_295' title='bbox 1008 3809 1271 3881; x_wconf 90' lang='lat' dir='ltr'><strong>potentia,</strong></span> <span class='ocrx_word' id='word_1_296' title='bbox 1305 3822 1417 3879; x_wconf 89' lang='lat' dir='ltr'><strong>quo</strong></span> <span class='ocrx_word' id='word_1_297' title='bbox 1447 3808 1622 3878; x_wconf 86' lang='lat' dir='ltr'><strong>major</strong></span> <span class='ocrx_word' id='word_1_298' title='bbox 1660 3808 1729 3863; x_wconf 90' lang='lat' dir='ltr'><strong>ab</strong></span> <span class='ocrx_word' id='word_1_299' title='bbox 1754 3806 2062 3862; x_wconf 86' lang='lat' dir='ltr'><strong>Occidentis</strong></span> 
     </span>
    </p>
   </div>
   <div class='ocr_carea' id='block_1_41' title="bbox 468 3898 2061 3971">
    <p class='ocr_par' dir='ltr' id='par_1_41' title="bbox 468 3898 2061 3971">
     <span class='ocr_line' id='line_1_41' title="bbox 468 3898 2061 3971; baseline -0.008 -9"><span class='ocrx_word' id='word_1_300' title='bbox 468 3908 691 3971; x_wconf 71' lang='lat' dir='ltr'><strong>.favore,</strong></span> <span class='ocrx_word' id='word_1_301' title='bbox 720 3903 1133 3961; x_wconf 82' lang='lat' dir='ltr'><strong>eoinvidiosior</strong></span> <span class='ocrx_word' id='word_1_302' title='bbox 1168 3898 1379 3955; x_wconf 90' lang='lat' dir='ltr'><strong>Orienti</strong></span> <span class='ocrx_word' id='word_1_303' title='bbox 1409 3908 1576 3971; x_wconf 89' lang='lat' dir='ltr'><strong>atque</strong></span> <span class='ocrx_word' id='word_1_304' title='bbox 1605 3899 1739 3970; x_wconf 89' lang='lat' dir='ltr'><strong>ipsis</strong></span> <span class='ocrx_word' id='word_1_305' title='bbox 1769 3899 2061 3968; x_wconf 83' lang='lat' dir='ltr'><strong>imperato-</strong></span> 
     </span>
    </p>
   </div>
   <div class='ocr_carea' id='block_1_42' title="bbox 472 3990 2059 4062">
    <p class='ocr_par' dir='ltr' id='par_1_42' title="bbox 472 3990 2059 4062">
     <span class='ocr_line' id='line_1_42' title="bbox 472 3990 2059 4062; baseline -0.008 -8"><span class='ocrx_word' id='word_1_306' title='bbox 472 3999 637 4054; x_wconf 57' lang='lat' dir='ltr'><strong>.ribus</strong></span> <span class='ocrx_word' id='word_1_307' title='bbox 668 3993 1066 4051; x_wconf 88' lang='lat' dir='ltr'><strong>formidabilior</strong></span> <span class='ocrx_word' id='word_1_308' title='bbox 1100 4011 1113 4047; x_wconf 93' lang='lat'>:</span> <span class='ocrx_word' id='word_1_309' title='bbox 1155 3991 1383 4062; x_wconf 80' lang='lat' dir='ltr'><strong>urgebat</strong></span> <span class='ocrx_word' id='word_1_310' title='bbox 1422 3992 1673 4061; x_wconf 78' lang='lat' dir='ltr'><strong>praesulis</strong></span> <span class='ocrx_word' id='word_1_311' title='bbox 1716 3990 2059 4054; x_wconf 87' lang='lat' dir='ltr'><strong>mandatum,</strong></span> 
     </span>
    </p>
   </div>
   <div class='ocr_carea' id='block_1_43' title="bbox 485 4081 2064 4158">
    <p class='ocr_par' dir='ltr' id='par_1_43' title="bbox 485 4081 2064 4158">
     <span class='ocr_line' id='line_1_43' title="bbox 485 4081 2064 4158; baseline -0.006 -15"><span class='ocrx_word' id='word_1_312' title='bbox 485 4089 574 4143; x_wconf 88' lang='lat' dir='ltr'><strong>cui</strong></span> <span class='ocrx_word' id='word_1_313' title='bbox 620 4101 811 4158; x_wconf 84' lang='lat' dir='ltr'><strong>parere</strong></span> <span class='ocrx_word' id='word_1_314' title='bbox 862 4086 1044 4156; x_wconf 90' lang='lat' dir='ltr'><strong>pium,</strong></span> <span class='ocrx_word' id='word_1_315' title='bbox 1094 4083 1363 4139; x_wconf 88' lang='lat' dir='ltr'><strong>obsistere</strong></span> <span class='ocrx_word' id='word_1_316' title='bbox 1410 4082 1668 4138; x_wconf 90' lang='lat' dir='ltr'><strong>intutum.</strong></span> <span class='ocrx_word' id='word_1_317' title='bbox 1729 4081 2064 4135; x_wconf 89' lang='lat' dir='ltr'><strong>Anathema-</strong></span> 
     </span>
    </p>
   </div>
   <div class='ocr_carea' id='block_1_44' title="bbox 488 4172 2062 4249">
    <p class='ocr_par' dir='ltr' id='par_1_44' title="bbox 488 4172 2062 4249">
     <span class='ocr_line' id='line_1_44' title="bbox 488 4172 2062 4249; baseline -0.006 -14"><span class='ocrx_word' id='word_1_318' title='bbox 488 4182 679 4238; x_wconf 88' lang='lat' dir='ltr'><strong>tismos</strong></span> <span class='ocrx_word' id='word_1_319' title='bbox 708 4193 955 4249; x_wconf 86' lang='lat' dir='ltr'><strong>arguere,</strong></span> <span class='ocrx_word' id='word_1_320' title='bbox 985 4176 1113 4248; x_wconf 90' lang='lat' dir='ltr'><strong>quid</strong></span> <span class='ocrx_word' id='word_1_321' title='bbox 1145 4175 1411 4231; x_wconf 90' lang='lat' dir='ltr'><strong>aliud.....</strong></span> <span class='ocrx_word' id='word_1_322' title='bbox 1443 4174 1743 4240; x_wconf 86' lang='lat' dir='ltr'><strong>videretur,</strong></span> <span class='ocrx_word' id='word_1_323' title='bbox 1781 4188 1942 4243; x_wconf 90' lang='lat' dir='ltr'><strong>quam</strong></span> <span class='ocrx_word' id='word_1_324' title='bbox 1982 4172 2062 4225; x_wconf 93' lang='lat' dir='ltr'><strong>la-</strong></span> 
     </span>
    </p>
   </div>
   <div class='ocr_carea' id='block_1_45' title="bbox 487 4265 2061 4343">
    <p class='ocr_par' dir='ltr' id='par_1_45' title="bbox 487 4265 2061 4343">
     <span class='ocr_line' id='line_1_45' title="bbox 487 4265 2061 4343; baseline -0.006 -16"><span class='ocrx_word' id='word_1_325' title='bbox 487 4289 703 4330; x_wconf 90' lang='lat' dir='ltr'><strong>cessere</strong></span> <span class='ocrx_word' id='word_1_326' title='bbox 728 4286 985 4343; x_wconf 91' lang='lat' dir='ltr'><strong>pugnam,</strong></span> <span class='ocrx_word' id='word_1_327' title='bbox 1014 4286 1134 4339; x_wconf 86' lang='lat' dir='ltr'><strong>qua</strong></span> <span class='ocrx_word' id='word_1_328' title='bbox 1157 4271 1287 4323; x_wconf 84' lang='lat' dir='ltr'><strong>urbe</strong></span> <span class='ocrx_word' id='word_1_329' title='bbox 1309 4281 1422 4323; x_wconf 85' lang='lat' dir='ltr'><strong>toto</strong></span> <span class='ocrx_word' id='word_1_330' title='bbox 1452 4274 1734 4339; x_wconf 87' lang='lat' dir='ltr'><strong>spectante</strong></span> <span class='ocrx_word' id='word_1_331' title='bbox 1758 4265 2061 4336; x_wconf 82' lang='lat' dir='ltr'><strong>peragenda</strong></span> 
     </span>
    </p>
   </div>
   <div class='ocr_carea' id='block_1_46' title="bbox 486 4355 2064 4428">
    <p class='ocr_par' dir='ltr' id='par_1_46' title="bbox 486 4355 2064 4428">
     <span class='ocr_line' id='line_1_46' title="bbox 486 4355 2064 4428; baseline -0.008 -10"><span class='ocrx_word' id='word_1_332' title='bbox 486 4376 746 4421; x_wconf 84' lang='lat' dir='ltr'><strong>esset.....</strong></span> <span class='ocrx_word' id='word_1_333' title='bbox 780 4362 927 4428; x_wconf 74' lang='lat' dir='ltr'><strong>Quid</strong></span> <span class='ocrx_word' id='word_1_334' title='bbox 962 4361 1169 4414; x_wconf 87' lang='lat' dir='ltr'><strong>multa?</strong></span> <span class='ocrx_word' id='word_1_335' title='bbox 1218 4359 1595 4415; x_wconf 87' lang='lat' dir='ltr'><strong>illecebrosum</strong></span> <span class='ocrx_word' id='word_1_336' title='bbox 1629 4364 1767 4422; x_wconf 90' lang='lat' dir='ltr'><strong>erat,</strong></span> <span class='ocrx_word' id='word_1_337' title='bbox 1797 4355 1904 4410; x_wconf 90' lang='lat' dir='ltr'><strong>dici</strong></span> <span class='ocrx_word' id='word_1_338' title='bbox 1942 4356 2064 4410; x_wconf 83' lang='lat' dir='ltr'><strong>ubi-</strong></span> 
     </span>
    </p>
   </div>
   <div class='ocr_carea' id='block_1_47' title="bbox 485 4446 2067 4529">
    <p class='ocr_par' dir='ltr' id='par_1_47' title="bbox 485 4446 2067 4529">
     <span class='ocr_line' id='line_1_47' title="bbox 485 4446 2067 4529; baseline -0.008 -17"><span class='ocrx_word' id='word_1_339' title='bbox 485 4474 594 4529; x_wconf 89' lang='lat' dir='ltr'><strong>que</strong></span> <span class='ocrx_word' id='word_1_340' title='bbox 620 4466 907 4518; x_wconf 88' lang='lat' dir='ltr'><strong>terrarmn,</strong></span> <span class='ocrx_word' id='word_1_341' title='bbox 939 4452 1083 4524; x_wconf 87' lang='lat' dir='ltr'><strong>quod</strong></span> <span class='ocrx_word' id='word_1_342' title='bbox 1136 4453 1342 4507; x_wconf 85' lang='lat' dir='ltr'><strong>solebat</strong></span> <span class='ocrx_word' id='word_1_343' title='bbox 1381 4448 1709 4512; x_wconf 89' lang='lat' dir='ltr'><strong>Antiochia,</strong></span> <span class='ocrx_word' id='word_1_344' title='bbox 1742 4446 2067 4518; x_wconf 81' lang='lat' dir='ltr'><strong>eloquentia</strong></span> 
     </span>
    </p>
   </div>
   <div class='ocr_carea' id='block_1_48' title="bbox 488 4538 2066 4613">
    <p class='ocr_par' dir='ltr' id='par_1_48' title="bbox 488 4538 2066 4613">
     <span class='ocr_line' id='line_1_48' title="bbox 488 4538 2066 4613; baseline -0.008 -9"><span class='ocrx_word' id='word_1_345' title='bbox 488 4549 813 4605; x_wconf 85' lang='lat' dir='ltr'><strong>miraculum</strong></span> <span class='ocrx_word' id='word_1_346' title='bbox 854 4557 908 4600; x_wconf 87' lang='lat' dir='ltr'><strong>et</strong></span> <span class='ocrx_word' id='word_1_347' title='bbox 940 4546 1205 4600; x_wconf 80' lang='lat' dir='ltr'><strong>docti-ina</strong></span> <span class='ocrx_word' id='word_1_348' title='bbox 1247 4542 1575 4613; x_wconf 85' lang='lat' dir='ltr'><strong>prodigium.</strong></span> <span class='ocrx_word' id='word_1_349' title='bbox 1609 4560 1626 4591; x_wconf 75' lang='grc' dir='ltr'><strong>ι</strong></span> <span class='ocrx_word' id='word_1_350' title='bbox 1672 4538 1841 4594; x_wconf 81' lang='lat' dir='ltr'><strong>Multa</strong></span> <span class='ocrx_word' id='word_1_351' title='bbox 1869 4538 1956 4594; x_wconf 89' lang='lat' dir='ltr'><strong>his</strong></span> <span class='ocrx_word' id='word_1_352' title='bbox 1985 4540 2066 4592; x_wconf 80' lang='grc' dir='ltr'><strong>1η-</strong></span> 
     </span>
    </p>
   </div>
   <div class='ocr_carea' id='block_1_49' title="bbox 489 4630 2069 4710">
    <p class='ocr_par' dir='ltr' id='par_1_49' title="bbox 489 4630 2069 4710">
     <span class='ocr_line' id='line_1_49' title="bbox 489 4630 2069 4710; baseline -0.006 -15"><span class='ocrx_word' id='word_1_353' title='bbox 489 4651 637 4705; x_wconf 89' lang='lat' dir='ltr'><strong>sunt,</strong></span> <span class='ocrx_word' id='word_1_354' title='bbox 686 4656 808 4710; x_wconf 78' lang='lat' dir='ltr'><strong>qua</strong></span> <span class='ocrx_word' id='word_1_355' title='bbox 840 4648 981 4691; x_wconf 83' lang='lat' dir='ltr'><strong>recte</strong></span> <span class='ocrx_word' id='word_1_356' title='bbox 1011 4648 1063 4690; x_wconf 81' lang='lat' dir='ltr'><strong>et</strong></span> <span class='ocrx_word' id='word_1_357' title='bbox 1111 4632 1547 4710; x_wconf 31' lang='lat' dir='ltr'><strong>praclare‘dixit</strong></span> <span class='ocrx_word' id='word_1_358' title='bbox 1574 4630 1903 4697; x_wconf 90' lang='lat' dir='ltr'><strong>Garnerius;</strong></span> <span class='ocrx_word' id='word_1_359' title='bbox 1941 4640 2069 4685; x_wconf 88' lang='lat' dir='ltr'><strong>sunt</strong></span> 
     </span>
    </p>
   </div>
   <div class='ocr_carea' id='block_1_50' title="bbox 488 4702 2067 4801">
    <p class='ocr_par' dir='ltr' id='par_1_50' title="bbox 488 4702 2067 4801">
     <span class='ocr_line' id='line_1_50' title="bbox 488 4702 2067 4801; baseline -0.008 -14"><span class='ocrx_word' id='word_1_360' title='bbox 488 4750 616 4789; x_wconf 85' lang='lat' dir='ltr'><strong>vero</strong></span> <span class='ocrx_word' id='word_1_361' title='bbox 649 4735 834 4794; x_wconf 84' lang='lat' dir='ltr'><strong>etiam,</strong></span> <span class='ocrx_word' id='word_1_362' title='bbox 865 4746 984 4801; x_wconf 71' lang='lat' dir='ltr'><strong>qua</strong></span> <span class='ocrx_word' id='word_1_363' title='bbox 1013 4726 1281 4783; x_wconf 79' lang='lat' dir='ltr'><strong>infensam</strong></span> <span class='ocrx_word' id='word_1_364' title='bbox 1311 4702 1438 4794; x_wconf 66' lang='lat' dir='ltr'><strong>erga</strong></span> <span class='ocrx_word' id='word_1_365' title='bbox 1472 4722 1878 4779; x_wconf 80' lang='lat' dir='ltr'><strong>&#39;l‘heodoretum</strong></span> <span class='ocrx_word' id='word_1_366' title='bbox 1910 4738 2067 4778; x_wconf 84' lang='lat' dir='ltr'><strong>men-</strong></span> 
     </span>
    </p>
   </div>
   <div class='ocr_carea' id='block_1_51' title="bbox 488 4832 909 4883">
    <p class='ocr_par' dir='ltr' id='par_1_51' title="bbox 488 4832 909 4883">
     <span class='ocr_line' id='line_1_51' title="bbox 488 4832 909 4883; baseline -0.017 0"><span class='ocrx_word' id='word_1_367' title='bbox 488 4840 594 4883; x_wconf 90' lang='lat' dir='ltr'><strong>tem</strong></span> <span class='ocrx_word' id='word_1_368' title='bbox 623 4832 909 4881; x_wconf 87' lang='lat' dir='ltr'><strong>testantur.</strong></span> 
     </span>
    </p>
   </div>
   <div class='ocr_carea' id='block_1_52' title="bbox 560 4907 2063 4989">
    <p class='ocr_par' dir='ltr' id='par_1_52' title="bbox 560 4907 2063 4989">
     <span class='ocr_line' id='line_1_52' title="bbox 560 4907 2063 4989; baseline -0.007 -17"><span class='ocrx_word' id='word_1_369' title='bbox 560 4917 745 4989; x_wconf 79' lang='lat' dir='ltr'><strong>Signis</strong></span> <span class='ocrx_word' id='word_1_370' title='bbox 774 4913 1030 4983; x_wconf 89' lang='lat' dir='ltr'><strong>utrinque</strong></span> <span class='ocrx_word' id='word_1_371' title='bbox 1064 4910 1206 4966; x_wconf 89' lang='lat' dir='ltr'><strong>datis</strong></span> <span class='ocrx_word' id='word_1_372' title='bbox 1260 4907 1415 4976; x_wconf 82' lang='lat' dir='ltr'><strong>quasi</strong></span> <span class='ocrx_word' id='word_1_373' title='bbox 1455 4908 1855 4963; x_wconf 87' lang='lat' dir='ltr'><strong>concurrebant</strong></span> <span class='ocrx_word' id='word_1_374' title='bbox 1895 4907 2063 4963; x_wconf 84' lang='lat' dir='ltr'><strong>acies.</strong></span> 
     </span>
    </p>
   </div>
   <div class='ocr_carea' id='block_1_53' title="bbox 485 5000 2069 5075">
    <p class='ocr_par' dir='ltr' id='par_1_53' title="bbox 485 5000 2069 5075">
     <span class='ocr_line' id='line_1_53' title="bbox 485 5000 2069 5075; baseline -0.006 -11"><span class='ocrx_word' id='word_1_375' title='bbox 485 5008 567 5065; x_wconf 83' lang='lat' dir='ltr'><strong>Ne</strong></span> <span class='ocrx_word' id='word_1_376' title='bbox 596 5023 721 5062; x_wconf 83' lang='lat' dir='ltr'><strong>vero</strong></span> <span class='ocrx_word' id='word_1_377' title='bbox 747 5006 932 5075; x_wconf 86' lang='lat' dir='ltr'><strong>dispar</strong></span> <span class='ocrx_word' id='word_1_378' title='bbox 950 5014 1092 5058; x_wconf 85' lang='lat' dir='ltr'><strong>esset</strong></span> <span class='ocrx_word' id='word_1_379' title='bbox 1118 5017 1312 5072; x_wconf 82' lang='lat' dir='ltr'><strong>pugna:</strong></span> <span class='ocrx_word' id='word_1_380' title='bbox 1339 5001 1498 5065; x_wconf 90' lang='lat' dir='ltr'><strong>ratio,</strong></span> <span class='ocrx_word' id='word_1_381' title='bbox 1530 5000 1779 5071; x_wconf 87' lang='lat' dir='ltr'><strong>quisquis</strong></span> <span class='ocrx_word' id='word_1_382' title='bbox 1806 5000 2069 5055; x_wconf 86' lang='lat' dir='ltr'><strong>dimican—</strong></span> 
     </span>
    </p>
   </div>
   <div class='ocr_carea' id='block_1_54' title="bbox 491 5093 2066 5172">
    <p class='ocr_par' dir='ltr' id='par_1_54' title="bbox 491 5093 2066 5172">
     <span class='ocr_line' id='line_1_54' title="bbox 491 5093 2066 5172; baseline -0.006 -15"><span class='ocrx_word' id='word_1_383' title='bbox 491 5104 623 5157; x_wconf 91' lang='lat' dir='ltr'><strong>tium</strong></span> <span class='ocrx_word' id='word_1_384' title='bbox 654 5115 873 5172; x_wconf 85' lang='lat' dir='ltr'><strong>operam</strong></span> <span class='ocrx_word' id='word_1_385' title='bbox 930 5097 1094 5152; x_wconf 89' lang='lat' dir='ltr'><strong>dabat</strong></span> <span class='ocrx_word' id='word_1_386' title='bbox 1144 5103 1203 5148; x_wconf 91' lang='lat' dir='ltr'><strong>ut</strong></span> <span class='ocrx_word' id='word_1_387' title='bbox 1248 5108 1411 5162; x_wconf 82' lang='lat' dir='ltr'><strong>quam</strong></span> <span class='ocrx_word' id='word_1_388' title='bbox 1456 5093 1720 5162; x_wconf 88' lang='lat' dir='ltr'><strong>plurimos</strong></span> <span class='ocrx_word' id='word_1_389' title='bbox 1766 5093 1831 5147; x_wconf 86' lang='lat' dir='ltr'><strong>ad</strong></span> <span class='ocrx_word' id='word_1_390' title='bbox 1886 5103 2066 5160; x_wconf 88' lang='lat' dir='ltr'><strong>partes</strong></span> 
     </span>
    </p>
   </div>
   <div class='ocr_carea' id='block_1_55' title="bbox 488 5183 2069 5255">
    <p class='ocr_par' dir='ltr' id='par_1_55' title="bbox 488 5183 2069 5255">
     <span class='ocr_line' id='line_1_55' title="bbox 488 5183 2069 5255; baseline -0.01 -3"><span class='ocrx_word' id='word_1_391' title='bbox 488 5211 620 5251; x_wconf 78' lang='lat' dir='ltr'><strong>suas</strong></span> <span class='ocrx_word' id='word_1_392' title='bbox 645 5192 906 5247; x_wconf 78' lang='lat' dir='ltr'><strong>alliceret.</strong></span> <span class='ocrx_word' id='word_1_393' title='bbox 942 5186 1053 5241; x_wconf 86' lang='lat' dir='ltr'><strong>llac</strong></span> <span class='ocrx_word' id='word_1_394' title='bbox 1080 5194 1260 5240; x_wconf 87' lang='lat' dir='ltr'><strong>mente</strong></span> <span class='ocrx_word' id='word_1_395' title='bbox 1288 5184 1523 5255; x_wconf 86' lang='lat' dir='ltr'><strong>Cyrillus</strong></span> <span class='ocrx_word' id='word_1_396' title='bbox 1548 5184 1831 5254; x_wconf 80' lang='lat' dir='ltr'><strong>epistolam</strong></span> <span class='ocrx_word' id='word_1_397' title='bbox 1857 5183 1924 5239; x_wconf 88' lang='lat' dir='ltr'><strong>ad</strong></span> <span class='ocrx_word' id='word_1_398' title='bbox 1956 5201 2069 5239; x_wconf 86' lang='lat' dir='ltr'><strong>mo-</strong></span> 
     </span>
    </p>
   </div>
   <div class='ocr_carea' id='block_1_56' title="bbox 490 5276 2069 5351">
    <p class='ocr_par' dir='ltr' id='par_1_56' title="bbox 490 5276 2069 5351">
     <span class='ocr_line' id='line_1_56' title="bbox 490 5276 2069 5351; baseline -0.008 -10"><span class='ocrx_word' id='word_1_399' title='bbox 490 5286 696 5341; x_wconf 80' lang='lat' dir='ltr'><strong>nachos</strong></span> <span class='ocrx_word' id='word_1_400' title='bbox 734 5279 953 5351; x_wconf 66' lang='lat' dir='ltr'><strong>Egypti</strong></span> <span class='ocrx_word' id='word_1_401' title='bbox 1001 5278 1242 5347; x_wconf 89' lang='lat' dir='ltr'><strong>scripsit,</strong></span> <span class='ocrx_word' id='word_1_402' title='bbox 1290 5291 1491 5346; x_wconf 85' lang='lat' dir='ltr'><strong>eosque</strong></span> <span class='ocrx_word' id='word_1_403' title='bbox 1545 5276 1792 5331; x_wconf 88' lang='lat' dir='ltr'><strong>hortatus</strong></span> <span class='ocrx_word' id='word_1_404' title='bbox 1846 5285 1950 5341; x_wconf 89' lang='lat' dir='ltr'><strong>est,</strong></span> <span class='ocrx_word' id='word_1_405' title='bbox 2003 5293 2069 5330; x_wconf 79' lang='lat' dir='ltr'><strong>ne.</strong></span> 
     </span>
    </p>
   </div>
   <div class='ocr_carea' id='block_1_57' title="bbox 488 5367 2067 5437">
    <p class='ocr_par' dir='ltr' id='par_1_57' title="bbox 488 5367 2067 5437">
     <span class='ocr_line' id='line_1_57' title="bbox 488 5367 2067 5437; baseline -0.007 -6"><span class='ocrx_word' id='word_1_406' title='bbox 488 5375 720 5432; x_wconf 80' lang='lat' dir='ltr'><strong>Nestorii</strong></span> <span class='ocrx_word' id='word_1_407' title='bbox 756 5371 986 5426; x_wconf 82' lang='lat' dir='ltr'><strong>fallaciis</strong></span> <span class='ocrx_word' id='word_1_408' title='bbox 1020 5368 1247 5423; x_wconf 85' lang='lat' dir='ltr'><strong>insidias</strong></span> <span class='ocrx_word' id='word_1_409' title='bbox 1277 5368 1379 5422; x_wconf 87' lang='lat' dir='ltr'><strong>sibi</strong></span> <span class='ocrx_word' id='word_1_410' title='bbox 1412 5368 1547 5421; x_wconf 89' lang='lat' dir='ltr'><strong>strui</strong></span> <span class='ocrx_word' id='word_1_411' title='bbox 1580 5376 1913 5437; x_wconf 81' lang='lat' dir='ltr'><strong>paterentur.</strong></span> <span class='ocrx_word' id='word_1_412' title='bbox 1950 5367 2067 5422; x_wconf 86' lang='lat' dir='ltr'><strong>Lit-</strong></span> 
     </span>
    </p>
   </div>
   <div class='ocr_carea' id='block_1_58' title="bbox 492 5458 2069 5530">
    <p class='ocr_par' dir='ltr' id='par_1_58' title="bbox 492 5458 2069 5530">
     <span class='ocr_line' id='line_1_58' title="bbox 492 5458 2069 5530; baseline -0.009 -5"><span class='ocrx_word' id='word_1_413' title='bbox 492 5467 623 5524; x_wconf 83' lang='lat' dir='ltr'><strong>teris</strong></span> <span class='ocrx_word' id='word_1_414' title='bbox 653 5464 822 5530; x_wconf 80' lang='lat' dir='ltr'><strong>hisce,</strong></span> <span class='ocrx_word' id='word_1_415' title='bbox 874 5478 939 5515; x_wconf 90' lang='lat' dir='ltr'><strong>ne</strong></span> <span class='ocrx_word' id='word_1_416' title='bbox 983 5474 1241 5516; x_wconf 87' lang='lat' dir='ltr'><strong>successu</strong></span> <span class='ocrx_word' id='word_1_417' title='bbox 1274 5468 1539 5524; x_wconf 73' lang='lat' dir='ltr'><strong>carerent,</strong></span> <span class='ocrx_word' id='word_1_418' title='bbox 1585 5458 1831 5528; x_wconf 81' lang='lat' dir='ltr'><strong>adjnnxit</strong></span> <span class='ocrx_word' id='word_1_419' title='bbox 1866 5461 2069 5513; x_wconf 85' lang='lat' dir='ltr'><strong>duode-</strong></span> 
     </span>
    </p>
   </div>
   <div class='ocr_carea' id='block_1_59' title="bbox 489 5552 2067 5630">
    <p class='ocr_par' dir='ltr' id='par_1_59' title="bbox 489 5552 2067 5630">
     <span class='ocr_line' id='line_1_59' title="bbox 489 5552 2067 5630; baseline -0.008 -12"><span class='ocrx_word' id='word_1_420' title='bbox 489 5561 598 5619; x_wconf 85' lang='lat' dir='ltr'><strong>cim</strong></span> <span class='ocrx_word' id='word_1_421' title='bbox 646 5556 905 5630; x_wconf 80' lang='lat' dir='ltr'><strong>capitula,</strong></span> <span class='ocrx_word' id='word_1_422' title='bbox 954 5554 1175 5622; x_wconf 86' lang='lat' dir='ltr'><strong>suisque</strong></span> <span class='ocrx_word' id='word_1_423' title='bbox 1213 5552 1391 5609; x_wconf 78' lang='lat' dir='ltr'><strong>eﬂ‘ecit</strong></span> <span class='ocrx_word' id='word_1_424' title='bbox 1440 5553 1673 5617; x_wconf 88' lang='lat' dir='ltr'><strong>artibus,</strong></span> <span class='ocrx_word' id='word_1_425' title='bbox 1728 5554 1793 5607; x_wconf 78' lang='lat' dir='ltr'><strong>ut</strong></span> <span class='ocrx_word' id='word_1_426' title='bbox 1841 5553 1894 5606; x_wconf 91' lang='lat' dir='ltr'><strong>in</strong></span> <span class='ocrx_word' id='word_1_427' title='bbox 1952 5553 2067 5622; x_wconf 76' lang='lat' dir='ltr'><strong>ipsa</strong></span> 
     </span>
    </p>
   </div>
   <div class='ocr_carea' id='block_1_60' title="bbox 493 5644 2062 5720">
    <p class='ocr_par' dir='ltr' id='par_1_60' title="bbox 493 5644 2062 5720">
     <span class='ocr_line' id='line_1_60' title="bbox 493 5644 2062 5720; baseline -0.006 -10"><span class='ocrx_word' id='word_1_428' title='bbox 493 5657 627 5710; x_wconf 75' lang='lat' dir='ltr'><strong>adeo</strong></span> <span class='ocrx_word' id='word_1_429' title='bbox 658 5649 790 5707; x_wconf 86' lang='lat' dir='ltr'><strong>urbe</strong></span> <span class='ocrx_word' id='word_1_430' title='bbox 827 5649 971 5720; x_wconf 88' lang='lat' dir='ltr'><strong>regia</strong></span> <span class='ocrx_word' id='word_1_431' title='bbox 1010 5644 1196 5702; x_wconf 90' lang='lat' dir='ltr'><strong>multis</strong></span> <span class='ocrx_word' id='word_1_432' title='bbox 1225 5654 1427 5701; x_wconf 90' lang='lat' dir='ltr'><strong>metum</strong></span> <span class='ocrx_word' id='word_1_433' title='bbox 1463 5646 1750 5702; x_wconf 88' lang='lat' dir='ltr'><strong>incuteret.</strong></span> <span class='ocrx_word' id='word_1_434' title='bbox 1784 5645 1860 5699; x_wconf 76' lang='lat' dir='ltr'><strong>Ex</strong></span> <span class='ocrx_word' id='word_1_435' title='bbox 1893 5645 2062 5700; x_wconf 85' lang='lat' dir='ltr'><strong>altera</strong></span> 
     </span>
    </p>
   </div>
   <div class='ocr_carea' id='block_1_61' title="bbox 2170 407 3752 482">
    <p class='ocr_par' dir='ltr' id='par_1_61' title="bbox 2170 407 3752 482">
     <span class='ocr_line' id='line_1_61' title="bbox 2170 407 3752 482; baseline 0.006 -23"><span class='ocrx_word' id='word_1_436' title='bbox 2170 407 2315 462; x_wconf 85' lang='lat' dir='ltr'><strong>dedit</strong></span> <span class='ocrx_word' id='word_1_437' title='bbox 2354 410 2419 462; x_wconf 83' lang='lat' dir='ltr'><strong>ad</strong></span> <span class='ocrx_word' id='word_1_438' title='bbox 2465 412 2764 465; x_wconf 86' lang='lat' dir='ltr'><strong>monachos</strong></span> <span class='ocrx_word' id='word_1_439' title='bbox 2810 410 3205 481; x_wconf 85' lang='lat' dir='ltr'><strong>Euphratesia,</strong></span> <span class='ocrx_word' id='word_1_440' title='bbox 3241 411 3432 482; x_wconf 82' lang='lat' dir='ltr'><strong>Syria,</strong></span> <span class='ocrx_word' id='word_1_441' title='bbox 3465 410 3752 469; x_wconf 86' lang='lat' dir='ltr'><strong>Phoenices</strong></span> 
     </span>
    </p>
   </div>
   <div class='ocr_carea' id='block_1_62' title="bbox 2168 501 3751 574">
    <p class='ocr_par' dir='ltr' id='par_1_62' title="bbox 2168 501 3751 574">
     <span class='ocr_line' id='line_1_62' title="bbox 2168 501 3751 574; baseline 0.004 -19"><span class='ocrx_word' id='word_1_442' title='bbox 2168 510 2224 556; x_wconf 88' lang='lat' dir='ltr'><strong>et</strong></span> <span class='ocrx_word' id='word_1_443' title='bbox 2252 501 2474 567; x_wconf 82' lang='lat' dir='ltr'><strong>Cilicia,</strong></span> <span class='ocrx_word' id='word_1_444' title='bbox 2508 518 2644 571; x_wconf 89' lang='lat' dir='ltr'><strong>quas</strong></span> <span class='ocrx_word' id='word_1_445' title='bbox 2678 504 2917 574; x_wconf 85' lang='lat' dir='ltr'><strong>integras</strong></span> <span class='ocrx_word' id='word_1_446' title='bbox 2945 503 3131 559; x_wconf 86' lang='lat' dir='ltr'><strong>Graece</strong></span> <span class='ocrx_word' id='word_1_447' title='bbox 3162 514 3209 558; x_wconf 93' lang='lat' dir='ltr'><strong>et</strong></span> <span class='ocrx_word' id='word_1_448' title='bbox 3250 502 3447 559; x_wconf 85' lang='lat' dir='ltr'><strong>Latine</strong></span> <span class='ocrx_word' id='word_1_449' title='bbox 3478 519 3582 560; x_wconf 91' lang='lat' dir='ltr'><strong>suo</strong></span> <span class='ocrx_word' id='word_1_450' title='bbox 3613 514 3751 561; x_wconf 89' lang='lat' dir='ltr'><strong>tem—</strong></span> 
     </span>
    </p>
   </div>
   <div class='ocr_carea' id='block_1_63' title="bbox 2169 594 3751 668">
    <p class='ocr_par' dir='ltr' id='par_1_63' title="bbox 2169 594 3751 668">
     <span class='ocr_line' id='line_1_63' title="bbox 2169 594 3751 668; baseline 0.004 -21"><span class='ocrx_word' id='word_1_451' title='bbox 2169 610 2321 664; x_wconf 89' lang='lat' dir='ltr'><strong>pore,</strong></span> <span class='ocrx_word' id='word_1_452' title='bbox 2357 594 2405 649; x_wconf 90' lang='lat' dir='ltr'><strong>si</strong></span> <span class='ocrx_word' id='word_1_453' title='bbox 2444 594 2587 649; x_wconf 90' lang='lat' dir='ltr'><strong>Deus</strong></span> <span class='ocrx_word' id='word_1_454' title='bbox 2621 596 2783 649; x_wconf 89' lang='lat' dir='ltr'><strong>vitam</strong></span> <span class='ocrx_word' id='word_1_455' title='bbox 2818 595 2932 668; x_wconf 87' lang='grc'><strong>[17]</strong></span> <span class='ocrx_word' id='word_1_456' title='bbox 2975 597 3230 666; x_wconf 86' lang='lat' dir='ltr'><strong>viresque</strong></span> <span class='ocrx_word' id='word_1_457' title='bbox 3262 599 3617 664; x_wconf 88' lang='lat' dir='ltr'><strong>concesserit,</strong></span> <span class='ocrx_word' id='word_1_458' title='bbox 3653 613 3751 653; x_wconf 78' lang='lat' dir='ltr'><strong>ex-</strong></span> 
     </span>
    </p>
   </div>
   <div class='ocr_carea' id='block_1_64' title="bbox 2172 687 3752 760">
    <p class='ocr_par' dir='ltr' id='par_1_64' title="bbox 2172 687 3752 760">
     <span class='ocr_line' id='line_1_64' title="bbox 2172 687 3752 760; baseline 0.003 -20"><span class='ocrx_word' id='word_1_459' title='bbox 2172 687 2499 742; x_wconf 87' lang='lat' dir='ltr'><strong>hibebimus.</strong></span> <span class='ocrx_word' id='word_1_460' title='bbox 2548 687 2692 742; x_wconf 86' lang='lat' dir='ltr'><strong>inter</strong></span> <span class='ocrx_word' id='word_1_461' title='bbox 2717 687 2982 741; x_wconf 80' lang='grc' dir='ltr'><strong>ἀνέκδοτα</strong></span> <span class='ocrx_word' id='word_1_462' title='bbox 3015 689 3120 743; x_wconf 90' lang='lat' dir='ltr'><strong>huc</strong></span> <span class='ocrx_word' id='word_1_463' title='bbox 3156 704 3329 760; x_wconf 86' lang='lat' dir='ltr'><strong>usque</strong></span> <span class='ocrx_word' id='word_1_464' title='bbox 3356 689 3540 745; x_wconf 88' lang='lat' dir='ltr'><strong>locum</strong></span> <span class='ocrx_word' id='word_1_465' title='bbox 3577 692 3752 745; x_wconf 87' lang='lat' dir='ltr'><strong>tenuit</strong></span> 
     </span>
    </p>
   </div>
   <div class='ocr_carea' id='block_1_65' title="bbox 2169 779 3749 854">
    <p class='ocr_par' dir='ltr' id='par_1_65' title="bbox 2169 779 3749 854">
     <span class='ocr_line' id='line_1_65' title="bbox 2169 779 3749 854; baseline 0.004 -21"><span class='ocrx_word' id='word_1_466' title='bbox 2169 779 2411 850; x_wconf 83' lang='lat' dir='ltr'><strong>Epistola</strong></span> <span class='ocrx_word' id='word_1_467' title='bbox 2462 780 2585 843; x_wconf 90' lang='lat' dir='ltr'><strong>illa,</strong></span> <span class='ocrx_word' id='word_1_468' title='bbox 2647 780 2807 849; x_wconf 90' lang='lat' dir='ltr'><strong>cujus</strong></span> <span class='ocrx_word' id='word_1_469' title='bbox 2854 781 3107 851; x_wconf 79' lang='lat' dir='ltr'><strong>exiguam</strong></span> <span class='ocrx_word' id='word_1_470' title='bbox 3158 791 3369 837; x_wconf 88' lang='lat' dir='ltr'><strong>tantum</strong></span> <span class='ocrx_word' id='word_1_471' title='bbox 3427 792 3636 854; x_wconf 88' lang='lat' dir='ltr'><strong>partem</strong></span> <span class='ocrx_word' id='word_1_472' title='bbox 3685 800 3749 839; x_wconf 77' lang='lat' dir='ltr'><strong>ex</strong></span> 
     </span>
    </p>
   </div>
   <div class='ocr_carea' id='block_1_66' title="bbox 2169 869 3752 943">
    <p class='ocr_par' dir='ltr' id='par_1_66' title="bbox 2169 869 3752 943">
     <span class='ocr_line' id='line_1_66' title="bbox 2169 869 3752 943; baseline 0.003 -17"><span class='ocrx_word' id='word_1_473' title='bbox 2169 873 2320 927; x_wconf 91' lang='lat' dir='ltr'><strong>Actis</strong></span> <span class='ocrx_word' id='word_1_474' title='bbox 2365 872 2555 943; x_wconf 87' lang='lat' dir='ltr'><strong>synodi</strong></span> <span class='ocrx_word' id='word_1_475' title='bbox 2610 888 2643 926; x_wconf 90' lang='lat' dir='ltr'><strong>v</strong></span> <span class='ocrx_word' id='word_1_476' title='bbox 2694 871 2840 927; x_wconf 91' lang='lat' dir='ltr'><strong>dedit</strong></span> <span class='ocrx_word' id='word_1_477' title='bbox 2870 869 3189 939; x_wconf 89' lang='lat' dir='ltr'><strong>Garnerius,</strong></span> <span class='ocrx_word' id='word_1_478' title='bbox 3232 873 3392 929; x_wconf 83' lang='lat' dir='ltr'><strong>Auct.</strong></span> <span class='ocrx_word' id='word_1_479' title='bbox 3443 890 3498 943; x_wconf 89' lang='lat' dir='ltr'><strong>p.</strong></span> <span class='ocrx_word' id='word_1_480' title='bbox 3528 874 3617 940; x_wconf 76' lang='lat'><strong>62,</strong></span> <span class='ocrx_word' id='word_1_481' title='bbox 3656 876 3752 930; x_wconf 88' lang='lat' dir='ltr'><strong>sed</strong></span> 
     </span>
    </p>
   </div>
   <div class='ocr_carea' id='block_1_67' title="bbox 2167 963 3751 1038">
    <p class='ocr_par' dir='ltr' id='par_1_67' title="bbox 2167 963 3751 1038">
     <span class='ocr_line' id='line_1_67' title="bbox 2167 963 3751 1038; baseline 0.002 -18"><span class='ocrx_word' id='word_1_482' title='bbox 2167 975 2376 1020; x_wconf 89' lang='lat' dir='ltr'><strong>tantum</strong></span> <span class='ocrx_word' id='word_1_483' title='bbox 2427 963 2639 1031; x_wconf 81' lang='lat' dir='ltr'><strong>Latine,</strong></span> <span class='ocrx_word' id='word_1_484' title='bbox 2696 964 2823 1035; x_wconf 89' lang='lat' dir='ltr'><strong>quia</strong></span> <span class='ocrx_word' id='word_1_485' title='bbox 2873 965 3189 1036; x_wconf 83' lang='lat' dir='ltr'><strong>apographo</strong></span> <span class='ocrx_word' id='word_1_486' title='bbox 3242 966 3486 1036; x_wconf 83' lang='lat' dir='ltr'><strong>epistola</strong></span> <span class='ocrx_word' id='word_1_487' title='bbox 3532 982 3655 1038; x_wconf 83' lang='lat' dir='ltr'><strong>qua</strong></span> <span class='ocrx_word' id='word_1_488' title='bbox 3697 969 3751 1023; x_wconf 89' lang='lat' dir='ltr'><strong>in</strong></span> 
     </span>
    </p>
   </div>
   <div class='ocr_carea' id='block_1_68' title="bbox 2168 1053 3751 1125">
    <p class='ocr_par' dir='ltr' id='par_1_68' title="bbox 2168 1053 3751 1125">
     <span class='ocr_line' id='line_1_68' title="bbox 2168 1053 3751 1125; baseline 0.001 -15"><span class='ocrx_word' id='word_1_489' title='bbox 2168 1053 2289 1111; x_wconf 90' lang='lat' dir='ltr'><strong>eod.</strong></span> <span class='ocrx_word' id='word_1_490' title='bbox 2321 1055 2556 1125; x_wconf 88' lang='lat' dir='ltr'><strong>quodam</strong></span> <span class='ocrx_word' id='word_1_491' title='bbox 2600 1055 2858 1123; x_wconf 85' lang='lat' dir='ltr'><strong>Augusta</strong></span> <span class='ocrx_word' id='word_1_492' title='bbox 2893 1055 3238 1110; x_wconf 88' lang='lat' dir='ltr'><strong>bibliotheca</strong></span> <span class='ocrx_word' id='word_1_493' title='bbox 3278 1053 3513 1112; x_wconf 81' lang='lat' dir='ltr'><strong>Vindob.</strong></span> <span class='ocrx_word' id='word_1_494' title='bbox 3545 1067 3751 1124; x_wconf 81' lang='lat' dir='ltr'><strong>exstat,</strong></span> 
     </span>
    </p>
   </div>
   <div class='ocr_carea' id='block_1_69' title="bbox 2168 1146 3176 1218">
    <p class='ocr_par' dir='ltr' id='par_1_69' title="bbox 2168 1146 3176 1218">
     <span class='ocr_line' id='line_1_69' title="bbox 2168 1146 3176 1218; baseline 0 -15"><span class='ocrx_word' id='word_1_495' title='bbox 2168 1148 2368 1212; x_wconf 84' lang='lat' dir='ltr'><strong>caruit,</strong></span> <span class='ocrx_word' id='word_1_496' title='bbox 2397 1163 2506 1215; x_wconf 79' lang='lat' dir='ltr'><strong>quo</strong></span> <span class='ocrx_word' id='word_1_497' title='bbox 2535 1147 2697 1202; x_wconf 88' lang='lat' dir='ltr'><strong>nobis</strong></span> <span class='ocrx_word' id='word_1_498' title='bbox 2719 1148 2832 1218; x_wconf 89' lang='lat' dir='ltr'><strong>jam</strong></span> <span class='ocrx_word' id='word_1_499' title='bbox 2870 1146 2976 1201; x_wconf 91' lang='lat' dir='ltr'><strong>frui</strong></span> <span class='ocrx_word' id='word_1_500' title='bbox 3008 1148 3176 1203; x_wconf 90' lang='lat' dir='ltr'><strong>licuit.</strong></span> 
     </span>
    </p>
   </div>
   <div class='ocr_carea' id='block_1_70' title="bbox 2237 1239 3752 1312">
    <p class='ocr_par' dir='ltr' id='par_1_70' title="bbox 2237 1239 3752 1312">
     <span class='ocr_line' id='line_1_70' title="bbox 2237 1239 3752 1312; baseline 0.003 -18"><span class='ocrx_word' id='word_1_501' title='bbox 2237 1239 2422 1296; x_wconf 87' lang='lat' dir='ltr'><strong>Rebus</strong></span> <span class='ocrx_word' id='word_1_502' title='bbox 2449 1240 2522 1293; x_wconf 88' lang='lat' dir='ltr'><strong>ita</strong></span> <span class='ocrx_word' id='word_1_503' title='bbox 2549 1239 2829 1310; x_wconf 88' lang='lat' dir='ltr'><strong>dispositis</strong></span> <span class='ocrx_word' id='word_1_504' title='bbox 2853 1239 3113 1295; x_wconf 87' lang='lat' dir='ltr'><strong>indictum</strong></span> <span class='ocrx_word' id='word_1_505' title='bbox 3141 1252 3224 1296; x_wconf 88' lang='lat' dir='ltr'><strong>est</strong></span> <span class='ocrx_word' id='word_1_506' title='bbox 3248 1242 3546 1312; x_wconf 88' lang='lat' dir='ltr'><strong>imperante</strong></span> <span class='ocrx_word' id='word_1_507' title='bbox 3570 1242 3752 1299; x_wconf 83' lang='lat' dir='ltr'><strong>Theo-</strong></span> 
     </span>
    </p>
   </div>
   <div class='ocr_carea' id='block_1_71' title="bbox 2169 1330 3751 1403">
    <p class='ocr_par' dir='ltr' id='par_1_71' title="bbox 2169 1330 3751 1403">
     <span class='ocr_line' id='line_1_71' title="bbox 2169 1330 3751 1403; baseline 0 -15"><span class='ocrx_word' id='word_1_508' title='bbox 2169 1332 2327 1388; x_wconf 91' lang='lat' dir='ltr'><strong>dosio</strong></span> <span class='ocrx_word' id='word_1_509' title='bbox 2380 1332 2672 1388; x_wconf 91' lang='lat' dir='ltr'><strong>concilium</strong></span> <span class='ocrx_word' id='word_1_510' title='bbox 2717 1330 2916 1403; x_wconf 88' lang='lat' dir='ltr'><strong>Ephesi</strong></span> <span class='ocrx_word' id='word_1_511' title='bbox 2964 1333 3425 1402; x_wconf 83' lang='lat' dir='ltr'><strong>eongregandum.</strong></span> <span class='ocrx_word' id='word_1_512' title='bbox 3462 1332 3751 1388; x_wconf 82' lang='lat' dir='ltr'><strong>Convene-</strong></span> 
     </span>
    </p>
   </div>
   <div class='ocr_carea' id='block_1_72' title="bbox 2164 1423 3751 1498">
    <p class='ocr_par' dir='ltr' id='par_1_72' title="bbox 2164 1423 3751 1498">
     <span class='ocr_line' id='line_1_72' title="bbox 2164 1423 3751 1498; baseline 0.001 -18"><span class='ocrx_word' id='word_1_513' title='bbox 2164 1435 2298 1480; x_wconf 88' lang='lat' dir='ltr'><strong>runt</strong></span> <span class='ocrx_word' id='word_1_514' title='bbox 2324 1440 2523 1496; x_wconf 83' lang='lat' dir='ltr'><strong>magno</strong></span> <span class='ocrx_word' id='word_1_515' title='bbox 2553 1439 2782 1479; x_wconf 90' lang='lat' dir='ltr'><strong>numero</strong></span> <span class='ocrx_word' id='word_1_516' title='bbox 2807 1423 3015 1488; x_wconf 78' lang='lat' dir='ltr'><strong>Patres,</strong></span> <span class='ocrx_word' id='word_1_517' title='bbox 3047 1426 3254 1495; x_wconf 87' lang='lat' dir='ltr'><strong>primas</strong></span> <span class='ocrx_word' id='word_1_518' title='bbox 3285 1426 3457 1481; x_wconf 91' lang='lat' dir='ltr'><strong>tenuit</strong></span> <span class='ocrx_word' id='word_1_519' title='bbox 3487 1423 3751 1498; x_wconf 82' lang='lat' dir='ltr'><strong>Cyrillus,</strong></span> 
     </span>
    </p>
   </div>
   <div class='ocr_carea' id='block_1_73' title="bbox 2166 1516 3754 1588">
    <p class='ocr_par' dir='ltr' id='par_1_73' title="bbox 2166 1516 3754 1588">
     <span class='ocr_line' id='line_1_73' title="bbox 2166 1516 3754 1588; baseline 0 -16"><span class='ocrx_word' id='word_1_520' title='bbox 2166 1518 2259 1588; x_wconf 90' lang='lat' dir='ltr'><strong>qni</strong></span> <span class='ocrx_word' id='word_1_521' title='bbox 2290 1519 2535 1581; x_wconf 87' lang='lat' dir='ltr'><strong>absente,</strong></span> <span class='ocrx_word' id='word_1_522' title='bbox 2582 1532 2698 1580; x_wconf 89' lang='lat' dir='ltr'><strong>seu,</strong></span> <span class='ocrx_word' id='word_1_523' title='bbox 2723 1524 2784 1570; x_wconf 90' lang='lat' dir='ltr'><strong>ut</strong></span> <span class='ocrx_word' id='word_1_524' title='bbox 2830 1516 3110 1572; x_wconf 90' lang='lat' dir='ltr'><strong>nonnullis</strong></span> <span class='ocrx_word' id='word_1_525' title='bbox 3142 1519 3320 1572; x_wconf 90' lang='lat' dir='ltr'><strong>visum</strong></span> <span class='ocrx_word' id='word_1_526' title='bbox 3356 1526 3460 1581; x_wconf 89' lang='lat' dir='ltr'><strong>est,</strong></span> <span class='ocrx_word' id='word_1_527' title='bbox 3497 1519 3754 1574; x_wconf 87' lang='lat' dir='ltr'><strong>consulto</strong></span> 
     </span>
    </p>
   </div>
   <div class='ocr_carea' id='block_1_74' title="bbox 2167 1608 3752 1683">
    <p class='ocr_par' dir='ltr' id='par_1_74' title="bbox 2167 1608 3752 1683">
     <span class='ocr_line' id='line_1_74' title="bbox 2167 1608 3752 1683; baseline 0.002 -19"><span class='ocrx_word' id='word_1_528' title='bbox 2167 1625 2350 1665; x_wconf 89' lang='lat' dir='ltr'><strong>moras</strong></span> <span class='ocrx_word' id='word_1_529' title='bbox 2378 1612 2625 1665; x_wconf 86' lang='lat' dir='ltr'><strong>trahente</strong></span> <span class='ocrx_word' id='word_1_530' title='bbox 2647 1608 2858 1665; x_wconf 85' lang='lat' dir='ltr'><strong>Joanne</strong></span> <span class='ocrx_word' id='word_1_531' title='bbox 2885 1611 3189 1666; x_wconf 72' lang='lat' dir='ltr'><strong>Antiochia:</strong></span> <span class='ocrx_word' id='word_1_532' title='bbox 3211 1613 3491 1683; x_wconf 87' lang='lat' dir='ltr'><strong>episcopo.</strong></span> <span class='ocrx_word' id='word_1_533' title='bbox 3526 1613 3752 1668; x_wconf 87' lang='lat' dir='ltr'><strong>feralem</strong></span> 
     </span>
    </p>
   </div>
   <div class='ocr_carea' id='block_1_75' title="bbox 2167 1698 3753 1772">
    <p class='ocr_par' dir='ltr' id='par_1_75' title="bbox 2167 1698 3753 1772">
     <span class='ocr_line' id='line_1_75' title="bbox 2167 1698 3753 1772; baseline 0 -16"><span class='ocrx_word' id='word_1_534' title='bbox 2167 1710 2357 1757; x_wconf 91' lang='lat' dir='ltr'><strong>contra</strong></span> <span class='ocrx_word' id='word_1_535' title='bbox 2387 1698 2699 1756; x_wconf 86' lang='lat' dir='ltr'><strong>Nestorium</strong></span> <span class='ocrx_word' id='word_1_536' title='bbox 2730 1698 2868 1754; x_wconf 79' lang='lat' dir='ltr'><strong>dixit</strong></span> <span class='ocrx_word' id='word_1_537' title='bbox 2899 1700 3244 1755; x_wconf 88' lang='lat' dir='ltr'><strong>sententiam.</strong></span> <span class='ocrx_word' id='word_1_538' title='bbox 3285 1700 3391 1756; x_wconf 91' lang='lat' dir='ltr'><strong>Sed</strong></span> <span class='ocrx_word' id='word_1_539' title='bbox 3419 1702 3753 1772; x_wconf 88' lang='lat' dir='ltr'><strong>animisjam</strong></span> 
     </span>
    </p>
   </div>
   <div class='ocr_carea' id='block_1_76' title="bbox 2168 1791 3753 1850">
    <p class='ocr_par' dir='ltr' id='par_1_76' title="bbox 2168 1791 3753 1850">
     <span class='ocr_line' id='line_1_76' title="bbox 2168 1791 3753 1850; baseline 0.001 -1"><span class='ocrx_word' id='word_1_540' title='bbox 2168 1793 2456 1849; x_wconf 89' lang='lat' dir='ltr'><strong>concitatis</strong></span> <span class='ocrx_word' id='word_1_541' title='bbox 2488 1791 2672 1847; x_wconf 83' lang='lat' dir='ltr'><strong>multa</strong></span> <span class='ocrx_word' id='word_1_542' title='bbox 2709 1791 2913 1846; x_wconf 78' lang='lat' dir='ltr'><strong>obortae</strong></span> <span class='ocrx_word' id='word_1_543' title='bbox 2956 1802 3084 1846; x_wconf 85' lang='lat' dir='ltr'><strong>sunt</strong></span> <span class='ocrx_word' id='word_1_544' title='bbox 3108 1793 3301 1848; x_wconf 83' lang='lat' dir='ltr'><strong>turbae.</strong></span> <span class='ocrx_word' id='word_1_545' title='bbox 3333 1791 3570 1849; x_wconf 82' lang='lat' dir='ltr'><strong>Joannes</strong></span> <span class='ocrx_word' id='word_1_546' title='bbox 3601 1795 3753 1850; x_wconf 90' lang='lat' dir='ltr'><strong>enim</strong></span> 
     </span>
    </p>
   </div>
   <div class='ocr_carea' id='block_1_77' title="bbox 2168 1884 3753 1957">
    <p class='ocr_par' dir='ltr' id='par_1_77' title="bbox 2168 1884 3753 1957">
     <span class='ocr_line' id='line_1_77' title="bbox 2168 1884 3753 1957; baseline 0.001 -16"><span class='ocrx_word' id='word_1_547' title='bbox 2168 1887 2542 1942; x_wconf 86' lang='lat' dir='ltr'><strong>Antioclienus</strong></span> <span class='ocrx_word' id='word_1_548' title='bbox 2598 1901 2722 1941; x_wconf 88' lang='lat' dir='ltr'><strong>cum</strong></span> <span class='ocrx_word' id='word_1_549' title='bbox 2789 1884 3129 1950; x_wconf 89' lang='lat' dir='ltr'><strong>advenisset,</strong></span> <span class='ocrx_word' id='word_1_550' title='bbox 3185 1885 3418 1957; x_wconf 85' lang='lat' dir='ltr'><strong>Cyrillo,</strong></span> <span class='ocrx_word' id='word_1_551' title='bbox 3474 1886 3753 1942; x_wconf 84' lang='lat' dir='ltr'><strong>Memnoni</strong></span> 
     </span>
    </p>
   </div>
   <div class='ocr_carea' id='block_1_78' title="bbox 2171 1977 3757 2051">
    <p class='ocr_par' dir='ltr' id='par_1_78' title="bbox 2171 1977 3757 2051">
     <span class='ocr_line' id='line_1_78' title="bbox 2171 1977 3757 2051; baseline -0.002 -15"><span class='ocrx_word' id='word_1_552' title='bbox 2171 1981 2370 2051; x_wconf 87' lang='lat' dir='ltr'><strong>Ephesi</strong></span> <span class='ocrx_word' id='word_1_553' title='bbox 2400 1980 2678 2050; x_wconf 92' lang='lat' dir='ltr'><strong>episc0po,</strong></span> <span class='ocrx_word' id='word_1_554' title='bbox 2709 1987 2762 2032; x_wconf 90' lang='lat' dir='ltr'><strong>et</strong></span> <span class='ocrx_word' id='word_1_555' title='bbox 2786 1980 2881 2033; x_wconf 88' lang='lat' dir='ltr'><strong>toti</strong></span> <span class='ocrx_word' id='word_1_556' title='bbox 2908 1977 3143 2033; x_wconf 87' lang='lat' dir='ltr'><strong>concilio</strong></span> <span class='ocrx_word' id='word_1_557' title='bbox 3166 1992 3495 2047; x_wconf 77' lang='lat' dir='ltr'><strong>magnopere</strong></span> <span class='ocrx_word' id='word_1_558' title='bbox 3527 1995 3757 2034; x_wconf 85' lang='lat' dir='ltr'><strong>succen-</strong></span> 
     </span>
    </p>
   </div>
   <div class='ocr_carea' id='block_1_79' title="bbox 2170 2069 3753 2141">
    <p class='ocr_par' dir='ltr' id='par_1_79' title="bbox 2170 2069 3753 2141">
     <span class='ocr_line' id='line_1_79' title="bbox 2170 2069 3753 2141; baseline -0.001 -15"><span class='ocrx_word' id='word_1_559' title='bbox 2170 2072 2301 2137; x_wconf 90' lang='lat' dir='ltr'><strong>suit,</strong></span> <span class='ocrx_word' id='word_1_560' title='bbox 2348 2071 2577 2140; x_wconf 89' lang='lat' dir='ltr'><strong>aliisque</strong></span> <span class='ocrx_word' id='word_1_561' title='bbox 2620 2070 2674 2123; x_wconf 91' lang='lat' dir='ltr'><strong>in</strong></span> <span class='ocrx_word' id='word_1_562' title='bbox 2707 2069 3024 2124; x_wconf 86' lang='lat' dir='ltr'><strong>societatem</strong></span> <span class='ocrx_word' id='word_1_563' title='bbox 3069 2083 3227 2125; x_wconf 90' lang='lat' dir='ltr'><strong>suam</strong></span> <span class='ocrx_word' id='word_1_564' title='bbox 3265 2069 3451 2124; x_wconf 86' lang='lat' dir='ltr'><strong>ascitis</strong></span> <span class='ocrx_word' id='word_1_565' title='bbox 3484 2069 3753 2141; x_wconf 86' lang='lat' dir='ltr'><strong>Cyrillum</strong></span> 
     </span>
    </p>
   </div>
   <div class='ocr_carea' id='block_1_80' title="bbox 2169 2160 3756 2232">
    <p class='ocr_par' dir='ltr' id='par_1_80' title="bbox 2169 2160 3756 2232">
     <span class='ocr_line' id='line_1_80' title="bbox 2169 2160 3756 2232; baseline -0.003 -12"><span class='ocrx_word' id='word_1_566' title='bbox 2169 2162 2575 2224; x_wconf 82' lang='lat' dir='ltr'><strong>exauctoravit,</strong></span> <span class='ocrx_word' id='word_1_567' title='bbox 2628 2161 2972 2232; x_wconf 82' lang='lat' dir='ltr'><strong>graviterque</strong></span> <span class='ocrx_word' id='word_1_568' title='bbox 3016 2160 3071 2214; x_wconf 91' lang='lat' dir='ltr'><strong>in</strong></span> <span class='ocrx_word' id='word_1_569' title='bbox 3124 2175 3318 2215; x_wconf 87' lang='lat' dir='ltr'><strong>omnes</strong></span> <span class='ocrx_word' id='word_1_570' title='bbox 3367 2161 3756 2217; x_wconf 84' lang='lat' dir='ltr'><strong>animadvertit</strong></span> 
     </span>
    </p>
   </div>
   <div class='ocr_carea' id='block_1_81' title="bbox 2168 2249 3756 2327">
    <p class='ocr_par' dir='ltr' id='par_1_81' title="bbox 2168 2249 3756 2327">
     <span class='ocr_line' id='line_1_81' title="bbox 2168 2249 3756 2327; baseline -0.001 -18"><span class='ocrx_word' id='word_1_571' title='bbox 2168 2256 2260 2327; x_wconf 85' lang='lat' dir='ltr'><strong>qui</strong></span> <span class='ocrx_word' id='word_1_572' title='bbox 2317 2255 2385 2309; x_wconf 90' lang='lat' dir='ltr'><strong>ab</strong></span> <span class='ocrx_word' id='word_1_573' title='bbox 2437 2253 2583 2309; x_wconf 87' lang='lat' dir='ltr'><strong>illius</strong></span> <span class='ocrx_word' id='word_1_574' title='bbox 2613 2252 2861 2324; x_wconf 86' lang='lat' dir='ltr'><strong>partibus</strong></span> <span class='ocrx_word' id='word_1_575' title='bbox 2907 2259 3191 2307; x_wconf 85' lang='lat' dir='ltr'><strong>steterant.</strong></span> <span class='ocrx_word' id='word_1_576' title='bbox 3227 2249 3432 2322; x_wconf 86' lang='lat' dir='ltr'><strong>Majora</strong></span> <span class='ocrx_word' id='word_1_577' title='bbox 3469 2253 3548 2307; x_wconf 86' lang='lat' dir='ltr'><strong>rei</strong></span> <span class='ocrx_word' id='word_1_578' title='bbox 3579 2267 3756 2308; x_wconf 87' lang='lat' dir='ltr'><strong>sacra</strong></span> 
     </span>
    </p>
   </div>
   <div class='ocr_carea' id='block_1_82' title="bbox 2168 2341 3756 2413">
    <p class='ocr_par' dir='ltr' id='par_1_82' title="bbox 2168 2341 3756 2413">
     <span class='ocr_line' id='line_1_82' title="bbox 2168 2341 3756 2413; baseline -0.001 -13"><span class='ocrx_word' id='word_1_579' title='bbox 2168 2345 2460 2401; x_wconf 82' lang='lat' dir='ltr'><strong>metuenda</strong></span> <span class='ocrx_word' id='word_1_580' title='bbox 2488 2343 2719 2400; x_wconf 82' lang='lat' dir='ltr'><strong>fuissent</strong></span> <span class='ocrx_word' id='word_1_581' title='bbox 2741 2343 2904 2408; x_wconf 89' lang='lat' dir='ltr'><strong>mala,</strong></span> <span class='ocrx_word' id='word_1_582' title='bbox 2928 2342 3033 2398; x_wconf 87' lang='lat' dir='ltr'><strong>nisi</strong></span> <span class='ocrx_word' id='word_1_583' title='bbox 3066 2342 3362 2413; x_wconf 87' lang='lat' dir='ltr'><strong>imperator</strong></span> <span class='ocrx_word' id='word_1_584' title='bbox 3382 2341 3756 2409; x_wconf 89' lang='lat' dir='ltr'><strong>Theodosius,</strong></span> 
     </span>
    </p>
   </div>
   <div class='ocr_carea' id='block_1_83' title="bbox 2169 2433 3758 2509">
    <p class='ocr_par' dir='ltr' id='par_1_83' title="bbox 2169 2433 3758 2509">
     <span class='ocr_line' id='line_1_83' title="bbox 2169 2433 3758 2509; baseline -0.003 -14"><span class='ocrx_word' id='word_1_585' title='bbox 2169 2440 2236 2495; x_wconf 90' lang='lat' dir='ltr'><strong>de</strong></span> <span class='ocrx_word' id='word_1_586' title='bbox 2260 2438 2576 2509; x_wconf 83' lang='lat' dir='ltr'><strong>perturbato</strong></span> <span class='ocrx_word' id='word_1_587' title='bbox 2619 2435 2876 2493; x_wconf 87' lang='lat' dir='ltr'><strong>Ecclesia</strong></span> <span class='ocrx_word' id='word_1_588' title='bbox 2906 2443 3053 2491; x_wconf 87' lang='lat' dir='ltr'><strong>statu</strong></span> <span class='ocrx_word' id='word_1_589' title='bbox 3092 2435 3296 2491; x_wconf 90' lang='lat' dir='ltr'><strong>certior</strong></span> <span class='ocrx_word' id='word_1_590' title='bbox 3334 2433 3533 2502; x_wconf 79' lang='lat' dir='ltr'><strong>factus,</strong></span> <span class='ocrx_word' id='word_1_591' title='bbox 3567 2438 3758 2506; x_wconf 78' lang='lat' dir='ltr'><strong>provi-</strong></span> 
     </span>
    </p>
   </div>
   <div class='ocr_carea' id='block_1_84' title="bbox 2169 2527 3758 2601">
    <p class='ocr_par' dir='ltr' id='par_1_84' title="bbox 2169 2527 3758 2601">
     <span class='ocr_line' id='line_1_84' title="bbox 2169 2527 3758 2601; baseline 0.001 -15"><span class='ocrx_word' id='word_1_592' title='bbox 2169 2531 2355 2593; x_wconf 85' lang='lat' dir='ltr'><strong>disset,</strong></span> <span class='ocrx_word' id='word_1_593' title='bbox 2391 2545 2459 2584; x_wconf 90' lang='lat' dir='ltr'><strong>ne</strong></span> <span class='ocrx_word' id='word_1_594' title='bbox 2491 2527 2622 2599; x_wconf 90' lang='lat' dir='ltr'><strong>quid</strong></span> <span class='ocrx_word' id='word_1_595' title='bbox 2657 2528 2725 2583; x_wconf 89' lang='lat' dir='ltr'><strong>ab</strong></span> <span class='ocrx_word' id='word_1_596' title='bbox 2773 2537 3001 2598; x_wconf 88' lang='lat' dir='ltr'><strong>utraque</strong></span> <span class='ocrx_word' id='word_1_597' title='bbox 3053 2538 3208 2599; x_wconf 91' lang='lat' dir='ltr'><strong>parte</strong></span> <span class='ocrx_word' id='word_1_598' title='bbox 3256 2540 3534 2601; x_wconf 82' lang='lat' dir='ltr'><strong>ageretur,</strong></span> <span class='ocrx_word' id='word_1_599' title='bbox 3578 2531 3758 2588; x_wconf 86' lang='lat' dir='ltr'><strong>donec</strong></span> 
     </span>
    </p>
   </div>
   <div class='ocr_carea' id='block_1_85' title="bbox 2170 2619 3758 2691">
    <p class='ocr_par' dir='ltr' id='par_1_85' title="bbox 2170 2619 3758 2691">
     <span class='ocr_line' id='line_1_85' title="bbox 2170 2619 3758 2691; baseline 0 -12"><span class='ocrx_word' id='word_1_600' title='bbox 2170 2638 2333 2679; x_wconf 71' lang='lat' dir='ltr'><strong>eausa</strong></span> <span class='ocrx_word' id='word_1_601' title='bbox 2359 2629 2503 2677; x_wconf 72' lang='lat' dir='ltr'><strong>esset</strong></span> <span class='ocrx_word' id='word_1_602' title='bbox 2524 2621 2760 2691; x_wconf 88' lang='lat' dir='ltr'><strong>cognita.</strong></span> <span class='ocrx_word' id='word_1_603' title='bbox 2792 2619 2971 2677; x_wconf 80' lang='lat' dir='ltr'><strong>Variis</strong></span> <span class='ocrx_word' id='word_1_604' title='bbox 3000 2628 3181 2675; x_wconf 89' lang='lat' dir='ltr'><strong>tamen</strong></span> <span class='ocrx_word' id='word_1_605' title='bbox 3205 2621 3435 2689; x_wconf 90' lang='lat' dir='ltr'><strong>artibus,</strong></span> <span class='ocrx_word' id='word_1_606' title='bbox 3458 2623 3758 2679; x_wconf 88' lang='lat' dir='ltr'><strong>comitum-</strong></span> 
     </span>
    </p>
   </div>
   <div class='ocr_carea' id='block_1_86' title="bbox 2169 2710 3759 2789">
    <p class='ocr_par' dir='ltr' id='par_1_86' title="bbox 2169 2710 3759 2789">
     <span class='ocr_line' id='line_1_86' title="bbox 2169 2710 3759 2789; baseline 0.003 -21"><span class='ocrx_word' id='word_1_607' title='bbox 2169 2730 2296 2783; x_wconf 84' lang='lat' dir='ltr'><strong>que,</strong></span> <span class='ocrx_word' id='word_1_608' title='bbox 2332 2712 2534 2783; x_wconf 82' lang='lat' dir='ltr'><strong>quibus</strong></span> <span class='ocrx_word' id='word_1_609' title='bbox 2572 2712 2662 2789; x_wconf 85' lang='lat' dir='ltr'><strong>rei</strong></span> <span class='ocrx_word' id='word_1_610' title='bbox 2701 2710 3094 2783; x_wconf 80' lang='lat' dir='ltr'><strong>cognoscenda</strong></span> <span class='ocrx_word' id='word_1_611' title='bbox 3139 2726 3271 2767; x_wconf 90' lang='lat' dir='ltr'><strong>cura</strong></span> <span class='ocrx_word' id='word_1_612' title='bbox 3322 2712 3390 2768; x_wconf 90' lang='lat' dir='ltr'><strong>ab</strong></span> <span class='ocrx_word' id='word_1_613' title='bbox 3420 2713 3759 2785; x_wconf 88' lang='lat' dir='ltr'><strong>imperatore</strong></span> 
     </span>
    </p>
   </div>
   <div class='ocr_carea' id='block_1_87' title="bbox 2170 2798 3829 2870">
    <p class='ocr_par' dir='ltr' id='par_1_87' title="bbox 2170 2798 3829 2870">
     <span class='ocr_line' id='line_1_87' title="bbox 2170 2798 3829 2870; baseline 0.004 -13"><span class='ocrx_word' id='word_1_614' title='bbox 2170 2805 2462 2859; x_wconf 80' lang='lat' dir='ltr'><strong>commissa</strong></span> <span class='ocrx_word' id='word_1_615' title='bbox 2511 2798 2647 2870; x_wconf 74' lang='lat' dir='ltr'><strong>erat,</strong></span> <span class='ocrx_word' id='word_1_616' title='bbox 2702 2803 2946 2860; x_wconf 86' lang='lat' dir='ltr'><strong>consiliis</strong></span> <span class='ocrx_word' id='word_1_617' title='bbox 2974 2802 3223 2859; x_wconf 72' lang='lat' dir='ltr'><strong>effectum</strong></span> <span class='ocrx_word' id='word_1_618' title='bbox 3263 2814 3366 2869; x_wconf 90' lang='lat' dir='ltr'><strong>est,</strong></span> <span class='ocrx_word' id='word_1_619' title='bbox 3418 2814 3481 2860; x_wconf 90' lang='lat' dir='ltr'><strong>ut</strong></span> <span class='ocrx_word' id='word_1_620' title='bbox 3530 2809 3756 2863; x_wconf 87' lang='lat' dir='ltr'><strong>tandem</strong></span> <span class='ocrx_word' id='word_1_621' title='bbox 3814 2830 3829 2839; x_wconf 53' lang='grc' dir='ltr'><strong>κ</strong></span> 
     </span>
    </p>
   </div>
   <div class='ocr_carea' id='block_1_88' title="bbox 2168 2894 3759 2966">
    <p class='ocr_par' dir='ltr' id='par_1_88' title="bbox 2168 2894 3759 2966">
     <span class='ocr_line' id='line_1_88' title="bbox 2168 2894 3759 2966; baseline 0.005 -18"><span class='ocrx_word' id='word_1_622' title='bbox 2168 2895 2411 2951; x_wconf 88' lang='lat' dir='ltr'><strong>dimissis</strong></span> <span class='ocrx_word' id='word_1_623' title='bbox 2447 2894 2700 2950; x_wconf 74' lang='lat' dir='ltr'><strong>l‘atribus</strong></span> <span class='ocrx_word' id='word_1_624' title='bbox 2739 2894 2852 2951; x_wconf 89' lang='lat' dir='ltr'><strong>fere</strong></span> <span class='ocrx_word' id='word_1_625' title='bbox 2894 2905 3092 2950; x_wconf 86' lang='lat' dir='ltr'><strong>cuncta</strong></span> <span class='ocrx_word' id='word_1_626' title='bbox 3141 2895 3195 2950; x_wconf 91' lang='lat' dir='ltr'><strong>in</strong></span> <span class='ocrx_word' id='word_1_627' title='bbox 3229 2896 3460 2966; x_wconf 88' lang='lat' dir='ltr'><strong>pristino</strong></span> <span class='ocrx_word' id='word_1_628' title='bbox 3486 2906 3630 2954; x_wconf 89' lang='lat' dir='ltr'><strong>statu</strong></span> <span class='ocrx_word' id='word_1_629' title='bbox 3660 2916 3759 2957; x_wconf 88' lang='lat' dir='ltr'><strong>re-</strong></span> 
     </span>
    </p>
   </div>
   <div class='ocr_carea' id='block_1_89' title="bbox 2170 2986 3757 3052">
    <p class='ocr_par' dir='ltr' id='par_1_89' title="bbox 2170 2986 3757 3052">
     <span class='ocr_line' id='line_1_89' title="bbox 2170 2986 3757 3052; baseline 0.004 -11"><span class='ocrx_word' id='word_1_630' title='bbox 2170 2996 2474 3052; x_wconf 87' lang='lat' dir='ltr'><strong>manerent,</strong></span> <span class='ocrx_word' id='word_1_631' title='bbox 2523 2986 2843 3043; x_wconf 85' lang='lat' dir='ltr'><strong>conlirmata</strong></span> <span class='ocrx_word' id='word_1_632' title='bbox 2892 2995 3074 3042; x_wconf 84' lang='lat' dir='ltr'><strong>tamen</strong></span> <span class='ocrx_word' id='word_1_633' title='bbox 3116 2989 3386 3043; x_wconf 81' lang='lat' dir='ltr'><strong>sententia</strong></span> <span class='ocrx_word' id='word_1_634' title='bbox 3421 2999 3611 3045; x_wconf 88' lang='lat' dir='ltr'><strong>contra</strong></span> <span class='ocrx_word' id='word_1_635' title='bbox 3640 2990 3757 3048; x_wconf 88' lang='lat' dir='ltr'><strong>Ne-</strong></span> 
     </span>
    </p>
   </div>
   <div class='ocr_carea' id='block_1_90' title="bbox 2171 3079 3755 3152">
    <p class='ocr_par' dir='ltr' id='par_1_90' title="bbox 2171 3079 3755 3152">
     <span class='ocr_line' id='line_1_90' title="bbox 2171 3079 3755 3152; baseline 0.004 -19"><span class='ocrx_word' id='word_1_636' title='bbox 2171 3079 2401 3133; x_wconf 88' lang='lat' dir='ltr'><strong>storium</strong></span> <span class='ocrx_word' id='word_1_637' title='bbox 2448 3079 2826 3149; x_wconf 80' lang='lat' dir='ltr'><strong>pronuntiata.</strong></span> <span class='ocrx_word' id='word_1_638' title='bbox 2864 3080 3123 3136; x_wconf 82' lang='lat' dir='ltr'><strong>Proximo</strong></span> <span class='ocrx_word' id='word_1_639' title='bbox 3157 3092 3284 3152; x_wconf 88' lang='lat' dir='ltr'><strong>post</strong></span> <span class='ocrx_word' id='word_1_640' title='bbox 3314 3082 3420 3137; x_wconf 92' lang='lat' dir='ltr'><strong>hoc</strong></span> <span class='ocrx_word' id='word_1_641' title='bbox 3455 3084 3755 3140; x_wconf 83' lang='lat' dir='ltr'><strong>concilium</strong></span> 
     </span>
    </p>
   </div>
   <div class='ocr_carea' id='block_1_91' title="bbox 2168 3170 3759 3244">
    <p class='ocr_par' dir='ltr' id='par_1_91' title="bbox 2168 3170 3759 3244">
     <span class='ocr_line' id='line_1_91' title="bbox 2168 3170 3759 3244; baseline 0.004 -18"><span class='ocrx_word' id='word_1_642' title='bbox 2168 3179 2410 3241; x_wconf 90' lang='lat' dir='ltr'><strong>tempore</strong></span> <span class='ocrx_word' id='word_1_643' title='bbox 2445 3170 2653 3235; x_wconf 90' lang='lat' dir='ltr'><strong>odium,</strong></span> <span class='ocrx_word' id='word_1_644' title='bbox 2688 3172 2829 3241; x_wconf 90' lang='lat' dir='ltr'><strong>quod</strong></span> <span class='ocrx_word' id='word_1_645' title='bbox 2862 3172 3102 3228; x_wconf 90' lang='lat' dir='ltr'><strong>nondum</strong></span> <span class='ocrx_word' id='word_1_646' title='bbox 3132 3175 3369 3244; x_wconf 84' lang='lat' dir='ltr'><strong>sopitum</strong></span> <span class='ocrx_word' id='word_1_647' title='bbox 3399 3185 3538 3241; x_wconf 87' lang='lat' dir='ltr'><strong>erat,</strong></span> <span class='ocrx_word' id='word_1_648' title='bbox 3579 3193 3759 3236; x_wconf 77' lang='lat' dir='ltr'><strong>novas</strong></span> 
     </span>
    </p>
   </div>
   <div class='ocr_carea' id='block_1_92' title="bbox 2166 3264 3759 3335">
    <p class='ocr_par' dir='ltr' id='par_1_92' title="bbox 2166 3264 3759 3335">
     <span class='ocr_line' id='line_1_92' title="bbox 2166 3264 3759 3335; baseline 0.006 -18"><span class='ocrx_word' id='word_1_649' title='bbox 2166 3265 2328 3335; x_wconf 90' lang='lat' dir='ltr'><strong>quasi</strong></span> <span class='ocrx_word' id='word_1_650' title='bbox 2352 3264 2557 3335; x_wconf 87' lang='lat' dir='ltr'><strong>recepit</strong></span> <span class='ocrx_word' id='word_1_651' title='bbox 2585 3265 2752 3330; x_wconf 86' lang='lat' dir='ltr'><strong>vires,</strong></span> <span class='ocrx_word' id='word_1_652' title='bbox 2794 3274 2847 3319; x_wconf 92' lang='lat' dir='ltr'><strong>et</strong></span> <span class='ocrx_word' id='word_1_653' title='bbox 2875 3266 3221 3321; x_wconf 85' lang='lat' dir='ltr'><strong>occa&#39;sionem</strong></span> <span class='ocrx_word' id='word_1_654' title='bbox 3257 3266 3407 3321; x_wconf 89' lang='lat' dir='ltr'><strong>dedit</strong></span> <span class='ocrx_word' id='word_1_655' title='bbox 3433 3268 3759 3327; x_wconf 84' lang='lat' dir='ltr'><strong>celebratis-</strong></span> 
     </span>
    </p>
   </div>
   <div class='ocr_carea' id='block_1_93' title="bbox 2167 3355 3757 3427">
    <p class='ocr_par' dir='ltr' id='par_1_93' title="bbox 2167 3355 3757 3427">
     <span class='ocr_line' id='line_1_93' title="bbox 2167 3355 3757 3427; baseline 0.003 -14"><span class='ocrx_word' id='word_1_656' title='bbox 2167 3356 2322 3413; x_wconf 88' lang='lat' dir='ltr'><strong>simis</strong></span> <span class='ocrx_word' id='word_1_657' title='bbox 2353 3356 2461 3412; x_wconf 87' lang='lat' dir='ltr'><strong>illis</strong></span> <span class='ocrx_word' id='word_1_658' title='bbox 2489 3355 2731 3426; x_wconf 88' lang='lat' dir='ltr'><strong>quinque</strong></span> <span class='ocrx_word' id='word_1_659' title='bbox 2761 3356 2935 3422; x_wconf 88' lang='lat' dir='ltr'><strong>libris,</strong></span> <span class='ocrx_word' id='word_1_660' title='bbox 2971 3371 3110 3427; x_wconf 87' lang='lat' dir='ltr'><strong>quos</strong></span> <span class='ocrx_word' id='word_1_661' title='bbox 3136 3355 3514 3415; x_wconf 85' lang='lat' dir='ltr'><strong>Theodoretus</strong></span> <span class='ocrx_word' id='word_1_662' title='bbox 3557 3371 3757 3417; x_wconf 80' lang='lat' dir='ltr'><strong>contra</strong></span> 
     </span>
    </p>
   </div>
   <div class='ocr_carea' id='block_1_94' title="bbox 2163 3446 3758 3520">
    <p class='ocr_par' dir='ltr' id='par_1_94' title="bbox 2163 3446 3758 3520">
     <span class='ocr_line' id='line_1_94' title="bbox 2163 3446 3758 3520; baseline 0.003 -16"><span class='ocrx_word' id='word_1_663' title='bbox 2163 3447 2422 3519; x_wconf 85' lang='lat' dir='ltr'><strong>Cyrillum</strong></span> <span class='ocrx_word' id='word_1_664' title='bbox 2454 3456 2508 3504; x_wconf 87' lang='lat' dir='ltr'><strong>et</strong></span> <span class='ocrx_word' id='word_1_665' title='bbox 2536 3447 2828 3504; x_wconf 84' lang='lat' dir='ltr'><strong>concilium</strong></span> <span class='ocrx_word' id='word_1_666' title='bbox 2872 3446 3204 3517; x_wconf 88' lang='lat' dir='ltr'><strong>Ephesinum</strong></span> <span class='ocrx_word' id='word_1_667' title='bbox 3245 3451 3625 3520; x_wconf 85' lang='lat' dir='ltr'><strong>composuisse</strong></span> <span class='ocrx_word' id='word_1_668' title='bbox 3663 3454 3758 3508; x_wconf 84' lang='lat' dir='ltr'><strong>di-</strong></span> 
     </span>
    </p>
   </div>
   <div class='ocr_carea' id='block_1_95' title="bbox 2165 3538 3755 3612">
    <p class='ocr_par' dir='ltr' id='par_1_95' title="bbox 2165 3538 3755 3612">
     <span class='ocr_line' id='line_1_95' title="bbox 2165 3538 3755 3612; baseline 0.002 -17"><span class='ocrx_word' id='word_1_669' title='bbox 2165 3541 2326 3595; x_wconf 89' lang='lat' dir='ltr'><strong>citur.</strong></span> <span class='ocrx_word' id='word_1_670' title='bbox 2365 3539 2430 3594; x_wconf 85' lang='lat' dir='ltr'><strong>Hi</strong></span> <span class='ocrx_word' id='word_1_671' title='bbox 2460 3554 2787 3609; x_wconf 81' lang='lat' dir='ltr'><strong>magnopere</strong></span> <span class='ocrx_word' id='word_1_672' title='bbox 2814 3538 3210 3608; x_wconf 89' lang='lat' dir='ltr'><strong>displicuerunt</strong></span> <span class='ocrx_word' id='word_1_673' title='bbox 3237 3539 3425 3612; x_wconf 87' lang='lat' dir='ltr'><strong>Cyrilli</strong></span> <span class='ocrx_word' id='word_1_674' title='bbox 3456 3544 3755 3598; x_wconf 85' lang='lat' dir='ltr'><strong>sectatori-</strong></span> 
     </span>
    </p>
   </div>
   <div class='ocr_carea' id='block_1_96' title="bbox 2165 3630 3750 3701">
    <p class='ocr_par' dir='ltr' id='par_1_96' title="bbox 2165 3630 3750 3701">
     <span class='ocr_line' id='line_1_96' title="bbox 2165 3630 3750 3701; baseline 0 -13"><span class='ocrx_word' id='word_1_675' title='bbox 2165 3634 2290 3697; x_wconf 91' lang='lat' dir='ltr'><strong>bus,</strong></span> <span class='ocrx_word' id='word_1_676' title='bbox 2316 3642 2371 3686; x_wconf 87' lang='lat' dir='ltr'><strong>ct</strong></span> <span class='ocrx_word' id='word_1_677' title='bbox 2398 3630 2577 3687; x_wconf 82' lang='lat' dir='ltr'><strong>Mario</strong></span> <span class='ocrx_word' id='word_1_678' title='bbox 2591 3630 2875 3685; x_wconf 84' lang='lat' dir='ltr'><strong>Mereatori</strong></span> <span class='ocrx_word' id='word_1_679' title='bbox 2911 3631 3045 3685; x_wconf 90' lang='lat' dir='ltr'><strong>adeo</strong></span> <span class='ocrx_word' id='word_1_680' title='bbox 3072 3633 3438 3688; x_wconf 80' lang='lat' dir='ltr'><strong>exsecrabiles</strong></span> <span class='ocrx_word' id='word_1_681' title='bbox 3465 3633 3568 3688; x_wconf 88' lang='lat' dir='ltr'><strong>visi</strong></span> <span class='ocrx_word' id='word_1_682' title='bbox 3595 3647 3750 3701; x_wconf 86' lang='lat' dir='ltr'><strong>sunt,</strong></span> 
     </span>
    </p>
   </div>
   <div class='ocr_carea' id='block_1_97' title="bbox 2166 3720 3750 3793">
    <p class='ocr_par' dir='ltr' id='par_1_97' title="bbox 2166 3720 3750 3793">
     <span class='ocr_line' id='line_1_97' title="bbox 2166 3720 3750 3793; baseline 0.001 -14"><span class='ocrx_word' id='word_1_683' title='bbox 2166 3732 2226 3779; x_wconf 90' lang='lat' dir='ltr'><strong>ut</strong></span> <span class='ocrx_word' id='word_1_684' title='bbox 2257 3723 2496 3779; x_wconf 90' lang='lat' dir='ltr'><strong>scribere</strong></span> <span class='ocrx_word' id='word_1_685' title='bbox 2528 3737 2637 3776; x_wconf 91' lang='lat' dir='ltr'><strong>nun</strong></span> <span class='ocrx_word' id='word_1_686' title='bbox 2664 3721 2942 3777; x_wconf 86' lang='lat' dir='ltr'><strong>erubuerit</strong></span> <span class='ocrx_word' id='word_1_687' title='bbox 2982 3720 3249 3793; x_wconf 91' lang='lat' dir='ltr'><strong>(Operum</strong></span> <span class='ocrx_word' id='word_1_688' title='bbox 3287 3732 3324 3777; x_wconf 93' lang='lat' dir='ltr'><strong>t.</strong></span> <span class='ocrx_word' id='word_1_689' title='bbox 3354 3721 3419 3787; x_wconf 89' lang='lat' dir='ltr'><strong>ll,</strong></span> <span class='ocrx_word' id='word_1_690' title='bbox 3451 3723 3539 3779; x_wconf 92' lang='lat' dir='ltr'><strong>ed.</strong></span> <span class='ocrx_word' id='word_1_691' title='bbox 3573 3722 3750 3781; x_wconf 77' lang='lat' dir='ltr'><strong>Garri.</strong></span> 
     </span>
    </p>
   </div>
   <div class='ocr_carea' id='block_1_98' title="bbox 2165 3811 3753 3885">
    <p class='ocr_par' dir='ltr' id='par_1_98' title="bbox 2165 3811 3753 3885">
     <span class='ocr_line' id='line_1_98' title="bbox 2165 3811 3753 3885; baseline 0.002 -15"><span class='ocrx_word' id='word_1_692' title='bbox 2165 3830 2220 3885; x_wconf 91' lang='lat' dir='ltr'><strong>p.</strong></span> <span class='ocrx_word' id='word_1_693' title='bbox 2254 3813 2384 3884; x_wconf 76' lang='lat'><strong>265)</strong></span> <span class='ocrx_word' id='word_1_694' title='bbox 2419 3811 2675 3869; x_wconf 85' lang='lat' dir='ltr'><strong>Nostrum</strong></span> <span class='ocrx_word' id='word_1_695' title='bbox 2739 3812 3033 3884; x_wconf 84' lang='lat' dir='ltr'><strong>instigante</strong></span> <span class='ocrx_word' id='word_1_696' title='bbox 3060 3813 3276 3869; x_wconf 85' lang='lat' dir='ltr'><strong>diabolo</strong></span> <span class='ocrx_word' id='word_1_697' title='bbox 3305 3814 3429 3870; x_wconf 90' lang='lat' dir='ltr'><strong>illos</strong></span> <span class='ocrx_word' id='word_1_698' title='bbox 3464 3830 3753 3873; x_wconf 79' lang='lat' dir='ltr'><strong>exarasse.</strong></span> 
     </span>
    </p>
   </div>
   <div class='ocr_carea' id='block_1_99' title="bbox 2163 3903 3759 3977">
    <p class='ocr_par' dir='ltr' id='par_1_99' title="bbox 2163 3903 3759 3977">
     <span class='ocr_line' id='line_1_99' title="bbox 2163 3903 3759 3977; baseline 0.003 -17"><span class='ocrx_word' id='word_1_699' title='bbox 2163 3905 2275 3961; x_wconf 89' lang='lat' dir='ltr'><strong>Nec</strong></span> <span class='ocrx_word' id='word_1_700' title='bbox 2297 3906 2478 3960; x_wconf 90' lang='lat' dir='ltr'><strong>minus</strong></span> <span class='ocrx_word' id='word_1_701' title='bbox 2499 3904 2802 3960; x_wconf 88' lang='lat' dir='ltr'><strong>Garnerius</strong></span> <span class='ocrx_word' id='word_1_702' title='bbox 2825 3904 2895 3958; x_wconf 92' lang='lat' dir='ltr'><strong>ob</strong></span> <span class='ocrx_word' id='word_1_703' title='bbox 2925 3904 3094 3959; x_wconf 91' lang='lat' dir='ltr'><strong>libros</strong></span> <span class='ocrx_word' id='word_1_704' title='bbox 3123 3903 3236 3977; x_wconf 90' lang='lat' dir='ltr'><strong>[l8]</strong></span> <span class='ocrx_word' id='word_1_705' title='bbox 3271 3905 3409 3962; x_wconf 90' lang='lat' dir='ltr'><strong>istos</strong></span> <span class='ocrx_word' id='word_1_706' title='bbox 3430 3909 3759 3964; x_wconf 90' lang='lat' dir='ltr'><strong>succensuit</strong></span> 
     </span>
    </p>
   </div>
   <div class='ocr_carea' id='block_1_100' title="bbox 2165 3996 3758 4069">
    <p class='ocr_par' dir='ltr' id='par_1_100' title="bbox 2165 3996 3758 4069">
     <span class='ocr_line' id='line_1_100' title="bbox 2165 3996 3758 4069; baseline 0.001 -17"><span class='ocrx_word' id='word_1_707' title='bbox 2165 3998 2509 4053; x_wconf 86' lang='lat' dir='ltr'><strong>Theodoreto</strong></span> <span class='ocrx_word' id='word_1_708' title='bbox 2536 4015 2549 4051; x_wconf 91' lang='lat'><strong>:</strong></span> <span class='ocrx_word' id='word_1_709' title='bbox 2574 3996 2778 4052; x_wconf 83' lang='lat' dir='ltr'><strong>erravit</strong></span> <span class='ocrx_word' id='word_1_710' title='bbox 2804 4007 3009 4063; x_wconf 90' lang='lat' dir='ltr'><strong>autem,</strong></span> <span class='ocrx_word' id='word_1_711' title='bbox 3044 4014 3167 4052; x_wconf 90' lang='lat' dir='ltr'><strong>cum</strong></span> <span class='ocrx_word' id='word_1_712' title='bbox 3201 4001 3357 4054; x_wconf 87' lang='lat' dir='ltr'><strong>Auct.</strong></span> <span class='ocrx_word' id='word_1_713' title='bbox 3388 4013 3442 4069; x_wconf 91' lang='lat' dir='ltr'><strong>p.</strong></span> <span class='ocrx_word' id='word_1_714' title='bbox 3481 3999 3585 4054; x_wconf 74' lang='grc'><strong>125</strong></span> <span class='ocrx_word' id='word_1_715' title='bbox 3609 4003 3758 4056; x_wconf 77' lang='lat' dir='ltr'><strong>srri-</strong></span> 
     </span>
    </p>
   </div>
   <div class='ocr_carea' id='block_1_101' title="bbox 2163 4089 3758 4162">
    <p class='ocr_par' dir='ltr' id='par_1_101' title="bbox 2163 4089 3758 4162">
     <span class='ocr_line' id='line_1_101' title="bbox 2163 4089 3758 4162; baseline 0.004 -19"><span class='ocrx_word' id='word_1_716' title='bbox 2163 4089 2262 4153; x_wconf 88' lang='lat' dir='ltr'><strong>bit,</strong></span> <span class='ocrx_word' id='word_1_717' title='bbox 2312 4089 2432 4146; x_wconf 84' lang='lat' dir='ltr'><strong>illos</strong></span> <span class='ocrx_word' id='word_1_718' title='bbox 2476 4090 2637 4160; x_wconf 88' lang='lat' dir='ltr'><strong>jussu</strong></span> <span class='ocrx_word' id='word_1_719' title='bbox 2690 4089 2981 4146; x_wconf 89' lang='lat' dir='ltr'><strong>Theodosii</strong></span> <span class='ocrx_word' id='word_1_720' title='bbox 3036 4093 3379 4162; x_wconf 83' lang='lat' dir='ltr'><strong>imperatoris</strong></span> <span class='ocrx_word' id='word_1_721' title='bbox 3431 4093 3758 4150; x_wconf 89' lang='lat' dir='ltr'><strong>combustos</strong></span> 
     </span>
    </p>
   </div>
   <div class='ocr_carea' id='block_1_102' title="bbox 2165 4174 3757 4254">
    <p class='ocr_par' dir='ltr' id='par_1_102' title="bbox 2165 4174 3757 4254">
     <span class='ocr_line' id='line_1_102' title="bbox 2165 4174 3757 4254; baseline 0.002 -18"><span class='ocrx_word' id='word_1_722' title='bbox 2165 4197 2305 4249; x_wconf 90' lang='lat' dir='ltr'><strong>esse,</strong></span> <span class='ocrx_word' id='word_1_723' title='bbox 2335 4182 2478 4252; x_wconf 86' lang='lat' dir='ltr'><strong>quod</strong></span> <span class='ocrx_word' id='word_1_724' title='bbox 2504 4191 2680 4238; x_wconf 89' lang='lat' dir='ltr'><strong>tamen</strong></span> <span class='ocrx_word' id='word_1_725' title='bbox 2709 4198 2765 4254; x_wconf 89' lang='lat' dir='ltr'><strong>p.</strong></span> <span class='ocrx_word' id='word_1_726' title='bbox 2795 4174 3184 4254; x_wconf 53' lang='lat' dir='ltr'><strong>259.&#39;Dia|ogis</strong></span> <span class='ocrx_word' id='word_1_727' title='bbox 3205 4183 3323 4238; x_wconf 88' lang='lat' dir='ltr'><strong>istis</strong></span> <span class='ocrx_word' id='word_1_728' title='bbox 3349 4183 3442 4254; x_wconf 86' lang='lat' dir='ltr'><strong>qui</strong></span> <span class='ocrx_word' id='word_1_729' title='bbox 3468 4182 3757 4240; x_wconf 81' lang='lat' dir='ltr'><strong>Eranistes</strong></span> 
     </span>
    </p>
   </div>
   <div class='ocr_carea' id='block_1_103' title="bbox 2165 4272 3755 4347">
    <p class='ocr_par' dir='ltr' id='par_1_103' title="bbox 2165 4272 3755 4347">
     <span class='ocr_line' id='line_1_103' title="bbox 2165 4272 3755 4347; baseline 0.001 -20"><span class='ocrx_word' id='word_1_730' title='bbox 2165 4288 2261 4330; x_wconf 90' lang='lat' dir='ltr'><strong>seu</strong></span> <span class='ocrx_word' id='word_1_731' title='bbox 2299 4272 2690 4345; x_wconf 80' lang='lat' dir='ltr'><strong>Polymorphus</strong></span> <span class='ocrx_word' id='word_1_732' title='bbox 2727 4274 2971 4342; x_wconf 88' lang='lat' dir='ltr'><strong>inscripti</strong></span> <span class='ocrx_word' id='word_1_733' title='bbox 3002 4282 3149 4341; x_wconf 88' lang='lat' dir='ltr'><strong>sunt,</strong></span> <span class='ocrx_word' id='word_1_734' title='bbox 3183 4273 3448 4331; x_wconf 88' lang='lat' dir='ltr'><strong>accidisse</strong></span> <span class='ocrx_word' id='word_1_735' title='bbox 3474 4275 3755 4347; x_wconf 87' lang='lat' dir='ltr'><strong>perhibet,</strong></span> 
     </span>
    </p>
   </div>
   <div class='ocr_carea' id='block_1_104' title="bbox 2099 4360 3225 4445">
    <p class='ocr_par' dir='ltr' id='par_1_104' title="bbox 2099 4360 3225 4445">
     <span class='ocr_line' id='line_1_104' title="bbox 2099 4360 3225 4445; baseline -0.001 -25"><span class='ocrx_word' id='word_1_736' title='bbox 2099 4389 2142 4445; x_wconf 77' lang='grc' dir='ltr'><strong>ι)</strong></span> <span class='ocrx_word' id='word_1_737' title='bbox 2169 4375 2384 4420; x_wconf 86' lang='lat' dir='ltr'><strong>notatus</strong></span> <span class='ocrx_word' id='word_1_738' title='bbox 2415 4365 2535 4420; x_wconf 91' lang='lat' dir='ltr'><strong>ideo</strong></span> <span class='ocrx_word' id='word_1_739' title='bbox 2570 4366 2639 4420; x_wconf 89' lang='lat' dir='ltr'><strong>ab</strong></span> <span class='ocrx_word' id='word_1_740' title='bbox 2665 4360 2879 4421; x_wconf 81' lang='lat' dir='ltr'><strong>Oudino</strong></span> <span class='ocrx_word' id='word_1_741' title='bbox 2903 4364 2945 4430; x_wconf 90' lang='lat' dir='ltr'><strong>l,</strong></span> <span class='ocrx_word' id='word_1_742' title='bbox 2979 4381 3031 4435; x_wconf 91' lang='lat' dir='ltr'><strong>p.</strong></span> <span class='ocrx_word' id='word_1_743' title='bbox 3065 4365 3225 4421; x_wconf 84' lang='grc'><strong>1101.</strong></span> 
     </span>
    </p>
   </div>
   <div class='ocr_carea' id='block_1_105' title="bbox 2239 4457 3759 4529">
    <p class='ocr_par' dir='ltr' id='par_1_105' title="bbox 2239 4457 3759 4529">
     <span class='ocr_line' id='line_1_105' title="bbox 2239 4457 3759 4529; baseline 0.001 -17"><span class='ocrx_word' id='word_1_744' title='bbox 2239 4457 2493 4527; x_wconf 83' lang='lat' dir='ltr'><strong>Cyrillus,</strong></span> <span class='ocrx_word' id='word_1_745' title='bbox 2534 4457 2625 4527; x_wconf 90' lang='lat' dir='ltr'><strong>qui</strong></span> <span class='ocrx_word' id='word_1_746' title='bbox 2660 4457 2713 4511; x_wconf 90' lang='lat' dir='ltr'><strong>in</strong></span> <span class='ocrx_word' id='word_1_747' title='bbox 2743 4458 2957 4529; x_wconf 87' lang='lat' dir='ltr'><strong>synodo</strong></span> <span class='ocrx_word' id='word_1_748' title='bbox 2989 4457 3261 4527; x_wconf 84' lang='lat' dir='ltr'><strong>Ephesina</strong></span> <span class='ocrx_word' id='word_1_749' title='bbox 3301 4472 3367 4512; x_wconf 80' lang='lat' dir='ltr'><strong>ex</strong></span> <span class='ocrx_word' id='word_1_750' title='bbox 3394 4457 3623 4511; x_wconf 86' lang='lat' dir='ltr'><strong>arbitrio</strong></span> <span class='ocrx_word' id='word_1_751' title='bbox 3650 4472 3759 4514; x_wconf 86' lang='lat' dir='ltr'><strong>suo</strong></span> 
     </span>
    </p>
   </div>
   <div class='ocr_carea' id='block_1_106' title="bbox 2168 4547 3757 4619">
    <p class='ocr_par' dir='ltr' id='par_1_106' title="bbox 2168 4547 3757 4619">
     <span class='ocr_line' id='line_1_106' title="bbox 2168 4547 3757 4619; baseline 0.004 -18"><span class='ocrx_word' id='word_1_752' title='bbox 2168 4549 2350 4602; x_wconf 87' lang='lat' dir='ltr'><strong>omnia</strong></span> <span class='ocrx_word' id='word_1_753' title='bbox 2368 4548 2658 4617; x_wconf 89' lang='lat' dir='ltr'><strong>disponere</strong></span> <span class='ocrx_word' id='word_1_754' title='bbox 2674 4554 2938 4619; x_wconf 77' lang='lat' dir='ltr'><strong>&#39;caperat,</strong></span> <span class='ocrx_word' id='word_1_755' title='bbox 2960 4548 3241 4604; x_wconf 78' lang='lat' dir='ltr'><strong>adversam</strong></span> <span class='ocrx_word' id='word_1_756' title='bbox 3264 4558 3446 4604; x_wconf 88' lang='lat' dir='ltr'><strong>autem</strong></span> <span class='ocrx_word' id='word_1_757' title='bbox 3471 4547 3757 4607; x_wconf 88' lang='lat' dir='ltr'><strong>fortunam</strong></span> 
     </span>
    </p>
   </div>
   <div class='ocr_carea' id='block_1_107' title="bbox 2167 4638 3763 4712">
    <p class='ocr_par' dir='ltr' id='par_1_107' title="bbox 2167 4638 3763 4712">
     <span class='ocr_line' id='line_1_107' title="bbox 2167 4638 3763 4712; baseline 0 -18"><span class='ocrx_word' id='word_1_758' title='bbox 2167 4640 2363 4695; x_wconf 79' lang='lat' dir='ltr'><strong>deinde</strong></span> <span class='ocrx_word' id='word_1_759' title='bbox 2391 4649 2649 4710; x_wconf 78' lang='lat' dir='ltr'><strong>expertus</strong></span> <span class='ocrx_word' id='word_1_760' title='bbox 2676 4648 2817 4704; x_wconf 88' lang='lat' dir='ltr'><strong>erat,</strong></span> <span class='ocrx_word' id='word_1_761' title='bbox 2842 4648 3050 4694; x_wconf 88' lang='lat' dir='ltr'><strong>mutata</strong></span> <span class='ocrx_word' id='word_1_762' title='bbox 3076 4655 3259 4695; x_wconf 87' lang='lat' dir='ltr'><strong>rerum</strong></span> <span class='ocrx_word' id='word_1_763' title='bbox 3288 4638 3426 4695; x_wconf 88' lang='lat' dir='ltr'><strong>facie</strong></span> <span class='ocrx_word' id='word_1_764' title='bbox 3457 4640 3610 4710; x_wconf 90' lang='lat' dir='ltr'><strong>pacis</strong></span> <span class='ocrx_word' id='word_1_765' title='bbox 3637 4642 3763 4712; x_wconf 86' lang='lat' dir='ltr'><strong>agi-</strong></span> 
     </span>
    </p>
   </div>
   <div class='ocr_carea' id='block_1_108' title="bbox 2169 4728 3763 4800">
    <p class='ocr_par' dir='ltr' id='par_1_108' title="bbox 2169 4728 3763 4800">
     <span class='ocr_line' id='line_1_108' title="bbox 2169 4728 3763 4800; baseline 0.001 -17"><span class='ocrx_word' id='word_1_766' title='bbox 2169 4730 2318 4785; x_wconf 89' lang='lat' dir='ltr'><strong>tabat</strong></span> <span class='ocrx_word' id='word_1_767' title='bbox 2360 4731 2607 4785; x_wconf 85' lang='lat' dir='ltr'><strong>consilia.</strong></span> <span class='ocrx_word' id='word_1_768' title='bbox 2666 4732 2868 4785; x_wconf 91' lang='lat' dir='ltr'><strong>Parum</strong></span> <span class='ocrx_word' id='word_1_769' title='bbox 2925 4732 3071 4786; x_wconf 88' lang='lat' dir='ltr'><strong>enim</strong></span> <span class='ocrx_word' id='word_1_770' title='bbox 3124 4729 3365 4799; x_wconf 86' lang='lat' dir='ltr'><strong>proficua</strong></span> <span class='ocrx_word' id='word_1_771' title='bbox 3416 4730 3518 4800; x_wconf 85' lang='lat' dir='ltr'><strong>ipsi</strong></span> <span class='ocrx_word' id='word_1_772' title='bbox 3571 4728 3763 4785; x_wconf 84' lang='lat' dir='ltr'><strong>fuerat</strong></span> 
     </span>
    </p>
   </div>
   <div class='ocr_carea' id='block_1_109' title="bbox 2169 4820 3762 4891">
    <p class='ocr_par' dir='ltr' id='par_1_109' title="bbox 2169 4820 3762 4891">
     <span class='ocr_line' id='line_1_109' title="bbox 2169 4820 3762 4891; baseline 0.001 -15"><span class='ocrx_word' id='word_1_773' title='bbox 2169 4821 2538 4877; x_wconf 82' lang='lat' dir='ltr'><strong>controversia</strong></span> <span class='ocrx_word' id='word_1_774' title='bbox 2576 4822 2675 4876; x_wconf 89' lang='lat' dir='ltr'><strong>ista</strong></span> <span class='ocrx_word' id='word_1_775' title='bbox 2721 4836 2842 4877; x_wconf 90' lang='lat' dir='ltr'><strong>cum</strong></span> <span class='ocrx_word' id='word_1_776' title='bbox 2890 4821 3281 4886; x_wconf 85' lang='lat' dir='ltr'><strong>Orientalibus,</strong></span> <span class='ocrx_word' id='word_1_777' title='bbox 3325 4830 3382 4875; x_wconf 92' lang='lat' dir='ltr'><strong>et</strong></span> <span class='ocrx_word' id='word_1_778' title='bbox 3426 4820 3762 4891; x_wconf 83' lang='lat' dir='ltr'><strong>gravissime</strong></span> 
     </span>
    </p>
   </div>
   <div class='ocr_carea' id='block_1_110' title="bbox 2169 4909 3764 4983">
    <p class='ocr_par' dir='ltr' id='par_1_110' title="bbox 2169 4909 3764 4983">
     <span class='ocr_line' id='line_1_110' title="bbox 2169 4909 3764 4983; baseline 0.001 -18"><span class='ocrx_word' id='word_1_779' title='bbox 2169 4913 2518 4983; x_wconf 89' lang='lat' dir='ltr'><strong>premebatur</strong></span> <span class='ocrx_word' id='word_1_780' title='bbox 2586 4912 2806 4981; x_wconf 84' lang='lat' dir='ltr'><strong>scriptis</strong></span> <span class='ocrx_word' id='word_1_781' title='bbox 2874 4927 2904 4966; x_wconf 91' lang='lat' dir='ltr'><strong>a</strong></span> <span class='ocrx_word' id='word_1_782' title='bbox 2971 4911 3171 4966; x_wconf 86' lang='lat' dir='ltr'><strong>Nostro</strong></span> <span class='ocrx_word' id='word_1_783' title='bbox 3231 4910 3570 4981; x_wconf 85' lang='lat' dir='ltr'><strong>compositis.</strong></span> <span class='ocrx_word' id='word_1_784' title='bbox 3639 4909 3764 4967; x_wconf 87' lang='lat' dir='ltr'><strong>Nec</strong></span> 
     </span>
    </p>
   </div>
   <div class='ocr_carea' id='block_1_111' title="bbox 2168 5002 3759 5072">
    <p class='ocr_par' dir='ltr' id='par_1_111' title="bbox 2168 5002 3759 5072">
     <span class='ocr_line' id='line_1_111' title="bbox 2168 5002 3759 5072; baseline 0.001 -17"><span class='ocrx_word' id='word_1_785' title='bbox 2168 5002 2406 5057; x_wconf 80' lang='lat' dir='ltr'><strong>Joannes</strong></span> <span class='ocrx_word' id='word_1_786' title='bbox 2436 5002 2740 5058; x_wconf 79' lang='lat' dir='ltr'><strong>Antiochia</strong></span> <span class='ocrx_word' id='word_1_787' title='bbox 2771 5004 3059 5072; x_wconf 84' lang='lat' dir='ltr'><strong>episcopus</strong></span> <span class='ocrx_word' id='word_1_788' title='bbox 3083 5018 3111 5057; x_wconf 93' lang='lat' dir='ltr'><strong>c</strong></span> <span class='ocrx_word' id='word_1_789' title='bbox 3144 5018 3199 5056; x_wconf 88' lang='lat' dir='ltr'><strong>re</strong></span> <span class='ocrx_word' id='word_1_790' title='bbox 3224 5017 3320 5057; x_wconf 90' lang='lat' dir='ltr'><strong>sua</strong></span> <span class='ocrx_word' id='word_1_791' title='bbox 3347 5018 3467 5058; x_wconf 70' lang='lat' dir='ltr'><strong>esse</strong></span> <span class='ocrx_word' id='word_1_792' title='bbox 3493 5002 3759 5070; x_wconf 88' lang='lat' dir='ltr'><strong>ducebat,</strong></span> 
     </span>
    </p>
   </div>
   <div class='ocr_carea' id='block_1_112' title="bbox 2172 5094 3762 5163">
    <p class='ocr_par' dir='ltr' id='par_1_112' title="bbox 2172 5094 3762 5163">
     <span class='ocr_line' id='line_1_112' title="bbox 2172 5094 3762 5163; baseline 0.002 -16"><span class='ocrx_word' id='word_1_793' title='bbox 2172 5095 2354 5148; x_wconf 85' lang='lat' dir='ltr'><strong>litibus</strong></span> <span class='ocrx_word' id='word_1_794' title='bbox 2389 5095 2539 5149; x_wconf 84' lang='lat' dir='ltr'><strong>hisce</strong></span> <span class='ocrx_word' id='word_1_795' title='bbox 2571 5095 2773 5150; x_wconf 87' lang='lat' dir='ltr'><strong>diutius</strong></span> <span class='ocrx_word' id='word_1_796' title='bbox 2804 5096 3087 5157; x_wconf 86' lang='lat' dir='ltr'><strong>inharcre,</strong></span> <span class='ocrx_word' id='word_1_797' title='bbox 3140 5109 3261 5148; x_wconf 89' lang='lat' dir='ltr'><strong>cum</strong></span> <span class='ocrx_word' id='word_1_798' title='bbox 3308 5094 3455 5148; x_wconf 84' lang='lat' dir='ltr'><strong>nulla</strong></span> <span class='ocrx_word' id='word_1_799' title='bbox 3498 5109 3627 5163; x_wconf 88' lang='lat' dir='ltr'><strong>spes</strong></span> <span class='ocrx_word' id='word_1_800' title='bbox 3674 5096 3762 5151; x_wconf 88' lang='lat' dir='ltr'><strong>illi</strong></span> 
     </span>
    </p>
   </div>
   <div class='ocr_carea' id='block_1_113' title="bbox 2171 5183 3762 5255">
    <p class='ocr_par' dir='ltr' id='par_1_113' title="bbox 2171 5183 3762 5255">
     <span class='ocr_line' id='line_1_113' title="bbox 2171 5183 3762 5255; baseline 0.003 -18"><span class='ocrx_word' id='word_1_801' title='bbox 2171 5184 2377 5254; x_wconf 77' lang='lat' dir='ltr'><strong>reliqua</strong></span> <span class='ocrx_word' id='word_1_802' title='bbox 2406 5192 2574 5249; x_wconf 88' lang='lat' dir='ltr'><strong>esset,</strong></span> <span class='ocrx_word' id='word_1_803' title='bbox 2603 5183 2720 5239; x_wconf 88' lang='lat' dir='ltr'><strong>fore</strong></span> <span class='ocrx_word' id='word_1_804' title='bbox 2755 5194 2814 5238; x_wconf 92' lang='lat' dir='ltr'><strong>ut</strong></span> <span class='ocrx_word' id='word_1_805' title='bbox 2842 5197 2964 5253; x_wconf 88' lang='lat' dir='ltr'><strong>qua</strong></span> <span class='ocrx_word' id='word_1_806' title='bbox 2986 5193 3174 5238; x_wconf 88' lang='lat' dir='ltr'><strong>contra</strong></span> <span class='ocrx_word' id='word_1_807' title='bbox 3199 5183 3511 5239; x_wconf 81' lang='lat' dir='ltr'><strong>Nestorium</strong></span> <span class='ocrx_word' id='word_1_808' title='bbox 3545 5184 3762 5255; x_wconf 87' lang='lat' dir='ltr'><strong>Ephesi</strong></span> 
     </span>
    </p>
   </div>
   <div class='ocr_carea' id='block_1_114' title="bbox 2171 5274 3765 5345">
    <p class='ocr_par' dir='ltr' id='par_1_114' title="bbox 2171 5274 3765 5345">
     <span class='ocr_line' id='line_1_114' title="bbox 2171 5274 3765 5345; baseline 0.004 -18"><span class='ocrx_word' id='word_1_809' title='bbox 2171 5276 2386 5330; x_wconf 85' lang='lat' dir='ltr'><strong>decreta</strong></span> <span class='ocrx_word' id='word_1_810' title='bbox 2409 5285 2587 5341; x_wconf 88' lang='lat' dir='ltr'><strong>erant,</strong></span> <span class='ocrx_word' id='word_1_811' title='bbox 2618 5276 3076 5331; x_wconf 84' lang='lat' dir='ltr'><strong>rescinderentur.</strong></span> <span class='ocrx_word' id='word_1_812' title='bbox 3106 5274 3182 5330; x_wconf 89' lang='lat' dir='ltr'><strong>lla</strong></span> <span class='ocrx_word' id='word_1_813' title='bbox 3207 5276 3525 5345; x_wconf 83' lang='lat' dir='ltr'><strong>praparatis</strong></span> <span class='ocrx_word' id='word_1_814' title='bbox 3549 5278 3765 5335; x_wconf 89' lang='lat' dir='ltr'><strong>animis</strong></span> 
     </span>
    </p>
   </div>
   <div class='ocr_carea' id='block_1_115' title="bbox 2170 5365 3765 5436">
    <p class='ocr_par' dir='ltr' id='par_1_115' title="bbox 2170 5365 3765 5436">
     <span class='ocr_line' id='line_1_115' title="bbox 2170 5365 3765 5436; baseline 0.003 -16"><span class='ocrx_word' id='word_1_815' title='bbox 2170 5382 2235 5420; x_wconf 81' lang='lat' dir='ltr'><strong>ex</strong></span> <span class='ocrx_word' id='word_1_816' title='bbox 2263 5374 2388 5420; x_wconf 81' lang='lat' dir='ltr'><strong>voto</strong></span> <span class='ocrx_word' id='word_1_817' title='bbox 2419 5368 2651 5422; x_wconf 84' lang='lat' dir='ltr'><strong>accessit</strong></span> <span class='ocrx_word' id='word_1_818' title='bbox 2687 5365 3031 5436; x_wconf 87' lang='lat' dir='ltr'><strong>imperatoris</strong></span> <span class='ocrx_word' id='word_1_819' title='bbox 3065 5370 3405 5423; x_wconf 85' lang='lat' dir='ltr'><strong>mandatum.</strong></span> <span class='ocrx_word' id='word_1_820' title='bbox 3434 5377 3490 5419; x_wconf 91' lang='lat' dir='ltr'><strong>ut</strong></span> <span class='ocrx_word' id='word_1_821' title='bbox 3512 5366 3765 5436; x_wconf 83' lang='lat' dir='ltr'><strong>Cyrilius</strong></span> 
     </span>
    </p>
   </div>
   <div class='ocr_carea' id='block_1_116' title="bbox 2171 5459 3762 5530">
    <p class='ocr_par' dir='ltr' id='par_1_116' title="bbox 2171 5459 3762 5530">
     <span class='ocr_line' id='line_1_116' title="bbox 2171 5459 3762 5530; baseline 0.003 -18"><span class='ocrx_word' id='word_1_822' title='bbox 2171 5475 2359 5514; x_wconf 87' lang='lat' dir='ltr'><strong>omnes</strong></span> <span class='ocrx_word' id='word_1_823' title='bbox 2403 5459 2721 5515; x_wconf 87' lang='lat' dir='ltr'><strong>inimicitias</strong></span> <span class='ocrx_word' id='word_1_824' title='bbox 2756 5459 3050 5529; x_wconf 89' lang='lat' dir='ltr'><strong>deponeret</strong></span> <span class='ocrx_word' id='word_1_825' title='bbox 3096 5469 3153 5517; x_wconf 90' lang='lat' dir='ltr'><strong>et</strong></span> <span class='ocrx_word' id='word_1_826' title='bbox 3180 5475 3370 5515; x_wconf 89' lang='lat' dir='ltr'><strong>eorum</strong></span> <span class='ocrx_word' id='word_1_827' title='bbox 3399 5475 3521 5530; x_wconf 82' lang='lat' dir='ltr'><strong>qua</strong></span> <span class='ocrx_word' id='word_1_828' title='bbox 3551 5459 3762 5529; x_wconf 85' lang='lat' dir='ltr'><strong>Ephesi</strong></span> 
     </span>
    </p>
   </div>
   <div class='ocr_carea' id='block_1_117' title="bbox 2171 5550 3764 5622">
    <p class='ocr_par' dir='ltr' id='par_1_117' title="bbox 2171 5550 3764 5622">
     <span class='ocr_line' id='line_1_117' title="bbox 2171 5550 3764 5622; baseline 0.002 -19"><span class='ocrx_word' id='word_1_829' title='bbox 2171 5560 2426 5619; x_wconf 75' lang='lat' dir='ltr'><strong>expertus</strong></span> <span class='ocrx_word' id='word_1_830' title='bbox 2451 5550 2628 5607; x_wconf 90' lang='lat' dir='ltr'><strong>fuerat</strong></span> <span class='ocrx_word' id='word_1_831' title='bbox 2650 5552 2969 5607; x_wconf 88' lang='lat' dir='ltr'><strong>memoriam</strong></span> <span class='ocrx_word' id='word_1_832' title='bbox 2994 5552 3273 5622; x_wconf 83' lang='lat' dir='ltr'><strong>abjiceret,</strong></span> <span class='ocrx_word' id='word_1_833' title='bbox 3298 5551 3534 5607; x_wconf 84' lang='lat' dir='ltr'><strong>Joannes</strong></span> <span class='ocrx_word' id='word_1_834' title='bbox 3564 5562 3764 5608; x_wconf 86' lang='lat' dir='ltr'><strong>autem</strong></span> 
     </span>
    </p>
   </div>
   <div class='ocr_carea' id='block_1_118' title="bbox 2172 5643 3765 5703">
    <p class='ocr_par' dir='ltr' id='par_1_118' title="bbox 2172 5643 3765 5703">
     <span class='ocr_line' id='line_1_118' title="bbox 2172 5643 3765 5703; baseline 0.003 -4"><span class='ocrx_word' id='word_1_835' title='bbox 2172 5645 2453 5700; x_wconf 81' lang='lat' dir='ltr'><strong>sententia</strong></span> <span class='ocrx_word' id='word_1_836' title='bbox 2479 5654 2674 5700; x_wconf 80' lang='lat' dir='ltr'><strong>contra</strong></span> <span class='ocrx_word' id='word_1_837' title='bbox 2697 5643 3009 5701; x_wconf 79' lang='lat' dir='ltr'><strong>Nestorium</strong></span> <span class='ocrx_word' id='word_1_838' title='bbox 3042 5648 3163 5701; x_wconf 81' lang='lat' dir='ltr'><strong>lata</strong></span> <span class='ocrx_word' id='word_1_839' title='bbox 3188 5645 3574 5702; x_wconf 84' lang='lat' dir='ltr'><strong>subscriberet.</strong></span> <span class='ocrx_word' id='word_1_840' title='bbox 3613 5645 3765 5703; x_wconf 82' lang='lat' dir='ltr'><strong>Pace</strong></span> 
     </span>
    </p>
   </div>
  </div>
