3920 6316
404 204 475 268 Π
1328 197 1423 256 DE
1483 196 1659 257 VITA
1703 195 1797 253 ET
1838 186 2175 251 SCRIPTIS
2206 189 2689 251 TIIEODOBETI
3595 193 3665 257 48

408 316 563 373 simis
594 312 909 394 hominibus
943 312 1044 368 sub
1074 310 1402 366 Theodoreti
1437 308 1658 363 nomine
1685 307 1803 362 fietu
1836 314 1982 367 sunt,
2015 305 2055 358 A
2089 316 2238 362 retur
2271 310 2537 381 synodus,
2583 310 2634 363 in
2670 324 2774 379 qua
2807 308 2912 379 egit
2947 308 3251 378 prmsidem,
3297 309 3665 382 Eutychisque

409 407 620 483 quales,
641 421 847 479 quaeso,
869 404 989 460 illos
1011 410 1365 473 reputaturus
1388 400 1597 466 fuisset,
1616 398 1814 470 quibus
1837 397 1988 452 fraus

411 517 521 557 non
557 502 737 570 primo
771 497 966 553 intuitu
1000 495 1184 567 patet?

482 592 598 666 [‘29.]
629 592 922 647 Acerbiora
944 596 1099 643 erant
1125 586 1256 651 fata,
1287 601 1408 656 quae
1426 584 1807 640 't‘heodoretus
1834 583 1988 638 dein-

409 682 478 739 de
499 691 753 752 expertus
780 682 881 733 eSt.
916 677 1117 749 Cyrillo
1145 676 1199 729 in
1230 676 1357 731 sede
1381 673 1747 730 Alexandrina
1776 688 1991 729 succes-

412 776 481 831 sit
513 773 827 834 Dioscorus,
876 771 967 825 vix
1021 769 1219 839 dignus
1266 770 1318 822 in
1367 784 1527 837 quem
1568 767 1704 823 tanti
1752 767 1987 822 honores

411 865 806 921 conferrentur.
836 862 1076 917 Ambitio
1109 860 1248 930 ejus,
1278 876 1344 915 ne
1371 861 1437 915 de
1468 875 1736 930 propensa
1764 860 1909 916 illius
1934 862 1986 915 in

408 956 776 1028 Eutychianos
826 955 1104 1009 voluntate
1156 967 1301 1007 nunc
1364 952 1659 1022 quidquam
1719 951 1986 1014 dicamus.

411 1050 577 1105 nullis
631 1049 1010 1104 continebatur
1068 1045 1370 1108 limitibus,
1423 1045 1557 1099 adeo
1602 1052 1661 1099 ut
1708 1044 1761 1097 in
1811 1043 1988 1098 aliena

409 1158 628 1212 quoque
657 1140 879 1196 dimcesi
914 1139 1004 1208 jus
1038 1152 1291 1192 exercere
1333 1139 1575 1203 auderet,
1611 1146 1667 1191 ut
1697 1153 1726 1192 e
1756 1152 1991 1206 sequen-

410 1235 557 1289 tibus
587 1233 886 1303 apparebit.
930 1230 1270 1286 Tlieodoreto
1309 1240 1496 1285 nostro
1528 1230 1582 1284 in
1622 1229 1812 1299 primis
1843 1229 1990 1283 mul-

413 1334 590 1378 tarum
621 1323 991 1377 calamitatum
1032 1329 1222 1376 auctor
1253 1318 1375 1387 fuit,
1415 1336 1525 1377 non
1556 1321 1718 1392 quasi
1763 1320 1833 1378 de
1863 1320 1988 1376 fidei
2020 1358 2036 1376 .

409 1416 684 1485 capitibus
717 1431 842 1471 cum
873 1430 938 1469 co
970 1415 1331 1481 decertasset,
1360 1414 1411 1470 id
1441 1414 1588 1470 enim
1622 1413 1988 1469 honorificum

414 1510 582 1565 videri
618 1514 847 1579 poterat,
893 1508 985 1562 sed
1014 1506 1139 1576 quia
1175 1505 1432 1563 Nostrum
1477 1505 1854 1562 adversarium
1892 1506 1989 1560 ha-

413 1602 624 1667 buerat,
658 1614 780 1655 cum
812 1600 880 1654 de
911 1599 1145 1669 primatu
1177 1598 1316 1654 inter
1339 1597 1592 1654 Proclum
1624 1605 1679 1652 ct
1701 1596 1986 1669 Cyrillum,

412 1709 507 1748 Seu
583 1692 765 1761 potius
835 1691 978 1745 hunc
1048 1690 1226 1761 ipsum
1295 1690 1654 1756 Dioscorum,
1732 1687 1987 1744 Ecclesia:

412 1784 791 1840 Alexandrina:
842 1798 907 1838 eo
958 1795 1202 1853 tempore
1248 1782 1700 1854 apocrisiarium,
1749 1781 1818 1836 lis
1867 1792 1987 1836 orta

413 1885 579 1932 esset.
615 1874 958 1947 Episcopatui
1008 1876 1263 1933 admotus
1297 1876 1597 1947 arripiebat
1636 1874 1987 1934 occasionem

413 1984 575 2038 quam
608 1968 708 2024 sibi
740 1967 922 2023 datam
952 1984 1073 2024 esse
1104 1968 1346 2038 putabat,
1395 1976 1453 2023 ut
1481 1966 1823 2023 calamitates
1866 1967 1990 2037 qui-

414 2059 516 2113 bus
560 2057 931 2114 Theodoretus
987 2057 1090 2113 hoc
1137 2064 1380 2131 tempore
1418 2057 1785 2127 premebatur,
1839 2070 1987 2112 acer-

412 2148 593 2204 biores
624 2148 888 2204 redderet.
925 2147 1228 2205 Accusatus
1265 2151 1409 2204 enim
1442 2159 1560 2204 erat
1590 2149 1678 2204 ille
1704 2149 1847 2219 apud
1888 2148 1991 2202 im-

412 2250 716 2310 peratorem
751 2238 1138 2303 Theodosium,
1189 2256 1253 2295 ac
1297 2240 1342 2296 si
1394 2239 1707 2311 frequentes
1748 2240 1990 2312 synodos

410 2345 577 2401 prope
621 2331 960 2386 Antiochiam
1006 2340 1415 2402 congregasset,
1461 2341 1515 2387 ct
1547 2332 1600 2386 in
1632 2330 1990 2387 concionibns

412 2438 596 2478 coram
645 2424 844 2493 populo
893 2423 1131 2479 recitatis
1194 2422 1427 2478 nefanda
1484 2424 1740 2493 dogmata
1784 2437 1988 2493 propo-

414 2517 638 2571 suisset.
688 2515 917 2569 Tantum
960 2516 1101 2585 apud
1146 2517 1527 2586 imperatorem
1577 2515 1859 2570 valuerant
1909 2514 1992 2570 ha:

416 2603 617 2673 iniqua:
639 2603 1034 2667 accusationes,
1069 2612 1128 2658 ut
1152 2603 1586 2659 Commonitorio
1619 2603 1791 2673 ipsius
1813 2602 1992 2660 Theo-

412 2694 551 2750 dosii
585 2709 745 2748 manu
785 2694 988 2764 scripto
1019 2692 1212 2749 Noster
1242 2693 1643 2763 prohiberetur,
1693 2697 1825 2749 urbe.
1850 2695 1993 2767 Cyro

413 2786 616 2857 egredi.
660 2785 792 2841 Rem
824 2786 1044 2856 exponit
1082 2786 1134 2839 in
1166 2785 1283 2841 suis
1319 2787 1385 2841 ad
1413 2784 1763 2842 Eutrcchium
1802 2786 1993 2856 praefe-

413 2887 583 2941 ctum,
628 2877 939 2932 Anatolium
995 2877 1279 2946 patricium
1327 2888 1382 2932 et
1430 2877 1725 2933 Eusebium
1764 2878 1994 2950 Ancyrae

2095 414 2314 454 causam
2363 412 2572 455 armata
2613 400 2960 455 manu‘adeo
3007 399 3267 466 defendit,
3314 410 3373 456 ut
3419 402 3520 456 iste
3567 417 3667 473 pro

2093 493 2305 547 insonte
2355 492 2661 548 declaratus
2713 492 2768 547 in
2816 493 3100 564 pristinam
3143 493 3455 564 dignitatem
3502 497 3665 550 resti-

2092 594 2356 641 tueretur.
2392 585 2473 640 Ab
2500 586 2601 640 hac
2629 585 2838 656 synodo
2867 585 3138 654 Ephesina
3169 587 3477 657 posteriori,
3499 604 3667 658 quam

2091 678 2162 733 ob
2191 676 2424 732 nefanda
2458 678 2510 731 in
2537 676 2854 732 Flavianum
2878 678 3121 748 aliosque
3150 678 3383 748 purioris
3406 679 3669 735 doctrina:

2091 769 2403 826 defensores
2450 769 2741 826 commissa
2792 769 3055 835 facinora,
3109 770 3409 843 λῃστρικὴν
3454 772 3666 833 dicunt.

2091 864 2347 918 mandato
2394 864 2737 933 imperatoris
2772 864 3066 919 Theodosii
3116 865 3307 920 abesse
3350 864 3541 935 jussus
3586 876 3670 920 est

2091 956 2485 1018 Theodoretus.
2525 956 2663 1011 Mala
2695 957 2797 1013 sibi
2836 956 3176 1012 imminentia
3223 957 3571 1028 praevidebat,
3609 966 3671 1013 ut

2092 1064 2157 1102 ex
2181 1048 2413 1117 epistola
2441 1046 2587 1117 (H2)
2620 1062 2784 1117 quam
2812 1047 2879 1101 ad
2915 1046 3185 1102 Domuum
3218 1048 3517 1103 Antiochia:
3551 1048 3669 1117 epi-

2092 1151 2317 1205 scopum
2351 1135 2517 1202 dedit,
2559 1136 2885 1207 colligimus.
2932 1135 3043 1193 Nec
3081 1153 3257 1192 vanus
3290 1148 3409 1193 erat
3447 1147 3670 1199 metus;

2092 1243 2216 1281 nam
2245 1242 2367 1281 cum
2400 1227 2585 1282 nmltis
2616 1227 2758 1295 aliis,
2788 1243 2929 1299 quos
2956 1228 3133 1285 laudis
3153 1230 3336 1299 potius
3358 1243 3523 1297 quam
3559 1244 3672 1284 ma-

2092 1317 2267 1372 lorum
2300 1317 2481 1374 socios
2503 1316 2674 1375 fuisse
2705 1319 2930 1388 dixeris,
2961 1321 3088 1376 sede
3106 1321 3399 1392 episcopali
3425 1321 3675 1390 dejectus

2090 1417 2192 1465 est.
2234 1408 2339 1465 Sed
2383 1409 2681 1479 gloriosum
2711 1411 2934 1467 omnino
2963 1423 3091 1468 tunc
3123 1423 3262 1480 erat,
3312 1414 3379 1468 iis
3407 1415 3673 1469 adnume-

2091 1498 2200 1552 rari
2230 1498 2322 1570 qui
2366 1515 2471 1554 non
2516 1498 2775 1554 sederunt
2809 1499 2862 1554 in
2897 1500 3135 1556 concilio
3168 1501 3482 1572 impiorum.
3519 1500 3675 1555 Adeo

2093 1592 2236 1647 enim
2261 1592 2336 1646 illi
2364 1600 2612 1662 proterva
2638 1591 2864 1649 audacia
2890 1593 3234 1649 macularunt
3263 1591 3461 1646 famam
3489 1607 3672 1655 suam,

2094 1685 2189 1755 qui
2223 1700 2252 1739 a
2289 1683 2533 1745 Dioscori
2560 1684 2805 1755 partibus
2830 1685 2883 1739 in
2908 1686 3013 1741 hac
3046 1684 3256 1757 synodo
3291 1694 3578 1749 steterunt,
3612 1694 3676 1739 ut

2095 1777 2307 1847 turpius
2342 1775 2460 1850 [24]
2492 1775 2655 1832 fuerit
2687 1777 2904 1832 immitti
2933 1792 3098 1848 quam
3126 1776 3272 1847 ejici.
3319 1776 3454 1832 Acta
3487 1787 3674 1831 autem

2097 1870 2262 1940 lmjus
2293 1870 2486 1942 synodi
2530 1870 2759 1925 rescissa
2791 1879 2918 1925 sunt
2948 1870 3156 1932 omnia,
3187 1868 3511 1925 auctoritate
3542 1884 3675 1924 con-

2093 1964 2206 2020 cilii
2254 1962 2714 2020 Chalcedonensis
2763 1979 2857 2019 seu
2904 1962 3226 2018 mcumenici
3268 1962 3467 2031 quarti,
3524 1960 3676 2032 quod

2095 2057 2349 2127 precibus
2388 2055 2504 2111 suis
2555 2056 2623 2110 ab
2674 2055 3002 2125 imperatore
3047 2054 3323 2131 Marciano
3364 2054 3679 2124 impetravit

2094 2146 2205 2203 Leo
2252 2146 2323 2201 Μ.
2374 2146 2742 2201 Romanorum
2798 2147 3108 2216 episcopus.
3170 2146 3518 2201 Celebratum
3573 2145 3678 2200 fuit

2094 2241 2386 2297 concilium
2420 2240 2549 2295 illud
2583 2256 2711 2293 ann.
2754 2238 2814 2296 C.
2849 2239 2976 2304 451,
3012 2239 3294 2309 praesidem
3341 2247 3534 2309 agente
3580 2254 3677 2308 per

2093 2334 2336 2404 quinque
2364 2332 2571 2403 legatos
2601 2332 2784 2386 Leone
2826 2330 2898 2385 bl.
2943 2330 3208 2385 Praeclara
3249 2330 3421 2384 multa
3454 2343 3676 2399 perege-

2093 2435 2224 2481 runt
2269 2425 2458 2481 Patres
2508 2424 2853 2479 Cbalcedone
2907 2426 3240 2492 congregati,
3285 2438 3520 2493 quorum
3561 2422 3677 2477 fre-

2095 2516 2316 2588 quentia
2362 2516 2629 2586 iusignem
2684 2516 2914 2570 concilio
2968 2515 3044 2569 illi
3100 2513 3251 2569 dedit
3302 2515 3673 2584 splendorem.

2089 2606 2202 2664 Nos
2233 2618 2413 2662 autem
2439 2607 2623 2662 missis
2644 2606 2891 2676 reliquis,
2920 2606 3030 2659 illis
3059 2616 3268 2660 tantum
3291 2622 3416 2676 quae
3441 2606 3507 2659 ad
3538 2606 3681 2660 scri-

2096 2709 2305 2768 ptorem
2340 2707 2588 2751 nostrum
2624 2705 2894 2766 spectant,
2929 2694 3363 2750 immorabimur.
3397 2693 3551 2761 Sunt,
3579 2696 3678 2765 qui

2097 2798 2308 2858 putant,
2359 2787 2762 2843 Theodoretum
2798 2786 3014 2842 nonnisi
3064 2795 3251 2842 octava
3287 2787 3567 2853 sessione,
3620 2788 3677 2840 in

2097 2899 2201 2952 qua
2226 2891 2419 2953 praeter
2443 2896 2666 2937 causam
2696 2881 2815 2951 ejus
2842 2879 2956 2935 fere
2991 2880 3126 2935 nihil
3149 2879 3475 2951 agitabatur,
3505 2879 3681 2935 fuisse

413 2971 726 3039 episcopum
761 2968 951 3023 litteris
981 2970 1158 3038 (epist.
1187 2969 1277 3033 78,
1305 2968 1392 3034 80,
1421 2969 1534 3034 82),
1571 2978 1625 3025 et
1656 2970 1780 3041 jure
1810 2972 1875 3026 de
1908 2983 1994 3027 tu-
2020 2997 2065 3057 ε
2099 2978 2422 3031 admissum.
2463 2973 2755 3032 Facundus
2785 2987 2989 3040 autem,
3036 2990 3199 3045 quem
3229 2974 3321 3057 alii
3351 2983 3679 3042 sequuntur,

415 3059 711 3113 multuario
739 3060 840 3114 hoc
862 3060 1069 3130 judicio
1096 3075 1160 3115 ac
1192 3060 1386 3131 injuria
1414 3060 1521 3116 sibi
1555 3060 1699 3116 facta
1726 3064 1992 3133 queritur.

414 3149 614 3206 Nolatu
650 3151 701 3204 in
730 3152 922 3221 primis
952 3151 1111 3222 digna
1144 3163 1198 3207 et
1227 3153 1559 3209 illustrandm
1608 3154 1846 3210 historia
1873 3166 1995 3221 apta

417 3253 544 3301 sunt
585 3245 745 3300 verba
781 3245 883 3300 ista
915 3261 977 3300 ex
1004 3246 1233 3316 epistola
1263 3247 1329 3302 ad
1361 3248 1734 3303 Eutrechium.
1796 3266 1816 3299 ι
1846 3248 1996 3319 lnju-

416 3338 519 3402 ria,
552 3337 748 3407 inquit,
782 3338 972 3407 procul
1006 3338 1171 3395 dubio
1209 3355 1297 3395 me
1326 3339 1643 3405 affecerunt,
1688 3340 1779 3411 qui
1808 3341 1997 3396 ambas

416 3444 578 3485 aures
608 3430 1098 3487 calumniatoribus
1137 3431 1423 3499 dederunt,
1450 3448 1552 3488 nec
1577 3433 1804 3488 alteram
1838 3434 1997 3489 nobis

418 3532 723 3579 servarunt.
753 3521 889 3578 Nam
915 3533 967 3579 et
993 3523 1279 3580 homicidis
1301 3539 1365 3579 ac
1385 3523 1644 3580 adulteris
1664 3526 1997 3583 defensionis

418 3613 570 3669 locus
596 3614 910 3669 conceditur
947 3632 961 3668 :
997 3629 1097 3669 nec
1143 3616 1291 3683 prius
1333 3616 1603 3670 sententia
1643 3626 1834 3671 contra
1873 3616 1995 3674 illos

408 3705 641 3773 dicitur,
672 3721 836 3775 quam
881 3714 1175 3775 praesentes
1205 3705 1439 3761 convicti
1484 3705 1705 3771 fuerint,
1745 3705 1832 3761 vel
1861 3720 1995 3760 con-

414 3797 573 3866 fessi,
618 3813 799 3852 vcram
847 3796 963 3870 [23]
1000 3813 1121 3854 esse
1166 3798 1593 3854 accusationem.
1638 3800 1707 3854 At
1755 3799 1994 3871 pontifex

419 3888 709 3944 calumnia:
744 3889 921 3943 factus
950 3896 1033 3944 est
1063 3887 1383 3954 ludibrium,
1411 3905 1481 3945 ne
1515 3888 1566 3945 id
1598 3890 1818 3960 quidem
1846 3889 1994 3961 quod

411 3978 792 4048 sepulcrorum
824 3978 1143 4033 ell'ractores
1185 3979 1386 4046 solent,
1421 3990 1772 4048 consecutus,
1817 3992 1877 4036 ut
1914 3982 1995 4035 in-

412 4080 809 4141 terrogaretur,
843 4085 910 4124 an
940 4087 1066 4126 rcra
1091 4072 1222 4136 sint,
1254 4071 1322 4126 de
1350 4072 1551 4143 quibus
1572 4073 1940 4128 insimulatur.
1966 4092 1986 4125 ι

418 4162 570 4216 lianc
600 4176 790 4232 parum
814 4177 1026 4232 mquam
1055 4162 1248 4233 agendi
1281 4164 1547 4219 rationem
1576 4165 1748 4219 tenuit
1776 4179 1994 4236 quoque

414 4251 737 4308 Dioscorus.
786 4254 923 4309 Cum
958 4256 1104 4309 enim
1150 4251 1558 4310 Theodoretum
1604 4255 1706 4311 hoc
1749 4265 1993 4327 tempore

2099 3086 2165 3126 ex
2201 3071 2351 3126 Actis
2378 3070 2592 3126 concilii
2631 3070 2866 3124 evictum
2898 3068 3064 3134 dedit,
3108 3083 3233 3123 eum
3268 3052 3298 3121 Ξι
3335 3066 3512 3137 primo
3552 3066 3680 3120 inde

2100 3163 2259 3218 initio
2281 3160 2598 3217 interfuisse
2630 3160 2857 3233 synodo,
2891 3159 3094 3215 frustra
3126 3158 3482 3214 renitentibus
3512 3156 3677 3228 {Egy-

2099 3254 2226 3324 ptiis
2251 3253 2483 3323 aliisque
2514 3252 2722 3307 multis.
2744 3251 2882 3317 Quid
2909 3238 3090 3305 actum
3120 3250 3192 3306 sit
3220 3252 3465 3306 sessione
3486 3260 3678 3304 octava

2098 3345 2152 3400 in
2185 3361 2352 3401 causa
2399 3342 2750 3406 Theodoreti,
2800 3351 2853 3399 et
2895 3342 3094 3413 quibus
3126 3341 3531 3397 conditionibus
3561 3341 3678 3395 sedi

2098 3451 2212 3491 sua:
2245 3436 2530 3492 restitutus
2560 3435 2651 3499 sit,
2684 3435 2829 3490 haud
2856 3434 3052 3490 melius
3083 3449 3245 3503 quam
3275 3448 3341 3489 ex
3372 3433 3505 3503 ipsis
3525 3432 3680 3488 Actis

2099 3529 2264 3597 hujus
2293 3529 2509 3584 concilii
2553 3527 2826 3584 recenseri
2859 3527 3078 3598 poterit.
3125 3526 3251 3582 Haec
3281 3535 3460 3581 autem
3505 3525 3577 3579 ita
3619 3542 3677 3583 se

2099 3622 2301 3676 habent
2344 3621 2484 3691 apud
2538 3620 2878 3675 llarduinum
2930 3619 2985 3675 in
3027 3618 3254 3675 Collect.
3289 3619 3487 3676 concil.
3532 3628 3573 3676 t.
3607 3619 3679 3689 ll,

2098 3729 2149 3783 p.
2179 3712 2283 3768 498
2316 3728 2431 3783 seq.
2562 3722 2565 3725 ‘

2174 3825 2190 3853 ι
2229 3805 2612 3861 Residentibus
2637 3805 2895 3863 omnibus
2925 3816 3049 3863 ante
3084 3806 3357 3863 cancellos
3386 3805 3676 3862 sanctissi-

2097 3898 2168 3950 mi
2222 3897 2411 3952 altaris
2457 3897 2896 3953 reverendissimi
2945 3899 3186 3970 episcopi
3244 3900 3623 3955 clamaverunt
3657 3915 3677 3955 :

2098 3989 2476 4045 'l‘heodoretus
2512 3989 2672 4045 modo
2705 3991 3128 4047 anathematizet
3153 3990 3491 4048 Nestorium.

2173 4098 2191 4131 ι
2224 4078 2603 4138 Tlieodoretus
2635 4083 3129 4139 reverendissimus
3156 4082 3446 4154 episcopus
3488 4090 3676 4139 trans-

2096 4174 2215 4229 iens
2246 4172 2299 4227 in
2331 4174 2572 4229 medium
2601 4174 2739 4229 dixit
2771 4191 2789 4229 :
2818 4175 2881 4230 Et
2904 4191 3095 4247 preces
3124 4175 3297 4230 obtuli
3330 4174 3677 4231 divinissime

2096 4282 2160 4321 ac
2189 4267 2439 4339 piissimo
2469 4267 2782 4338 imperatori
2810 4277 2864 4323 et
2893 4268 3104 4324 libellos
3125 4268 3296 4324 obtuli
3330 4267 3672 4325 reverendisp

414 4344 651 4400 honesto
690 4346 893 4400 carceri
926 4346 1084 4415 quasi
1116 4345 1385 4401 inclusum
1418 4347 1602 4410 sciret,
1648 4348 1830 4402 statim
1870 4358 1992 4418 post

2105 4357 2262 4414 simis
2287 4359 2564 4430 episc0pis
2596 4360 2886 4430 agentibus
2910 4360 3091 4416 locum
3117 4360 3554 4417 reverendissimi
3582 4376 3679 4415 ar-

416 4437 818 4493 accusationem
847 4452 878 4491 a
907 4438 1122 4492 clericis
1149 4436 1409 4493 Osroenis
1442 4440 1745 4494 institutam
1774 4442 1995 4497 anathe-

419 4538 565 4584 mate
602 4528 859 4585 Nostrum
887 4545 1178 4600 aggressus
1205 4540 1309 4595 est,
1344 4532 1445 4586 etsi
1475 4532 1685 4587 nullum
1718 4534 1770 4588 in
1803 4536 1993 4593 alienae

421 4621 657 4693 regionis
696 4622 989 4677 antistitem
1026 4622 1118 4692 jus
1163 4623 1236 4675 illi
1277 4634 1625 4693 competeret,
1661 4636 1715 4681 ct
1746 4626 1994 4683 Theodo-

423 4722 570 4768 retus
608 4723 798 4769 contra
845 4712 1077 4782 injustas
1099 4712 1508 4770 criminationes
1547 4731 1607 4772 se
1644 4718 1696 4771 in
1729 4718 1991 4789 Epistula,

421 4823 544 4877 quae
579 4823 809 4862 numero
843 4815 927 4861 est
969 4805 1302 4875 octogesima
1347 4807 1525 4872 tertia,
1558 4810 1774 4881 egregie
1812 4813 1996 4868 defen-

422 4901 612 4956 disset.
658 4900 732 4954 Ita
776 4914 1033 4970 magnum
1076 4898 1520 4967 impedimentum
1562 4913 1828 4959 remotum
1877 4922 1997 4962 esse

424 4992 648 5061 puuhat
682 4991 995 5053 Dioscorus,
1039 4991 1182 5061 quod
1218 4994 1586 5061 promovendo
1618 4993 1878 5068 Eutyebis
1906 5014 1994 5052 er-

425 5085 560 5150 rori,
599 5087 684 5141 cui
717 5087 832 5154 ipse
871 5099 1197 5156 magnopere
1223 5085 1456 5152 favebat,
1487 5089 1752 5146 obsistere
1784 5095 1998 5162 potuis-

422 5188 526 5234 set.
563 5180 860 5234 Damnatus
889 5178 1107 5246 quidem
1135 5186 1189 5234 et
1227 5180 1297 5234 ab
1332 5180 1512 5236 ollicio
1549 5184 1871 5240 sacerdotali
1905 5186 1997 5240 dc-

422 5271 613 5342 pulsus
637 5281 721 5327 cst
743 5271 1014 5342 Eutycbes
1038 5270 1091 5325 in
1119 5273 1353 5328 concilio
1371 5272 1994 5348 Constantinopolitano,

422 5364 566 5434 quod
592 5364 740 5420 brevi
759 5365 1008 5433 posthinc
1029 5374 1271 5436 tempore
1291 5381 1419 5423 ann.
1448 5368 1507 5424 C.
1528 5368 1652 5434 488,
1676 5372 1998 5427 auctoritate

423 5457 666 5511 Flaviani
700 5458 850 5512 urbis
878 5458 1036 5529 regiae
1059 5458 1294 5529 episc0pi
1333 5462 1733 5531 frequentatum
1762 5473 1865 5525 cst,
1903 5464 1993 5517 sed

423 5548 682 5604 Eudoxia:
729 5549 986 5621 Augusta:
1026 5560 1080 5605 ct
1123 5551 1446 5624 Chrysaphii
1507 5555 1743 5609 eunuchi
1786 5557 1995 5610 artibus

422 5639 595 5698 elIecit
622 5639 936 5709 Dioscorus,
979 5651 1034 5699 ut
1074 5646 1320 5715 proximo
1371 5660 1516 5701 anno
1555 5663 1692 5701 nova
1723 5663 1993 5705 convoca-

2097 4453 2427 4524 chiepiscopi
2453 4452 2685 4520 Leonis;
2714 4464 2769 4509 et
2802 4454 2850 4509 si
2875 4452 3028 4511 vobis
3060 4454 3289 4521 videtur,
3308 4455 3555 4526 lcgantur
3582 4470 3677 4511 eo-

2099 4558 2214 4597 ram
2247 4543 2419 4609 vobis,
2452 4552 2513 4598 ut
2539 4544 2681 4599 sicut
2709 4543 2895 4614 sapio,’
2913 4544 3277 4614 cognoscatis.

2173 4655 2192 4688 ι
2222 4635 2941 4707 Reverendissimiepiscopi
2977 4638 3345 4691 clamaverunt
3373 4655 3388 4691 :
3413 4635 3560 4691 Nihil
3592 4652 3679 4692 re-

2098 4729 2199 4798 legi
2234 4729 2517 4793 volumus;
2555 4728 2719 4784 modo
2746 4728 3141 4783 anathematiza
3177 4726 3510 4783 Nestorium.

2174 4842 2190 4874 ι
2223 4819 2598 4878 Theodoretus
2635 4820 3128 4877 reverendissimus
3160 4821 3449 4890 episcopus
3490 4820 3628 4875 dixit
3657 4836 3673 4876 :

2099 4914 2212 4985 Ego
2242 4930 2336 4983 per
2371 4914 2462 4970 Dei
2495 4913 2721 4983 gratiam
2771 4913 2840 4968 ab
2870 4913 3191 4970 orthodoxis
3236 4927 3359 4968 sum
3410 4913 3674 4979 nutritus,

2098 5019 2149 5061 et
2175 5007 2478 5062 orthodoxe
2516 5020 2638 5061 sum
2669 5006 2896 5062 edoctus
2922 5014 2978 5062 et
3016 5006 3318 5060 orthodoxe
3349 5005 3676 5075 pra-dicavi;

2097 5111 2150 5154 ct
2183 5113 2290 5153 non
2327 5098 2502 5154 solum
2538 5096 2847 5155 Nestorium
2893 5107 2949 5153 et
2987 5097 3103 5170 [95]
3146 5097 3462 5168 Eutychem,
3497 5096 3593 5153 sed
3625 5107 3681 5152 et

2097 5205 2316 5246 onmem
2367 5191 2663 5256 hominem,
2705 5194 2799 5261 qui
2838 5199 2981 5245 recte
3009 5205 3114 5245 non
3151 5191 3315 5260 sapit,
3348 5205 3589 5256 aversor,
3623 5201 3680 5246 et

2097 5284 2336 5340 alienum
2358 5284 2642 5339 existimo.

2174 5394 2192 5426 ι
2234 5375 2298 5429 Et
2335 5375 2466 5430 dum
2516 5375 2720 5430 diceret
2771 5376 2908 5438 haec,
2956 5375 3395 5431 reverendissimi
3436 5375 3679 5446 episcopi

2097 5468 2472 5522 clamaverunt
2519 5486 2534 5520 :
2566 5466 2725 5522 Clare
2762 5467 2850 5521 dic
2882 5467 3169 5523 anathema
3194 5466 3444 5522 Nestorio
3489 5476 3543 5522 et
3585 5467 3680 5523 do-

2100 5560 2370 5631 gmatibus
2386 5561 2505 5627 ejus
2524 5576 2540 5625 ;
2560 5562 2847 5614 anathema
2860 5558 3111 5616 Nestorio
3132 5570 3185 5616 et
3201 5562 3510 5618 amantibus
3528 5577 3679 5629 eum,

2173 5671 2188 5702 ι
2225 5651 2599 5706 Tlieodorclus
2630 5654 3119 5709 reverendissimus
3163 5653 3454 5725 cpisc0pns
3488 5654 3627 5708 dixit
3665 5673 3681 5711 :
