  <div class='ocr_page' id='page_1' title='image "/cluster/home/n/w/nwhite01/storage/ocr_20150623/80/pst.000005712793/034.png"; bbox 0 0 3928 6316; ppageno 0'>
   <div class='ocr_carea' id='block_1_1' title="bbox 221 520 3457 613">
    <p class='ocr_par' dir='ltr' id='par_1_1' title="bbox 221 520 3457 613">
     <span class='ocr_line' id='line_1_1' title="bbox 221 520 3457 613; baseline -0.001 -28"><span class='ocrx_word' id='word_1_1' title='bbox 221 522 285 585; x_wconf 75' lang='lat' dir='ltr'><strong>te</strong></span> <span class='ocrx_word' id='word_1_2' title='bbox 1565 520 2085 581; x_wconf 69' lang='lat' dir='ltr'><strong>DlSSEllTATlO.</strong></span> <span class='ocrx_word' id='word_1_3' title='bbox 2352 590 2363 613; x_wconf 64' lang='grc' dir='ltr'><strong> </strong></span> <span class='ocrx_word' id='word_1_4' title='bbox 2778 526 2783 531; x_wconf 43' lang='grc' dir='ltr'>θ</span> <span class='ocrx_word' id='word_1_5' title='bbox 3387 522 3457 583; x_wconf 78' lang='lat' dir='ltr'><strong>so</strong></span> 
     </span>
    </p>
   </div>
   <div class='ocr_carea' id='block_1_2' title="bbox 221 636 3456 709">
    <p class='ocr_par' dir='ltr' id='par_1_2' title="bbox 221 636 3456 709">
     <span class='ocr_line' id='line_1_2' title="bbox 221 636 3456 709; baseline 0 -14"><span class='ocrx_word' id='word_1_6' title='bbox 221 641 344 699; x_wconf 74' lang='lat' dir='ltr'><strong>Vere</strong></span> <span class='ocrx_word' id='word_1_7' title='bbox 392 656 501 695; x_wconf 90' lang='lat' dir='ltr'><strong>non</strong></span> <span class='ocrx_word' id='word_1_8' title='bbox 549 640 695 706; x_wconf 83' lang='lat' dir='ltr'><strong>dico,</strong></span> <span class='ocrx_word' id='word_1_9' title='bbox 748 638 853 695; x_wconf 90' lang='lat' dir='ltr'><strong>nisi</strong></span> <span class='ocrx_word' id='word_1_10' title='bbox 885 637 1160 709; x_wconf 89' lang='lat' dir='ltr'><strong>quomodo</strong></span> <span class='ocrx_word' id='word_1_11' title='bbox 1222 638 1348 693; x_wconf 83' lang='lat' dir='ltr'><strong>novi</strong></span> <span class='ocrx_word' id='word_1_12' title='bbox 1406 637 1513 692; x_wconf 87' lang='lat' dir='ltr'><strong>Deo</strong></span> <span class='ocrx_word' id='word_1_13' title='bbox 1541 638 1773 707; x_wconf 79' lang='lat' dir='ltr'><strong>placere.</strong></span> <span class='ocrx_word' id='word_1_14' title='bbox 1808 655 1849 707; x_wconf 66' lang='grc' dir='ltr'><strong>Α</strong></span> <span class='ocrx_word' id='word_1_15' title='bbox 1881 638 2095 692; x_wconf 85' lang='lat' dir='ltr'><strong>mittere</strong></span> <span class='ocrx_word' id='word_1_16' title='bbox 2154 637 2403 701; x_wconf 87' lang='lat' dir='ltr'><strong>nolebat,</strong></span> <span class='ocrx_word' id='word_1_17' title='bbox 2453 636 2546 692; x_wconf 87' lang='lat' dir='ltr'><strong>sed</strong></span> <span class='ocrx_word' id='word_1_18' title='bbox 2610 638 2993 704; x_wconf 70' lang='lat' dir='ltr'><strong>mandaverat,</strong></span> <span class='ocrx_word' id='word_1_19' title='bbox 3053 654 3157 691; x_wconf 85' lang='lat' dir='ltr'><strong>non</strong></span> <span class='ocrx_word' id='word_1_20' title='bbox 3208 650 3456 708; x_wconf 83' lang='lat' dir='ltr'><strong>oportere</strong></span> 
     </span>
    </p>
   </div>
   <div class='ocr_carea' id='block_1_3' title="bbox 219 730 1758 802">
    <p class='ocr_par' dir='ltr' id='par_1_3' title="bbox 219 730 1758 802">
     <span class='ocr_line' id='line_1_3' title="bbox 219 730 1758 802; baseline -0.005 -9"><span class='ocrx_word' id='word_1_21' title='bbox 219 739 358 793; x_wconf 88' lang='lat' dir='ltr'><strong>Prius</strong></span> <span class='ocrx_word' id='word_1_22' title='bbox 371 733 651 790; x_wconf 82' lang='lat' dir='ltr'><strong>satisfacio</strong></span> <span class='ocrx_word' id='word_1_23' title='bbox 674 732 847 796; x_wconf 83' lang='lat' dir='ltr'><strong>vobis,</strong></span> <span class='ocrx_word' id='word_1_24' title='bbox 866 731 999 802; x_wconf 88' lang='lat' dir='ltr'><strong>quia</strong></span> <span class='ocrx_word' id='word_1_25' title='bbox 1024 746 1202 800; x_wconf 88' lang='lat' dir='ltr'><strong>neque</strong></span> <span class='ocrx_word' id='word_1_26' title='bbox 1222 732 1287 786; x_wconf 89' lang='lat' dir='ltr'><strong>de</strong></span> <span class='ocrx_word' id='word_1_27' title='bbox 1307 731 1528 785; x_wconf 91' lang='lat' dir='ltr'><strong>civitate</strong></span> <span class='ocrx_word' id='word_1_28' title='bbox 1561 730 1758 799; x_wconf 81' lang='lat' dir='ltr'><strong>cogito,</strong></span> 
     </span>
    </p>
   </div>
   <div class='ocr_carea' id='block_1_4' title="bbox 219 821 1783 906">
    <p class='ocr_par' dir='ltr' id='par_1_4' title="bbox 219 821 1783 906">
     <span class='ocr_line' id='line_1_4' title="bbox 219 821 1783 906; baseline -0.006 -22"><span class='ocrx_word' id='word_1_29' title='bbox 219 844 375 899; x_wconf 87' lang='lat' dir='ltr'><strong>neque</strong></span> <span class='ocrx_word' id='word_1_30' title='bbox 403 829 613 881; x_wconf 83' lang='lat' dir='ltr'><strong>honore</strong></span> <span class='ocrx_word' id='word_1_31' title='bbox 638 840 778 895; x_wconf 92' lang='lat' dir='ltr'><strong>opus</strong></span> <span class='ocrx_word' id='word_1_32' title='bbox 805 824 999 889; x_wconf 87' lang='lat' dir='ltr'><strong>habeo,</strong></span> <span class='ocrx_word' id='word_1_33' title='bbox 1058 837 1236 893; x_wconf 78' lang='lat' dir='ltr'><strong>neque</strong></span> <span class='ocrx_word' id='word_1_34' title='bbox 1282 822 1353 877; x_wconf 89' lang='lat' dir='ltr'><strong>ob</strong></span> <span class='ocrx_word' id='word_1_35' title='bbox 1384 823 1487 877; x_wconf 91' lang='lat' dir='ltr'><strong>hoc</strong></span> <span class='ocrx_word' id='word_1_36' title='bbox 1526 821 1721 876; x_wconf 85' lang='lat' dir='ltr'><strong>adveni</strong></span> <span class='ocrx_word' id='word_1_37' title='bbox 1766 854 1783 906; x_wconf 47' lang='grc' dir='ltr'>δ</span> 
     </span>
    </p>
   </div>
   <div class='ocr_carea' id='block_1_5' title="bbox 216 913 1780 990">
    <p class='ocr_par' dir='ltr' id='par_1_5' title="bbox 216 913 1780 990">
     <span class='ocr_line' id='line_1_5' title="bbox 216 913 1780 990; baseline -0.006 -13"><span class='ocrx_word' id='word_1_38' title='bbox 216 923 295 977; x_wconf 81' lang='lat' dir='ltr'><strong>sed</strong></span> <span class='ocrx_word' id='word_1_39' title='bbox 327 920 449 990; x_wconf 87' lang='lat' dir='ltr'><strong>quia</strong></span> <span class='ocrx_word' id='word_1_40' title='bbox 479 917 813 973; x_wconf 87' lang='lat' dir='ltr'><strong>calumniam</strong></span> <span class='ocrx_word' id='word_1_41' title='bbox 851 930 1044 985; x_wconf 89' lang='lat' dir='ltr'><strong>passus</strong></span> <span class='ocrx_word' id='word_1_42' title='bbox 1093 931 1235 980; x_wconf 90' lang='lat' dir='ltr'><strong>sum,</strong></span> <span class='ocrx_word' id='word_1_43' title='bbox 1274 914 1392 969; x_wconf 81' lang='lat' dir='ltr'><strong>veni</strong></span> <span class='ocrx_word' id='word_1_44' title='bbox 1444 913 1780 977; x_wconf 79' lang='lat' dir='ltr'><strong>satisfacere,</strong></span> 
     </span>
    </p>
   </div>
   <div class='ocr_carea' id='block_1_6' title="bbox 220 1004 1779 1075">
    <p class='ocr_par' dir='ltr' id='par_1_6' title="bbox 220 1004 1779 1075">
     <span class='ocr_line' id='line_1_6' title="bbox 220 1004 1779 1075; baseline -0.003 -10"><span class='ocrx_word' id='word_1_45' title='bbox 220 1027 300 1065; x_wconf 86' lang='lat' dir='ltr'><strong>me</strong></span> <span class='ocrx_word' id='word_1_46' title='bbox 352 1026 470 1065; x_wconf 86' lang='lat' dir='ltr'><strong>esse</strong></span> <span class='ocrx_word' id='word_1_47' title='bbox 515 1008 927 1075; x_wconf 81' lang='lat' dir='ltr'><strong>orthodoxam;</strong></span> <span class='ocrx_word' id='word_1_48' title='bbox 977 1016 1032 1063; x_wconf 90' lang='lat' dir='ltr'><strong>et</strong></span> <span class='ocrx_word' id='word_1_49' title='bbox 1055 1022 1271 1062; x_wconf 88' lang='lat' dir='ltr'><strong>omnem</strong></span> <span class='ocrx_word' id='word_1_50' title='bbox 1323 1004 1641 1062; x_wconf 61' lang='lat' dir='ltr'><strong>haereticurn</strong></span> <span class='ocrx_word' id='word_1_51' title='bbox 1686 1005 1779 1074; x_wconf 85' lang='lat' dir='ltr'><strong>qui</strong></span> 
     </span>
    </p>
   </div>
   <div class='ocr_carea' id='block_1_7' title="bbox 212 1097 1781 1166">
    <p class='ocr_par' dir='ltr' id='par_1_7' title="bbox 212 1097 1781 1166">
     <span class='ocr_line' id='line_1_7' title="bbox 212 1097 1781 1166; baseline -0.004 -7"><span class='ocrx_word' id='word_1_52' title='bbox 212 1104 435 1159; x_wconf 73' lang='lat' dir='ltr'><strong>converti</strong></span> <span class='ocrx_word' id='word_1_53' title='bbox 489 1102 764 1166; x_wconf 87' lang='lat' dir='ltr'><strong>noluerit,</strong></span> <span class='ocrx_word' id='word_1_54' title='bbox 810 1101 1245 1165; x_wconf 82' lang='lat' dir='ltr'><strong>anathematizo,</strong></span> <span class='ocrx_word' id='word_1_55' title='bbox 1289 1108 1342 1153; x_wconf 89' lang='lat' dir='ltr'><strong>et</strong></span> <span class='ocrx_word' id='word_1_56' title='bbox 1371 1097 1680 1153; x_wconf 83' lang='lat' dir='ltr'><strong>Nestorium</strong></span> <span class='ocrx_word' id='word_1_57' title='bbox 1724 1107 1781 1153; x_wconf 90' lang='lat' dir='ltr'><strong>et</strong></span> 
     </span>
    </p>
   </div>
   <div class='ocr_carea' id='block_1_8' title="bbox 214 1190 1771 1265">
    <p class='ocr_par' dir='ltr' id='par_1_8' title="bbox 214 1190 1771 1265">
     <span class='ocr_line' id='line_1_8' title="bbox 214 1190 1771 1265; baseline -0.005 -17"><span class='ocrx_word' id='word_1_58' title='bbox 214 1194 516 1265; x_wconf 81' lang='lat' dir='ltr'><strong>Eutychem,</strong></span> <span class='ocrx_word' id='word_1_59' title='bbox 549 1205 605 1249; x_wconf 91' lang='lat' dir='ltr'><strong>et</strong></span> <span class='ocrx_word' id='word_1_60' title='bbox 631 1208 847 1249; x_wconf 91' lang='lat' dir='ltr'><strong>omnem</strong></span> <span class='ocrx_word' id='word_1_61' title='bbox 878 1192 1153 1247; x_wconf 85' lang='lat' dir='ltr'><strong>hominem</strong></span> <span class='ocrx_word' id='word_1_62' title='bbox 1203 1190 1470 1246; x_wconf 86' lang='lat' dir='ltr'><strong>dicentem</strong></span> <span class='ocrx_word' id='word_1_63' title='bbox 1525 1190 1599 1245; x_wconf 84' lang='lat' dir='ltr'><strong>rel</strong></span> <span class='ocrx_word' id='word_1_64' title='bbox 1650 1190 1771 1246; x_wconf 81' lang='lat' dir='ltr'><strong>oni-</strong></span> 
     </span>
    </p>
   </div>
   <div class='ocr_carea' id='block_1_9' title="bbox 212 1283 1243 1349">
    <p class='ocr_par' dir='ltr' id='par_1_9' title="bbox 212 1283 1243 1349">
     <span class='ocr_line' id='line_1_9' title="bbox 212 1283 1243 1349; baseline -0.003 -10"><span class='ocrx_word' id='word_1_65' title='bbox 212 1297 415 1341; x_wconf 87' lang='lat' dir='ltr'><strong>nantem</strong></span> <span class='ocrx_word' id='word_1_66' title='bbox 449 1285 590 1341; x_wconf 91' lang='lat' dir='ltr'><strong>duos</strong></span> <span class='ocrx_word' id='word_1_67' title='bbox 624 1284 786 1349; x_wconf 85' lang='lat' dir='ltr'><strong>ﬁlios,</strong></span> <span class='ocrx_word' id='word_1_68' title='bbox 818 1283 1243 1338; x_wconf 78' lang='lat' dir='ltr'><strong>anatltematizo.</strong></span> 
     </span>
    </p>
   </div>
   <div class='ocr_carea' id='block_1_10' title="bbox 280 1370 1765 1441">
    <p class='ocr_par' dir='ltr' id='par_1_10' title="bbox 280 1370 1765 1441">
     <span class='ocr_line' id='line_1_10' title="bbox 280 1370 1765 1441; baseline -0.004 -14"><span class='ocrx_word' id='word_1_69' title='bbox 280 1395 297 1427; x_wconf 73' lang='grc' dir='ltr'><strong>α</strong></span> <span class='ocrx_word' id='word_1_70' title='bbox 329 1374 392 1430; x_wconf 90' lang='lat' dir='ltr'><strong>Et</strong></span> <span class='ocrx_word' id='word_1_71' title='bbox 412 1392 539 1430; x_wconf 91' lang='lat' dir='ltr'><strong>cum</strong></span> <span class='ocrx_word' id='word_1_72' title='bbox 570 1375 793 1438; x_wconf 81' lang='lat' dir='ltr'><strong>diceret,</strong></span> <span class='ocrx_word' id='word_1_73' title='bbox 822 1372 1257 1429; x_wconf 88' lang='lat' dir='ltr'><strong>reverendissimi</strong></span> <span class='ocrx_word' id='word_1_74' title='bbox 1285 1372 1528 1441; x_wconf 90' lang='lat' dir='ltr'><strong>episcopi</strong></span> <span class='ocrx_word' id='word_1_75' title='bbox 1558 1370 1765 1423; x_wconf 88' lang='lat' dir='ltr'><strong>clama-</strong></span> 
     </span>
    </p>
   </div>
   <div class='ocr_carea' id='block_1_11' title="bbox 210 1460 1768 1534">
    <p class='ocr_par' dir='ltr' id='par_1_11' title="bbox 210 1460 1768 1534">
     <span class='ocr_line' id='line_1_11' title="bbox 210 1460 1768 1534; baseline -0.005 -13"><span class='ocrx_word' id='word_1_76' title='bbox 210 1475 421 1521; x_wconf 77' lang='lat' dir='ltr'><strong>verunt:</strong></span> <span class='ocrx_word' id='word_1_77' title='bbox 452 1464 549 1520; x_wconf 91' lang='lat' dir='ltr'><strong>Dic</strong></span> <span class='ocrx_word' id='word_1_78' title='bbox 586 1475 776 1534; x_wconf 87' lang='lat' dir='ltr'><strong>aperte</strong></span> <span class='ocrx_word' id='word_1_79' title='bbox 811 1465 1099 1519; x_wconf 84' lang='lat' dir='ltr'><strong>anathema</strong></span> <span class='ocrx_word' id='word_1_80' title='bbox 1144 1462 1398 1519; x_wconf 81' lang='lat' dir='ltr'><strong>Nestorio</strong></span> <span class='ocrx_word' id='word_1_81' title='bbox 1435 1472 1487 1517; x_wconf 88' lang='lat' dir='ltr'><strong>et</strong></span> <span class='ocrx_word' id='word_1_82' title='bbox 1541 1462 1629 1526; x_wconf 88' lang='lat' dir='ltr'><strong>iis,</strong></span> <span class='ocrx_word' id='word_1_83' title='bbox 1676 1460 1768 1530; x_wconf 91' lang='lat' dir='ltr'><strong>qui</strong></span> 
     </span>
    </p>
   </div>
   <div class='ocr_carea' id='block_1_12' title="bbox 208 1558 996 1628">
    <p class='ocr_par' dir='ltr' id='par_1_12' title="bbox 208 1558 996 1628">
     <span class='ocr_line' id='line_1_12' title="bbox 208 1558 996 1628; baseline -0.004 -15"><span class='ocrx_word' id='word_1_84' title='bbox 208 1575 263 1613; x_wconf 85' lang='lat' dir='ltr'><strong>ea</strong></span> <span class='ocrx_word' id='word_1_85' title='bbox 286 1574 398 1628; x_wconf 75' lang='lat' dir='ltr'><strong>qua:</strong></span> <span class='ocrx_word' id='word_1_86' title='bbox 424 1558 545 1627; x_wconf 86' lang='lat' dir='ltr'><strong>ejus</strong></span> <span class='ocrx_word' id='word_1_87' title='bbox 574 1565 726 1624; x_wconf 91' lang='lat' dir='ltr'><strong>sunt,</strong></span> <span class='ocrx_word' id='word_1_88' title='bbox 757 1559 996 1626; x_wconf 89' lang='lat' dir='ltr'><strong>sapiunt.</strong></span> 
     </span>
    </p>
   </div>
   <div class='ocr_carea' id='block_1_13' title="bbox 281 1645 1763 1717">
    <p class='ocr_par' dir='ltr' id='par_1_13' title="bbox 281 1645 1763 1717">
     <span class='ocr_line' id='line_1_13' title="bbox 281 1645 1763 1717; baseline -0.003 -15"><span class='ocrx_word' id='word_1_89' title='bbox 281 1671 297 1702; x_wconf 72' lang='grc' dir='ltr'>ι</span> <span class='ocrx_word' id='word_1_90' title='bbox 328 1649 702 1705; x_wconf 82' lang='lat' dir='ltr'><strong>Theodoretus</strong></span> <span class='ocrx_word' id='word_1_91' title='bbox 731 1647 1219 1704; x_wconf 84' lang='lat' dir='ltr'><strong>reverendissimus</strong></span> <span class='ocrx_word' id='word_1_92' title='bbox 1252 1647 1539 1717; x_wconf 87' lang='lat' dir='ltr'><strong>episc0pus</strong></span> <span class='ocrx_word' id='word_1_93' title='bbox 1586 1645 1725 1699; x_wconf 76' lang='lat' dir='ltr'><strong>dixit</strong></span> <span class='ocrx_word' id='word_1_94' title='bbox 1752 1664 1763 1698; x_wconf 90' lang='lat'><strong>:</strong></span> 
     </span>
    </p>
   </div>
   <div class='ocr_carea' id='block_1_14' title="bbox 211 1734 1769 1812">
    <p class='ocr_par' dir='ltr' id='par_1_14' title="bbox 211 1734 1769 1812">
     <span class='ocr_line' id='line_1_14' title="bbox 211 1734 1769 1812; baseline -0.004 -18"><span class='ocrx_word' id='word_1_95' title='bbox 211 1742 310 1811; x_wconf 75' lang='lat' dir='ltr'><strong>Ego</strong></span> <span class='ocrx_word' id='word_1_96' title='bbox 334 1742 435 1796; x_wconf 87' lang='lat' dir='ltr'><strong>nisi</strong></span> <span class='ocrx_word' id='word_1_97' title='bbox 459 1755 767 1812; x_wconf 82' lang='lat' dir='ltr'><strong>exposuero</strong></span> <span class='ocrx_word' id='word_1_98' title='bbox 784 1740 1060 1809; x_wconf 87' lang='lat' dir='ltr'><strong>quomodo</strong></span> <span class='ocrx_word' id='word_1_99' title='bbox 1083 1738 1268 1803; x_wconf 86' lang='lat' dir='ltr'><strong>credo,</strong></span> <span class='ocrx_word' id='word_1_100' title='bbox 1298 1754 1404 1792; x_wconf 92' lang='lat' dir='ltr'><strong>non</strong></span> <span class='ocrx_word' id='word_1_101' title='bbox 1428 1737 1567 1791; x_wconf 92' lang='lat' dir='ltr'><strong>dico.</strong></span> <span class='ocrx_word' id='word_1_102' title='bbox 1589 1734 1769 1790; x_wconf 86' lang='lat' dir='ltr'><strong>Credo</strong></span> 
     </span>
    </p>
   </div>
   <div class='ocr_carea' id='block_1_15' title="bbox 212 1843 681 1887">
    <p class='ocr_par' dir='ltr' id='par_1_15' title="bbox 212 1843 681 1887">
     <span class='ocr_line' id='line_1_15' title="bbox 212 1843 681 1887; baseline -0.004 -2"><span class='ocrx_word' id='word_1_103' title='bbox 212 1843 395 1887; x_wconf 87' lang='lat' dir='ltr'><strong>autem.</strong></span> <span class='ocrx_word' id='word_1_104' title='bbox 438 1870 454 1885; x_wconf 75' lang='grc' dir='ltr'>ι</span> <span class='ocrx_word' id='word_1_105' title='bbox 492 1870 506 1883; x_wconf 86' lang='grc'><strong>.</strong></span> <span class='ocrx_word' id='word_1_106' title='bbox 548 1868 564 1885; x_wconf 77' lang='grc' dir='ltr'><strong>ο</strong></span> <span class='ocrx_word' id='word_1_107' title='bbox 605 1869 623 1885; x_wconf 79' lang='grc' dir='ltr'><strong>ο</strong></span> <span class='ocrx_word' id='word_1_108' title='bbox 666 1870 681 1883; x_wconf 90' lang='grc'><strong>.</strong></span> 
     </span>
    </p>
   </div>
   <div class='ocr_carea' id='block_1_16' title="bbox 268 1915 1767 1987">
    <p class='ocr_par' dir='ltr' id='par_1_16' title="bbox 268 1915 1767 1987">
     <span class='ocr_line' id='line_1_16' title="bbox 268 1915 1767 1987; baseline -0.004 -13"><span class='ocrx_word' id='word_1_109' title='bbox 268 1943 286 1974; x_wconf 73' lang='grc' dir='ltr'>ι</span> <span class='ocrx_word' id='word_1_110' title='bbox 323 1921 528 1977; x_wconf 81' lang='lat' dir='ltr'><strong>Etcum</strong></span> <span class='ocrx_word' id='word_1_111' title='bbox 563 1923 793 1985; x_wconf 89' lang='lat' dir='ltr'><strong>diceret,</strong></span> <span class='ocrx_word' id='word_1_112' title='bbox 823 1919 1260 1976; x_wconf 83' lang='lat' dir='ltr'><strong>reverendissimi</strong></span> <span class='ocrx_word' id='word_1_113' title='bbox 1291 1916 1532 1987; x_wconf 85' lang='lat' dir='ltr'><strong>episcopi</strong></span> <span class='ocrx_word' id='word_1_114' title='bbox 1573 1915 1767 1969; x_wconf 88' lang='lat' dir='ltr'><strong>clama-</strong></span> 
     </span>
    </p>
   </div>
   <div class='ocr_carea' id='block_1_17' title="bbox 1887 725 3455 797">
    <p class='ocr_par' dir='ltr' id='par_1_17' title="bbox 1887 725 3455 797">
     <span class='ocr_line' id='line_1_17' title="bbox 1887 725 3455 797; baseline 0.002 -16"><span class='ocrx_word' id='word_1_115' title='bbox 1887 728 2163 782; x_wconf 82' lang='lat' dir='ltr'><strong>Christum</strong></span> <span class='ocrx_word' id='word_1_116' title='bbox 2191 726 2373 782; x_wconf 84' lang='lat' dir='ltr'><strong>dicere</strong></span> <span class='ocrx_word' id='word_1_117' title='bbox 2400 726 2492 782; x_wconf 82' lang='lat' dir='ltr'><strong>sed</strong></span> <span class='ocrx_word' id='word_1_118' title='bbox 2539 725 2884 797; x_wconf 81' lang='lat' dir='ltr'><strong>Unigenitum</strong></span> <span class='ocrx_word' id='word_1_119' title='bbox 2915 727 3236 797; x_wconf 81' lang='lat' dir='ltr'><strong>gloriﬁcare.</strong></span> <span class='ocrx_word' id='word_1_120' title='bbox 3268 727 3338 783; x_wconf 90' lang='lat' dir='ltr'><strong>Ut</strong></span> <span class='ocrx_word' id='word_1_121' title='bbox 3372 730 3455 785; x_wconf 82' lang='lat' dir='ltr'><strong>his</strong></span> 
     </span>
    </p>
   </div>
   <div class='ocr_carea' id='block_1_18' title="bbox 1887 818 3450 889">
    <p class='ocr_par' dir='ltr' id='par_1_18' title="bbox 1887 818 3450 889">
     <span class='ocr_line' id='line_1_18' title="bbox 1887 818 3450 889; baseline 0.003 -17"><span class='ocrx_word' id='word_1_122' title='bbox 1887 820 2223 889; x_wconf 86' lang='lat' dir='ltr'><strong>temporibus</strong></span> <span class='ocrx_word' id='word_1_123' title='bbox 2254 835 2464 887; x_wconf 67' lang='lat' dir='ltr'><strong>magna:</strong></span> <span class='ocrx_word' id='word_1_124' title='bbox 2492 819 2557 874; x_wconf 88' lang='lat' dir='ltr'><strong>de</strong></span> <span class='ocrx_word' id='word_1_125' title='bbox 2586 818 2764 875; x_wconf 89' lang='lat' dir='ltr'><strong>verbis</strong></span> <span class='ocrx_word' id='word_1_126' title='bbox 2795 820 2983 888; x_wconf 79' lang='lat' dir='ltr'><strong>agitari</strong></span> <span class='ocrx_word' id='word_1_127' title='bbox 3035 820 3282 875; x_wconf 85' lang='lat' dir='ltr'><strong>solebant</strong></span> <span class='ocrx_word' id='word_1_128' title='bbox 3306 821 3450 887; x_wconf 87' lang='lat' dir='ltr'><strong>lites,</strong></span> 
     </span>
    </p>
   </div>
   <div class='ocr_carea' id='block_1_19' title="bbox 1885 912 3454 982">
    <p class='ocr_par' dir='ltr' id='par_1_19' title="bbox 1885 912 3454 982">
     <span class='ocr_line' id='line_1_19' title="bbox 1885 912 3454 982; baseline 0.002 -16"><span class='ocrx_word' id='word_1_129' title='bbox 1885 912 1959 966; x_wconf 88' lang='lat' dir='ltr'><strong>ita</strong></span> <span class='ocrx_word' id='word_1_130' title='bbox 2005 927 2225 982; x_wconf 77' lang='lat' dir='ltr'><strong>quoque</strong></span> <span class='ocrx_word' id='word_1_131' title='bbox 2264 913 2365 966; x_wconf 89' lang='lat' dir='ltr'><strong>sub</strong></span> <span class='ocrx_word' id='word_1_132' title='bbox 2411 912 2512 968; x_wconf 90' lang='lat' dir='ltr'><strong>hac</strong></span> <span class='ocrx_word' id='word_1_133' title='bbox 2548 913 2836 966; x_wconf 83' lang='lat' dir='ltr'><strong>verborum</strong></span> <span class='ocrx_word' id='word_1_134' title='bbox 2885 913 3049 968; x_wconf 89' lang='lat' dir='ltr'><strong>nimia</strong></span> <span class='ocrx_word' id='word_1_135' title='bbox 3106 913 3454 969; x_wconf 84' lang='lat' dir='ltr'><strong>distinctione</strong></span> 
     </span>
    </p>
   </div>
   <div class='ocr_carea' id='block_1_20' title="bbox 1888 1002 3452 1074">
    <p class='ocr_par' dir='ltr' id='par_1_20' title="bbox 1888 1002 3452 1074">
     <span class='ocr_line' id='line_1_20' title="bbox 1888 1002 3452 1074; baseline 0.001 -18"><span class='ocrx_word' id='word_1_136' title='bbox 1888 1002 2128 1057; x_wconf 47' lang='lat' dir='ltr'><strong>hatretici</strong></span> <span class='ocrx_word' id='word_1_137' title='bbox 2161 1002 2363 1072; x_wconf 87' lang='lat' dir='ltr'><strong>aliquid</strong></span> <span class='ocrx_word' id='word_1_138' title='bbox 2408 1004 2571 1057; x_wconf 89' lang='lat' dir='ltr'><strong>latere</strong></span> <span class='ocrx_word' id='word_1_139' title='bbox 2598 1003 2861 1071; x_wconf 90' lang='lat' dir='ltr'><strong>putabant</strong></span> <span class='ocrx_word' id='word_1_140' title='bbox 2904 1004 3090 1072; x_wconf 87' lang='lat' dir='ltr'><strong>aliqui,</strong></span> <span class='ocrx_word' id='word_1_141' title='bbox 3126 1020 3220 1059; x_wconf 88' lang='lat' dir='ltr'><strong>nec</strong></span> <span class='ocrx_word' id='word_1_142' title='bbox 3249 1006 3452 1074; x_wconf 87' lang='lat' dir='ltr'><strong>absque</strong></span> 
     </span>
    </p>
   </div>
   <div class='ocr_carea' id='block_1_21' title="bbox 1881 1093 3451 1166">
    <p class='ocr_par' dir='ltr' id='par_1_21' title="bbox 1881 1093 3451 1166">
     <span class='ocr_line' id='line_1_21' title="bbox 1881 1093 3451 1166; baseline 0.001 -19"><span class='ocrx_word' id='word_1_143' title='bbox 1881 1095 2094 1148; x_wconf 88' lang='lat' dir='ltr'><strong>ratione</strong></span> <span class='ocrx_word' id='word_1_144' title='bbox 2121 1094 2409 1148; x_wconf 83' lang='lat' dir='ltr'><strong>verebatur</strong></span> <span class='ocrx_word' id='word_1_145' title='bbox 2432 1093 2825 1159; x_wconf 87' lang='lat' dir='ltr'><strong>Theodoretus,</strong></span> <span class='ocrx_word' id='word_1_146' title='bbox 2861 1110 2929 1149; x_wconf 88' lang='lat' dir='ltr'><strong>ne</strong></span> <span class='ocrx_word' id='word_1_147' title='bbox 2976 1095 3114 1150; x_wconf 80' lang='lat' dir='ltr'><strong>idem</strong></span> <span class='ocrx_word' id='word_1_148' title='bbox 3151 1097 3295 1166; x_wconf 89' lang='lat' dir='ltr'><strong>quod</strong></span> <span class='ocrx_word' id='word_1_149' title='bbox 3338 1097 3451 1165; x_wconf 85' lang='lat' dir='ltr'><strong>ipse</strong></span> 
     </span>
    </p>
   </div>
   <div class='ocr_carea' id='block_1_22' title="bbox 1879 1183 3450 1254">
    <p class='ocr_par' dir='ltr' id='par_1_22' title="bbox 1879 1183 3450 1254">
     <span class='ocr_line' id='line_1_22' title="bbox 1879 1183 3450 1254; baseline 0.003 -18"><span class='ocrx_word' id='word_1_150' title='bbox 1879 1183 2006 1237; x_wconf 88' lang='lat' dir='ltr'><strong>olim</strong></span> <span class='ocrx_word' id='word_1_151' title='bbox 2038 1194 2295 1254; x_wconf 79' lang='lat' dir='ltr'><strong>expertus</strong></span> <span class='ocrx_word' id='word_1_152' title='bbox 2325 1194 2465 1248; x_wconf 88' lang='lat' dir='ltr'><strong>erat,</strong></span> <span class='ocrx_word' id='word_1_153' title='bbox 2499 1185 2767 1240; x_wconf 88' lang='lat' dir='ltr'><strong>accideret</strong></span> <span class='ocrx_word' id='word_1_154' title='bbox 2792 1186 2966 1250; x_wconf 84' lang='lat' dir='ltr'><strong>Aetio,</strong></span> <span class='ocrx_word' id='word_1_155' title='bbox 3000 1196 3057 1239; x_wconf 91' lang='lat' dir='ltr'><strong>ut</strong></span> <span class='ocrx_word' id='word_1_156' title='bbox 3077 1188 3283 1241; x_wconf 75' lang='lat' dir='ltr'><strong>scilicet</strong></span> <span class='ocrx_word' id='word_1_157' title='bbox 3314 1187 3450 1241; x_wconf 87' lang='lat' dir='ltr'><strong>duos</strong></span> 
     </span>
    </p>
   </div>
   <div class='ocr_carea' id='block_1_23' title="bbox 1878 1271 3445 1345">
    <p class='ocr_par' dir='ltr' id='par_1_23' title="bbox 1878 1271 3445 1345">
     <span class='ocr_line' id='line_1_23' title="bbox 1878 1271 3445 1345; baseline 0.003 -21"><span class='ocrx_word' id='word_1_158' title='bbox 1878 1271 1929 1325; x_wconf 91' lang='lat' dir='ltr'><strong>in</strong></span> <span class='ocrx_word' id='word_1_159' title='bbox 1989 1271 2129 1326; x_wconf 80' lang='lat' dir='ltr'><strong>ﬁlios</strong></span> <span class='ocrx_word' id='word_1_160' title='bbox 2163 1272 2404 1328; x_wconf 83' lang='lat' dir='ltr'><strong>dividere</strong></span> <span class='ocrx_word' id='word_1_161' title='bbox 2450 1272 2566 1345; x_wconf 73' lang='lat'><strong>[27]</strong></span> <span class='ocrx_word' id='word_1_162' title='bbox 2616 1284 2894 1345; x_wconf 87' lang='lat' dir='ltr'><strong>putaretur</strong></span> <span class='ocrx_word' id='word_1_163' title='bbox 2943 1291 3110 1329; x_wconf 80' lang='lat' dir='ltr'><strong>unum</strong></span> <span class='ocrx_word' id='word_1_164' title='bbox 3160 1275 3445 1330; x_wconf 88' lang='lat' dir='ltr'><strong>Dominutn</strong></span> 
     </span>
    </p>
   </div>
   <div class='ocr_carea' id='block_1_24' title="bbox 1876 1363 3444 1437">
    <p class='ocr_par' dir='ltr' id='par_1_24' title="bbox 1876 1363 3444 1437">
     <span class='ocr_line' id='line_1_24' title="bbox 1876 1363 3444 1437; baseline 0.003 -20"><span class='ocrx_word' id='word_1_165' title='bbox 1876 1372 2126 1417; x_wconf 82' lang='lat' dir='ltr'><strong>nostrum</strong></span> <span class='ocrx_word' id='word_1_166' title='bbox 2174 1363 2356 1419; x_wconf 76' lang='lat' dir='ltr'><strong>.lesum</strong></span> <span class='ocrx_word' id='word_1_167' title='bbox 2391 1365 2692 1431; x_wconf 85' lang='lat' dir='ltr'><strong>Christum,</strong></span> <span class='ocrx_word' id='word_1_168' title='bbox 2745 1375 2798 1422; x_wconf 89' lang='lat' dir='ltr'><strong>et</strong></span> <span class='ocrx_word' id='word_1_169' title='bbox 2833 1366 3179 1436; x_wconf 77' lang='lat' dir='ltr'><strong>Unigcnitnm</strong></span> <span class='ocrx_word' id='word_1_170' title='bbox 3227 1368 3444 1437; x_wconf 88' lang='lat' dir='ltr'><strong>quidem</strong></span> 
     </span>
    </p>
   </div>
   <div class='ocr_carea' id='block_1_25' title="bbox 1876 1455 3445 1527">
    <p class='ocr_par' dir='ltr' id='par_1_25' title="bbox 1876 1455 3445 1527">
     <span class='ocr_line' id='line_1_25' title="bbox 1876 1455 3445 1527; baseline 0.001 -18"><span class='ocrx_word' id='word_1_171' title='bbox 1876 1455 2178 1527; x_wconf 76' lang='lat' dir='ltr'><strong>legitimum</strong></span> <span class='ocrx_word' id='word_1_172' title='bbox 2219 1456 2441 1511; x_wconf 80' lang='lat' dir='ltr'><strong>credere</strong></span> <span class='ocrx_word' id='word_1_173' title='bbox 2483 1456 2651 1511; x_wconf 87' lang='lat' dir='ltr'><strong>lilium</strong></span> <span class='ocrx_word' id='word_1_174' title='bbox 2703 1473 2767 1513; x_wconf 89' lang='lat' dir='ltr'><strong>ac</strong></span> <span class='ocrx_word' id='word_1_175' title='bbox 2813 1462 3133 1523; x_wconf 85' lang='lat' dir='ltr'><strong>naturalem,</strong></span> <span class='ocrx_word' id='word_1_176' title='bbox 3166 1459 3445 1513; x_wconf 78' lang='lat' dir='ltr'><strong>Christum</strong></span> 
     </span>
    </p>
   </div>
   <div class='ocr_carea' id='block_1_26' title="bbox 1879 1546 3447 1619">
    <p class='ocr_par' dir='ltr' id='par_1_26' title="bbox 1879 1546 3447 1619">
     <span class='ocr_line' id='line_1_26' title="bbox 1879 1546 3447 1619; baseline 0.003 -21"><span class='ocrx_word' id='word_1_177' title='bbox 1879 1560 2008 1600; x_wconf 89' lang='lat' dir='ltr'><strong>vero</strong></span> <span class='ocrx_word' id='word_1_178' title='bbox 2065 1546 2376 1615; x_wconf 84' lang='lat' dir='ltr'><strong>adoptivum</strong></span> <span class='ocrx_word' id='word_1_179' title='bbox 2425 1562 2489 1600; x_wconf 88' lang='lat' dir='ltr'><strong>ac.</strong></span> <span class='ocrx_word' id='word_1_180' title='bbox 2527 1547 2776 1613; x_wconf 87' lang='lat' dir='ltr'><strong>nothum,</strong></span> <span class='ocrx_word' id='word_1_181' title='bbox 2832 1548 3016 1617; x_wconf 80' lang='lat' dir='ltr'><strong>sicque</strong></span> <span class='ocrx_word' id='word_1_182' title='bbox 3060 1549 3447 1619; x_wconf 79' lang='lat' dir='ltr'><strong>gloriticatione</strong></span> 
     </span>
    </p>
   </div>
   <div class='ocr_carea' id='block_1_27' title="bbox 1874 1635 3443 1707">
    <p class='ocr_par' dir='ltr' id='par_1_27' title="bbox 1874 1635 3443 1707">
     <span class='ocr_line' id='line_1_27' title="bbox 1874 1635 3443 1707; baseline 0.003 -19"><span class='ocrx_word' id='word_1_183' title='bbox 1874 1635 2178 1707; x_wconf 75' lang='lat' dir='ltr'><strong>indignum.</strong></span> <span class='ocrx_word' id='word_1_184' title='bbox 2197 1635 2272 1690; x_wconf 89' lang='lat' dir='ltr'><strong>Ita</strong></span> <span class='ocrx_word' id='word_1_185' title='bbox 2300 1637 2372 1691; x_wconf 89' lang='lat' dir='ltr'><strong>rei</strong></span> <span class='ocrx_word' id='word_1_186' title='bbox 2405 1646 2605 1692; x_wconf 86' lang='lat' dir='ltr'><strong>statum</strong></span> <span class='ocrx_word' id='word_1_187' title='bbox 2632 1638 2873 1707; x_wconf 77' lang='lat' dir='ltr'><strong>depingit</strong></span> <span class='ocrx_word' id='word_1_188' title='bbox 2894 1636 3090 1692; x_wconf 78' lang='lat' dir='ltr'><strong>Noster</strong></span> <span class='ocrx_word' id='word_1_189' title='bbox 3117 1638 3169 1691; x_wconf 93' lang='lat' dir='ltr'><strong>in</strong></span> <span class='ocrx_word' id='word_1_190' title='bbox 3206 1638 3443 1706; x_wconf 71' lang='lat' dir='ltr'><strong>Epistula</strong></span> 
     </span>
    </p>
   </div>
   <div class='ocr_carea' id='block_1_28' title="bbox 1874 1729 3444 1801">
    <p class='ocr_par' dir='ltr' id='par_1_28' title="bbox 1874 1729 3444 1801">
     <span class='ocr_line' id='line_1_28' title="bbox 1874 1729 3444 1801; baseline 0.003 -19"><span class='ocrx_word' id='word_1_191' title='bbox 1874 1743 2038 1798; x_wconf 89' lang='lat' dir='ltr'><strong>quam</strong></span> <span class='ocrx_word' id='word_1_192' title='bbox 2077 1729 2236 1784; x_wconf 90' lang='lat' dir='ltr'><strong>modo</strong></span> <span class='ocrx_word' id='word_1_193' title='bbox 2276 1730 2652 1798; x_wconf 81' lang='lat' dir='ltr'><strong>allegavimus,</strong></span> <span class='ocrx_word' id='word_1_194' title='bbox 2683 1730 2799 1799; x_wconf 91' lang='lat' dir='ltr'><strong>ipse</strong></span> <span class='ocrx_word' id='word_1_195' title='bbox 2834 1746 2961 1784; x_wconf 84' lang='lat' dir='ltr'><strong>vero</strong></span> <span class='ocrx_word' id='word_1_196' title='bbox 2985 1731 3128 1799; x_wconf 82' lang='lat' dir='ltr'><strong>quod</strong></span> <span class='ocrx_word' id='word_1_197' title='bbox 3163 1732 3444 1801; x_wconf 88' lang='lat' dir='ltr'><strong>prudentis</strong></span> 
     </span>
    </p>
   </div>
   <div class='ocr_carea' id='block_1_29' title="bbox 1870 1819 3441 1895">
    <p class='ocr_par' dir='ltr' id='par_1_29' title="bbox 1870 1819 3441 1895">
     <span class='ocr_line' id='line_1_29' title="bbox 1870 1819 3441 1895; baseline 0.004 -22"><span class='ocrx_word' id='word_1_198' title='bbox 1870 1828 1990 1874; x_wconf 89' lang='lat' dir='ltr'><strong>erat</strong></span> <span class='ocrx_word' id='word_1_199' title='bbox 2044 1819 2426 1889; x_wconf 78' lang='lat' dir='ltr'><strong>moderatoris,</strong></span> <span class='ocrx_word' id='word_1_200' title='bbox 2472 1823 2647 1877; x_wconf 91' lang='lat' dir='ltr'><strong>multo</strong></span> <span class='ocrx_word' id='word_1_201' title='bbox 2675 1837 2797 1878; x_wconf 90' lang='lat' dir='ltr'><strong>cum</strong></span> <span class='ocrx_word' id='word_1_202' title='bbox 2830 1824 3012 1877; x_wconf 80' lang='lat' dir='ltr'><strong>studio</strong></span> <span class='ocrx_word' id='word_1_203' title='bbox 3049 1826 3271 1895; x_wconf 77' lang='lat' dir='ltr'><strong>peregit,</strong></span> <span class='ocrx_word' id='word_1_204' title='bbox 3318 1840 3441 1879; x_wconf 90' lang='lat' dir='ltr'><strong>cum</strong></span> 
     </span>
    </p>
   </div>
   <div class='ocr_carea' id='block_1_30' title="bbox 1872 1912 3443 1983">
    <p class='ocr_par' dir='ltr' id='par_1_30' title="bbox 1872 1912 3443 1983">
     <span class='ocr_line' id='line_1_30' title="bbox 1872 1912 3443 1983; baseline 0.004 -19"><span class='ocrx_word' id='word_1_205' title='bbox 1872 1926 1976 1965; x_wconf 88' lang='lat' dir='ltr'><strong>non</strong></span> <span class='ocrx_word' id='word_1_206' title='bbox 2010 1912 2171 1966; x_wconf 92' lang='lat' dir='ltr'><strong>modo</strong></span> <span class='ocrx_word' id='word_1_207' title='bbox 2201 1912 2255 1965; x_wconf 94' lang='lat' dir='ltr'><strong>in</strong></span> <span class='ocrx_word' id='word_1_208' title='bbox 2281 1912 2382 1967; x_wconf 90' lang='lat' dir='ltr'><strong>hac</strong></span> <span class='ocrx_word' id='word_1_209' title='bbox 2409 1912 2647 1983; x_wconf 88' lang='lat' dir='ltr'><strong>Epistola</strong></span> <span class='ocrx_word' id='word_1_210' title='bbox 2685 1914 2861 1970; x_wconf 90' lang='lat' dir='ltr'><strong>locum</strong></span> <span class='ocrx_word' id='word_1_211' title='bbox 2897 1915 3064 1970; x_wconf 91' lang='lat' dir='ltr'><strong>istum</strong></span> <span class='ocrx_word' id='word_1_212' title='bbox 3100 1916 3166 1970; x_wconf 90' lang='lat' dir='ltr'><strong>de</strong></span> <span class='ocrx_word' id='word_1_213' title='bbox 3193 1915 3443 1970; x_wconf 88' lang='lat' dir='ltr'><strong>incarna-</strong></span> 
     </span>
    </p>
   </div>
   <div class='ocr_carea' id='block_1_31' title="bbox 204 1990 3437 2078">
    <p class='ocr_par' dir='ltr' id='par_1_31' title="bbox 204 1990 3437 2078">
     <span class='ocr_line' id='line_1_31' title="bbox 204 1990 3437 2078; baseline -0.002 -13"><span class='ocrx_word' id='word_1_214' title='bbox 204 2025 381 2071; x_wconf 79' lang='lat' dir='ltr'><strong>verunt</strong></span> <span class='ocrx_word' id='word_1_215' title='bbox 412 2035 426 2070; x_wconf 89' lang='lat'>:</span> <span class='ocrx_word' id='word_1_216' title='bbox 456 2014 569 2069; x_wconf 86' lang='lat' dir='ltr'><strong>Iste</strong></span> <span class='ocrx_word' id='word_1_217' title='bbox 613 2014 902 2070; x_wconf 57' lang='lat' dir='ltr'><strong>haereticus</strong></span> <span class='ocrx_word' id='word_1_218' title='bbox 945 2023 1052 2078; x_wconf 91' lang='lat' dir='ltr'><strong>est,</strong></span> <span class='ocrx_word' id='word_1_219' title='bbox 1096 2013 1200 2068; x_wconf 90' lang='lat' dir='ltr'><strong>iste</strong></span> <span class='ocrx_word' id='word_1_220' title='bbox 1252 2009 1608 2065; x_wconf 88' lang='lat' dir='ltr'><strong>Nestorianus</strong></span> <span class='ocrx_word' id='word_1_221' title='bbox 1658 2019 1760 2072; x_wconf 89' lang='lat' dir='ltr'><strong>est,</strong></span> <span class='ocrx_word' id='word_1_222' title='bbox 1800 1990 1840 2044; x_wconf 78' lang='grc' dir='ltr'>Β</span> <span class='ocrx_word' id='word_1_223' title='bbox 1869 2002 2035 2068; x_wconf 90' lang='lat' dir='ltr'><strong>tione,</strong></span> <span class='ocrx_word' id='word_1_224' title='bbox 2068 2005 2132 2057; x_wconf 88' lang='lat' dir='ltr'><strong>de</strong></span> <span class='ocrx_word' id='word_1_225' title='bbox 2161 2019 2269 2073; x_wconf 89' lang='lat' dir='ltr'><strong>quo</strong></span> <span class='ocrx_word' id='word_1_226' title='bbox 2304 2016 2431 2060; x_wconf 89' lang='lat' dir='ltr'><strong>tunc</strong></span> <span class='ocrx_word' id='word_1_227' title='bbox 2463 2007 2722 2076; x_wconf 88' lang='lat' dir='ltr'><strong>temporis</strong></span> <span class='ocrx_word' id='word_1_228' title='bbox 2747 2023 2871 2061; x_wconf 87' lang='lat' dir='ltr'><strong>cum</strong></span> <span class='ocrx_word' id='word_1_229' title='bbox 2905 2023 3096 2075; x_wconf 77' lang='lat' dir='ltr'><strong>magna</strong></span> <span class='ocrx_word' id='word_1_230' title='bbox 3131 2008 3437 2061; x_wconf 88' lang='lat' dir='ltr'><strong>anitnorum</strong></span> 
     </span>
    </p>
   </div>
   <div class='ocr_carea' id='block_1_32' title="bbox 204 2106 893 2163">
    <p class='ocr_par' dir='ltr' id='par_1_32' title="bbox 204 2106 893 2163">
     <span class='ocr_line' id='line_1_32' title="bbox 204 2106 893 2163; baseline 0 -2"><span class='ocrx_word' id='word_1_231' title='bbox 204 2107 499 2163; x_wconf 60' lang='lat' dir='ltr'><strong>hareticum</strong></span> <span class='ocrx_word' id='word_1_232' title='bbox 537 2106 691 2161; x_wconf 75' lang='lat' dir='ltr'><strong>foras</strong></span> <span class='ocrx_word' id='word_1_233' title='bbox 718 2108 893 2161; x_wconf 88' lang='lat' dir='ltr'><strong>mitte.</strong></span> 
     </span>
    </p>
   </div>
   <div class='ocr_carea' id='block_1_33' title="bbox 264 2198 1758 2267">
    <p class='ocr_par' dir='ltr' id='par_1_33' title="bbox 264 2198 1758 2267">
     <span class='ocr_line' id='line_1_33' title="bbox 264 2198 1758 2267; baseline 0.001 -15"><span class='ocrx_word' id='word_1_234' title='bbox 264 2221 287 2252; x_wconf 69' lang='grc' dir='ltr'>ς</span> <span class='ocrx_word' id='word_1_235' title='bbox 320 2200 694 2256; x_wconf 87' lang='lat' dir='ltr'><strong>Theodoretus</strong></span> <span class='ocrx_word' id='word_1_236' title='bbox 726 2199 1216 2255; x_wconf 85' lang='lat' dir='ltr'><strong>reverendissimus</strong></span> <span class='ocrx_word' id='word_1_237' title='bbox 1257 2198 1545 2267; x_wconf 90' lang='lat' dir='ltr'><strong>episcopus</strong></span> <span class='ocrx_word' id='word_1_238' title='bbox 1585 2200 1758 2255; x_wconf 77' lang='lat' dir='ltr'><strong>dixit:</strong></span> 
     </span>
    </p>
   </div>
   <div class='ocr_carea' id='block_1_34' title="bbox 204 2290 1764 2360">
    <p class='ocr_par' dir='ltr' id='par_1_34' title="bbox 204 2290 1764 2360">
     <span class='ocr_line' id='line_1_34' title="bbox 204 2290 1764 2360; baseline 0 -15"><span class='ocrx_word' id='word_1_239' title='bbox 204 2292 488 2346; x_wconf 75' lang='lat' dir='ltr'><strong>Anathema</strong></span> <span class='ocrx_word' id='word_1_240' title='bbox 526 2290 783 2347; x_wconf 85' lang='lat' dir='ltr'><strong>Nestorio</strong></span> <span class='ocrx_word' id='word_1_241' title='bbox 807 2300 862 2347; x_wconf 89' lang='lat' dir='ltr'><strong>et</strong></span> <span class='ocrx_word' id='word_1_242' title='bbox 889 2292 936 2346; x_wconf 87' lang='lat' dir='ltr'><strong>ei</strong></span> <span class='ocrx_word' id='word_1_243' title='bbox 960 2292 1052 2360; x_wconf 91' lang='lat' dir='ltr'><strong>qui</strong></span> <span class='ocrx_word' id='word_1_244' title='bbox 1080 2305 1188 2345; x_wconf 90' lang='lat' dir='ltr'><strong>non</strong></span> <span class='ocrx_word' id='word_1_245' title='bbox 1231 2291 1363 2347; x_wconf 91' lang='lat' dir='ltr'><strong>dicit</strong></span> <span class='ocrx_word' id='word_1_246' title='bbox 1398 2290 1490 2345; x_wconf 89' lang='lat' dir='ltr'><strong>Dei</strong></span> <span class='ocrx_word' id='word_1_247' title='bbox 1529 2291 1764 2347; x_wconf 82' lang='lat' dir='ltr'><strong>Gcnitri-</strong></span> 
     </span>
    </p>
   </div>
   <div class='ocr_carea' id='block_1_35' title="bbox 203 2382 1767 2454">
    <p class='ocr_par' dir='ltr' id='par_1_35' title="bbox 203 2382 1767 2454">
     <span class='ocr_line' id='line_1_35' title="bbox 203 2382 1767 2454; baseline 0 -17"><span class='ocrx_word' id='word_1_248' title='bbox 203 2400 309 2439; x_wconf 85' lang='lat' dir='ltr'><strong>cent</strong></span> <span class='ocrx_word' id='word_1_249' title='bbox 342 2382 613 2454; x_wconf 70' lang='lat' dir='ltr'><strong>Virginem</strong></span> <span class='ocrx_word' id='word_1_250' title='bbox 654 2383 902 2449; x_wconf 81' lang='lat' dir='ltr'><strong>Mariam,</strong></span> <span class='ocrx_word' id='word_1_251' title='bbox 935 2394 991 2439; x_wconf 89' lang='lat' dir='ltr'><strong>et</strong></span> <span class='ocrx_word' id='word_1_252' title='bbox 1033 2383 1124 2452; x_wconf 88' lang='lat' dir='ltr'><strong>qui</strong></span> <span class='ocrx_word' id='word_1_253' title='bbox 1160 2384 1215 2437; x_wconf 91' lang='lat' dir='ltr'><strong>in</strong></span> <span class='ocrx_word' id='word_1_254' title='bbox 1246 2383 1385 2438; x_wconf 91' lang='lat' dir='ltr'><strong>duos</strong></span> <span class='ocrx_word' id='word_1_255' title='bbox 1430 2383 1569 2439; x_wconf 85' lang='lat' dir='ltr'><strong>lilios</strong></span> <span class='ocrx_word' id='word_1_256' title='bbox 1601 2384 1767 2454; x_wconf 90' lang='lat' dir='ltr'><strong>parti-</strong></span> 
     </span>
    </p>
   </div>
   <div class='ocr_carea' id='block_1_36' title="bbox 202 2473 1760 2546">
    <p class='ocr_par' dir='ltr' id='par_1_36' title="bbox 202 2473 1760 2546">
     <span class='ocr_line' id='line_1_36' title="bbox 202 2473 1760 2546; baseline -0.001 -17"><span class='ocrx_word' id='word_1_257' title='bbox 202 2486 281 2529; x_wconf 89' lang='lat' dir='ltr'><strong>tur</strong></span> <span class='ocrx_word' id='word_1_258' title='bbox 308 2492 469 2532; x_wconf 90' lang='lat' dir='ltr'><strong>nnum</strong></span> <span class='ocrx_word' id='word_1_259' title='bbox 502 2475 704 2530; x_wconf 84' lang='lat' dir='ltr'><strong>Filium</strong></span> <span class='ocrx_word' id='word_1_260' title='bbox 747 2476 1108 2546; x_wconf 74' lang='lat' dir='ltr'><strong>unigenitum.</strong></span> <span class='ocrx_word' id='word_1_261' title='bbox 1162 2473 1274 2545; x_wconf 80' lang='lat' dir='ltr'><strong>Ego</strong></span> <span class='ocrx_word' id='word_1_262' title='bbox 1316 2485 1495 2529; x_wconf 88' lang='lat' dir='ltr'><strong>autem</strong></span> <span class='ocrx_word' id='word_1_263' title='bbox 1547 2484 1602 2529; x_wconf 91' lang='lat' dir='ltr'><strong>et</strong></span> <span class='ocrx_word' id='word_1_264' title='bbox 1637 2474 1760 2528; x_wconf 91' lang='lat' dir='ltr'><strong>lidei</strong></span> 
     </span>
    </p>
   </div>
   <div class='ocr_carea' id='block_1_37' title="bbox 202 2565 1764 2636">
    <p class='ocr_par' dir='ltr' id='par_1_37' title="bbox 202 2565 1764 2636">
     <span class='ocr_line' id='line_1_37' title="bbox 202 2565 1764 2636; baseline -0.003 -11"><span class='ocrx_word' id='word_1_265' title='bbox 202 2570 487 2625; x_wconf 82' lang='lat' dir='ltr'><strong>deﬁnitioni</strong></span> <span class='ocrx_word' id='word_1_266' title='bbox 554 2568 891 2636; x_wconf 86' lang='lat' dir='ltr'><strong>subscripsi,</strong></span> <span class='ocrx_word' id='word_1_267' title='bbox 934 2576 987 2619; x_wconf 86' lang='lat' dir='ltr'><strong>et</strong></span> <span class='ocrx_word' id='word_1_268' title='bbox 1039 2566 1280 2635; x_wconf 70' lang='lat' dir='ltr'><strong>cpistola:</strong></span> <span class='ocrx_word' id='word_1_269' title='bbox 1343 2565 1669 2621; x_wconf 89' lang='lat' dir='ltr'><strong>sanctissimi</strong></span> <span class='ocrx_word' id='word_1_270' title='bbox 1711 2575 1764 2620; x_wconf 76' lang='lat' dir='ltr'><strong>et</strong></span> 
     </span>
    </p>
   </div>
   <div class='ocr_carea' id='block_1_38' title="bbox 201 2656 1763 2727">
    <p class='ocr_par' dir='ltr' id='par_1_38' title="bbox 201 2656 1763 2727">
     <span class='ocr_line' id='line_1_38' title="bbox 201 2656 1763 2727; baseline -0.001 -13"><span class='ocrx_word' id='word_1_271' title='bbox 201 2663 303 2715; x_wconf 88' lang='lat' dir='ltr'><strong>Deo</strong></span> <span class='ocrx_word' id='word_1_272' title='bbox 348 2659 713 2716; x_wconf 77' lang='lat' dir='ltr'><strong>amantissimi</strong></span> <span class='ocrx_word' id='word_1_273' title='bbox 768 2657 1159 2727; x_wconf 84' lang='lat' dir='ltr'><strong>archiepiscopi</strong></span> <span class='ocrx_word' id='word_1_274' title='bbox 1192 2656 1399 2711; x_wconf 89' lang='lat' dir='ltr'><strong>domini</strong></span> <span class='ocrx_word' id='word_1_275' title='bbox 1444 2656 1664 2725; x_wconf 92' lang='lat' dir='ltr'><strong>Leonis,</strong></span> <span class='ocrx_word' id='word_1_276' title='bbox 1710 2666 1763 2712; x_wconf 92' lang='lat' dir='ltr'><strong>et</strong></span> 
     </span>
    </p>
   </div>
   <div class='ocr_carea' id='block_1_39' title="bbox 199 2746 1536 2822">
    <p class='ocr_par' dir='ltr' id='par_1_39' title="bbox 199 2746 1536 2822">
     <span class='ocr_line' id='line_1_39' title="bbox 199 2746 1536 2822; baseline -0.004 -13"><span class='ocrx_word' id='word_1_277' title='bbox 199 2752 271 2809; x_wconf 77' lang='lat' dir='ltr'><strong>sic</strong></span> <span class='ocrx_word' id='word_1_278' title='bbox 299 2753 471 2822; x_wconf 89' lang='lat' dir='ltr'><strong>sapio.</strong></span> <span class='ocrx_word' id='word_1_279' title='bbox 502 2752 574 2805; x_wconf 85' lang='lat' dir='ltr'><strong>Et</strong></span> <span class='ocrx_word' id='word_1_280' title='bbox 610 2759 733 2819; x_wconf 85' lang='lat' dir='ltr'><strong>post</strong></span> <span class='ocrx_word' id='word_1_281' title='bbox 760 2748 942 2803; x_wconf 85' lang='lat' dir='ltr'><strong>omnia</strong></span> <span class='ocrx_word' id='word_1_282' title='bbox 971 2749 1084 2803; x_wconf 65' lang='lat' dir='ltr'><strong>haec</strong></span> <span class='ocrx_word' id='word_1_283' title='bbox 1117 2748 1271 2813; x_wconf 86' lang='lat' dir='ltr'><strong>dixit,</strong></span> <span class='ocrx_word' id='word_1_284' title='bbox 1304 2746 1536 2804; x_wconf 85' lang='lat' dir='ltr'><strong>Salvete.</strong></span> 
     </span>
    </p>
   </div>
   <div class='ocr_carea' id='block_1_40' title="bbox 267 2838 1758 2909">
    <p class='ocr_par' dir='ltr' id='par_1_40' title="bbox 267 2838 1758 2909">
     <span class='ocr_line' id='line_1_40' title="bbox 267 2838 1758 2909; baseline -0.001 -14"><span class='ocrx_word' id='word_1_285' title='bbox 267 2864 285 2895; x_wconf 79' lang='grc' dir='ltr'>ι</span> <span class='ocrx_word' id='word_1_286' title='bbox 338 2842 734 2898; x_wconf 81' lang='lat' dir='ltr'><strong>Gloriosissimi</strong></span> <span class='ocrx_word' id='word_1_287' title='bbox 785 2840 996 2909; x_wconf 89' lang='lat' dir='ltr'><strong>judices</strong></span> <span class='ocrx_word' id='word_1_288' title='bbox 1044 2840 1301 2894; x_wconf 81' lang='lat' dir='ltr'><strong>dixerunt</strong></span> <span class='ocrx_word' id='word_1_289' title='bbox 1344 2859 1359 2896; x_wconf 86' lang='lat'><strong>:</strong></span> <span class='ocrx_word' id='word_1_290' title='bbox 1409 2838 1602 2895; x_wconf 88' lang='lat' dir='ltr'><strong>Omnis</strong></span> <span class='ocrx_word' id='word_1_291' title='bbox 1647 2840 1758 2908; x_wconf 91' lang='lat' dir='ltr'><strong>jam</strong></span> 
     </span>
    </p>
   </div>
   <div class='ocr_carea' id='block_1_41' title="bbox 195 2929 1760 2999">
    <p class='ocr_par' dir='ltr' id='par_1_41' title="bbox 195 2929 1760 2999">
     <span class='ocr_line' id='line_1_41' title="bbox 195 2929 1760 2999; baseline -0.004 -12"><span class='ocrx_word' id='word_1_292' title='bbox 195 2933 457 2987; x_wconf 84' lang='lat' dir='ltr'><strong>dubitatio</strong></span> <span class='ocrx_word' id='word_1_293' title='bbox 497 2934 570 2986; x_wconf 86' lang='lat' dir='ltr'><strong>de</strong></span> <span class='ocrx_word' id='word_1_294' title='bbox 616 2930 963 2985; x_wconf 87' lang='lat' dir='ltr'><strong>Theodoreto</strong></span> <span class='ocrx_word' id='word_1_295' title='bbox 1016 2929 1467 2985; x_wconf 88' lang='lat' dir='ltr'><strong>reverendissimo</strong></span> <span class='ocrx_word' id='word_1_296' title='bbox 1503 2931 1760 2999; x_wconf 89' lang='lat' dir='ltr'><strong>episcopo</strong></span> 
     </span>
    </p>
   </div>
   <div class='ocr_carea' id='block_1_42' title="bbox 194 3020 1757 3093">
    <p class='ocr_par' dir='ltr' id='par_1_42' title="bbox 194 3020 1757 3093">
     <span class='ocr_line' id='line_1_42' title="bbox 194 3020 1757 3093; baseline -0.003 -14"><span class='ocrx_word' id='word_1_297' title='bbox 194 3035 269 3079; x_wconf 87' lang='lat' dir='ltr'><strong>est</strong></span> <span class='ocrx_word' id='word_1_298' title='bbox 302 3025 507 3090; x_wconf 85' lang='lat' dir='ltr'><strong>solata;</strong></span> <span class='ocrx_word' id='word_1_299' title='bbox 546 3024 750 3093; x_wconf 89' lang='lat' dir='ltr'><strong>quippe</strong></span> <span class='ocrx_word' id='word_1_300' title='bbox 792 3033 846 3076; x_wconf 89' lang='lat' dir='ltr'><strong>et</strong></span> <span class='ocrx_word' id='word_1_301' title='bbox 874 3020 1175 3076; x_wconf 76' lang='lat' dir='ltr'><strong>Nestorium</strong></span> <span class='ocrx_word' id='word_1_302' title='bbox 1223 3038 1405 3075; x_wconf 83' lang='lat' dir='ltr'><strong>coram</strong></span> <span class='ocrx_word' id='word_1_303' title='bbox 1447 3022 1599 3075; x_wconf 85' lang='lat' dir='ltr'><strong>vobis</strong></span> <span class='ocrx_word' id='word_1_304' title='bbox 1623 3038 1757 3075; x_wconf 87' lang='lat' dir='ltr'><strong>ana-</strong></span> 
     </span>
    </p>
   </div>
   <div class='ocr_carea' id='block_1_43' title="bbox 200 3112 1761 3178">
    <p class='ocr_par' dir='ltr' id='par_1_43' title="bbox 200 3112 1761 3178">
     <span class='ocr_line' id='line_1_43' title="bbox 200 3112 1761 3178; baseline -0.001 -10"><span class='ocrx_word' id='word_1_305' title='bbox 200 3115 581 3178; x_wconf 83' lang='lat' dir='ltr'><strong>thematizavit,</strong></span> <span class='ocrx_word' id='word_1_306' title='bbox 622 3123 675 3168; x_wconf 91' lang='lat' dir='ltr'><strong>et</strong></span> <span class='ocrx_word' id='word_1_307' title='bbox 709 3129 740 3167; x_wconf 89' lang='lat' dir='ltr'><strong>a</strong></span> <span class='ocrx_word' id='word_1_308' title='bbox 780 3113 1123 3168; x_wconf 87' lang='lat' dir='ltr'><strong>sanctissimo</strong></span> <span class='ocrx_word' id='word_1_309' title='bbox 1152 3123 1205 3167; x_wconf 90' lang='lat' dir='ltr'><strong>et</strong></span> <span class='ocrx_word' id='word_1_310' title='bbox 1256 3112 1349 3174; x_wconf 86' lang='lat' dir='ltr'><strong>Dei</strong></span> <span class='ocrx_word' id='word_1_311' title='bbox 1383 3113 1761 3167; x_wconf 76' lang='lat' dir='ltr'><strong>amantissimo</strong></span> 
     </span>
    </p>
   </div>
   <div class='ocr_carea' id='block_1_44' title="bbox 197 3204 1760 3275">
    <p class='ocr_par' dir='ltr' id='par_1_44' title="bbox 197 3204 1760 3275">
     <span class='ocr_line' id='line_1_44' title="bbox 197 3204 1760 3275; baseline -0.001 -16"><span class='ocrx_word' id='word_1_312' title='bbox 197 3208 416 3261; x_wconf 81' lang='lat' dir='ltr'><strong>senioris</strong></span> <span class='ocrx_word' id='word_1_313' title='bbox 452 3207 609 3260; x_wconf 90' lang='lat' dir='ltr'><strong>urbis</strong></span> <span class='ocrx_word' id='word_1_314' title='bbox 646 3204 829 3259; x_wconf 65' lang='lat' dir='ltr'><strong>Romae</strong></span> <span class='ocrx_word' id='word_1_315' title='bbox 871 3204 1049 3258; x_wconf 83' lang='lat' dir='ltr'><strong>Leone</strong></span> <span class='ocrx_word' id='word_1_316' title='bbox 1100 3214 1385 3275; x_wconf 66' lang='lat' dir='ltr'><strong>susceptus</strong></span> <span class='ocrx_word' id='word_1_317' title='bbox 1406 3216 1507 3268; x_wconf 89' lang='lat' dir='ltr'><strong>est,</strong></span> <span class='ocrx_word' id='word_1_318' title='bbox 1548 3215 1600 3258; x_wconf 93' lang='lat' dir='ltr'><strong>et</strong></span> <span class='ocrx_word' id='word_1_319' title='bbox 1631 3204 1760 3258; x_wconf 86' lang='lat' dir='ltr'><strong>deli-</strong></span> 
     </span>
    </p>
   </div>
   <div class='ocr_carea' id='block_1_45' title="bbox 195 3292 1760 3363">
    <p class='ocr_par' dir='ltr' id='par_1_45' title="bbox 195 3292 1760 3363">
     <span class='ocr_line' id='line_1_45' title="bbox 195 3292 1760 3363; baseline 0 -18"><span class='ocrx_word' id='word_1_320' title='bbox 195 3292 439 3347; x_wconf 90' lang='lat' dir='ltr'><strong>nitionem</strong></span> <span class='ocrx_word' id='word_1_321' title='bbox 466 3293 593 3347; x_wconf 84' lang='lat' dir='ltr'><strong>tidei</strong></span> <span class='ocrx_word' id='word_1_322' title='bbox 610 3309 641 3347; x_wconf 90' lang='lat' dir='ltr'><strong>a</strong></span> <span class='ocrx_word' id='word_1_323' title='bbox 667 3292 1018 3363; x_wconf 78' lang='lat' dir='ltr'><strong>religiositate</strong></span> <span class='ocrx_word' id='word_1_324' title='bbox 1058 3302 1232 3346; x_wconf 88' lang='lat' dir='ltr'><strong>vestra</strong></span> <span class='ocrx_word' id='word_1_325' title='bbox 1253 3294 1512 3362; x_wconf 81' lang='lat' dir='ltr'><strong>prolatam</strong></span> <span class='ocrx_word' id='word_1_326' title='bbox 1536 3294 1760 3348; x_wconf 88' lang='lat' dir='ltr'><strong>libenter</strong></span> 
     </span>
    </p>
   </div>
   <div class='ocr_carea' id='block_1_46' title="bbox 194 3381 1756 3453">
    <p class='ocr_par' dir='ltr' id='par_1_46' title="bbox 194 3381 1756 3453">
     <span class='ocr_line' id='line_1_46' title="bbox 194 3381 1756 3453; baseline 0 -17"><span class='ocrx_word' id='word_1_327' title='bbox 194 3383 467 3451; x_wconf 83' lang='lat' dir='ltr'><strong>suscepit,</strong></span> <span class='ocrx_word' id='word_1_328' title='bbox 510 3381 631 3453; x_wconf 71' lang='lat'><strong>[26]</strong></span> <span class='ocrx_word' id='word_1_329' title='bbox 664 3392 717 3436; x_wconf 90' lang='lat' dir='ltr'><strong>et</strong></span> <span class='ocrx_word' id='word_1_330' title='bbox 753 3383 975 3450; x_wconf 87' lang='lat' dir='ltr'><strong>insuper</strong></span> <span class='ocrx_word' id='word_1_331' title='bbox 1027 3382 1270 3450; x_wconf 67' lang='lat' dir='ltr'><strong>epistolae</strong></span> <span class='ocrx_word' id='word_1_332' title='bbox 1316 3383 1596 3435; x_wconf 87' lang='lat' dir='ltr'><strong>memorati</strong></span> <span class='ocrx_word' id='word_1_333' title='bbox 1630 3398 1756 3436; x_wconf 89' lang='lat' dir='ltr'><strong>san-</strong></span> 
     </span>
    </p>
   </div>
   <div class='ocr_carea' id='block_1_47' title="bbox 194 3473 1758 3545">
    <p class='ocr_par' dir='ltr' id='par_1_47' title="bbox 194 3473 1758 3545">
     <span class='ocr_line' id='line_1_47' title="bbox 194 3473 1758 3545; baseline 0 -18"><span class='ocrx_word' id='word_1_334' title='bbox 194 3473 410 3529; x_wconf 87' lang='lat' dir='ltr'><strong>ctissimi</strong></span> <span class='ocrx_word' id='word_1_335' title='bbox 430 3474 830 3542; x_wconf 84' lang='lat' dir='ltr'><strong>archiepiscopi</strong></span> <span class='ocrx_word' id='word_1_336' title='bbox 869 3473 1066 3528; x_wconf 84' lang='lat' dir='ltr'><strong>Leonis</strong></span> <span class='ocrx_word' id='word_1_337' title='bbox 1103 3473 1441 3543; x_wconf 86' lang='lat' dir='ltr'><strong>subscripsit.</strong></span> <span class='ocrx_word' id='word_1_338' title='bbox 1470 3473 1626 3528; x_wconf 86' lang='lat' dir='ltr'><strong>Deest</strong></span> <span class='ocrx_word' id='word_1_339' title='bbox 1658 3474 1758 3545; x_wconf 81' lang='lat' dir='ltr'><strong>igi-</strong></span> 
     </span>
    </p>
   </div>
   <div class='ocr_carea' id='block_1_48' title="bbox 198 3565 1758 3634">
    <p class='ocr_par' dir='ltr' id='par_1_48' title="bbox 198 3565 1758 3634">
     <span class='ocr_line' id='line_1_48' title="bbox 198 3565 1758 3634; baseline 0.003 -18"><span class='ocrx_word' id='word_1_340' title='bbox 198 3574 299 3629; x_wconf 92' lang='lat' dir='ltr'><strong>tur,</strong></span> <span class='ocrx_word' id='word_1_341' title='bbox 340 3575 397 3619; x_wconf 85' lang='lat' dir='ltr'><strong>ut</strong></span> <span class='ocrx_word' id='word_1_342' title='bbox 426 3565 699 3619; x_wconf 87' lang='lat' dir='ltr'><strong>sententia</strong></span> <span class='ocrx_word' id='word_1_343' title='bbox 724 3565 1033 3634; x_wconf 78' lang='lat' dir='ltr'><strong>proferatur</strong></span> <span class='ocrx_word' id='word_1_344' title='bbox 1060 3581 1089 3619; x_wconf 91' lang='lat' dir='ltr'><strong>a</strong></span> <span class='ocrx_word' id='word_1_345' title='bbox 1134 3566 1437 3619; x_wconf 88' lang='lat' dir='ltr'><strong>reverentia</strong></span> <span class='ocrx_word' id='word_1_346' title='bbox 1471 3575 1671 3631; x_wconf 82' lang='lat' dir='ltr'><strong>vestra,</strong></span> <span class='ocrx_word' id='word_1_347' title='bbox 1700 3576 1758 3620; x_wconf 90' lang='lat' dir='ltr'><strong>ut</strong></span> 
     </span>
    </p>
   </div>
   <div class='ocr_carea' id='block_1_49' title="bbox 198 3655 1757 3726">
    <p class='ocr_par' dir='ltr' id='par_1_49' title="bbox 198 3655 1757 3726">
     <span class='ocr_line' id='line_1_49' title="bbox 198 3655 1757 3726; baseline 0.001 -16"><span class='ocrx_word' id='word_1_348' title='bbox 198 3655 487 3711; x_wconf 78' lang='lat' dir='ltr'><strong>Ecclesium</strong></span> <span class='ocrx_word' id='word_1_349' title='bbox 517 3672 675 3711; x_wconf 90' lang='lat' dir='ltr'><strong>suam</strong></span> <span class='ocrx_word' id='word_1_350' title='bbox 707 3657 954 3726; x_wconf 86' lang='lat' dir='ltr'><strong>recipiat,</strong></span> <span class='ocrx_word' id='word_1_351' title='bbox 985 3658 1127 3713; x_wconf 88' lang='lat' dir='ltr'><strong>sicut</strong></span> <span class='ocrx_word' id='word_1_352' title='bbox 1150 3666 1208 3713; x_wconf 90' lang='lat' dir='ltr'><strong>et</strong></span> <span class='ocrx_word' id='word_1_353' title='bbox 1236 3656 1618 3713; x_wconf 85' lang='lat' dir='ltr'><strong>sanctissimus</strong></span> <span class='ocrx_word' id='word_1_354' title='bbox 1647 3657 1757 3712; x_wconf 84' lang='lat' dir='ltr'><strong>Leo</strong></span> 
     </span>
    </p>
   </div>
   <div class='ocr_carea' id='block_1_50' title="bbox 194 3750 785 3819">
    <p class='ocr_par' dir='ltr' id='par_1_50' title="bbox 194 3750 785 3819">
     <span class='ocr_line' id='line_1_50' title="bbox 194 3750 785 3819; baseline 0.002 -16"><span class='ocrx_word' id='word_1_355' title='bbox 194 3751 468 3819; x_wconf 84' lang='lat' dir='ltr'><strong>episcopus</strong></span> <span class='ocrx_word' id='word_1_356' title='bbox 497 3750 785 3819; x_wconf 84' lang='lat' dir='ltr'><strong>judicavit.</strong></span> 
     </span>
    </p>
   </div>
   <div class='ocr_carea' id='block_1_51' title="bbox 270 3842 1752 3913">
    <p class='ocr_par' dir='ltr' id='par_1_51' title="bbox 270 3842 1752 3913">
     <span class='ocr_line' id='line_1_51' title="bbox 270 3842 1752 3913; baseline 0.001 -20"><span class='ocrx_word' id='word_1_357' title='bbox 270 3861 286 3892; x_wconf 82' lang='grc' dir='ltr'>ι</span> <span class='ocrx_word' id='word_1_358' title='bbox 338 3842 545 3899; x_wconf 85' lang='lat' dir='ltr'><strong>Omnes</strong></span> <span class='ocrx_word' id='word_1_359' title='bbox 579 3843 1017 3898; x_wconf 85' lang='lat' dir='ltr'><strong>reverendissimi</strong></span> <span class='ocrx_word' id='word_1_360' title='bbox 1049 3843 1284 3913; x_wconf 89' lang='lat' dir='ltr'><strong>episcopi</strong></span> <span class='ocrx_word' id='word_1_361' title='bbox 1333 3844 1707 3897; x_wconf 87' lang='lat' dir='ltr'><strong>clamaverunt</strong></span> <span class='ocrx_word' id='word_1_362' title='bbox 1739 3859 1752 3894; x_wconf 89' lang='lat'><strong>:</strong></span> 
     </span>
    </p>
   </div>
   <div class='ocr_carea' id='block_1_52' title="bbox 195 3934 1755 4004">
    <p class='ocr_par' dir='ltr' id='par_1_52' title="bbox 195 3934 1755 4004">
     <span class='ocr_line' id='line_1_52' title="bbox 195 3934 1755 4004; baseline 0.001 -19"><span class='ocrx_word' id='word_1_363' title='bbox 195 3934 563 3989; x_wconf 87' lang='lat' dir='ltr'><strong>&#39;l‘heodoretus</strong></span> <span class='ocrx_word' id='word_1_364' title='bbox 601 3935 799 4004; x_wconf 74' lang='lat' dir='ltr'><strong>dignus</strong></span> <span class='ocrx_word' id='word_1_365' title='bbox 829 3946 942 3989; x_wconf 89' lang='lat' dir='ltr'><strong>.est</strong></span> <span class='ocrx_word' id='word_1_366' title='bbox 989 3936 1136 3996; x_wconf 87' lang='lat' dir='ltr'><strong>sede,</strong></span> <span class='ocrx_word' id='word_1_367' title='bbox 1192 3934 1430 3990; x_wconf 85' lang='lat' dir='ltr'><strong>Ecclesia</strong></span> <span class='ocrx_word' id='word_1_368' title='bbox 1490 3942 1755 4003; x_wconf 82' lang='lat' dir='ltr'><strong>pastorem</strong></span> 
     </span>
    </p>
   </div>
   <div class='ocr_carea' id='block_1_53' title="bbox 198 4024 1754 4096">
    <p class='ocr_par' dir='ltr' id='par_1_53' title="bbox 198 4024 1754 4096">
     <span class='ocr_line' id='line_1_53' title="bbox 198 4024 1754 4096; baseline 0.001 -20"><span class='ocrx_word' id='word_1_369' title='bbox 198 4027 407 4094; x_wconf 84' lang='lat' dir='ltr'><strong>recipiat</strong></span> <span class='ocrx_word' id='word_1_370' title='bbox 444 4045 457 4080; x_wconf 91' lang='lat'>:</span> <span class='ocrx_word' id='word_1_371' title='bbox 492 4024 859 4081; x_wconf 82' lang='lat' dir='ltr'><strong>orthOdoxum</strong></span> <span class='ocrx_word' id='word_1_372' title='bbox 905 4028 1177 4082; x_wconf 87' lang='lat' dir='ltr'><strong>doctorem</strong></span> <span class='ocrx_word' id='word_1_373' title='bbox 1215 4024 1457 4083; x_wconf 85' lang='lat' dir='ltr'><strong>Ecclesia</strong></span> <span class='ocrx_word' id='word_1_374' title='bbox 1508 4026 1754 4096; x_wconf 84' lang='lat' dir='ltr'><strong>recipiat,</strong></span> 
     </span>
    </p>
   </div>
   <div class='ocr_carea' id='block_1_54' title="bbox 197 4116 1755 4191">
    <p class='ocr_par' dir='ltr' id='par_1_54' title="bbox 197 4116 1755 4191">
     <span class='ocr_line' id='line_1_54' title="bbox 197 4116 1755 4191; baseline 0.002 -23"><span class='ocrx_word' id='word_1_375' title='bbox 197 4116 567 4175; x_wconf 86' lang='lat' dir='ltr'><strong>Theodorctus</strong></span> <span class='ocrx_word' id='word_1_376' title='bbox 605 4120 802 4190; x_wconf 85' lang='lat' dir='ltr'><strong>dignus</strong></span> <span class='ocrx_word' id='word_1_377' title='bbox 836 4127 920 4174; x_wconf 90' lang='lat' dir='ltr'><strong>est</strong></span> <span class='ocrx_word' id='word_1_378' title='bbox 947 4122 1071 4175; x_wconf 88' lang='lat' dir='ltr'><strong>sede</strong></span> <span class='ocrx_word' id='word_1_379' title='bbox 1094 4139 1106 4174; x_wconf 92' lang='lat'><strong>:</strong></span> <span class='ocrx_word' id='word_1_380' title='bbox 1133 4122 1547 4191; x_wconf 88' lang='lat' dir='ltr'><strong>archiepiscopo</strong></span> <span class='ocrx_word' id='word_1_381' title='bbox 1587 4120 1755 4173; x_wconf 88' lang='lat' dir='ltr'><strong>Leoni</strong></span> 
     </span>
    </p>
   </div>
   <div class='ocr_carea' id='block_1_55' title="bbox 198 4210 1758 4280">
    <p class='ocr_par' dir='ltr' id='par_1_55' title="bbox 198 4210 1758 4280">
     <span class='ocr_line' id='line_1_55' title="bbox 198 4210 1758 4280; baseline 0.004 -22"><span class='ocrx_word' id='word_1_382' title='bbox 198 4212 381 4264; x_wconf 86' lang='lat' dir='ltr'><strong>lttllllOS</strong></span> <span class='ocrx_word' id='word_1_383' title='bbox 401 4228 600 4266; x_wconf 79' lang='lat' dir='ltr'><strong>arruns.</strong></span> <span class='ocrx_word' id='word_1_384' title='bbox 648 4211 776 4265; x_wconf 83' lang='lat' dir='ltr'><strong>Post</strong></span> <span class='ocrx_word' id='word_1_385' title='bbox 810 4211 974 4266; x_wconf 91' lang='lat' dir='ltr'><strong>Deum</strong></span> <span class='ocrx_word' id='word_1_386' title='bbox 1017 4211 1125 4266; x_wconf 84' lang='lat' dir='ltr'><strong>Leo</strong></span> <span class='ocrx_word' id='word_1_387' title='bbox 1160 4213 1424 4280; x_wconf 85' lang='lat' dir='ltr'><strong>judicavit</strong></span> <span class='ocrx_word' id='word_1_388' title='bbox 1473 4230 1486 4265; x_wconf 87' lang='lat'><strong>:</strong></span> <span class='ocrx_word' id='word_1_389' title='bbox 1525 4210 1758 4280; x_wconf 89' lang='lat' dir='ltr'><strong>p0pulus</strong></span> 
     </span>
    </p>
   </div>
   <div class='ocr_carea' id='block_1_56' title="bbox 196 4303 1759 4373">
    <p class='ocr_par' dir='ltr' id='par_1_56' title="bbox 196 4303 1759 4373">
     <span class='ocr_line' id='line_1_56' title="bbox 196 4303 1759 4373; baseline 0.002 -21"><span class='ocrx_word' id='word_1_390' title='bbox 196 4303 550 4357; x_wconf 80' lang='lat' dir='ltr'><strong>orthodoxurn</strong></span> <span class='ocrx_word' id='word_1_391' title='bbox 582 4304 806 4373; x_wconf 86' lang='lat' dir='ltr'><strong>recipiat</strong></span> <span class='ocrx_word' id='word_1_392' title='bbox 847 4305 1069 4373; x_wconf 80' lang='lat' dir='ltr'><strong>dignum</strong></span> <span class='ocrx_word' id='word_1_393' title='bbox 1101 4320 1201 4359; x_wconf 88' lang='lat' dir='ltr'><strong>sua</strong></span> <span class='ocrx_word' id='word_1_394' title='bbox 1231 4305 1377 4359; x_wconf 88' lang='lat' dir='ltr'><strong>sede.</strong></span> <span class='ocrx_word' id='word_1_395' title='bbox 1417 4303 1759 4358; x_wconf 88' lang='lat' dir='ltr'><strong>Thcodoreto</strong></span> 
     </span>
    </p>
   </div>
   <div class='ocr_carea' id='block_1_57' title="bbox 199 4391 1687 4449">
    <p class='ocr_par' dir='ltr' id='par_1_57' title="bbox 199 4391 1687 4449">
     <span class='ocr_line' id='line_1_57' title="bbox 199 4391 1687 4449; baseline 0.003 -7"><span class='ocrx_word' id='word_1_396' title='bbox 199 4391 455 4448; x_wconf 85' lang='lat' dir='ltr'><strong>catholico</strong></span> <span class='ocrx_word' id='word_1_397' title='bbox 479 4393 692 4449; x_wconf 86' lang='lat' dir='ltr'><strong>doctori</strong></span> <span class='ocrx_word' id='word_1_398' title='bbox 734 4394 990 4449; x_wconf 85' lang='lat' dir='ltr'><strong>reddatur</strong></span> <span class='ocrx_word' id='word_1_399' title='bbox 1040 4392 1297 4449; x_wconf 86' lang='lat' dir='ltr'><strong>Ecclesia.</strong></span> <span class='ocrx_word' id='word_1_400' title='bbox 1346 4414 1364 4446; x_wconf 74' lang='grc' dir='ltr'><strong><em>ο</em></strong></span> <span class='ocrx_word' id='word_1_401' title='bbox 1680 4416 1687 4422; x_wconf 61' lang='grc' dir='ltr'><em>ί</em></span> 
     </span>
    </p>
   </div>
   <div class='ocr_carea' id='block_1_58' title="bbox 120 4472 1760 4558">
    <p class='ocr_par' dir='ltr' id='par_1_58' title="bbox 120 4472 1760 4558">
     <span class='ocr_line' id='line_1_58' title="bbox 120 4472 1760 4558; baseline 0.004 -22"><span class='ocrx_word' id='word_1_402' title='bbox 120 4472 135 4483; x_wconf 77' lang='grc'><em>’</em></span> <span class='ocrx_word' id='word_1_403' title='bbox 254 4482 328 4539; x_wconf 77' lang='lat' dir='ltr'><strong>Ad</strong></span> <span class='ocrx_word' id='word_1_404' title='bbox 381 4486 598 4540; x_wconf 87' lang='lat' dir='ltr'><strong>tertiam</strong></span> <span class='ocrx_word' id='word_1_405' title='bbox 632 4484 767 4540; x_wconf 72' lang='lat' dir='ltr'><strong>Vita:</strong></span> <span class='ocrx_word' id='word_1_406' title='bbox 800 4486 963 4555; x_wconf 90' lang='lat' dir='ltr'><strong>hujus</strong></span> <span class='ocrx_word' id='word_1_407' title='bbox 1015 4496 1221 4555; x_wconf 87' lang='lat' dir='ltr'><strong>partem</strong></span> <span class='ocrx_word' id='word_1_408' title='bbox 1266 4486 1599 4554; x_wconf 90' lang='lat' dir='ltr'><strong>accedimus,</strong></span> <span class='ocrx_word' id='word_1_409' title='bbox 1640 4503 1760 4558; x_wconf 75' lang='lat' dir='ltr'><strong>qua:</strong></span> 
     </span>
    </p>
   </div>
   <div class='ocr_carea' id='block_1_59' title="bbox 203 4575 1761 4649">
    <p class='ocr_par' dir='ltr' id='par_1_59' title="bbox 203 4575 1761 4649">
     <span class='ocr_line' id='line_1_59' title="bbox 203 4575 1761 4649; baseline 0.005 -22"><span class='ocrx_word' id='word_1_410' title='bbox 203 4575 375 4631; x_wconf 87' lang='lat' dir='ltr'><strong>ultima</strong></span> <span class='ocrx_word' id='word_1_411' title='bbox 396 4576 579 4634; x_wconf 85' lang='lat' dir='ltr'><strong>Nostri</strong></span> <span class='ocrx_word' id='word_1_412' title='bbox 608 4577 737 4645; x_wconf 80' lang='lat' dir='ltr'><strong>fata,</strong></span> <span class='ocrx_word' id='word_1_413' title='bbox 765 4587 819 4632; x_wconf 91' lang='lat' dir='ltr'><strong>et</strong></span> <span class='ocrx_word' id='word_1_414' title='bbox 849 4588 1029 4632; x_wconf 86' lang='lat' dir='ltr'><strong>motus</strong></span> <span class='ocrx_word' id='word_1_415' title='bbox 1056 4590 1176 4647; x_wconf 89' lang='lat' dir='ltr'><strong>post</strong></span> <span class='ocrx_word' id='word_1_416' title='bbox 1204 4588 1431 4633; x_wconf 89' lang='lat' dir='ltr'><strong>mortem</strong></span> <span class='ocrx_word' id='word_1_417' title='bbox 1456 4580 1575 4649; x_wconf 89' lang='lat' dir='ltr'><strong>ejus</strong></span> <span class='ocrx_word' id='word_1_418' title='bbox 1609 4592 1761 4635; x_wconf 84' lang='lat' dir='ltr'><strong>ortos</strong></span> 
     </span>
    </p>
   </div>
   <div class='ocr_carea' id='block_1_60' title="bbox 1870 2098 3441 2169">
    <p class='ocr_par' dir='ltr' id='par_1_60' title="bbox 1870 2098 3441 2169">
     <span class='ocr_line' id='line_1_60' title="bbox 1870 2098 3441 2169; baseline 0 -17"><span class='ocrx_word' id='word_1_419' title='bbox 1870 2098 2218 2152; x_wconf 90' lang='lat' dir='ltr'><strong>contentione</strong></span> <span class='ocrx_word' id='word_1_420' title='bbox 2255 2098 2655 2168; x_wconf 88' lang='lat' dir='ltr'><strong>disputabatur,</strong></span> <span class='ocrx_word' id='word_1_421' title='bbox 2686 2108 2942 2155; x_wconf 86' lang='lat' dir='ltr'><strong>accurate</strong></span> <span class='ocrx_word' id='word_1_422' title='bbox 2982 2109 3297 2169; x_wconf 79' lang='lat' dir='ltr'><strong>exponeret,</strong></span> <span class='ocrx_word' id='word_1_423' title='bbox 3346 2098 3441 2154; x_wconf 88' lang='lat' dir='ltr'><strong>sed</strong></span> 
     </span>
    </p>
   </div>
   <div class='ocr_carea' id='block_1_61' title="bbox 1870 2190 3435 2266">
    <p class='ocr_par' dir='ltr' id='par_1_61' title="bbox 1870 2190 3435 2266">
     <span class='ocr_line' id='line_1_61' title="bbox 1870 2190 3435 2266; baseline 0.003 -21"><span class='ocrx_word' id='word_1_424' title='bbox 1870 2190 2193 2259; x_wconf 89' lang='lat' dir='ltr'><strong>peculiarem</strong></span> <span class='ocrx_word' id='word_1_425' title='bbox 2221 2208 2441 2262; x_wconf 89' lang='lat' dir='ltr'><strong>quoque</strong></span> <span class='ocrx_word' id='word_1_426' title='bbox 2466 2194 2534 2249; x_wconf 91' lang='lat' dir='ltr'><strong>de</strong></span> <span class='ocrx_word' id='word_1_427' title='bbox 2564 2195 2669 2250; x_wconf 90' lang='lat' dir='ltr'><strong>hoc</strong></span> <span class='ocrx_word' id='word_1_428' title='bbox 2697 2204 3018 2266; x_wconf 79' lang='lat' dir='ltr'><strong>argumento</strong></span> <span class='ocrx_word' id='word_1_429' title='bbox 3042 2195 3243 2249; x_wconf 88' lang='lat' dir='ltr'><strong>librum</strong></span> <span class='ocrx_word' id='word_1_430' title='bbox 3278 2210 3435 2249; x_wconf 89' lang='lat' dir='ltr'><strong>com-</strong></span> 
     </span>
    </p>
   </div>
   <div class='ocr_carea' id='block_1_62' title="bbox 1871 2281 3438 2354">
    <p class='ocr_par' dir='ltr' id='par_1_62' title="bbox 1871 2281 3438 2354">
     <span class='ocr_line' id='line_1_62' title="bbox 1871 2281 3438 2354; baseline 0.003 -21"><span class='ocrx_word' id='word_1_431' title='bbox 1871 2289 2113 2349; x_wconf 89' lang='lat' dir='ltr'><strong>poneret,</strong></span> <span class='ocrx_word' id='word_1_432' title='bbox 2148 2281 2305 2351; x_wconf 88' lang='lat' dir='ltr'><strong>cujus</strong></span> <span class='ocrx_word' id='word_1_433' title='bbox 2328 2293 2507 2337; x_wconf 88' lang='lat' dir='ltr'><strong>antem</strong></span> <span class='ocrx_word' id='word_1_434' title='bbox 2541 2299 2646 2337; x_wconf 93' lang='lat' dir='ltr'><strong>non</strong></span> <span class='ocrx_word' id='word_1_435' title='bbox 2676 2284 2779 2339; x_wconf 90' lang='lat' dir='ltr'><strong>nisi</strong></span> <span class='ocrx_word' id='word_1_436' title='bbox 2826 2284 3151 2354; x_wconf 76' lang='lat' dir='ltr'><strong>Fragmenta</strong></span> <span class='ocrx_word' id='word_1_437' title='bbox 3192 2285 3438 2353; x_wconf 78' lang='lat' dir='ltr'><strong>quaedam</strong></span> 
     </span>
    </p>
   </div>
   <div class='ocr_carea' id='block_1_63' title="bbox 1869 2373 3435 2446">
    <p class='ocr_par' dir='ltr' id='par_1_63' title="bbox 1869 2373 3435 2446">
     <span class='ocr_line' id='line_1_63' title="bbox 1869 2373 3435 2446; baseline 0.001 -21"><span class='ocrx_word' id='word_1_438' title='bbox 1869 2381 2079 2426; x_wconf 65' lang='lat' dir='ltr'><strong>aetatem</strong></span> <span class='ocrx_word' id='word_1_439' title='bbox 2115 2373 2371 2429; x_wconf 91' lang='lat' dir='ltr'><strong>tulerunt.</strong></span> <span class='ocrx_word' id='word_1_440' title='bbox 2400 2373 2593 2431; x_wconf 87' lang='lat' dir='ltr'><strong>Plures</strong></span> <span class='ocrx_word' id='word_1_441' title='bbox 2635 2377 2752 2431; x_wconf 90' lang='lat' dir='ltr'><strong>sine</strong></span> <span class='ocrx_word' id='word_1_442' title='bbox 2785 2375 2950 2430; x_wconf 84' lang='lat' dir='ltr'><strong>dubio</strong></span> <span class='ocrx_word' id='word_1_443' title='bbox 2996 2376 3213 2446; x_wconf 90' lang='lat' dir='ltr'><strong>scripsit</strong></span> <span class='ocrx_word' id='word_1_444' title='bbox 3250 2376 3435 2442; x_wconf 75' lang='lat' dir='ltr'><strong>libros,</strong></span> 
     </span>
    </p>
   </div>
   <div class='ocr_carea' id='block_1_64' title="bbox 1869 2464 3439 2534">
    <p class='ocr_par' dir='ltr' id='par_1_64' title="bbox 1869 2464 3439 2534">
     <span class='ocr_line' id='line_1_64' title="bbox 1869 2464 3439 2534; baseline 0.004 -17"><span class='ocrx_word' id='word_1_445' title='bbox 1869 2478 1993 2532; x_wconf 88' lang='lat' dir='ltr'><strong>cum</strong></span> <span class='ocrx_word' id='word_1_446' title='bbox 2019 2464 2260 2534; x_wconf 86' lang='lat' dir='ltr'><strong>jucunde</strong></span> <span class='ocrx_word' id='word_1_447' title='bbox 2296 2465 2399 2521; x_wconf 87' lang='lat' dir='ltr'><strong>hoc</strong></span> <span class='ocrx_word' id='word_1_448' title='bbox 2424 2467 2535 2522; x_wconf 92' lang='lat' dir='ltr'><strong>otio</strong></span> <span class='ocrx_word' id='word_1_449' title='bbox 2567 2468 2886 2522; x_wconf 83' lang='lat' dir='ltr'><strong>abundaret.</strong></span> <span class='ocrx_word' id='word_1_450' title='bbox 2924 2468 3061 2523; x_wconf 90' lang='lat' dir='ltr'><strong>Sunt</strong></span> <span class='ocrx_word' id='word_1_451' title='bbox 3110 2469 3254 2523; x_wconf 89' lang='lat' dir='ltr'><strong>enim</strong></span> <span class='ocrx_word' id='word_1_452' title='bbox 3300 2469 3439 2523; x_wconf 88' lang='lat' dir='ltr'><strong>inter</strong></span> 
     </span>
    </p>
   </div>
   <div class='ocr_carea' id='block_1_65' title="bbox 1873 2556 3438 2632">
    <p class='ocr_par' dir='ltr' id='par_1_65' title="bbox 1873 2556 3438 2632">
     <span class='ocr_line' id='line_1_65' title="bbox 1873 2556 3438 2632; baseline 0.004 -24"><span class='ocrx_word' id='word_1_453' title='bbox 1873 2557 2075 2611; x_wconf 89' lang='lat' dir='ltr'><strong>multos</strong></span> <span class='ocrx_word' id='word_1_454' title='bbox 2108 2556 2227 2612; x_wconf 90' lang='lat' dir='ltr'><strong>illos</strong></span> <span class='ocrx_word' id='word_1_455' title='bbox 2259 2573 2397 2628; x_wconf 89' lang='lat' dir='ltr'><strong>quos</strong></span> <span class='ocrx_word' id='word_1_456' title='bbox 2447 2559 2684 2629; x_wconf 87' lang='lat' dir='ltr'><strong>reliquit,</strong></span> <span class='ocrx_word' id='word_1_457' title='bbox 2720 2561 2991 2623; x_wconf 87' lang='lat' dir='ltr'><strong>nonnulli,</strong></span> <span class='ocrx_word' id='word_1_458' title='bbox 3021 2560 3087 2615; x_wconf 89' lang='lat' dir='ltr'><strong>de</strong></span> <span class='ocrx_word' id='word_1_459' title='bbox 3120 2561 3320 2632; x_wconf 91' lang='lat' dir='ltr'><strong>quibus</strong></span> <span class='ocrx_word' id='word_1_460' title='bbox 3347 2576 3438 2614; x_wconf 80' lang='lat' dir='ltr'><strong>sa-</strong></span> 
     </span>
    </p>
   </div>
   <div class='ocr_carea' id='block_1_66' title="bbox 1870 2638 3436 2713">
    <p class='ocr_par' dir='ltr' id='par_1_66' title="bbox 1870 2638 3436 2713">
     <span class='ocr_line' id='line_1_66' title="bbox 1870 2638 3436 2713; baseline 0.005 -16"><span class='ocrx_word' id='word_1_461' title='bbox 1870 2644 1939 2697; x_wconf 88' lang='lat' dir='ltr'><strong>tis</strong></span> <span class='ocrx_word' id='word_1_462' title='bbox 1967 2654 2117 2698; x_wconf 88' lang='lat' dir='ltr'><strong>certo</strong></span> <span class='ocrx_word' id='word_1_463' title='bbox 2168 2654 2402 2713; x_wconf 83' lang='lat' dir='ltr'><strong>constat,</strong></span> <span class='ocrx_word' id='word_1_464' title='bbox 2454 2662 2549 2703; x_wconf 90' lang='lat' dir='ltr'><strong>eos</strong></span> <span class='ocrx_word' id='word_1_465' title='bbox 2578 2638 2686 2702; x_wconf 78' lang='lat' dir='ltr'><strong>nun</strong></span> <span class='ocrx_word' id='word_1_466' title='bbox 2718 2658 2844 2705; x_wconf 84' lang='lat' dir='ltr'><strong>ante</strong></span> <span class='ocrx_word' id='word_1_467' title='bbox 2892 2651 3106 2706; x_wconf 85' lang='lat' dir='ltr'><strong>concilii</strong></span> <span class='ocrx_word' id='word_1_468' title='bbox 3140 2651 3436 2707; x_wconf 82' lang='lat' dir='ltr'><strong>Chalcedo-</strong></span> 
     </span>
    </p>
   </div>
   <div class='ocr_carea' id='block_1_67' title="bbox 1866 2735 3438 2812">
    <p class='ocr_par' dir='ltr' id='par_1_67' title="bbox 1866 2735 3438 2812">
     <span class='ocr_line' id='line_1_67' title="bbox 1866 2735 3438 2812; baseline 0.006 -24"><span class='ocrx_word' id='word_1_469' title='bbox 1866 2735 2052 2789; x_wconf 89' lang='lat' dir='ltr'><strong>nensis</strong></span> <span class='ocrx_word' id='word_1_470' title='bbox 2080 2744 2340 2806; x_wconf 88' lang='lat' dir='ltr'><strong>tempora,</strong></span> <span class='ocrx_word' id='word_1_471' title='bbox 2365 2752 2491 2804; x_wconf 79' lang='lat' dir='ltr'><strong>seu,</strong></span> <span class='ocrx_word' id='word_1_472' title='bbox 2512 2739 2657 2809; x_wconf 86' lang='lat' dir='ltr'><strong>quod</strong></span> <span class='ocrx_word' id='word_1_473' title='bbox 2698 2740 2836 2795; x_wconf 91' lang='lat' dir='ltr'><strong>idem</strong></span> <span class='ocrx_word' id='word_1_474' title='bbox 2867 2748 2969 2808; x_wconf 87' lang='lat' dir='ltr'><strong>est,</strong></span> <span class='ocrx_word' id='word_1_475' title='bbox 2998 2752 3121 2797; x_wconf 88' lang='lat' dir='ltr'><strong>ante</strong></span> <span class='ocrx_word' id='word_1_476' title='bbox 3157 2758 3341 2812; x_wconf 88' lang='lat' dir='ltr'><strong>pacem</strong></span> <span class='ocrx_word' id='word_1_477' title='bbox 3382 2751 3438 2798; x_wconf 87' lang='lat' dir='ltr'><strong>et</strong></span> 
     </span>
    </p>
   </div>
   <div class='ocr_carea' id='block_1_68' title="bbox 1867 2826 3431 2904">
    <p class='ocr_par' dir='ltr' id='par_1_68' title="bbox 1867 2826 3431 2904">
     <span class='ocr_line' id='line_1_68' title="bbox 1867 2826 3431 2904; baseline 0.008 -26"><span class='ocrx_word' id='word_1_478' title='bbox 1867 2827 2100 2893; x_wconf 88' lang='lat' dir='ltr'><strong>quietem</strong></span> <span class='ocrx_word' id='word_1_479' title='bbox 2121 2826 2316 2884; x_wconf 84' lang='lat' dir='ltr'><strong>Nostro</strong></span> <span class='ocrx_word' id='word_1_480' title='bbox 2340 2833 2551 2886; x_wconf 86' lang='lat' dir='ltr'><strong>tandem</strong></span> <span class='ocrx_word' id='word_1_481' title='bbox 2578 2833 2903 2899; x_wconf 88' lang='lat' dir='ltr'><strong>restitutam,</strong></span> <span class='ocrx_word' id='word_1_482' title='bbox 2932 2850 3051 2888; x_wconf 84' lang='lat' dir='ltr'><strong>esse</strong></span> <span class='ocrx_word' id='word_1_483' title='bbox 3082 2836 3431 2904; x_wconf 79' lang='lat' dir='ltr'><strong>cmnpnsittts.</strong></span> 
     </span>
    </p>
   </div>
   <div class='ocr_carea' id='block_1_69' title="bbox 1867 2914 3429 2993">
    <p class='ocr_par' dir='ltr' id='par_1_69' title="bbox 1867 2914 3429 2993">
     <span class='ocr_line' id='line_1_69' title="bbox 1867 2914 3429 2993; baseline 0.008 -24"><span class='ocrx_word' id='word_1_484' title='bbox 1867 2914 2145 2970; x_wconf 79' lang='lat' dir='ltr'><strong>Falluntur</strong></span> <span class='ocrx_word' id='word_1_485' title='bbox 2170 2919 2350 2987; x_wconf 85' lang='lat' dir='ltr'><strong>itaque</strong></span> <span class='ocrx_word' id='word_1_486' title='bbox 2374 2918 2641 2991; x_wconf 85' lang='lat' dir='ltr'><strong>Baronius</strong></span> <span class='ocrx_word' id='word_1_487' title='bbox 2670 2931 2723 2976; x_wconf 92' lang='lat' dir='ltr'><strong>et</strong></span> <span class='ocrx_word' id='word_1_488' title='bbox 2751 2922 3094 2986; x_wconf 80' lang='lat' dir='ltr'><strong>Sil&#39;lllOlltlllS,</strong></span> <span class='ocrx_word' id='word_1_489' title='bbox 3143 2926 3233 2991; x_wconf 91' lang='lat' dir='ltr'><strong>qui</strong></span> <span class='ocrx_word' id='word_1_490' title='bbox 3274 2934 3429 2993; x_wconf 83' lang='lat' dir='ltr'><strong>puta-</strong></span> 
     </span>
    </p>
   </div>
   <div class='ocr_carea' id='block_1_70' title="bbox 1867 3005 3434 3080">
    <p class='ocr_par' dir='ltr' id='par_1_70' title="bbox 1867 3005 3434 3080">
     <span class='ocr_line' id='line_1_70' title="bbox 1867 3005 3434 3080; baseline 0.006 -22"><span class='ocrx_word' id='word_1_491' title='bbox 1867 3015 2015 3071; x_wconf 88' lang='lat' dir='ltr'><strong>runt,</strong></span> <span class='ocrx_word' id='word_1_492' title='bbox 2045 3005 2445 3062; x_wconf 87' lang='lat' dir='ltr'><strong>Theodoretum</strong></span> <span class='ocrx_word' id='word_1_493' title='bbox 2477 3009 2625 3064; x_wconf 86' lang='lat' dir='ltr'><strong>brevi</strong></span> <span class='ocrx_word' id='word_1_494' title='bbox 2656 3023 2775 3080; x_wconf 87' lang='lat' dir='ltr'><strong>post</strong></span> <span class='ocrx_word' id='word_1_495' title='bbox 2808 3013 3097 3065; x_wconf 84' lang='lat' dir='ltr'><strong>concilium</strong></span> <span class='ocrx_word' id='word_1_496' title='bbox 3131 3014 3259 3066; x_wconf 85' lang='lat' dir='ltr'><strong>illud</strong></span> <span class='ocrx_word' id='word_1_497' title='bbox 3294 3024 3434 3068; x_wconf 89' lang='lat' dir='ltr'><strong>tem-</strong></span> 
     </span>
    </p>
   </div>
   <div class='ocr_carea' id='block_1_71' title="bbox 1866 3096 3435 3167">
    <p class='ocr_par' dir='ltr' id='par_1_71' title="bbox 1866 3096 3435 3167">
     <span class='ocr_line' id='line_1_71' title="bbox 1866 3096 3435 3167; baseline 0.004 -15"><span class='ocrx_word' id='word_1_498' title='bbox 1866 3113 1995 3167; x_wconf 86' lang='lat' dir='ltr'><strong>pore</strong></span> <span class='ocrx_word' id='word_1_499' title='bbox 2046 3113 2173 3151; x_wconf 85' lang='lat' dir='ltr'><strong>ann.</strong></span> <span class='ocrx_word' id='word_1_500' title='bbox 2208 3096 2271 3152; x_wconf 84' lang='lat' dir='ltr'><strong>C.</strong></span> <span class='ocrx_word' id='word_1_501' title='bbox 2306 3099 2409 3153; x_wconf 65' lang='lat'><strong>653</strong></span> <span class='ocrx_word' id='word_1_502' title='bbox 2443 3098 2565 3154; x_wconf 76' lang='lat' dir='ltr'><strong>fatis</strong></span> <span class='ocrx_word' id='word_1_503' title='bbox 2614 3099 2858 3155; x_wconf 82' lang='lat' dir='ltr'><strong>functum</strong></span> <span class='ocrx_word' id='word_1_504' title='bbox 2910 3119 3049 3157; x_wconf 87' lang='lat' dir='ltr'><strong>esse.</strong></span> <span class='ocrx_word' id='word_1_505' title='bbox 3084 3103 3287 3157; x_wconf 78' lang='lat' dir='ltr'><strong>Contra</strong></span> <span class='ocrx_word' id='word_1_506' title='bbox 3334 3105 3435 3159; x_wconf 91' lang='lat' dir='ltr'><strong>hos</strong></span> 
     </span>
    </p>
   </div>
   <div class='ocr_carea' id='block_1_72' title="bbox 1867 3190 3430 3262">
    <p class='ocr_par' dir='ltr' id='par_1_72' title="bbox 1867 3190 3430 3262">
     <span class='ocr_line' id='line_1_72' title="bbox 1867 3190 3430 3262; baseline 0.006 -22"><span class='ocrx_word' id='word_1_507' title='bbox 1867 3197 2070 3259; x_wconf 84' lang='lat' dir='ltr'><strong>pugnat</strong></span> <span class='ocrx_word' id='word_1_508' title='bbox 2100 3190 2152 3242; x_wconf 93' lang='lat' dir='ltr'><strong>in</strong></span> <span class='ocrx_word' id='word_1_509' title='bbox 2186 3190 2374 3258; x_wconf 89' lang='lat' dir='ltr'><strong>primis</strong></span> <span class='ocrx_word' id='word_1_510' title='bbox 2403 3190 2735 3256; x_wconf 85' lang='lat' dir='ltr'><strong>Gennadius,</strong></span> <span class='ocrx_word' id='word_1_511' title='bbox 2769 3194 2857 3262; x_wconf 89' lang='lat' dir='ltr'><strong>qui</strong></span> <span class='ocrx_word' id='word_1_512' title='bbox 2890 3202 3138 3259; x_wconf 84' lang='lat' dir='ltr'><strong>testatur,</strong></span> <span class='ocrx_word' id='word_1_513' title='bbox 3177 3194 3430 3249; x_wconf 75' lang='lat' dir='ltr'><strong>Nostrum</strong></span> 
     </span>
    </p>
   </div>
   <div class='ocr_carea' id='block_1_73' title="bbox 1866 3281 3434 3358">
    <p class='ocr_par' dir='ltr' id='par_1_73' title="bbox 1866 3281 3434 3358">
     <span class='ocr_line' id='line_1_73' title="bbox 1866 3281 3434 3358; baseline 0.005 -24"><span class='ocrx_word' id='word_1_514' title='bbox 1866 3281 1919 3335; x_wconf 94' lang='lat' dir='ltr'><strong>in</strong></span> <span class='ocrx_word' id='word_1_515' title='bbox 1948 3283 2054 3336; x_wconf 88' lang='lat' dir='ltr'><strong>vita</strong></span> <span class='ocrx_word' id='word_1_516' title='bbox 2083 3283 2259 3337; x_wconf 91' lang='lat' dir='ltr'><strong>adhuc</strong></span> <span class='ocrx_word' id='word_1_517' title='bbox 2283 3284 2628 3352; x_wconf 87' lang='lat' dir='ltr'><strong>superstitem</strong></span> <span class='ocrx_word' id='word_1_518' title='bbox 2652 3284 2815 3339; x_wconf 75' lang='lat' dir='ltr'><strong>fuisse</strong></span> <span class='ocrx_word' id='word_1_519' title='bbox 2842 3300 2967 3339; x_wconf 93' lang='lat' dir='ltr'><strong>cum</strong></span> <span class='ocrx_word' id='word_1_520' title='bbox 2988 3302 3209 3355; x_wconf 72' lang='lat' dir='ltr'><strong>regnum</strong></span> <span class='ocrx_word' id='word_1_521' title='bbox 3240 3303 3434 3358; x_wconf 81' lang='lat' dir='ltr'><strong>capes-</strong></span> 
     </span>
    </p>
   </div>
   <div class='ocr_carea' id='block_1_74' title="bbox 1862 3375 3429 3450">
    <p class='ocr_par' dir='ltr' id='par_1_74' title="bbox 1862 3375 3429 3450">
     <span class='ocr_line' id='line_1_74' title="bbox 1862 3375 3429 3450; baseline 0.003 -21"><span class='ocrx_word' id='word_1_522' title='bbox 1862 3386 2002 3431; x_wconf 83' lang='lat' dir='ltr'><strong>seret</strong></span> <span class='ocrx_word' id='word_1_523' title='bbox 2036 3375 2144 3430; x_wconf 87' lang='lat' dir='ltr'><strong>Leo</strong></span> <span class='ocrx_word' id='word_1_524' title='bbox 2171 3377 2487 3445; x_wconf 83' lang='lat' dir='ltr'><strong>imperator,</strong></span> <span class='ocrx_word' id='word_1_525' title='bbox 2516 3378 2702 3446; x_wconf 81' lang='lat' dir='ltr'><strong>sicque</strong></span> <span class='ocrx_word' id='word_1_526' title='bbox 2724 3394 2852 3432; x_wconf 90' lang='lat' dir='ltr'><strong>ann.</strong></span> <span class='ocrx_word' id='word_1_527' title='bbox 2883 3378 2944 3434; x_wconf 67' lang='grc' dir='ltr'><strong>(ἶ.</strong></span> <span class='ocrx_word' id='word_1_528' title='bbox 2968 3380 3090 3434; x_wconf 71' lang='grc' dir='ltr'><strong>45Ἰ.</strong></span> <span class='ocrx_word' id='word_1_529' title='bbox 3125 3381 3429 3450; x_wconf 72' lang='lat' dir='ltr'><strong>Argumen-</strong></span> 
     </span>
    </p>
   </div>
   <div class='ocr_carea' id='block_1_75' title="bbox 1862 3470 3428 3539">
    <p class='ocr_par' dir='ltr' id='par_1_75' title="bbox 1862 3470 3428 3539">
     <span class='ocr_line' id='line_1_75' title="bbox 1862 3470 3428 3539; baseline 0.004 -16"><span class='ocrx_word' id='word_1_530' title='bbox 1862 3479 1969 3523; x_wconf 87' lang='lat' dir='ltr'><strong>tum</strong></span> <span class='ocrx_word' id='word_1_531' title='bbox 2000 3471 2146 3539; x_wconf 86' lang='lat' dir='ltr'><strong>quod</strong></span> <span class='ocrx_word' id='word_1_532' title='bbox 2184 3486 2249 3524; x_wconf 70' lang='lat' dir='ltr'><strong>ex</strong></span> <span class='ocrx_word' id='word_1_533' title='bbox 2299 3470 2570 3526; x_wconf 87' lang='lat' dir='ltr'><strong>Chronico</strong></span> <span class='ocrx_word' id='word_1_534' title='bbox 2605 3470 2898 3527; x_wconf 80' lang='lat' dir='ltr'><strong>Marcellini</strong></span> <span class='ocrx_word' id='word_1_535' title='bbox 2952 3474 3103 3529; x_wconf 77' lang='lat' dir='ltr'><strong>duxit</strong></span> <span class='ocrx_word' id='word_1_536' title='bbox 3160 3476 3428 3536; x_wconf 85' lang='lat' dir='ltr'><strong>Labheus,</strong></span> 
     </span>
    </p>
   </div>
   <div class='ocr_carea' id='block_1_76' title="bbox 1859 3563 3429 3635">
    <p class='ocr_par' dir='ltr' id='par_1_76' title="bbox 1859 3563 3429 3635">
     <span class='ocr_line' id='line_1_76' title="bbox 1859 3563 3429 3635; baseline 0.004 -19"><span class='ocrx_word' id='word_1_537' title='bbox 1859 3563 2040 3618; x_wconf 87' lang='lat' dir='ltr'><strong>minus</strong></span> <span class='ocrx_word' id='word_1_538' title='bbox 2089 3570 2266 3617; x_wconf 90' lang='lat' dir='ltr'><strong>tutum</strong></span> <span class='ocrx_word' id='word_1_539' title='bbox 2307 3578 2428 3618; x_wconf 89' lang='lat' dir='ltr'><strong>esse</strong></span> <span class='ocrx_word' id='word_1_540' title='bbox 2456 3563 2689 3629; x_wconf 87' lang='lat' dir='ltr'><strong>videtur,</strong></span> <span class='ocrx_word' id='word_1_541' title='bbox 2734 3566 2860 3635; x_wconf 85' lang='lat' dir='ltr'><strong>quia</strong></span> <span class='ocrx_word' id='word_1_542' title='bbox 2915 3566 2969 3619; x_wconf 92' lang='lat' dir='ltr'><strong>in</strong></span> <span class='ocrx_word' id='word_1_543' title='bbox 3011 3566 3280 3622; x_wconf 84' lang='lat' dir='ltr'><strong>Chronico</strong></span> <span class='ocrx_word' id='word_1_544' title='bbox 3325 3569 3429 3622; x_wconf 88' lang='lat' dir='ltr'><strong>isto</strong></span> 
     </span>
    </p>
   </div>
   <div class='ocr_carea' id='block_1_77' title="bbox 1858 3653 3429 3724">
    <p class='ocr_par' dir='ltr' id='par_1_77' title="bbox 1858 3653 3429 3724">
     <span class='ocr_line' id='line_1_77' title="bbox 1858 3653 3429 3724; baseline 0.002 -18"><span class='ocrx_word' id='word_1_545' title='bbox 1858 3654 2115 3724; x_wconf 89' lang='lat' dir='ltr'><strong>temporis</strong></span> <span class='ocrx_word' id='word_1_546' title='bbox 2137 3663 2267 3708; x_wconf 90' lang='lat' dir='ltr'><strong>nota</strong></span> <span class='ocrx_word' id='word_1_547' title='bbox 2299 3653 2439 3708; x_wconf 85' lang='lat' dir='ltr'><strong>haud</strong></span> <span class='ocrx_word' id='word_1_548' title='bbox 2471 3654 2603 3710; x_wconf 89' lang='lat' dir='ltr'><strong>satis</strong></span> <span class='ocrx_word' id='word_1_549' title='bbox 2626 3655 2980 3710; x_wconf 84' lang='lat' dir='ltr'><strong>determinata</strong></span> <span class='ocrx_word' id='word_1_550' title='bbox 3003 3664 3105 3710; x_wconf 90' lang='lat' dir='ltr'><strong>est.</strong></span> <span class='ocrx_word' id='word_1_551' title='bbox 3135 3657 3305 3710; x_wconf 89' lang='lat' dir='ltr'><strong>Multo</strong></span> <span class='ocrx_word' id='word_1_552' title='bbox 3328 3660 3429 3710; x_wconf 86' lang='lat' dir='ltr'><strong>mi-</strong></span> 
     </span>
    </p>
   </div>
   <div class='ocr_carea' id='block_1_78' title="bbox 1860 3745 3427 3817">
    <p class='ocr_par' dir='ltr' id='par_1_78' title="bbox 1860 3745 3427 3817">
     <span class='ocr_line' id='line_1_78' title="bbox 1860 3745 3427 3817; baseline 0.003 -19"><span class='ocrx_word' id='word_1_553' title='bbox 1860 3760 1965 3799; x_wconf 91' lang='lat' dir='ltr'><strong>nus</strong></span> <span class='ocrx_word' id='word_1_554' title='bbox 1993 3745 2355 3801; x_wconf 77' lang='lat' dir='ltr'><strong>insistendum</strong></span> <span class='ocrx_word' id='word_1_555' title='bbox 2395 3760 2518 3802; x_wconf 91' lang='lat' dir='ltr'><strong>esse</strong></span> <span class='ocrx_word' id='word_1_556' title='bbox 2558 3746 2771 3802; x_wconf 86' lang='lat' dir='ltr'><strong>videtur</strong></span> <span class='ocrx_word' id='word_1_557' title='bbox 2808 3747 2916 3804; x_wconf 89' lang='lat' dir='ltr'><strong>illis</strong></span> <span class='ocrx_word' id='word_1_558' title='bbox 2946 3764 3064 3817; x_wconf 66' lang='lat' dir='ltr'><strong>quae</strong></span> <span class='ocrx_word' id='word_1_559' title='bbox 3093 3766 3123 3802; x_wconf 89' lang='lat' dir='ltr'><strong>e</strong></span> <span class='ocrx_word' id='word_1_560' title='bbox 3156 3747 3427 3803; x_wconf 84' lang='lat' dir='ltr'><strong>Theodori</strong></span> 
     </span>
    </p>
   </div>
   <div class='ocr_carea' id='block_1_79' title="bbox 1859 3835 3429 3909">
    <p class='ocr_par' dir='ltr' id='par_1_79' title="bbox 1859 3835 3429 3909">
     <span class='ocr_line' id='line_1_79' title="bbox 1859 3835 3429 3909; baseline 0.002 -20"><span class='ocrx_word' id='word_1_561' title='bbox 1859 3835 2101 3892; x_wconf 86' lang='lat' dir='ltr'><strong>Lectoris</strong></span> <span class='ocrx_word' id='word_1_562' title='bbox 2134 3836 2495 3893; x_wconf 87' lang='lat' dir='ltr'><strong>Collectaneis</strong></span> <span class='ocrx_word' id='word_1_563' title='bbox 2520 3837 2815 3894; x_wconf 87' lang='lat' dir='ltr'><strong>Garnerius</strong></span> <span class='ocrx_word' id='word_1_564' title='bbox 2852 3839 3010 3893; x_wconf 85' lang='lat' dir='ltr'><strong>Auct.</strong></span> <span class='ocrx_word' id='word_1_565' title='bbox 3046 3857 3097 3909; x_wconf 91' lang='lat' dir='ltr'><strong>p.</strong></span> <span class='ocrx_word' id='word_1_566' title='bbox 3136 3841 3255 3905; x_wconf 71' lang='lat' dir='ltr'><strong>HS,</strong></span> <span class='ocrx_word' id='word_1_567' title='bbox 3284 3851 3429 3895; x_wconf 88' lang='lat' dir='ltr'><strong>attu-</strong></span> 
     </span>
    </p>
   </div>
   <div class='ocr_carea' id='block_1_80' title="bbox 1859 3927 3427 3997">
    <p class='ocr_par' dir='ltr' id='par_1_80' title="bbox 1859 3927 3427 3997">
     <span class='ocr_line' id='line_1_80' title="bbox 1859 3927 3427 3997; baseline 0.001 -16"><span class='ocrx_word' id='word_1_568' title='bbox 1859 3928 1938 3991; x_wconf 91' lang='lat' dir='ltr'><strong>lit,</strong></span> <span class='ocrx_word' id='word_1_569' title='bbox 1972 3937 2030 3982; x_wconf 90' lang='lat' dir='ltr'><strong>ut</strong></span> <span class='ocrx_word' id='word_1_570' title='bbox 2058 3928 2330 3997; x_wconf 76' lang='lat' dir='ltr'><strong>probaret,</strong></span> <span class='ocrx_word' id='word_1_571' title='bbox 2359 3927 2615 3982; x_wconf 87' lang='lat' dir='ltr'><strong>Nostrum</strong></span> <span class='ocrx_word' id='word_1_572' title='bbox 2673 3945 2804 3983; x_wconf 88' lang='lat' dir='ltr'><strong>ann.</strong></span> <span class='ocrx_word' id='word_1_573' title='bbox 2851 3931 2911 3983; x_wconf 65' lang='grc' dir='ltr'><strong>(Ι.</strong></span> <span class='ocrx_word' id='word_1_574' title='bbox 2942 3931 3045 3984; x_wconf 73' lang='grc'><strong>458</strong></span> <span class='ocrx_word' id='word_1_575' title='bbox 3076 3947 3138 3983; x_wconf 75' lang='lat' dir='ltr'><strong>ex</strong></span> <span class='ocrx_word' id='word_1_576' title='bbox 3187 3931 3288 3983; x_wconf 88' lang='lat' dir='ltr'><strong>hac</strong></span> <span class='ocrx_word' id='word_1_577' title='bbox 3320 3933 3427 3984; x_wconf 86' lang='lat' dir='ltr'><strong>vita</strong></span> 
     </span>
    </p>
   </div>
   <div class='ocr_carea' id='block_1_81' title="bbox 1858 4007 3429 4091">
    <p class='ocr_par' dir='ltr' id='par_1_81' title="bbox 1858 4007 3429 4091">
     <span class='ocr_line' id='line_1_81' title="bbox 1858 4007 3429 4091; baseline -0.001 -16"><span class='ocrx_word' id='word_1_578' title='bbox 1858 4007 2176 4075; x_wconf 79' lang='lat' dir='ltr'><strong>discessisse</strong></span> <span class='ocrx_word' id='word_1_579' title='bbox 2212 4038 2224 4074; x_wconf 90' lang='lat'>:</span> <span class='ocrx_word' id='word_1_580' title='bbox 2259 4036 2380 4089; x_wconf 82' lang='lat' dir='ltr'><strong>qua:</strong></span> <span class='ocrx_word' id='word_1_581' title='bbox 2445 4019 2588 4073; x_wconf 90' lang='lat' dir='ltr'><strong>enim</strong></span> <span class='ocrx_word' id='word_1_582' title='bbox 2640 4018 2708 4073; x_wconf 88' lang='lat' dir='ltr'><strong>de</strong></span> <span class='ocrx_word' id='word_1_583' title='bbox 2770 4018 2972 4072; x_wconf 79' lang='lat' dir='ltr'><strong>Jacobo</strong></span> <span class='ocrx_word' id='word_1_584' title='bbox 3026 4018 3429 4091; x_wconf 68' lang='lat' dir='ltr'><strong>Thaumaturgo</strong></span> 
     </span>
    </p>
   </div>
   <div class='ocr_carea' id='block_1_82' title="bbox 1859 4110 3429 4180">
    <p class='ocr_par' dir='ltr' id='par_1_82' title="bbox 1859 4110 3429 4180">
     <span class='ocr_line' id='line_1_82' title="bbox 1859 4110 3429 4180; baseline 0.001 -15"><span class='ocrx_word' id='word_1_585' title='bbox 1859 4128 1988 4165; x_wconf 89' lang='lat' dir='ltr'><strong>ann.</strong></span> <span class='ocrx_word' id='word_1_586' title='bbox 2016 4111 2076 4165; x_wconf 89' lang='lat' dir='ltr'><strong>C.</strong></span> <span class='ocrx_word' id='word_1_587' title='bbox 2116 4110 2223 4165; x_wconf 74' lang='grc'><strong>458</strong></span> <span class='ocrx_word' id='word_1_588' title='bbox 2249 4111 2424 4164; x_wconf 90' lang='lat' dir='ltr'><strong>adhuc</strong></span> <span class='ocrx_word' id='word_1_589' title='bbox 2457 4111 2746 4178; x_wconf 89' lang='lat' dir='ltr'><strong>superstite</strong></span> <span class='ocrx_word' id='word_1_590' title='bbox 2782 4119 3093 4176; x_wconf 89' lang='lat' dir='ltr'><strong>narrantur,</strong></span> <span class='ocrx_word' id='word_1_591' title='bbox 3131 4126 3265 4180; x_wconf 79' lang='lat' dir='ltr'><strong>vago</strong></span> <span class='ocrx_word' id='word_1_592' title='bbox 3292 4112 3429 4167; x_wconf 85' lang='lat' dir='ltr'><strong>Eva-</strong></span> 
     </span>
    </p>
   </div>
   <div class='ocr_carea' id='block_1_83' title="bbox 1859 4200 3431 4272">
    <p class='ocr_par' dir='ltr' id='par_1_83' title="bbox 1859 4200 3431 4272">
     <span class='ocr_line' id='line_1_83' title="bbox 1859 4200 3431 4272; baseline 0.004 -18"><span class='ocrx_word' id='word_1_593' title='bbox 1859 4202 1961 4272; x_wconf 78' lang='lat' dir='ltr'><strong>grii</strong></span> <span class='ocrx_word' id='word_1_594' title='bbox 2007 4200 2320 4256; x_wconf 89' lang='lat' dir='ltr'><strong>testimonio</strong></span> <span class='ocrx_word' id='word_1_595' title='bbox 2367 4200 2634 4255; x_wconf 90' lang='lat' dir='ltr'><strong>nituntur.</strong></span> <span class='ocrx_word' id='word_1_596' title='bbox 2679 4200 3035 4255; x_wconf 84' lang='lat' dir='ltr'><strong>Tutissimum</strong></span> <span class='ocrx_word' id='word_1_597' title='bbox 3092 4204 3275 4272; x_wconf 89' lang='lat' dir='ltr'><strong>itaque</strong></span> <span class='ocrx_word' id='word_1_598' title='bbox 3310 4221 3431 4260; x_wconf 86' lang='lat' dir='ltr'><strong>esse</strong></span> 
     </span>
    </p>
   </div>
   <div class='ocr_carea' id='block_1_84' title="bbox 1858 4292 3429 4364">
    <p class='ocr_par' dir='ltr' id='par_1_84' title="bbox 1858 4292 3429 4364">
     <span class='ocr_line' id='line_1_84' title="bbox 1858 4292 3429 4364; baseline 0.002 -17"><span class='ocrx_word' id='word_1_599' title='bbox 1858 4302 2139 4364; x_wconf 86' lang='lat' dir='ltr'><strong>putamus,</strong></span> <span class='ocrx_word' id='word_1_600' title='bbox 2192 4292 2403 4348; x_wconf 91' lang='lat' dir='ltr'><strong>obitum</strong></span> <span class='ocrx_word' id='word_1_601' title='bbox 2447 4292 2775 4349; x_wconf 74' lang='lat' dir='ltr'><strong>Theodoreti</strong></span> <span class='ocrx_word' id='word_1_602' title='bbox 2817 4309 2945 4347; x_wconf 90' lang='lat' dir='ltr'><strong>ann.</strong></span> <span class='ocrx_word' id='word_1_603' title='bbox 2977 4294 3039 4349; x_wconf 67' lang='grc' dir='ltr'><strong>(Σ.</strong></span> <span class='ocrx_word' id='word_1_604' title='bbox 3076 4296 3178 4350; x_wconf 74' lang='grc'><strong>457</strong></span> <span class='ocrx_word' id='word_1_605' title='bbox 3230 4296 3429 4351; x_wconf 80' lang='lat' dir='ltr'><strong>referre</strong></span> 
     </span>
    </p>
   </div>
   <div class='ocr_carea' id='block_1_85' title="bbox 1860 4382 2621 4442">
    <p class='ocr_par' dir='ltr' id='par_1_85' title="bbox 1860 4382 2621 4442">
     <span class='ocr_line' id='line_1_85' title="bbox 1860 4382 2621 4442; baseline 0.004 -4"><span class='ocrx_word' id='word_1_606' title='bbox 1860 4398 1986 4439; x_wconf 90' lang='lat' dir='ltr'><strong>cum</strong></span> <span class='ocrx_word' id='word_1_607' title='bbox 2029 4382 2377 4442; x_wconf 89' lang='lat' dir='ltr'><strong>Tillemontio</strong></span> <span class='ocrx_word' id='word_1_608' title='bbox 2404 4395 2459 4441; x_wconf 91' lang='lat' dir='ltr'><strong>et</strong></span> <span class='ocrx_word' id='word_1_609' title='bbox 2479 4386 2621 4442; x_wconf 88' lang='lat' dir='ltr'><strong>aliis.</strong></span> 
     </span>
    </p>
   </div>
   <div class='ocr_carea' id='block_1_86' title="bbox 1932 4477 3427 4549">
    <p class='ocr_par' dir='ltr' id='par_1_86' title="bbox 1932 4477 3427 4549">
     <span class='ocr_line' id='line_1_86' title="bbox 1932 4477 3427 4549; baseline 0.001 -17"><span class='ocrx_word' id='word_1_610' title='bbox 1932 4477 2067 4545; x_wconf 86' lang='lat' dir='ltr'><strong>Hoc,</strong></span> <span class='ocrx_word' id='word_1_611' title='bbox 2099 4485 2163 4533; x_wconf 91' lang='lat' dir='ltr'><strong>ut</strong></span> <span class='ocrx_word' id='word_1_612' title='bbox 2187 4487 2463 4549; x_wconf 82' lang='lat' dir='ltr'><strong>putamus,</strong></span> <span class='ocrx_word' id='word_1_613' title='bbox 2496 4493 2663 4543; x_wconf 90' lang='lat' dir='ltr'><strong>anno,</strong></span> <span class='ocrx_word' id='word_1_614' title='bbox 2693 4479 2747 4534; x_wconf 91' lang='lat' dir='ltr'><strong>in</strong></span> <span class='ocrx_word' id='word_1_615' title='bbox 2776 4494 2909 4549; x_wconf 89' lang='lat' dir='ltr'><strong>pace</strong></span> <span class='ocrx_word' id='word_1_616' title='bbox 2940 4479 3195 4535; x_wconf 64' lang='lat' dir='ltr'><strong>Ecclesiae</strong></span> <span class='ocrx_word' id='word_1_617' title='bbox 3227 4481 3427 4536; x_wconf 85' lang='lat' dir='ltr'><strong>obdor-</strong></span> 
     </span>
    </p>
   </div>
   <div class='ocr_carea' id='block_1_87' title="bbox 1862 4569 3424 4642">
    <p class='ocr_par' dir='ltr' id='par_1_87' title="bbox 1862 4569 3424 4642">
     <span class='ocr_line' id='line_1_87' title="bbox 1862 4569 3424 4642; baseline 0.001 -17"><span class='ocrx_word' id='word_1_618' title='bbox 1862 4569 2035 4634; x_wconf 88' lang='lat' dir='ltr'><strong>mivit,</strong></span> <span class='ocrx_word' id='word_1_619' title='bbox 2067 4578 2118 4624; x_wconf 86' lang='lat' dir='ltr'><strong>et</strong></span> <span class='ocrx_word' id='word_1_620' title='bbox 2156 4569 2377 4625; x_wconf 86' lang='lat' dir='ltr'><strong>charam</strong></span> <span class='ocrx_word' id='word_1_621' title='bbox 2407 4570 2490 4627; x_wconf 91' lang='lat' dir='ltr'><strong>sui</strong></span> <span class='ocrx_word' id='word_1_622' title='bbox 2540 4572 2862 4627; x_wconf 90' lang='lat' dir='ltr'><strong>memoriam</strong></span> <span class='ocrx_word' id='word_1_623' title='bbox 2891 4572 3111 4642; x_wconf 89' lang='lat' dir='ltr'><strong>reliquit</strong></span> <span class='ocrx_word' id='word_1_624' title='bbox 3152 4573 3424 4639; x_wconf 81' lang='lat' dir='ltr'><strong>omnibus,</strong></span> 
     </span>
    </p>
   </div>
   <div class='ocr_carea' id='block_1_88' title="bbox 202 4660 3426 4739">
    <p class='ocr_par' dir='ltr' id='par_1_88' title="bbox 202 4660 3426 4739">
     <span class='ocr_line' id='line_1_88' title="bbox 202 4660 3426 4739; baseline -0.001 -21"><span class='ocrx_word' id='word_1_625' title='bbox 202 4676 444 4736; x_wconf 77' lang='lat' dir='ltr'><strong>exponet,</strong></span> <span class='ocrx_word' id='word_1_626' title='bbox 504 4670 696 4738; x_wconf 88' lang='lat' dir='ltr'><strong>sicque</strong></span> <span class='ocrx_word' id='word_1_627' title='bbox 748 4668 1125 4739; x_wconf 82' lang='lat' dir='ltr'><strong>pragredietur</strong></span> <span class='ocrx_word' id='word_1_628' title='bbox 1172 4684 1347 4738; x_wconf 87' lang='lat' dir='ltr'><strong>usque</strong></span> <span class='ocrx_word' id='word_1_629' title='bbox 1392 4670 1456 4723; x_wconf 85' lang='lat' dir='ltr'><strong>ad</strong></span> <span class='ocrx_word' id='word_1_630' title='bbox 1513 4678 1755 4739; x_wconf 88' lang='lat' dir='ltr'><strong>tempora</strong></span> <span class='ocrx_word' id='word_1_631' title='bbox 1790 4665 1832 4721; x_wconf 92' lang='lat' dir='ltr'><strong>D</strong></span> <span class='ocrx_word' id='word_1_632' title='bbox 1859 4661 1953 4730; x_wconf 87' lang='lat' dir='ltr'><strong>qui</strong></span> <span class='ocrx_word' id='word_1_633' title='bbox 1976 4660 2149 4715; x_wconf 88' lang='lat' dir='ltr'><strong>libero</strong></span> <span class='ocrx_word' id='word_1_634' title='bbox 2172 4675 2204 4714; x_wconf 90' lang='lat' dir='ltr'><strong>a</strong></span> <span class='ocrx_word' id='word_1_635' title='bbox 2238 4661 2566 4731; x_wconf 66' lang='lat' dir='ltr'><strong>praejudiciis</strong></span> <span class='ocrx_word' id='word_1_636' title='bbox 2600 4661 2785 4717; x_wconf 88' lang='lat' dir='ltr'><strong>animo</strong></span> <span class='ocrx_word' id='word_1_637' title='bbox 2814 4661 3037 4731; x_wconf 74' lang='lat' dir='ltr'><strong>dignum</strong></span> <span class='ocrx_word' id='word_1_638' title='bbox 3067 4661 3182 4734; x_wconf 72' lang='grc'><strong>[28]</strong></span> <span class='ocrx_word' id='word_1_639' title='bbox 3218 4662 3426 4716; x_wconf 90' lang='lat' dir='ltr'><strong>meritis</strong></span> 
     </span>
    </p>
   </div>
   <div class='ocr_carea' id='block_1_89' title="bbox 202 4759 1754 4832">
    <p class='ocr_par' dir='ltr' id='par_1_89' title="bbox 202 4759 1754 4832">
     <span class='ocr_line' id='line_1_89' title="bbox 202 4759 1754 4832; baseline 0.004 -23"><span class='ocrx_word' id='word_1_640' title='bbox 202 4760 380 4827; x_wconf 73' lang='lat' dir='ltr'><strong>synodi</strong></span> <span class='ocrx_word' id='word_1_641' title='bbox 414 4761 645 4830; x_wconf 68' lang='lat' dir='ltr'><strong>quintae.</strong></span> <span class='ocrx_word' id='word_1_642' title='bbox 671 4759 800 4815; x_wconf 84' lang='lat' dir='ltr'><strong>Post</strong></span> <span class='ocrx_word' id='word_1_643' title='bbox 821 4760 1110 4814; x_wconf 85' lang='lat' dir='ltr'><strong>concilium</strong></span> <span class='ocrx_word' id='word_1_644' title='bbox 1132 4760 1584 4824; x_wconf 85' lang='lat' dir='ltr'><strong>Chalcedonense</strong></span> <span class='ocrx_word' id='word_1_645' title='bbox 1631 4764 1754 4832; x_wconf 86' lang='lat' dir='ltr'><strong>pln-</strong></span> 
     </span>
    </p>
   </div>
   <div class='ocr_carea' id='block_1_90' title="bbox 200 4850 1759 4923">
    <p class='ocr_par' dir='ltr' id='par_1_90' title="bbox 200 4850 1759 4923">
     <span class='ocr_line' id='line_1_90' title="bbox 200 4850 1759 4923; baseline 0.006 -22"><span class='ocrx_word' id='word_1_646' title='bbox 200 4850 389 4905; x_wconf 86' lang='lat' dir='ltr'><strong>rituum</strong></span> <span class='ocrx_word' id='word_1_647' title='bbox 447 4853 664 4922; x_wconf 89' lang='lat' dir='ltr'><strong>quidem</strong></span> <span class='ocrx_word' id='word_1_648' title='bbox 722 4854 983 4923; x_wconf 86' lang='lat' dir='ltr'><strong>temporis</strong></span> <span class='ocrx_word' id='word_1_649' title='bbox 1034 4854 1267 4922; x_wconf 87' lang='lat' dir='ltr'><strong>spatium</strong></span> <span class='ocrx_word' id='word_1_650' title='bbox 1317 4855 1372 4907; x_wconf 92' lang='lat' dir='ltr'><strong>in</strong></span> <span class='ocrx_word' id='word_1_651' title='bbox 1424 4856 1759 4910; x_wconf 88' lang='lat' dir='ltr'><strong>monasterio</strong></span> 
     </span>
    </p>
   </div>
   <div class='ocr_carea' id='block_1_91' title="bbox 200 4939 1756 5011">
    <p class='ocr_par' dir='ltr' id='par_1_91' title="bbox 200 4939 1756 5011">
     <span class='ocr_line' id='line_1_91' title="bbox 200 4939 1756 5011; baseline 0.006 -23"><span class='ocrx_word' id='word_1_652' title='bbox 200 4951 357 5007; x_wconf 84' lang='lat' dir='ltr'><strong>prope</strong></span> <span class='ocrx_word' id='word_1_653' title='bbox 382 4939 582 5011; x_wconf 86' lang='lat' dir='ltr'><strong>Cyrum</strong></span> <span class='ocrx_word' id='word_1_654' title='bbox 628 4942 809 5010; x_wconf 88' lang='lat' dir='ltr'><strong>posito</strong></span> <span class='ocrx_word' id='word_1_655' title='bbox 841 4942 1183 5011; x_wconf 84' lang='lat' dir='ltr'><strong>consumpsit</strong></span> <span class='ocrx_word' id='word_1_656' title='bbox 1232 4941 1274 4995; x_wconf 86' lang='grc' dir='ltr'><strong>Τ</strong></span> <span class='ocrx_word' id='word_1_657' title='bbox 1281 4942 1627 5007; x_wconf 85' lang='lat' dir='ltr'><strong>heodoretus,</strong></span> <span class='ocrx_word' id='word_1_658' title='bbox 1682 4945 1756 4999; x_wconf 90' lang='lat' dir='ltr'><strong>ita</strong></span> 
     </span>
    </p>
   </div>
   <div class='ocr_carea' id='block_1_92' title="bbox 200 5032 1757 5105">
    <p class='ocr_par' dir='ltr' id='par_1_92' title="bbox 200 5032 1757 5105">
     <span class='ocr_line' id='line_1_92' title="bbox 200 5032 1757 5105; baseline 0.005 -24"><span class='ocrx_word' id='word_1_659' title='bbox 200 5039 367 5085; x_wconf 89' lang='lat' dir='ltr'><strong>tamen</strong></span> <span class='ocrx_word' id='word_1_660' title='bbox 392 5041 453 5085; x_wconf 91' lang='lat' dir='ltr'><strong>ut</strong></span> <span class='ocrx_word' id='word_1_661' title='bbox 486 5032 739 5087; x_wconf 63' lang='lat' dir='ltr'><strong>Eccbsite</strong></span> <span class='ocrx_word' id='word_1_662' title='bbox 768 5049 880 5088; x_wconf 64' lang='lat' dir='ltr'><strong>suae</strong></span> <span class='ocrx_word' id='word_1_663' title='bbox 907 5032 1068 5087; x_wconf 88' lang='lat' dir='ltr'><strong>saluti</strong></span> <span class='ocrx_word' id='word_1_664' title='bbox 1110 5049 1324 5089; x_wconf 89' lang='lat' dir='ltr'><strong>summa</strong></span> <span class='ocrx_word' id='word_1_665' title='bbox 1349 5050 1478 5089; x_wconf 91' lang='lat' dir='ltr'><strong>cura</strong></span> <span class='ocrx_word' id='word_1_666' title='bbox 1514 5035 1757 5105; x_wconf 82' lang='lat' dir='ltr'><strong>invigila-</strong></span> 
     </span>
    </p>
   </div>
   <div class='ocr_carea' id='block_1_93' title="bbox 200 5125 1759 5196">
    <p class='ocr_par' dir='ltr' id='par_1_93' title="bbox 200 5125 1759 5196">
     <span class='ocr_line' id='line_1_93' title="bbox 200 5125 1759 5196; baseline 0.004 -20"><span class='ocrx_word' id='word_1_667' title='bbox 200 5133 289 5179; x_wconf 80' lang='lat' dir='ltr'><strong>rrt.</strong></span> <span class='ocrx_word' id='word_1_668' title='bbox 343 5125 821 5196; x_wconf 73' lang='lat' dir='ltr'><strong>Exoptatissimam</strong></span> <span class='ocrx_word' id='word_1_669' title='bbox 864 5125 1030 5181; x_wconf 80' lang='lat' dir='ltr'><strong>fuisse</strong></span> <span class='ocrx_word' id='word_1_670' title='bbox 1077 5127 1216 5181; x_wconf 90' lang='lat' dir='ltr'><strong>hanc</strong></span> <span class='ocrx_word' id='word_1_671' title='bbox 1261 5136 1585 5196; x_wconf 85' lang='lat' dir='ltr'><strong>postremam</strong></span> <span class='ocrx_word' id='word_1_672' title='bbox 1638 5130 1759 5183; x_wconf 70' lang='lat' dir='ltr'><strong>vita:</strong></span> 
     </span>
    </p>
   </div>
   <div class='ocr_carea' id='block_1_94' title="bbox 137 5214 1755 5288">
    <p class='ocr_par' dir='ltr' id='par_1_94' title="bbox 137 5214 1755 5288">
     <span class='ocr_line' id='line_1_94' title="bbox 137 5214 1755 5288; baseline 0.003 -21"><span class='ocrx_word' id='word_1_673' title='bbox 137 5215 145 5227; x_wconf 81' lang='lat'><strong><em>‘</em></strong></span> <span class='ocrx_word' id='word_1_674' title='bbox 196 5214 306 5282; x_wconf 89' lang='lat' dir='ltr'><strong>ejus</strong></span> <span class='ocrx_word' id='word_1_675' title='bbox 359 5228 592 5286; x_wconf 87' lang='lat' dir='ltr'><strong>partem,</strong></span> <span class='ocrx_word' id='word_1_676' title='bbox 642 5217 952 5286; x_wconf 78' lang='lat' dir='ltr'><strong>colligimus</strong></span> <span class='ocrx_word' id='word_1_677' title='bbox 993 5232 1056 5272; x_wconf 81' lang='lat' dir='ltr'><strong>ex</strong></span> <span class='ocrx_word' id='word_1_678' title='bbox 1114 5218 1342 5288; x_wconf 89' lang='lat' dir='ltr'><strong>epistola</strong></span> <span class='ocrx_word' id='word_1_679' title='bbox 1379 5219 1446 5273; x_wconf 92' lang='lat' dir='ltr'><strong>ad</strong></span> <span class='ocrx_word' id='word_1_680' title='bbox 1491 5217 1755 5273; x_wconf 86' lang='lat' dir='ltr'><strong>Joannem</strong></span> 
     </span>
    </p>
   </div>
   <div class='ocr_carea' id='block_1_95' title="bbox 198 5304 1757 5378">
    <p class='ocr_par' dir='ltr' id='par_1_95' title="bbox 198 5304 1757 5378">
     <span class='ocr_line' id='line_1_95' title="bbox 198 5304 1757 5378; baseline 0.001 -19"><span class='ocrx_word' id='word_1_681' title='bbox 198 5304 556 5361; x_wconf 75' lang='lat' dir='ltr'><strong>tEconomum</strong></span> <span class='ocrx_word' id='word_1_682' title='bbox 591 5305 715 5360; x_wconf 90' lang='lat' dir='ltr'><strong>data</strong></span> <span class='ocrx_word' id='word_1_683' title='bbox 742 5305 886 5378; x_wconf 75' lang='grc'><strong>(146)</strong></span> <span class='ocrx_word' id='word_1_684' title='bbox 915 5346 931 5372; x_wconf 86' lang='grc'>,</span> <span class='ocrx_word' id='word_1_685' title='bbox 971 5306 1024 5360; x_wconf 90' lang='lat' dir='ltr'><strong>in</strong></span> <span class='ocrx_word' id='word_1_686' title='bbox 1071 5320 1178 5377; x_wconf 88' lang='lat' dir='ltr'><strong>qua</strong></span> <span class='ocrx_word' id='word_1_687' title='bbox 1221 5314 1476 5373; x_wconf 89' lang='lat' dir='ltr'><strong>testatur,</strong></span> <span class='ocrx_word' id='word_1_688' title='bbox 1508 5322 1568 5363; x_wconf 90' lang='lat' dir='ltr'><strong>se</strong></span> <span class='ocrx_word' id='word_1_689' title='bbox 1612 5307 1757 5362; x_wconf 86' lang='lat' dir='ltr'><strong>dele—</strong></span> 
     </span>
    </p>
   </div>
   <div class='ocr_carea' id='block_1_96' title="bbox 198 5394 1755 5464">
    <p class='ocr_par' dir='ltr' id='par_1_96' title="bbox 198 5394 1755 5464">
     <span class='ocr_line' id='line_1_96' title="bbox 198 5394 1755 5464; baseline 0.004 -19"><span class='ocrx_word' id='word_1_690' title='bbox 198 5394 321 5447; x_wconf 63' lang='lat' dir='ltr'><strong>ctari</strong></span> <span class='ocrx_word' id='word_1_691' title='bbox 349 5396 532 5464; x_wconf 87' lang='lat' dir='ltr'><strong>quiete</strong></span> <span class='ocrx_word' id='word_1_692' title='bbox 568 5405 624 5450; x_wconf 90' lang='lat' dir='ltr'><strong>et</strong></span> <span class='ocrx_word' id='word_1_693' title='bbox 652 5394 763 5450; x_wconf 83' lang='lat' dir='ltr'><strong>vita</strong></span> <span class='ocrx_word' id='word_1_694' title='bbox 795 5412 824 5449; x_wconf 93' lang='lat' dir='ltr'><strong>a</strong></span> <span class='ocrx_word' id='word_1_695' title='bbox 850 5396 998 5452; x_wconf 90' lang='lat' dir='ltr'><strong>curis</strong></span> <span class='ocrx_word' id='word_1_696' title='bbox 1026 5396 1215 5451; x_wconf 89' lang='lat' dir='ltr'><strong>libera.</strong></span> <span class='ocrx_word' id='word_1_697' title='bbox 1244 5395 1320 5450; x_wconf 76' lang='lat' dir='ltr'><strong>Ex</strong></span> <span class='ocrx_word' id='word_1_698' title='bbox 1349 5397 1536 5451; x_wconf 88' lang='lat' dir='ltr'><strong>eadem</strong></span> <span class='ocrx_word' id='word_1_699' title='bbox 1576 5407 1755 5452; x_wconf 88' lang='lat' dir='ltr'><strong>autem</strong></span> 
     </span>
    </p>
   </div>
   <div class='ocr_carea' id='block_1_97' title="bbox 198 5486 1754 5557">
    <p class='ocr_par' dir='ltr' id='par_1_97' title="bbox 198 5486 1754 5557">
     <span class='ocr_line' id='line_1_97' title="bbox 198 5486 1754 5557; baseline 0.007 -24"><span class='ocrx_word' id='word_1_700' title='bbox 198 5486 415 5552; x_wconf 76' lang='lat' dir='ltr'><strong>cpistola</strong></span> <span class='ocrx_word' id='word_1_701' title='bbox 445 5487 791 5557; x_wconf 88' lang='lat' dir='ltr'><strong>perspicitur,</strong></span> <span class='ocrx_word' id='word_1_702' title='bbox 818 5502 990 5542; x_wconf 80' lang='lat' dir='ltr'><strong>novos</strong></span> <span class='ocrx_word' id='word_1_703' title='bbox 1024 5502 1088 5541; x_wconf 93' lang='lat' dir='ltr'><strong>eo</strong></span> <span class='ocrx_word' id='word_1_704' title='bbox 1114 5498 1355 5555; x_wconf 87' lang='lat' dir='ltr'><strong>tempore</strong></span> <span class='ocrx_word' id='word_1_705' title='bbox 1384 5498 1567 5543; x_wconf 87' lang='lat' dir='ltr'><strong>motus</strong></span> <span class='ocrx_word' id='word_1_706' title='bbox 1603 5498 1754 5544; x_wconf 87' lang='lat' dir='ltr'><strong>ortos</strong></span> 
     </span>
    </p>
   </div>
   <div class='ocr_carea' id='block_1_98' title="bbox 199 5577 1760 5647">
    <p class='ocr_par' dir='ltr' id='par_1_98' title="bbox 199 5577 1760 5647">
     <span class='ocr_line' id='line_1_98' title="bbox 199 5577 1760 5647; baseline 0.003 -19"><span class='ocrx_word' id='word_1_707' title='bbox 199 5590 310 5629; x_wconf 79' lang='lat' dir='ltr'><strong>csse</strong></span> <span class='ocrx_word' id='word_1_708' title='bbox 354 5577 509 5646; x_wconf 89' lang='lat' dir='ltr'><strong>culpa</strong></span> <span class='ocrx_word' id='word_1_709' title='bbox 548 5578 692 5632; x_wconf 80' lang='lat' dir='ltr'><strong>Aetii</strong></span> <span class='ocrx_word' id='word_1_710' title='bbox 722 5577 1116 5643; x_wconf 80' lang='lat' dir='ltr'><strong>archidiaconi,</strong></span> <span class='ocrx_word' id='word_1_711' title='bbox 1149 5580 1240 5647; x_wconf 89' lang='lat' dir='ltr'><strong>qui</strong></span> <span class='ocrx_word' id='word_1_712' title='bbox 1271 5587 1585 5633; x_wconf 86' lang='lat' dir='ltr'><strong>consuetam</strong></span> <span class='ocrx_word' id='word_1_713' title='bbox 1635 5592 1760 5632; x_wconf 87' lang='lat' dir='ltr'><strong>ora-</strong></span> 
     </span>
    </p>
   </div>
   <div class='ocr_carea' id='block_1_99' title="bbox 200 5664 1758 5741">
    <p class='ocr_par' dir='ltr' id='par_1_99' title="bbox 200 5664 1758 5741">
     <span class='ocr_line' id='line_1_99' title="bbox 200 5664 1758 5741; baseline 0.004 -25"><span class='ocrx_word' id='word_1_714' title='bbox 200 5664 397 5720; x_wconf 85' lang='lat' dir='ltr'><strong>tiounm</strong></span> <span class='ocrx_word' id='word_1_715' title='bbox 421 5677 474 5722; x_wconf 81' lang='lat' dir='ltr'><strong>et</strong></span> <span class='ocrx_word' id='word_1_716' title='bbox 506 5684 729 5739; x_wconf 83' lang='lat' dir='ltr'><strong>precum</strong></span> <span class='ocrx_word' id='word_1_717' title='bbox 758 5668 1080 5735; x_wconf 90' lang='lat' dir='ltr'><strong>clausulam,</strong></span> <span class='ocrx_word' id='word_1_718' title='bbox 1116 5670 1242 5740; x_wconf 84' lang='lat' dir='ltr'><strong>quia</strong></span> <span class='ocrx_word' id='word_1_719' title='bbox 1271 5678 1319 5723; x_wconf 85' lang='lat' dir='ltr'><strong>te</strong></span> <span class='ocrx_word' id='word_1_720' title='bbox 1347 5670 1488 5724; x_wconf 82' lang='lat' dir='ltr'><strong>decet</strong></span> <span class='ocrx_word' id='word_1_721' title='bbox 1511 5670 1684 5741; x_wconf 83' lang='lat' dir='ltr'><strong>gloria</strong></span> <span class='ocrx_word' id='word_1_722' title='bbox 1710 5679 1758 5723; x_wconf 84' lang='lat' dir='ltr'><strong>et</strong></span> 
     </span>
    </p>
   </div>
   <div class='ocr_carea' id='block_1_100' title="bbox 199 5752 1757 5830">
    <p class='ocr_par' dir='ltr' id='par_1_100' title="bbox 199 5752 1757 5830">
     <span class='ocr_line' id='line_1_100' title="bbox 199 5752 1757 5830; baseline 0.003 -23"><span class='ocrx_word' id='word_1_723' title='bbox 199 5752 462 5810; x_wconf 77' lang='lat' dir='ltr'><strong>Christum</strong></span> <span class='ocrx_word' id='word_1_724' title='bbox 499 5768 644 5812; x_wconf 82' lang='lat' dir='ltr'><strong>tuam</strong></span> <span class='ocrx_word' id='word_1_725' title='bbox 682 5768 732 5813; x_wconf 84' lang='lat' dir='ltr'><strong>et</strong></span> <span class='ocrx_word' id='word_1_726' title='bbox 762 5771 1005 5813; x_wconf 76' lang='lat' dir='ltr'><strong>sanctum</strong></span> <span class='ocrx_word' id='word_1_727' title='bbox 1047 5768 1193 5811; x_wconf 85' lang='lat' dir='ltr'><strong>tuum</strong></span> <span class='ocrx_word' id='word_1_728' title='bbox 1224 5758 1487 5827; x_wconf 84' lang='lat' dir='ltr'><strong>Spiritum</strong></span> <span class='ocrx_word' id='word_1_729' title='bbox 1514 5759 1654 5830; x_wconf 87' lang='lat' dir='ltr'><strong>(seu,</strong></span> <span class='ocrx_word' id='word_1_730' title='bbox 1697 5769 1757 5813; x_wconf 93' lang='lat' dir='ltr'><strong>ut</strong></span> 
     </span>
    </p>
   </div>
   <div class='ocr_carea' id='block_1_101' title="bbox 200 5843 1753 5919">
    <p class='ocr_par' dir='ltr' id='par_1_101' title="bbox 200 5843 1753 5919">
     <span class='ocr_line' id='line_1_101' title="bbox 200 5843 1753 5919; baseline 0.004 -23"><span class='ocrx_word' id='word_1_731' title='bbox 200 5843 284 5898; x_wconf 80' lang='lat' dir='ltr'><strong>alii</strong></span> <span class='ocrx_word' id='word_1_732' title='bbox 310 5845 488 5902; x_wconf 88' lang='lat' dir='ltr'><strong>dicere</strong></span> <span class='ocrx_word' id='word_1_733' title='bbox 516 5849 781 5913; x_wconf 89' lang='lat' dir='ltr'><strong>solebant,</strong></span> <span class='ocrx_word' id='word_1_734' title='bbox 808 5849 983 5919; x_wconf 81' lang='lat' dir='ltr'><strong>gratia</strong></span> <span class='ocrx_word' id='word_1_735' title='bbox 1007 5856 1054 5902; x_wconf 84' lang='lat' dir='ltr'><strong>et</strong></span> <span class='ocrx_word' id='word_1_736' title='bbox 1107 5848 1398 5919; x_wconf 83' lang='lat' dir='ltr'><strong>benignitas</strong></span> <span class='ocrx_word' id='word_1_737' title='bbox 1433 5849 1631 5905; x_wconf 80' lang='lat' dir='ltr'><strong>Christi</strong></span> <span class='ocrx_word' id='word_1_738' title='bbox 1653 5850 1753 5912; x_wconf 85' lang='lat' dir='ltr'><strong>tui,</strong></span> 
     </span>
    </p>
   </div>
   <div class='ocr_carea' id='block_1_102' title="bbox 199 5939 1757 6011">
    <p class='ocr_par' dir='ltr' id='par_1_102' title="bbox 199 5939 1757 6011">
     <span class='ocr_line' id='line_1_102' title="bbox 199 5939 1757 6011; baseline 0.006 -25"><span class='ocrx_word' id='word_1_739' title='bbox 199 5947 307 5988; x_wconf 73' lang='lat' dir='ltr'><strong>cum</strong></span> <span class='ocrx_word' id='word_1_740' title='bbox 339 5950 501 6007; x_wconf 80' lang='lat' dir='ltr'><strong>quote</strong></span> <span class='ocrx_word' id='word_1_741' title='bbox 530 5940 669 5994; x_wconf 80' lang='lat' dir='ltr'><strong>deret</strong></span> <span class='ocrx_word' id='word_1_742' title='bbox 694 5939 863 6010; x_wconf 66' lang='lat' dir='ltr'><strong>gloria</strong></span> <span class='ocrx_word' id='word_1_743' title='bbox 911 5955 1027 5992; x_wconf 83' lang='lat' dir='ltr'><strong>cum</strong></span> <span class='ocrx_word' id='word_1_744' title='bbox 1061 5947 1241 5992; x_wconf 76' lang='lat' dir='ltr'><strong>sancto</strong></span> <span class='ocrx_word' id='word_1_745' title='bbox 1285 5948 1372 5994; x_wconf 86' lang='lat' dir='ltr'><strong>tua</strong></span> <span class='ocrx_word' id='word_1_746' title='bbox 1405 5939 1633 6011; x_wconf 83' lang='lat' dir='ltr'><strong>Spiritu)</strong></span> <span class='ocrx_word' id='word_1_747' title='bbox 1662 5941 1757 5995; x_wconf 85' lang='lat' dir='ltr'><strong>ad-</strong></span> 
     </span>
    </p>
   </div>
   <div class='ocr_carea' id='block_1_103' title="bbox 1860 4750 3421 4822">
    <p class='ocr_par' dir='ltr' id='par_1_103' title="bbox 1860 4750 3421 4822">
     <span class='ocr_line' id='line_1_103' title="bbox 1860 4750 3421 4822; baseline -0.002 -15"><span class='ocrx_word' id='word_1_748' title='bbox 1860 4750 2171 4807; x_wconf 84' lang='lat' dir='ltr'><strong>statuebaut</strong></span> <span class='ocrx_word' id='word_1_749' title='bbox 2190 4750 2444 4820; x_wconf 89' lang='lat' dir='ltr'><strong>pretium.</strong></span> <span class='ocrx_word' id='word_1_750' title='bbox 2472 4750 2729 4807; x_wconf 89' lang='lat' dir='ltr'><strong>Eamdem</strong></span> <span class='ocrx_word' id='word_1_751' title='bbox 2759 4758 2941 4807; x_wconf 88' lang='lat' dir='ltr'><strong>tamen</strong></span> <span class='ocrx_word' id='word_1_752' title='bbox 2979 4760 3103 4822; x_wconf 91' lang='lat' dir='ltr'><strong>post</strong></span> <span class='ocrx_word' id='word_1_753' title='bbox 3125 4751 3233 4806; x_wconf 81' lang='lat' dir='ltr'><strong>lata</strong></span> <span class='ocrx_word' id='word_1_754' title='bbox 3259 4751 3421 4806; x_wconf 89' lang='lat' dir='ltr'><strong>etiam</strong></span> 
     </span>
    </p>
   </div>
   <div class='ocr_carea' id='block_1_104' title="bbox 1859 4844 3427 4917">
    <p class='ocr_par' dir='ltr' id='par_1_104' title="bbox 1859 4844 3427 4917">
     <span class='ocr_line' id='line_1_104' title="bbox 1859 4844 3427 4917; baseline -0.001 -18"><span class='ocrx_word' id='word_1_755' title='bbox 1859 4854 2116 4914; x_wconf 84' lang='lat' dir='ltr'><strong>expertus</strong></span> <span class='ocrx_word' id='word_1_756' title='bbox 2158 4854 2240 4900; x_wconf 92' lang='lat' dir='ltr'><strong>est</strong></span> <span class='ocrx_word' id='word_1_757' title='bbox 2278 4854 2500 4912; x_wconf 87' lang='lat' dir='ltr'><strong>sortem,</strong></span> <span class='ocrx_word' id='word_1_758' title='bbox 2542 4861 2706 4917; x_wconf 91' lang='lat' dir='ltr'><strong>quam</strong></span> <span class='ocrx_word' id='word_1_759' title='bbox 2761 4846 2891 4900; x_wconf 92' lang='lat' dir='ltr'><strong>dum</strong></span> <span class='ocrx_word' id='word_1_760' title='bbox 2951 4845 3190 4912; x_wconf 83' lang='lat' dir='ltr'><strong>viveret,</strong></span> <span class='ocrx_word' id='word_1_761' title='bbox 3238 4844 3427 4898; x_wconf 90' lang='lat' dir='ltr'><strong>habuit</strong></span> 
     </span>
    </p>
   </div>
   <div class='ocr_carea' id='block_1_105' title="bbox 1858 4936 3426 5007">
    <p class='ocr_par' dir='ltr' id='par_1_105' title="bbox 1858 4936 3426 5007">
     <span class='ocr_line' id='line_1_105' title="bbox 1858 4936 3426 5007; baseline 0.001 -19"><span class='ocrx_word' id='word_1_762' title='bbox 1858 4937 2016 4991; x_wconf 87' lang='lat' dir='ltr'><strong>valde</strong></span> <span class='ocrx_word' id='word_1_763' title='bbox 2045 4937 2309 5006; x_wconf 90' lang='lat' dir='ltr'><strong>iniquam.</strong></span> <span class='ocrx_word' id='word_1_764' title='bbox 2359 4936 2557 4992; x_wconf 90' lang='lat' dir='ltr'><strong>Ultima</strong></span> <span class='ocrx_word' id='word_1_765' title='bbox 2605 4937 2825 5007; x_wconf 86' lang='lat' dir='ltr'><strong>quidem</strong></span> <span class='ocrx_word' id='word_1_766' title='bbox 2867 4951 3047 4991; x_wconf 90' lang='lat' dir='ltr'><strong>rerum</strong></span> <span class='ocrx_word' id='word_1_767' title='bbox 3096 4937 3233 4991; x_wconf 91' lang='lat' dir='ltr'><strong>linea</strong></span> <span class='ocrx_word' id='word_1_768' title='bbox 3277 4951 3426 4990; x_wconf 91' lang='lat' dir='ltr'><strong>mors</strong></span> 
     </span>
    </p>
   </div>
   <div class='ocr_carea' id='block_1_106' title="bbox 1860 5026 3426 5092">
    <p class='ocr_par' dir='ltr' id='par_1_106' title="bbox 1860 5026 3426 5092">
     <span class='ocr_line' id='line_1_106' title="bbox 1860 5026 3426 5092; baseline -0.001 -11"><span class='ocrx_word' id='word_1_769' title='bbox 1860 5027 2079 5092; x_wconf 90' lang='lat' dir='ltr'><strong>dicitur,</strong></span> <span class='ocrx_word' id='word_1_770' title='bbox 2114 5028 2257 5081; x_wconf 91' lang='lat' dir='ltr'><strong>etde</strong></span> <span class='ocrx_word' id='word_1_771' title='bbox 2290 5029 2521 5083; x_wconf 86' lang='lat' dir='ltr'><strong>mortuis</strong></span> <span class='ocrx_word' id='word_1_772' title='bbox 2558 5043 2662 5083; x_wconf 91' lang='lat' dir='ltr'><strong>non</strong></span> <span class='ocrx_word' id='word_1_773' title='bbox 2697 5028 2801 5082; x_wconf 91' lang='lat' dir='ltr'><strong>nisi</strong></span> <span class='ocrx_word' id='word_1_774' title='bbox 2836 5027 2971 5083; x_wconf 87' lang='lat' dir='ltr'><strong>bene</strong></span> <span class='ocrx_word' id='word_1_775' title='bbox 2991 5026 3276 5082; x_wconf 88' lang='lat' dir='ltr'><strong>dicendum</strong></span> <span class='ocrx_word' id='word_1_776' title='bbox 3307 5040 3426 5080; x_wconf 81' lang='lat' dir='ltr'><strong>esse</strong></span> 
     </span>
    </p>
   </div>
   <div class='ocr_carea' id='block_1_107' title="bbox 1860 5116 3426 5191">
    <p class='ocr_par' dir='ltr' id='par_1_107' title="bbox 1860 5116 3426 5191">
     <span class='ocr_line' id='line_1_107' title="bbox 1860 5116 3426 5191; baseline -0.003 -17"><span class='ocrx_word' id='word_1_777' title='bbox 1860 5120 2136 5189; x_wconf 87' lang='lat' dir='ltr'><strong>sapienter</strong></span> <span class='ocrx_word' id='word_1_778' title='bbox 2170 5130 2541 5190; x_wconf 73' lang='lat' dir='ltr'><strong>praeceperunt</strong></span> <span class='ocrx_word' id='word_1_779' title='bbox 2574 5120 2833 5191; x_wconf 84' lang='lat' dir='ltr'><strong>majores.</strong></span> <span class='ocrx_word' id='word_1_780' title='bbox 2861 5120 2956 5175; x_wconf 86' lang='lat' dir='ltr'><strong>sed</strong></span> <span class='ocrx_word' id='word_1_781' title='bbox 2992 5118 3192 5174; x_wconf 88' lang='lat' dir='ltr'><strong>Nostro</strong></span> <span class='ocrx_word' id='word_1_782' title='bbox 3221 5132 3329 5171; x_wconf 91' lang='lat' dir='ltr'><strong>non</strong></span> <span class='ocrx_word' id='word_1_783' title='bbox 3360 5116 3426 5170; x_wconf 83' lang='lat' dir='ltr'><strong>li-</strong></span> 
     </span>
    </p>
   </div>
   <div class='ocr_carea' id='block_1_108' title="bbox 1860 5207 3427 5275">
    <p class='ocr_par' dir='ltr' id='par_1_108' title="bbox 1860 5207 3427 5275">
     <span class='ocr_line' id='line_1_108' title="bbox 1860 5207 3427 5275; baseline -0.003 -11"><span class='ocrx_word' id='word_1_784' title='bbox 1860 5210 1976 5264; x_wconf 86' lang='lat' dir='ltr'><strong>cuit</strong></span> <span class='ocrx_word' id='word_1_785' title='bbox 2004 5224 2129 5265; x_wconf 81' lang='lat' dir='ltr'><strong>esse</strong></span> <span class='ocrx_word' id='word_1_786' title='bbox 2152 5210 2285 5264; x_wconf 87' lang='lat' dir='ltr'><strong>adeo</strong></span> <span class='ocrx_word' id='word_1_787' title='bbox 2313 5210 2474 5275; x_wconf 77' lang='lat' dir='ltr'><strong>felici,</strong></span> <span class='ocrx_word' id='word_1_788' title='bbox 2509 5223 2565 5265; x_wconf 93' lang='lat' dir='ltr'><strong>ut</strong></span> <span class='ocrx_word' id='word_1_789' title='bbox 2602 5209 2766 5266; x_wconf 69' lang='lat' dir='ltr'><strong>illmsa</strong></span> <span class='ocrx_word' id='word_1_790' title='bbox 2804 5220 2922 5274; x_wconf 86' lang='lat' dir='ltr'><strong>post</strong></span> <span class='ocrx_word' id='word_1_791' title='bbox 2949 5217 3176 5262; x_wconf 90' lang='lat' dir='ltr'><strong>mortem</strong></span> <span class='ocrx_word' id='word_1_792' title='bbox 3221 5207 3427 5261; x_wconf 79' lang='lat' dir='ltr'><strong>fruere-</strong></span> 
     </span>
    </p>
   </div>
   <div class='ocr_carea' id='block_1_109' title="bbox 1861 5297 3425 5369">
    <p class='ocr_par' dir='ltr' id='par_1_109' title="bbox 1861 5297 3425 5369">
     <span class='ocr_line' id='line_1_109' title="bbox 1861 5297 3425 5369; baseline -0.002 -13"><span class='ocrx_word' id='word_1_793' title='bbox 1861 5310 1950 5356; x_wconf 86' lang='lat' dir='ltr'><strong>tur</strong></span> <span class='ocrx_word' id='word_1_794' title='bbox 1979 5298 2144 5356; x_wconf 80' lang='lat' dir='ltr'><strong>fama.</strong></span> <span class='ocrx_word' id='word_1_795' title='bbox 2194 5299 2556 5357; x_wconf 80' lang='lat' dir='ltr'><strong>Redeundum</strong></span> <span class='ocrx_word' id='word_1_796' title='bbox 2590 5300 2776 5369; x_wconf 87' lang='lat' dir='ltr'><strong>itaque</strong></span> <span class='ocrx_word' id='word_1_797' title='bbox 2823 5299 2980 5353; x_wconf 87' lang='lat' dir='ltr'><strong>nobis</strong></span> <span class='ocrx_word' id='word_1_798' title='bbox 3009 5307 3091 5352; x_wconf 90' lang='lat' dir='ltr'><strong>est</strong></span> <span class='ocrx_word' id='word_1_799' title='bbox 3140 5297 3207 5352; x_wconf 90' lang='lat' dir='ltr'><strong>ad</strong></span> <span class='ocrx_word' id='word_1_800' title='bbox 3254 5299 3425 5353; x_wconf 89' lang='lat' dir='ltr'><strong>histo-</strong></span> 
     </span>
    </p>
   </div>
   <div class='ocr_carea' id='block_1_110' title="bbox 1861 5388 3423 5461">
    <p class='ocr_par' dir='ltr' id='par_1_110' title="bbox 1861 5388 3423 5461">
     <span class='ocr_line' id='line_1_110' title="bbox 1861 5388 3423 5461; baseline -0.002 -16"><span class='ocrx_word' id='word_1_801' title='bbox 1861 5391 1996 5445; x_wconf 89' lang='lat' dir='ltr'><strong>riam</strong></span> <span class='ocrx_word' id='word_1_802' title='bbox 2027 5390 2186 5461; x_wconf 83' lang='lat' dir='ltr'><strong>cujus</strong></span> <span class='ocrx_word' id='word_1_803' title='bbox 2229 5392 2389 5447; x_wconf 85' lang='lat' dir='ltr'><strong>tinem</strong></span> <span class='ocrx_word' id='word_1_804' title='bbox 2428 5392 2539 5461; x_wconf 89' lang='lat' dir='ltr'><strong>jam</strong></span> <span class='ocrx_word' id='word_1_805' title='bbox 2588 5390 2837 5457; x_wconf 75' lang='lat' dir='ltr'><strong>attigisse</strong></span> <span class='ocrx_word' id='word_1_806' title='bbox 2871 5388 3205 5444; x_wconf 86' lang='lat' dir='ltr'><strong>videbamur.</strong></span> <span class='ocrx_word' id='word_1_807' title='bbox 3251 5389 3423 5455; x_wconf 83' lang='lat' dir='ltr'><strong>Quam</strong></span> 
     </span>
    </p>
   </div>
   <div class='ocr_carea' id='block_1_111' title="bbox 1867 5480 3425 5551">
    <p class='ocr_par' dir='ltr' id='par_1_111' title="bbox 1867 5480 3425 5551">
     <span class='ocr_line' id='line_1_111' title="bbox 1867 5480 3425 5551; baseline -0.001 -17"><span class='ocrx_word' id='word_1_808' title='bbox 1867 5481 1979 5535; x_wconf 78' lang='lat' dir='ltr'><strong>ﬁeri</strong></span> <span class='ocrx_word' id='word_1_809' title='bbox 2011 5490 2206 5551; x_wconf 85' lang='lat' dir='ltr'><strong>potest,</strong></span> <span class='ocrx_word' id='word_1_810' title='bbox 2238 5482 2584 5551; x_wconf 89' lang='lat' dir='ltr'><strong>paucissimis</strong></span> <span class='ocrx_word' id='word_1_811' title='bbox 2612 5480 2789 5535; x_wconf 88' lang='lat' dir='ltr'><strong>adhuc</strong></span> <span class='ocrx_word' id='word_1_812' title='bbox 2825 5481 3115 5533; x_wconf 85' lang='lat' dir='ltr'><strong>enarrandi</strong></span> <span class='ocrx_word' id='word_1_813' title='bbox 3145 5490 3272 5535; x_wconf 91' lang='lat' dir='ltr'><strong>sunt</strong></span> <span class='ocrx_word' id='word_1_814' title='bbox 3312 5496 3425 5533; x_wconf 90' lang='lat' dir='ltr'><strong>mo-</strong></span> 
     </span>
    </p>
   </div>
   <div class='ocr_carea' id='block_1_112' title="bbox 1861 5572 3424 5643">
    <p class='ocr_par' dir='ltr' id='par_1_112' title="bbox 1861 5572 3424 5643">
     <span class='ocr_line' id='line_1_112' title="bbox 1861 5572 3424 5643; baseline 0 -16"><span class='ocrx_word' id='word_1_815' title='bbox 1861 5583 1969 5637; x_wconf 90' lang='lat' dir='ltr'><strong>tns,</strong></span> <span class='ocrx_word' id='word_1_816' title='bbox 2004 5573 2095 5643; x_wconf 93' lang='lat' dir='ltr'><strong>qui</strong></span> <span class='ocrx_word' id='word_1_817' title='bbox 2140 5588 2234 5643; x_wconf 90' lang='lat' dir='ltr'><strong>per</strong></span> <span class='ocrx_word' id='word_1_818' title='bbox 2270 5574 2538 5643; x_wconf 76' lang='lat' dir='ltr'><strong>integrum</strong></span> <span class='ocrx_word' id='word_1_819' title='bbox 2589 5583 2646 5628; x_wconf 90' lang='lat' dir='ltr'><strong>et</strong></span> <span class='ocrx_word' id='word_1_820' title='bbox 2698 5572 2841 5638; x_wconf 84' lang='lat' dir='ltr'><strong>quod</strong></span> <span class='ocrx_word' id='word_1_821' title='bbox 2881 5572 3121 5625; x_wconf 80' lang='lat' dir='ltr'><strong>excurrit</strong></span> <span class='ocrx_word' id='word_1_822' title='bbox 3166 5573 3424 5627; x_wconf 84' lang='lat' dir='ltr'><strong>sacculum</strong></span> 
     </span>
    </p>
   </div>
   <div class='ocr_carea' id='block_1_113' title="bbox 1862 5660 3424 5733">
    <p class='ocr_par' dir='ltr' id='par_1_113' title="bbox 1862 5660 3424 5733">
     <span class='ocr_line' id='line_1_113' title="bbox 1862 5660 3424 5733; baseline -0.001 -14"><span class='ocrx_word' id='word_1_823' title='bbox 1862 5665 2149 5720; x_wconf 89' lang='lat' dir='ltr'><strong>turbarunt</strong></span> <span class='ocrx_word' id='word_1_824' title='bbox 2172 5660 2467 5720; x_wconf 90' lang='lat' dir='ltr'><strong>Orientem.</strong></span> <span class='ocrx_word' id='word_1_825' title='bbox 2501 5662 2632 5729; x_wconf 79' lang='lat' dir='ltr'><strong>Quae</strong></span> <span class='ocrx_word' id='word_1_826' title='bbox 2657 5663 2794 5717; x_wconf 90' lang='lat' dir='ltr'><strong>solet</strong></span> <span class='ocrx_word' id='word_1_827' title='bbox 2830 5677 2952 5717; x_wconf 88' lang='lat' dir='ltr'><strong>esse</strong></span> <span class='ocrx_word' id='word_1_828' title='bbox 2981 5678 3298 5733; x_wconf 81' lang='lat' dir='ltr'><strong>magnorum</strong></span> <span class='ocrx_word' id='word_1_829' title='bbox 3345 5666 3424 5717; x_wconf 89' lang='lat' dir='ltr'><strong>vi-</strong></span> 
     </span>
    </p>
   </div>
   <div class='ocr_carea' id='block_1_114' title="bbox 1860 5734 3429 5822">
    <p class='ocr_par' dir='ltr' id='par_1_114' title="bbox 1860 5734 3429 5822">
     <span class='ocr_line' id='line_1_114' title="bbox 1860 5734 3429 5822; baseline -0.003 -12"><span class='ocrx_word' id='word_1_830' title='bbox 1860 5772 2045 5810; x_wconf 91' lang='lat' dir='ltr'><strong>rorum</strong></span> <span class='ocrx_word' id='word_1_831' title='bbox 2080 5755 2341 5822; x_wconf 85' lang='lat' dir='ltr'><strong>conditio,</strong></span> <span class='ocrx_word' id='word_1_832' title='bbox 2369 5757 2499 5809; x_wconf 79' lang='lat' dir='ltr'><strong>utsi</strong></span> <span class='ocrx_word' id='word_1_833' title='bbox 2532 5744 2638 5809; x_wconf 88' lang='lat' dir='ltr'><strong>vita</strong></span> <span class='ocrx_word' id='word_1_834' title='bbox 2674 5765 3051 5815; x_wconf 78' lang='lat' dir='ltr'><strong>excesserunt,</strong></span> <span class='ocrx_word' id='word_1_835' title='bbox 3088 5734 3202 5822; x_wconf 52' lang='lat' dir='ltr'><strong>piis.</strong></span> <span class='ocrx_word' id='word_1_836' title='bbox 3235 5769 3429 5808; x_wconf 85' lang='lat' dir='ltr'><strong>eorum</strong></span> 
     </span>
    </p>
   </div>
   <div class='ocr_carea' id='block_1_115' title="bbox 1863 5844 3426 5913">
    <p class='ocr_par' dir='ltr' id='par_1_115' title="bbox 1863 5844 3426 5913">
     <span class='ocr_line' id='line_1_115' title="bbox 1863 5844 3426 5913; baseline -0.006 -8"><span class='ocrx_word' id='word_1_837' title='bbox 1863 5847 2114 5905; x_wconf 90' lang='lat' dir='ltr'><strong>tnanibns</strong></span> <span class='ocrx_word' id='word_1_838' title='bbox 2153 5846 2298 5901; x_wconf 88' lang='lat' dir='ltr'><strong>haud</strong></span> <span class='ocrx_word' id='word_1_839' title='bbox 2337 5861 2461 5900; x_wconf 85' lang='lat' dir='ltr'><strong>raro</strong></span> <span class='ocrx_word' id='word_1_840' title='bbox 2511 5844 2771 5899; x_wconf 88' lang='lat' dir='ltr'><strong>insultent</strong></span> <span class='ocrx_word' id='word_1_841' title='bbox 2828 5844 2939 5908; x_wconf 92' lang='lat' dir='ltr'><strong>illi,</strong></span> <span class='ocrx_word' id='word_1_842' title='bbox 2988 5844 3187 5913; x_wconf 88' lang='lat' dir='ltr'><strong>quibus</strong></span> <span class='ocrx_word' id='word_1_843' title='bbox 3238 5860 3333 5898; x_wconf 86' lang='lat' dir='ltr'><strong>ora</strong></span> <span class='ocrx_word' id='word_1_844' title='bbox 3371 5855 3426 5897; x_wconf 84' lang='lat' dir='ltr'><strong>et</strong></span> 
     </span>
    </p>
   </div>
   <div class='ocr_carea' id='block_1_116' title="bbox 1863 5933 3429 6008">
    <p class='ocr_par' dir='ltr' id='par_1_116' title="bbox 1863 5933 3429 6008">
     <span class='ocr_line' id='line_1_116' title="bbox 1863 5933 3429 6008; baseline -0.003 -16"><span class='ocrx_word' id='word_1_845' title='bbox 1863 5938 2072 6008; x_wconf 74' lang='lat' dir='ltr'><strong>linguas</strong></span> <span class='ocrx_word' id='word_1_846' title='bbox 2122 5936 2350 5993; x_wconf 88' lang='lat' dir='ltr'><strong>solvisse</strong></span> <span class='ocrx_word' id='word_1_847' title='bbox 2400 5936 2610 5991; x_wconf 87' lang='lat' dir='ltr'><strong>videtur</strong></span> <span class='ocrx_word' id='word_1_848' title='bbox 2657 5933 2893 5991; x_wconf 74' lang='lat' dir='ltr'><strong>defuncti</strong></span> <span class='ocrx_word' id='word_1_849' title='bbox 2959 5933 3139 5989; x_wconf 85' lang='lat' dir='ltr'><strong>obitus</strong></span> <span class='ocrx_word' id='word_1_850' title='bbox 3168 5972 3182 6000; x_wconf 92' lang='lat'><strong>,</strong></span> <span class='ocrx_word' id='word_1_851' title='bbox 3237 5934 3429 5988; x_wconf 83' lang='lat' dir='ltr'><strong>eadem</strong></span> 
     </span>
    </p>
   </div>
  </div>
