3928 6316
429 462 454 500 Ε

426 457 491 526 51
868 490 874 497 ί
1364 467 1461 525 DE
1515 469 1692 530 VITA
1731 469 1828 529 ET
1881 472 2222 533 SCRIPTIS
2278 475 2764 537 TllEODORETl
3623 483 3693 541 52

424 595 643 650 quoque
671 580 771 634 t‘uit
801 596 918 634 sors
942 578 1288 637 Theodoreti.
1316 580 1412 635 Vix
1434 584 1577 641 enim
1609 600 1639 639 e
1668 584 1775 639 vita
1806 585 2007 641 disces-
2036 592 2081 648 Α
2111 588 2236 655 quis
2268 603 2372 642 non
2405 590 2632 644 miretur
2663 606 2935 644 snonuam
2971 590 3068 643 viri
3096 591 3540 653 inconstantiam,
3566 606 3691 660 qua

426 683 591 739 serat,
629 689 750 727 eum
783 672 1127 744 Eulycbiani,
1162 674 1252 743 qui
1282 688 1424 744 :egre
1463 673 1707 731 ferebant
1743 694 1845 731 oon
1897 680 2005 734 Eu-

428 765 601 836 tychis
628 775 838 819 tantum
869 766 961 821 sed
991 764 1236 820 Dioscori
1269 782 1487 836 quoque
1511 767 1806 838 jaeturam,
1845 786 2001 826 acer-

428 858 667 913 bissimis
693 858 983 914 calomniis
1045 859 1142 912 viri
1192 859 1410 930 optimi,
1439 860 1549 916 imo
1578 862 1745 919 totius
1787 866 2001 933 synodi,

425 949 891 1005 Chalcedonensis
930 951 1247 1005 memoriam
1287 950 1425 1007 male
1475 952 1540 1005 ad
1576 964 1824 1023 posteros
1852 970 2007 1009 com-

428 1043 684 1097 mendare
713 1044 1109 1098 artoiterenlur.
1140 1041 1417 1099 SiVictori
1451 1043 1763 1100 Tunonensi
1796 1056 1847 1101 ct
1870 1048 2007 1103 Eva-

426 1134 567 1202 grio,
603 1151 763 1204 quem
806 1146 1095 1204 utrumque
1121 1143 1304 1190 tamen
1332 1151 1525 1206 parum
1556 1137 1719 1193 (idum
1753 1154 1875 1194 esse
1900 1158 2004 1195 no-

423 1227 626 1289 vimus,
669 1225 999 1283 credendum
1048 1226 1139 1288 sit,
1188 1226 1481 1282 Anastasio
1532 1227 1835 1297 imperante
1884 1231 2007 1285 duae

429 1328 776 1388 congregata:
826 1330 956 1373 sunt
983 1320 1196 1390 synodi,
1232 1320 1699 1390 Constantinopoli
1737 1337 1867 1388 una,
1917 1322 2004 1377 Si-

428 1410 572 1463 done
606 1409 658 1463 in
710 1410 999 1465 Palwstina
1042 1411 1247 1474 altera,
1294 1411 1345 1463 in
1376 1411 1578 1481 quibus
1626 1412 1882 1468 damnata
1923 1424 2008 1469 est

431 1501 608 1556 Nostri
645 1502 927 1556 memoria.
967 1502 1074 1557 Sed
1097 1518 1221 1556 cum
1262 1503 1396 1557 satis
1422 1503 1655 1561 obscura
1694 1505 1764 1558 sit
1796 1506 2004 1561 utrius-

427 1610 536 1665 que
568 1595 757 1665 synodi
792 1594 949 1649 istius
978 1594 1223 1658 historia,
1265 1595 1452 1648 utilius
1501 1609 1721 1664 operam
1759 1606 2003 1652 nostram

427 1687 841 1752 r-ollocabimos,
864 1687 909 1741 si
948 1686 1054 1743 illis
1087 1685 1432 1755 potissimum
1479 1686 1827 1755 inhaeremus,
1883 1705 2004 1759 qnte

427 1782 493 1834 ad
550 1778 872 1834 invidiosam
915 1778 981 1833 de
1031 1778 1207 1832 tribus
1256 1777 1520 1845 Capitulis
1571 1782 2001 1836 controversiam

2109 689 2256 734 tanta
2296 679 2416 746 fuit,
2434 690 2491 734 ut
2522 681 2668 734 breii
2691 690 2809 751 post
2831 681 3031 734 editum
3056 679 3415 735 Conslilutum
3449 690 3691 750 tempore

2111 772 2215 827 hoc
2241 772 2438 826 iterum
2468 783 2768 836 revocaret,
2823 789 2929 827 non
2952 788 3081 842 erga
3137 772 3260 827 illos
3306 783 3513 826 tantum
3555 788 3691 842 quo-

2108 880 2227 918 rum
2259 879 2425 919 causa
2458 865 2742 936 agebatur,
2781 864 2873 919 sed
2910 880 3036 935 erga
3074 865 3315 935 seipsum
3368 881 3587 933 quoque
3631 874 3687 919 et

2108 955 2309 1010 famam
2347 972 2503 1011 suam
2543 957 2778 1011 maxime
2813 957 3070 1027 injurius.
3124 956 3337 1011 Testem
3393 957 3555 1024 hujus
3606 955 3687 1009 rei

2109 1049 2373 1103 habemus
2403 1050 2688 1119 epistolam
2724 1065 2887 1120 quam
2919 1050 3035 1119 ipse
3069 1049 3213 1103 dedit
3248 1050 3312 1102 ad
3361 1049 3684 1119 Eutyt-lrium

2103 1130 2259 1192 brbis
2294 1140 2455 1207 regite
2487 1138 2826 1209 episcopum,
2861 1155 2982 1209 quae
3005 1147 3183 1193 exstat
3222 1139 3274 1191 in
3300 1136 3446 1192 Actis
3492 1138 3684 1208 synruli

2105 1223 2580 1297 Constantioopol.
2610 1228 2750 1297 apud
2784 1226 3149 1293 llarduinurn,
3191 1237 3323 1281 tom.
3360 1227 3447 1289 lli,
3500 1243 3550 1295 p.
3576 1227 3687 1280 215

2106 1318 2546 1388 seqq.Garnerto
2577 1330 2756 1373 autem
2792 1324 2926 1374 adeo
2951 1319 3226 1388 displicuit
3265 1319 3374 1378 illa,
3400 1328 3457 1371 ut
3484 1320 3533 1369 in
3569 1318 3687 1371 suis

2106 1411 2171 1462 ad
2201 1411 2449 1480 quintam
2486 1411 2754 1483 synodum
2782 1410 3257 1465 observationibus
3287 1409 3523 1463 Liberali
3556 1408 3687 1461 Bre-

2110 1502 2279 1553 viario
2308 1503 2637 1571 suljunetrs,
2670 1499 2784 1574 [50]
2817 1518 3012 1573 magno
3038 1502 3255 1571 quidem
3285 1501 3379 1557 sed
3413 1503 3566 1555 irrito
3589 1517 3688 1555 co-

2109 1602 2256 1658 natu,
2281 1592 2400 1663 ejus
2426 1593 2638 1647 νοθείαν
2686 1594 2842 1647 nobis
2868 1598 3188 1661 persuadere.
3222 1592 3527 1648 tentaret-it.
3565 1590 3683 1646 Vita

2106 1699 2234 1737 ann.
2278 1681 2340 1737 C.
2367 1682 2475 1738 555
2503 1682 2793 1739 defunctus
2824 1681 3055 1758 Vigilius
3097 1683 3244 1737 litem
3281 1685 3434 1737 istam
3466 1697 3687 1737 succes-

2108 1779 2326 1833 soribus
2374 1780 2808 1850 prosequendam
2856 1779 3106 1848 reliquit,
3150 1778 3219 1833 de
3263 1780 3456 1833 horum
3499 1788 3682 1832 autem

428 1871 718 1939 pertinent.
755 1869 1061 1924 Tur-barum
1091 1884 1225 1939 quas
1259 1868 1581 1940 Eutycbiani
1633 1871 2006 1928 excitaverant
2038 1900 2076 1952 η
2107 1872 2453 1926 successibus
2470 1871 2582 1941 jam
2614 1873 2795 1926 dicere
2824 1871 2957 1926 nihil
2989 1872 3202 1926 attinet.

429 1971 696 2030 pertaesus
728 1961 1074 2017 Justinianus
1108 1963 1424 2032 imperator,
1456 1963 1550 2032 qui
1580 1962 1702 2017 ﬁdei
1728 1980 1830 2019 suo
1860 1976 2000 2019 tem-

428 2072 559 2125 pore
589 2057 889 2109 acerrimus
918 2064 1035 2110 crat
1060 2062 1432 2123 propugnator
1454 2096 1468 2120 ,
1514 2071 1701 2124 pacem
1746 2056 2004 2113 Ecclesiae

430 2147 654 2200 reddere
684 2147 856 2200 voluit
898 2146 1101 2215 scripto
1129 2155 1317 2201 contra
1360 2147 1658 2215 Acepbalos
1692 2148 1803 2202 sive
1836 2148 2003 2222 Euty-

426 2238 656 2292 ebianos
688 2239 917 2292 directo.
948 2235 1063 2292 lloc
1093 2254 1216 2291 eum
1245 2237 1617 2303 meditaretur,
1652 2254 1680 2292 a
1717 2237 2004 2297 Theodoro

424 2330 686 2386 Caesareae
704 2328 810 2383 hoc
842 2338 1081 2399 tempore
1119 2329 1511 2399 episcopo,sibi
1542 2333 1852 2400 persuaderi
1882 2352 2005 2403 pas-

425 2439 520 2476 sus
571 2431 674 2489 est,
726 2429 784 2476 ut
818 2421 1086 2477 calamum
1130 2420 1313 2490 potius
1360 2429 1551 2477 contra
1595 2423 1676 2478 sic
1722 2424 1863 2479 dicta
1904 2428 2004 2479 nia

424 2512 697 2581 capitula,
744 2512 846 2567 hoc
891 2522 1007 2577 est,
1047 2520 1241 2567 contra
1294 2511 1562 2568 Theodori
1616 2513 2001 2585 Mopsucstcoi,

424 2601 749 2661 Theodoreti
797 2604 1001 2671 nostri,
1052 2601 1169 2678 [29]
1215 2612 1271 2659 et
1314 2603 1416 2659 Iba:
1472 2604 1731 2661 Edcsseni
1782 2610 2005 2679 scripta,

426 2706 681 2754 verteret.
699 2697 773 2754 Ita
798 2698 943 2753 enim
974 2711 1032 2752 se
1054 2694 1371 2752 effecturum
1394 2712 1513 2754 esse
1532 2701 1803 2768 sperabat,
1829 2700 2008 2757 utEu-

427 2790 664 2866 tychiani
697 2788 763 2842 ad
804 2785 1105 2843 Ecclesiam
1152 2788 1473 2844 catholicam
1504 2791 1760 2855 redirent,
1790 2803 1846 2848 et
1873 2809 2008 2865 syn-

425 2880 588 2934 odum
639 2877 1137 2935 Chalcedonensem
1183 2878 2005 2949 amplecterentur.Imperator,

425 2974 525 3029 etsi
594 2984 923 3041 magnopere
997 2969 1123 3024 huic
1181 2969 1417 3028 concilio
1478 2969 1725 3037 faveret,
1780 2982 1955 3027 tamen
1990 3016 2006 3041 ,

427 3066 556 3134 quia
611 3078 716 3116 non
761 3063 871 3116 alio
898 3063 1063 3116 modo
1110 3076 1296 3131 pacem
1350 3062 1606 3116 Ecclesia:
1654 3064 1803 3117 reddi
1852 3081 2010 3135 posse

426 3157 811 3221 existimabat,
866 3154 1228 3225 promulgavit
1270 3154 1568 3220 decretum,
1611 3171 1719 3223 quo
1760 3158 1857 3212 tria
1907 3159 2009 3214 ista

2174 1963 2459 2033 Reliquum
2490 1975 2592 2029 est,
2630 1974 2687 2020 ut
2730 1966 2797 2022 de
2837 1966 3072 2036 scriptis,
3125 1980 3247 2034 quae
3304 1962 3685 2019 Theodoretns

2105 2072 2300 2127 magno
2341 2074 2570 2112 numero
2618 2058 2868 2129 reliquit,
2923 2057 3225 2127 generatim
3271 2057 3520 2110 dicamus
3565 2071 3580 2108 :
3624 2055 3679 2107 in

2104 2146 2308 2216 quibus
2368 2148 2712 2203 recensendis
2759 2150 3011 2202 eumdem
3052 2147 3355 2202 tenebimus
3411 2145 3681 2210 ordinem,

2108 2253 2218 2307 quo
2247 2248 2359 2291 tum
2391 2238 2442 2291 in
2475 2237 2884 2303 Sirmondiana,
2914 2249 3027 2293 tum
3059 2239 3110 2291 in
3144 2246 3331 2292 nostra
3358 2237 3594 2292 editione
3621 2251 3685 2292 se

2106 2328 2404 2397 excipiunt.
2430 2328 2667 2383 Primam
2701 2346 2931 2398 eamque
2966 2330 3253 2383 maximam
3284 2330 3475 2383 horum
3509 2329 3581 2383 lib
3613 2345 3681 2381 o-

2107 2432 2224 2470 rum
2253 2428 2460 2486 partem
2505 2420 2847 2472 constituunt
2874 2417 3285 2481 Cnnnnentarii,
3329 2435 3466 2488 quos
3492 2419 3542 2471 in
3589 2433 3681 2472 sa-

2108 2524 2254 2565 cram
2286 2510 2623 2580 Seripturam
2652 2521 2764 2566 tum
2798 2510 3006 2566 Veteris
3038 2521 3151 2565 tum
3184 2512 3308 2565 novi
3339 2509 3677 2565 Testaznenti

2109 2601 2371 2656 exaravit.
2407 2599 2465 2655 lu
2506 2602 2610 2656 hoc
2641 2603 2943 2656 litterarum
2980 2618 3173 2672 genere
3212 2616 3538 2671 magnopere
3586 2616 3685 2653 cx-

2107 2692 2293 2747 celluit
2323 2691 2537 2757 Noster,
2573 2696 2772 2765 quippe
2797 2695 3110 2766 qui,judiec
3136 2696 3349 2758 Photio,
3378 2700 3432 2746 at
3475 2702 3685 2762 quanto

2109 2784 2268 2837 viro!
2304 2783 2449 2857 (cod.
2478 2785 2606 2859 903)
2630 2788 2865 2857 palmam
2903 2787 3179 2857 praeripuit
3212 2786 3498 2857 llippotyto
3534 2785 3687 2838 aliis-

2108 2892 2216 2948 que
2256 2877 2531 2947 plurimis,
2562 2879 2680 2936 sive
2726 2880 2791 2934 ad
2833 2880 3126 2935 dictionem
3175 2880 3295 2947 ejus
3350 2878 3681 2948 respexeris,

2109 2987 2230 3037 quae
2254 2972 2403 3041 puris
2427 2981 2483 3027 et
2508 2973 2943 3043 signiﬁcantibus
2975 2975 3199 3030 vocibus
3241 2971 3420 3026 abdita
3454 2984 3686 3039 quaeque

2113 3062 2313 3117 revelat
2358 3073 2412 3118 et
2449 3063 2792 3135 iucunditate
2856 3065 3132 3132 delectat,
3183 3063 3297 3119 sive
3366 3060 3685 3114 metboduru

2111 3150 2230 3220 ejus
2271 3153 2623 3222 spectaveris,
2664 3154 2824 3224 cujus
2875 3154 2989 3209 haec
3033 3162 3115 3210 est
3146 3153 3411 3222 prareipua
3442 3150 3579 3210 laus,
3623 3154 3688 3201 ut

426 3249 676 3320 Capitula
709 3257 768 3302 ut
794 3247 957 3317 impia
1002 3256 1058 3301 et
1087 3246 1403 3317 blasphema
1437 3248 1864 3302 damnabantur,
1900 3248 2003 3305 Vo-
2032 3237 2074 3291 C
2110 3240 2228 3296 sine
2254 3242 2514 3299 omnibus
2539 3245 2857 3315 ambagibus
2876 3261 2937 3299 ea
2970 3260 3091 3314 qure
3120 3244 3261 3297 seire
3288 3242 3500 3304 attinet,
3558 3253 3686 3308 per-

430 3351 609 3397 torum
634 3356 693 3396 se
724 3346 1003 3410 compotes
1027 3336 1200 3394 factos
1230 3354 1354 3394 esse
1380 3338 1542 3393 laetati
1574 3349 1699 3393 sunt
1722 3339 2009 3412 Eutychia—

430 3431 508 3493 ui,
542 3439 597 3485 ct
628 3427 915 3485 Theodora
938 3428 1186 3500 Augusta
1230 3442 1352 3497 quae
1378 3427 1487 3482 illis
1514 3427 1742 3481 nimium
1767 3427 2003 3485 favebat.

430 3522 553 3590 Quo
589 3522 772 3579 minus
820 3531 996 3579 tamen
1030 3535 1095 3576 ex
1118 3520 1259 3575 votis
1289 3520 1503 3574 cederet
1550 3518 1864 3586 consilium,
1907 3521 2006 3576 ob-

432 3614 569 3669 stitit
625 3612 1058 3670 Occidentalium
1110 3622 1165 3668 et
1190 3610 1457 3683 prtecipne
1486 3609 1686 3682 Vigilii,
1728 3612 2008 3669 Romano-

431 3721 553 3758 rum
592 3714 721 3762 tnnc
768 3704 1032 3774 episcOpi,
1075 3704 1379 3760 dissensus.
1429 3703 1497 3757 Et
1534 3704 1831 3763 dolendum
1878 3722 2009 3763 sane

430 3807 537 3861 est,
598 3796 852 3870 Vigilium
889 3798 1091 3867 justam
1139 3797 1354 3853 tandem
1409 3798 1718 3855 deseruisse
1748 3813 2007 3862 causam,

433 3905 596 3960 quam
632 3891 773 3946 tueri
817 3891 1041 3944 omnino
1075 3889 1356 3960 potuisset.
1408 3889 1835 3952 Inconstantiam
1866 3891 2006 3961 ejus,

435 3982 502 4035 de
531 3996 640 4051 qua
665 3981 886 4051 legenda
916 3991 997 4035 est
1019 3980 1342 4037 Dissertatio
1364 3982 1687 4054 theologica,
1716 3999 1838 4054 quas
1865 3984 2008 4039 haud

439 4076 515 4126 ita
544 4075 750 4143 pridem
778 4074 942 4128 ἴθι-ωε.
980 4072 1038 4129 S.
1070 4073 1134 4129 ν.
1169 4074 1475 4131 Schuberto
1513 4090 1643 4131 ann.
1695 4076 1832 4132 1766
1874 4076 2013 4147 (ἔγγε-

440 4166 775 4235 phiswallia:
821 4166 1037 4235 prodiit,
1070 4166 1205 4221 satis
1232 4174 1465 4222 testatur
1510 4166 1748 4223 Historia
1797 4168 1879 4223 sic
1928 4168 2011 4222 di-

436 4268 537 4318 cta:
569 4260 760 4332 synodi
787 4260 1011 4330 quintae,
1054 4275 1153 4315 seu
1188 4259 1407 4315 concilii
1452 4260 1778 4315 oecumenici
1810 4261 2010 4330 quinti,

436 4350 583 4419 quod
612 4351 665 4405 in
722 4351 823 4405 hac
853 4352 1123 4421 praecipue
1173 4366 1340 4407 causa
1362 4348 1838 4421 Constantinopoli
1877 4366 2012 4407 con-

438 4452 689 4499 vocatum
731 4452 837 4500 est.
866 4443 980 4499 Etsi
1012 4442 1243 4516 Vigilius
1265 4445 1332 4500 dc
1362 4445 1504 4499 bona
1525 4457 1693 4499 causa
1722 4459 1887 4515 quam
1921 4445 2015 4499 de-

440 4533 762 4593 fendendam
793 4534 1044 4602 habebat,
1079 4535 1305 4605 ipsemet
1340 4533 1642 4595 convictus.
1672 4534 1819 4590 etab
1840 4534 2011 4600 Afris,
2044 4570 2087 4624 ι)

440 4627 650 4693 Sardis,
683 4626 1021 4699 lllyricisqne
1056 4642 1387 4697 magnopere
1413 4635 1636 4696 rogatus
1666 4637 1832 4692 esset,
1857 4643 1926 4682 ne
1956 4628 2010 4682 in

443 4719 604 4774 trium
648 4718 1022 4789 Capitulorum
1064 4719 1472 4772 damnationem
1518 4719 1877 4781 consentiret,
1927 4728 2011 4774 ta-

439 4828 560 4871 men
580 4810 791 4873 l'amoso
821 4812 932 4875 illo,
961 4808 1257 4872 utdit-itnr,
1290 4807 1547 4863 Judicato
1572 4824 1857 4865 assensum
1885 4825 2013 4880 pro-

440 4903 617 4961 fessus
637 4915 736 4959 est.
773 4902 882 4959 Nec
904 4902 1269 4958 Orientalibus
1298 4917 1396 4959 nec
1442 4900 1881 4957 Occidentalibus
1910 4903 2012 4957 hoc

444 4997 722 5066 indignum
753 5011 810 5050 se
837 4995 1138 5066 approbare
1165 4995 1339 5063 potuit
1370 4994 1605 5059 facinus,
1633 4994 1778 5062 quod
1828 4995 2014 5063 impri-

445 5090 547 5142 mis
571 5088 933 5158 Illyricorum,
970 5087 1334 5154 Alrnrumque
1362 5098 1550 5140 contra
1578 5085 1835 5157 Vigilium
1866 5086 2017 5139 exci-

447 5183 580 5236 tavit
611 5182 756 5244 odia,
787 5198 852 5236 ne
895 5182 960 5235 de
989 5179 1229 5234 Facundi
1253 5179 1559 5248 justissima
1592 5179 1668 5233 ira
1716 5178 2014 5248 quidquam

444 5276 711 5329 dicamus.
746 5272 965 5327 Utinam
989 5287 1206 5327 omnem
1235 5271 1312 5326 rei
1347 5272 1669 5325 memoriam
1700 5270 1883 5324 delere.
1916 5283 2015 5337 po-

445 5366 639 5421 tuisset
666 5365 989 5429 Constituto,
1022 5364 1164 5434 quod
1196 5365 1393 5419 deinde
1429 5364 1617 5427 edidit,
1647 5378 1713 5417 ex
1757 5377 1867 5433 quo
1903 5361 2018 5415 hanc

448 5472 617 5525 pauca
650 5465 857 5511 tantum
896 5457 998 5511 hoc
1031 5457 1151 5511 loco
1180 5454 1466 5511 inserenda
1500 5462 1628 5509 sunt
1658 5453 1845 5517 verba,
1896 5467 2018 5522 quae

444 5547 510 5601 ad
549 5545 802 5599 Nostrum
840 5562 899 5602 se
929 5548 1189 5607 referunt.
1212 5556 1261 5601 et
1293 5546 1365 5599 ita
1401 5561 1461 5600 se
1488 5545 1687 5599 habent
1714 5562 1727 5597 :
1757 5563 1773 5595 ι
1810 5542 2017 5598 Statui-

447 5648 569 5687 mus
602 5643 762 5702 atque
790 5635 1155 5700 decernimus,
1191 5633 1325 5688 nihil
1359 5635 1410 5687 in
1430 5612 1693 5702 injuriam
1722 5644 1882 5703 atque
1912 5634 2014 5687 ob-

446 5724 817 5779 trectationem
847 5725 1212 5795 probatissimi
1257 5724 1309 5777 io
1342 5724 1769 5779 Cbalecdoncnsi
1810 5724 2018 5794 synodo

447 5815 572 5880 viri,
617 5819 672 5870 lt.
702 5836 750 5870 (ι.
806 5818 1132 5873 'l'bcodorcti
1164 5818 1400 5887 episcopi
1429 5818 1571 5887 Cyri,
1616 5817 1719 5870 sub
1748 5817 2020 5869 taxatione

454 5910 689 5975 potniois
732 5910 845 5981 ejus
881 5927 907 5962 a
948 5925 1219 5984 quoquam
1262 5909 1375 5962 ﬁeri
1439 5908 1514 5961 vel
1559 5906 1809 5977 proferri.
1851 5924 1868 5957 ι
1914 5905 2017 5959 Sed

2078 3333 2294 3403 'spicue
2340 3343 2395 3389 ct
2441 3345 2633 3391 ornate
2669 3344 2952 3406 proponat,
3001 3336 3066 3390 iis
3116 3344 3423 3387 tamennon
3459 3339 3685 3401 pra-ter-

2108 3423 2294 3478 missis
2320 3439 2441 3492 qua:
2460 3425 2523 3477 ad
2547 3426 2802 3479 lectorem
2829 3422 3229 3477 informandum
3257 3421 3431 3473 facere
3452 3421 3685 3490 possint.

2108 3507 2183 3565 Ita
2216 3510 2550 3583 ferejudicat
2569 3513 2818 3576 Plrotius,
2847 3515 2973 3579 l.r.,
3003 3514 3090 3567 ubi
3120 3512 3298 3567 Nostri
3330 3512 3687 3564 Commenta-

2108 3610 2222 3665 rios
2257 3612 2310 3664 in
2340 3607 2614 3664 Daniclem
2644 3608 2710 3663 iis
2738 3618 2968 3663 exornat
3004 3608 3278 3671 laudibus,
3310 3621 3431 3674 qua:
3459 3603 3524 3658 ad
3565 3617 3687 3656 om-

2112 3718 2209 3757 nes
2232 3701 2474 3773 ejusdem
2511 3702 2729 3773 generis
2759 3702 2928 3756 libros
2954 3701 3022 3757 ab
3054 3702 3156 3755 hoc
3187 3707 3413 3755 auctore
3440 3694 3689 3751 conscri-

2112 3804 2235 3865 ptos
2276 3794 2473 3849 merito
2504 3794 2762 3864 applicari
2818 3793 3067 3848 debeant.
3098 3790 3215 3864 [5i]
3243 3791 3489 3845 Primum
3544 3788 3690 3841 inter

2111 3890 2233 3944 illos
2283 3888 2461 3943 locum
2494 3894 2762 3955 occupant
2820 3884 3145 3949 Quwstiones
3193 3885 3250 3937 in
3302 3880 3691 3938 Octateuchum

2111 3979 2228 4034 sive
2265 3979 2316 4032 in
2353 3977 2391 4031 V
2419 3977 2588 4031 libros
2626 3975 2812 4039 Hosis,
2868 3974 2921 4028 in
2959 3974 3160 4028 librum
3203 3971 3402 4037 Josrwe,
3431 3970 3685 4023 .Iodicum

2110 4082 2165 4127 ct
2208 4072 2375 4125 Ruth.
2415 4069 2508 4125 His
2552 4069 2733 4125 statim
2778 4067 3130 4138 adjnngimns
3170 4065 3518 4134 Quaestiones,
3564 4077 3690 4130 qua:

2112 4165 2416 4234 proximum
2470 4171 2654 4218 tenent
2704 4161 2902 4225 locum,
2945 4161 2998 4214 in
3039 4159 3199 4213 libros
3226 4157 3421 4226 Regum
3448 4157 3688 4224 (notum,

2113 4255 2166 4309 in
2214 4255 2402 4311 Bibliis
2449 4255 2652 4311 Graeis
2696 4254 2864 4308 libros
2896 4250 3166 4307 Samuelis
3196 4247 3472 4306 accenseri
3533 4246 3691 4301 libris

2115 4346 2361 4417 Regum)
2394 4361 2457 4399 ac
2514 4343 2957 4413 Paralipomenon
3002 4358 3021 4396 :
3063 4344 3145 4397 lite
3204 4339 3348 4396 enim
3398 4354 3520 4393 cum
3579 4336 3693 4390 illis

2115 4439 2420 4509 conjuncta:
2457 4438 2585 4492 olim
2644 4435 2814 4497 fuisse
2872 4435 3142 4500 videntur,
3184 4450 3213 4487 a
3251 4432 3447 4487 Photio
3493 4428 3690 4484 saltem

2117 4531 2170 4585 in
2218 4544 2328 4585 uno
2374 4529 2561 4585 codice
2607 4526 2751 4599 (205)
2789 4527 2938 4581 lecta:
2977 4534 3103 4580 sunt
3156 4523 3497 4596 Quiestioncs
3515 4520 3692 4591 priori

2117 4624 2235 4678 loco
2289 4634 2741 4678 commemoratas
2795 4618 3074 4688 inscripsit
3116 4617 3194 4680 εἰς
3242 4615 3312 4669 τὰ
3363 4614 3545 4685 ἄπορα
3586 4614 3693 4683 τῆς

2121 4714 2269 4777 Θείας
2305 4713 2545 4785 Γραφῆς,
2576 4727 2736 4781 quem
2775 4709 2988 4763 titulum
3019 4718 3077 4761 ut
3105 4707 3252 4777 operi
3304 4704 3515 4776 egregie
3551 4719 3694 4758 con-

2115 4815 2394 4878 gruentem
2446 4804 2630 4858 laudat
2676 4803 2924 4857 Photitzs.
2978 4800 3235 4854 Eurndem
3281 4814 3501 4868 quoque
3559 4813 3688 4851 cum

2117 4900 2280 4954 modo
2310 4897 2562 4968 loquendi
2607 4896 2769 4965 bujus
2809 4892 3094 4964 scriptoris
3119 4891 3431 4957 convenire,
3473 4890 3689 4945 ostendi

2117 4999 2297 5062 potest
2342 5009 2373 5045 e
2414 5000 2608 5059 quzest.
2659 4988 2729 5042 28
2769 4987 2820 5040 in
2865 4987 3061 5039 librum
3112 4982 3386 5069 Jutlieum,
3431 4982 3519 5039 ubi
3585 4982 3690 5035 πό⁴

2117 5099 2209 5154 ρον
2258 5080 2533 5150 εὑρίσκειν
2566 5080 2622 5132 ἐν
2670 5077 2893 5148 ἀπόροις
2934 5074 3134 5128 Nostro
3170 5073 3310 5129 idem
3355 5084 3436 5130 est
3465 5074 3609 5143 quod
3634 5075 3695 5128 in

2118 5188 2172 5224 re
2225 5171 2388 5227 dubia
2452 5171 2649 5225 exitum
2682 5170 2927 5223 invenire.
2974 5165 3137 5222 Docet
3172 5167 3353 5238 itaque
3383 5167 3560 5238 primo
3605 5166 3693 5218 in-

2120 5263 2256 5316 tuitu
2292 5263 2595 5333 inscriptio,
2624 5261 2723 5317 has
2766 5259 3107 5327 Qumstioncs
3158 5274 3263 5315 non
3302 5258 3369 5313 ad
3405 5258 3695 5312 universos

2121 5362 2285 5408 hosce
2318 5354 2508 5419 libros,
2547 5353 2639 5407 sed
2670 5351 2735 5406 ad
2766 5352 3086 5405 obscuriora
3116 5350 3382 5405 duntaxat
3421 5349 3535 5402 loca
3573 5364 3695 5418 per-

2118 5447 2313 5500 tinere.
2366 5445 2431 5499 Et
2479 5446 2530 5498 in
2568 5446 2671 5499 hoc
2706 5443 2923 5514 quidem
2961 5444 3197 5513 positum
3250 5451 3334 5497 est
3370 5441 3693 5504 discrimen,

2120 5540 2260 5605 quod
2295 5540 2432 5592 inter
2460 5539 2560 5592 hos
2590 5549 2641 5591 et
2696 5536 2936 5606 reliquos
2974 5535 3302 5591 Theodoreti
3341 5534 3697 5588 Commenta-

2122 5630 2232 5684 rios
2264 5644 2450 5685 saeros
2483 5627 2788 5683 intercedit.
2816 5627 2895 5682 Illi
2914 5629 3055 5681 enim
3083 5629 3175 5697 qui
3203 5634 3525 5694 sequuntur,
3559 5640 3696 5679 con-

2122 5722 2330 5774 tinuum
2368 5721 2419 5772 in
2455 5721 2738 5774 universos
2770 5721 2934 5775 llbt‘OS
2965 5720 3081 5773 sive
3112 5716 3228 5772 Vet.
3255 5717 3367 5772 sive
3401 5715 3464 5770 N.
3489 5715 3551 5769 Τ.
3598 5732 3699 5769 ex-

2124 5812 2301 5865 hibent
2328 5812 2815 5875 Cornmentarinm,
2840 5813 2889 5864 hi
2911 5811 3121 5880 priores
3138 5819 3314 5863 autem
3341 5824 3446 5865 non
3471 5808 3569 5861 nisi
3593 5809 3698 5861 ob-

2124 5905 2430 5960 seuriorum
2456 5906 2694 5961 lotorum
2718 5904 3210 5975 interpretationem
3233 5902 3694 5972 coorplet-luntur.
