3920 6316
166 448 222 509 53
1490 437 2026 497 bissenm'rto.
3323 436 3403 502 δικ

170 545 448 615 Singularis
484 560 613 601 vero
641 555 691 601 et
724 562 846 616 qua:
879 563 985 602 non
1006 549 1260 603 omnibus
1291 564 1348 602 se
1380 549 1713 617 approbavit,
1745 553 1789 609 Α
1823 550 2001 603 machi
2038 557 2092 603 et
2132 548 2525 607 Theodotionis
2580 552 2881 618 versioncs,
2936 567 3166 622 quarmn
3222 554 3400 606 multa-

166 645 238 689 est
261 637 556 700 methodus,
588 653 747 707 quam
785 638 839 691 in
860 638 1009 692 hisce
1051 639 1200 693 libris
1223 638 1466 693 adhibuit
1496 651 1710 705 auctor,

166 747 252 801 per
276 732 597 799 quaestiones
616 747 917 801 earumque
960 733 1262 787 solutiones
1305 734 1563 789 lectorem
1624 734 1711 787 in-

168 835 380 877 struens.
418 822 521 878 Setl
572 825 834 879 rationem
875 825 997 895 ejus
1052 825 1106 878 in
1140 825 1385 896 Prologis
1433 827 1715 895 aperuisse

166 915 372 979 videtur,
406 917 493 969 ubi
522 915 835 986 Hypatium,
864 918 950 971 cui
982 928 1210 987 uterque
1243 918 1377 971 liber
1418 918 1714 989 inscriptus

166 1017 253 1069 cst,
298 1021 437 1060 nunc
485 1008 695 1060 παίδων
745 1009 1039 1077 φίλτατον.
1092 1027 1238 1065 nunc
1287 1026 1415 1063 vero
1435 1010 1714 1081 ἐρασμιώ-

163 1114 302 1150 τατον
352 1106 525 1162 vocat,
591 1109 779 1168 utpote
856 1116 966 1169 quo
1017 1101 1364 1156 familiariter
1430 1104 1716 1163 utebatur,

165 1205 411 1259 quemque
433 1191 641 1245 ultimis
677 1192 796 1245 vitae
827 1208 939 1246 su:e
978 1194 1156 1257 annis,
1200 1194 1252 1245 in
1284 1210 1422 1262 quos
1458 1210 1563 1249 aera
1619 1195 1718 1248 ho-

166 1297 269 1334 nnn
302 1281 560 1335 librorum
602 1282 816 1348 incidit,
848 1282 1002 1336 lateri
1029 1299 1128 1337 suo
1153 1285 1541 1347 adita-rentem,
1581 1296 1633 1338 et
1664 1287 1715 1339 in

167 1390 374 1427 munere
403 1374 701 1443 episcopali
727 1376 975 1429 laborum
998 1376 1208 1430 socium
1242 1378 1490 1430 habt-bat.
1519 1376 1714 1431 Senem

166 1480 376 1533 quoque.
413 1475 467 1519 et
491 1467 718 1520 assiduo
744 1466 796 1519 in
829 1467 1136 1522 scrutandis
1175 1471 1347 1521 sacris
1378 1468 1596 1522 Litteris
1619 1485 1719 1537 po-

166 1555 258 1604 sflo
287 1554 459 1607 studio
493 1555 1016 1609 exercitatissimum
1047 1557 1325 1610 doctorem
1358 1558 1583 1612 decebat
1613 1559 1714 1612 ista

166 1644 444 1698 iuetbodus.
468 1642 706 1700 Ultimos
737 1656 919 1702 autem
956 1648 1055 1703 hos
1080 1664 1201 1702 csse
1236 1648 1500 1703 librorum
1534 1665 1565 1704 a
1609 1649 1722 1703 No~

165 1744 264 1789 stro
306 1734 415 1807 [52]
459 1737 868 1793 claboratorum
930 1739 1070 1793 haud
1112 1756 1272 1805 vana,
1345 1750 1399 1794 ut
1440 1749 1716 1811 putamus,

166 1828 451 1895 conjectura
487 1831 775 1896 statuitur,
819 1832 945 1902 quia
975 1849 1073 1888 nec
1108 1834 1162 1886 in
1199 1834 1309 1892 ullo
1345 1836 1487 1898 alio,
1533 1851 1632 1893 nec
1664 1837 1715 1890 in

1819 640 2122 711 fragmenta
2168 657 2233 696 ex
2273 644 2374 698 hoc
2433 645 2486 697 in
2536 645 2729 713 primis
2780 643 3189 699 Commentario
3243 646 3405 713 petiit‘

1815 732 2277 798 Montfaueonius,
2312 737 2404 805 qui
2440 738 2601 790 etiam
2635 752 2754 808 pag.
2792 738 2859 791 10
2886 736 3119 791 Ριωιὶιιι.
3164 737 3228 790 ad
3272 736 3426 789 (luit

1815 823 2105 895 lectionem
2142 841 2336 879 novam
2381 827 2603 881 Patrum
2650 828 2926 890 observat,
2974 825 3259 891 Nostrum,
3293 826 3396 881 etsi

1818 917 1886 971 ab
1911 915 2234 971 Eusebiania
2272 916 2612 971 Psalmorum
2649 918 3096 988 interpretatione
3155 918 3400 988 plerum-

1817 1020 1922 1075 que
1953 1004 2221 1062 deﬂectat.
2250 1016 2427 1059 tamen
2466 1007 2701 1061 subinde
2730 1007 2877 1060 illam
2913 1006 3024 1061 fere
3072 1007 3141 1061 ab
3170 1006 3395 1062 verbum
3471 1050 3475 1054 .

1850 1097 2144 1164 xprimcre,
2180 1100 2283 1152 etsi
2320 1098 2581 1161 breviori,
2611 1107 2671 1151 ut
2701 1098 3024 1167 plurimum,
3064 1099 3213 1153 stilo.
3249 1097 3396 1152 Idem

1819 1186 2018 1242 Nostro
2076 1192 2254 1258 quoad
2313 1189 2765 1260 Chrysostomum
2833 1189 3037 1259 objeeit
3098 1190 3401 1243 Garnerius

1822 1281 1982 1333 Auct.
2022 1296 2074 1348 p.
2111 1279 2233 1334 184.
2270 1279 2373 1334 Sed
2423 1290 2718 1350 utrumque
2766 1295 2873 1334 non
2919 1280 3057 1333 adeo
3108 1279 3398 1342 miramur,

1821 1387 1944 1425 eum
1982 1373 2115 1427 satis
2153 1381 2365 1427 constet
2408 1382 2613 1442 quanta
2657 1373 2710 1427 in
2771 1372 2991 1427 Catenis
3021 1370 3161 1424 facta
3195 1371 3266 1423 sit
3298 1384 3402 1423 ιιο⁴

1824 1463 2029 1518 minum
2064 1465 2409 1533 permutatio,
2438 1481 2562 1535 quin
2593 1481 2658 1518 eo
2689 1465 2904 1520 facilius
2939 1465 3121 1518 locum
3157 1463 3401 1515 invenire

1822 1557 2015 1625 potuit,
2056 1572 2165 1625 quo
2195 1558 2385 1627 magis,
2406 1566 2546 1610 teste
2579 1555 2884 1625 Niecphoro
2920 1554 2957 1608 l.
2990 1551 3402 1618 c.,Theodore-

1824 1657 1911 1701 tus
1956 1648 2138 1701 stilum
2190 1664 2350 1702 suum
2404 1648 2470 1701 ad
2509 1646 2890 1717 Chrysostomi
2930 1646 3241 1714 exemplum
3303 1643 3415 1697 for-

1824 1752 1972 1790 mare
2025 1737 2265 1803 studuit;
2303 1752 2413 1807 quo
2462 1736 2663 1791 factum
2703 1745 2806 1802 est,
2851 1744 2910 1790 ut
2946 1735 2993 1789 si
3035 1735 3089 1789 in
3121 1734 3404 1789 codicibus

1825 1828 2025 1898 passim
2073 1843 2270 1883 nomen
2336 1831 2580 1883 auctoris
2632 1830 2752 1883 loco
2799 1828 3038 1898 quodam
3091 1828 3398 1896 neglectum

167 1920 384 1987 epistolis
406 1924 541 1987 suis,
581 1924 801 1978 illorum
829 1927 1155 1980 mentionem
1191 1928 1334 1992 fecit,
1363 1930 1505 1996 quod
1538 1936 1716 1983 tamen
1755 1902 1794 1955 Β
1825 1930 1990 1986 esset.
2024 1936 2091 1976 ne
2120 1921 2431 1991 peritissimi
2460 1923 2679 1997 quidem
2711 1922 2926 1977 librarii
2957 1922 3093 1977 satis
3119 1922 3251 1976 certi
3284 1920 3404 1972 fue-

167 2014 210 2064 iu
236 2011 482 2079 Epistola,
511 2033 680 2086 quam
707 2017 772 2071 ad
794 2016 1027 2074 Leonem
1078 2019 1453 2075 Romanorum
1506 2023 1718 2091 episco-

167 2121 279 2175 pum
311 2124 433 2163 ann.
469 2110 530 2167 C.
566 2112 697 2177 449,
741 2123 799 2167 ιιι
827 2129 990 2184 supra
1017 2115 1252 2168 evictum
1281 2114 1551 2179 dedimus,
1583 2117 1721 2170 scri-

168 2199 282 2267 psit,
317 2200 422 2255 imo
459 2204 626 2257 etiam
665 2205 718 2285 ip
747 2221 809 2258 ea
850 2221 971 2275 qua:
1020 2207 1084 2260 ad
1138 2205 1430 2262 EuSe-bium
1481 2210 1722 2280 Ancyra-

166 2306 277 2345 num
302 2292 491 2348 directa
513 2304 622 2360 est,
656 2296 722 2350 ad
748 2297 831 2350 sui
875 2296 1250 2353 defensionem
1289 2298 1469 2354 facere
1500 2301 1711 2369 potuis-

166 2397 187 2432 s
218 2390 250 2433 ι.
274 2382 417 2448 Quod
446 2388 723 2458 reliquum
744 2397 846 2452 est,
872 2390 924 2443 in
952 2390 1038 2444 his
1065 2399 1119 2443 ut
1153 2391 1204 2444 in
1235 2392 1353 2446 aliis
1392 2390 1721 2446 Theodoreti

166 2473 298 2530 libris
342 2480 585 2545 quardam
642 2491 981 2545 occurrunt,
1029 2498 1150 2550 quae
1208 2482 1553 2538 Theodorum
1606 2483 1721 2539 Mo-

166 2579 487 2633 p>ucstenum
515 2584 797 2628 auctorem
825 2575 1044 2637 habent,
1069 2576 1170 2629 alia
1189 2592 1309 2646 qua:
1329 2576 1392 2630 ad
1411 2577 1720 2648 Origeuem,

164 2659 254 2711 alia
279 2676 389 2728 qua:
415 2664 477 2715 ad
531 2664 828 2719 Diodorum
877 2664 1348 2736 Tarsensemjure
1386 2668 1578 2723 referri
1628 2670 1721 2725 de-

167 2750 295 2805 bent.
325 2752 470 2806 Haud
513 2772 644 2810 raro
674 2758 818 2811 enim
852 2759 1010 2829 culpa
1057 2775 1246 2816 eorum
1305 2762 1398 2832 qui
1431 2761 1664 2817 Catenas
1695 2779 1724 2816 e

166 2842 362 2911 scriptis
411 2845 609 2901 horum
661 2846 880 2903 Patrum
936 2860 1353 2922 congesserunt,
1400 2853 1616 2917 accidit,
1668 2862 1725 2908 ut

166 2949 274 3000 qua:
303 2937 456 2990 unius
488 2948 642 3003 sunt,
683 2940 836 2995 alteri
875 2942 1206 3008 tribuantur,
1252 2946 1396 3015 quod
1444 2945 1498 2999 in
1536 2946 1725 3016 primis

167 3023 222 3077 de
246 3025 328 3079 illo
359 3044 518 3098 quem
550 3033 718 3100 priori
752 3037 872 3087 loco
922 3036 1350 3098 nominavimus,
1406 3054 1616 3091 necnon
1660 3040 1725 3090 de

166 3113 431 3173 Theodoro
456 3120 777 3178 Heracleota
816 3126 978 3190 valet,
1024 3135 1082 3180 ut
1118 3128 1229 3197 jam
1270 3129 1614 3191 observatum
1646 3140 1727 3184 est

167 3220 192 3255 a
215 3205 613 3267 Montl'aueonio
641 3212 903 3286 Palzeogr.
935 3215 1029 3271 Gr.
1061 3234 1112 3285 p.
1155 3218 1280 3272 ΒΗ.
1592 3282 1595 3285 λ

225 3300 610 3359 Commentarii
641 3307 693 3360 in
721 3306 968 3365 Psalmos
1001 3310 1148 3365 nulla
1179 3311 1394 3380 quidem
1420 3313 1563 3382 apud
1585 3311 1729 3366 Pho-

168 3392 287 3447 tium
316 3395 373 3448 ﬁt
408 3400 661 3451 mentio:
710 3407 912 3465 tamen,
950 3405 1075 3470 quia
1116 3404 1271 3472 plura
1320 3412 1449 3459 sunt
1476 3403 1725 3459 Theodo-

167 3485 251 3538 reti
294 3490 491 3557 scripta
519 3530 538 3554 ,
576 3506 813 3558 quorum
864 3492 954 3547 ille
990 3510 1094 3547 non
1150 3496 1420 3561 meminit,
1457 3496 1732 3566 hujusque

169 3581 590 3641 praestantissimi
636 3582 818 3651 operis
854 3583 907 3638 in
943 3585 1066 3638 aliis
1100 3586 1252 3641 libris
1281 3603 1420 3656 quos
1450 3588 1563 3659 ipse
1592 3587 1734 3641 Pho-

167 3667 261 3722 tius
289 3684 709 3739 commemorat,
744 3674 944 3729 diserte
978 3677 1217 3746 injicitur
1248 3679 1471 3743 mentio,
1495 3696 1599 3733 non
1630 3680 1733 3734 du-

169 3758 423 3819 bitandum
455 3777 568 3832 est,
602 3770 733 3839 quin
771 3771 836 3824 ad
868 3769 1124 3825 Nostrum
1159 3773 1281 3841 jure
1329 3774 1616 3842 pertineat,
1645 3775 1730 3827 (διιί

168 3853 308 3907 etiam
347 3871 379 3910 a
417 3856 738 3928 Nieepboro
790 3860 1149 3923 Hisneccles.
1184 3865 1278 3920 lib.
1332 3883 1420 3920 xiv
1451 3867 1729 3921 tribuitur.

171 3940 273 4008 Ipse
299 3957 487 4003 auctor
514 3966 619 4019 pro
654 3967 755 4007 suo
787 3956 1034 4024 agnoscit
1065 3956 1211 4011 hunc
1242 3958 1441 4012 librum
1480 3958 1534 4012 in
1566 3961 1730 4028 epist.

169 4031 229 4087 82
255 4052 368 4106 qua:
394 4041 461 4095 ad
506 4040 805 4097 Eusebium
853 4045 1196 4116 Aucyranum
1235 4049 1430 4118 scripta
1472 4058 1573 4114 est,
1608 4067 1735 4105 uec-

173 4141 263 4180 nou
293 4135 596 4199 quaestione
619 4135 690 4190 45
723 4136 775 4190 iu
812 4136 1011 4204 librum
1053 4141 1350 4195 Secundum
1407 4140 1635 4209 Regum.
1676 4142 1730 4196 In

172 4214 422 4278 Prooemio
469 4226 659 4291 docet,
712 4244 819 4296 qua
881 4230 1271 4300 interpretandi
1335 4234 1547 4288 ratione
1603 4252 1733 4290 usus

172 4311 252 4376 sit,
303 4324 361 4367 ut
403 4333 704 4372 censuram
756 4318 1036 4390 eﬂ'ugeret,
1068 4337 1229 4391 quam
1267 4323 1357 4377 alii
1391 4338 1725 4380 meruerant.

174 4399 281 4456 Tria
310 4404 359 4458 in
388 4408 587 4475 primis
623 4408 692 4463 ab
712 4424 778 4464 eo
822 4419 1082 4466 notantur
1123 4412 1272 4478 vitia,
1302 4415 1614 4483 suppressis
1650 4428 1731 4470 ta-

173 4504 301 4557 men,
319 4512 385 4551 ne
404 4499 727 4554 modestiam
752 4499 867 4572 [55]
887 4501 1122 4570 Izederet,
1144 4505 1470 4574 scriptorum
1499 4510 1731 4562 nomini—

1826 2014 1959 2080 riut,
1995 2015 2135 2069 sitne
2162 2016 2228 2069 ad
2264 2017 2409 2070 hunc
2430 2031 2498 2070 au
2516 2016 2584 2071 ad
2604 2016 2754 2070 illum
2775 2015 3116 2070 referendus.
3165 2012 3233 2066 Et
3256 2015 3404 2082 quod

1832 2108 1887 2163 in
1938 2109 2132 2182 primis
2166 2111 2229 2164 ad
2273 2111 2449 2165 locum
2501 2111 2642 2181 psal.
2673 2126 2726 2175 1.,
2759 2111 2814 2176 7,
2849 2125 2878 2164 a
2906 2108 3174 2165 Garnerio
3224 2107 3407 2177 prola-

1829 2211 1949 2256 tum
2003 2203 2219 2268 attinet,
2259 2218 2446 2256 verum
2481 2203 2702 2271 quidem
2739 2214 2842 2267 est,
2886 2217 3023 2271 pene
3063 2203 3253 2257 eadem
3300 2201 3405 2269 legi

1829 2293 1969 2363 apud
1996 2294 2446 2364 Chrysostomum
2480 2292 2835 2361 (edit.Savilii
2863 2303 2904 2346 t.
2937 2292 2980 2356 ι,
3012 2308 3067 2362 p.
3090 2290 3198 2346 709
3224 2292 3403 2361 seq.):

1831 2386 2108 2440 noluimus
2157 2394 2338 2439 tamen
2387 2385 2440 2438 in
2489 2383 2836 2439 Variantibus
2891 2383 3065 2439 textui
3141 2382 3405 2452 subjectis

1829 2468 2125 2545 quidquam
2156 2476 2222 2530 de
2252 2475 2355 2528 hoc
2380 2475 2502 2529 loco
2541 2489 2781 2538 monere,
2821 2474 2947 2543 quia
2981 2474 3034 2527 in
3075 2473 3264 2528 codice
3300 2473 3411 2526 Au-

1829 2574 2064 2639 gustano
2097 2583 2256 2636 quem
2294 2568 2514 2622 tertium
2557 2566 2737 2622 dicere
2775 2568 3190 2631 consuevimus,
3227 2577 3282 2621 et
3313 2567 3405 2635 qui

1829 2658 2090 2714 Catenam
2138 2660 2192 2711 in
2238 2659 2509 2725 Psalmos,
2553 2668 2611 2713 ut
2667 2659 2720 2712 in
2773 2658 3106 2715 Praefatione
3158 2661 3408 2731 pluribus

1833 2750 2134 2804 indicatum
2165 2759 2270 2815 est,
2304 2751 2566 2813 continet,
2608 2765 2714 2804 non
2745 2750 3129 2821 Chrysostomi
3175 2752 3269 2807 sed
3297 2749 3409 2805 No-

1830 2841 1926 2897 stri
1963 2856 2159 2896 nomen
2189 2842 2488 2910 ascriptum
2516 2842 2768 2895 vidimus.
2789 2840 2908 2912 [54]
2940 2841 3033 2897 His
3061 2850 3270 2897 tantum
3307 2843 3409 2897 ad-

1827 2937 2072 3007 jicimus,
2101 2953 2167 2992 ex
2213 2936 2440 3008 epistola
2472 2928 2541 2991 82
2570 2936 2635 2991 ad
2684 2936 2980 2994 Eusebium
3025 2938 3225 3008 scripta
3266 2948 3412 2993 recte

1833 3030 2011 3101 colligi
2059 3045 2241 3101 posse,
2304 3030 2449 3084 hunc
2505 3028 2703 3084 librum
2766 3030 3078 3086 inchoatum
3121 3045 3243 3086 esse
3277 3046 3408 3084 ann.

1833 3122 1893 3177 Ο.
1925 3124 2028 3179 455

1907 3216 2110 3271 Ordine
2142 3216 2422 3287 proximus
2448 3225 2533 3272 est
2568 3216 2999 3271 Commentarius
3031 3216 3086 3269 in
3128 3215 3411 3271 Canticum

1834 3310 2183 3362 canticorum.
2214 3307 2399 3363 Talem
2460 3324 2489 3362 a
2554 3322 2612 3362 se
2666 3304 2927 3376 scriptum
2957 3320 3099 3371 esse,
3136 3306 3255 3375 ipse
3283 3307 3411 3377 qui-

1834 3403 1955 3457 dem
2015 3400 2393 3457 Theodoretus
2447 3401 2499 3454 in
2548 3401 2784 3470 Prologo
2812 3415 2971 3469 quem
3008 3397 3242 3453 Psalmis
3268 3414 3411 3468 pra»

1836 3493 2015 3557 misit,
2049 3502 2306 3560 testatur;
2337 3508 2464 3547 nmn
2491 3506 2619 3547 vero
2648 3491 2693 3546 is
2722 3484 2832 3561 qito
2859 3507 3006 3546 nunc
3043 3492 3268 3554 utimur,
3290 3491 3414 3560 jure

1834 3587 1903 3640 ad
1948 3586 2100 3640 illum
2147 3585 2437 3655 pertineat,
2468 3583 2660 3640 multis
2702 3585 3039 3655 disputatum
3073 3595 3173 3639 est.
3201 3583 3412 3639 Recen-

1835 3677 2079 3733 sebimus
2108 3677 2292 3747 itaque
2315 3679 2505 3749 paucis
2538 3686 2883 3748 argumenta,
2915 3692 3036 3747 quae
3070 3677 3138 3731 ab
3171 3684 3409 3746 utraque

1834 3777 1990 3839 parte
2022 3771 2079 3824 in
2103 3785 2323 3826 scenam
2347 3771 2612 3842 producta
2633 3779 2780 3827 sunt.
2813 3769 2916 3836 Qui
2942 3771 3235 3838 genuinum
3265 3770 3413 3823 hune

1835 3865 2003 3918 fetum
2051 3878 2171 3919 esse
2229 3865 2733 3935 negant,objicere
2781 3863 2978 3924 solent,
3029 3872 3310 3916 auctorem
3355 3860 3412 3913 in

1834 3957 2109 4012 Procemio
2138 3958 2202 4011 de
2220 3956 2614 4028 Chrysostomo
2634 3966 2695 4010 ut
2721 3956 2843 4008 vivo
2877 3954 3049 4020 loqui,
3076 3954 3128 4005 in
3162 3951 3415 4006 Theodo-

1839 4061 1959 4101 rum
1991 4043 2432 4114 Mopsuestenum
2456 4044 2677 4113 gravius
2708 4041 2912 4104 invehi,
2952 4041 3019 4095 de
3050 4054 3109 4095 se
3141 4040 3283 4095 utde
3315 4040 3416 4094 ho-

1837 4139 1985 4193 mine
2037 4137 2296 4191 civilibus
2346 4151 2410 4190 ac
2467 4134 2797 4189 militaribus
2844 4132 3078 4201 negotiis
3119 4133 3413 4188 admodum

1835 4230 2097 4283 distracto
2130 4227 2301 4296 loqui,
2328 4233 2383 4280 et
2415 4224 2482 4281 de
2512 4224 2761 4279 Manasse
2794 4223 3043 4293 quaedam
3079 4223 3313 4284 tradere,
3349 4226 3417 4278 de

1836 4321 2037 4389 quibus
2076 4335 2143 4373 ne
2187 4319 2292 4389 γρὺ
2345 4318 2563 4388 quidem
2608 4317 2748 4386 apud
2786 4313 3045 4370 Nostrum
3090 4322 3286 4369 exstet.
3322 4313 3416 4367 liis

1836 4412 2045 4466 addunt
2102 4422 2214 4466 tum
2270 4410 2634 4479 prolixitatem
2677 4406 3018 4470 indicendo,
3066 4414 3179 4459 tum
3231 4404 3413 4459 Nostri

1835 4504 1903 4559 de
1946 4504 2050 4559 hoc
2084 4519 2247 4573 opere
2278 4502 2580 4567 silentium,
2608 4501 2699 4555 ubi
2742 4500 2808 4555 de
2838 4499 3056 4569 scriptis
3097 4497 3334 4568 loquitur
3361 4497 3415 4550 in

173 4581 280 4639 bus.
310 4585 492 4645 Primo
518 4593 868 4660 reprehendit
895 4595 1127 4649 nimium
1154 4597 1426 4667 allegoriae
1447 4601 1716 4661 studium,
1758 4597 1801 4653 C
1836 4595 2038 4666 quibus
2084 4610 2238 4651 suam
2272 4593 2340 4649 de
2389 4594 2765 4649 incarnatione
2815 4592 2973 4647 fidem
3032 4598 3264 4646 testatus
3308 4601 3414 4653 est,

173 4679 299 4743 quod
330 4680 382 4734 in
408 4682 812 4753 Apollinarium
851 4685 1056 4741 dictum
1098 4704 1220 4745 esse
1245 4698 1440 4760 putant
1465 4691 1730 4762 Dupinius

175 4783 229 4820 ac
254 4770 573 4829 (iarnerius.
618 4772 823 4833 Deinde
855 4777 1139 4847 impugnat
1176 4798 1272 4835 eos
1303 4783 1394 4852 qui
1428 4785 1612 4839 omnia
1645 4800 1735 4839 ra-

174 4862 341 4917 licinia
385 4867 451 4920 ad
499 4865 723 4922 Iudaeos
764 4869 1028 4935 referunt,
1056 4888 1220 4939 quam
1259 4875 1477 4944 quidem
1510 4890 1736 4933 accusa-

176 4954 357 5010 tionem
381 4959 449 5012 ad
472 4959 824 5016 Theodorum
880 4961 1332 5034 Mopsuestenum
1377 4979 1623 5037 spectare
1645 4986 1736 5024 sa-

175 5045 235 5099 tis
254 5060 435 5118 aperte
460 5055 762 5122 loquuntur
783 5070 846 5110 ea
863 5071 987 5125 qua:
1008 5056 1061 5111 in
1092 5056 1232 5112 actis
1252 5060 1444 5128 synodi
1469 5076 1521 5126 ν,
1551 5061 1733 5116 eollal.

174 5133 220 5195 5,
250 5152 313 5191 ex
347 5137 625 5212 Hesychia
657 5140 927 5199 Hierosol.
965 5143 1220 5213 leguntur
1243 5145 1383 5214 apud
1411 5144 1582 5202 Hard.
1615 5146 1650 5200 Ι.
1683 5163 1735 5200 e.

175 5236 289 5280 tom.
323 5229 412 5294 Ill,
462 5247 520 5300 p.
564 5231 692 5287 104.
725 5233 964 5305 Denique
1018 5235 1244 5290 nimiam
1291 5237 1522 5291 aliorum
1567 5239 1738 5307 proli-

180 5318 381 5375 xitatem
418 5325 626 5394 arguit,
653 5325 721 5378 ad
751 5326 1206 5397 Chrysostomum
1264 5329 1383 5381 sine
1438 5328 1605 5383 dubio
1657 5333 1748 5382 rc~'-

175 5413 414 5509 spig'ens,
457 5433 618 5486 quem
654 5419 705 5472 in
752 5420 875 5483 hoc,
908 5430 968 5475 ut
1011 5420 1064 5474 in
1102 5421 1377 5490 plerisque
1422 5422 1544 5476 aliis
1585 5422 1740 5475 libris

179 5507 282 5568 prae
294 5507 519 5578 reliquis
543 5518 766 5564 secutus
787 5520 890 5577 est,
909 5513 982 5567 ita
1007 5520 1186 5567 tamen
1210 5522 1269 5567 ut
1298 5510 1544 5566 brevitati
1573 5527 1736 5580 quam

177 5597 398 5655 maxime
434 5602 699 5658 studeret.
726 5600 841 5659 Hac
870 5605 954 5659 via
985 5604 1269 5675 ingressus
1300 5604 1443 5659 felici
1477 5619 1737 5659 successu

178 5685 347 5745 labore.
404 5693 510 5747 hoc
565 5693 861 5753 defunctus
903 5706 1008 5763 est,
1043 5697 1316 5767 simulque
1352 5698 1494 5751 hanc
1521 5696 1736 5751 laudem

178 5780 385 5845 meruit,
433 5791 494 5837 ut
520 5785 710 5841 critica
737 5786 1018 5859 diligentia
1066 5788 1204 5843 alios
1244 5789 1326 5844 sui
1369 5788 1628 5859 temporis
1659 5790 1741 5843 in-

184 5874 437 5935 terpretes
473 5878 828 5947 superaverit.
869 5879 1290 5937 Adbibuitenim
1319 5881 1549 5951 Aquilae,
1575 5881 1737 5953 Sym-

1841 4697 1955 4743 tum
2009 4688 2245 4758 denique
2296 4687 2625 4742 Catenarum
2672 4685 3075 4741 auctoritatem.
3116 4684 3190 4738 Ita
3229 4682 3418 4753 paucis

1838 4779 2255 4850 complectimur
2297 4778 2562 4849 quidquid
2593 4786 2784 4833 contra
2814 4778 2962 4831 hunc
2984 4776 3185 4829 librum
3208 4774 3414 4829 dictum

1840 4888 1960 4928 esse
2015 4873 2290 4927 novimus.
2328 4869 2456 4927 Haec
2504 4878 2852 4941 argumenta,
2896 4869 2997 4923 etsi
3032 4868 3213 4923 minus
3260 4868 3413 4921 ﬁrma

1839 4964 1969 5029 sint,
2000 4971 2182 5018 tamen
2217 4961 2357 5033 apud
2381 4961 2620 5017 Caveum
2640 4976 2703 5016 ac
2731 4960 3056 5015 Garnerium
3080 4967 3289 5013 tantum
3322 4974 3416 5010 ra-

1841 5055 2083 5121 luerunt,
2111 5062 2171 5109 ut
2204 5069 2365 5109 suum
2397 5054 2506 5108 illis
2535 5053 2839 5123 adjecerjnt
2868 5051 3162 5105 calculum.
3183 5050 3297 5103 imo
3320 5064 3416 5117 pa-

1844 5162 1963 5201 rum
2019 5144 2194 5202 abfuit
2247 5145 2380 5215 quin
2410 5144 2710 5200 Garncrius
2754 5145 2807 5198 in
2858 5144 3038 5197 locum
3083 5142 3248 5209 hujus
3292 5142 3415 5196 libri

1841 5244 2008 5296 alium
2046 5242 2402 5298 substitueret
2440 5240 2631 5306 fetum,
2678 5254 2839 5310 quem
2885 5236 3141 5291 Auctario
3197 5251 3299 5291 suo
3334 5236 3417 5289 iu-

1841 5349 2023 5387 S'FI'CI'O
2076 5332 2348 5402 promisit,
2390 5347 2510 5401 pag.
2563 5330 2710 5397 258;
2764 5344 2953 5382 verum
2992 5326 3077 5381 his
3128 5325 3417 5396 promissis

1842 5443 1947 5477 non
2005 5427 2174 5488 stetit,
2220 5425 2477 5480 vels-tare
2516 5424 2713 5488 noluit,
2746 5420 2840 5492 qui
2872 5423 3054 5490 operis
3097 5418 3413 5490 perﬁciendi

1840 5532 2028 5571 curam
2067 5526 2187 5584 post
2223 5515 2471 5571 Garnerii
2512 5516 2723 5571 obitum
2753 5514 2806 5569 in
2835 5530 2894 5570 se
2925 5514 3185 5581 suscepit.
3222 5508 3416 5563 Videa-

1843 5622 1966 5662 mus
1998 5616 2201 5673 autem,
2236 5623 2344 5679 qua
2374 5608 2586 5661 ratione
2623 5607 2804 5660 omnis
2862 5605 2965 5659 ista
3008 5600 3417 5671 argumentatio

1845 5697 2089 5763 refutari,
2113 5709 2166 5754 et
2194 5699 2429 5769 genuina
2457 5697 2581 5753 libri
2617 5698 2824 5753 indoles
2868 5694 3084 5752 defendi
3115 5692 3309 5763 possit.
3344 5690 3419 5744 De

1841 5790 2254 5863 Chrysostomo,
2282 5791 2386 5848 etsi
2406 5791 2514 5847 vita
2530 5790 2641 5861 jam
2664 5790 2955 5846 defunctus
2976 5798 3139 5849 esset,
3162 5786 3285 5855 jure
3309 5783 3417 5837 dici

1843 5892 2072 5954 poterat,
2104 5886 2130 5938 6
2166 5887 2279 5948 τοῖς
2312 5882 2545 5956 ῥεύμασι
2591 5882 2688 5953 τῆς
2726 5878 3070 5942 διδασκαλίας
3123 5878 3291 5949 μέχρι
3323 5872 3425 5928 καὶ
