3920 6316
490 392 560 453 £5
1460 393 1557 452 DE
1588 393 1761 453 νιΤΑ
1793 393 1888 451 ET
1921 391 2042 452 SCF

2147 393 2261 454 TIS
2304 395 2792 458 THEODORETI
3674 397 3740 460 56

484 501 727 573 τήμερον
776 504 956 557 πᾶσαν
1004 504 1103 574 τὴν
1158 505 1487 577 οἰκουμένην
1544 505 1821 578 ἀρδεύων’
1849 505 2038 560 viveba

2170 509 2306 562 ritur
2332 510 2547 579 peritia,
2585 512 2751 564 multa
2785 511 2974 581 paucis
3004 512 3242 568 dicendi.
3286 513 3440 579 Quod
3479 527 3609 567 vero
3639 513 3726 566 hu-

486 592 625 647 enim
667 595 719 648 in
750 597 968 665 scriptis
1001 598 1116 652 suis
1147 612 1383 666 quorum
1410 596 1554 652 fama
1585 607 1716 654 tunc
1736 598 2058 653 universum

478 680 597 756 [55]
629 687 817 740 orbem
840 687 1174 756 impleverat.
1206 686 1261 741 Si
1293 704 1482 743 verum
1508 697 1592 744 est
1627 689 1881 747 alterum.
1909 690 2057 759 quod

485 778 532 830 in
585 777 929 833 Theodorum
961 779 1431 849 Mopsuestenum,
1476 797 1638 852 quem
1670 782 1911 852 alioquin
1938 798 2057 837 ma-

480 871 567 936 gni
594 870 843 937 faciebat,
885 872 1192 933 invehatur.
1218 874 1321 929 hoc
1365 890 1498 929 sane
1534 874 1775 929 veritatis
1812 888 2053 928 amorem

477 962 529 1015 cl
554 978 583 1016 a
615 966 853 1032 partium
878 965 1060 1020 studio
1084 966 1313 1021 liberum
1343 975 1576 1020 testatur
1599 966 1841 1020 animum
1872 984 1885 1019 :
1911 966 2053 1020 idem

475 1055 640 1121 enim,
679 1066 737 1109 ut
777 1056 890 1125 jam
958 1056 1214 1122 vidimus,
1271 1056 1399 1112 fecit
1457 1058 1509 1110 in
1546 1072 1648 1112 suo
1681 1057 1747 1110 ad
1799 1056 2049 1112 Psalmos

477 1145 768 1201 Prommiu.
810 1146 914 1202 Sed
958 1151 1199 1203 nondum
1225 1150 1361 1204 satis
1393 1150 1562 1220 liquet
1594 1150 1671 1203 rei
1709 1150 1932 1205 veritas.
1963 1149 2054 1202 Ni-

474 1238 605 1291 titur
638 1238 849 1293 scilicet
893 1248 1003 1293 tota
1042 1231 1322 1295 accusatio
1366 1240 1695 1294 auctoritate
1743 1240 1943 1311 Pelagii
1986 1240 2049 1301 ll,

472 1338 566 1383 aut
595 1331 775 1399 potius
792 1330 1038 1403 Gregorii
1067 1332 1159 1397 5L,
1183 1333 1344 1403 quiin
1365 1334 1590 1403 epistola
1614 1332 1771 1388 tertia
1793 1333 1856 1387 ad
1879 1333 2049 1386 Eliam

473 1423 870 1492 Aquileiensem
890 1435 943 1480 et
958 1426 1244 1496 episcopos
1260 1425 1429 1481 lstriae
1447 1426 1659 1480 scribit.
1685 1443 1701 1476 ι
1724 1424 1859 1479 Cum
1876 1424 2052 1479 Theo-

469 1514 637 1570 dorus
682 1515 1139 1585 (Mopsuestenus)
1178 1516 1461 1573 Canticum
1518 1518 1858 1571 canticorum
1892 1517 2052 1571 vellet

468 1623 759 1677 exponere,
792 1609 1140 1666 Salomonem
1172 1627 1268 1681 per
1285 1612 1430 1665 lnmc
1461 1610 1660 1665 librmn
1692 1609 2049 1677 [Ethiopissae

467 1700 666 1771 regina:
696 1702 1001 1757 blanditum
1043 1719 1168 1758 esse
1209 1703 1495 1774 professus
1540 1713 1665 1758 est:
1695 1703 1841 1773 Quod
1870 1700 2048 1756 Theo-

465 1794 690 1847 doretns
716 1796 1121 1864 reprehendens
1148 1810 1345 1850 nomen
1376 1795 1595 1864 quidem
1614 1792 1886 1849 Theodori
1910 1808 2044 1863 sup-

465 1884 689 1951 pressit,
722 1888 817 1940 sed
872 1896 1049 1941 tamen
1098 1886 1377 1943 vesaniam
1418 1884 1695 1956 patefecit.
1727 1903 1745 1935 ι
1778 1883 1908 1940 Tale
1943 1899 2043 1938 au-

465 1985 575 2029 tem
609 1976 754 2046 apud
804 1976 1208 2033 Theodoretum
1250 1978 1285 2032 l.
1321 1993 1371 2031 c.
1406 1991 1516 2032 non
1563 1976 1817 2047 legimus.
1864 1973 1921 2028 ln
1951 1989 2046 2029 eos

465 2075 672 2122 tantum
710 2068 1006 2134 invehitur,
1035 2072 1129 2140 qui
1170 2072 1253 2124 vel
1294 2080 1574 2141 putarunt,
1602 2069 1951 2125 Salomonem
1979 2069 2046 2123 de

464 2172 523 2210 se
550 2157 666 2226 ipso
697 2168 751 2213 et
801 2158 1106 2214 Pharaonis
1144 2159 1252 2215 lilia
1298 2160 1351 2213 in
1393 2160 1496 2214 hoc
1544 2160 1686 2214 libro
1741 2156 1913 2227 loqui,
1959 2155 2046 2210 vel

464 2267 563 2320 pro
593 2251 899 2309 Pharaonis
936 2252 1047 2309 lilia
1088 2254 1274 2309 Abisai
1310 2251 1706 2308 Sunamitidem
1740 2249 2040 2306 substitue-

463 2352 609 2397 runt.
656 2341 802 2397 Nihil
841 2345 1027 2415 itaque
1061 2345 1128 2400 de
1174 2345 1518 2416 (Ethiopissa
1565 2342 1752 2413 regina
1785 2340 1891 2396 hoc
1922 2339 2043 2394 loco

464 2435 671 2490 dictum
728 2436 1228 2507 deprehendimus;
1261 2453 1385 2509 quae
1416 2447 1597 2492 tamen
1628 2434 1838 2506 opinio,
1872 2432 1917 2488 si
1952 2431 2043 2486 illa

462 2524 736 2583 Theodori
780 2529 872 2596 sit,
903 2529 1006 2585 sub
1039 2530 1281 2601 generali
1315 2530 1623 2599 fabularum
1672 2526 1901 2580 anilium
1938 2537 2041 2578 no-

466 2620 637 2685 mine,
679 2635 788 2690 quo
818 2618 1014 2677 Noster
1042 2623 1099 2674 ιι.
1126 2620 1162 2673 l.
1195 2620 1389 2684 utitur,
1433 2616 1819 2689 comprehendi
1843 2614 2038 2685 potuit.

463 2712 604 2768 Sunt
637 2712 782 2768 enim
822 2713 1051 2767 omnino
1082 2712 1248 2765 anilia
1280 2722 1335 2765 et
1362 2711 1677 2766 Christiano
1702 2709 1926 2763 doctore
1959 2706 2043 2758 in-

461 2804 647 2875 digna,
674 2817 796 2872 qua:
821 2817 889 2856 ex
911 2801 1185 2856 Theodori
1221 2801 1366 2855 illius
1394 2801 1449 2855 in
1480 2801 1626 2854 hunc
1655 2800 1855 2854 librum
1881 2798 2043 2852 Com—

462 2895 746 2949 mentariis
762 2902 979 2948 exstant
1009 2893 1356 2965 Fragmenta,
1377 2892 1519 2961 apud
1549 2891 1888 2946 Harduinnm
1915 2892 1949 2950 l.
1989 2913 2040 2952 c.

460 3006 516 3057 p.
553 2987 622 3043 88
656 3003 771 3058 seq.
809 2986 914 3042 Sed
964 2989 1028 3042 ad
1080 3003 1143 3043 ea
1198 2987 1634 3058 progrediamu:,
1691 3004 1815 3058 quae
1874 2991 2035 3047 tertio

460 3082 581 3137 loco
635 3080 989 3150 objiciuntur.
1025 3078 1081 3133 Si
1119 3088 1308 3134 auctor
1361 3081 1557 3134 horum
1594 3078 2040 3137 Commentario-

2158 598 2248 667 jus
2297 600 2420 656 libri
2467 604 2670 656 nullam
2705 602 2893 657 fecerit
2925 605 3283 663 mentionem.
3319 605 3410 659 ubi
3445 619 3584 675 opus
3617 619 3736 659 esse

2162 688 2445 745 videbatur
2492 693 2557 746 ad
2606 694 3002 748 defendendam
3043 710 3199 750 suam
3244 696 3311 751 de
3358 697 3737 752 incarnatione

2158 780 2486 845 doctrinam,
2522 800 2712 853 parum
2762 785 2975 840 etlieiet.
3019 784 3144 841 Sive
3190 788 3334 842 enim
3379 803 3446 843 eo
3489 798 3738 859 tempore

2159 872 2445 929 Theodoro
2508 877 2863 946 parcendum,
2916 896 3031 936 srve
3079 880 3183 934 hoc
3241 881 3361 935 lidei
3397 896 3509 935 sua:
3563 881 3738 935 docn-

2158 974 2340 1019 mento
2403 969 2547 1023 haud
2604 986 2743 1038 opus
2803 988 2926 1030 esse
2980 972 3399 1037 existimaverit,
3433 972 3603 1028 libera
3659 973 3736 1025 illi

2156 1060 2382 1114 omnino
2415 1060 2521 1115 fuit
2547 1064 2695 1133 optio
2726 1065 2971 1121 locorum
2993 1066 3196 1138 quibus
3223 1066 3357 1120 tldes
3390 1063 3737 1119 defendenda

2155 1161 2316 1205 esset.
2343 1152 2672 1209 Catenarum
2704 1156 2942 1228 denique
2967 1159 3104 1214 adeo
3131 1173 3229 1213 nos
3260 1175 3367 1213 non
3416 1166 3597 1212 movet
3636 1173 3739 1210 an-

2158 1244 2398 1309 rlorilas,
2449 1255 2506 1299 nt
2545 1262 2739 1316 parum
2788 1248 2858 1303 ab
2888 1249 2995 1304 hoc
3028 1260 3351 1319 argumento
3377 1249 3735 1303 metuendum

2155 1335 2226 1389 sit
2271 1351 2453 1393 causae
2503 1347 2724 1395 nostrae.
2752 1338 2964 1398 Parvus
2992 1351 3077 1396 est
3106 1344 3433 1396 Calenarttm
3459 1341 3510 1394 in
3544 1340 3739 1394 Canti-

2153 1444 2274 1484 cum
2301 1430 2640 1485 canticorum
2682 1447 2966 1499 numerus,
2999 1449 3099 1489 nec
3149 1435 3289 1488 inter
3319 1433 3439 1486 illas
3472 1442 3555 1486 est
3579 1446 3734 1500 quae-

2151 1521 2274 1574 dam
2314 1520 2472 1589 cujus
2514 1523 2779 1577 memoria
2820 1528 2890 1579 sit
2925 1524 3064 1579 adeo
3099 1525 3357 1590 obseura,
3394 1538 3555 1591 quam
3584 1522 3734 1591 ejus,

2151 1622 2272 1677 qum
2300 1623 2329 1662 a
2355 1608 2618 1665 Garnerio
2643 1613 2954 1678 adducitur,
2987 1622 3040 1668 et
3069 1610 3354 1684 Neophyto
3380 1610 3597 1667 cuidam
3625 1612 3735 1665 tri-

2152 1699 2358 1753 buitur.
2396 1699 2604 1755 Dantur
2640 1711 2819 1759 tamen
2846 1704 3119 1774 quaedam,
3151 1704 3206 1757 in
3234 1703 3437 1773 quibus
3465 1701 3731 1771 frequen-

2156 1801 2237 1843 ter
2267 1799 2394 1845 sunt
2422 1792 2672 1862 Origenis
2706 1794 3053 1864 aliorumque
3087 1811 3209 1850 cum
3241 1795 3443 1864 quibus
3465 1792 3731 1848 Nostrum

2152 1881 2266 1956 [57]
2298 1886 2497 1953 saepius
2529 1894 2895 1955 permutatum
2932 1902 3053 1942 esse
3096 1888 3368 1950 novimus,
3411 1887 3733 1949 cilationes,

2152 1983 2205 2027 ut
2234 1974 2286 2027 in
2320 1973 2408 2027 illa
2436 1990 2599 2044 quam
2633 1974 2904 2030 Meursius
2944 1974 3114 2029 edidit
3149 1974 3317 2045 Lugd.
3347 1971 3464 2026 ΒΜ.
3496 1988 3525 2027 a
3567 1970 3730 2027 1617.

2149 2065 2426 2120 Facillime
2458 2067 2641 2137 itaque
2682 2068 2860 2137 potuit
2913 2067 3050 2130 ﬁeri,
3098 2076 3158 2121 ut
3190 2067 3244 2121 in
3286 2048 3440 2121 hisce
3479 2065 3732 2128 Catenis,

2147 2172 2376 2229 quarum
2399 2172 2600 2228 parvus
2620 2168 2702 2212 est
2733 2173 3017 2223 numerus,
3038 2157 3222 2211 Nostri
3245 2156 3591 2212 desideretur
3612 2171 3734 2209 me-

2147 2251 2343 2316 moria,
2391 2251 2505 2306 sive
2540 2251 2803 2320 temporis
2854 2251 2961 2305 hoc
2999 2249 3202 2305 factum
3252 2250 3324 2305 sit
3363 2249 3565 2318 injuria
3610 2248 3732 2301 sive

2147 2342 2493 2396 librariorum
2524 2343 2872 2414 negligentia.
2901 2344 3029 2398 Haec
3052 2343 3236 2397 omnia
3259 2342 3445 2411 itaque
3481 2355 3582 2394 nos
3614 2354 3729 2393 non

2145 2439 2462 2508 impedient,
2493 2440 2793 2510 quominus
2854 2440 3004 2495 hunc
3032 2438 3499 2495 Commentarium
3522 2434 3730 2490 Nostro

2144 2528 2507 2584 vindieemus.
2532 2529 2605 2583 lta
2621 2529 2766 2583 enim
2785 2529 2941 2600 jubet
2974 2529 3276 2584 auctoritas
3302 2526 3578 2592 codicum,
3603 2526 3731 2594 qni-

2145 2620 2248 2676 bus
2277 2621 2408 2674 olim
2445 2619 2558 2690 jam
2594 2621 2677 2675 usi
2710 2631 2840 2674 sunt
2862 2620 3031 2676 Zinus
3054 2637 3119 2676 ac
3155 2620 3505 2682 Sirmondus,
3531 2629 3584 2671 et
3608 2634 3731 2671 ma-

2145 2728 2250 2784 gna
2276 2728 2399 2783 quae
2426 2713 2566 2767 inter
2600 2713 2745 2768 hunc
2781 2714 3028 2784 aliosque
3071 2712 3399 2768 Theodoreti
3443 2711 3613 2765 libros
3644 2712 3733 2764 in-

2147 2805 2373 2865 tercedit
2428 2803 2682 2870 allinitas.
2712 2804 2929 2860 lllustre
2957 2808 3078 2874 ejus
3106 2805 3412 2875 exemplum
3446 2806 3537 2858 dat
3574 2804 3732 2858 locus

2146 2896 2235 2951 ille
2257 2896 2581 2965 Ezechielis,
2617 2898 2709 2967 qui
2743 2900 2795 2951 in
2827 2896 3107 2952 Protendo
3137 2897 3203 2951 ad
3238 2898 3381 2950 hunc
3409 2897 3607 2950 librum
3632 2910 3733 2950 eo-

2144 2987 2266 3042 dem
2301 2988 2486 3053 modo,
2513 2999 2572 3043 ut
2607 2989 2660 3043 in
2693 2987 2874 3043 Nostri
2917 2989 2984 3044 ad
3019 2989 3167 3043 hunc
3206 2988 3524 3058 prophetam
3558 2985 3732 3041 Com-

2147 3082 2416 3134 mentario
2441 3080 2767 3150 explicatur.

460 3189 581 3226 rum
617 3173 803 3228 multis
854 3188 962 3228 non
1004 3176 1167 3228 modo
1199 3171 1621 3236 ecclesiasticis,
1654 3173 1746 3227 sed
1786 3173 2038 3231 civilibus
2066 3182 2112 3243 ε
2214 3176 2531 3232 Proximum
2574 3178 2753 3233 locum
2790 3187 2975 3238 tenent
3002 3178 3471 3248 lnterpretationes
3500 3178 3734 3230 sedecim

460 3282 681 3335 quoque
716 3281 779 3320 ac
804 3265 1135 3320 militaribus
1165 3265 1314 3321 euris
1341 3281 1399 3320 se
1419 3265 1651 3323 distrahi
1678 3275 1906 3336 questus
1932 3276 2036 3334 est,

458 3379 567 3417 non
602 3362 970 3427 mirabuntur,
1008 3363 1103 3433 qui
1148 3379 1179 3417 e
1209 3364 1402 3419 litteris
1441 3362 1769 3419 Theodoreti
1803 3364 1914 3434 jam
1946 3381 2041 3420 su-

457 3469 556 3522 pra
593 3453 842 3520 allegatis
896 3454 1169 3519 noverint,
1201 3463 1438 3524 quantos
1473 3454 1691 3508 labores
1723 3462 2042 3524 quantaque

458 3546 702 3616 pericula
725 3546 1069 3611 sustinuerit,
1092 3556 1153 3601 ut
1174 3546 1419 3618 perditos
1438 3563 1621 3602 mores
1639 3562 1830 3603 eorum
1853 3562 2041 3602 emen-

459 3642 634 3703 daret,
687 3653 922 3707 quorum
979 3653 1167 3693 curam
1214 3638 1318 3693 sibi
1370 3639 1756 3694 demandatam
1818 3640 2036 3712 habuit.

400 3726 413 3745 ‘
460 3731 698 3786 Gravius
733 3726 921 3800 itaque
952 3731 1079 3793 sibi,
1115 3746 1280 3800 quam
1321 3732 1550 3787 militum
1573 3734 1827 3798 ducibus,
1862 3734 2040 3799 impo-

459 3823 624 3875 situm
666 3836 808 3877 onus
845 3836 991 3891 aegre
1032 3821 1272 3876 ferebat:
1304 3821 1452 3876 omni
1498 3822 1643 3878 enim
1687 3823 1932 3877 adhibita
1961 3822 2042 3877 di-

460 3913 682 3982 ligentia
739 3913 824 3967 vix
877 3914 1231 3983 petulantiam
1297 3912 1411 3987 [56]
1464 3915 1750 3969 hominum
1810 3917 2040 3970 istorum

458 4022 713 4063 coercere
742 4017 973 4077 poterat.
1002 4007 1078 4063 Ita
1103 4024 1214 4064 rem
1238 4010 1513 4078 expedire,
1541 4019 1613 4077 et,
1644 4009 1687 4065 si
1714 4025 1853 4080 opus
1875 4019 2040 4074 esset,

456 4100 720 4170 tt-Opicam
757 4101 1049 4171 quamdam
1093 4102 1307 4158 dicendi
1343 4103 1608 4158 rationem
1650 4103 1701 4156 in
1741 4103 1824 4159 bis
1851 4114 2043 4159 aucto-

459 4198 538 4251 ris
564 4196 740 4253 nostri
769 4196 950 4252 verbis
984 4197 1276 4253 admittere.
1310 4199 1619 4264 mallemus,
1645 4214 1809 4267 quam
1835 4198 2043 4269 absque

460 4288 701 4344 historia:
754 4288 860 4344 ﬁde
893 4304 1016 4344 cum
1072 4290 1352 4344 nonnullis
1392 4305 1640 4344 asserere
1664 4330 1678 4350 ,
1704 4289 2041 4360 Cyrcsticam

458 4382 737 4452 regionem
763 4395 828 4436 eo
849 4388 1091 4450 tempore
1111 4381 1577 4450 praesidiariornm
1609 4381 1843 4435 militum
1868 4382 2043 4447 effusa

458 4470 677 4526 licentia
728 4470 927 4525 misere
984 4471 1256 4525 turbatam
1299 4470 1491 4526 fuisse.
1526 4469 1722 4536 Porro,
1751 4472 1897 4540 quod
1926 4471 2039 4526 hia--

460 4576 670 4626 nasses,
719 4577 817 4616 rex
858 4562 1080 4631 impius,
1132 4577 1384 4633 magnam
1442 4577 1725 4617 sacrorum
1750 4562 2037 4619 Librorum

459 4659 671 4721 partem
703 4651 1090 4717 combusserit,
1126 4661 1184 4705 ut
1205 4653 1258 4705 in
1293 4652 1567 4707 Prommio
1594 4653 1661 4706 ad
1696 4652 1842 4708 hunc
1875 4655 2040 4708 Com-

461 4743 790 4798 inentarium
818 4742 1043 4807 dicitur,
1083 4743 1235 4797 nullo
1267 4743 1487 4813 quidem
1528 4744 1580 4797 in
1612 4743 1731 4799 loco
1775 4761 1804 4798 a
1839 4744 2038 4801 Nostro

459 4834 585 4887 alibi
624 4834 911 4899 asseritur,
943 4832 1037 4887 sed
1067 4849 1198 4887 num
1221 4833 1404 4887 omnia
1439 4849 1548 4888 uno
1585 4834 1890 4905 eodemque
1914 4836 2037 4892 loco

457 4926 638 4979 dicere
666 4939 891 4980 necesse
933 4926 1087 4980 erat?
1123 4924 1289 4980 Multa
1336 4926 1390 4979 in
1421 4927 1537 4981 suis
1573 4927 1638 4981 ad
1674 4927 1843 4984 libros
1870 4913 2037 4983 Parit-

458 5015 1228 5087 lipomenonCommentariis
1260 5018 1552 5088 supplevit,
1582 5035 1703 5089 quae
1736 5021 1790 5077 in
1827 5021 1934 5076 illis
1969 5023 2035 5075 ad

454 5110 626 5167 libros
673 5110 885 5191 Regum
926 5113 1116 5166 eodem
1161 5111 1286 5181 jure
1324 5112 1505 5167 dicere
1538 5112 1826 5182 potuisset,
1860 5117 1904 5170 si
1938 5131 2035 5169 re-

456 5204 686 5260 ccssitas
715 5205 856 5259 hanc
906 5204 1076 5274 legem
1118 5204 1193 5258 illi
1242 5205 1615 5275 imposuisset.
1658 5204 1815 5272 Quod
1861 5193 2103 5276 proli-"

455 5295 581 5351 xius
606 5295 659 5350 in
710 5296 812 5352 hoc
860 5313 1023 5367 quam
1070 5296 1298 5351 forsitan
1346 5298 1397 5352 in
1442 5298 1566 5353 aliis
1604 5299 1761 5353 libris
1806 5302 2037 5354 medita-

454 5387 634 5443 tiones
661 5402 791 5444 suas
819 5389 1150 5458 exposuerit,
1177 5389 1418 5443 dmdnm
1454 5400 1538 5445 est
1580 5406 1690 5445 non
1727 5392 2034 5462 argumenti

457 5491 688 5543 tantum,
727 5480 870 5550 quod
900 5482 1130 5536 multum
1170 5481 1507 5538 diﬂicultatis
1539 5482 1793 5548 habebat,
1841 5484 2035 5539 condi-

457 5572 611 5633 tioni,
645 5573 740 5628 sed
778 5572 1009 5642 tempori
1036 5574 1197 5627 etiam
1239 5590 1350 5645 quo
1389 5574 1630 5645 scripsit.
1668 5574 1839 5630 .lland
1892 5576 2034 5630 male

457 5666 603 5719 enim
631 5682 697 5721 ex
730 5666 850 5737 ipso
886 5668 986 5722 hoc
1013 5668 1299 5736 pauluium
1344 5668 1547 5723 diﬂ'uso
1578 5667 1796 5723 dicendi
1835 5684 2034 5739 genere

454 5756 753 5829 colligitur,
789 5760 932 5815 hunc
963 5760 1160 5815 librant
1187 5777 1309 5817 esse
1356 5777 1522 5816 unum
1556 5776 1621 5816 ex
1664 5760 1859 5830 primis
1894 5777 2033 5830 quos

453 5846 653 5907 Noster
681 5851 1011 5924 composuit.
1051 5849 1159 5909 Usu
1201 5852 1367 5920 enim,
1406 5863 1463 5906 ut
1495 5852 1607 5907 licri
1647 5851 1801 5908 solet.
1849 5854 2031 5922 acqui-

2143 3271 2539 3341 prophetarum,
2569 3269 2724 3326 Isaia:
2761 3271 2996 3337 scilicet,
3031 3270 3280 3326 Jeremiae
3315 3269 3423 3339 (cui
3449 3268 3731 3338 subjnncti

2145 3372 2271 3419 sunt
2309 3362 2509 3417 Threni
2549 3371 2603 3417 et
2651 3362 2787 3418 liber
2845 3361 3100 3432 Baruch),
3129 3361 3451 3426 Ezechielis,
3490 3360 3737 3415 Danielis

2143 3462 2197 3507 et
2218 3452 2503 3508 duodecim
2522 3454 2912 3524 prophetarum
2937 3469 3078 3524 quos
3106 3453 3346 3507 minores
3369 3453 3581 3507 dicunt.
3606 3449 3729 3505 Non

2143 3543 2335 3599 eodem
2377 3545 2570 3600 ordine
2596 3546 2788 3614 scripti
2815 3555 2943 3600 sunt
2979 3543 3369 3601 Commentririi
3399 3545 3485 3599 isti
3519 3559 3632 3613 quo
3671 3560 3735 3598 se

2143 3637 2440 3707 excipiunt.
2474 3636 2748 3692 Danielem
2779 3637 3020 3707 primum
3057 3636 3227 3693 fuisse
3273 3652 3431 3707 quem
3473 3636 3736 3691 Theodoo

2144 3738 2295 3784 retus
2347 3729 2733 3799 interpretatus
2783 3740 2887 3792 est,
2936 3729 3051 3799 ipse
3096 3729 3149 3782 in
3188 3727 3511 3782 Prml‘ationc
3550 3726 3620 3780 ad
3663 3728 3736 3780 li-

2143 3824 2301 3878 brum
2334 3822 2485 3876 illum
2514 3822 2748 3888 monuit,
2783 3836 3118 3891 causamque
3148 3820 3389 3889 optionis
3424 3834 3537 3873 sua:
3559 3836 3590 3874 a
3626 3818 3735 3874 Ju-

2143 3917 2386 3972 dmorum
2416 3930 2540 3985 erga
2570 3914 2717 3969 hunc
2734 3914 3055 3984 prophetam
3078 3913 3207 3968 odio
3235 3913 3409 3982 petiit.
3435 3911 3736 3968 Proximus

2145 4012 2316 4067 fuisse
2370 4011 2582 4065 videtur
2640 4009 2913 4074 Ezechiel,
2944 4009 3012 4064 de
3054 4023 3164 4081 quo
3198 4007 3388 4063 saltem
3421 4023 3484 4060 ex
3520 4005 3737 4061 Praefa—

2147 4105 2295 4160 tione
2322 4105 2389 4160 ad
2420 4102 2713 4159 Jeremiam
2743 4109 2983 4166 constat,
3012 4101 3065 4155 in
3096 4116 3221 4156 eum
3258 4101 3410 4170 prius
3441 4114 3737 4153 commen—

2145 4206 2318 4252 tatum
2349 4211 2471 4251 esse
2503 4192 2759 4249 Nostrum
2806 4208 2970 4264 quam
3001 4193 3071 4247 ad
3111 4190 3404 4247 Jeremiam
3452 4192 3739 4246 illustran-

2144 4294 2272 4345 dum
2303 4304 2361 4343 se
2384 4288 2711 4357 accingeret.
2738 4286 2859 4352 Quo
2881 4286 3072 4339 ordine
3100 4284 3166 4338 ad
3198 4284 3438 4354 reliquos
3466 4298 3729 4355 progres-

2146 4398 2242 4438 sus
2282 4382 2374 4445 sit,
2409 4381 2551 4435 haud
2593 4381 2727 4436 satis
2774 4380 2979 4449 liquet:
3018 4380 3121 4435 hoc
3153 4388 3333 4433 tamen
3372 4394 3439 4432 ex
3472 4377 3596 4446 ipso
3632 4393 3740 4432 au-

2148 4471 2317 4527 ctoris
2361 4471 2677 4527 testimonio
2738 4481 3081 4540 perSpectum
3135 4468 3421 4532 habemus,
3468 4468 3733 4523 ultimum

2150 4563 2343 4617 horum
2375 4562 2625 4618 laborun
2669 4560 2841 4617 fuisse
2866 4561 3335 4617 Commentarium
3366 4560 3419 4614 in
3449 4559 3732 4625 Threnos,

2144 4653 2233 4708 cui
2262 4653 2349 4708 his
2372 4653 2553 4709 verbis
2583 4655 2744 4709 linem
2779 4650 2906 4707 fecit
2929 4661 3119 4706 auctor
3147 4670 3160 4704 :
3197 4671 3215 4702 ‹
3243 4649 3392 4704 lianc
3419 4649 3585 4702 etiam
3605 4649 3735 4705 aliis

2153 4745 2485 4817 propheticis
2515 4745 2671 4801 libris
2701 4744 2990 4815 adjieimus
3021 4743 3552 4813 interpretationem,
3587 4742 3735 4797 adeo

2149 4847 2210 4893 ut
2238 4852 2333 4907 per
2376 4836 2475 4891 Dei
2515 4837 2745 4908 gratiam
2779 4836 2985 4890 nullam
3018 4834 3355 4905 prophetiam
3397 4833 3734 4902 interpretao

2146 4929 2312 4987 tionis
2368 4937 2645 4998 expertem
2693 4928 3099 4998 reliquerimus.
3134 4947 3151 4979 ι
3184 4925 3505 4998 Magnopere
3533 4926 3733 4979 dolen-

2142 5024 2267 5076 dum
2290 5029 2393 5085 est,
2418 5021 2559 5075 haud
2584 5021 2852 5095 integrum
2877 5018 2993 5091 [58]
3015 5019 3081 5074 ad
3106 5035 3206 5074 nos
3223 5019 3535 5088 pervenisse
3555 5015 3731 5072 Com-

2143 5113 2469 5170 mentarium
2520 5114 2574 5167 in
2605 5112 2821 5175 Isaiam,
2856 5112 3017 5182 cujus
3068 5127 3176 5165 non
3210 5110 3315 5166 nisi
3368 5109 3597 5165 lacinias
3624 5110 3733 5165 ba—

2139 5208 2353 5263 bemns.
2406 5205 2539 5273 Qua:
2592 5205 2917 5261 Sirmondus
2947 5221 2976 5259 e
3023 5204 3244 5260 Catenis
3275 5203 3572 5274 congessit,
3617 5219 3734 5259 non

2140 5300 2323 5354 omnia
2357 5298 2424 5353 ad
2460 5297 2721 5353 Nostrum
2755 5297 3049 5365 pertinent,
3094 5296 3187 5351 sed
3227 5311 3422 5366 magna
3453 5310 3520 5348 ex
3565 5303 3730 5362 parte

2139 5376 2205 5444 ad
2235 5389 2579 5444 Theodorum
2606 5386 3072 5457 Mopsuestenum,
3104 5395 3180 5451 et,
3215 5395 3403 5440 nostra
3434 5385 3618 5439 adhuc
3644 5394 3739 5440 est

2138 5481 2472 5552 conjectura,
2523 5481 2588 5535 ad
2640 5478 2937 5533 Eusebium
2995 5477 3389 5534 Caesariensem
3435 5460 3733 5532 relerﬂnla

2137 5590 2261 5629 esse
2289 5575 2560 5628 videntur.
2587 5572 2891 5642 Antequam
2921 5572 2987 5626 ad
3015 5572 3257 5641 reliquos
3298 5570 3470 5625 libros
3495 5586 3733 5641 progre~

2138 5667 2375 5729 diamur,
2408 5658 2597 5733 pauc‘ts
2626 5665 2955 5718 monendum
2974 5665 3102 5724 erit.
3128 5678 3341 5718 errasse
3364 5661 3726 5727 Garnerium,

2139 5762 2183 5815 si
2231 5761 2392 5813 Auct.
2423 5773 2474 5828 p.
2509 5757 2632 5822 188,
2671 5765 2905 5812 exeunte
2937 5757 3116 5827 capite
3156 5762 3355 5827 quarto
3388 5753 3576 5816 refert.
3604 5753 3728 5809 No-

2142 5859 2315 5907 strum
2344 5849 2396 5904 in
2422 5849 2830 5907 Commentario
2873 5850 2941 5906 ad
2993 5860 3239 5904 extrema
3278 5847 3439 5904 verba
3471 5845 3727 5905 Jcrcmia:
