3920 6316
163 403 222 468 57
1550 425 2073 489 ὓΙΞΒΕἱίΤᾹΤΙί).
3340 450 3411 516 58

159 518 350 587 prolixe
399 519 661 577 adversus
713 523 1040 597 Apollinarii
1095 542 1311 585 errores
1377 532 1716 591 ehiliasticos
1747 542 1789 596 Α
1824 540 1988 594 verba
2036 540 2139 595 ista
2173 543 2496 610 praemittit:
2535 564 2553 597 ι
2597 546 2738 603 Sunt
2763 565 2886 620 qua:
2925 555 3121 620 partim
3150 566 3274 613 ante
3308 577 3411 615 an-

157 611 467 681 disputasse.
521 612 623 670 Sed
677 616 978 688 disputatio
1024 620 1127 676 ista
1164 638 1269 677 non
1307 625 1411 681 hoc
1441 626 1589 692 loco,
1626 628 1722 684 sed
1829 644 1930 682 nos
1979 630 2195 700 viginti,
2228 633 2424 701 partim
2470 644 2599 692 ante
2645 611 2972 709 octodecim,
3025 649 3223 715 partim
3285 664 3410 710 ante

156 706 203 757 in
231 704 329 758 line
350 704 741 764 Commentarii
788 711 856 765 ad
885 712 1223 770 Ezechielem
1267 727 1464 785 exstat,
1501 722 1585 774 cui
1620 721 1722 775 ad-
1826 722 2162 790 quindecim,
2189 725 2389 794 partim
2431 736 2559 784 ante
2594 730 2889 790 duodecim
2921 704 3139 810 seri-psi.
3178 761 3196 793 ι
3224 742 3408 801 Incer-

152 794 402 899 j‘ttngenda
424 809 582 899 .sunt
635 799 727 853 illa
771 816 893 871 qua:
936 804 1001 857 ad
1042 804 1205 860 linem
1246 805 1638 867 Commentarii
1666 813 1717 867 in
1827 823 1940 867 tum
1970 814 2156 885 itaque
2188 832 2310 872 esse
2334 818 2514 886 debet,
2537 823 2719 880 sintne
2744 826 2869 882 libri
2902 831 2995 899 qui
3024 794 3408 893 deinde—eoin-

2068 879 2078 885 _
2501 879 2512 886 ,
2906 879 2995 899 η--
3027 879 3221 891 -.,.....ν
3256 879 3403 893 ..νηπ

154 879 385 986 Ag'g'afpm
412 882 700 986 leguntur.
913 979 940 986 Δ
1825 916 2218 974 memorantur,
2248 908 2577 967 duodecimo
2627 917 2712 970 vel
2756 919 3021 979 vicesimo
3079 942 3226 981 anno
3280 941 3406 986 ante

216 970 375 1029 Utiles
410 974 461 1029 in
496 978 695 1046 primis
729 989 859 1035 sunt
899 979 1285 1041 Commentarii
1333 990 1387 1042 in
1422 989 1562 1045 XIV
1594 991 1719 1063 Epi-
1821 1002 1976 1057 datas
2012 1002 2177 1058 hasce
2207 1005 2437 1071 litteras,
2482 1007 2563 1062 vel
2587 1008 2730 1063 intra
2768 1011 2935 1068 hosce
2965 1032 3139 1074 annos
3174 1022 3406 1090 scripti?

151 1074 299 1129 ειοῙαε
325 1080 495 1132 εωιωὶ
524 1079 754 1149 Ραιιιὶ,θ
784 1082 987 1142 Nostro
1018 1096 1166 1145 tanta
1211 1107 1337 1147 cum
1373 1094 1533 1150 laude
1568 1113 1718 1152 com-
1824 1092 1942 1167 [40]
1981 1093 2090 1150 "OE
2113 1105 2294 1150 tamen
2330 1112 2396 1152 ex
2429 1098 2534 1153 ista
2565 1098 2633 1155 ad
2666 1100 2904 1158 Leonem
2934 1106 3244 1164 Romanum
3275 1074 3404 1181 [Epi-

151 1169 419 1271 ROSili,.lll-
449 1187 784 1271 magnopere
829 1177 1129 1236 dolendum
1177 1184 1269 1251 sit,
1304 1186 1546 1256 reliquos
1576 1187 1712 1245 Novi
1819 1186 1980 1252 stola,
2008 1203 2151 1257 quae,
2197 1197 2255 1242 ut
2284 1204 2402 1256 jam
2432 1190 2638 1245 dictum
2677 1203 2782 1257 est,
2814 1195 2879 1249 ad
2907 1196 2971 1251 Α.
2998 1197 3060 1253 C.
3109 1200 3212 1255 419
3239 1169 3406 1271 perti-

156 1257 378 1315 Fcederis
406 1262 579 1320 libros
618 1282 728 1321 non
772 1271 1024 1325 eumdem
1062 1283 1260 1330 nactos
1287 1292 1409 1332 esse
1448 1279 1716 1351 interpre-
1818 1286 1933 1346 uel,
1983 1287 2135 1334 certo
2184 1280 2463 1350 colligitur
2498 1282 2615 1353 jam
2667 1294 2796 1341 ante
2848 1290 3120 1360 synodum
3176 1257 3403 1365 19::sz—

151 1360 259 1404 tem.
294 1351 521 1408 Exstant
553 1365 736 1412 autem
796 1363 1013 1418 nonnisi
1060 1380 1234 1434 pauca
1278 1367 1711 1428 Commentariu-
1816 1371 1918 1443 κῆν
1969 1374 2205 1443 scriptos
2251 1373 2423 1430 fuisse
2452 1376 2553 1432 hos
2594 1375 3055 1437 Commentarios.
3099 1382 3403 1442 Garncrius

150 1458 251 1495 rum
279 1444 329 1498 in
360 1458 600 1516 quatuor
648 1448 939 1524 Evangelia
996 1454 1324 1528 fragmenta,
1359 1477 1482 1530 quae
1516 1478 1706 1519 reccu-
1813 1464 2116 1530 existimat,
2147 1482 2308 1523 teram
2360 1468 2580 1524 illorum
2630 1470 2970 1528 referendam
3021 1490 3143 1530 esse
3173 1477 3241 1531 ad
3278 1493 3400 1532 eam

146 1535 241 1591 suit
272 1535 714 1599 Montfauconius
761 1545 813 1598 in
845 1544 1181 1604 Bibliotheca
1225 1551 1462 1609 Coislin.
1498 1553 1706 1611 llorurn
1814 1570 2087 1612 annorum
2130 1559 2354 1624 seriem,
2399 1578 2524 1631 qua;
2560 1563 2702 1617 inter
2725 1565 3022 1620 concilium
3057 1567 3399 1638 Ephesinum

144 1627 731 1731 duo-columemorat-iu
756 1636 1092 1707 Mattlraeum,
1115 1658 1163 1712 p.
1195 1644 1265 1699 75
1285 1654 1337 1700 ct
1360 1645 1488 1710 217,
1520 1666 1547 1702 e
1572 1647 1706 1704 Cod.
1813 1648 2010 1719 (prius)
2054 1659 2109 1706 ct
2140 1666 2269 1707 ann.
2297 1653 2363 1707 C.
2390 1627 2498 1710 4-555
2546 1654 2877 1713 intercessit.
2905 1627 3243 1730 Argumenta
3280 1663 3400 1731 ejus

142 1716 288 1822 Coisl.
315 1722 380 1777 24
405 1734 456 1779 et
488 1725 619 1781 193.
649 1726 918 1784 Nonnulla
949 1732 1003 1788 in
1036 1733 1241 1789 Lucam
1281 1753 1333 1806 p.
1364 1737 1492 1803 251,
1516 1755 1546 1794 e
1570 1740 1704 1795 Cod.
1812 1716 2116 1797 attentione
2148 1742 2373 1812 quidem
2397 1744 2563 1816 digna
2595 1756 2748 1813 sunt,
2778 1748 2890 1804 alio
2928 1716 3111 1804 autem
3153 1751 3272 1806 loco
3304 1716 3402 1822 ap-

143 1811 291 1914 Coisl.
341 1814 466 1884 201,
516 1826 579 1873 et
620 1835 676 1890 p.
710 1820 816 1877 576
856 1838 997 1895 seq.;
1023 1827 1245 1883 nonnisi
1297 1831 1523 1886 unicum
1578 1849 1706 1887 vero
1743 1898 1781 1914 ὴ
1812 1833 1919 1887 tior
1942 1834 2010 1889 de
2033 1834 2140 1890 illis
2171 1811 2487 1906 disputandi
2513 1838 2616 1894 erit
2648 1811 2897 1897 occasio.
2928 1839 3040 1897 Hoc
3077 1851 3259 1898 tamen
3282 1811 3396 1914 jain

144 1903 189 2006 in
231 1904 504 2006 Joannem,
542 1928 605 1982 p.
656 1912 744 1977 68,
774 1930 805 1971 e
833 1914 969 1972 COII.
1000 1916 1093 1972 23.
1127 1917 1183 1974 lu
1214 1919 1530 1978 Matthaeum
1553 1940 1706 1995 quac-
1742 1898 1781 1952 Β
1811 1926 2030 1982 silentio
2066 1898 2352 1998 praeterire
2412 1945 2526 1987 non
2574 1947 2897 2002 possumus,
2930 1935 3072 1990 male
3105 1951 3233 2006 erga
3282 1898 3398 1991 1Ἲο-

143 1997 250 2099 dzun
279 2015 307 2054 e
340 1999 543 2059 Nostro
600 2009 882 2075 congessit
928 2009 1074 2066 Petr.
1116 2011 1386 2070 Pessinus
1415 2018 1465 2071 in
1496 2017 1704 2074 Catena
1809 2028 1983 2075 strum
2019 1997 2199 2077 allecti
2242 2023 2411 2078 animi
2461 1997 2675 2094 insigne
2723 1997 3002 2096 specimen
3056 1997 3202 2092 esse:
3248 2029 3395 2099 quod

143 2087 344 2188 Batrum
403 2094 725 2153 Graecorum
777 2099 831 2154 in
888 2111 1138 2158 sanctum
1191 2104 1506 2163 Matthaeurn
1559 2110 1704 2165 edita
1808 2109 1949 2165 idem
1982 2112 2162 2180 prodit
2189 2111 2225 2166 Ι.
2252 2127 2304 2167 c.
2332 2128 2387 2183 p.
2421 2112 2543 2179 190,
2571 2087 2664 2168 ubi
2692 2087 2992 2172 lectoribus
3016 2117 3134 2173 suis
3161 2087 3393 2188 persua-

141 2180 330 2241 Tolosa:
376 2205 426 2242 a.
474 2190 642 2246 1646.
690 2192 923 2249 Exstant
956 2196 1119 2251 etiam
1154 2202 1417 2256 nonnttlla
1450 2200 1704 2259 Theodo-
1807 2202 1936 2257 dere
1966 2211 2221 2266 conatur,
2244 2180 2655 2260 Tlicoderetnm
2683 2206 2736 2261 in
2761 2215 2875 2261 toto
2897 2209 3001 2263 hoc
3026 2180 3391 2278 libro-quam.

140 2276 247 2343 reti,
277 2279 366 2335 sed
390 2278 588 2337 Latine
620 2290 856 2349 tantum,
887 2285 939 2340 in
960 2286 1205 2342 Corderii
1243 2291 1445 2346 Catena
1483 2292 1535 2346 in
1574 2309 1704 2349 san-
1807 2310 2025 2363 cunque
2071 2296 2418 2349 occasionem
2464 2297 2725 2367 Cyrillum
2779 2300 3034 2368 carpendi
3069 2276 3227 2356 avide
3260 2300 3396 2354 arri-

140 2378 268 2464 etum
292 2370 486 2464 Lucam
517 2375 838 2447 Antuerpiaa
861 2392 991 2432 ann.
1034 2379 1168 2437 1623
1210 2382 1378 2437 edita.
1415 2382 1578 2438 Plura
1603 2402 1704 2442 au-
1806 2389 2015 2457 puisse,
2069 2388 2200 2458 quia
2241 2396 2365 2459 post
2402 2391 2677 2460 synodum
2727 2389 3057 2461 Ephesinam
3093 2410 3393 2464 pacemque

140 2466 229 2514 tem
255 2461 306 2516 'tn
335 2462 697 2520 Bibliothecis
730 2467 875 2537 regis
904 2467 1094 2525 Galliae
1124 2486 1417 2542 superesse
1453 2475 1598 2532 haud
1628 2476 1702 2530 in-
1805 2481 2114 2537 restitutam
2172 2480 2276 2550 ipsi
2323 2497 2429 2536 non
2466 2482 2682 2538 licuerit
2721 2484 2939 2553 publice
2969 2461 3161 2543 contra
3196 2461 3393 2542 adver-

136 2556 279 2613 certis
316 2558 529 2616 indiciis
583 2560 860 2616 novimus.
889 2561 993 2628 Qui
1036 2578 1170 2618 vero
1214 2564 1359 2621 inter
1386 2582 1488 2623 nos
1515 2582 1702 2638 super-
1805 2573 2012 2629 sarium
2072 2589 2235 2630 suum
2276 2590 2542 2646 pugnare.
2579 2575 3130 2635 Meminerintautem
3161 2580 3392 2637 lectores

138 2649 273 2704 stites
298 2661 423 2706 sunt
447 2652 503 2707 in
560 2650 838 2722 Epistolas
883 2656 1058 2711 sancti
1084 2654 1242 2712 Pauli
1280 2656 1701 2724 Commentarii,
1804 2679 2000 2722 eorum
2028 2666 2279 2735 quarjam
2305 2667 2527 2723 ineunte
2556 2668 2659 2724 hac
2682 2666 3086 2725 Dissertatione
3118 2672 3387 2737 diximus,

138 2741 372 2812 integrann
419 2754 475 2801 et
514 2747 842 2803 continuam
877 2749 1138 2805 exhibent
1170 2751 1699 2823 interpretationem,
1805 2756 2015 2813 scilicet
2052 2759 2478 2828 retorquendam
2519 2774 2642 2817 esse
2686 2760 2739 2815 in
2772 2760 3123 2829 Garnerium,
3158 2764 3306 2834 quod
3341 2765 3390 2821 is

137 2846 238 2899 quae
259 2835 409 2889 unica
436 2836 487 2889 in
523 2853 591 2892 se
620 2839 1021 2908 complectitur,
1044 2842 1306 2912 quidquid
1343 2843 1619 2914 eleganter
1645 2856 1702 2903 et
1804 2848 2005 2905 Nostro
2050 2865 2334 2921 perperam
2373 2851 2616 2921 objecit;
2649 2868 2779 2908 nam
2814 2854 3050 2911 haeresin
3102 2864 3269 2911 totam
3306 2857 3389 2912 vi-

136 2924 354 2990 apposile
407 2926 473 2980 ad
510 2926 806 2983 litteralem
840 2929 1035 2985 horum
1060 2931 1324 2987 librorum
1350 2948 1572 2993 sensum
1599 2955 1700 2992 ex-
1804 2944 1933 3001 dere
1965 2942 2071 3001 sibi
2102 2943 2257 3001 visus
2285 2951 2390 3011 est,
2418 2945 2511 3000 ubi
2544 2946 2627 3000 vel
2656 2946 2884 3002 minima
2927 2947 3139 3017 species
3168 2949 3388 3004 umbra-

137 3012 419 3081 plicaudum
448 3017 559 3071 dici
596 3018 803 3074 debuit.
831 3019 940 3077 Nec
968 3024 1071 3077 alia
1099 3039 1127 3078 a
1156 3024 1357 3083 Nostro
1390 3030 1699 3098 exspectari
1802 3049 1910 3103 que
1954 3044 2289 3091 occurreret.
2333 3033 2705 3101 Meminerint,
2738 3012 3021 3113 rogamus,
3049 3047 3104 3093 et
3142 3039 3223 3093 vel
3243 3039 3389 3109 judi-

134 3115 422 3175 potueruut,
471 3108 751 3183 [591cum
809 3120 1145 3186 praeceptore
1188 3134 1326 3176 usus
1361 3121 1433 3176 sit
1458 3121 1700 3192 Chryso-
1803 3135 1949 3192 ecnt,
1988 3127 2070 3182 vel
2116 3128 2457 3198 suspendant
2487 3128 2782 3199 judicium,
2815 3108 2991 3187 donec
3016 3146 3158 3187 novo
3188 3108 3392 3201 iniqui-

136 3208 307 3268 stomo,
335 3210 389 3256 et
414 3201 718 3260 Theodoro
755 3205 1170 3276 Mopsuestcno,
1199 3211 1294 3281 qni
1346 3214 1619 3283 posterior
1643 3215 1697 3270 in
1725 3258 1770 3315 ο
1806 3219 1932 3275 tatis
1960 3218 2165 3277 indicio
2189 3221 2366 3291 magis
2397 3231 2605 3279 motam
2632 3237 2758 3279 esse
2791 3222 2954 3280 bilem
2985 3224 3246 3279 sentiant.
3283 3223 3389 3279 Sed

136 3294 448 3362 explicandis
470 3294 536 3351 N.
572 3295 636 3350 Τ.
659 3298 815 3357 libris
850 3299 1060 3355 felicior
1090 3301 1265 3360 fuisse
1295 3304 1499 3362 dicitur
1528 3322 1694 3377 quam
1726 3294 1770 3315 υ
1804 3325 1927 3364 cum
1977 3308 2047 3365 ad
2088 3309 2195 3364 alia
2229 3324 2375 3366 nunc
2405 3311 2809 3382 properandum
2864 3311 2957 3378 sit,
3008 3314 3112 3368 hoc
3162 3313 3387 3368 unicum

134 3383 179 3438 in
227 3391 519 3445 scrutando
575 3405 742 3449 sensu
778 3392 1051 3451 librorum
1090 3394 1151 3450 ν.
1192 3394 1255 3451 Τ.
1292 3397 1371 3453 Ad
1405 3409 1699 3471 utrumque
1800 3401 2076 3463 addimus.
2125 3400 2381 3458 Gnaeum
2428 3402 2591 3471 hujus
2645 3402 2772 3459 libri
2823 3410 3030 3460 textum
3086 3403 3389 3459 Sirmondo

135 3482 375 3547 pertinere
418 3485 709 3550 videntur,
739 3502 863 3556 quae
894 3486 1091 3544 Noster
1128 3490 1180 3544 in
1212 3491 1404 3547 limine
1439 3493 1697 3550 Prommii
1803 3494 2011 3559 deberi,
2051 3492 2145 3563 qui
2174 3493 2389 3563 primus
2418 3494 2569 3550 illum
2612 3509 2643 3551 e
2664 3494 2962 3551 Codicibus
2990 3495 3110 3551 orbi
3143 3495 3387 3551 litterato

135 3572 260 3628 haud
297 3576 477 3632 minus
508 3579 764 3634 modeste
798 3595 963 3650 quam
999 3582 1301 3638 bonoritiee
1335 3588 1567 3652 monuit,
1602 3604 1696 3643 ve-
1800 3585 1972 3651 delit,
2021 3584 2207 3641 addita
2234 3584 2457 3655 quidem
2509 3585 2706 3641 Latina
2740 3584 2964 3641 Herveti
2993 3587 3269 3653 versione,
3291 3585 3389 3642 sed

135 3668 335 3724 rendum
374 3686 522 3735 esse,
590 3686 659 3729 ne
705 3673 836 3739 sint,
870 3689 899 3728 a
927 3676 1128 3743 quibus
1175 3681 1502 3735 temeritatis
1532 3696 1698 3737 aecu-
1801 3677 1986 3732 minus
2005 3685 2167 3733 caute
2199 3676 2467 3743 adbibilas
2497 3677 2645 3748 (ἰυοά
2679 3677 2820 3733 bene
2851 3676 3067 3733 πηοηυίι
3102 3676 3264 3732 mel“
3299 3675 3418 3733 Si"

136 3770 281 3825 setnr,
310 3766 448 3834 quod
482 3775 613 3834 post
636 3766 776 3820 hunc
813 3776 863 3822 et
892 3767 1047 3822 illum
1087 3771 1178 3840 qui
1215 3772 1379 3826 totius
1411 3773 1554 3828 orbis
1588 3776 1696 3829 sint
1800 3784 1953 3824 mon.
1979 3768 2016 3821 l.
2057 3782 2109 3822 e.
2142 3782 2199 3837 ι).
2230 3766 2354 3823 186.

135 3850 328 3917 lumina,
366 3857 575 3912 audeat
615 3858 684 3912 ad
736 3858 1170 3928 apostolicorum
1226 3864 1559 3933 scriptorum
1609 3867 1695 3922 in-
1875 3862 2129 3917 Historia:
2156 3862 2531 3918 ecclesiasticas
2565 3860 2687 3916 libri
2745 3869 2872 3917 sunt
2924 3861 3192 3932 quinque,
3243 3874 3388 3929 quos

137 3950 556 4015 terprctationcm
592 3953 871 4007 accedere.
901 3952 941 4005 E
991 3956 1266 4013 veteribus
1303 3959 1458 4014 solus
1480 3970 1565 4016 est
1598 3962 1685 4016 Ni-

1839 3953 2181 4009 'heodoretus
2214 3970 2322 4008 non
2354 3951 2554 4009 minori
2586 3966 2713 4009 cum
2741 3951 2903 4007 laude
2927 3967 3092 4020 quam
3122 3951 3387 4019 elegantia

136 4038 395 4106 cephorus,
419 4042 517 4112 qui
549 4042 590 4095 l.
623 4056 676 4096 c.
699 4042 901 4112 egregii
924 4043 1092 4113 hujus
1128 4047 1322 4118 scripti
1362 4050 1694 4105 mentionem
1798 4062 1867 4102 eo
1903 4045 2141 4101 consilio
2165 4044 2499 4114 composuit,
2528 4051 2588 4096 ut
2619 4041 2839 4096 Eusebii
2870 4041 3228 4098 Caesariensis
3258 4057 3390 4111 supw

138 4128 328 4196 injecit:
354 4133 471 4202 ipse
501 4146 640 4187 vero
670 4141 863 4188 auctor
895 4143 1009 4193 tum
1044 4136 1099 4191 in
1132 4135 1393 4208 Epistolis
1419 4140 1537 4196 suis
1569 4157 1698 4211 pas-
1799 4136 1973 4205 ploret
2049 4135 2371 4191 Historiam.
2438 4131 2660 4187 Initium
2716 4130 2904 4199 itaque
2957 4129 3081 4186 ferit
3153 4132 3222 4187 ab
3283 4134 3391 4191 illis

138 4220 241 4287 sim,
269 4232 377 4278 tum
421 4223 735 4294 quaestione
773 4226 948 4295 prima
993 4227 1046 4281 in
1094 4226 1397 4287 Leviticum
1433 4232 1555 4302 ejus
1582 4247 1698 4288 me-
1799 4227 2160 4299 temporibus,
2229 4240 2352 4295 qua:
2416 4224 2661 4281 ultimam
2724 4223 3070 4280 conStituunt
3135 4224 3391 4281 Historia)

139 4316 286 4370 minit.
311 4315 565 4374 Dubitari
596 4317 782 4388 itaque
809 4333 918 4373 non
939 4328 1136 4390 potest,
1163 4321 1366 4378 librum
1385 4324 1553 4379 istum
1571 4324 1698 4396 jure
1798 4320 2121 4377 Eusebianaa
2148 4318 2458 4390 periodum,
2505 4326 2558 4372 et
2607 4330 2935 4388 progressus
2982 4326 3069 4373 est
3098 4334 3271 4387 usoue
3319 4319 3389 4383 ad

138 4408 191 4460 ad
217 4406 463 4466 Nostrum
513 4407 893 4481 referrizquo
920 4423 1102 4468 autem
1137 4429 1282 4471 anno
1326 4415 1567 4486 scriptus
1600 4419 1693 4484 sit,
1798 4414 1963 4470 linem
2016 4412 2235 4484 imperii
2282 4409 2579 4467 Theodosii
2635 4408 2901 4465 Juuioris.
2956 4409 3071 4483 [41]
3130 4409 3389 4469 Emulos

140 4500 296 4558 nllllﬂs
339 4514 555 4559 certum
609 4502 843 4559 videtur.
893 4504 1198 4563 Dolendum
1253 4517 1357 4573 est,
1402 4518 1694 4582 utramque
1798 4507 1992 4563 habuit
2042 4504 2325 4561 Socratem
2371 4512 2536 4574 atque
2587 4503 2992 4569 Sozomenum,
3050 4504 3147 4573 qui
3193 4504 3389 4561 eodem

140 4593 260 4648 illam
309 4598 625 4667 epistolam,
665 4611 789 4667 quae
831 4597 972 4656 inter
999 4602 1244 4673 reliquas
1277 4601 1574 4673 Scriptnris
1599 4622 1700 4662 no-
1732 4614 1776 4670 υ
1803 4598 2039 4654 consilio
2072 4607 2205 4653 tunc
2235 4595 2497 4667 temporis
2525 4596 2591 4651 ad
2626 4593 2925 4651 Historiam
2960 4594 3392 4658 ecclesiasticam

138 4688 218 4739 διτὶ
250 4687 449 4744 litteras
479 4702 682 4759 agmen
730 4688 903 4756 ducit,
938 4707 1047 4748 non
1083 4693 1217 4749 satis
1246 4694 1563 4750 distinctam
1596 4696 1698 4751 ha-
1802 4688 2236 4760 componendam
2277 4687 2526 4743 animum
2570 4685 2930 4756 adjecerunt.
2981 4685 3151 4743 malta
3203 4693 3391 4748 tamen.

137 4775 242 4833 lure
273 4781 535 4850 temporis
576 4785 787 4846 notam,
816 4797 942 4852 qua:
970 4786 1015 4840 si
1037 4784 1199 4840 nobis
1214 4796 1551 4857 suppeteret,
1579 4790 1701 4843 nul-
1804 4782 2019 4847 NOSlTO.
2055 4794 2180 4850 qua
2210 4779 2329 4836 Si"
2365 4778 2645 4849 suppleret
2673 4778 2791 4835 δίνθ
2819 4778 3140 4850 θοιτίϐθνθιν
3173 4778 3386 4849 reliqua

137 4867 207 4923 lus
247 4873 634 4928 controversiae
689 4874 1093 4945 relinqueretur
1130 4877 1307 4933 locus.
1358 4876 1505 4934 Misit
1550 4882 1685 4934 enim

1835 4882 2069 4930 :cerunt.
2104 4873 2184 4928 lta
2214 4872 2435 4943 quidem
2471 4871 2668 4927 statuit
2691 4870 2923 4928 Pbotius
2957 4873 3123 4942 (cod.
3165 4873 3257 4939 51)
3291 4871 3383 4942 qui

138 4962 289 5020 amico
317 4966 416 5033 illi,
459 4969 530 5023 ad
557 4984 723 5039 quem
764 4969 970 5025 directa
1000 4977 1088 5024 est
1109 4970 1340 5039 epistola
1373 4972 1574 5042 prima,
1598 4975 1686 5030 hos

1840 4981 1910 5021 on
1956 4965 2120 5022 modo
2157 4965 2373 5022 dicendi
2406 4979 2578 5035 genus
2612 4964 3254 5033 bistorim'aptissimum,
3288 4965 3385 5030 sed

140 5066 249 5108 suos
286 5057 338 5110 in
397 5061 737 5129 apostolicas
790 5059 1057 5129 epistolas
1102 5057 1571 5127 Commentarios,
1607 5078 1698 5117 πιο-
1797 5059 1960 5115 etiam
1995 5058 2300 5114 ubertatem
2351 5072 2538 5113 rerum
2582 5072 2613 5111 a
2643 5054 2844 5112 Nostro
2877 5066 3257 5111 enarratarum
3303 5055 3387 5110 όὶη

139 5156 270 5209 gaus,
303 5157 360 5203 ut
391 5156 637 5204 mentem
664 5149 732 5205 de
762 5149 885 5205 istis
916 5150 1087 5205 libere
1130 5150 1391 5219 aperiret.
1427 5152 1696 5208 Praeterea
1798 5154 1923 5224 guis
1955 5153 2168 5209 extollit
2200 5152 2481 5219 laudibus,
2507 5167 2743 5222 euntque
2774 5151 3024 5216 Socrati,
3074 5151 3387 5206 Sozomeno

138 5233 181 5286 in
205 5239 309 5293 suis
334 5241 399 5295 ad
428 5240 733 5297 Eusebium
760 5241 1116 5314 Ancyranum
1141 5252 1195 5296 et
1227 5241 1465 5298 Leonem
1493 5243 1698 5299 Roma-
1799 5260 1865 5300 ac
1899 5244 2130 5316 Evagrio
2160 5244 2320 5317 longe
2361 5243 2803 5314 anteponendum
2835 5254 2961 5297 esse
2983 5243 3216 5311 judicat.
3263 5241 3386 5305 Non

140 5343 306 5384 norum
353 5335 679 5404 epist-opum
714 5334 910 5391 litteris
949 5334 1134 5406 (epist.
1167 5335 1238 5390 8i
1271 5346 1327 5391 et
1374 5337 1503 5407 115)
1531 5338 1695 5407 hujus
1798 5339 1976 5408 potuit
2009 5347 2192 5394 tamen
2222 5335 2543 5408 peritissimi
2575 5336 2631 5390 in
2667 5336 2753 5390 his
2783 5335 2951 5390 rebus
2970 5334 3163 5389 arbitri
3190 5335 3383 5390 oculos

139 5434 272 5490 atque
318 5443 379 5482 ac
425 5429 690 5489 aliorum,
721 5427 819 5497 qui
867 5442 934 5483 eo
962 5437 1203 5498 tempore
1233 5427 1346 5498 jam
1374 5431 1693 5498 exstabant,
1798 5425 2035 5495 eﬂ’ugere
2063 5426 2235 5482 nimia
2271 5426 2361 5482 illa
2392 5426 2448 5480 in
2480 5423 2818 5494 metaphoris
2847 5423 3096 5490 audacia,
3135 5439 3259 5494 quae
3279 5422 3383 5477 etsi

141 5509 374 5571 librorum
403 5520 664 5574 meminit
696 5520 942 5591 quidem,
981 5520 1073 5577 sed
1107 5521 1270 5578 nimis
1296 5537 1469 5593 vage:
1500 5538 1694 5578 recen-
1797 5533 1905 5574 non
1940 5519 2167 5574 omnino
2213 5520 2454 5589 delendi,
2510 5531 2691 5576 tamen
2743 5521 2906 5593 genio
2960 5523 3145 5593 populi
3189 5531 3245 5578 et
3298 5536 3385 5575 re-

138 5614 207 5659 set
244 5609 380 5662 enim
427 5612 633 5681 scripta
695 5614 880 5666 omnia
921 5628 1044 5682 qua:
1078 5622 1192 5668 tum
1249 5622 1377 5668 ante
1418 5616 1689 5684 synodum
1797 5609 1976 5678 gionis
2007 5611 2061 5665 in
2097 5626 2204 5681 qua
2238 5612 2394 5680 vixit,
2429 5612 2684 5669 excusari
2717 5614 3128 5684 quodammodo
3160 5613 3379 5684 poterit.

139 5694 460 5769 Ephesinam,
492 5712 607 5757 tum
641 5704 837 5774 primis
868 5713 990 5774 post
1022 5706 1168 5760 illam
1209 5686 1501 5785 duodecim
1531 5708 1687 5763 annis

1834 5703 1903 5756 .lix
1958 5718 2113 5768 vero,
2166 5718 2234 5759 ne
2280 5705 2412 5775 quid
2468 5704 2822 5761 dissimulare
2873 5705 3199 5772 videamur,
3253 5713 3382 5760 sunt

140 5801 523 5859 composuerat.
554 5792 610 5848 In
658 5794 852 5865 primis
900 5795 954 5848 in
989 5795 1284 5865 posteriori
1311 5796 1433 5850 loco
1454 5795 1691 5852 obscura
1796 5796 1932 5850 mcvi
1969 5795 2135 5865 hujus
2169 5796 2317 5863 libri,
2350 5812 2493 5868 quos
2521 5796 2606 5852 vel
2641 5808 3035 5854 recensuerunt
3067 5799 3151 5852 vel
3188 5813 3377 5853 emen-

142 5888 210 5939 εει
234 5887 490 5961 temporis
524 5894 673 5953 nota,
704 5886 833 5964 quia
854 5887 1181 5961 generaliori
1212 5888 1477 5946 librorum
1523 5889 1688 5948 indici
1795 5889 2061 5942 davcrunt
2084 5887 2371 5954 Baronius,
2400 5886 2669 5958 Dupiuius
2689 5927 2703 5955 ,
2734 5887 3000 5955 Valesius,
3020 5896 3074 5943 et
3105 5887 3380 5943 centuria-
