3920 6316
495 488 565 551 59
1437 484 1536 543 DE
1561 485 1735 545 VlTA
1780 485 1874 544 ET
1923 480 2260 542 SCIllPTiS
2312 478 2797 539 TllEODORETI
3672 471 3742 536 60

497 611 645 655 tores
683 596 1103 669 Blagdeburgici,
1147 611 1214 651 ne
1266 595 1395 666 quid
1428 597 1494 653 de
1530 595 1777 651 Garnerii
1809 597 1978 651 nimia
2015 597 2071 650 in
2104 603 2142 653 Α
2178 591 2519 656 Nestorium;
2573 590 2709 643 alios
2753 585 2983 643 Nestorii
3023 586 3229 642 amicos
3277 585 3332 641 in
3377 587 3503 641 aliis
3543 586 3740 641 adum-

496 689 758 759 seriptore
778 697 964 741 nostro
987 685 1303 756 castigando
1333 687 1609 756 diligentia
1641 702 1782 741 nunc
1804 687 2068 743 dicamus.

498 780 574 833 De
628 792 858 831 numero
909 777 1103 830 horum
1138 775 1393 831 Historia:
1421 777 1786 832 ecclesiasticae
1815 778 2071 832 librorum

498 869 885 923 dubitationem
938 867 1212 923 nonnullis
1252 864 1783 936 injecitGennadius,
1810 869 1901 938 qui
1926 884 1976 924 c.
2004 858 2093 925 89w

496 958 615 1010 libri
642 956 712 1010 De
736 958 863 1010 viris
883 955 1180 1009 illustribus
1212 955 1398 1020 refert,
1429 954 1682 1011 Nostrum
1703 956 1887 1010 decem
1911 956 2072 1024 hujus

498 1047 803 1119 argumenti
860 1048 1028 1102 libros
1079 1048 1479 1117 composuisse.
1543 1046 1744 1101 Unicus
1803 1047 1894 1116 qui
1947 1047 2072 1102 huic

498 1137 803 1192 narratioai
839 1136 1019 1191 favere
1052 1137 1289 1202 videtur,
1347 1145 1433 1192 est
1478 1134 1646 1191 Gerb.
1673 1135 1923 1203 Vossius,
1955 1138 2067 1205 qui,

497 1245 624 1283 eum
680 1230 746 1282 de
802 1228 1078 1282 historicis
1136 1227 1341 1283 Graecis
1396 1228 1717 1292 dissereret,
1778 1228 2072 1282 lectoribus

500 1316 832 1387 persuadere
867 1316 1060 1381 voluit,
1115 1317 1386 1387 duplicem
1417 1316 1547 1371 olim
1578 1317 1852 1371 exstitisse
1882 1314 2069 1369 Histo-

500 1409 594 1460 riw
627 1406 1001 1460 ecclesiasticw
1030 1404 1356 1461 Theodoreti
1391 1407 1706 1470 editionem,
1755 1422 1917 1461 unam
1947 1420 2070 1475 quae

500 1511 607 1549 non
640 1495 745 1550 nisi
778 1511 870 1548 sex
922 1495 1155 1564 priores,
1206 1494 1432 1548 alteram
1486 1508 1613 1547 vero
1661 1508 1783 1563 qua:
1828 1492 2069 1562 quinque

500 1587 834 1657 posteriores
867 1586 1149 1655 complexa
1181 1586 1254 1641 sit
1300 1586 1487 1650 libros,
1534 1586 1735 1655 quibus
1773 1583 2066 1639 Historiam

501 1694 675 1748 usque
715 1680 781 1733 ad
808 1677 1008 1733 Leonis
1044 1678 1389 1746 imperatoris
1434 1685 1676 1746 tempora
1711 1675 2065 1746 suppleverit.

501 1769 609 1824 Sed
662 1770 811 1824 nulla
840 1771 1064 1824 omnino
1102 1771 1234 1824 lides
1279 1770 1508 1824 debetur
1551 1770 1677 1823 huic
1726 1767 1942 1834 fabulae,
1979 1767 2067 1823 cui

502 1874 610 1912 non
645 1860 804 1912 modo
836 1857 1033 1925 l’hotii,
1068 1858 1384 1928 Nicephori,
1429 1857 1744 1913 Cassiodori
1771 1866 1827 1912 et
1851 1857 2065 1927 Evagrii

2175 684 2361 738 bratos
2385 697 2525 737 esse.
2573 681 2780 747 Quarto
2811 679 3047 749 denique
3084 677 3344 750 Cyrillum
3381 688 3436 732 et
3485 677 3738 732 Proclum

2174 775 2227 828 in
2285 775 2374 839 iis,
2412 772 2504 844 qui
2552 770 2845 827 Diodorum
2904 770 3227 828 Tarsensem
3281 779 3336 824 et
3395 768 3739 823 Theodorum

2172 866 2610 934 Mopsuestenum
2663 864 2808 918 velut
2860 863 3143 917 haereticos
3208 861 3425 931 scriptis
3472 860 3743 929 factisque

2173 958 2560 1022 traduxissent,
2595 956 2754 1010 tacite
2790 971 2934 1008 nunc
2957 953 3149 1019 refelli,
3185 969 3308 1008 cum
3341 966 3568 1022 uterque
3594 953 3744 1005 velut

2175 1044 2294 1098 lidci
2343 1043 2596 1099 defensor
2645 1042 2937 1097 inducitur.
2983 1061 3000 1094 ι
3056 1042 3208 1096 Itane
3244 1043 3462 1112 ingenio
3509 1042 3742 1094 abuten-

2170 1131 2297 1185 dum
2329 1141 2450 1185 erat
2479 1172 2493 1196 ,
2541 1140 2618 1196 ut,
2647 1146 2974 1201 quacunque
3021 1130 3134 1184 fieri
3166 1138 3347 1199 posset
3388 1128 3612 1190 ratione,
3649 1143 3745 1181 su-

2172 1233 2357 1291 .spccta
2398 1224 2713 1277 redderetur
2770 1223 2870 1277 viri
2916 1221 3044 1276 boni
3091 1219 3410 1291 integritas?
3451 1219 3554 1273 Sed
3608 1218 3742 1287 quid

2172 1312 2378 1365 multa?
2411 1309 2487 1362 Ex
2534 1310 2913 1379 superioribus
2963 1309 3073 1378 jam
3126 1310 3258 1363 satis
3302 1319 3553 1362 constare
3595 1308 3742 1360 arbi-

2173 1414 2403 1460 tramur.
2437 1416 2598 1470 quam
2634 1401 2867 1470 injurius
2910 1402 2964 1455 in
3000 1400 3399 1455 Theodoretum
3433 1399 3503 1453 sit
3531 1398 3744 1453 Garnc-

2170 1494 2305 1546 rius.
2340 1491 2499 1545 Plura
2527 1492 2618 1562 qui
2652 1493 2821 1561 cupit,
2856 1493 2997 1562 legat
3026 1490 3263 1561 Ittigium
3293 1492 3359 1545 de
3391 1490 3743 1543 Bibliothecis

2168 1597 2220 1636 et
2248 1582 2471 1637 Catenis
2505 1580 2755 1647 Patrum,
2807 1598 2860 1652 p.
2892 1582 3028 1645 729,
3079 1592 3133 1636 et
3167 1579 3409 1651 ejusdem
3455 1578 3741 1633 Praefatio-

2172 1692 2289 1727 netu
2340 1673 2407 1727 ad
2453 1673 2708 1728 Historiis
2756 1672 3122 1727 ecclesiastica:
3190 1673 3373 1727 saeculi
3443 1688 3478 1725 Il
3528 1671 3736 1740 capita,

2172 1783 2221 1834 ρ.
2264 1765 2297 1819 8
2328 1781 2443 1835 seq.
2502 1765 2698 1819 Parum
2732 1766 3026 1835 :equiorem
3059 1781 3116 1820 se
3165 1766 3394 1835 praebuit
3438 1764 3740 1819 Garnerius

2169 1851 2384 1905 erudito
2412 1852 2655 1907 Cousino
2673 1853 2763 1921 qui
2794 1852 3093 1906 Historiam
3120 1853 3532 1907 ecclesiasticam
3563 1852 3745 1907 Theo-

501 1951 679 2005 obstat
731 1952 1065 2017 auctoritas,
1111 1951 1206 2006 sed
1256 1950 1428 2020 ipsius
1479 1965 1697 2019 quoque
1740 1949 2062 2003 Theodoreti
2096 1937 2136 1991 Β
2170 1945 2343 1999 doreti
2394 1945 2445 1998 in
2495 1944 2756 1999 Gallicam
2802 1946 3038 2015 linguam
3076 1946 3375 2012 transtulit,
3428 1962 3527 2000 nec
3558 1947 3742 2000 minus

504 2041 679 2096 nostri
713 2040 1108 2107 testimonium,
1135 2041 1282 2111 quod
1312 2050 1489 2095 exstat
1512 2040 1566 2093 in
1600 2041 1705 2093 line
1738 2039 1857 2093 libri
1892 2038 2066 2092 ultimi

500 2149 596 2191 seu
621 2133 815 2201 quinti.
843 2151 861 2182 ι
897 2132 1011 2202 Ego
1042 2148 1187 2196 vero,
1221 2133 1416 2202 inquit,
1468 2132 1707 2185 historia:
1752 2128 1866 2202 με]
1906 2130 2067 2184 finem

503 2222 592 2275 hic
617 2220 844 2288 faciens,
876 2221 1106 2276 lectores
1135 2236 1287 2291 rogo,
1315 2230 1372 2274 ut
1400 2220 1650 2290 precibus
1673 2222 1790 2275 suis
1824 2221 2061 2274 laborem

503 2319 753 2364 nostrum
807 2320 1180 2381 compensent.
1220 2311 1473 2380 Quinque
1526 2321 1704 2364 autem
1745 2320 1798 2364 et
1846 2317 2060 2364 centum

498 2417 769 2456 annorum
824 2411 1038 2472 tempus
1092 2403 1207 2457 h'ec
1258 2401 1498 2457 Historia
1547 2403 1947 2471 complectitur,
1996 2403 2065 2456 ab

497 2491 611 2543 Arii
647 2493 867 2545 vesania
916 2493 1206 2561 incipiens,
1250 2501 1304 2546 et
1337 2507 1459 2545 eum
1492 2492 1642 2545 obitu
1675 2490 1833 2544 laude
1871 2490 2068 2559 digno-

501 2597 620 2635 rum
653 2582 893 2635 virorum
924 2581 1196 2636 Theodori
1233 2583 1345 2652 (sc.
1373 2579 1775 2650 Mopsuesteni)
1808 2588 1864 2634 et
1888 2580 2067 2634 Theo-

498 2672 608 2727 doti
649 2673 1054 2743 (Antiocheui)
1089 2673 1365 2728 desinens.
1414 2690 1433 2723 ι
1482 2671 1549 2726 Ει
1601 2673 1646 2727 si
1696 2672 1782 2727 vel
1833 2670 2067 2726 maxime

500 2766 648 2819 ﬁlum
699 2764 951 2820 llistoriae
1000 2764 1261 2820 voluisset
1310 2765 1587 2835 prosequi,
1631 2773 1814 2819 tamen
1854 2778 2068 2818 summa

498 2856 600 2910 viri
630 2856 923 2926 prudentia
953 2870 1016 2911 ac
1048 2856 1334 2921 modestia,
1368 2871 1532 2925 quam
1562 2864 1621 2908 ut
1653 2869 1753 2924 par
1778 2862 1864 2909 est
1892 2854 2069 2910 admi-

497 2948 602 3002 rati
642 2958 772 3002 suut
804 2946 1051 3003 Valesius
1090 2957 1142 3001 et
1174 2946 1482 3003 Beausobre
1507 2946 1654 3001 Hist.
1691 2946 1926 3000 Manich.
1953 2955 1991 3001 t.
2024 2949 2066 3013 l,

500 3055 553 3108 p.
592 3038 718 3103 226,
775 3054 881 3093 non
934 3039 1296 3109 permisisset,
1342 3045 1408 3094 ut
1454 3047 1699 3109 tempora
1751 3040 1854 3095 ista
1904 3039 2069 3094 attin-

499 3139 667 3201 geret,
704 3129 760 3184 in
804 3145 927 3199 qua:
960 3129 1149 3183 incidit
1181 3128 1449 3185 invidiosa
1476 3128 1810 3186 Nestorianae
1841 3138 2063 3185 contro-

2169 2036 2381 2091 cximia:
2410 2036 2581 2091 laudis
2615 2038 2752 2104 viro,
2785 2036 2951 2092 lleur.
2995 2036 3233 2105 Valesio,
3277 2039 3369 2107 qui
3419 2039 3605 2093 multis
3638 2056 3741 2092 no-

2172 2127 2408 2182 minibus
2438 2126 2505 2182 dc
2534 2127 2734 2181 Nostro
2763 2143 2916 2197 teque
2946 2144 3009 2182 ac
3038 2128 3105 2182 de
3135 2128 3256 2182 aliis
3288 2128 3534 2182 Historiae
3563 2130 3743 2183 eccle-

2169 2218 2401 2273 siastica:
2451 2219 2814 2288 scriptoribus
2872 2217 3206 2288 conjunc1im
3259 2219 3455 2283 editis,
3506 2222 3740 2286 meruit,

2175 2310 2332 2376 cujus
2366 2308 2660 2363 novissima
2696 2308 2863 2362 editio
2911 2309 3166 2377 Augustae
3205 2307 3571 2363 Taurinorum
3607 2324 3738 2363 ann.

2172 2397 2329 2459 1748,
2383 2397 2602 2466 prodiit,
2656 2396 2842 2451 multis
2883 2395 3220 2450 eruditorum
3265 2395 3741 2450 observationibus

2168 2498 2222 2543 et
2273 2488 2607 2541 variantibus
2663 2486 2988 2541 lectionibus
3035 2485 3261 2540 editioni
3303 2484 3739 2557 Cantabrigiensi

2171 2581 2318 2637 Guil.
2357 2580 2603 2652 Reading
2642 2581 2901 2651 aspersis,
2934 2580 3280 2651 locupletata.

2235 2669 2519 2725 Breviores
2548 2670 2751 2725 erimus
2768 2670 2821 2725 in
2849 2670 3178 2725 recensenda
3202 2669 3439 2723 Historia
3464 2669 3737 2740 religiosa,

2166 2777 2287 2831 qute
2315 2762 2633 2817 inscribitur
2659 2761 2904 2831 φιλόθεος
2947 2762 3156 2831 ἱστορία
3199 2762 3232 2832 ἢ
3280 2760 3555 2832 ἀσκητικὴ
3586 2762 3742 2815 πολι-

2165 2852 2305 2906 τεία.
2344 2851 2518 2907 Minor
2545 2861 2632 2908 est
2666 2851 2898 2915 utilitas,
2930 2867 3051 2921 qua:
3081 2866 3113 2906 e
3143 2852 3379 2906 lectione
3423 2850 3591 2921 hujus
3617 2851 3741 2905 libri

2166 2945 2482 3015 percipitur,
2516 2954 2703 3014 utpote
2727 2944 2819 3015 qui
2850 2952 3045 3014 praeter
3074 2946 3394 3000 Ascetarum
3430 2944 3570 2999 vitas
3602 2944 3736 2998 nihil

2165 3038 2404 3092 continet
2434 3036 2533 3107 (a),
2567 3037 2755 3107 sicque
2786 3038 3040 3094 curiosos
3072 3038 3245 3108 magis
3284 3052 3447 3107 quam
3483 3036 3738 3091 discendi

2167 3130 2395 3200 cupidos
2424 3130 2657 3185 lectores
2701 3130 2897 3199 poscit.
2949 3129 3252 3199 Singularia
3301 3129 3521 3199 quidem
3576 3137 3743 3191 sunt,

501 3221 693 3277 versiae
739 3221 987 3277 historia.
1038 3220 1363 3293 Magnopere
1405 3221 1552 3277 enim
1597 3230 1844 3290 erraret,
1895 3223 1986 3293 qui
2032 3237 2064 3278 e
2090 3262 2136 3319 ο
2167 3235 2289 3291 quae
2313 3221 2366 3274 in
2399 3221 2501 3274 hoc
2530 3219 2669 3274 libro
2690 3228 3020 3285 narrantur;
3051 3218 3314 3272 nollemus
3335 3227 3512 3271 tamen
3540 3215 3746 3279 dicere,

500 3313 739 3377 silentio,
789 3326 899 3381 quo
945 3310 1320 3366 Theodoretus
1368 3311 1490 3367 lites
1524 3310 1659 3366 istas
1691 3325 1939 3381 premere
1969 3325 2067 3367 vo-

497 3403 620 3468 luit,
654 3403 895 3469 inferret,
946 3418 1074 3458 eum
1104 3414 1229 3459 ante
1261 3402 1455 3474 synodi
1495 3401 1780 3473 Ephesium
1824 3412 2068 3473 tempora

501 3495 570 3550 ad
621 3494 910 3551 Historiam
980 3497 1121 3551 hanc
1188 3496 1530 3551 scribendam
1579 3496 1894 3552 accessisse.
1949 3496 2069 3564 Quo

501 3588 682 3643 minus
728 3589 872 3642 enim
920 3588 1034 3643 haec
1078 3587 1389 3657 conjectura
1417 3603 1476 3643 se
1516 3587 1655 3643 tueri
1686 3588 1891 3657 possit,
1964 3587 2068 3642 im-

469 3680 725 3749 ‘liediunt
788 3695 908 3750 quae
971 3694 1001 3733 a
1058 3678 1257 3736 Nostro
1323 3680 1391 3735 de
1429 3679 1672 3750 reliquiis
1705 3679 1877 3734 sancti
1898 3678 2064 3750 Chry-

501 3772 727 3826 sostomi
786 3770 1317 3842 Constantinopolim
1360 3771 1572 3838 delatis,
1630 3781 1686 3827 et
1742 3771 1810 3826 de
1868 3771 2071 3841 pietate

502 3861 798 3918 Theodosii
834 3878 900 3918 ac
931 3878 1182 3919 sororum
1211 3862 1332 3933 ejus
1362 3871 1652 3917 narrantur
1684 3862 1777 3916 lib.
1812 3877 1866 3929 ν,
1896 3877 1947 3916 c.
1977 3860 2066 3916 '56.

498 3953 617 4010 Jam
642 3997 657 4023 ,
709 3970 833 4010 eum
875 3971 906 4010 e
952 3954 1195 4011 Socratis
1232 3954 1473 4012 Historia
1515 3963 1796 4026 appareat,
1837 3953 2071 4025 Chryso-

499 4049 665 4102 stomi
712 4064 911 4118 corpus
953 4047 1167 4104 decimo
1213 4056 1369 4105 sexto
1408 4046 1697 4103 Theodosii
1742 4047 2067 4114 consulatu,

501 4140 690 4210 sicque
721 4155 846 4196 ann.
874 4140 936 4196 C.
965 4140 1090 4203 438,
1122 4141 1172 4193 in
1204 4141 1392 4195 urbem
1424 4139 1625 4211 regiam
1655 4138 1892 4194 delatum
1924 4152 2064 4200 esse.

499 4231 725 4285 dubium
762 4245 870 4284 non
912 4239 1034 4295 est,
1076 4228 1334 4285 Nostrum
1385 4228 1680 4285 Historiam
1716 4244 1871 4285 suam
1907 4228 2068 4299 longo

497 4329 622 4390 post
649 4319 943 4375 concilium
982 4319 1317 4389 Ephesinum
1357 4317 1645 4372 intervallo
1671 4315 2063 4383 composuisse.

503 4411 630 4466 Sola
665 4411 848 4480 itaque
895 4410 999 4464 viri
1050 4409 1351 4464 moderatio
1409 4406 1611 4471 effecit,
1667 4413 1724 4459 ut
1779 4403 1846 4460 de
1878 4404 2066 4460 litibus

500 4501 707 4567 sileret,
739 4501 941 4571 quibus
982 4499 1302 4556 enarrandis
1334 4496 1570 4551 maxime
1598 4494 1828 4550 idoneus
1853 4493 2064 4556 fuisset,

2171 3325 2402 3367 censura
2445 3310 2583 3366 adeo
2620 3310 2845 3381 dignum
2877 3324 3000 3365 esse
3031 3308 3454 3372 Theodoretum,
3504 3316 3561 3360 ut
3590 3304 3747 3360 Frid.

2172 3401 2502 3471 Spanhemio
2533 3401 2768 3471 aliisque
2796 3400 2971 3456 visum
3000 3408 3104 3455 est.
3139 3399 3249 3454 Etsi
3280 3398 3424 3453 enim
3469 3398 3611 3452 inter
3641 3413 3749 3455 nos

2172 3493 2332 3550 fidem
2367 3495 2457 3549 vix
2491 3493 2798 3548 invenirent
2828 3493 2990 3562 hujus
3025 3491 3240 3561 generis
3285 3491 3565 3555 homines,
3600 3498 3750 3544 tem-

2168 3600 2361 3656 porum
2402 3594 2582 3640 tamen
2618 3583 2871 3638 habenda
2900 3581 3015 3655 [44]
3047 3593 3131 3637 est
3161 3582 3322 3636 ratio.
3356 3581 3529 3650 llujus
3556 3581 3748 3648 operis

2170 3685 2379 3747 partem
2410 3676 2701 3746 quamdam
2734 3674 3019 3728 constituit
3046 3673 3232 3728 Oratio
3275 3672 3388 3727 sive
3420 3672 3751 3726 Dissertatio

2167 3766 2233 3820 de
2261 3765 2549 3830 charitate,
2598 3779 2760 3834 quam
2795 3762 3124 3817 Sirmondus
3154 3761 3452 3831 Appendici
3480 3760 3745 3824 inseruit,

2168 3860 2444 3914 Hervetus
2468 3864 2646 3910 autem
2677 3855 2733 3909 in
2762 3853 3013 3909 versione
3035 3868 3133 3909 sua
3163 3851 3345 3907 Latina
3379 3851 3581 3906 rectius
3611 3850 3751 3905 huic

2168 3951 2307 4005 libro
2337 3945 2636 4017 subjunxit.

2235 4034 2406 4096 Multo
2461 4038 2723 4109 majorem
2774 4037 3066 4090 utilitatem
3106 4035 3263 4091 nobis
3309 4044 3566 4105 praestant
3607 4033 3753 4104 Epi-

2166 4134 2321 4188 stolae
2361 4112 2709 4196 Theodoreti,
2734 4144 2857 4197 quae
2884 4127 3195 4198 proximum
3223 4127 3364 4181 inter
3395 4125 3568 4196 Opera
3594 4126 3752 4183 illius

2166 4223 2345 4279 locum
2376 4229 2582 4285 tenent,
2634 4233 2806 4288 eoque
2839 4218 3117 4273 chariores
3156 4217 3316 4272 nobis
3354 4231 3475 4272 esse
3508 4217 3746 4283 debent,

2164 4329 2275 4384 quo
2343 4311 2602 4381 majorem
2668 4308 2908 4366 historia:
2971 4309 3252 4379 scriptoris
3322 4309 3495 4363 nostri
3554 4308 3745 4364 lucem

2165 4403 2485 4460 accendunt.
2541 4401 2780 4457 Numero
2820 4408 2949 4456 sunt
3003 4412 3224 4455 centum
3276 4408 3331 4454 et
3374 4400 3744 4470 quadraginta

2169 4503 2407 4566 septem,
2440 4509 2548 4549 una
2590 4501 2774 4548 autem
2820 4507 2943 4562 qua:
2989 4493 3192 4561 scripta
3235 4500 3320 4547 est
3359 4493 3426 4546 ad
3470 4489 3745 4547 Joannem

499 4592 548 4648 si
583 4593 703 4648 sine
730 4592 961 4648 aliorum
992 4591 1289 4646 offensione
1319 4587 1435 4643 tleri
1464 4586 1751 4656 potuisset.
1784 4584 1917 4652 Quae
1940 4598 2064 4640 cum
2098 4602 2143 4659 ο
2167 4586 2483 4656 episcopum
2509 4584 2889 4651 Germaniciaa,
2909 4584 3048 4654 apud
3072 4584 3443 4650 Sirmondum,
3469 4591 3622 4638 tomo
3645 4583 3743 4652 lll,

500 4687 574 4740 ila
611 4684 757 4749 sint,
805 4684 930 4754 quis
961 4697 1069 4738 non
1097 4681 1266 4747 videt,
1317 4678 1563 4748 iniquum
1597 4675 1778 4731 Nostri
1821 4674 2061 4747 iudicem

497 4793 618 4834 esse
651 4776 998 4842 Garnerium,
1027 4776 1186 4845 cujus
1217 4775 1335 4829 haec
1362 4783 1490 4830 sunt
1513 4770 1678 4826 verba
1708 4784 1763 4839 p.
1792 4767 1916 4834 192,
1942 4782 2059 4837 seq.

497 4870 762 4924 Auctarii.
803 4887 822 4920 ι
859 4868 1086 4938 Opinor,
1121 4867 1381 4936 primum.
1436 4864 1539 4919 hoc
1573 4876 1711 4932 opus
1735 4859 2063 4915 Theodoreti

498 4962 644 5016 aliud
674 4959 810 5015 nihil
836 4975 958 5015 esse
988 4955 1183 5030 bratter
1212 4956 1499 5013 historiam
1542 4954 1758 5010 Arianae
1793 4953 2064 5007 haereseos

496 5052 711 5120 (eadem
755 5051 866 5106 fere
914 5050 1047 5106 ibid.
1108 5048 1293 5119 p.19t
1345 5047 1609 5116 exstant),
1658 5045 1772 5099 sive
1800 5044 1852 5098 in
1884 5044 2060 5112 seipse

496 5142 612 5196 sive
653 5142 707 5195 in
742 5141 1053 5210 propagine.
1097 5138 1319 5204 Deinde,
1374 5137 1547 5206 ipsam
1575 5150 1642 5190 eo
1671 5134 1901 5190 consilio
1928 5135 2064 5189 scri-

496 5244 640 5304 ptam
696 5234 887 5300 fuisse,
929 5242 990 5288 ut
1038 5231 1456 5287 ostenderentur
1492 5227 1701 5293 fontes,
1748 5243 1814 5282 ex
1865 5227 2064 5297 quibus

497 5322 844 5379 Theodoreto
874 5324 1192 5378 viderentur
1221 5321 1326 5375 orti
1350 5333 1590 5383 errores,
1616 5331 1757 5387 quos
1777 5314 2064 5386 efﬁngebat

497 5413 815 5469 Catholicis.
876 5413 1081 5478 Tertio,
1124 5413 1176 5466 in
1212 5410 1457 5475 Arianis,
1492 5406 1605 5481 [45]
1639 5406 1858 5462 unionis
1895 5406 2063 5477 hypo-

499 5504 707 5559 staticae
738 5504 1089 5570 defensores;
1127 5503 1180 5557 in
1217 5500 1451 5558 Eusebio
1489 5496 1908 5558 Nicomediensi,
1958 5495 2061 5568 Cy-

494 5595 716 5665 rillum;
753 5595 805 5650 in
839 5595 1138 5649 Athanasio
1166 5602 1333 5664 atque
1358 5592 1519 5649 etiam
1551 5591 1604 5646 in
1641 5591 2054 5662 Chrysostomo.

2169 4680 2531 4745 desideratur,
2577 4694 2700 4736 cum
2748 4681 2927 4735 locum
2975 4689 3130 4734 nacta
3178 4678 3250 4733 sit
3296 4678 3350 4733 in
3401 4678 3741 4747 Appendice,

2169 4780 2208 4827 t.
2254 4770 2346 4838 Ν,
2398 4787 2450 4840 p.
2500 4769 2622 4824 702.
2673 4770 2847 4840 Supra
2883 4771 3209 4840 quingentas
3249 4770 3435 4825 Nostri
3472 4770 3747 4837 epistolas

2166 4863 2296 4932 legit
2354 4862 2484 4917 olim
2537 4860 2903 4932 Nicephorus,
2947 4862 3106 4932 cujus
3157 4862 3260 4917 tide
3308 4861 3352 4916 si
3396 4862 3495 4915 niti
3551 4860 3746 4930 liceat,

2173 4954 2464 5010 dolendum
2504 4956 2731 5010 omnino
2779 4963 2893 5022 est,
2934 4964 3138 5010 tantam
3174 4969 3361 5011 earum
3401 4964 3609 5024 partem
3640 4971 3749 5024 pe-

2166 5047 2347 5102 riisse.
2384 5046 2537 5101 lianc
2561 5046 2834 5117 jacturam
2873 5047 3055 5118 aliquo
3083 5049 3244 5103 modo
3274 5047 3540 5102 resarcire
3564 5047 3749 5105 voluit

2164 5133 2464 5190 Garnerius
2498 5145 2610 5190 tum
2649 5136 2907 5206 Epistolis
2936 5138 3047 5192 illis
3092 5153 3229 5206 quas
3280 5137 3347 5193 ad
3398 5137 3747 5206 locupletan-

2164 5227 2292 5282 dum
2355 5238 2558 5283 tomum
2625 5231 2843 5285 tertium
2906 5230 3158 5285 editionis
3218 5229 3615 5284 Sirmondiana:
3667 5230 3749 5288 ab

2167 5318 2325 5374 initio
2374 5318 2619 5375 Auctarii
2648 5320 2734 5376 sui
2777 5319 3060 5387 exhibuit,
3093 5331 3206 5376 tum
3251 5320 3633 5376 dissertatione
3664 5319 3744 5389 5,

2165 5410 2364 5465 ibidem
2416 5411 2641 5476 inserta,
2698 5427 2821 5482 quae
2853 5412 3171 5467 inscribitur
3206 5412 3279 5466 De
3311 5410 3624 5465 Theodoreti
3685 5424 3744 5467 et

2170 5494 2527 5551 Orientalium
2562 5515 2744 5552 causa.
2783 5497 2908 5553 llatc
2937 5509 3049 5553 tota
3096 5499 3429 5562 dissertatio,
3478 5512 3601 5567 qua:
3641 5512 3749 5552 ex-

2166 5586 2555 5657 spectationem
2606 5589 2902 5643 multorum
2949 5588 3171 5653 fefellit,
3220 5588 3354 5642 nihil
3398 5594 3593 5657 praeter
3636 5601 3745 5643 va-

565 5794 643 5859 (a)
695 5794 767 5849 Ex
811 5796 912 5849 hac
965 5804 1143 5849 tamen
1195 5795 1419 5849 historia
1469 5793 1619 5862 (cap.
1678 5789 1795 5858 l5),
1850 5798 1904 5844 et
1947 5805 2054 5845 non
2095 5788 2331 5855 aliunde,
2399 5804 2461 5847 ea
2520 5790 2846 5859 paucissima
2880 5789 3140 5845 habemus
3168 5803 3286 5856 qua:
3315 5789 3380 5842 de
3411 5785 3593 5855 seipse
3624 5795 3748 5842 tra-

494 5862 625 5920 didit
655 5864 1041 5921 'l‘heodurctus.
1079 5866 1230 5920 Eutr.
1274 5864 1442 5918 Pun.
