3928 6316
124 484 175 546 [.1
1432 478 1953 540 DISSERTATIO.

3253 471 3326 535 62

125 580 515 654 riorumPalrum
542 592 804 663 epistolas
838 590 1099 655 continet,
1124 590 1355 658 primum
1386 608 1414 641 ιι
1439 592 1641 645 Christ.
1674 588 1717 641 Α
1747 597 2061 660 episcopum
2110 590 2291 652 dedit,
2346 604 2465 659 qme
2513 588 2788 657 posterior
2840 586 2983 641 haud
3029 585 3322 641 obscurum

125 690 265 759 Lupo,
294 694 463 756 postea
486 701 517 739 a
557 685 747 753 Steph.
779 683 1004 738 Baluzio
1044 683 1098 735 in
1142 698 1281 736 nota
1313 683 1647 737 (Inllectione

124 782 431 837 conciliorum
481 778 586 832 sub
633 777 855 832 nomine
901 775 1156 848 Synodici
1208 776 1472 829 adversus
1512 774 1648 827 Tra-

124 873 315 943 gtediam
344 869 546 932 Irenzei,
575 868 773 923 editas.
805 866 935 922 Jure
963 876 1144 921 autem
1178 867 1482 931 dubitatur,
1516 881 1646 920 num

124 961 330 1032 genuina:
351 959 456 1012 sint
487 959 606 1012 istm
626 958 892 1026 cpistolze,
943 971 1080 1025 quas
1108 956 1410 1011 Garnerins
1438 955 1649 1012 Nostro

124 1051 354 1105 vindicare
388 1048 575 1103 voluit.
615 1048 767 1101 Adeo
814 1047 958 1101 enim
994 1045 1209 1100 fervore
1255 1061 1357 1101 suo
1392 1047 1649 1115 abreptus

123 1153 203 1204 est,
240 1152 285 1195 nt
318 1140 470 1194 etiam
513 1139 621 1193 illis
657 1138 813 1191 lialem
856 1137 1096 1201 dederit,
1146 1152 1268 1205 quas
1300 1136 1648 1206 apertissima

122 1232 296 1295 νοθείας
358 1231 549 1285 habcm
602 1229 826 1294 indicia,
883 1228 1060 1297 qualis
1110 1236 1193 1281 est
1237 1227 1323 1280 illa
1365 1243 1524 1295 quam
1585 1228 1651 1279 de

124 1325 245 1378 obitu
276 1323 447 1393 Cyrilli
489 1320 557 1374 ad
605 1319 870 1374 Joannem
913 1318 1312 1374 Antiocltenum
1365 1317 1652 1387 scripsisse

122 1417 305 1479 dicitur,
358 1413 420 1467 de
459 1428 565 1483 qua
614 1411 727 1481 jam
776 1411 884 1465 alio
933 1411 1054 1465 loco
1096 1409 1510 1479 diSpntavimus.
1546 1410 1653 1464 Nec

124 1509 275 1561 multis
321 1508 619 1576 urgendum
671 1505 801 1571 erit,
853 1507 998 1574 quod
1044 1504 1156 1575 jam
1211 1519 1273 1558 ex
1318 1502 1549 1563 Leontio
1572 1502 1660 1557 Al-

124 1598 228 1652 Ialio
320 1598 369 1652 in
416 1596 799 1667 superioribus
835 1596 1070 1651 evictum
1123 1594 1412 1657 dedimus,
1456 1594 1656 1647 multas

124 1691 209 1744 sub
234 1688 397 1744 Nostri
434 1691 659 1744 nomine
692 1690 760 1743 ab
805 1687 913 1742 illis
961 1689 1053 1757 qui
1098 1684 1215 1759 [45]
1253 1685 1488 1740 Nestorii
1529 1700 1655 1755 par-

125 1784 244 1840 tibus
265 1783 447 1837 addicti
480 1793 663 1847 erant,
695 1782 848 1836 (ictas
870 1796 993 1836 esse
1025 1781 1255 1835 litteras.
1291 1779 1502 1845 Quanta
1555 1794 1656 1832 au-

125 1885 209 1930 tem
282 1874 375 1929 fuit
431 1875 685 1930 Garncrii
740 1873 979 1927 facilitas
1034 1873 1090 1925 in
1147 1872 1496 1926 admittendis
1551 1871 1656 1924 illis

124 1966 347 2035 epistolis,
380 1981 514 2036 quas
555 1966 629 2020 ad
678 1980 790 2020 rem
828 1980 980 2018 suam
1028 1962 1208 2017 facere
1237 1963 1464 2032 putavit,
1508 1972 1655 2016 tanta

124 2058 223 2125 ejus
252 2057 345 2112 fuit
374 2059 692 2118 morositas.
747 2056 793 2111 si
832 2054 902 2111 de
931 2055 1039 2109 illis
1070 2055 1323 2124 agitanda
1360 2064 1475 2108 erat
1508 2069 1657 2122 qua:-

125 2150 229 2214 stio,
266 2165 375 2219 qua:
420 2157 660 2203 mentem
698 2146 1027 2202 Theodoreti
1082 2146 1151 2200 ab
1196 2145 1378 2215 impiis
1425 2143 1656 2199 Nestorii

126 2242 353 2295 do-striuis
381 2242 617 2295 alienam
646 2248 937 2294 testantur.
982 2237 1123 2292 llinc
1157 2252 1254 2305 pro
1281 2237 1515 2306 genuina
1550 2253 1658 2290 non

129 2335 285 2388 habuit
314 2333 601 2404 Epistulam
648 2333 715 2387 ad
760 2330 1104 2401 Sporacium,
1151 2345 1327 2401 qutea
1370 2329 1662 2383 Sirmondo

130 2427 529 2496 inAppendicem
558 2433 650 2481 est
674 2424 863 2490 relata,
893 2439 998 2478 non
1024 2423 1152 2492 quia
1180 2422 1422 2491 spuriam
1455 2422 1665 2490 putavit

130 2519 269 2583 illam,
304 2528 357 2572 ut
385 2516 690 2572 Gamerius
735 2516 954 2580 asserit,
986 2514 1081 2569 sed
1117 2512 1246 2583 quia
1280 2522 1660 2582 argumentum

128 2613 246 2666 illius
283 2611 386 2665 fere
427 2610 568 2666 idem
639 2619 725 2665 est
770 2624 892 2664 cmn
954 2608 1131 2677 capite
1184 2607 1250 2661 t2
1303 2606 1429 2660 libri
1483 2606 1662 2675 quarti

130 2704 471 2757 [hereticorum
506 2702 844 2773 fabularum,
892 2700 1083 2770 sicque
1112 2700 1254 2754 inter
1285 2697 1544 2767 epistolas
1570 2697 1659 2750 vix

130 2796 275 2849 locum
303 2796 541 2849 obtinere
587 2808 756 2864 posse
785 2791 1016 2847 videtur.
1063 2790 1217 2856 Quod
1248 2791 1515 2857 reliquum
1560 2795 1665 2854 est,

131 2888 281 2941 varias
328 2887 517 2940 harum
577 2884 938 2954 epistolarum
1009 2881 1210 2936 classes
1269 2879 1671 2934 constituerunt.

132 2980 355 3049 Dupinius
382 2988 435 3033 et
458 2974 791 3040 Garnerius,
816 2973 908 3028 sed
938 2987 1127 3044 parum
1160 2970 1323 3025 certis
1347 2968 1670 3023 fundamen-

132 3073 185 3127 tis
211 3082 367 3127 totum
402 3070 536 3124 illud
590 3068 885 3121 artilicium
942 3065 1156 3129 nititur,
1205 3064 1334 3132 quia
1374 3061 1439 3116 de
1486 3060 1670 3114 multis

130 3166 627 3219 barumlitterarnm
673 3174 781 3214 non
828 3161 964 3214 satis
1014 3164 1253 3221 constat,
1303 3169 1413 3225 quo
1458 3154 1673 3222 scriptae

131 3259 219 3311 siut
248 3266 342 3310 tem
350 3271 501 3325 pore.

182 3348 485 3419 Dogmatiri.
514 3346 602 3400 vel
634 3343 910 3415 polemici,
948 3351 1007 3397 ut
1035 3340 1205 3396 videri
1241 3349 1456 3410 posset,
1505 3353 1670 3409 argu-

131 3443 270 3495 menti
295 3450 376 3497 est
405 3440 688 3494 Erauistes
716 3452 813 3491 seu
835 3433 1242 3506 Polgmorplius,
1270 3432 1404 3487 liber
1430 3430 1672 3501 apprime

131 3536 253 3589 utilis
292 3536 357 3590 ad
398 3532 816 3602 redarguendos
841 3528 1236 3599 Eutychianos,
1267 3538 1499 3595 quorum
1524 3535 1673 3576 erro-

130 3627 258 3681 ribus
286 3628 604 3696 Oppositus,
642 3623 711 3677 ab
753 3622 1079 3692 imperatore
1117 3616 1427 3671 Theodosio
1466 3621 1671 3680 autem,

130 3722 198 3775 vel
232 3722 404 3789 potius
433 3721 503 3775 ab
541 3719 655 3773 illis
684 3730 919 3787 quorum
952 3713 1161 3768 artibus
1200 3710 1508 3781 regebatur,
1540 3708 1674 3763 adeo

133 3813 251 3867 male
284 3820 543 3882 exceptus
596 3817 714 3871 est,
762 3818 824 3862 ut
860 3807 1016 3876 jussu
1055 3799 1400 3872 imperatoris
1440 3798 1676 3854 flammis

132 3904 297 3970 dignus
325 3901 644 3956 haberetur.
697 3895 812 3952 Hoc
856 3895 1044 3964 iniquo
1082 3890 1195 3946 fato
1236 3905 1344 3946 non
1389 3888 1674 3943 imminuta

134 3993 320 4062 quidem
359 4002 442 4047 est
486 3989 614 4045 libri
645 3986 919 4057 dignitas;
968 3993 1186 4046 tamen,
1227 3996 1295 4036 ne
1341 3978 1473 4050 quid
1522 3978 1679 4033 malae

133 4098 250 4139 noue
275 4086 520 4148 haereret,
563 4086 784 4136 cautum
815 4084 901 4132 est
946 4092 976 4129 a
1025 4074 1322 4139 Marciano,
1373 4071 1468 4141 qui
1516 4070 1675 4125 istam

136 4175 395 4232 Theodosii
428 4175 777 4231 sanctionem
813 4166 1227 4224 rescindendam
1258 4179 1380 4221 esse
1406 4163 1680 4233 sapienter

1750 687 2055 753 suppeditat
2081 682 2341 750 temporis
2370 682 2659 745 iudicium,
2689 695 2754 733 ex
2786 695 2896 749 quo
2919 678 3174 748 colligere
3204 693 3327 748 pos-

1749 793 1960 839 smnus,
1995 777 2141 830 hunc
2181 774 2382 827 librum
2411 773 2521 842 jam
2555 782 2679 826 ante
2723 773 2993 842 synodum
3029 769 3325 841 λῃστρικὴ-θ

1750 868 1922 921 fuisse
1971 867 2355 935 compositum.
2402 863 2497 918 His
2529 863 2763 931 denique
2793 862 3146 933 adjungimus
3180 862 3326 915 aliud

1752 959 2153 1022 testimonium,
2187 955 2336 1026 quod
2357 955 2664 1023 exrpistola
2691 953 2838 1023 (I30)
2880 955 2944 1007 ad
2978 952 3324 1008 Timotlteum

1748 1052 2065 1120 epismpum
2097 1050 2321 1118 scripta,
2357 1049 2611 1116 petimus.
2662 1045 2923 1099 Miramur
2953 1047 3137 1116 itaque
3167 1045 3329 1098 Bara-

1754 1143 1911 1203 terio,
1935 1141 2195 1211 praecocis
2226 1141 2426 1207 ingenii
2454 1139 2638 1207 juveni
2671 1148 2724 1190 et
2761 1135 3022 1206 temporis
3050 1137 3133 1191 sui
3163 1151 3326 1190 orna-

1754 1247 1957 1299 mento,
1990 1236 2041 1288 in
2074 1244 2307 1287 mentem
2325 1233 2507 1286 venire
2528 1232 2787 1300 potuisse,
2816 1231 2914 1284 hos
2939 1228 3190 1298 Dialogus
3216 1245 3326 1283 non

1753 1326 2095 1379 Theodoreto
2124 1325 2440 1387 nostro,sed
2476 1322 2704 1376 forsitan
2733 1320 2936 1391 juniori
2958 1319 3123 1388 hujus
3150 1320 3331 1371 nomi-

1753 1421 1839 1473 nis
1862 1416 2113 1485 scriptori
2146 1416 2461 1470 trihoemlos
2479 1413 2685 1479 esse,ei
2718 1413 2950 1475 scilicet,
2969 1411 3054 1465 cui
3084 1411 3330 1463 nonnulli

1753 1527 1876 1567 cum
1937 1509 2209 1566 Garnerio
2258 1508 2427 1563 libros
2479 1507 2601 1561 illos
2653 1504 2907 1559 Historiae
2949 1502 3332 1557 ecclesiasticm

1755 1601 2208 1669 ascribunt,qnos
2226 1597 2559 1661 Gennadius,
2580 1605 2640 1649 ut
2655 1610 2817 1665 supra
2833 1594 3096 1656 diximus,
3124 1590 3321 1645 Nostro

1756 1695 1965 1763 absque
1993 1692 2106 1746 ullo
2134 1691 2267 1745 satis
2296 1704 2447 1759 grav:
2479 1701 2659 1742 cansze
2697 1702 2812 1742 sua:
2852 1684 3206 1739 fundamento
3238 1682 3335 1735 tri-

1756 1787 1892 1843 buit.
1944 1784 2151 1839 Tamen
2200 1784 2345 1837 hanc
2391 1779 2718 1836 sententiam
2752 1792 2858 1832 non
2892 1784 2953 1830 ut
2996 1773 3333 1845 probabilem

1759 1887 1968 1934 tantum
2022 1875 2308 1948 proposuit
2362 1875 2414 1927 in
2464 1870 2774 1942 Appendice
2816 1868 2881 1923 ad
2924 1866 3335 1921 Anti-Artemo-

1761 1974 1910 2026 nium
1959 1968 2205 2024 Norimb.
2258 1982 2286 2018 a
2344 1965 2504 2027 1755,
2561 1963 2788 2025 editum,
2848 1959 2941 2016 sed
2996 1956 3335 2028 pertinacius

1759 2079 1975 2136 quoque
2004 2070 2194 2117 contra
2237 2057 2538 2126 scriptores
2587 2051 2996 2111 Memoriarum,
3044 2056 3103 2102 ut
3143 2047 3337 2101 dicun-

1765 2170 1872 2221 tur,
1904 2156 2325 2211 Trirnltinarum
2346 2149 2639 2203 «tetendere
2665 2145 2834 2200 voluit
2849 2141 3107 2212 singulari
3136 2138 3336 2203 libello,

1762 2251 1854 2320 qui
1906 2250 2143 2303 insertus
2185 2253 2269 2299 est
2313 2240 2664 2296 Bibliotheca:
2699 2235 3040 2292 Germanica:
3090 2231 3340 2302 (Gallico

1764 2319 2043 2400 idiomate,
2073 2347 2130 2388 ut
2160 2344 2347 2388 notum
2380 2328 2628 2398 scriptae)
2654 2326 2761 2381 vol.
2784 2321 3018 2389 XLVIII,
3051 2336 3105 2390 p.
3133 2319 3201 2373 50
3221 2332 3336 2386 seq.

1765 2431 1870 2486 Sed
1901 2444 1963 2485 ea
1998 2427 2098 2481 fuit
2121 2423 2382 2495 juvenilis
2414 2418 2641 2475 audacia
2664 2458 2679 2483 ,
2730 2428 2853 2485 qua
2882 2428 2988 2467 non
3038 2408 3153 2483 [47]
3185 2407 3338 2462 omni

1764 2522 1926 2578 laude
1956 2528 2125 2575 Caret.
2160 2517 2224 2572 Ει
2254 2517 2371 2586 ipsa
2397 2512 2613 2583 juvenis
2634 2550 2648 2574 ,
2694 2507 2786 2578 qui
2819 2507 2957 2561 ultra
2989 2510 3200 2558 aetatem
3251 2514 3342 2555 sa-

1766 2629 1895 2685 pere
1921 2613 2072 2667 visus
2102 2619 2203 2674 est,
2235 2605 2539 2677 disputatio
2571 2602 2732 2655 habet
2762 2596 3023 2653 nonnulla
3054 2608 3176 2663 qua:
3201 2591 3342 2645 ulte-

1769 2704 1899 2759 riori
1931 2701 2274 2757 discussione
2306 2711 2414 2751 non
2465 2693 2685 2763 indigna
2733 2697 2937 2753 essent,
2981 2700 3043 2741 ea
3090 2697 3220 2738 vero
3249 2680 3341 2734 alii

1769 2795 1888 2847 loco
1913 2801 1966 2846 et
1992 2790 2224 2859 tempori
2252 2787 2364 2856 jam
2398 2793 2559 2839 erunt
2589 2777 2967 2849 relinquenda.
2990 2773 3070 2828 Ad
3104 2773 3345 2842 reliquos

1769 2882 2070 2955 Seriptoris
2101 2878 2274 2936 nostri
2306 2877 2480 2932 libros
2511 2871 2913 2945 progredimur,
2957 2867 3004 2923 si
3037 2864 3224 2935 paucis
3249 2878 3347 2915 an-

1773 2985 1856 3030 tea
1892 2976 2122 3029 lectorcs
2155 2972 2224 3027 de
2265 2982 2408 3024 novo
2440 2964 2691 3022 Garnerii
2734 2963 2886 3032 lapsu
2936 2957 3343 3014 monuerimus.

1772 3064 1873 3119 Vix
1909 3062 2144 3132 amplius
2175 3060 2472 3131 quidquam
2504 3056 2703 3110 addere
2733 3067 2875 3123 opus
2903 3051 3027 3105 erit.
3061 3047 3342 3102 Latentem

1774 3155 1827 3210 in
1860 3154 2028 3210 herba
2059 3166 2290 3221 anguem
2321 3147 2564 3211 videbit,
2608 3143 2862 3215 quisquis
2909 3149 3116 3197 attente
3158 3139 3347 3208 legerit

1695 3268 1738 3324 ο
1769 3262 1831 3302 ea
1869 3261 1990 3315 qua:
2038 3246 2454 3312 praecesserunt.
2502 3236 2649 3292 Idem
2698 3235 2846 3305 quod
2898 3246 3056 3287 antea
3083 3232 3195 3301 jam
3242 3230 3345 3283 ali-

1771 3339 1987 3409 quoties
2034 3336 2242 3391 dictum
2292 3341 2377 3388 est
2423 3329 2650 3400 contigit
2691 3326 2980 3392 Garnerio,
3020 3338 3146 3379 cum
3196 3323 3346 3376 hunc

1774 3433 1972 3488 librum
2004 3430 2207 3500 legeret
2235 3444 2249 3494 ;
2291 3426 2343 3480 in
2374 3424 2639 3495 Cyrillum
2668 3420 2811 3474 enim
2843 3417 3027 3473 omnia
3056 3415 3197 3469 dicta
3225 3424 3349 3467 esse

1772 3522 1898 3592 quis
1928 3519 2034 3574 nisi
2072 3518 2164 3573 ille
2192 3512 2560 3571 somniasset?
2590 3521 2651 3564 ut
2680 3509 2837 3563 Iidem
2871 3506 3138 3561 faciamus
3166 3500 3349 3556 verbis

1773 3613 2001 3677 nostris,
2055 3609 2139 3664 vel
2196 3621 2367 3678 pauca
2419 3606 2533 3659 haec
2581 3613 2958 3671 apponemus,
3013 3609 3136 3666 qua:
3191 3593 3347 3647 Auct.

1775 3722 1829 3777 p.
1863 3705 1969 3759 152
1994 3706 2234 3765 exstant,
2265 3706 2319 3754 et
2353 3711 2542 3768 parum
2577 3693 2803 3748 mutatis
2835 3690 3014 3744 verbis
3059 3694 3354 3742 recurrunt

1777 3818 1830 3872 p.
1860 3799 1968 3854 9.40
2001 3815 2014 3853 :
2052 3814 2073 3848 ι
2109 3795 2168 3850 In
2193 3797 2318 3860 hoc,
2349 3792 2549 3863 inquit,
2580 3804 2766 3861 opere,
2796 3788 2936 3841 mira
2973 3783 3206 3854 quadam
3237 3791 3354 3835 arte

1776 3891 2065 3949 consilium
2095 3885 2411 3943 dissimulat
2442 3902 2456 3937 :
2492 3897 2615 3936 nam
2652 3895 2778 3935 cum
2830 3892 2926 3948 per
2967 3874 3351 3943 dialogismum

1779 3985 1832 4037 in
1867 3980 2285 4050 Apollinaristas
2331 3976 2611 4044 disputare
2658 3987 2719 4026 se
2763 3969 2937 4038 lingit,
2978 3965 3239 4036 Cyrillum
3271 3976 3355 4017 re-

1778 4088 1906 4128 vera
1933 4080 1987 4126 et
2012 4069 2325 4124 Catholicos
2354 4065 2653 4133 impugnat,
2706 4059 2817 4111 imo
2872 4055 3180 4111 doctrinam
3242 4051 3354 4105 Ne-

1782 4165 1937 4222 storii
1982 4156 2483 4218 demonstratione,
2535 4162 2596 4206 ut
2641 4151 2759 4220 ipse
2814 4147 3032 4216 quidem
3085 4144 3350 4214 loquitur,

140 4270 323 4324 statuit.
354 4268 490 4323 Tres
537 4264 798 4334 Dialogos
837 4260 975 4315 liber
996 4258 1098 4312 iste
1120 4253 1518 4325 complectitur,
1543 4266 1671 4322 quo-

1781 4256 2107 4314 conﬁrmare
2161 4248 2372 4304 nititur.
2438 4244 2647 4300 Laudat
2701 4240 2921 4311 quidem
2980 4236 3240 4308 Cyrillum
3299 4235 3353 4289 in

139 4375 239 4414 rom
267 4359 648 4431 unusquisque
680 4327 878 4410 nomen
908 4351 978 4406 ab
1012 4356 1334 4420 argumento
1357 4355 1551 4401 nactus
1575 4352 1679 4399 cst.
1783 4350 2007 4417 Dialogo
2030 4340 2289 4405 secundo,
2332 4338 2426 4394 sed
2457 4336 2692 4406 maligna
2722 4333 2879 4387 laude
2906 4370 2922 4395 ,
2958 4340 3078 4386 eaet.
3105 4348 3124 4381 ι
3155 4327 3355 4395 Quidni

139 4452 322 4508 Primus
344 4420 669 4507 inscribitur
689 4448 1013 4516 Ἀτρεπτος,
1031 4438 1306 4497 secundus
1329 4435 1671 4507 Ἀσύγχυτος,

1788 4442 1901 4495 haec
1951 4444 2227 4508 postrema
2274 4432 2354 4486 sic
2385 4427 2589 4483 imitari
2622 4424 2796 4488 liceat,
2842 4423 3118 4477 invehitur
3146 4420 3357 4475 Carne-

142 4542 305 4596 tcrtius
337 4538 613 4608 Ἀπαθής.
644 4535 701 4590 In
732 4514 906 4603 primo
937 4529 1121 4594 docet,
1140 4524 1536 4581 immutabilem
1565 4538 1686 4578 esse
1791 4533 1905 4586 [ius
1937 4530 1994 4583 in
2023 4523 2450 4585 Theodoretum,
2483 4518 2577 4574 sed
2607 4517 2734 4572 odio
2764 4514 3045 4585 maligno?

143 4632 370 4699 unigeniti
413 4606 554 4685 Filii
580 4624 957 4687 divinitatem;
994 4621 1050 4675 in
1092 4617 1366 4682 secundo,
1410 4629 1517 4669 non
1557 4629 1677 4684 pc-r-
1715 4613 1758 4669 ι)
1858 4617 2204 4686 Multiplicem
2236 4610 2531 4681 Scriptoris
2562 4608 2732 4663 nostri
2755 4606 3065 4662 doctrinam
3091 4612 3358 4659 testantur

145 4724 331 4777 aristam
368 4724 483 4777 sive
526 4716 872 4775 inconfusam
920 4713 1090 4767 fuisse
1119 4711 1174 4765 in
1205 4708 1425 4764 Christo
1454 4704 1684 4759 Domino
1782 4716 1947 4771 eum“
2005 4707 2389 4765 Ηωνειὶεαηιηι
2455 4701 2760 4772 fabularum
2826 4698 2951 4752 libri
2996 4708 3248 4767 quatuor,
3304 4697 3356 4749 in

143 4814 411 4871 divinitatis
438 4826 493 4869 et
524 4806 885 4867 humanitatis
925 4804 1216 4869 unionem;
1423 4799 1478 4852 in
1528 4797 1686 4851 tertio
1785 4805 1982 4874 quibus
2030 4801 2262 4854 limi-eses
2311 4802 2521 4850 tantum
2556 4806 2662 4845 non
2706 4803 2899 4843 omnes
2938 4795 3203 4845 recenset,
3243 4798 3361 4852 qua:
3451 4852 3471 4870 .

144 4906 368 4975 denique,
421 4921 452 4958 a
499 4900 849 4974 passionibus
894 4897 1123 4951 liberam
1176 4893 1345 4949 fuisse
1387 4889 1696 4944 Salvatoris.

146 4998 295 5051 nostri
352 4998 714 5051 divinitatem.
767 4989 867 5046 llis
914 4987 1320 5058 subjunguutnr
1358 4981 1688 5046 Ἀποδείξεις

145 5086 219 5139 διὰ
244 5086 647 5156 συλλογισμῶν,
700 5083 792 5138 ubi
841 5080 1036 5136 validis
1078 5075 1380 5132 ratiociniis
1414 5075 1693 5143 impugnat

146 5196 354 5242 errores,
388 5189 583 5236 contra
614 5191 757 5247 quos
786 5177 838 5229 in
870 5174 974 5229 hoc
1016 5172 1158 5226 libro
1185 5169 1447 5239 disputat.
1485 5163 1692 5220 Genui-

148 5287 257 5325 num
306 5275 406 5328 hoc
458 5285 582 5327 esse
631 5265 958 5322 Theodoreti
1006 5262 1271 5332 scriptum
1318 5259 1409 5314 vix
1456 5255 1693 5313 dubitari

151 5366 340 5430 poterit,
391 5379 519 5418 eum
575 5376 685 5416 non
746 5358 905 5413 modo
954 5355 1208 5420 Photius,
1266 5350 1389 5407 cod.
1434 5348 1526 5407 46.
1575 5347 1694 5417 ejus

151 5458 457 5512 tuentiOnem
490 5453 698 5516 fecerit,
737 5451 831 5505 sed
861 5447 1025 5503 etiam
1058 5443 1420 5514 Nicephorus,
1451 5439 1542 5509 qui
1574 5437 1697 5491 loco

150 5544 245 5612 jam
272 5547 552 5617 aliquoties
575 5545 743 5601 citato
763 5542 908 5594 hunc
936 5538 1134 5592 librum
1161 5533 1383 5589 nomine
1413 5532 1518 5586 isto
1531 5529 1698 5596 Λόγοι

152 5640 281 5707 τρεῖς
324 5639 455 5709 περὶ
505 5636 666 5691 Oeten
721 5629 1006 5701 δογμάτων
1046 5621 1466 5692 διαλογιστικῶς
1503 5636 1698 5674 συντα-

1788 4897 1911 4949 inde
1967 4908 1998 4946 a
2052 4888 2293 4945 Simonis
2351 4884 2486 4956 Magi
2538 4882 2732 4937 diebus
2779 4895 2955 4949 usque
3001 4878 3066 4931 ad
3119 4886 3361 4943 tempora

1787 4983 2022 5040 Nestor-ii
2069 4989 2123 5035 et
2160 4977 2423 5050 Eutychis
2488 4975 2888 5029 innotuerant:
2938 4970 3141 5039 quibus
3181 4967 3362 5021 omni-

1789 5079 1893 5134 bus
1944 5072 2206 5145 expositis
2269 5070 2408 5125 libro
2461 5067 2655 5136 quinto
2718 5063 3002 5133 subiunxit
3051 5061 3393 5115 divinorum-

1790 5171 2103 5238 dogmatum
2135 5162 2438 5231 Epitomen.
2474 5169 2533 5211 nt
2562 5155 2893 5217 ostenderet,
2917 5149 3195 5220 quomodo
3225 5148 3368 5201 inter

1793 5274 1852 5314 se
1868 5236 2126 5311 thIerant
2164 5252 2253 5305 lux
2283 5259 2336 5303 et
2376 5249 2631 5312 tenebrae,
2679 5259 2801 5314 qua:
2847 5241 3019 5310 ipsius
3048 5247 3177 5294 sunt
3206 5236 3367 5290 verba

1796 5351 2014 5403 ineunte
2055 5344 2193 5397 libro
2243 5341 2458 5395 ultimo.
2507 5337 2606 5391 Hic
2648 5336 2770 5391 sine
2803 5331 2970 5387 dubio
2997 5338 3083 5384 est
3111 5327 3247 5383 liber
3276 5328 3369 5381 ille

1797 5440 1955 5509 cujus
1983 5434 2321 5505 Nicephorus
2351 5432 2455 5488 sub
2485 5429 2705 5484 neruine
2731 5423 2959 5496 ψεύδους
2990 5422 3086 5475 καὶ
3113 5420 3369 5492 ἀληθείας

1796 5532 2082 5598 διάγνωσις
2121 5525 2388 5585 meminit,
2418 5520 2531 5593 [48]
2555 5535 2664 5589 quo
2694 5517 2853 5571 titulo
2879 5516 3042 5570 etiam
3078 5511 3371 5581 insignitnr

1801 5622 1939 5690 apud
1970 5617 2323 5673 Possevinum
2355 5614 2553 5681 Appar.
2589 5608 2729 5664 sacri
2763 5616 2895 5662 tum.
2936 5605 3002 5669 ll,
3040 5621 3092 5673 p.
3123 5603 3249 5667 457,
3276 5601 3369 5656 ubi

1802 5714 1944 5766 inter
1994 5710 2160 5763 libros
2208 5724 2238 5761 a
2291 5706 2487 5759 Nostro
2527 5699 2861 5769 compositos
2913 5704 3375 5751 commemoratur

1807 5806 2063 5857 volumen
2114 5799 2257 5870 quod
2300 5795 2563 5850 Mendacii
2601 5803 2648 5846 et
2680 5790 2916 5845 veritatis
2965 5788 3246 5841 discrimen
3285 5785 3371 5837 in-

1807 5898 2080 5951 scribitur.
2132 5894 2260 5947 Post
2304 5888 2592 5944 concilium
2634 5884 3079 5941 Chalcedoncnse
3127 5879 3271 5932 hunc
3310 5877 3374 5930 li-

153 5727 351 5798 χθέντες
394 5728 721 5799 indigitavit.
765 5722 883 5793 Ipse
930 5733 1147 5791 quoque
1187 5724 1379 5770 auctor
1410 5711 1555 5766 illius
1586 5727 1700 5765 me-

155 5822 311 5885 minit,
344 5831 458 5876 tum
490 5823 540 5874 in
572 5818 796 5889 epistola
829 5814 947 5885 (I6)
979 5813 1045 5866 ad
1077 5812 1338 5866 Irenaeum
1362 5806 1699 5875 episcopum,
1752 5845 1761 5853 .

159 5912 334 5971 tumin
379 5914 470 5964 illa
522 5912 635 5981 (83)
686 5922 845 5977 quam
888 5904 954 5960 ad
995 5902 1312 5959 Dioscurum
1365 5895 1703 5950 Alexandria:
