3920 6316
520 420 592 492 63
1135 429 1232 489 DE
1269 428 1445 491 νιΤΑ
1484 427 1580 487 ΕΤ
1630 421 1974 486 SCRIPTIS
2035 416 2525 480 THEODORETI
2568 421 3064 483 DISSERTATIO
3100 398 3118 429 ’“
3726 406 3801 471 6t

524 542 682 597 brum
724 554 754 594 a
787 538 981 594 Nostro
1013 538 1379 608 compositum
1410 553 1534 595 esse
1567 537 1711 592 haud
1740 533 1993 590 obscuris
2024 532 2107 584 in-
2140 534 2186 589 Α
2215 531 2440 586 ctandos
2486 548 2609 588 esse
2641 534 2878 602 fructus,
2932 537 3049 590 etsi'
3089 536 3143 587 in
3204 532 3304 586 hac
3348 528 3460 585 vita
3523 524 3798 581 nonnullis

524 633 684 688 diciis
727 632 909 702 prodit
954 631 1211 701 cpistola,
1236 647 1360 702 quae
1409 630 1779 702 praemittitur,
1811 627 1878 681 ad
1911 626 2111 695 Spora-

524 718 711 785 cium,
766 717 924 786 cujus
971 718 1204 774 consilio
1248 729 1303 775 et
1346 720 1597 774 instituto
1650 718 1894 773 laborem
1943 715 2109 770 istum

515 810 783 880 suscepit.
818 808 929 864 Ilac
955 809 1215 879 temporis
1250 821 1377 865 nota
1405 827 1734 881 magnopere
1758 816 2108 879 premuntur,

518 902 617 971 qui
659 916 781 975 eum
829 900 1119 966 Garnerio,
1165 900 1365 969 Caveo,
1412 901 1630 957 Oudino
1671 901 1908 971 aliisque
1949 905 2114 967 caput

514 995 909 1051 «laedet-imum
945 992 1070 1047 libri
1109 994 1289 1063 quarti
1341 994 1684 1065 suppositum
1733 1010 1855 1050 esse
1901 982 2113 1062 putant,

517 1088 654 1157 quia
685 1088 739 1142 in
785 1087 877 1141 illo
906 1085 1192 1143 Nestorius
1241 1087 1397 1154 atris,
1431 1095 1491 1142 ut
1519 1103 1617 1159 par
1657 1097 1799 1153 erat,
1830 1085 2115 1141 coloribus

516 1179 852 1249 depingitur.
882 1178 1072 1247 Specie
1115 1179 1334 1249 quidem
1376 1195 1484 1233 non
1516 1195 1704 1235 carere
1746 1180 1998 1234 videntur
2029 1193 2118 1231 ar-

519 1281 806 1340 ~gumenta,
839 1270 1039 1339 quibus
1070 1286 1203 1329 usus
1232 1279 1318 1327 est
1351 1271 1669 1336 Garnerius,
1700 1280 1762 1326 ut
1790 1271 2116 1326 sententiam

521 1376 686 1414 suam
719 1370 959 1416 tueretur
986 1402 1001 1427 ,
1032 1363 1168 1419 satis
1196 1374 1377 1418 autem
1410 1363 1478 1417 ad
1508 1378 1571 1418 ea
1611 1362 1797 1417 omnia
1836 1358 2119 1428 re<pondit

533 1450 802 1520 Dupinius
860 1450 1111 1505 Biblioth.
1145 1452 1466 1521 scriptorum
1527 1449 1712 1506 eccles.
1744 1459 1783 1504 t.
1818 1448 1908 1503 ill.
1946 1447 2121 1503 Unius

536 1543 807 1600 Theodori
866 1545 1101 1610 abbatis,
1159 1560 1227 1598 ne
1278 1545 1347 1599 de
1429 1542 1626 1598 Photio
1685 1542 1795 1610 jam
1851 1539 2161 1602 dicamus,-

536 1638 931 1704 testimonium,
967 1638 1222 1692 omnibus
1247 1635 1659 1706 exceptionibus
1688 1632 1970 1689 diluendis
1998 1630 2108 1686 suf-

536 1730 700 1786 liciet.
728 1729 851 1786 Huic
874 1732 1016 1786 enim
1047 1742 1176 1786 sunt
1205 1732 1366 1786 verba
1390 1730 1510 1801 ejus
1540 1730 1596 1784 in
1636 1738 1964 1798 argumento
1989 1743 2120 1798 syn-

536 1819 627 1874 odi
648 1820 934 1890 prcsinu'
977 1838 990 1874 :
1043 1821 1105 1877 Ei
1136 1820 1193 1874 δὲ
1221 1820 1472 1892 βούλεται
1498 1836 1585 1884 τις
1614 1819 1853 1889 γνῶναι,
1886 1819 1970 1873 ὅτι
1998 1817 2127 1871 Θεο-

536 1913 775 1985 δώρητος
810 1915 906 1969 καὶ
931 1913 1051 1968 λίαν
1081 1914 1261 1985 ἐμίσει
1308 1915 1626 1987 Νεστόριον,
1659 1913 1880 1985 ἀναγνῷ
1909 1913 1970 1966 τὸ
1998 1911 2128 1984 περὶ

540 2003 648 2057 τῶν
668 2005 932 2075 αἱρέσεων
960 2003 1109 2076 αὐτῷ
1130 2004 1467 2077 Θεοδωρήτῳ
1483 2004 1870 2076 γεγραμμένον
1901 2002 2127 2073 βιϐλίον.

542 2095 602 2152 Si
633 2098 747 2167 quis
789 2114 942 2152 nosse
975 2097 1117 2162 velit,
1164 2097 1316 2151 valde
1352 2112 1569 2151 exosum
1611 2095 1653 2149 Τ
1654 2096 1932 2149 Iteodorelo
1967 2094 2130 2164 fuisse

543 2186 875 2253 Nestorium,
909 2187 1044 2257 legat
1074 2186 1268 2240 librum
1306 2185 1384 2239 De
1409 2186 1693 2240 hwresibus
1720 2184 1785 2238 ab
1818 2185 1933 2252 ipso
1966 2183 2131 2238 Theo-

541 2278 722 2332 doreto
750 2281 1027 2347 scriptum.
1052 2275 1192 2335 Num
1217 2277 1285 2332 ad
1313 2276 1481 2331 alium
1512 2291 1682 2347 quam
1710 2276 1875 2339 hunc,
1906 2275 2127 2340 librum,

541 2371 770 2440 ejusque
808 2369 970 2424 aliam
1003 2377 1429 2439 partem,quam
1467 2384 1592 2438 quas
1621 2375 1801 2422 exstat
1828 2367 1865 2421 l.
1900 2382 1972 2432 ιν,
2006 2381 2127 2435 cap.

548 2463 632 2528 12,
659 2463 773 2518 lucc
805 2461 948 2517 trahi
975 2470 1223 2532 possunt,
1256 2461 1362 2516 nisi
1392 2460 1476 2516 vis
1505 2458 1789 2515 inferenda
1817 2460 1888 2515 sit
1915 2458 2132 2515 verbis?

541 2556 693 2610 Adeo
738 2566 920 2609 autem
974 2555 1030 2608 in
1084 2554 1200 2623 ipsa
1245 2552 1491 2607 veritatis
1535 2552 1657 2605 luce
1698 2551 1953 2607 etecutire
1981 2551 2132 2605 visus

541 2654 627 2702 est
664 2645 985 2710 Garncrius,
1024 2655 1085 2699 ut
1114 2658 1222 2698 non
1256 2644 1397 2699 hanc
1437 2641 1595 2697 modo
1627 2642 1751 2696 libri
1790 2642 1968 2711 quarti
2001 2656 2129 2711 par-

542 2740 767 2795 ticulam
801 2736 1001 2793 Nostro
1041 2732 1418 2806 denegandam
1454 2749 1597 2801 esse,
1639 2734 1734 2788 sed
1768 2743 1942 2788 totum
1988 2748 2131 2803 quo-

542 2845 652 2900 que
680 2830 747 2885 de
778 2829 1078 2884 haeresibus
1128 2826 1328 2882 librum
1379 2826 1635 2883 Nestorio
1679 2824 1895 2890 favere,
1929 2824 2133 2896 Cyrillo

542 2927 727 2973 autem
758 2917 1039 2971 adversari
1088 2916 1380 2984 putaverit.
1435 2915 1593 2980 Quod
1627 2930 1695 2971 ne
1724 2915 1849 2986 quis
1877 2916 2133 2971 acerbius

543 3012 709 3081 quam
760 3010 938 3064 verius
967 3025 997 3063 a
1046 3009 1204 3065 nobis
1233 3009 1439 3064 dictum
1477 3023 1600 3064 esse
1640 3018 1815 3078 putet,
1863 3010 1980 3079 ipsa
2008 3009 2133 3079 ejus

544 3103 710 3157 verba
743 3102 1019 3157 ascribere
1050 3101 1193 3156 haud
1222 3100 1388 3171 piget.
1419 3100 1533 3173 [49]
1564 3101 1643 3156 Ita
1675 3116 1805 3156 vero
1828 3102 1938 3167 ille,
1967 3101 2128 3159 Auct.

2215 637 2407 691 parum
2458 623 2607 680 utilis
2659 626 2829 681 videri
2882 633 3083 696 posset.
3140 622 3403 677 Homilias
3441 620 3576 675 istas
3609 617 3798 673 Antio-

2212 714 2350 769 chia:
2385 715 2519 771 olim
2561 731 2592 771 a
2642 716 2842 773 Nostro
2886 734 3007 774 esse
3049 717 3323 777 recitatas,
3374 712 3676 767 multorum
3718 716 3803 763 est

2213 806 2552 875 conjectura,
2607 808 2722 882 [50]
2779 811 2960 880 specie
3014 810 3159 865 haud
3216 822 3430 863 carens.
3468 804 3657 860 .Eram
3687 802 3803 856 illa-

2217 914 2336 953 rum
2383 900 2450 953 ad
2486 918 2614 959 ann.
2650 902 2711 958 C.
2766 903 2872 958 435
2909 902 3074 958 refert
3134 900 3401 972 Dupinius
3503 897 3802 953 Garnerius

2214 1002 2395 1047 autem
2428 994 2493 1047 ad
2524 1010 2653 1048 aun.
2687 994 2749 1048 C.
2785 995 2888 1050 450
2921 995 3006 1049 vel
3043 994 3169 1049 451.

2289 1105 2435 1160 idem
2476 1116 2858 1175 argumentum
2913 1106 3298 1162 illustrandum
3349 1104 3453 1160 sibi
3486 1102 3720 1171 sumpsit
3751 1100 3806 1152 in

2218 1197 2627 1266 elegantissimo
2661 1199 2753 1254 illo
2787 1215 2976 1270 opere,
3025 1201 3111 1254 cui
3147 1198 3365 1251 titulum
3401 1195 3551 1259 fecit,
3581 1191 3809 1246 Curatio

2221 1288 2530 1344 ercarum
2560 1291 2921 1360 a/Iectionum,
2974 1291 3307 1359 cujusliber
3353 1299 3543 1343 sextus
3588 1288 3703 1356 agit
3744 1283 3812 1338 de

2222 1377 2568 1435 Providentia
2593 1381 2800 1457 divina.
2833 1382 2995 1436 Plura
3026 1391 3209 1436 autem
3254 1382 3309 1435 in
3339 1381 3445 1435 isto
3484 1377 3648 1432 simul
3677 1390 3812 1445 pra:-

2222 1473 2395 1528 stitit:
2430 1482 2597 1528 totam
2626 1475 2770 1529 enim
2800 1474 3083 1542 gentilium
3118 1473 3462 1543 religionem,
3500 1486 3595 1525 seu
3628 1470 3811 1538 potius

2223 1564 2690 1633 superstitionem,
2723 1564 2875 1620 libris
2909 1565 3197 1619 duodecim
3230 1567 3300 1617 ita
3340 1561 3557 1625 evertit,
3591 1570 3649 1613 ut
3676 1575 3810 1612 san-

2224 1654 2414 1709 ctioris
2444 1654 2564 1709 fidei
2597 1655 2886 1725 puritatem
2920 1669 2984 1709 ac
3007 1654 3270 1709 honorem
3308 1652 3525 1722 egregie
3553 1648 3812 1704 defende-

2226 1746 2314 1800 rit.
2362 1746 2700 1816 Ingeniosior
2737 1747 2963 1802 forsitan
3002 1761 3166 1818 quam
3216 1745 3520 1799 verior-est
3565 1740 3812 1795 Garnerii

2228 1837 2566 1907 conjectura,
2622 1838 2767 1892 hunc
2834 1839 3032 1893 librum
3075 1852 3104 1891 a
3142 1835 3489 1890 Theodoreto
3551 1833 3811 1902 scriptum

2231 1943 2353 1984 esse
2377 1938 2570 1984 contra
2622 1930 3006 1999 imperatorem
3047 1927 3351 1982 lulianum.
3407 1924 3678 1992 Quidquid
3711 1938 3812 1977 au-

2235 2028 2341 2074 tem
2369 2019 2461 2086 sit,
2489 2035 2599 2073 non
2631 2019 2791 2088 hujus
2820 2027 3053 2082 tantum,
3082 2018 3177 2072 sed
3208 2016 3452 2070 omnium
3477 2014 3571 2085 qui
3594 2030 3658 2068 eo
3681 2022 3813 2065 tem-

2233 2126 2366 2181 pore
2395 2111 2601 2181 ingenii
2634 2119 2689 2165 et.
2735 2110 2975 2166 nominis
3008 2109 3154 2165 fama
3198 2109 3591 2171 inclaruerunt,
3638 2105 3812 2175 genti-

2234 2203 2365 2255 lium
2406 2201 2630 2271 seripta,
2681 2200 2956 2256 indefesso
2993 2199 3236 2254 excussit
3265 2196 3470 2260 studio,
3517 2206 3575 2249 ut
3618 2194 3670 2247 in
3710 2193 3816 2263 pri-

2235 2296 2338 2350 mis
2359 2295 2705 2351 observatum
2727 2303 2810 2348 est
2830 2312 2857 2348 a
2882 2292 3195 2365 Sylburgio,
3226 2292 3315 2347 cui
3352 2288 3812 2345 Graeco-Latinam

2232 2389 2417 2443 eximii
2474 2389 2638 2459 hujus
2691 2389 2872 2459 operis
2924 2388 3223 2443 editionem
3263 2386 3656 2452 iicidclbcrgre,
3689 2398 3813 2437 ann.

2234 2480 2393 2547 l592,
2456 2481 2510 2534 in
2568 2482 2744 2536 lucem
2808 2480 3100 2546 emissam,
3157 2492 3391 2548 eamque
3432 2474 3817 2548 praestantissi-

2234 2589 2379 2627 mam
2401 2613 2416 2637 ,
2444 2572 2724 2627 debemus.
2760 2571 2935 2627 Sileut
2981 2571 3201 2641 quidem
3241 2571 3310 2624 de
3344 2570 3445 2623 hoc
3474 2583 3640 2638 opere
3680 2565 3819 2619 Pho-

2236 2666 2344 2720 tius
2382 2673 2437 2720 et
2472 2663 2841 2734 Nicephorus,
2878 2662 3127 2718 meminit
3191 2670 3374 2716 autem
3437 2659 3561 2729 ejus
3601 2658 3821 2711 Tzrtzes

2234 2759 2377 2815 Chii.
2445 2775 2523 2822 ιχ,
2583 2768 2636 2812 et
2693 2759 2807 2828 ipse
2849 2757 3225 2811 Thcodoretus
3272 2755 3324 2808 in
3374 2755 3536 2823 epist.
3593 2752 3718 2812 illi,
3758 2748 3821 2802 ad

2236 2848 2470 2904 Leonem
2520 2850 2844 2916 Romanum,
2892 2857 2946 2904 et
2996 2849 3050 2902 in
3095 2862 3158 2902 ea
3193 2844 3362 2916 (116,)
3397 2845 3462 2899 ad
3515 2841 3821 2896 “enatum:

2238 2922 2447 2996 necnon
2482 2940 2793 3007 Quzestione
2853 2940 3024 3009 prima
3053 2938 3105 2990 iu
3142 2936 3474 2990 Leviticuni.
3502 2933 3822 3002 Magnopere

2236 3032 2420 3101 itaque
2464 3030 2724 3084 falluntur
2755 3029 2978 3085 Rivetus
3009 3036 3062 3082 ct
3090 3027 3290 3088 Cocus,
3331 3024 3423 3094 qui
3451 3024 3595 3077 hunc
3625 3022 3822 3075 librum

2237 3125 2378 3178 alius
2420 3124 2702 3193 scriptoris
2734 3139 2853 3177 esse
2890 3129 3172 3192 putarunt.
3207 3117 3287 3172 Ad
3322 3119 3486 3172 istum
3545 3115 3597 3167 iu
3636 3113 3824 3181 primis

545 3209 601 3288 PT
642 3191 752 3288 .“5
788 3207 803 3245 :
836 3210 855 3245 ί
893 3190 1290 3288 ι’ξώθΐίοευωζ
1331 3190 1529 3288 inﬁmi.“
1584 3197 1748 3260 atque
1776 3189 2132 3288 a_"liﬁ‘fi(_’su_'n
2163 3211 2207 3267 C
2238 3218 2434 3272 librum
2466 3189 2714 3288 spectant
2754 3217 2861 3271 duo
2890 3189 3323 3285 epigrammata,
3379 3226 3501 3280 quae
3552 3220 3608 3262 ut
3651 3208 3825 3261 minus

542 3282 657 3336 dixi
706 3296 865 3352 opus.
916 3280 1165 3347 Quantus
1204 3279 1351 3335 enim
1402 3280 1553 3335 labor
1600 3281 1886 3349 ponendus
1926 3279 2028 3335 fuit
2075 3281 2130 3335 in

516 3374 858 3430 evolvendis
906 3373 1288 3443 scriptoribus,
1320 3372 1414 3443 qui
1465 3372 1519 3426 in
1566 3372 1719 3427 illum
1769 3387 1943 3442 usque
1987 3373 2129 3429 diem

543 3466 827 3520 catholica:
852 3465 973 3520 ﬁdei
1007 3480 1227 3520 causam
1261 3473 1450 3519 contra
1484 3465 1719 3519 haereses
1742 3465 2135 3523 defenderant?

546 3558 640 3613 sed
669 3566 891 3627 quanta:
926 3559 1061 3615 artis
1091 3568 1228 3627 erat,
1256 3577 1533 3632 quamque
1562 3563 1794 3628 callidae,
1832 3564 1905 3618 ita
1927 3562 1993 3617 de
2023 3565 2134 3619 sin-

546 3647 690 3717 gulis
728 3647 989 3715 seribere,
1040 3658 1099 3705 ut
1148 3651 1243 3720 qui
1291 3652 1510 3723 legeret,
1547 3654 1752 3708 sensim
1809 3656 1929 3709 sine
1966 3670 2133 3709 sensu

546 3754 646 3807 per
672 3754 733 3794 se
754 3738 872 3808 ipse
910 3739 1110 3795 invidia
1143 3744 1528 3799 consensionis
1551 3759 1676 3799 cum
1708 3744 1976 3801 haereticis
2009 3760 2136 3801 one-

548 3841 693 3887 raret
750 3831 912 3887 unius
953 3841 1163 3889 natura:
1213 3832 1371 3889 Verbi
1439 3836 1737 3892 incarnatas
1792 3836 2130 3903 defensores,

546 3926 802 3983 liberaret
841 3928 1075 3984 duarum
1122 3941 1596 4002 propugnatores;
1635 3934 1686 3989 id
1737 3944 1841 3999 est,
1892 3945 1952 3990 ut
1979 3944 2136 3990 erant

547 4028 817 4089 tempora,
842 4030 936 4076 aut
962 4033 1108 4077 certe
1126 4022 1312 4092 opinio
1345 4025 1509 4094 vulgi,
1534 4038 1824 4084 accusaret
1842 4026 2130 4099 Cyrillum,

549 4107 855 4165 absolveret
880 4110 1210 4168 Nestorium.
1251 4133 1269 4164 ι
1320 4114 1475 4170 Haud
1515 4117 1800 4173 dissimilia
1834 4128 1982 4181 sunt,
2015 4134 2137 4189 qua:

548 4200 723 4269 p.245
752 4202 787 4255 I.
821 4218 871 4258 c.
905 4204 1180 4274 leguntur,
1213 4219 1336 4276 quae
1364 4215 1547 4262 tamen
1597 4211 1859 4266 recitasse
1882 4219 1966 4266 est
1990 4210 2139 4267 refu-

549 4301 713 4348 tasse.
750 4294 940 4360 Adeat,
963 4296 1054 4352 cui
1081 4297 1366 4366 placuerit,
1397 4298 1561 4369 Ittigii
1594 4299 2042 4358 Dissertationem
2070 4304 2138 4358 de

550 4387 929 4449 bteresiarchis
973 4391 1284 4458 apostolicae
1319 4391 1519 4457 aetatis,
1550 4406 1606 4460 p.
1642 4392 1727 4447 15.

623 4476 940 4547 Sequuntur
997 4476 1288 4535 Orationes
1353 4482 1468 4535 sive
1530 4481 1775 4537 llomiliae
1837 4482 2023 4538 decem
2070 4484 2138 4539 de

552 4567 923 4636 Providentia,
956 4570 1011 4625 in
1042 4572 1243 4641 quibus
1268 4572 1591 4629 exhausisse
1613 4572 1848 4641 videtur,
1870 4574 2133 4646 quidquid

551 4660 621 4717 de
649 4662 816 4717 nobili
849 4662 952 4717 hoc
979 4672 1301 4732 argumento
1327 4663 1432 4719 dici
1478 4673 1679 4735 potest.
1722 4666 1942 4723 Priores
1969 4668 2137 4738 quin-

434 4823 456 4844 .
550 4770 660 4826 que
687 4756 1128 4825 complectuntur
1167 4770 1230 4811 ea
1276 4771 1401 4827 quae
1450 4760 1516 4813 ad
1565 4759 1902 4829 probandam
1952 4760 2139 4817 Provi-

550 4844 793 4900 dentiam
820 4844 1059 4899 divinam
1090 4844 1299 4900 faciunt
1323 4863 1340 4912 ;
1394 4845 1514 4902 sive
1543 4847 1734 4902 mundi
1769 4848 1936 4918 hujus
1963 4849 2139 4905 admi-

552 4938 779 4994 rabilem
814 4946 1164 5005 structuram,
1211 4939 1326 4995 sive
1353 4941 1601 5010 corporis
1642 4943 1816 4999 nostri
1848 4943 2137 5011 fabricam,

554 5028 671 5091 sive
712 5045 802 5085 res
850 5040 1063 5086 creatas
1100 5046 1292 5086 omnes
1337 5046 1637 5103 earumque
1678 5035 2138 5105 sapientissimam

554 5122 1005 5191 gubernationem
1035 5125 1402 5193 spectaveris:
1440 5133 1595 5181 sexta
1635 5135 1690 5182 et
1717 5127 1839 5183 duae
1880 5130 2142 5198 proxima:

553 5216 848 5264 versantur
867 5209 924 5264 in
949 5209 1226 5268 diluendis
1249 5211 1677 5282 objectionibus,
1707 5231 1830 5285 quae
1855 5216 1923 5271 ab
1954 5217 2139 5289 iniqua

553 5297 848 5354 multorum
870 5300 1157 5355 hominum
1179 5315 1325 5358 sorte
1353 5305 1460 5372 peti
1493 5315 1737 5374 possent.
1773 5307 1903 5363 Duae
1929 5319 2143 5379 postre-

556 5403 663 5443 mrc
692 5405 944 5461 magnam
980 5393 1046 5447 ad
1077 5394 1292 5447 virtutis
1325 5396 1567 5450 studium
1614 5398 1872 5454 incitandi
1904 5401 2012 5455 vim
2046 5401 2143 5457 ha-

506 5484 510 5488 ’
561 5483 711 5544 bent.
769 5480 972 5537 Docent
1026 5484 1191 5546 enim,
1246 5485 1610 5544 Providentiae
1663 5490 1860 5547 divinae
1914 5493 2148 5549 illustria
2246 5520 2251 5523 ·

558 5585 672 5625 ιιοη
709 5571 848 5627 inter
877 5570 1095 5629 Judzeos
1128 5576 1311 5642 modo,
1344 5578 1439 5633 sed
1489 5578 1633 5634 inter
1676 5596 1869 5639 omnes
1899 5583 2149 5637 homines

558 5668 777 5717 exstare
807 5674 1179 5733 monumenta,
1232 5667 1564 5741 pietatisque
1613 5673 1918 5729 certissime
1950 5688 2136 5744 exspe-

2236 3320 2361 3366 nota
2390 3310 2494 3367 hoc
2521 3310 2642 3365 loco
2672 3309 2910 3365 inserere
2936 3306 3004 3361 ab
3026 3306 3276 3360 instituto
3306 3312 3492 3358 nostro
3531 3300 3634 3354 hau
3659 3301 3671 3349 Ι
3699 3298 3827 3352 alic-

2236 3420 2366 3458 num
2401 3418 2523 3459 esse
2550 3411 2823 3473 putamus.
2852 3396 2968 3472 [5|]
3005 3397 3247 3452 Primum
3276 3411 3343 3451 ex
3374 3394 3563 3449 codice
3595 3393 3825 3462 quodam

2236 3498 2547 3569 Augustano
2606 3495 2940 3564 descriptum
3004 3501 3183 3548 exstat
3253 3491 3397 3561 apud
3471 3488 3825 3543 Posscviuum

2236 3589 2440 3661 Appar.
2484 3587 2627 3644 sacri
2660 3594 2793 3641 tom.
2835 3583 2901 3649 ll,
2935 3599 2988 3654 p.
3022 3584 3150 3649 $57,
3183 3591 3236 3637 et
3270 3582 3345 3635 ita
3388 3595 3447 3636 se
3486 3579 3690 3633 habet:

2390 3724 2483 3789 Ὠς
2510 3723 2705 3788 Νεῖλος
2740 3720 2900 3783 ἄλλος
2924 3720 3029 3791 πλη
3039 3718 3270 3790 μμυρῶν
3299 3718 3412 3780 τοῖς
3451 3717 3563 3778 σοῖς
3582 3714 3763 3782 λόγοις

2376 3815 2691 3888 Θεοδώρητε
2714 3814 2825 3867 τῶν
2868 3811 3103 3883 Ἀχαιῶν
3135 3811 3233 3880 τὴν
3254 3809 3482 3883 ,πλάνην

2379 3909 2617 3977 Πνίγων,
2648 3910 2748 3979 τῆς
2777 3906 2943 3961 καλὸν
2968 3906 3206 3967 πίστεως
3224 3901 3407 3969 αὒξεις
3445 3901 3671 3971 σπόρον.

2237 4046 2478 4101 Alterum
2508 4043 2704 4115 legitur
2744 4043 2797 4096 in
2845 4040 3034 4096 codice
3064 4038 3299 4109 quodam
3343 4033 3696 4089 Bibliotheca:
3726 4033 3833 4085 Au-

2239 4151 2409 4211 gustae
2450 4135 2685 4193 Vindob.
2727 4133 2894 4207 (apud
2930 4132 3185 4187 Lambec.
3218 4131 3314 4184 lib.
3360 4145 3432 4192 tv,
3486 4144 3538 4197 p.
3591 4125 3712 4194 179)
3744 4123 3829 4191 qui

2239 4247 2269 4286 a
2297 4229 2459 4285 Petro
2489 4226 2729 4281 Patricio
2758 4241 2827 4279 ex
2866 4223 2975 4277 alio
3006 4221 3245 4291 quodam
3302 4225 3617 4288 pervetusto
3648 4215 3829 4269 codice

2239 4320 2569 4391 descriptus,
2614 4325 2669 4372 et
2701 4312 3020 4385 imperatori
3065 4310 3231 4365 Leoni
3277 4310 3382 4363 hoc
3431 4305 3830 4375 Epigrammate

2240 4411 2453 4466 dicatus
2491 4416 2594 4465 est.
2650 4406 2791 4474 Quia
2837 4414 3018 4459 autem
3050 4401 3337 4472 'prolixior
3378 4407 3464 4453 est
3501 4397 3687 4460 locus,
3726 4393 3828 4463 pri—

2248 4516 2366 4557 mos
2425 4509 2635 4555 tantum
2687 4498 2787 4553 hos
2835 4494 3164 4566 apponimus
3218 4492 3456 4561 στίχους,
3488 4489 3581 4559 qui
3624 4486 3696 4541 ad
3732 4482 3829 4537 No.

2246 4606 2419 4650 strum
2453 4598 2704 4663 spectant
2729 4608 2742 4645 :

2453 4748 2565 4803 Καὶ
2588 4746 2748 4814 τοῦτο
2772 4746 2876 4816 τῆς
2904 4744 3004 4815 σῆς
3041 4741 3191 4808 ἄξιον
3230 4737 3623 4813 μουσουργίας,

2450 4840 2804 4912 Αὖτοκράτορ
2829 4836 3076 4909 μέγιστε,
3107 4832 3332 4904 βιϐλίον,
3364 4828 3523 4885 Δέον.

2452 4934 2612 5004 Φέρει
2634 4934 2744 5005 γάρ
2773 4932 2922 4985 ἔνδον
2949 4930 3057 4982 τῶν
3084 4929 3216 4999 πρὶν
3257 4924 3550 4995 Ἑλλήνων,
3581 4918 3738 4985 ἄναξ,

2456 5026 2568 5090 Τὰς
2599 5025 2670 5097 (b)
2704 5013 3627 5094 σεμνοκομψοψευδομυθοπλαστἱας

2469 5117 2907 5188 ’Δνατραπείσας
2940 5115 3007 5167 ὲκ
3032 5111 3199 5181 σοφοῦ
3234 5109 3557 5165 διδασκάλου

2459 5207 2572 5261 Καὶ
2596 5210 2702 5278 μήν
2727 5224 2791 5276 γε
2820 5206 3107 5276 χρησμοὺς
3139 5201 3375 5255 δεικνύει
3411 5199 3505 5252 τοῦ
3534 5196 3729 5263 Λοξίου

2456 5299 2683 5364 Νόθους,
2718 5298 2999 5369 βεϐήλους,
3033 5296 3330 5365 ἀγκύλους,
3354 5290 3721 5353 λαοπλάνους’

2473 5394 2564 5458 Ἐξ
2592 5388 2775 5462 ὧνπερ
2797 5392 2846 5444 oi
2879 5390 3010 5460 πρὶν
3036 5386 3329 5457 ὲζοιροῦντο
3350 5385 3419 5454 τῇ
3445 5382 3626 5454 πλάνῃ

2472 5484 2902 5555 Ἀποσφαλέντες
2928 5481 3129 5544 πάντες
3162 5477 3376 5539 εὐθείας
3404 5474 3620 5547 τρίϐου.

2475 5578 2688 5640 Ἀπλῶς
2716 5593 2774 5629 τε
2803 5575 2997 5636 κοινῶς
3026 5573 3135 5625 τῶν
3165 5569 3390 5623 ἐκείνων
3412 5566 3699 5636 δογμάτων

2460 5671 2686 5744 Τρανῶς
2718 5669 2932 5739 ἐλέγχει
2953 5666 3111 5720 τοῦτο
3138 5664 3239 5735 τὴν
3275 5659 3679 5731 γλωσσαλγιαν.

630 5834 705 5907 (b)
746 5837 1001 5898 Lambec.
1034 5841 1089 5897 in
1139 5844 1385 5914 margine
1431 5845 1574 5903 hanc
1607 5848 1853 5904 notulam
1894 5850 2129 5922 adjecit:
2176 5851 2429 5908 Notabile
2465 5852 2777 5906 vocabulum
2811 5848 3053 5904 undecim
3095 5844 3443 5915 syllabarum.
