3920 6316
398 310 481 391 ’ίὸ

1289 438 1565 450 h—m

596 446 981 463 ς-υ--ς-ί--ξ-ἐ

1387 300 1879 378 TllEODORETI
1918 288 2260 371 EPISCOPI
2296 305 2687 369 CYRENSIS.

1874 447 2258 460 M

703 590 1069 763 ,ΤΟΥ
1141 578 2027 723 ΜΑΚΑΡΙΟΥ
2117 577 2347 714 ΘΕ

3597 290 3665 359 76

3407 430 3582 458 arma.

2252 434 2705 444 Μ

2260 450 2389 459 «~—

2351 534 3341 730 ΟΔΩΡΗΤΟΥ,

1578 793 2099 852 ΕΠΙΣΚΟΠΟΥ
2157 792 2493 859 ΚΥΡΟΥ,

859 1084 1062 1201 TA
1118 1078 1660 1197 AIIOPA
1713 1079 1993 1192 ΤΗΣ

2101 1075 2541 1192 ΘΕΙΑΣ
2619 1076 3223 1191 ΓΡΑΦΗΣ
3288 1172 3301 1185 .

1747 1299 1842 1350 ΚΑ
1855 1294 1913 1349 Τ⁹
1944 1295 2089 1350 ΕΚΛ
2102 1296 2327 1351 ΟΓΗΝ.

1015 1560 1591 1717 ΒΕΑΤΙ

2111 1555 2968 1715 ODORETI

1598 1850 1601 1851 ν
1687 1826 2002 1888 EPISCOPI
2041 1826 2411 1895 CYRENSIS,

407 2024 569 2150 IN
628 2011 1041 2150 LOCA
1137 2011 2001 2143 DIFFICILIA
2105 2004 3049 2141 SCRIPTUR/E
3112 2001 3672 2135 SACIUE

1291 2263 2094 2372 QUIESTIONES
2163 2262 2723 2353 SELEC’I‘IE

841 2458 1069 2517 Joanne
1100 2456 1230 2513 Pico
1263 2454 1488 2521 prwside
1518 2454 1771 2511 classium
1789 2452 2251 2525 inquisitoriarnm
2286 2450 2513 2505 Senatus
2545 2449 2868 2505 Parisiensis
2904 2450 3213 2520 interprete.

958 2682 1003 2751 1
1035 2677 1426 2737 PREFATIO.

471 2798 774 2871 Ambiguas
791 2795 984 2852 divina:
1003 2794 1300 2865 Scriptura:
1330 2793 1663 2865 quaestiones
1692 2804 1747 2849 et
1765 2794 1855 2849 alii
1872 2796 1996 2865 qni-

402 2892 525 2947 dem
542 2890 769 2947 studiosi
792 2889 895 2945 viri
915 2887 1228 2944 enodandas
1245 2893 1604 2956 susceperunt
1617 2925 1634 2952 ,
1657 2886 1787 2941 utin
1807 2887 1891 2941 his
1914 2885 1993 2942 vel

404 2997 624 3039 sensum
656 2981 949 3052 aperirent,
972 2980 1050 3034 vel
1069 2993 1265 3035 causas
1286 2971 1655 3042 ostenderent,
1686 2979 1869 3033 omnia
1899 2978 1996 3034 de-

405 3091 554 3132 mum
596 3075 885 3145 perspicua
930 3073 1257 3139 redderem,
1306 3086 1430 3142 quae
1463 3071 1628 3141 vulgo
1656 3071 1992 3126 abstrusiora

404 3169 739 3223 viderentur.
767 3164 851 3221 Tu
874 3179 1003 3221 vero
1033 3178 1120 3220 me
1147 3178 1258 3235 pne
1274 3164 1504 3230 caeteris,
1526 3162 1758 3218 ﬁliorum
1791 3162 1996 3217 charis-

406 3261 541 3315 sime
570 3257 765 3332 llypati
789 3299 806 3327 ,
837 3267 897 3314 ut
916 3257 1024 3313 hoc
1056 3244 1368 3334 praestarem
1396 3245 1722 3327 magnopere
1749 3255 1994 3309 hortatus

405 3367 494 3413 es.
534 3350 668 3408 utile
703 3351 757 3420 2
796 3349 985 3406 multis
1005 3348 1110 3413 hoc
1142 3348 1307 3404 etiam
1332 3363 1471 3419 opus
1493 3346 1736 3404 futurum
1771 3346 1995 3402 omnino

405 3441 698 3497 aﬂlrmans.
712 3441 1078 3508 Quamobrem
1099 3440 1222 3496 licet
1238 3440 1450 3495 infirma
1471 3454 1645 3496 essem
1662 3439 1991 3506 valetudine,

406 3534 684 3593 laborem‘
711 3536 856 3590 hunc
872 3549 979 3589 non
1012 3533 1259 3589 recusavi
1287 3550 1300 3587 :
1333 3532 1476 3587 haud
1516 3532 1647 3587 mihi
1681 3546 1811 3586 sane
1834 3531 2000 3587 conli-.

405 3618 573 3694 deus,
614 3626 709 3683 sed
749 3626 825 3681 illi
867 3625 961 3696 qui
1008 3625 1125 3680 haec
1156 3625 1230 3679 ita
1281 3622 1552 3680 conscribi
1583 3622 1767 3694 jussit.
1817 3620 1993 3692 Ipsius

406 3716 552 3770 enim
597 3723 720 3782 est,
764 3714 1021 3769 latentem
1054 3713 1135 3767 .in
1182 3713 1360 3767 littera
1403 3712 1731 3768 sententiam
1767 3711 1993 3766 demon-

407 3814 602 3861 strare.
631 3803 770 3858 Nam
804 3811 859 3869 et
898 3803 952 3857 in
993 3801 1168 3858 sacris
1207 3800 1513 3871 Evangeliis
1562 3815 1657 3870 per
1703 3799 1989 3869 parabolas

405 3897 654 3959 docebat,
688 3903 741 3951 et
775 3910 969 3969 eorum
993 3907 1114 3969 quae
1143 3892 1437 3950 obscurius
1479 3891 1623 3946 dicta
1661 3890 1875 3945 fuerant
1902 3890 1988 3945 in-

409 3990 849 4059 terpretationem
876 3985 1206 4058 proferebat.
1234 3984 1404 4055 Abeo
1432 3985 1595 4055 igitur
1619 3983 1988 4055 intelligentiae

2021 2690 2066 2746 Α

2639 2680 3000 2734 ΠΡοΑοιποΣ
3033 2680 3130 2751 (η).

2168 2793 2280 2847 Καὶ
2324 2792 2475 2847 ἄλλοι
2525 2792 2625 2863 μὲν
2667 2791 2991 2863 φιλομαθεῖς
3042 2791 3234 2863 ἄνδρες
3282 2791 3685 2862 ἐπηγγείλαντο

2093 2886 2341 2941 διαλῦσαι
2367 2885 2468 2956 τῆς
2494 2884 2646 2950 θείας
2684 2886 2910 2958 Γραφῆς
2944 2885 3012 2939 τὰ
3036 2885 3298 2943 δοκοῦντα
3339 2883 3480 2939 εἶναι
3511 2885 3682 2957 ζητή-

2098 2991 2243 3053 ματα
2262 2997 2275 3010 ’
2303 2979 2399 3034 καὶ
2421 2979 2531 3034 τῶν
2574 2978 2673 3050 μὲν
2711 2977 3016 3045 ἀναπτύξαι
3059 2978 3151 3032 τὸν
3191 2977 3347 3033 νοῦν·
3371 2979 3481 3032 τῶν
3502 2979 3558 3031 δὲ
3582 2979 3686 3043 τὰς

2095 3071 2274 3135 αἰτίας
2301 3070 2540 3142 δηλῶσαι
2561 3084 2576 3100 ο
2616 3072 2713 3125 καὶ
2742 3068 3081 3136 ἁπαξαπλῶς
3108 3068 3389 3140 ἀποφῆναι
3427 3067 3576 3138 σαφῆ
3614 3070 3684 3123 τὰ

2093 3169 2207 3230 τοῖς
2240 3165 2456 3229 πολλοῖς
2495 3164 2556 3218 οὐ
2588 3164 2811 3219 τοιαῦτα
2846 3165 3170 3234 φαινόμενα.
3210 3163 3282 3217 Σὺ
3310 3163 3366 3218 δὲ
3396 3163 3688 3233 διαφερόν-

2097 3278 2228 3325 τως,
2251 3259 2477 3330 φίλτατε
2504 3259 2712 3314 παίδων
2743 3259 2995 3323 ’Υπάτιε,
3022 3257 3183 3311 τοῦτό
3208 3275 3276 3329 με
3303 3258 3512 3330 πρᾶξαι
3533 3274 3684 3328 παρ-

2097 3352 2374 3423 ὡτρυνας·
2401 3351 2619 3415 πολλοῖς
2639 3349 2918 3421 ὠφέλιμον
2945 3349 3166 3404 ἔσεσθαι
3204 3351 3296 3405 καὶ
3324 3350 3442 3404 τόδε
3467 3349 3529 3402 τὸ
3553 3349 3686 3419 σύγ-

2094 3460 2332 3516 γραμμα
2372 3442 2495 3497 λίαν
2550 3443 2993 3515 ἰσχυρισάμενος.
3036 3435 3113 3495 Οὖ
3150 3442 3214 3513 δὴ
3260 3442 3447 3510 ἕνεκα,
3502 3445 3685 3499 καίτοι

2093 3534 2190 3589 τοῦ
2221 3534 2475 3605 σώματος
2504 3535 2607 3589 οὐκ
2627 3533 2687 3590 εὗ
2731 3554 2820 3606 μοι
2844 3535 3215 3605 διακειμένου,
3258 3535 3407 3589 τόνδε
3432 3537 3687 3608 προειλό-

2097 3642 2206 3696 μην
2248 3626 2340 3679 τὸν
2385 3626 2582 3679 πόνονυ
2629 3626 2732 3679 οὐκ
2768 3625 2996 3697 ἐμαυτῷ
3035 3642 3099 3695 γε
3138 3624 3380 3698 Θαρῤῶν,
3414 3625 3555 3679 ἀλλὰ
3604 3628 3686 3697 τῷ

2092 3714 2248 3770 ταῦθ’
2282 3715 2429 3770 οὕτω
2461 3716 2852 3789 συγγραφῆναι
2898 3718 3314 3788 προστεταχότι.
3360 3717 3536 3771 Αὐτοῦ
3572 3719 3686 3790 γάρ

2093 3796 2242 3863 ὲστιν
2282 3808 2548 3875 ἐπιδεῖξαι
2596 3809 2698 3881 τὴν
2749 3811 2808 3864 ὲν
2843 3808 2921 3880 τῷ
2959 3808 3254 3881 γράμματι
3288 3810 3687 3882 κεκρυμμένην

2091 3901 2354 3957 διάνοιαν.
2380 3900 2550 3965 Αὐτὸς
2573 3901 2682 3972 γὰρ
2715 3903 2820 3955 κὰν
2850 3903 2965 3966 τοῖς
2992 3903 3159 3973 ἱεροῖς
3180 3901 3558 3971 Εύαγγελίοις,
3586 3906 3684 3956 καὶ

2093 3991 2487 4062 παραϐολικῶς
2525 3990 2628 4064 τὴν
2666 3992 3017 4047 διδασκαλίαν
3053 3994 3365 4066 προσέφερε
3387 4011 3401 4025 ·
3437 3995 3534 4048 καὶ
3574 3996 3687 4050 τῶν
3725 4001 3728 4004 ’

406 4082 623 4139 radium
659 4082 988 4153 implorans,
1033 4080 1268 4152 Spiritus
1296 4077 1469 4136 sancti
1510 4077 1668 4146 adyta
1705 4088 1992 4149 penetrare

2101 4086 2508 4155 αἰνιγματωδῶς
2554 4085 2860 4159 εἰρημένων
2921 4088 3161 4140 ἐποιῑῖτο
3218 4087 3323 4157 τὴν
3360 4087 3686 4159 ἑρμηνείαν.

407 4173 669 4230 conabor.
688 4173 980 4229 Sciendum
1004 4184 1184 4228 autem
1209 4181 1289 4228 est
1315 4181 1441 4228 ante
1467 4172 1674 4236 omnia,
1708 4184 1816 4225 non
1843 4183 1992 4221 enm-

407 4268 533 4323 dcm
579 4267 838 4323 omnibus
883 4263 1193 4336 inquirendi
1237 4278 1464 4334 scopum
1514 4276 1578 4318 ac
1633 4263 1792 4317 linem
1846 4244 2009 4316 tisse."

412 4362 551 4416 Sunt
575 4360 722 4414 enim
748 4359 842 4430 qui
874 4357 1041 4430 impie
1073 4357 1453 4423 sciscitantur,
1481 4354 1720 4411 divinam
1755 4353 1991 4423 Scriptu-

413 4469 527 4509 ram
557 4467 705 4507 nunc
733 4460 992 4522 tanquam
1028 4464 1138 4505 non
1173 4456 1325 4505 recta
1355 4447 1796 4517 praecipientem,
1845 4460 1992 4501 nunc

413 4546 577 4602 veluti
627 4545 904 4602 contraria
951 4544 1235 4600 docentem
1284 4541 1615 4610 redarguere
1660 4537 1988 4596 studentes:

411 4639 503 4694 alii
535 4652 666 4694 vero
691 4635 936 4693 discendi
975 4634 1157 4689 studio
1186 4640 1443 4704 quaerunt
1465 4672 1480 4698 ,
1516 4639 1572 4687 et
1614 4629 1857 4685 invenire
1899 4643 1994 4686 cu-

413 4732 569 4804 piunt
596 4728 744 4802 quod
774 4716 1057 4799 quaeritur.
1102 4723 1214 4782 Nos
1258 4738 1388 4796 ergo
1429 4733 1482 4780 et
1518 4723 1837 4794 blasphema
1874 4723 1995 4779 illo-

414 4845 534 4886 rum
556 4843 664 4884 ora
692 4827 804 4883 Deo
832 4826 1046 4882 favente
1074 4825 1444 4892 obstruemus,
1474 4823 1673 4879 divinm
1699 4823 1995 4894 Scriptum

416 4921 760 4977 ostendentes
790 4928 904 4975 tum
942 4925 1334 4975 consonantem
1360 4958 1373 4982 ,
1420 4925 1533 4971 tum
1569 4916 1832 4988 optimam
1871 4933 1993 4974 esse

415 5011 717 5067 doctrinam
742 5028 758 5079 ;
800 5016 855 5065 et
885 5007 1025 5076 istis,
1058 5006 1240 5078 quoad
1271 5006 1533 5077 consequi
1564 5006 1769 5072 licebit,
1801 5007 1995 5063 dubia-

416 5120 534 5160 rum
562 5103 926 5174 quaestionum
957 5097 1394 5170 explanationem
1426 5112 1760 5168 promemus.
1784 5096 1994 5153 Princi-

413 5199 561 5267 pium
590 5206 773 5252 autem
808 5194 1072 5251 ducemus
1106 5191 1176 5247 ab
1206 5190 1325 5262 ipso
1364 5190 1665 5248 creationis
1700 5191 1994 5262 principio.

417 5289 542 5347 Haec
565 5290 712 5346 enim
744 5288 1005 5344 divinitus
1032 5284 1308 5358 inspirata:
1336 5279 1634 5357 Scriptura!
1662 5284 1994 5356 principium

418 5392 500 5441 est
543 5393 597 5439 et
627 5383 935 5439 exordium.

487 5590 566 5660 (αν)
596 5588 760 5645 Abest
783 5604 812 5644 a
835 5588 1485 5660 codiceAugustano,qui
1513 5588 1856 5660 inscribitur,
1881 5587 1992 5643 Τοῦ

412 5658 708 5729 μακαρίου
774 5658 1156 5728 Θεοδωρήτοὺ
1211 5662 1301 5726 εις
1333 5662 1407 5714 τὰ
1445 5659 1642 5729 ἄπορα
1683 5658 1795 5728 τῆς
1831 5660 1995 5724 θείας

418 5730 666 5802 Ιζραφῆς
688 5735 812 5785 κατ’
839 5732 1125 5802 ἐκλογήν.
1163 5730 1357 5799 Incipit
1395 5730 1478 5784 hic
1507 5732 1700 5794 codex,
1725 5731 1881 5799 cujus
1900 5744 1995 5784 va-

2101 4175 2239 4246 Παρ’
2276 4176 2444 4229 αὐτοῦ
2489 4176 2671 4230 τοίνυν
2704 4176 2805 4246 τῆς
2837 4178 3031 4247 νοερᾶς
3067 4177 3286 4240 ἀκτῖνος
3322 4176 3689 4249 ἀντιϐολήσας

2099 4270 2305 4338 τυχεῖν,
2327 4267 2437 4322 τῶν
2468 4267 2563 4322 τοῦ
2586 4270 2858 4336 παναγίου
2898 4269 3223 4339 Πνεύματος
3259 4268 3474 4326 ἀδύτων
3505 4287 3688 4325 κατα-

2100 4359 2373 4430 τολμῆσαι
2423 4362 2779 4432 πειράσομαι.
2828 4361 3025 4415 Ἰστέον
3074 4362 3132 4417 δὲ
3190 4362 3298 4435 πρὸ
3353 4363 3464 4417 τῶν
3508 4363 3688 4418 ἄλλων

2102 4450 2375 4515 ἁπάντων,
2406 4452 2483 4516 ὡς
2507 4453 2609 4524 οὐχ
2633 4454 2874 4518 ἅπαντες
2896 4452 3190 4524 σύμφωνον
3214 4453 3396 4524 ἔχουσι
3424 4454 3523 4526 τῆς
3550 4456 3689 4526 ἐρω-

2100 4548 2312 4619 τήσεως
2345 4546 2437 4601 τὸν
2469 4549 2693 4605 σκοπόν.
2733 4548 2874 4601 Ἀλλ’
2901 4550 2950 4603 οἱ
2985 4549 3083 4619 μὲν
3107 4547 3387 4612 δυσσεϐῶς
3412 4548 3688 4621 ἐρωτῶσι,

2101 4639 2400 4712 διελέγχειν
2422 4640 2660 4711 οἰόμενοι
2697 4640 2796 4712 τὴν
2821 4639 2972 4695 θείαν
3007 4640 3233 4711 Γραφήν
3259 4657 3272 4670 ·
3314 4638 3413 4694 νῦν
3452 4639 3573 4709 μὲν,
3610 4639 3687 4703 ὡς

2101 4732 2202 4786 οὐκ
2223 4731 2359 4804 ὀρθὰ
2388 4732 2755 4788 παιδεύουσαν
2778 4749 2790 4762 ·
2826 4732 2921 4787 νῦν
2944 4732 3021 4797 δὲ,
3055 4733 3131 4797 ὡς
3156 4731 3375 4785 ἐναντία
3398 4729 3686 4785 διδάσκου-

2106 4842 2226 4879 σαν.
2255 4826 2318 4880 Oi
2346 4826 2403 4880 δὲ
2440 4824 2756 4897 φιλομαοῶς
2789 4824 3037 4897 ζητοῦσι,
3075 4824 3172 4878 καὶ
3208 4822 3466 4877 ποθοῦσιν
3503 4824 3689 4894 εὑρεῖν

2104 4917 2165 4972 τὸ
2214 4917 2564 4989 ζητούμενον.
2617 4918 2905 4971 Κάκείνων
2948 4917 3129 4971 τοίνυν
3167 4917 3547 4989 ὲμφράξομεν,
3589 4916 3689 4972 σὺν

2100 5006 2221 5079 Θεῷ
2256 5009 2445 5078 φάναι,
2489 5008 2558 5061 τὰ
2593 5007 2892 5080 βλάσφημα
2928 5010 3193 5080 στόματα,
3240 5009 3338 5078 τῆς
3372 5009 3525 5071 Θείας
3562 5010 3688 5063 ἐπι-

2097 5100 2409 5166 δεικνύντες
2438 5101 2664 5171 Γραφῆς
2697 5102 2792 5156 καὶ
2820 5102 2919 5172 τὴν
2953 5100 3298 5173 συμφωνίαν,
3328 5102 3421 5156 καὶ
3441 5101 3539 5170 τὴν
3559 5100 3689 5171 ἀρί-

2105 5209 2237 5265 στην
2267 5193 2649 5247 διδασκαλίαν
2681 5194 2776 5247 καὶ
2822 5192 3032 5257 τούτοις
3075 5194 3150 5258 ὡς
3190 5187 3301 5247 οἶόν
3339 5210 3397 5246 τε
3438 5193 3547 5246 τῶν
3584 5194 3690 5246 ἐπ-

2102 5285 2496 5358 απορουμένων
2540 5286 2639 5355 τὴν
2685 5285 2838 5340 λύσιν
2903 5284 3288 5356 προσοίσομεν.
3355 5284 3556 5357 Ἀρχὴν
3630 5285 3689 5338 δὲ

2102 5378 2309 5433 τούτων
2354 5380 2652 5449 ποιήσομαι
2697 5379 2797 5449 τῆς
2854 5379 3087 5443 κτίσεως
3147 5381 3246 5452 τὴν
3290 5379 3488 5451 ἀρχήν.
3535 5378 3689 5451 Αὕτη

2105 5468 2214 5543 γὰρ
2252 5470 2397 5541 ἀρχὴ
2442 5471 2537 5524 καὶ
2583 5471 2866 5541 προοίμιον
2898 5471 2997 5542 τῆς
3034 5472 3391 5526 θεοπνεύστου
3438 5472 3690 5545 Γραςρῆς⁸

2103 5590 2311 5662 riantes
2350 5587 2853 5662 lectionesnotatu
2909 5590 3188 5661 digniores
3242 5591 3475 5661 margini
3508 5592 3691 5662 subji-

2103 5659 2325 5740 ciendas
2353 5673 2477 5714 esse
2514 5659 2796 5728 duximus,
2831 5676 2862 5716 a
2901 5659 3204 5731 quinstinne
3232 5659 3468 5719 secunda
3490 5663 3542 5717 in
3578 5659 3690 5719 Ge-

2103 5745 2281 5784 IICSIII.
