3920 6316
438 323 513 388 7D
662 348 674 360 -
1423 314 1913 380 TIIEODORETI
1967 309 2309 374 EPISCOPI
2357 311 2729 374 CYRENSIS
3647 302 3718 366 80

441 445 456 491 t
484 439 570 494 .iia
603 436 890 500 miracula,
916 435 1207 502 imaginem
1239 434 1393 490 vituli
1428 434 1593 489 Deum
1630 433 2027 489 salutavcrunt.

2137 427 2413 498 θαύματα,
2445 425 2543 498 τὴν
2577 425 2763 479 εἰκόνα
2789 420 2880 476 τοῦ
2908 418 3110 492 μῦσχου
3140 417 3274 472 Θεὸν
3295 416 3674 489 ἀνηγόρευσαν
3697 432 3713 445 ·

440 514 595 599 Quod
620 530 667 586 si
704 540 812 585 lam
854 528 1011 582 facile
1060 528 1162 582 sibi
1211 526 1350 581 υνυς
1378 533 1394 549 ⁵
1426 530 1701 582 tinxerunt
1732 541 1764 580 e
1802 526 2020 596 jumen-

446 635 621 678 torum
650 621 989 685 simulacris,
1024 620 1153 689 quid
1199 634 1308 674 non
1352 619 1716 691 perpelraturi
1757 617 2019 679 fuissent,

448 712 738 770 invisibilis
790 723 1001 767 natura:
1044 712 1293 767 notitiam
1343 711 1630 767 assecuti?
1666 709 1906 781 Hujusce
1942 709 2022 764 rei

441 899 709 953 allocutus
738 906 823 953 est
859 913 955 968 per
979 897 1232 967 angelum
1255 940 1270 965 ,
1299 914 1473 968 usque
1501 898 1565 953 ad
1597 907 1841 968 tempora
1886 896 2025 950 inte-

437 989 662 1061 εειιίιηί
692 988 945 1043 Abrahae.
980 989 1224 1044 Primum
1257 989 1405 1044 enim
1436 998 1681 1060 tempore
1710 991 1855 1060 Agar
1887 986 2025 1050 divi-

441 1096 546 1136 nus
588 1078 772 1136 Moses
815 1080 1065 1135 meminit
1114 1081 1332 1151 angeli,
1390 1081 1555 1151 idque
1600 1080 1906 1151 justissima
1958 1079 2025 1135 de

438 1169 780 1228 causa.Nam
808 1170 954 1242 Agar
978 1182 1163 1242 typum
1197 1173 1415 1243 gerebat
1458 1173 1656 1228 veteris
1686 1170 2018 1237 testamenti,

440 1264 739 1319 secundum
764 1262 1007 1317 divinum
1025 1262 1379 1334 Apostoluin:
1413 1283 1432 1316 ι
1454 1263 1601 1336 Agar
1622 1264 1791 1329 enim,
1822 1262 2018 1333 inquit,

440 1353 568 1406 Sina
602 1368 760 1407 mons
785 1363 869 1408 est
900 1352 951 1424 5
982 1353 1038 1407 in
1060 1354 1284 1421 Arabia,
1311 1355 1638 1424 conjunctus
1662 1354 1711 1408 ei
1735 1369 1854 1425 quae
1881 1366 2026 1407 nunc

441 1454 518 1499 est
538 1442 842 1499 Jerusalem
862 1444 912 1499 ιο.
935 1465 953 1499 ι
968 1443 1106 1503 Cum
1121 1443 1290 1518 igitur
1310 1456 1409 1512 per
1431 1444 1650 1514 angelos
1672 1444 1796 1499 data
1824 1444 1893 1499 sit
1917 1444 2023 1511 lex,

447 1554 463 1584 ι
501 1533 773 1602 Disposila
802 1532 943 1587 cnim
970 1573 984 1597 ,
1028 1534 1139 1597 ait,
1186 1548 1280 1604 per
1314 1533 1533 1604 angelos
1574 1548 1735 1589 manu
1764 1532 2027 1589 Mediam-

441 1624 516 1676 ris
546 1633 568 1660 ο
596 1639 610 1687 ;
642 1632 697 1678 et
732 1622 965 1677 iterum:
1006 1643 1024 1674 ι
1075 1623 1131 1678 Si
1177 1624 1269 1693 qui
1312 1640 1407 1693 per
1450 1623 1674 1695 angelos
1717 1623 1896 1680 dictus
1944 1632 2027 1677 cst

438 1724 650 1775 sermo,
696 1708 872 1765 factus
908 1718 994 1764 est
1045 1708 1287 1767 lirmus‘l
1318 1749 1336 1777 ,
1386 1729 1405 1762 ι
1456 1711 1740 1782 aptissime
1783 1712 2025 1781 profecto

2123 523 2174 574 οἰ
2210 520 2265 574 δὲ
2307 521 2377 575 τά
2410 519 2519 574 τῶν
2559 516 2776 590 κτηνῶν
2820 514 3119 584 ἰνδάλματα
3158 511 3355 583 ῥᾳδίως
3389 509 3565 572 οὕτως
3593 509 3717 563 θεο-

2125 614 2475 683 ποιήσαντες,
2502 610 2556 665 τί
2583 610 2684 667 οὐκ
2722 608 2789 681 ἂν
2824 607 3082 683 ἔδρασαν,
3114 605 3163 657 εἰ
3194 602 3302 656 τῶν
3326 602 3576 673 ἀοράτων
3612 602 3720 671 φύ-

2126 720 2269 756 σεων
2294 703 2392 773 τὴν
2421 700 2624 771 γνῶσιν
2660 699 2948 766 ὲδέξαντος
2984 695 3188 750 Τούτου
3213 695 3375 766 χάριν
3419 693 3581 769 μέχρι
3614 692 3722 762 τῆς

319 826 339 846 ο
442 809 610 874 gratia
632 805 776 862 Deus
794 804 1164 861 universitatis
1190 804 1442 861 conditor
1480 804 1752 859 neminem
1781 811 2021 859 veterum

2129 793 2217 849 τοῦ
2251 793 2506 864 Ἀϐραὰμ
2536 792 2898 862 τελειότητος,
2931 789 3105 844 οὐδενὶ
3141 788 3251 842 τῶν
3291 787 3459 841 πάλαι
3496 785 3721 856 ἀνθρώ-

2126 902 2244 939 πων
2282 885 2349 938 δι’
2385 884 2622 954 ἀγγέλου
2671 885 2700 938 δ
2733 883 2843 936 τῶν
2872 881 3010 935 ὅλων
3044 879 3294 951 διελέχθη
3337 877 3468 943 Θεός
3490 894 3505 908 θ
3533 878 3628 931 ἐπὶ
3657 877 3725 928 δὲ

2124 977 2225 1048 τῆς
2275 977 2459 1049 ’Ἅγαρ
2505 975 2721 1048 πρῶτον
2770 972 3007 1042 ἀγγέλου
3055 971 3276 1043 μνήμην
3340 971 3367 1023 ὁ
3424 968 3723 1031 θεσπέσιος

2126 1069 2419 1141 ἐποιήσατο
2452 1067 2696 1138 Μωῦσῆς
2720 1083 2735 1097 ’
2769 1066 2865 1120 καὶ
2912 1065 3061 1136 μάλα
3097 1064 3361 1126 εἰκότως·
3396 1059 3563 1123 τύπος
3604 1061 3723 1128 «(ip

2125 1162 2159 1231 ή
2193 1162 2373 1232 ’Λγαρ
2407 1161 2506 1232 τῆς
2540 1159 2775 1222 παλαιᾶς
2799 1158 3061 1229 διαθήκης
3091 1156 3233 1210 κατὰ
3263 1154 3354 1208 τὸν
3384 1153 3526 1206 θεῖον
3553 1153 3726 1209 Ἀπᾶο

2127 1254 2335 1305 στολον.
2377 1269 2396 1303 ι
2428 1250 2501 1303 Τὸ
2535 1249 2645 1321 γάρ
2682 1250 2886 1320 Ἅγαρ,
2919 1248 3075 1318 φησὶ,
3106 1246 3241 1299 Σινᾶ
3271 1245 3348 1315 (5)
3393 1243 3521 1314 ὅρος
3562 1243 3724 1296 ἐστὶν

2127 1348 2185 1399 ὲν
2238 1349 2304 1417 τῇ
2343 1345 2590 1417 Ἀραϐίᾳ,
2619 1345 2892 1413 συστοιχεῖ
2927 1343 2984 1396 δὲ
3021 1345 3087 1413 τῇ
3129 1340 3223 1395 νῦν
3254 1336 3638 1411 Ἰερουσαλήμ.
3693 1355 3717 1386 ι

2140 1437 2361 1508 Ἐπειδὴ
2391 1436 2575 1491 τοίνυν
2606 1435 2674 1490 δι’
2705 1436 2953 1505 ἀγγέλων
2981 1436 3009 1488 ὁ
3039 1435 3202 1505 νόμος
3224 1432 3381 1503 ἐδόθη
3401 1442 3417 1459 ⁸
3453 1448 3472 1481 ι
3508 1432 3718 1484 Διατα-

2127 1530 2244 1599 γεὶς
2269 1530 2400 1602 γὰρ,
2435 1527 2592 1601 φησὶ,
2616 1529 2686 1583 δι’
2711 1527 2965 1599 ἀγγέλων
2993 1529 3052 1582 ὲν
3079 1527 3224 1598 χειρὶ
3261 1525 3484 1595 μεσίτου
3511 1539 3525 1553 ⁸
3560 1541 3581 1583 ι
3620 1522 3722 1576 καὶ

2128 1622 2311 1685 πάλιν,
2351 1640 2370 1672 ι
2408 1622 2470 1674 Εἰ
2502 1624 2530 1675 ὁ
2561 1620 2631 1674 δι’
2659 1620 2910 1690 ἀγγέλων
2963 1619 3221 1690 λαληθεὶς
3279 1616 3439 1687 λόγος
3479 1616 3723 1683 ,ἐγένετο

2132 1713 2379 1784 βέϐαιος·
2423 1733 2444 1766 ι
2488 1713 2585 1767 καὶ
2620 1712 2768 1784 μάλα
2807 1712 3135 1783 προσφόρως
3181 1712 3210 1764 ὁ
3252 1709 3366 1763 τῶν
3396 1707 3534 1763 ὅλων
3579 1706 3722 1768 Θεὸς

438 1799 587 1856 Deus
626 1803 872 1858 omnium
911 1817 1007 1873 per
1029 1802 1286 1876 angelum
1329 1814 1384 1859 et
1420 1804 1702 1861 servitutis
1732 1804 1982 1859 meminit
2005 1844 2019 1868 ,

2129 1802 2196 1855 δι’
2235 1802 2470 1872 ἀγγέλου
2507 1803 2528 1832 ¹
2566 1803 2662 1856 καὶ
2710 1800 2811 1871 τῆς
2857 1800 3105 1864 δουλείας
3157 1799 3459 1870 ἀνέμνησε,
3498 1796 3596 1851 καὶ
3652 1798 3723 1851 τὰ

439 1903 494 1949 et
521 1910 644 1965 qua:
666 1894 734 1950 ad
767 1908 999 1965 puerum
1025 1896 1429 1967 procreandum
1459 1897 1804 1968 pertinebant
1830 1896 2024 1954 effatus

438 1984 720 2054 eSI.QtIOd
751 1994 930 2042 autem
977 1995 1230 2043 naturam
1282 1996 1520 2044 creatam
1556 1989 1797 2045 habeant
1845 1990 2025 2062 angeli

439 2093 602 2150 atque
630 2079 982 2151 archangeli,
1023 2090 1082 2143 et
1106 2079 1152 2137 si
1176 2081 1305 2152 quid
1334 2081 1479 2137 aliud
1505 2090 1589 2137 est
1619 2082 2023 2153 incorporeum,

439 2178 667 2240 excepta
696 2181 888 2226 sancta
911 2169 1197 2237 Trinitate,
1225 2170 1508 2243 Scriptura
1531 2173 1713 2228 divina
1735 2188 1838 2230 nos
1862 2174 2020 2230 docet

437 2268 624 2329 aperte
642 2300 655 2315 .
682 2260 963 2331 Siquidem
990 2262 1091 2319 hos
1114 2263 1284 2319 etiam
1312 2264 1377 2319 ad
1405 2264 1735 2320 laudandum
1771 2266 2021 2322 hortatur

441 2352 605 2408 David
634 2354 897 2424 propheta
929 2372 943 2408 :
1003 2373 1022 2407 ι
1058 2353 1303 2412 Laudate
1325 2396 1341 2422 ,
1382 2356 1600 2428 inquit,
1649 2375 1799 2425 cum,
1829 2373 2022 2415 omnes

438 2446 613 2517 angeli
660 2452 780 2514 ejus
824 2458 873 2514 ο,
906 2466 924 2500 ι
972 2458 1029 2504 et
1055 2464 1279 2504 causam
1318 2450 1522 2506 docens
1545 2451 1784 2520 adjecit:
1832 2470 1849 2503 ι
1881 2451 2018 2520 Quia

442 2539 551 2606 ipse
589 2537 758 2603 dixit,
809 2548 865 2594 et
910 2539 1052 2596 facta
1079 2550 1228 2609 sunt;
1269 2540 1384 2609 ipse
1430 2542 1728 2608 mandavit,
1765 2553 1817 2598 et
1866 2561 2025 2600 crea-

438 2642 492 2685 ta
533 2639 662 2687 sunt
688 2629 709 2671 ῐ
731 2671 748 2699 ,
775 2651 797 2685 ι
822 2640 876 2688 ει
909 2649 1103 2690 rursus
1144 2634 1199 2689 in
1255 2636 1363 2692 alio
1401 2638 1611 2706 psalmo
1647 2658 1661 2693 :
1704 2657 1723 2690 ι
1753 2637 1856 2705 Qui
1897 2639 2026 2695 facit

439 2724 658 2795 angelos
712 2740 845 2782 suos
908 2727 1172 2796 spiritus,
1226 2735 1284 2784 et
1328 2729 1610 2786 ministros
1674 2746 1805 2787 suos
1870 2730 2025 2786 natii-

438 2831 583 2871 mam
611 2818 752 2889 ignis
771 2820 817 2873 ⁸.
838 2837 858 2871 ι
894 2818 960 2875 Ει
990 2820 1131 2876 beati
1154 2829 1264 2877 tres
1294 2824 1445 2891 pueri
1476 2824 1722 2879 divinum
1756 2825 2018 2897 hymnum

441 2919 681 2967 lexenles
729 2911 784 2966 in
833 2910 1055 2967 fornace
1080 2952 1097 2980 ,
1125 2922 1246 2984 post
1268 2917 1585 2985 praeclarum
1628 2926 1683 2972 et
1710 2934 2020 2990 congruen-

443 2999 710 3060 tissimunt
768 3001 902 3057 illud
951 3004 1233 3059 exordium
1277 3020 1292 3060 :
1351 3023 1370 3057 ι
1423 3006 1731 3063 Benedicite
1770 3049 1791 3079 ι
1840 3010 2024 3065 omnia

438 3106 600 3163 opera
652 3090 884 3157 Domini,
924 3092 1177 3162 Domino,
1208 3115 1228 3150 ι
1265 3112 1389 3151 mox
1449 3079 1697 3152 addunt:
1743 3119 1759 3151 ι
1798 3097 2029 3154 Benedi-

2132 1892 2263 1964 περλ
2302 1890 2397 1945 τοῦ
2426 1890 2834 1963 τεχθησομένου
2880 1890 3073 1954 παιδὸς
3121 1889 3555 1961 προηγόρευσεν.
3593 1888 3723 1942 Ὅτι

2128 1983 2185 2037 δὲ
2219 1982 2447 2055 κτιστὴν
2480 1981 2668 2053 ἔχουσι
2708 1981 2875 2051 φύσιν
2921 1980 3016 2036 καὶ
3044 1980 3271 2050 ἄγγελοι
3315 1981 3409 2034 καὶ
3438 1979 3723 2051 ἀρχάγγε-

2130 2073 2233 2140 λοι,
2264 2074 2360 2127 καὶ
2390 2072 2443 2128 el
2462 2091 2515 2129 τι
2536 2073 2725 2142 ἔτερόν
2753 2075 2900 2127 ἐστιν
2922 2071 3238 2141 ἀσώματον,
3259 2071 3403 2143 πλὴν
3428 2072 3529 2141 τῆς
3553 2072 3724 2147 ἁγίας

2135 2166 2389 2238 Τριάδος,
2449 2168 2485 2239 ὴ
2548 2166 2670 2222 θεία
2731 2166 2919 2235 σαφῶς
2981 2165 3133 2236 ἡμᾶς
3193 2163 3439 2219 διδάσκει
3497 2163 3540 2216 Γ
3547 2165 3723 2236 ραφή.

2135 2259 2361 2332 ’Υμνεϊν
2422 2259 2532 2331 γάρ
2583 2259 2679 2314 καὶ
2712 2257 2926 2323 τούτοις
2983 2256 3151 2312 Δαόὶδ
3195 2257 3640 2329 παρακελεύεται
3688 2257 3723 2311 6

2131 2354 2422 2425 προφήτης
2449 2355 2526 2425 (4)
2545 2369 2560 2384 ·
2603 2372 2622 2406 ι
2645 2353 2863 2408 Αἰνεῖτε
2887 2351 2999 2423 γὰρ
3029 2350 3215 2416 αὑτὸν,
3244 2352 3401 2422 φησι,
3438 2352 3645 2416 πάντες
3670 2353 3722 2405 οἱ

2135 2444 2359 2515 ἄγγελοι
2380 2443 2547 2499 αὐτοῦ
2565 2459 2581 2476 ·
2612 2446 2811 2498 αἰνεῖτε
2843 2444 3006 2498 αὑτὸν
3028 2446 3201 2499 πᾶσαι
3230 2445 3293 2499 ἀί
3324 2443 3591 2515 δυνάμεις
3620 2445 3721 2498 αὖ·

2125 2538 2242 2594 τοῦ.
2274 2557 2294 2591 ι
2334 2539 2444 2592 Καὶ
2471 2539 2573 2610 τὴν
2594 2537 2777 2593 αἰτίαν
2804 2537 3072 2593 διδάσκων
3107 2539 3390 2610 ἐπήγαγεν
3414 2538 3525 2610 (5)'
3564 2537 3726 2592 «Ὅτι

2127 2628 2291 2693 αὐτὸς
2325 2625 2466 2697 εἷπε,
2494 2631 2588 2684 ’καί⁵
2618 2630 2959 2702 ἐγενήθησαν
2975 2630 3253 2697 (ϐ),αύτδς
3273 2631 3602 2697 ἐνετείλατο,
3624 2630 3721 2686 καὶ

2128 2720 2484 2791 ἐκτίσθησαν.
2504 2740 2524 2774 ι
2558 2722 2670 2776 Καὶ
2700 2721 2864 2777 πάλιν
2896 2723 2954 2777 ὲν
2974 2723 3149 2795 ἑτέρῳ
3170 2722 3392 2795 ψαλμῷ,
3420 2742 3440 2775 ι
3464 2724 3527 2777 '0
3545 2722 3722 2779 ποιῶν

2127 2813 2254 2878 τοὺς
2296 2813 2566 2883 ἀγγέλους
2615 2814 2785 2869 αύτοῦ
2837 2812 3148 2886 πνεύματα,
3176 2816 3431 2881 καὶτοὺς
3469 2815 3707 2888 λειτουρ-

2127 2906 2258 2973 γοὺς
2297 2905 2464 2960 αὐτοῦ
2498 2906 2671 2977 πυρὸς
2713 2905 2910 2976 φλόγα.
2953 2926 2972 2958 ι
3016 2908 3127 2961 Καὶ
3161 2909 3211 2963 οἰ
3252 2911 3405 2981 τρεῖς
3448 2908 3719 2981 μακάριοι

2132 2998 2319 3061 παῖδες
2369 2999 2426 3050 ὲν
2477 3000 2543 3069 τῇ
2597 3001 2814 3070 καμίνῳ
2846 2997 2939 3052 τὸν
2968 3000 3113 3054 θεῖον
3156 2999 3328 3081 ὕμνον
3372 3002 3719 3071 ὑφαίνοντες,

2137 3091 2232 3145 καὶ
2261 3092 2321 3144 τὸ
2350 3091 2683 3162 πανάριστον
2715 3093 2892 3146 ἐκεῖνο
2917 3093 3011 3146 καὶ
3039 3092 3160 3148 λίαν
3198 3095 3456 3167 ἁρμόδιον
3489 3096 3717 3168 εἰρηκό-

436 3180 564 3247 cite,
611 3183 786 3255 angeli
844 3182 1084 3252 Domini,
1134 3185 1406 3256 Domino,
1477 3204 1668 3244 onmes
1734 3197 2032 3261 potestates

2135 3196 2226 3243 τες
2278 3179 2588 3251 προοίμιονο
2626 3201 2646 3233 ι
2676 3182 2962 3249 Εὑλογεῖτε
3000 3182 3180 3238 πάντα
3228 3185 3297 3239 τά
3331 3185 3469 3257 ἔργα
3505 3188 3722 3258 Κυρίου

437 3272 697 3342 Domini,
750 3271 1031 3332 Domino:
1094 3278 1421 3336 benedicite.
1481 3280 1588 3338 Sed
1628 3281 1695 3336 de
1747 3283 1832 3340 his
1869 3286 2025 3354 plura

436 3366 584 3437 loqui
616 3383 1084 3439 supervacaneum
1118 3372 1380 3429 existimo
1401 3413 1416 3437 ,
1458 3376 1599 3429 cum
1629 3374 1794 3444 hujus
1824 3376 2025 3430 doctri-

437 3477 521 3515 nae
581 3463 741 3532 plena
793 3462 867 3520 sit
902 3463 1180 3522 divinitus
1233 3466 1502 3537 inspirata
1563 3466 1845 3538 Scriptura
1902 3470 2023 3524 uni-

435 3567 591 3609 VOI‘SR
599 3591 616 3609 ο

1038 3746 1321 3808 INTERR.
1367 3748 1454 3806 Ill.

438 3859 824 3916 l’rwceduntne
906 3859 1080 3930 angeli
1123 3864 1440 3938 creationem
1481 3866 1599 3922 caeli
1645 3877 1695 3922 et
1744 3878 1917 3938 terra,
1950 3888 2020 3925 an

849 3948 956 3987 ana
988 3949 1110 3988 cum
1136 3936 1210 3989 eis
1241 3938 1407 3992 creati
1440 3949 1560 3992 sunt
1583 3939 1609 3992 7

507 4019 826 4092 Superliuas
856 4021 1104 4095 equidem
1136 4026 1450 4097 hujusmodi
1480 4032 1813 4100 quastiones
1831 4032 2022 4089 existi-

434 4109 600 4163 mavi.
640 4109 696 4181 6
731 4107 869 4166 Nam
917 4112 1049 4182 quid
1103 4113 1316 4183 juvabit
1354 4132 1519 4174 nosse
1565 4119 1787 4184 quando
1813 4121 2019 4177 conditi

437 4202 549 4256 sint
603 4201 831 4273 angeli?
869 4201 1003 4259 Novi
1045 4205 1244 4270 etiam,
1277 4210 1423 4279 quod
1468 4209 1686 4266 divinus
1729 4212 2021 4282 Apostolus

437 4296 716 4366 praecipiat
763 4298 1088 4356 admirando
1112 4300 1422 4366 Timotheo,
1455 4320 1474 4354 ι
1520 4304 1847 4360 denuntiare
1890 4306 2018 4376 qui-

434 4388 688 4455 busdam,
720 4402 789 4443 ne
815 4388 974 4444 aliter
1003 4390 1235 4446 doceant
1261 4430 1276 4457 ,
1303 4407 1483 4462 neque
1509 4393 1785 4448 intendant
1819 4392 2019 4452 fabulis

432 4492 487 4534 et
515 4480 847 4551 genealogiis
886 4481 1253 4538 interminatis
1275 4484 1332 4537 ιι.
1366 4502 1384 4536 ι
1418 4482 1605 4539 Dicam
1642 4494 1843 4553 tamen,
1868 4487 2013 4556 quod

433 4572 634 4629 divinat
663 4571 962 4643 Scriptura;
995 4573 1248 4631 instituto
1281 4587 1714 4632 consentaneum
1755 4578 2012 4633 arbitror.

2133 3270 2224 3325 τὸν
2253 3271 2479 3342 Κύριον,
2522 3292 2539 3325 ι
2572 3274 2750 3338 Εὐθὺς
2778 3276 3081 3348 ἐπήγαγον,
3121 3296 3140 3330 ι
3169 3277 3457 3348 Εὐλογεῖτε
3488 3279 3720 3349 ἄγγελοι

2127 3364 2335 3433 Κυρίου
2368 3365 2459 3418 τὸν
2495 3368 2700 3438 Κύριον
2727 3369 2768 3435 ³,
2808 3371 2982 3426 πᾶσαι
3010 3372 3068 3424 αἰ
3098 3369 3360 3440 δυνάμεις
3389 3372 3599 3442 Κυρίου
3622 3373 3722 3429 τὸν

2127 3456 2354 3529 Κύριον.
2395 3482 2414 3511 ›
2465 3459 2628 3514 Ἀλλά
2673 3461 2782 3532 γὰρ
2815 3462 3091 3533 παρέλκον
3135 3463 3293 3535 οἶμαι
3332 3465 3462 3536 περὶ
3502 3465 3717 3521 τούτων

2129 3553 2508 3622 μακρηγορεῖν
2524 3569 2537 3583 ο
2570 3554 2720 3607 πᾶσα
2744 3555 2852 3628 γὰρ
2874 3554 2896 3587 ⁸
2929 3556 2963 3627 ἠ
2990 3554 3347 3620 θεόπνευστος
3367 3557 3407 3610 Γ
3413 3556 3563 3629 pacti;
3583 3557 3708 3628 τῆς-

2127 3638 2184 3693 δε
2215 3641 2314 3706 τῆς
2348 3642 2699 3708 διδασκαλίας
2726 3645 3032 3711 ἀνάπλεως.

2760 3757 2952 3813 ΕΡΩΤ.
2990 3758 3066 3813 Γ’.

2123 3868 2923 3946 Προῦπάρχουσιν-οῠρακρῦ
2956 3872 3057 3946 καί
3076 3873 3192 3944 γῆς
3227 3873 3490 3946 ἄγγελοι,
3517 3876 3557 3944 ἢ
3587 3877 3714 3931 σὺν

2585 3942 2794 4009 αὐτοῖς
2825 3942 2903 4014 (7)
2943 3942 3246 4013 ἐγένοντο.

2195 4030 2468 4103 Περιττάς
2497 4032 2596 4102 μὲν
2626 4032 2740 4103 ἐγὼ
2768 4034 2869 4098 τὰς
2899 4035 3163 4101 τοιαύτας
3191 4035 3449 4109 ζητήσεις
3482 4032 3720 4111 ύπείλησ

2125 4140 2222 4192 φα.
2258 4124 2355 4186 Τίς
2399 4125 2509 4196 γὰρ
2550 4123 2741 4197 ὄνησις
2784 4127 3223 4201 προσγενήσεται
3279 4132 3393 4194 τοῖς
3437 4131 3721 4198 ἐγνωκόσι

2123 4215 2217 4270 τὸν
2253 4217 2351 4287 τῆς
2379 4216 2488 4271 τῶν
2528 4218 2778 4287 ἀγγέλων
2817 4218 3182 4291 δημιουργίας
3214 4221 3447 4293 καιρόν;
3487 4220 3621 4278 Οἶδα
3657 4226 3733 4281 δὲ-

2125 4308 2331 4363 καὶτὸν
2355 4308 2503 4363 θεῖον
2532 4310 2857 4366 Ἀπόστολον
2875 4311 2954 4383 τῷ
2975 4311 3264 4385 θαυμασίῳ
3285 4315 3540 4387 Τιμοθέῳ
3564 4333 3710 4387 παρ-

2124 4398 2429 4467 εγγυῶντα⁶
2460 4418 2479 4452 ι
2504 4400 2880 4474 Παραγγείλαί
2911 4404 2932 4436 ³
2966 4404 3110 4477 (8-9)
3137 4422 3267 4474 τισι,
3303 4405 3379 4479 μὴ
3399 4408 3703 4479 ἑτεροδιδα-

2126 4490 2365 4556 σκαλεῖν,
2387 4491 2522 4564 μηδὲ
2543 4494 2832 4566 προσέχειν
2854 4496 3044 4566 μύθοις
3062 4497 3158 4553 καὶ
3180 4497 3554 4569 γενεαλογίαις
3569 4501 3716 4557 ἀπε-

2129 4581 2361 4663 ράντοις.
2401 4601 2420 4634 ι
2466 4582 2607 4654 Ἐρῶ
2629 4583 2688 4637 δὲ
2714 4584 2868 4657 ὅμως
2896 4587 3036 4659 ὅπερ
3072 4588 3399 4659 συμσαίνειν,
3428 4590 3712 4664 ὑπείληφα

433 4661 970 4735 lncircumseriptatn
993 4664 1166 4743 solam
1192 4681 1321 4727 esse
1339 4665 1581 4723 divinam
1606 4678 1858 4724 naturam
1877 4669 2016 4726 didi-

2129 4661 2218 4743 τῷ
2255 4673 2443 4745 σκοπῷ
2481 4675 2581 4745 τῆς
2612 4674 2766 4741 θείας
2799 4676 3045 4748 Γραφῆς.
3089 4678 3496 4753 ’Λπερίγραφον
3530 4661 3717 4755 μόνην

504 4838 839 4937 ξιξξι-ίαι..ινᾶ
902 4840 1004 4937 ξὸι
1074 4841 1304 4899 °Galal.
1359 4860 1444 4911 ιιι,
1496 4846 1583 4904 l9.
1657 4844 1881 4903 dHebr.
1942 4864 2004 4908 ιι.

2197 4860 2220 4888 ο
2267 4849 2413 4905 Psal.
2460 4864 2697 4920 cxtvm,
2729 4852 2794 4924 ,2.
2880 4848 2900 4889 ί
2933 4852 3068 4909 ibid.
3114 4854 3168 4910 5.
3243 4854 3436 4911 BPsal.
3479 4873 3615 4926 cui,
3647 4860 3703 4914 ί.

431 4911 460 4952 ιι
500 4909 520 4963 1
558 4909 861 4978 Τίιῐι.ι,5,
900 4910 954 4967 4.

1296 5063 1535 5122 ἼΑΒΙΛΕ
1577 5062 1963 5121 LECTIONES
2000 5060 2092 5118 EX
2131 5062 2412 5120 CATENA
2451 5066 2809 5125 LIPSIENSI.

433 5243 581 5311 γελε.

517 5173 539 5263 τ
571 5172 693 5229 Cat.
719 5174 860 5247 με.
901 5176 970 5230 δι’
1001 5175 1272 5245 ἀγγέλων.
1364 5176 1385 5208 ε
1414 5175 1576 5241 εὐθὺς
1603 5206 1673 5219 -
1695 5177 1788 5233 τὸν
1817 5175 2022 5248 ιιύριον

2129 5192 2171 5232 s.
2267 5175 2290 5207 ⁵
2324 5177 2602 5249 παρέλκον
2631 5213 2701 5223 —-
2724 5183 2874 5237 πᾶσα
2901 5184 3032 5256 γάρ.
3108 5187 3129 5217 ⁸
3166 5185 3285 5244 Cat.
3319 5203 3374 5260 p.
3400 5189 3438 5245 5
3483 5176 3713 5263 παράγ-

1947 5360 2185 5422 NOTAE.

506 5475 583 5551 (3)
612 5475 937 5551 Str-tiabest
963 5491 993 5533 a
1028 5478 1164 5551 Cod.
1193 5479 1420 5551 August.

505 5546 581 5619 (4)
611 5547 912 5619 ὑμνεῖν-
939 5546 1525 5619 πρυφήτηψᾞεκιιιιῑ.

502 5618 580 5690 (ξ)
611 5617 715 5690 καὶ,
737 5617 852 5690 τὴν
883 5617 1311 5690 -τ-ζέπήγαγεν.
1352 5621 1475 5680 lies.

461 5756 473 5769 ο
504 5686 581 5766 (6)
614 5688 717 5739 Καὶ
753 5686 1153 5772 εγεν-ήοὴσαιλ.
1365 5696 1525 5750 linem
1576 5697 1742 5770 hujus
1773 5714 2001 5772 respon-

429 5765 604 5815 sionis
632 5765 974 5816 constituunt
1002 5765 1054 5816 in
1086 5765 1274 5820 codice
1309 5781 1519 5836 noswo,
1551 5779 1605 5825 ct
1652 5765 1717 5826 in
1762 5765 1998 5829 editione

2114 5482 2477 5625 ξιξ-(ῗῗιιίῗιῖιιιιω
2523 5502 2656 5545 cura
2689 5487 2919 5550 Joannis
2953 5492 3069 5552 Pici
3125 5496 3302 5555 Paris.
3353 5514 3411 5557 ιι.Δ
3443 5501 3605 5568 1538,
3637 5506 3703 5576 ι,

2183 5625 2258 5695 (7)
2300 5625 2436 5681 Cod.
2468 5627 2713 5693 τούτους.
2794 5630 2803 5639 ’

2175 5696 2313 5768 (8-9)
2353 5695 2485 5752 Cod.
2515 5714 2589 5751 πα
2598 5700 2884 5769 ράγγελλε.
