3928 6316
215 302 276 363 [5
1314 304 1599 376 ΟΗᾸΕΞΤ.
1664 305 1743 364 ΙΝ
1771 311 1781 360 t

1891 305 2038 366 QES.
2081 308 2238 366 CAP.
2272 307 2319 366 Ι.
3379 309 3450 369 86

207 417 304 483 πὲρ
331 413 493 466 εἰπὼν
516 431 528 444 ·
562 433 580 465 ε
632 412 721 466 Ἐν
749 413 887 485 ἀρχῇ
922 415 1176 486 ἐποίησεν
1199 416 1226 468 6
1251 416 1382 481 Θεὸς
1415 419 1504 472 τὸν
1535 417 1763 488 οὐρανὸν

1932 418 1986 472 In
2025 419 2292 490 principio
2341 417 2546 474 creavit
2592 417 2732 474 Deus
2780 419 2978 474 coelum
3033 429 3088 473 et
3137 429 3334 474 terram
3355 432 3395 486 υ,
3429 441 3449 472 ι

209 509 291 560 nl
319 506 412 577 τὴν
445 503 570 576 γῆν,
609 523 628 558 ι
663 506 765 559 οὐκ
811 506 980 561 ἀΐδιον
1016 506 1118 577 ἔφη
1153 503 1252 579 τὴν
1288 510 1391 579 γῆν
1412 553 1425 573 ,
1457 509 1594 562 ἀλλὰ
1627 511 1767 580 μετά

210 601 286 651 τὶν
312 599 568 668 οὐρανὸν,
601 597 633 668 ἢ
675 599 773 652 σὺν
815 599 893 670 τῷ
924 599 1140 670 οὐρανῷ
1174 600 1479 674 δεξαμένην
1513 602 1574 654 τὸ
1603 599 1761 656 εἶναι.

211 690 401 754 ’Δλλως
426 708 484 744 τε
511 691 634 745 οὐδὲ
665 691 947 756 ἁπολύτως
981 688 1134 767 εἶπεν
1167 695 1196 745 6
1221 695 1596 767 συγγραφεὺς,
1637 714 1654 747 ι
1704 695 1768 749 ἸΙ

209 783 256 835 δὲ
279 784 344 853 γῆ
375 779 461 856 ἦν,
501 803 521 836 ι
558 784 693 838 ἀλλὰ
714 785 775 837 τὸ
807 785 934 855 ἑξῆς
966 764 1337 858 συναρμόσας,
1373 764 1396 838 ἰ
1438 789 1472 855 ἡ
1505 787 1561 841 δὲ
1593 786 1666 858 γῆ
1700 783 1768 858 ἦν

205 876 415 946 ἀόρατος
445 875 544 929 καὶ
576 875 1080 942 ἀκατασκεύαστος,
1122 896 1141 930 ›
1170 878 1314 932 τοῦτ’
1346 878 1515 944 ἐστιν,
1553 878 1771 947 ἐγένετο

207 969 294 1038 μὲν
330 969 429 1022 ὑπὸ
461 968 560 1023 τοῦ
593 968 703 1023 τῶν
727 970 864 1024 ὅλων
895 969 1033 1024 Θεοῦ
1053 986 1069 1003 ο
1100 969 1180 1024 ἔτι
1211 972 1267 1025 δὲ
1297 971 1526 1043 ἀόρατος
1551 966 1620 1043 ἦν
1649 973 1770 1025 km-

205 1061 443 1131 κειμένου
472 1060 570 1115 τοῦ
603 1061 816 1127 ὓδατος,
864 1063 956 1117 καὶ
989 1064 1498 1130 ἀκατασκεύαστος,
1540 1065 1770 1136 μηδέπω

203 1152 529 1223 κοσμηθεῖσα
570 1156 639 1226 τῇ
695 1155 928 1229 βλάστῃ,
977 1155 1113 1227 μηδὲ
1146 1156 1433 1228 ἀνθήσασα
1457 1157 1767 1230 λειμῶνας,

202 1242 286 1296 καὶ
313 1242 449 1311 ἄλση
511 1243 610 1298 καὶ
635 1243 781 1315 λήῖα.

817 1353 1015 1411 amr.
1057 1358 1149 1425 ς’.

206 1466 316 1520 οὐκ
352 1465 636 1538 ἐδίδαξεν
671 1466 828 1538 ἡμᾶς
863 1471 895 1522 ὀ
927 1469 1208 1538 Μωῠσῆς,
1241 1471 1330 1524 ὅτι
1359 1469 1457 1524 καὶ
1485 1470 1558 1526 τὰ
1586 1470 1774 1526 ὕδατα

612 1537 1091 1609 ἐδημιούργησεν
1123 1537 1154 1594 ὀ
1184 1542 1348 1608 Θεός.

266 1627 369 1680 Καὶ
419 1629 526 1700 μὴν
579 1629 859 1704 εἰρηκὼς,
915 1649 932 1681 ι
999 1630 1060 1685 Ἣ
1114 1631 1168 1685 δὲ
1199 1633 1270 1704 γῆ
1311 1628 1380 1704 ἦν
1422 1633 1653 1704 ἀόρατος
1684 1633 1775 1686 καὶ

203 1718 675 1788 ὰκατασκεύαστος
696 1765 710 1790 ,
743 1724 838 1777 καὶ
883 1724 1074 1788 σκότος
1106 1724 1294 1779 ὲπάνω
1323 1726 1421 1795 τῆς
1448 1725 1710 1790 ἀϐύσσου,
1751 1743 1768 1776 ι

204 1810 358 1877 ἔδειξε
410 1813 552 1883 μετὰ
597 1816 697 1885 τῆς
739 1816 840 1885 γῆς
871 1815 1367 1886 δημιουργηθεϊσαν
1412 1816 1521 1870 τῶν
1561 1817 1771 1871 ὑδάτων

204 1901 295 1972 τὴν
321 1901 563 1970 quam".
601 1905 712 1958 Καὶ
761 1905 891 1976 περὶ
925 1905 1018 1959 τοῦ
1058 1906 1340 1961 Σαϐϐἁτου
1370 1908 1426 1962 δὲ
1467 1909 1773 1980 νομοθετῶν

203 1995 230 2048 6
254 1994 354 2048 τῶν
394 1996 530 2050 ὅλων
577 1995 712 2058 Θεὸς
743 1996 915 2060 οὕτως
949 1996 1052 2068 ἔφη
1077 2039 1091 2060 ,
1131 2017 1148 2050 t
1198 1996 1296 2064 ’Ἐξ
1333 2000 1568 2070 ἡμέραις
1602 2003 1772 2074 ἐργᾷ.

203 2086 262 2153 τῇ
290 2084 343 2137 δὲ
375 2085 585 2160 ἑϐδόμῃ
617 2085 900 2142 Σάϐϐατον
921 2127 938 2151 ,
983 2089 1290 2152 ἀνάπαυσις
1321 2089 1509 2160 Κυρίῳ
1552 2089 1629 2160 τῷ
1658 2090 1776 2162 Θεῷ

207 2194 315 2230 σου.
363 2178 450 2231 Ἐν
497 2179 613 2250 γὰρ
666 2177 725 2244 ἒξ
771 2179 1012 2250 ἡμέραις
1057 2180 1283 2250 ἐποίησε
1335 2181 1538 2253 Κύριος
1569 2184 1596 2236 6
1644 2183 1775 2247 Θεὸς

204 2271 289 2324 τὸν
316 2271 573 2342 οὐρανὸν,
617 2271 713 2325 καὶ
755 2271 854 2342 τὴν
895 2273 1027 2343 γῆν,
1062 2273 1156 2326 καὶ
1202 2274 1302 2343 τὴν
1333 2273 1641 2338 θάλασσαν,
1684 2275 1777 2327 καὶ

207 2360 374 2416 πάντα
419 2363 488 2416 τὰ
539 2364 603 2415 ὲν
642 2362 848 2426 αὐτοῖς.
907 2381 926 2415 ι
987 2364 1078 2428 '0;
1125 2361 1265 2417 εἶναι
1310 2363 1499 2433 δῆλον,
1541 2365 1622 2417 ὃτι
1670 2365 1779 2418 πᾶν

206 2451 368 2504 ὁτιοῦν
392 2453 450 2504 ἐν
474 2453 692 2516 τούτοις
733 2452 814 2517 ὃν,
842 2452 874 2523 ἢ
909 2453 1124 2524 ὁρατὸν,
1165 2454 1198 2525 ἦ
1239 2455 1552 2526 ἁόρατον,ἢ
1586 2456 1776 2526 αἰσθη-

207 2541 349 2612 τδνῆ
389 2544 586 2614 νοητὸν
609 2585 625 2608 ,
662 2545 803 2617 πλὴν
833 2545 934 2616 τῆς
969 2545 1122 2609 θείας
1159 2542 1368 2611 οὖσίας,
1407 2549 1633 2620 κτιστὴν
1667 2548 1780 2619 ἔχει

209 2634 297 2703 τὴν
352 2634 532 2704 φύσιν,
598 2637 710 2688 Καὶ
762 2637 790 2688 6
848 2635 1122 2700 θειότατος
1184 2630 1240 2690 δὲ
1293 2637 1456 2692 Δαϐὶδ
1515 2638 1778 2710 εἰρηκώς*

214 2742 230 2773 ι
269 2725 572 2797 Μακάριος,
613 2721 677 2781 οὖ
707 2729 734 2782 ὁ
754 2727 887 2791 Θεὸς
924 2727 1114 2781 Ἰακὼὸ
1143 2727 1333 2799 βοηθὸς
1356 2728 1542 2795 αὐτοῦ,
1572 2731 1605 2800 ἡ
1631 2729 1782 2794 ἐλπὶς

209 2818 362 2872 αὑτοῦ
403 2820 497 2872 ἐπὶ
548 2819 758 2890 Κύριον
807 2819 897 2873 τὸν
935 2820 1068 2874 Θεὸν
1113 2820 1311 2887 αὐτοῦ,
1357 2821 1447 2874 τὸν
1485 2823 1785 2893 ποιήσαντα

209 2913 292 2967 τὸν
316 2915 540 2993 οὐρανὸν
581 2915 680 2968 καὶ
715 2914 811 2985 τὴν
837 2917 941 2985 γῆν
963 2931 976 2944 ·
1020 2933 1037 2965 ι
1063 2915 1310 2984 ἐπήγαγε
1331 2955 1345 2976 ,
1386 2934 1404 2966 ι
1454 2915 1552 2988 τὴν
1584 2915 1784 2971 θάλασ-

213 3023 333 3072 σαν,
381 3009 472 3062 καὶ
506 3008 690 3062 πάντα
721 3007 790 3059 τὰ
823 3008 880 3059 ὲν
909 3007 1088 3070 αὐτοῖς
1122 3006 1255 3078 (Ἡ).
1304 3027 1323 3060 ι

743 3117 1074 3172 ΕΡοτιιΣιΣ
1113 3116 1248 3187 (25).

215 3228 383 3283 ΠοΙου
413 3231 637 3284 τοίνυν
663 3231 706 3262 ¹²
729 3231 922 3300 φωτὸς
947 3229 1191 3300 ἄμοιρος
1217 3230 1526 3300 αἰφνιδίως
1554 3236 1590 3288 ό
1614 3233 1682 3289 ἐν
1711 3234 1793 3298 τῷ

277 3300 476 3367 κόσμῳ
525 3301 712 3370 τόπος
737 3299 995 3368 εὑρέθη(
1029 3301 1187 3354 ὥστε
1234 3299 1300 3356 τὸ
1331 3299 1552 3370 σκότος
1593 3305 1792 3358 ἐπάνω

278 3370 425 3423 εἶναι
454 3370 570 3424 τοῦ
599 3369 854 3435 ῦδατος;

279 3460 648 3531 Λογιζόμεθα,
675 3461 756 3514 ὅτι
783 3462 941 3531 εἴπερ
963 3480 1012 3516 τι
1039 3459 1107 3532 ἦν
1135 3464 1239 3535 πρὸ
1265 3463 1457 3518 τούτου
1487 3464 1580 3518 τοῦ
1606 3464 1792 3535 αἰσθηο

219 3551 304 3603 τοῦ
336 3553 586 3622 κόσμου,
638 3553 696 3605 ὲν
727 3553 868 3622 φωτὶ
905 3554 972 3607 ἂν
1017 3551 1084 3626 ἦν
1119 3555 1382 3626 δηλονότι.
1417 3555 1554 3610 Οῠτε
1600 3558 1710 3630 γὰρ
1740 3560 1795 3612 αι

221 3639 323 3692 τῶν
350 3641 603 3710 ἀγγέλων
630 3643 778 3708 ἀξίαι
819 3643 941 3696 οὔτε
984 3646 1156 3698 πᾶσαι
1185 3647 1242 3700 αἱ
1277 3647 1590 3718 ἐπουράνιοι
1630 3657 1794 3717 στρα-

224 3735 326 3786 τιαὶ
365 3735 422 3786 ὲν
461 3735 650 3788 σκότει
683 3736 868 3806 διῆγον
938 3738 1077 3795 Ἀλλ’
1112 3742 1170 3792 ὲν
1205 3742 1345 3809 φωτὶ
1390 3741 1484 3795 καὶ
1524 3742 1673 3813 πάσῃ
1706 3743 1798 3796 εὑ-

227 3826 457 3898 φροσύνῃ
509 3831 884 3900 πνευματικῇ.
918 3832 1029 3884 Καὶ
1073 3831 1286 3896 τούτοις
1331 3833 1508 3896 οὐδεὶς
1545 3837 1794 3904 ἀντερεῖ,

226 3917 365 3981 ὅστις
413 3919 477 3973 τὸ
537 3918 936 3991 ὑπερουράνιον
984 3924 1099 3996 et};
1152 3927 1208 3977 ἐν
1254 3927 1373 3987 ταῖς
1418 3925 1526 3978 τῶν
1576 3926 1799 3994 ἀγαθῶν

229 4007 582 4078 ἐπαγγελίαις
649 4012 965 4081 ἐκδέχεται,
1027 4015 1157 4085 περὶ
1208 4007 1270 4068 οὗ
1332 4015 1581 4086 Σολομὼν
1643 4032 1798 4085 φησι·

1869 528 1976 566 non
2034 523 2292 565 :eternam
2333 509 2469 565 dixit
2511 525 2632 566 esse
2691 520 2912 575 terram,
2953 511 3045 566 sed
3097 522 3217 582 post
3254 516 3454 568 malum

1870 612 1959 656 aut
2006 619 2128 655 cum
2160 601 2300 655 cmlo
2327 608 2567 655 creatam
2606 615 2747 656 esse.
2800 601 3014 670 Alioqui
3064 617 3163 656 nec
3209 602 3454 657 absolute

1870 694 2005 748 dixit
2047 693 2301 762 scriptor,
2337 711 2355 744 ι
2389 691 2555 748 Terra
2602 702 2783 748 autem
2819 703 2970 748 erat:
3007 712 3024 745 ι
3062 693 3156 748 sed
3187 694 3330 764 quod
3365 709 3450 750 se-

1869 787 2056 857 quitur
2105 784 2407 854 subjunxit,
2456 802 2475 835 ι
2514 795 2652 839 terra
2693 793 2874 839 autem
2905 791 3022 841 erat
3075 784 3365 840 invisibilis
3403 795 3459 839 et

1871 879 2255 948 incomposita,
2297 896 2314 926 ι
2363 877 2469 932 hoc
2509 885 2613 940 est,
2668 885 2849 931 creata
2894 877 3114 946 quidem
3169 887 3253 931 est
3283 893 3313 930 a
3345 874 3458 931 Deo

1874 970 2259 1026 universorum
2311 988 2324 1024 :
2379 969 2474 1025 sed
2533 968 2713 1024 adhuc
2761 968 3054 1023 invisibilis
3103 978 3240 1034 erat,
3298 967 3458 1034 aquis

1872 1078 2067 1134 nempe
2113 1062 2487 1117 circumdata:
2535 1070 2590 1116 et
2619 1060 3001 1131 incomposita,
3042 1075 3108 1116 eo
3142 1059 3289 1130 quod
3320 1076 3458 1116 non—

1871 1154 2001 1210 dum
2035 1164 2228 1210 ornata
2259 1165 2375 1208 erat.
2401 1154 2761 1222 germinibus,
2813 1167 2992 1221 neque
3024 1151 3233 1208 consita
3266 1153 3455 1222 pratis,

1873 1246 2191 1302 nemoribus
2219 1255 2273 1300 et
2301 1246 2598 1314 segetibus.

2462 1355 2741 1412 INTERR.
2787 1356 2871 1411 Vl.

1984 1471 2109 1527 Non
2146 1473 2321 1528 docuit
2355 1489 2447 1528 nos
2481 1471 2672 1537 Moses,
2719 1470 2887 1525 Deum
2920 1485 3127 1524 creasse
3158 1484 3350 1538 aquas.

1947 1630 2108 1701 Atqui
2141 1645 2264 1684 cum
2299 1629 2500 1685 dixerit
2529 1648 2541 1684 :
2574 1647 2594 1682 ι
2629 1634 2795 1690 Terra
2816 1638 2994 1684 autem
3023 1637 3140 1684 erat
3171 1625 3462 1684 invisibilis

1877 1734 1929 1778 et
1951 1722 2331 1792 incomposita,
2357 1731 2411 1776 et
2436 1722 2670 1776 tenebrae
2692 1730 2849 1776 erant
2885 1736 3050 1791 super
3076 1721 3333 1791 abyssum
3355 1729 3402 1783 ρ,
3435 1737 3456 1772 ι

1877 1814 2271 1870 demonstravit
2313 1829 2433 1867 eum
2473 1820 2618 1866 terra
2662 1822 2900 1867 creatam
2955 1811 3116 1867 simul
3148 1826 3270 1867 esse
3309 1825 3464 1881 aqua:

1876 1916 2146 1961 naturam.
2181 1905 2242 1960 Et
2274 1903 2414 1959 Deus
2441 1905 2713 1972 omnium,
2749 1919 2872 1958 cum
2913 1905 2980 1959 de
3013 1903 3252 1960 Sabbato
3284 1905 3460 1975 legem

1877 1996 2062 2062 ferret,
2101 1998 2181 2052 sic
2220 1996 2295 2050 ait
2327 2011 2340 2050 :
2384 2013 2402 2046 ι
2439 1993 2541 2049 Sex
2605 1995 2796 2050 diebus
2843 1994 3194 2065 operaberis,
3235 1996 3468 2064 septima

1878 2105 2007 2144 vero
2072 2087 2370 2143 Sabbatum
2419 2095 2472 2141 et
2517 2086 2732 2156 requies
2778 2084 3010 2140 Domino
3046 2085 3160 2141 Deo
3195 2087 3300 2156 ιο
3349 2095 3464 2142 tuo.

1879 2180 1984 2235 Sex
2017 2181 2161 2233 enim
2200 2179 2392 2233 diebus
2443 2178 2649 2232 creavit
2699 2177 2966 2234 Dominus
3004 2176 3150 2232 Deus
3177 2179 3376 2232 cmlum
3415 2187 3471 2232 et

1880 2283 2103 2337 terram,
2148 2281 2202 2328 et
2246 2286 2412 2335 mare,
2451 2279 2505 2325 et
2534 2271 2718 2325 omnia
2750 2285 2871 2340 quae
2913 2271 2964 2324 in
2999 2270 3081 2326 eis
3113 2280 3300 2324 suum.
3341 2289 3360 2322 ι
3391 2269 3467 2325 ιιι

1881 2375 1939 2423 ιιι
1971 2365 2038 2420 sit
2070 2367 2120 2418 in
2156 2375 2366 2435 aperto,
2397 2360 2544 2433 quod
2583 2361 2846 2432 quidquid
2903 2362 2956 2416 in
2987 2361 3068 2417 eis
3103 2369 3206 2427 est,
3253 2361 3470 2418 visibile

1881 2459 1952 2512 sit
1981 2466 2074 2510 aut
2115 2451 2408 2518 invisibile,
2458 2467 2623 2507 sensu
2659 2460 2754 2506 aut
2787 2451 3067 2506 intellectu
3109 2451 3470 2521 comprehen-

1881 2549 2062 2613 datur,
2115 2555 2336 2616 excepta
2385 2543 2568 2598 divina
2617 2543 2947 2609 substantia,
3003 2549 3257 2596 naturam
3310 2542 3473 2597 habet

1883 2648 2145 2695 creatam.
2191 2638 2319 2693 Item
2348 2636 2661 2707 perilivinus
2691 2635 2781 2689 ille
2822 2633 2988 2688 David
3009 2673 3024 2698 ,
3055 2649 3180 2690 cum
3218 2634 3469 2698 dixisset,

1890 2749 1908 2783 ε
1947 2731 2166 2794 Beatus,
2207 2729 2365 2798 cujus
2394 2727 2536 2783 Deus
2575 2726 2744 2782 Jacob
2781 2725 2998 2796 adjutor
3023 2763 3040 2788 ,
3076 2725 3230 2795 cujus
3259 2740 3386 2795 spes
3415 2725 3471 2781 in

1857 2823 2116 2879 'Domino
2164 2821 2273 2876 Deo
2327 2819 2516 2891 ipsius,
2569 2821 2661 2890 qui
2696 2817 2823 2874 fecit
2851 2819 3049 2898 ecelum
3083 2826 3136 2872 et
3171 2826 3371 2874 terram
3400 2835 3416 2881 ;
3445 2835 3470 2875 ι

1887 2914 2189 2987 subiunxit,
2213 2933 2231 2966 ι
2272 2928 2441 2979 mare,
2458 2922 2512 2969 et
2539 2911 2722 2968 omnia
2751 2926 2871 2982 qua:
2899 2911 2953 2965 in
2981 2910 3062 2966 eis
3109 2918 3298 2970 suntV.
3339 2929 3361 2964 ι

2408 3075 2942 3167 INTERROGATID.

1893 3230 2186 3298 Cujusnam
2230 3229 2394 3298 igitur
2422 3228 2636 3282 luminis
2679 3229 2862 3298 statim
2896 3243 3078 3296 expers
3127 3228 3368 3282 inuentus
3397 3239 3484 3281 est»

1964 3297 2109 3353 locus
2155 3297 2266 3362 ille,
2296 3301 2385 3368 qui
2429 3309 2542 3352 erat
2575 3299 2631 3352 in
2661 3297 2876 3361 mundo,
2928 3308 2985 3352 ut
3030 3298 3256 3353 tenebrae
3305 3310 3474 3354 essent

1966 3386 2123 3439 super
2155 3370 2385 3439 aquam?

1965 3461 2378 3526 Existimamus,
2429 3463 2473 3518 si
2522 3463 2650 3535 quid
2697 3472 2823 3518 ante
2870 3461 3038 3526 hunc,
3090 3476 3252 3532 quem
3314 3477 3476 3518 sensu

1897 3563 2085 3610 nostro
2115 3554 2464 3625 percipimus,
2497 3554 2786 3621 mundum,
2817 3554 3106 3620 exstiterit,
3140 3553 3274 3610 illud
3298 3555 3478 3630 ompi—

1897 3663 1970 3703 no
1997 3650 2051 3703 in
2085 3648 2290 3703 lumine
2321 3645 2526 3703 fuisse:
2565 3662 2742 3718 neque
2776 3647 2922 3703 enim
2970 3647 3288 3718 angelorum
3327 3646 3478 3702 ordi-

1898 3754 2016 3804 nes,
2056 3754 2159 3794 nec
2195 3754 2384 3796 omnes
2423 3739 2675 3794 ewlestes
2698 3739 2972 3794 exercitus
3011 3737 3066 3793 in
3109 3737 3346 3794 tenebris
3383 3737 3478 3793 de-

1899 3831 2116 3901 gebant,
2153 3832 2248 3886 sed
2280 3831 2338 3886 in
2359 3831 2569 3887 lumine
2599 3840 2655 3885 et
2687 3831 2740 3885 in
2770 3833 2919 3886 omni
2951 3831 3223 3901 spirituali
3257 3828 3477 3901 gaudio.

1902 3921 2108 3992 [lisque
2146 3937 2307 3977 nemo
2338 3922 2681 3992 repugnabit,
2731 3922 2823 3991 qui
2864 3923 3048 3976 lumen
3090 3919 3480 3989 supercoeleste

1901 4015 2044 4069 inter
2075 4013 2213 4068 bona
2243 4012 2514 4082 promissa
2549 4012 2764 4080 recipit,
2792 4012 2858 4066 de
2886 4026 2996 4081 quo
3028 4011 3233 4066 lumine
3259 4010 3483 4066 Salomo

237 4118 254 4150 ι
276 4101 389 4164 Φῶς
414 4101 650 4165 δικαίοις
679 4103 990 4168 διαπαντός.
1023 4126 1040 4157 ι
1067 4107 1176 4159 Καὶ
1204 4108 1231 4158 6
1255 4107 1577 4171 Ἀπόστολος
1597 4125 1610 4137 ’
1653 4127 1670 4158 ι
1697 4108 1781 4160 Εὐ

1904 4107 2068 4162 dicit:
2127 4124 2146 4157 ι
2189 4105 2396 4158 Lumen
2448 4111 2766 4173 perpetuum
2813 4113 2897 4159 est
2927 4103 3116 4174 justis.
3152 4122 3170 4155 ι
3230 4103 3296 4160 Et
3339 4105 3486 4176 Apo-

232 4193 615 4260 χαριστοῦντες
654 4197 730 4261 τῷ
761 4197 937 4266 Πατρὶ
969 4197 1048 4266 τῷ
1091 4197 1422 4251 ἱκανώσαντι
1456 4201 1604 4268 ἡμᾶς
1642 4200 1698 4251 ὲν
1733 4204 1781 4268 τῇ

1905 4199 2120 4253 stolus:
2166 4215 2184 4246 ‹
2215 4193 2431 4250 Gratias
2479 4201 2704 4265 agentes
2748 4194 2918 4260 Patri,
2971 4195 3065 4264 qui
3116 4211 3211 4251 nos
3261 4195 3486 4251 idoneos

238 4283 405 4353 μερίδι
451 4283 570 4353 (‘26)
623 4285 721 4338 τοῦ
756 4287 959 4359 κλήρου
1005 4288 1114 4341 τῶν
1152 4289 1322 4356 ἁγίων
1363 4291 1421 4342 ἐν
1465 4289 1544 4360 τῷ
1576 4291 1736 4358 φωτί.
1777 4310 1781 4340 ι

1907 4290 2032 4346 fecit
2079 4297 2230 4360 parte
2283 4286 2448 4342 sortis
2499 4296 2814 4340 sanctorum
2869 4286 2923 4340 in
2958 4286 3160 4342 lumine
3181 4299 3226 4341 ³.
3269 4306 3287 4340 ι
3347 4287 3484 4342 Cum

247 4369 389 4425 Ἐπεὶ
437 4370 536 4428 οὖν
587 4376 804 4444 ἐγένετο
859 4380 888 4432 6
939 4379 1168 4450 οὐρανὸς
1224 4380 1610 4452 προστάγματι
1666 4382 1781 4435 Θεοί

1907 4383 2090 4451 itaque
2117 4380 2315 4436 coelum
2339 4378 2496 4448 jussu
2521 4375 2616 4431 Dei
2646 4387 2908 4445 creatum,
2944 4393 3108 4450 super
3132 4379 3339 4445 omnia,
3367 4395 3488 4448 quae

237 4462 436 4536 ἀθρόως
468 4468 790 4538 περιταθεὶς
818 4471 932 4531 τοῖς
957 4470 1108 4534 ἐντὸς
1139 4471 1244 4523 ὑπὸ
1272 4451 1371 4543 τῆς
1400 4473 1607 4534 οἰκείας
1637 4473 1781 4526 αὑτοὶ

1913 4476 2052 4528 intra
2115 4474 2231 4541 ejus
2295 4471 2559 4526 ambitum
2615 4471 2980 4537 continentur,
3038 4486 3338 4541 expansum
3393 4471 3485 4534 sit,

241 4560 583 4631 περιφερείας
612 4561 1067 4631 ἀπειλημμένοις,
1109 4562 1268 4634 σῶμα
1303 4563 1441 4632 ἔχων
1471 4563 1526 4616 δὲ
1561 4565 1781 4634 συνεχὲς

1913 4580 2113 4635 corpus
2157 4575 2340 4619 autem
2397 4563 2595 4618 habeat
2644 4563 2991 4631 continuum,
3023 4563 3168 4634 quod
3201 4563 3374 4633 possit
3400 4579 3485 4628 ea,

242 4649 414 4706 ἰκανὸν
436 4653 553 4706 τῶν
582 4652 730 4706 ἔνδον
765 4652 1052 4725 διαστῆσαι
1085 4655 1152 4709 τὰ
1184 4654 1290 4720 ἔξω
1311 4673 1328 4688 ·
1372 4656 1688 4723 ἀναγκαίως
1715 4656 1781 4710 τδπ

1916 4673 2036 4728 qua:
2080 4657 2221 4711 intra
2257 4671 2316 4711 se
2353 4655 2787 4726 comprehendit,
2820 4657 2889 4712 ab
2916 4657 3277 4713 exterioribus
3333 4671 3490 4724 sepa—

242 4738 690 4812 ὲναπολειφθέντα
733 4743 896 4797 τόπον
933 4743 1083 4814 αὑτῷ
1118 4746 1335 4816 ἀιεεγγῆ
1375 4747 1680 4816 κατέστησε
1709 4747 1776 4818 τὴ

1916 4764 2061 4816 rare,
2100 4762 2323 4803 necesse
2364 4755 2466 4812 est,
2512 4755 2572 4802 ut
2623 4748 2828 4814 locum,
2870 4765 3034 4820 quem
3093 4749 3488 4820 complectitur,

309 4915 491 4974 'Gen.’
525 4919 648 4984 1,1,
725 4928 754 4968 ι)
778 4917 915 4974 Gen.
948 4935 988 4986 ι,
1021 4917 1076 4973 2.
1115 4929 1176 4988 ,ει
1209 4919 1380 4974 Exod.
1419 4935 1510 4984 xx,
1543 4919 1701 4976 9-H.

1891 4921 1970 4976 .al.
2000 4937 2154 4986 chv,
2190 4921 2243 4985 5,
2285 4920 2338 4976 6.
2443 4933 2465 4961 '
2497 4921 2711 4980 Coloss.
2742 4939 2776 4989 ι,
2806 4921 2893 4976 12.

1148 5052 1383 5111 νΑῐιιΑε
1413 5054 1796 5112 LECTIONES
1833 5055 1918 5110 ΕΧ
1959 5056 2082 5113 CA1
2101 5055 2236 5112 ENA
2273 5057 2610 5117 LIPSIENSI

333 5211 376 5294 f“
411 5212 618 5281 ἐδίδαξε
653 5216 792 5288 μετὰ
821 5215 921 5286 τῆς
953 5215 1314 5289 δημιουργίας
1337 5219 1437 5291 τὴν
1457 5217 1564 5273 τῶν
1593 5219 1781 5273 ὑδάτω.

1891 5219 2014 5273 Ξσιν.
2125 5224 2167 5254 ³⁸
2200 5222 2382 5279 Sectio
2425 5223 2515 5278 illa
2578 5239 2632 5279 In
2675 5231 2866 5279 catena
2935 5239 2988 5294 p.
3051 5222 3117 5278 H
3157 5219 3357 5275 Basilio
3397 5217 3494 5272 tri-

257 5279 455 5338 buitur.

1773 5393 2008 5451 NOTAE.

1928 5518 2063 5582 haec,
2095 5533 2150 5588 p.
2185 5518 2240 5582 4,
2266 5518 2540 5588 leguntur.

1996 5586 2110 5656 (εδδ
2142 5588 2212 5641 ἐν
2233 5587 2307 5656 τῇ
2325 5586 2552 5656 “μεριδι.
2589 5586 2712 5644 llaec
2748 5603 2776 5642 a
2832 5590 3111 5644 communi
3141 5590 3390 5657 lectione,
3414 5597 3497 5655 εἲς

1926 5660 2023 5730 τὴν
2061 5659 2272 5728 μερίδα.
2316 5659 2600 5716 recedunt.

204 5541 213 5565 ν
327 5515 442 5655 γει)
473 5516 604 5572 Cod.
642 5518 701 5570 ἐν
726 5515 888 5586 αὐτῇ.

348 5588 437 5654 25)
476 5588 620 5644 llanc
645 5588 886 5643 sectione

348 5583 437 5654 25)
476 5588 620 5644 llanc
645 5583 942 5643 sectionem
977 5601 1005 5639 a
1060 5583 1353 5639 Sirmonao
1405 5587 1665 5641 omissam
1716 5587 1819 5640 ﬁde.

268 5657 468 5730 rodicis
488 5658 787 5730 Auguslatii
837 5656 1568 5730 inserendarucuravi-mus,
1623 5657 1817 5730 inritati

267 5725 823 5796 exemplum'loannis
856 5726 987 5792 Pici,
1020 5725 1073 5780 in
1124 5726 1280 5796 cujus
1341 5725 1576 5783 editione
1628 5725 1814 5782 Graeca
