3920 6316
435 274 506 338 87
1432 278 1921 338 THEODORETI
1976 277 2316 338 EPISCOPI
2370 275 2743 338 CYRENSIS
3635 274 3702 335 $8

434 393 784 448 tenebrosum
837 392 1050 458 reddat,
1120 400 1402 446 externum
1457 392 1636 448 lumen
1694 395 2009 452 excludeus.

2121 393 2319 458 ἔξωθεν
2363 394 2539 465 αὐγὴν
2585 393 2873 464 διακόψας.
2921 391 3060 464 Τρία
3111 390 3220 462 γὰρ
3256 390 3338 443 δεῖ
3382 389 3710 458 συνδραμεῖν

435 484 466 537 Ἰ
484 486 561 540 ria
587 484 730 539 enim
753 492 1084 540 concurrant
1119 483 1185 536 ad
1232 483 1329 552 ιι
1362 483 1610 538 umbram
1649 501 1874 543 necesse
1893 497 2012 543 est:

437 575 641 640 lumen,
678 589 897 645 corpus,
925 583 973 629 et
1005 574 1157 629 locus
1203 574 1325 628 luce
1354 589 1567 631 carens.
1619 574 1880 633 Tenebrae
1915 582 2020 634 ita-

432 681 560 737 que,
601 683 722 736 quae
755 675 884 722 sunt
920 666 972 720 in
1009 665 1232 728 mundo,
1269 682 1374 720 una
1418 681 1542 721 cum
1581 669 1771 723 umbra
1813 684 2008 740 corpo-

432 759 509 814 ris
545 757 785 814 caelestis
832 757 1180 812 exstiterunt.

992 895 1272 950 INTER“.
1318 895 1428 950 VII.

466 1005 528 1063 Si
560 1007 702 1064 Deus
752 1008 928 1062 lumen
970 1007 1195 1072 creavit,
1247 1009 1505 1078 quomodo
1551 1007 1786 1063 tenebras
1841 1009 1979 1064 idem

681 1079 827 1147 fecit,
861 1094 980 1131 cum
1009 1079 1119 1149 [nec
1143 1079 1360 1132 invicem
1399 1079 1768 1133 adversentur?

507 1251 648 1308 Sunt
686 1251 904 1322 quidem
937 1253 1083 1308 inter
1125 1268 1184 1307 se
1214 1255 1509 1317 contraria,
1545 1253 1652 1331 sed‘
1690 1255 2007 1311 hominibus

432 1343 596 1399 ambo
647 1343 976 1419 necessaria.
1014 1343 1129 1398 Lux
1163 1345 1307 1398 eiiim
1348 1345 1628 1400 hominum
1667 1349 1924 1417 operibus
1963 1359 2018 1403 et

432 1434 719 1490 laboribus
763 1434 993 1502 confert,
1031 1445 1085 1492 et
1126 1452 1388 1506 apparere
1439 1436 1569 1492 facit
1608 1454 1670 1493 ea
1722 1455 1843 1509 quae
1881 1453 2014 1493 con—

433 1526 760 1597 spiciuntur,
793 1537 848 1582 et
880 1528 1037 1598 quasi
1075 1541 1346 1600 praeparat
1385 1545 1507 1594 nos,
1541 1539 1601 1585 ut
1642 1531 2016 1587 collaudemus

433 1619 630 1676 horum
682 1629 984 1676 auctorem.
1020 1620 1284 1677 Tenebrae
1313 1638 1441 1677 vero
1481 1625 1766 1694 quiescere
1807 1624 2016 1678 faciunt

429 1721 484 1768 et
515 1721 778 1768 renovant
816 1711 1113 1779 hominem,
1147 1713 1332 1768 soluta
1368 1714 1713 1780 lassitudine,
1744 1732 1907 1786 quam
1941 1732 2006 1770 ex
2046 1749 2086 1804 Β

428 1805 616 1861 labore
647 1805 938 1861 contraxit.
969 1803 1229 1860 Similiter
1256 1805 1507 1862 homines
1539 1807 1762 1861 domum
1783 1818 2008 1878 cogunt,

427 1897 617 1953 bestiis
665 1911 795 1952 vero
845 1896 1089 1966 praebent
1138 1897 1485 1954 securitatem
1541 1899 1744 1966 pabuli.
1801 1898 1864 1953 Et
1913 1899 2016 1956 hoc

428 1998 614 2058 aperte
640 2001 739 2043 nos
763 1989 920 2044 docet
943 1987 1162 2044 divinus
1197 1987 1365 2043 David
1398 2007 1410 2042 :
1459 2007 1479 2040 ι
1514 1987 1778 2056 Posuisti,
1814 1990 2011 2060 inquit,

428 2073 701 2143 tenebras,
731 2085 802 2140 ‘ict
848 2079 988 2134 facta
1029 2088 1114 2135 est
1156 2094 1287 2134 nox.
1330 2077 1387 2134 In
1436 2079 1550 2150 ipsa
1606 2081 2016 2150 pertransibunt

427 2181 617 2225 omnes
654 2171 840 2225 bestiae
868 2171 982 2242 agri
1009 2189 1023 2226 :
1070 2171 1240 2226 catuli
1269 2171 1487 2227 leonum
1519 2173 1794 2244 rugientes
1836 2182 1894 2227 ut
1927 2188 2014 2227 ra-

427 2262 596 2332 piant,
627 2271 680 2317 et
709 2271 958 2334 quaerant
997 2277 1026 2317 a
1081 2262 1194 2318 Deo
1237 2277 1417 2318 escam
1467 2263 1594 2319 sibi.
1650 2263 1887 2320 Exortus
1924 2273 2006 2318 est

425 2353 527 2420 sol,
559 2363 614 2410 et
643 2353 954 2425 congregati
988 2361 1136 2420 sunt,
1186 2362 1241 2409 et
1284 2355 1338 2409 in
1369 2355 1644 2411 cubilibus
1692 2356 1808 2410 suis
1839 2355 2009 2410 collo-

425 2444 716 2500 cabuutur.
763 2444 947 2500 Exibit
996 2444 1161 2499 homo
1188 2444 1254 2499 ad
1291 2459 1430 2514 opus
1468 2460 1650 2508 suum,
1679 2455 1734 2500 et
1766 2446 1832 2500 ad
1867 2460 2002 2516 ope—

426 2537 692 2594 rationem
735 2553 890 2594 suam
931 2552 1106 2608 usque
1139 2537 1205 2591 ad
1249 2551 1531 2606 vesperam
1559 2538 1600 2590 ί.
1641 2557 1658 2588 ι
1703 2536 1770 2592 Ει
1807 2538 1890 2594 his
1935 2537 2007 2591 ita

426 2628 587 2686 dictis
651 2629 955 2686 admiratur
1031 2627 1491 2699 magniﬁcentiam
1549 2629 1848 2695 Creatoris,
1920 2631 2008 2685 in-

425 2714 618 2792 quiens
643 2739 658 2776 :
684 2739 705 2773 ι
725 2722 898 2789 Quam
916 2722 1257 2793 magniﬁcata
1281 2731 1407 2778 sunt
1426 2738 1591 2794 opera
1610 2732 1721 2788 tua,
1748 2722 1972 2778 Domine
1994 2725 2007 2777 ι

424 2811 620 2868 Omnia
679 2813 732 2867 iu
800 2812 1068 2883 sapientia
1119 2812 1364 2868 fecisti“.
1405 2832 1424 2866 ι
1494 2813 1798 2870 Didicimus
1843 2815 2010 2884 igitur

427 2913 610 2974 aperte
671 2904 922 2960 tenebras
1006 2919 1129 2961 esse
1201 2907 1565 2962 necessarias.
1613 2905 1769 2973 Quod
1827 2915 2007 2961 autem

427 3011 536 3053 non
574 2996 684 3052 sint
713 2996 1035 3062 substantia,
1087 2995 1181 3053 sed
1217 3011 1305 3052 res
1333 2996 1582 3067 quaedam
1632 2999 2006 3063 accidentalis,

2117 487 2212 540 ἐπὶ
2239 486 2338 557 τῆς
2370 489 2548 550 σκιᾶς,
2575 486 2640 540 τὸ
2667 485 2805 555 φῶς,
2826 485 2889 538 τὸ
2919 484 3102 556 σῶμα,
3133 483 3227 537 τὸν
3253 482 3484 553 ἀλαμπῆ
3515 481 3700 536 τόπον.

2117 577 2192 631 Τὸ
2237 577 2421 631 τοίνυν
2455 579 2752 647 ἐγκόσμιον
2796 577 2986 640 σκότος
3029 578 3096 647 τῇ
3143 575 3274 647 σκιᾷ
3317 573 3412 629 τοῦ
3447 574 3700 645 οὐρανίου

2123 669 2374 741 σώματος
2411 670 2762 742 παρνπέστη.

2752 879 2952 933 ΕΡΩΤ.
2993 881 3065 933 Ζ’.

2116 996 2184 1049 El
2211 995 2275 1048 τὸ
2308 993 2434 1062 φῶς
2453 996 2487 1046 o’
2514 995 2658 1058 Θεὸς
2677 990 3130 1062 ἐδημιούργησε,
3155 991 3281 1057 πῶς
3298 990 3481 1058 αὐτὸς
3500 989 3616 1062 (27)
3638 991 3700 1062 τὲ

2190 1065 2415 1189 Ξκότος
2457 1061 2791 1132 ἐποίησεν-ξ
2841 1061 3087 1115 ἐναντία
3129 1063 3238 1133 τὰρ
3279 1063 3466 1118 ταῦτα
3508 1061 3698 1128 dum-

2233 1153 2344 1189 οιε.

2233 1153 2344 1203 occ.

2201 1249 2448 1306 Ἐναντία
2481 1249 2578 1320 μὲν
2601 1248 2873 1319 ἀλλήλοις,
2900 1247 3016 1300 ἀλλ’
3042 1248 3316 1316 ἀναγκαῖα
3343 1251 3458 1312 τοῖς
3482 1248 3582 1302 ἀνθ
3591 1246 3700 1321 ρώ-

2117 1359 2239 1406 ποις
2269 1340 2571 1413 ἀμφότερα.
2621 1339 2695 1392 Τὸ
2726 1338 2824 1407 μὲν
2863 1331 2988 1408 γὰρ’
3015 1338 3152 1408 πρὸς
3197 1339 3462 1409 ἐργασίαν
3498 1355 3558 1392 τε
3609 1341 3698 1394 καὶ

2118 1428 2436 1498 φιλοπονίαν
2461 1427 2716 1496 συνεργεῖ
2739 1427 2850 1490 τοῖς
2865 1425 3198 1498 ἀνθρώποις,
3227 1427 3322 1480 καὶ
3347 1427 3701 1482 ὑποδείκνυσι

2117 1516 2186 1570 τά
2215 1515 2488 1588 δρώμενα,
2523 1516 2617 1568 καὶ
2637 1513 2728 1567 τὸν
2765 1513 2972 1568 τούτων
2999 1515 3233 1586 ποιητὴν
3267 1515 3558 1586 ὑμνεῖσθαι
3594 1535 3698 1570 πα-

2119 1606 2470 1680 ρασκευάζει.
2503 1606 2575 1659 Τὸ
2603 1605 2660 1659 δὲ
2704 1604 2958 1660 διαπαύει
3000 1605 3114 1676 (28)
3155 1608 3252 1660 καὶ
3285 1612 3537 1679 νεουργεῖ
3576 1611 3700 1676 τοὺς

2118 1698 2436 1771 ἀνθρώπους
2463 1739 2478 1762 ,
2514 1697 2608 1751 καὶ
2648 1697 2738 1752 τὸν
2787 1700 2852 1752 ὲκ
2899 1698 2999 1768 τῆς
3032 1680 3295 1770 ὲργασίας
3347 1701 3701 1771 ἐγγινόμενον

2123 1791 2330 1846 διαλύει
2363 1792 2544 1846 πόνον.
2579 1791 2685 1845 Καὶ
2714 1792 2838 1854 τοὺς
2866 1789 3189 1861 ἀνθρώπους
3233 1793 3331 1862 μὲν
3355 1795 3540 1848 οἴκαδε
3577 1813 3698 1852 συν-

2124 1885 2364 1958 αγείρει,
2403 1887 2517 1948 τοῖς
2564 1883 2623 1938 δέ
2657 1901 2720 1954 γε
2755 1884 2964 1956 θηρίοις
3019 1884 3202 1938 ἄδειαν
3238 1886 3472 1958 παρέχει
3506 1889 3700 1961 νομῆς.

2125 1980 2236 2034 Καὶ
2287 1977 2445 2032 τοῦτο
2500 1979 2685 2048 σαφῶς
2739 1980 2889 2050 ἡμᾶς
2945 1982 2973 2033 ὁ
3031 1980 3174 2045 θεῖος
3228 1980 3472 2037 διδάσκει
3514 1985 3700 2040 Δαϐίδ.

2128 2091 2146 2124 ι
2192 2071 2354 2126 Ἐθου
2387 2072 2515 2142 γὰρ,
2549 2074 2702 2142 φησὶ,
2735 2071 2945 2139 σκότος,
2973 2074 3064 2126 καὶ
3089 2073 3305 2142 ἐγένετο
3325 2077 3438 2140 νὺξ.
3468 2079 3528 2130 έν
3563 2079 3701 2150 αὑτῇ

2120 2162 2487 2218 διελεύσονται
2535 2165 2715 2219 πάντα
2762 2163 2832 2218 τὰ
2884 2164 3052 2237 θηρία
3089 2165 3183 2219 τοῦ
3224 2169 3414 2239 ἀγροῦ.
3459 2169 3700 2240 Σκὺμνοι

2121 2256 2422 2334 ὠρυόμενοι
2452 2255 2547 2307 τοῦ
2578 2253 2845 2326 ἁρπάσαι,
2886 2258 2983 2310 καὶ
3009 2256 3244 2328 ζητῆσαι
3283 2260 3435 2331 παρά
3460 2260 3542 2332 τῷ
3582 2263 3702 2334 Θεῷ

2123 2347 2327 2420 βρῶσιν
2352 2348 2556 2411 αὑτοῖς.
2599 2347 2898 2401 Ἀνέτειλεν
2930 2351 2958 2403 ὁ
2988 2349 3162 2420 ἥλιος,
3194 2353 3289 2405 καὶ
3320 2353 3699 2423 συνήχθησαν,

2119 2440 2214 2494 καὶ
2263 2441 2343 2504 είς
2371 2440 2468 2502 τὰς
2507 2439 2743 2512 μάνδρας
2780 2439 2959 2494 αὑτῶν
2999 2442 3471 2514 κοιτασθήσονται.
3506 2460 3538 2496 ν
3578 2447 3702 2513 Ἐξ-

2119 2533 2399 2586 ελεύσεται
2422 2532 2709 2602 ἄνθρωπος
2742 2535 2835 2587 ἐπὶ
2867 2534 2928 2587 τὸ
2951 2533 3111 2607 ἔργον
3141 2536 3327 2600 αὑτοῦ,
3357 2538 3452 2592 καὶ
3481 2539 3572 2590 ἐπὶ
3601 2541 3702 2609 τὴν

2119 2625 2383 2697 ἐργασίαν
2431 2623 2598 2677 αὑτοῦ
2643 2625 2746 2688 ἕως
2783 2625 3042 2696 ἑσπέρας.
3093 2626 3280 2690 Οὕτως
3312 2646 3484 2682 ταυτα
3527 2631 3704 2686 εἰπὼν

2117 2716 2216 2787 τὴν
2241 2715 2335 2768 τοῦ
2366 2714 2594 2784 ποιητοῦ
2625 2715 2895 2786 θαυμάζει
2921 2717 3351 2789 μεγαλουργίαν,
3387 2721 3480 2775 καί
3507 2740 3703 2792 φησιν,

2124 2827 2142 2860 ι
2195 2808 2282 2872 Ὡς
2329 2807 2677 2878 ὲμεγαλύνθη
2728 2808 2798 2862 τά
2845 2809 2980 2879 ἔργα
3021 2827 3136 2874 σου,
3179 2810 3375 2884 Κύριε,
3425 2814 3602 2867 πάντα
3646 2818 3708 2869 ὲν

2119 2901 2281 2972 σοφίᾳ
2311 2901 2596 2971 ἐποίησας.
2628 2918 2646 2952 ι
2680 2901 2799 2954 ’Ότι
2835 2901 2932 2970 μὲν
2954 2898 3046 2955 οὖν
3073 2904 3373 2973 ἀναγκαῖον
3399 2906 3460 2960 τὸ
3482 2909 3704 2975 σκότος,

2116 2992 2363 3067 ἀκριϐῶς
2397 2993 2821 3064 μεμαθήκαμεν.
2861 2995 2982 3047 Ὅτι
3008 2995 3063 3048 δὲ
3094 2995 3191 3048 οὑκ
3217 2997 3374 3050 οὑσία
3403 2998 3486 3062 τίς
3520 3002 3706 3067 ἐστιν,

427 3085 587 3144 facile
651 3096 736 3143 est
799 3087 1141 3159 intelligere:
1201 3097 1328 3144 sunt
1380 3088 1527 3144 enim
1569 3089 1692 3144 caeli
1745 3098 1800 3145 et
1854 3099 2009 3145 terrae

2121 3087 2252 3140 ἀλλὰ
2304 3088 2536 3157 πρᾶγμα
2592 3085 2980 3156 συμϐεϐηκὸς,
3043 3090 3386 3158 καταμαθεῖν
3441 3092 3706 3156 εὐπετές.

427 3179 794 3235 adumbratio.
861 3179 1228 3248 Quamobrem
1292 3182 1504 3236 oriente
1546 3181 1753 3237 lumine
1810 3198 2010 3237 evane-

428 3281 590 3328 scunt
623 3272 881 3328 tenebrae.
919 3275 1021 3343 12
1056 3272 1266 3328 Lumen
1304 3281 1484 3328 autem
1511 3272 1814 3328 substantia
1845 3282 1924 3330 est
1961 3284 2014 3328 et

428 3362 677 3419 subsistit
703 3381 715 3418 :
746 3374 800 3419 et
826 3379 950 3420 cum
981 3363 1260 3430 occiderit,
1314 3378 1532 3419 rursum
1563 3365 1764 3420 oritur:
1799 3373 1855 3419 et
1884 3380 2010 3418 cum

429 3453 640 3522 abierit,
714 3456 1022 3512 revertitur.
1096 3455 1568 3523 Quemadmodum
1621 3457 1765 3510 enim
1813 3471 2014 3525 corpus

431 3555 679 3602 nostrum
722 3556 805 3602 est
850 3547 1177 3615 substantia,
1233 3548 1426 3602 umbra
1474 3562 1626 3613 vero,
1663 3563 1826 3618 quam
1864 3547 2010 3613 facit,

429 3639 682 3696 accidens
709 3650 811 3704 est,
859 3654 968 3696 non
1020 3641 1364 3695 substantia:
1407 3640 1482 3695 ita
1533 3640 1728 3696 caelum
1759 3648 1812 3694 et
1845 3649 2010 3703 terra,

430 3747 552 3802 quae
579 3731 815 3786 maxima
849 3741 977 3787 sunt
1023 3746 1272 3802 corpora,
1326 3731 1643 3787 substantiae
1675 3741 1800 3785 sunt
1831 3733 2010 3786 diver-

429 3838 544 3878 sae:
592 3837 713 3893 quae
747 3838 874 3878 vero
905 3823 973 3878 ab
1017 3823 1102 3878 bis
1153 3831 1337 3877 manat
1383 3823 1599 3886 umbra,
1652 3822 1857 3876 lumine
1905 3838 2009 3876 non

430 3921 742 3983 apparente,
772 3922 1036 3967 vocantur
1066 3911 1321 3967 tenebrae.
1375 3911 1578 3966 Lumen
1611 3920 1790 3966 autem
1834 3928 2006 3966 emer-

431 4020 561 4076 gens
592 4005 843 4061 tenebras
888 4004 1053 4058 delet.
1089 4002 1202 4058 lloc
1230 4013 1283 4058 et
1314 4003 1469 4058 aliter
1498 4018 1831 4073 cognoscere
1862 4003 2006 4058 licet.

433 4096 636 4152 Domus
679 4095 823 4150 enim
873 4094 1126 4151 fenestris
1168 4109 1360 4150 carens
1411 4095 1651 4151 tenebris
1699 4095 1852 4166 plena
1886 4105 2008 4150 est:

431 4186 641 4254 eadem,
694 4185 741 4242 si
786 4185 932 4240 illata
964 4186 1173 4256 lampas
1206 4184 1387 4251 fuerit,
1429 4185 1756 4252 illustratur,
1789 4201 1896 4238 non
1930 4193 2009 4238 tc-

432 4278 615 4334 nebris
660 4277 768 4333 alio
818 4277 1179 4348 migrantibus
1221 4277 1417 4348 (neque
1464 4276 1610 4330 enim
1665 4276 2003 4342 subsistunt,

431 4386 554 4426 cum
586 4368 906 4425 substantiae
935 4368 1042 4424 sint
1069 4373 1363 4439 expertes),
1396 4365 1492 4422 sed
1520 4366 1745 4421 luminis
1769 4367 2002 4422 adventu

2116 3176 2362 3249 Οὐρανοῦ
2415 3177 2525 3247 γὰρ
2556 3178 2652 3230 καὶ
2697 3179 2800 3249 γῆς
2833 3180 2981 3230 ἐστιν
3030 3180 3429 3252 ἀποσκίασμα·
3482 3183 3570 3237 διά
3614 3201 3705 3239 τοι

2114 3270 2271 3324 τοῦτο
2302 3269 2530 3340 φροῦδον
2569 3273 2778 3338 γίνεται
2822 3270 2917 3323 τοῦ
2949 3271 3127 3340 φωτὸς
3167 3273 3500 3346 ἀνίσχοντος.
3535 3276 3613 3329 Τδ
3646 3277 3706 3330 δὲ

2117 3360 2230 3428 φῶς
2255 3361 2412 3414 οὐσία
2440 3359 2558 3413 ἐστὶ
2585 3363 2681 3414 καὶ
2711 3361 2988 3432 ὑφέστηκε
3009 3379 3024 3393 ·
3059 3362 3152 3415 καὶ
3178 3363 3434 3435 δυόμενον
3459 3366 3702 3438 ἀνίσχει,

2116 3450 2210 3504 καὶ
2260 3451 2420 3504 ἀπιὸν
2471 3452 2852 3524 ἐπανέρχεται.
2912 3454 3122 3524 ’Ὠσπερ
3175 3456 3285 3526 γὰρ
3331 3456 3392 3510 τὸ
3438 3458 3600 3530 σῶμα
3637 3461 3703 3513 τὸ

2113 3546 2382 3618 ἡμέτερον
2412 3547 2566 3600 οὑσία
2591 3547 2674 3612 τίς
2707 3548 2878 3610 ἐστιν,
2913 3548 2944 3616 ἡ
2975 3547 3030 3601 δὲ
3065 3548 3152 3603 διὰ
3177 3549 3368 3603 τούτου
3397 3551 3701 3605 ἀποτελου-

2117 3641 2252 3710 μένη
2307 3637 2434 3691 σκιά
2489 3632 2837 3710 συμϐεϐηκός
2893 3641 3062 3706 ἐστιν,
3096 3640 3197 3694 οὑκ
3233 3641 3421 3695 οὑσία·
3451 3641 3632 3707 οὑτως
3673 3648 3701 3700 ό

2113 3731 2341 3802 οὑρανὸς
2373 3731 2469 3784 καὶ
2504 3732 2538 3802 ἡ
2579 3732 2670 3800 γῆ,
2711 3731 2778 3784 τά
2812 3731 3040 3801 μέγιστα
3084 3732 3332 3802 σώματα,
3365 3733 3545 3787 οὐσίαι
3587 3737 3700 3790 εἰσὶ

2112 3825 2396 3896 διάφορον
2438 3825 2471 3892 ἡ
2522 3822 2578 3876 δὲ
2612 3825 2675 3876 ὲκ
2719 3823 2926 3876 τούτων
2969 3824 3379 3897 ἀποτελουμένη
3413 3826 3564 3892 σκιὰ,
3597 3827 3698 3882 τοῦ

2115 3915 2291 3984 φωτὸς
2329 3931 2378 3967 οι
2435 3913 2720 3984 παρόντος,
2752 3913 3076 3984 ὀνομάζεται
3115 3915 3305 3978 σκότος
3327 3931 3339 3944 ·
3369 3916 3612 3970 εἰσελθὸν
3639 3917 3698 3971 δὲ

2113 4008 2173 4060 τὸ
2207 4007 2321 4075 φῶς
2350 4005 2604 4075 ἀφανίζει
2639 4003 2698 4058 τὸ
2729 4005 2941 4069 σκότος.
2976 4005 3148 4059 Τοῦτο
3176 4007 3287 4080 (29)
3316 4007 3372 4061 δὲ
3413 4009 3571 4080 γνοίη
3608 4026 3697 4073 τις

2113 4099 2178 4152 ἂν
2222 4099 2316 4152 καὶ
2353 4096 2641 4168 ἑτέρωθεν.
2682 4091 2842 4160 Οῐκος
2870 4097 2979 4167 γὰρ
3015 4098 3116 4150 οὑκ
3151 4097 3289 4167 ἔχων
3320 4098 3697 4167 φωταγωγοὺς

2115 4191 2337 4254 σκότους
2366 4189 2512 4243 ἐστὶν
2548 4187 2852 4252 ἀνάπλεως.
2891 4188 3354 4260 Εξσκομισθείσης
3385 4189 3442 4243 δὲ
3476 4190 3696 4260 λαμπάς

2109 4285 2198 4348 δος
2233 4283 2525 4353 φωτίζεται
2551 4298 2564 4312 ο
2614 4283 2675 4336 οὑ
2720 4279 2816 4335 τοῦ
2849 4281 3074 4345 σκότους
3103 4282 3292 4336 ἄλλοσε
3339 4283 3686 4352 μεταϐαίνον-

2110 4393 2199 4440 τος
2219 4393 2232 4406 ·
2261 4376 2322 4426 οὑ
2348 4373 2453 4444 γάρ
2475 4371 2802 4448 ὑφέστηκεν,
2829 4373 3209 4426 ἀνυπόστατον
3229 4373 3284 4426 δὲ
3306 4373 3497 4444 χρῆμά
3518 4376 3696 4428 ἐστιν·

433 4462 803 4531 pereuntibus.
855 4459 1065 4531 Quippe
1130 4460 1322 4515 umbra
1373 4468 1522 4524 sunt,
1592 4473 1756 4529 quam
1806 4466 2005 4512 tectum

2121 4464 2253 4519 ἀλλά
2297 4465 2528 4532 πάμπαν
2556 4462 2901 4532 διολλυμένην
2949 4465 3012 4534 τῇ
3046 4462 3138 4516 τοῦ
3185 4463 3362 4530 φωτὸς
3391 4465 3696 4536 παρουσίᾳ.

432 4553 719 4626 solumque
760 4562 814 4610 et
837 4555 1072 4624 parietes
1089 4551 1344 4620 conﬂant,
1375 4551 1598 4607 luminis
1618 4551 1811 4605 dcimle
1830 4553 2012 4620 splen-

431 4645 534 4701 dor
571 4645 840 4702 dissolvit.
872 4645 1027 4712 Quod
1060 4645 1235 4714 ipsum
1270 4643 1383 4699 ﬁeri
1425 4641 1669 4713 quotidie
1712 4641 2009 4697 cernimus.

432 4739 568 4795 Nam
615 4738 902 4794 recedente
944 4737 1174 4800 lumine,
1206 4734 1333 4792 θαιιὶ
1360 4743 1413 4788 οι
1444 4742 1602 4788 terra;
1639 4733 1829 4788 umbra
1863 4741 2014 4788 tene-

2111 4555 2246 4609 Σκιά
2277 4555 2386 4626 γάρ
2415 4555 2530 4607 ἐστι
2554 4553 2641 4606 διά
2669 4554 2768 4624 τῆς
2796 4554 3022 4626 ὀροφῆς,
3056 4557 3150 4607 καὶ
3180 4553 3273 4607 τοῦ
3310 4555 3564 4624 ἐδάφους,
3601 4560 3695 4612 καὶ

2109 4647 2219 4701 τῶν
2262 4647 2459 4717 τοίχων
2495 4644 2892 4715 συνισταμένη,
2939 4639 3060 4698 εἶτα
3087 4647 3207 4709 ταῖς
3247 4645 3340 4698 τοῦ
3374 4647 3552 4716 φωτδς
3581 4647 3697 4702 δια-

2109 4739 2345 4810 λυομένη
2393 4739 2805 4808 μαρμαρυγαῖς.
2841 4735 3013 4789 Τοῦτο
3041 4737 3162 4790 καθ’
3207 4737 3444 4809 έκάστην
3473 4741 3696 4811 ἡμέραν

434 4833 561 4889 bras
590 4831 843 4903 producit
871 4848 886 4885 :
935 4844 1058 4901 quae
1083 4829 1292 4883 oriente
1324 4827 1531 4882 lumine
1561 4841 1780 4882 rursum
1809 4826 2009 4882 dissol-

2121 4831 2326 4902 Βρῶμεν
2355 4829 2793 4900 ὲπιτελοὺμενον.
2842 4827 3287 4900 Ύποχωροῦντος
3317 4833 3427 4901 γὰρ
3456 4832 3551 4884 τοῦ
3580 4850 3683 4901 φω-

433 4933 656 4981 vuntur.
689 4922 804 4977 Non
836 4931 959 4977 sunt
989 4921 1153 4992 igitur
1175 4919 1408 4975 tenebrat
1434 4919 1738 4974 substantia
1763 4919 2008 4989 quaedam

436 5019 700 5082 inereata,
730 5030 908 5088 neque
936 5015 1098 5070 etiam
1149 5012 1454 5069 substantia
1488 5020 1668 5068 creata
1699 5031 1712 5067 :
1748 5011 1843 5068 sed
1875 5026 2008 5067 usus

436 5110 655 5182 quidam
705 5107 1067 5172 necessarius,
1101 5106 1168 5160 ab
1199 5105 1284 5159 bis
1312 5121 1434 5175 quae
1463 5105 1605 5162 facta
1636 5113 1765 5162 sunt
1810 5119 2005 5176 prove-

515 5290 533 5326 ί
575 5287 719 5343 Psal.
753 5303 869 5352 CIII,
903 5287 1071 5342 20-‘25
1187 5297 1212 5324 υ
1247 5284 1382 5341 ibid.
1424 5284 1520 5341 24.

2117 4923 2236 4987 τὸς,
2274 4919 2500 4994 οὑρανοῦ
2539 4919 2633 4973 καὶ
2677 4920 2775 4989 γῆς
2812 4921 2846 4988 ἡ
2889 4919 3021 4973 σκιά
3061 4920 3124 4972 τὸ
3159 4921 3352 4984 σκότος
3397 4922 3693 4975 ἀποτελεῖ·

2116 5013 2428 5084 ἀνίσχοντος
2446 5011 2502 5064 δὲ
2533 5009 2716 5077 πάλιν,
2747 5009 3020 5063 διαλύεται
3047 5010 3223 5065 τοῦτο.
3251 5012 3326 5065 Οὑ
3355 5012 3537 5066 τοίνυν
3559 5015 3686 5082 ἀγέ-

2116 5122 2273 5178 νητος
2304 5105 2462 5159 οὑσία
2485 5104 2544 5158 τὸ
2572 5104 2781 5170 σκότος,
2814 5101 2938 5156 οὒτε
2975 5103 3080 5174 μὴν
3104 5103 3312 5175 γενητή
3335 5121 3418 5169 τις
3451 5105 3688 5160 ὑπόστα-

1992 5435 2223 5493 NOTAE.

508 5627 620 5703 (εἴ)
650 5628 786 5703 god.
820 5631 991 5703 αὑτῷο

515 5698 628 5770 (28)
651 5698 782 5758 Cod.
812 5698 1154 5761 διαναπαύει.

2187 5630 2301 5706 (29)
2332 5629 2503 5706 τοῦτο
2530 5629 2598 5683 δὲ
2628 5630 2798 5702 γνοίη
2833 5662 2900 5672 -
2926 5631 3378 5703 ὑποχωροῦντος
3433 5629 3539 5698 γὰρ
3585 5632 3689 5686 to}

2120 5699 2332 5772 φωτός.
2365 5701 2585 5757 Desunt.
