  <div class='ocr_page' id='page_1' title='image "/cluster/home/n/w/nwhite01/storage/ocr_20150623/80/pst.000005712793/054.png"; bbox 0 0 3920 6316; ppageno 0'>
   <div class='ocr_carea' id='block_1_1' title="bbox 182 330 3445 414">
    <p class='ocr_par' dir='ltr' id='par_1_1' title="bbox 182 330 3445 414">
     <span class='ocr_line' id='line_1_1' title="bbox 182 330 3445 414; baseline -0.002 -8"><span class='ocrx_word' id='word_1_1' title='bbox 182 343 239 406; x_wconf 79' lang='lat'><strong>89</strong></span> <span class='ocrx_word' id='word_1_2' title='bbox 1352 343 1635 414; x_wconf 66' lang='lat' dir='ltr'><strong>QUASST.</strong></span> <span class='ocrx_word' id='word_1_3' title='bbox 1670 341 1752 402; x_wconf 84' lang='lat' dir='ltr'><strong>IN</strong></span> <span class='ocrx_word' id='word_1_4' title='bbox 1781 338 2050 401; x_wconf 87' lang='lat' dir='ltr'><strong>GENES.</strong></span> <span class='ocrx_word' id='word_1_5' title='bbox 2091 340 2249 402; x_wconf 83' lang='lat' dir='ltr'><strong>CAP.</strong></span> <span class='ocrx_word' id='word_1_6' title='bbox 2291 341 2342 401; x_wconf 88' lang='grc' dir='ltr'><strong>Ι.</strong></span> <span class='ocrx_word' id='word_1_7' title='bbox 3369 330 3445 398; x_wconf 81' lang='lat'><strong>90</strong></span> 
     </span>
    </p>
   </div>
   <div class='ocr_carea' id='block_1_2' title="bbox 184 441 1803 522">
    <p class='ocr_par' dir='ltr' id='par_1_2' title="bbox 184 447 1803 522">
     <span class='ocr_line' id='line_1_2' title="bbox 184 447 1803 522; baseline 0.004 -19"><span class='ocrx_word' id='word_1_8' title='bbox 184 465 253 512; x_wconf 80' lang='grc' dir='ltr'><strong>σις</strong></span> <span class='ocrx_word' id='word_1_9' title='bbox 277 465 292 481; x_wconf 77' lang='grc' dir='ltr'><strong>ο</strong></span> <span class='ocrx_word' id='word_1_10' title='bbox 327 447 446 503; x_wconf 87' lang='grc' dir='ltr'>ἀλλ’</span> <span class='ocrx_word' id='word_1_11' title='bbox 471 449 538 503; x_wconf 79' lang='grc' dir='ltr'>ὲκ</span> <span class='ocrx_word' id='word_1_12' title='bbox 566 449 677 504; x_wconf 84' lang='grc' dir='ltr'><strong>τῶν</strong></span> <span class='ocrx_word' id='word_1_13' title='bbox 698 451 943 522; x_wconf 81' lang='grc' dir='ltr'><strong>γενητῶν</strong></span> <span class='ocrx_word' id='word_1_14' title='bbox 970 450 1342 522; x_wconf 79' lang='grc' dir='ltr'><strong>συνισταμένη</strong></span> <span class='ocrx_word' id='word_1_15' title='bbox 1368 451 1566 522; x_wconf 81' lang='grc' dir='ltr'>χρῆσις</span> <span class='ocrx_word' id='word_1_16' title='bbox 1589 453 1759 517; x_wconf 83' lang='grc' dir='ltr'>ἀναγ-</span> <span class='ocrx_word' id='word_1_17' title='bbox 1789 469 1803 510; x_wconf 74' lang='grc' dir='ltr'><em>Δ</em></span> 
     </span>
    </p>
   </div>
   <div class='ocr_carea' id='block_1_3' title="bbox 1876 441 3438 522">
    <p class='ocr_par' dir='ltr' id='par_1_3' title="bbox 1876 441 3438 518">
     <span class='ocr_line' id='line_1_3' title="bbox 1876 441 3438 518; baseline -0.007 -16"><span class='ocrx_word' id='word_1_18' title='bbox 1876 447 2042 514; x_wconf 82' lang='lat' dir='ltr'><strong>niens,</strong></span> <span class='ocrx_word' id='word_1_19' title='bbox 2090 455 2146 504; x_wconf 95' lang='lat' dir='ltr'><strong>et</strong></span> <span class='ocrx_word' id='word_1_20' title='bbox 2187 445 2511 518; x_wconf 75' lang='lat' dir='ltr'><strong>sapientiam</strong></span> <span class='ocrx_word' id='word_1_21' title='bbox 2559 443 2649 500; x_wconf 87' lang='lat' dir='ltr'><strong>Dei</strong></span> <span class='ocrx_word' id='word_1_22' title='bbox 2715 441 3041 514; x_wconf 74' lang='lat' dir='ltr'><strong>przedicans.</strong></span> <span class='ocrx_word' id='word_1_23' title='bbox 3108 441 3250 498; x_wconf 82' lang='lat' dir='ltr'><strong>Ecce</strong></span> <span class='ocrx_word' id='word_1_24' title='bbox 3295 443 3438 496; x_wconf 81' lang='lat' dir='ltr'><strong>enim</strong></span> 
     </span>
    </p>
   </div>
   <div class='ocr_carea' id='block_1_4' title="bbox 186 542 1757 616">
    <p class='ocr_par' dir='ltr' id='par_1_4' title="bbox 186 542 1757 616">
     <span class='ocr_line' id='line_1_4' title="bbox 186 542 1757 616; baseline 0 -22"><span class='ocrx_word' id='word_1_25' title='bbox 186 543 299 595; x_wconf 83' lang='grc' dir='ltr'>ιιαία</span> <span class='ocrx_word' id='word_1_26' title='bbox 319 579 336 604; x_wconf 89' lang='grc'><strong>,</strong></span> <span class='ocrx_word' id='word_1_27' title='bbox 363 542 462 595; x_wconf 74' lang='grc' dir='ltr'>καὶ</span> <span class='ocrx_word' id='word_1_28' title='bbox 490 542 587 596; x_wconf 89' lang='grc' dir='ltr'><strong>τοῦ</strong></span> <span class='ocrx_word' id='word_1_29' title='bbox 624 543 761 597; x_wconf 87' lang='grc' dir='ltr'>Θεοῦ</span> <span class='ocrx_word' id='word_1_30' title='bbox 792 545 891 616; x_wconf 78' lang='grc' dir='ltr'>τὴν</span> <span class='ocrx_word' id='word_1_31' title='bbox 922 544 1117 614; x_wconf 80' lang='grc' dir='ltr'><strong>σοφίαν</strong></span> <span class='ocrx_word' id='word_1_32' title='bbox 1145 543 1514 614; x_wconf 87' lang='grc' dir='ltr'>κηρύττουσα.</span> <span class='ocrx_word' id='word_1_33' title='bbox 1545 542 1757 595; x_wconf 79' lang='grc' dir='ltr'>Αὐτίκα</span> 
     </span>
    </p>
   </div>
   <div class='ocr_carea' id='block_1_5' title="bbox 185 631 1755 707">
    <p class='ocr_par' dir='ltr' id='par_1_5' title="bbox 185 631 1755 707">
     <span class='ocr_line' id='line_1_5' title="bbox 185 631 1755 707; baseline 0 -19"><span class='ocrx_word' id='word_1_34' title='bbox 185 636 301 704; x_wconf 85' lang='grc' dir='ltr'>γοῦν</span> <span class='ocrx_word' id='word_1_35' title='bbox 350 637 383 688; x_wconf 82' lang='grc' dir='ltr'><strong>ὁ</strong></span> <span class='ocrx_word' id='word_1_36' title='bbox 423 636 716 707; x_wconf 83' lang='grc' dir='ltr'><strong>προφήτης</strong></span> <span class='ocrx_word' id='word_1_37' title='bbox 757 636 849 690; x_wconf 85' lang='grc' dir='ltr'><strong>τὸν</strong></span> <span class='ocrx_word' id='word_1_38' title='bbox 884 635 996 691; x_wconf 87' lang='grc' dir='ltr'><strong>τῶν</strong></span> <span class='ocrx_word' id='word_1_39' title='bbox 1041 635 1179 689; x_wconf 80' lang='grc' dir='ltr'>ὅλων</span> <span class='ocrx_word' id='word_1_40' title='bbox 1209 636 1343 689; x_wconf 83' lang='grc' dir='ltr'><strong>Θεὸν</strong></span> <span class='ocrx_word' id='word_1_41' title='bbox 1373 635 1468 688; x_wconf 76' lang='grc' dir='ltr'>καὶ</span> <span class='ocrx_word' id='word_1_42' title='bbox 1505 631 1755 688; x_wconf 71' lang='grc' dir='ltr'>ἐντεῦθεν</span> 
     </span>
    </p>
   </div>
   <div class='ocr_carea' id='block_1_6' title="bbox 188 725 1756 799">
    <p class='ocr_par' dir='ltr' id='par_1_6' title="bbox 188 725 1756 799">
     <span class='ocr_line' id='line_1_6' title="bbox 188 725 1756 799; baseline -0.003 -19"><span class='ocrx_word' id='word_1_43' title='bbox 188 726 356 798; x_wconf 75' lang='grc' dir='ltr'>ὑμνεῖ.</span> <span class='ocrx_word' id='word_1_44' title='bbox 413 746 433 780; x_wconf 76' lang='grc' dir='ltr'><strong>ι</strong></span> <span class='ocrx_word' id='word_1_45' title='bbox 488 727 550 781; x_wconf 88' lang='lat'><strong>&#39;0</strong></span> <span class='ocrx_word' id='word_1_46' title='bbox 605 727 840 798; x_wconf 80' lang='grc' dir='ltr'>ποιήσας</span> <span class='ocrx_word' id='word_1_47' title='bbox 889 728 1018 799; x_wconf 82' lang='grc' dir='ltr'><strong>γάρ,</strong></span> <span class='ocrx_word' id='word_1_48' title='bbox 1057 727 1214 798; x_wconf 80' lang='grc' dir='ltr'>φησὶ,</span> <span class='ocrx_word' id='word_1_49' title='bbox 1263 725 1401 794; x_wconf 83' lang='grc' dir='ltr'>φῶς,</span> <span class='ocrx_word' id='word_1_50' title='bbox 1449 725 1544 780; x_wconf 74' lang='grc' dir='ltr'>καὶ</span> <span class='ocrx_word' id='word_1_51' title='bbox 1589 741 1756 778; x_wconf 89' lang='grc' dir='ltr'>κατα-</span> 
     </span>
    </p>
   </div>
   <div class='ocr_carea' id='block_1_7' title="bbox 189 815 1759 890">
    <p class='ocr_par' dir='ltr' id='par_1_7' title="bbox 189 815 1759 890">
     <span class='ocr_line' id='line_1_7' title="bbox 189 815 1759 890; baseline -0.003 -17"><span class='ocrx_word' id='word_1_52' title='bbox 189 819 454 883; x_wconf 74' lang='grc' dir='ltr'><strong>σκευάσας</strong></span> <span class='ocrx_word' id='word_1_53' title='bbox 483 819 700 888; x_wconf 83' lang='grc' dir='ltr'>σκότος.</span> <span class='ocrx_word' id='word_1_54' title='bbox 737 838 759 873; x_wconf 69' lang='grc' dir='ltr'><strong>ι</strong></span> <span class='ocrx_word' id='word_1_55' title='bbox 802 818 1106 890; x_wconf 77' lang='grc' dir='ltr'><strong>⁹Αρμοδίως</strong></span> <span class='ocrx_word' id='word_1_56' title='bbox 1133 820 1193 872; x_wconf 83' lang='grc' dir='ltr'>δὲ</span> <span class='ocrx_word' id='word_1_57' title='bbox 1232 819 1372 887; x_wconf 85' lang='grc' dir='ltr'>ἀγαν</span> <span class='ocrx_word' id='word_1_58' title='bbox 1400 818 1638 886; x_wconf 80' lang='grc' dir='ltr'>ἑκάτερα</span> <span class='ocrx_word' id='word_1_59' title='bbox 1672 815 1759 869; x_wconf 85' lang='grc' dir='ltr'>τέ-</span> 
     </span>
    </p>
   </div>
   <div class='ocr_carea' id='block_1_8' title="bbox 188 907 1759 983">
    <p class='ocr_par' dir='ltr' id='par_1_8' title="bbox 188 907 1759 983">
     <span class='ocr_line' id='line_1_8' title="bbox 188 907 1759 983; baseline -0.003 -20"><span class='ocrx_word' id='word_1_60' title='bbox 188 908 356 964; x_wconf 80' lang='grc' dir='ltr'>θεικεν</span> <span class='ocrx_word' id='word_1_61' title='bbox 375 925 392 940; x_wconf 87' lang='grc'><strong>·</strong></span> <span class='ocrx_word' id='word_1_62' title='bbox 421 908 486 963; x_wconf 70' lang='grc' dir='ltr'><strong>τὸ</strong></span> <span class='ocrx_word' id='word_1_63' title='bbox 513 909 615 981; x_wconf 78' lang='grc' dir='ltr'><strong>μὲν</strong></span> <span class='ocrx_word' id='word_1_64' title='bbox 653 912 889 983; x_wconf 80' lang='grc' dir='ltr'><strong>ποιήσας</strong></span> <span class='ocrx_word' id='word_1_65' title='bbox 924 911 1018 965; x_wconf 75' lang='grc' dir='ltr'><strong>ἐπὶ</strong></span> <span class='ocrx_word' id='word_1_66' title='bbox 1043 909 1139 964; x_wconf 87' lang='grc' dir='ltr'><strong>τοῦ</strong></span> <span class='ocrx_word' id='word_1_67' title='bbox 1171 909 1371 979; x_wconf 80' lang='grc' dir='ltr'>φωτὸς,</span> <span class='ocrx_word' id='word_1_68' title='bbox 1402 907 1464 962; x_wconf 77' lang='grc' dir='ltr'>τὸ</span> <span class='ocrx_word' id='word_1_69' title='bbox 1493 907 1552 960; x_wconf 80' lang='grc' dir='ltr'>δὲ</span> <span class='ocrx_word' id='word_1_70' title='bbox 1588 923 1759 960; x_wconf 89' lang='grc' dir='ltr'>κατα-</span> 
     </span>
    </p>
   </div>
   <div class='ocr_carea' id='block_1_9' title="bbox 188 999 1757 1073">
    <p class='ocr_par' dir='ltr' id='par_1_9' title="bbox 188 999 1757 1073">
     <span class='ocr_line' id='line_1_9' title="bbox 188 999 1757 1073; baseline 0.006 -20"><span class='ocrx_word' id='word_1_71' title='bbox 188 1001 458 1065; x_wconf 81' lang='grc' dir='ltr'><strong>σκευάσας</strong></span> <span class='ocrx_word' id='word_1_72' title='bbox 486 1002 582 1055; x_wconf 74' lang='grc' dir='ltr'><strong>ἐπὶ</strong></span> <span class='ocrx_word' id='word_1_73' title='bbox 631 1002 728 1056; x_wconf 85' lang='grc' dir='ltr'><strong>τοῦ</strong></span> <span class='ocrx_word' id='word_1_74' title='bbox 766 1003 989 1066; x_wconf 81' lang='grc' dir='ltr'><strong>σκότους</strong></span> <span class='ocrx_word' id='word_1_75' title='bbox 1012 1018 1027 1034; x_wconf 86' lang='grc'><strong>·</strong></span> <span class='ocrx_word' id='word_1_76' title='bbox 1072 999 1421 1073; x_wconf 77' lang='grc' dir='ltr'>συμϐεϐηκδς</span> <span class='ocrx_word' id='word_1_77' title='bbox 1460 1000 1572 1070; x_wconf 84' lang='grc' dir='ltr'>γάρ</span> <span class='ocrx_word' id='word_1_78' title='bbox 1604 999 1720 1051; x_wconf 75' lang='grc' dir='ltr'>ἐστι</span> <span class='ocrx_word' id='word_1_79' title='bbox 1741 1037 1757 1062; x_wconf 71' lang='grc' dir='ltr'><strong>ν</strong></span> 
     </span>
    </p>
   </div>
   <div class='ocr_carea' id='block_1_10' title="bbox 188 1085 1760 1162">
    <p class='ocr_par' dir='ltr' id='par_1_10' title="bbox 188 1085 1760 1162">
     <span class='ocr_line' id='line_1_10' title="bbox 188 1085 1760 1162; baseline 0 -22"><span class='ocrx_word' id='word_1_80' title='bbox 188 1089 578 1160; x_wconf 81' lang='grc' dir='ltr'>συνιστάμενον</span> <span class='ocrx_word' id='word_1_81' title='bbox 606 1090 704 1145; x_wconf 73' lang='grc' dir='ltr'>καὶ</span> <span class='ocrx_word' id='word_1_82' title='bbox 737 1090 1107 1162; x_wconf 80' lang='grc' dir='ltr'><strong>διαλυόμενον.</strong></span> <span class='ocrx_word' id='word_1_83' title='bbox 1146 1090 1258 1144; x_wconf 79' lang='grc' dir='ltr'><strong>Καὶ</strong></span> <span class='ocrx_word' id='word_1_84' title='bbox 1289 1093 1340 1144; x_wconf 81' lang='lat' dir='ltr'><strong>oi</strong></span> <span class='ocrx_word' id='word_1_85' title='bbox 1367 1091 1517 1160; x_wconf 78' lang='grc' dir='ltr'>τρεῖς</span> <span class='ocrx_word' id='word_1_86' title='bbox 1553 1086 1666 1156; x_wconf 79' lang='grc'>(50)</span> <span class='ocrx_word' id='word_1_87' title='bbox 1703 1085 1760 1140; x_wconf 76' lang='grc' dir='ltr'>δὲ</span> 
     </span>
    </p>
   </div>
   <div class='ocr_carea' id='block_1_11' title="bbox 190 1178 1760 1252">
    <p class='ocr_par' dir='ltr' id='par_1_11' title="bbox 190 1178 1760 1252">
     <span class='ocr_line' id='line_1_11' title="bbox 190 1178 1760 1252; baseline -0.001 -20"><span class='ocrx_word' id='word_1_88' title='bbox 190 1180 452 1250; x_wconf 83' lang='grc' dir='ltr'>μακάριοι</span> <span class='ocrx_word' id='word_1_89' title='bbox 508 1183 704 1247; x_wconf 80' lang='grc' dir='ltr'>παῖδες</span> <span class='ocrx_word' id='word_1_90' title='bbox 761 1179 945 1238; x_wconf 68' lang='grc' dir='ltr'>πᾶσαν</span> <span class='ocrx_word' id='word_1_91' title='bbox 1000 1183 1099 1252; x_wconf 77' lang='grc' dir='ltr'>τὴν</span> <span class='ocrx_word' id='word_1_92' title='bbox 1146 1181 1326 1234; x_wconf 80' lang='grc' dir='ltr'><strong>κτίσιν</strong></span> <span class='ocrx_word' id='word_1_93' title='bbox 1357 1181 1440 1244; x_wconf 87' lang='grc' dir='ltr'><strong>είς</strong></span> <span class='ocrx_word' id='word_1_94' title='bbox 1483 1178 1760 1251; x_wconf 82' lang='grc' dir='ltr'><strong>ὑμνῳδίαν</strong></span> 
     </span>
    </p>
   </div>
   <div class='ocr_carea' id='block_1_12' title="bbox 190 1269 1763 1347">
    <p class='ocr_par' dir='ltr' id='par_1_12' title="bbox 190 1269 1763 1347">
     <span class='ocr_line' id='line_1_12' title="bbox 190 1269 1763 1347; baseline 0 -21"><span class='ocrx_word' id='word_1_95' title='bbox 190 1271 536 1337; x_wconf 76' lang='grc' dir='ltr'><strong>καλέσαντες,</strong></span> <span class='ocrx_word' id='word_1_96' title='bbox 559 1277 626 1346; x_wconf 77' lang='grc' dir='ltr'><strong>τῇ</strong></span> <span class='ocrx_word' id='word_1_97' title='bbox 648 1275 836 1347; x_wconf 74' lang='grc' dir='ltr'>ἡμέρᾳ</span> <span class='ocrx_word' id='word_1_98' title='bbox 860 1275 960 1346; x_wconf 73' lang='grc' dir='ltr'><strong>τὴν</strong></span> <span class='ocrx_word' id='word_1_99' title='bbox 990 1274 1160 1328; x_wconf 85' lang='grc' dir='ltr'>νύκτα</span> <span class='ocrx_word' id='word_1_100' title='bbox 1184 1271 1529 1338; x_wconf 79' lang='grc' dir='ltr'>συνέζευξαν,</span> <span class='ocrx_word' id='word_1_101' title='bbox 1561 1273 1657 1326; x_wconf 83' lang='grc' dir='ltr'>καὶ</span> <span class='ocrx_word' id='word_1_102' title='bbox 1684 1269 1763 1342; x_wconf 83' lang='grc' dir='ltr'>τῷ</span> 
     </span>
    </p>
   </div>
   <div class='ocr_carea' id='block_1_13' title="bbox 190 1364 1762 1439">
    <p class='ocr_par' dir='ltr' id='par_1_13' title="bbox 190 1364 1762 1439">
     <span class='ocr_line' id='line_1_13' title="bbox 190 1364 1762 1439; baseline -0.001 -21"><span class='ocrx_word' id='word_1_103' title='bbox 190 1364 322 1432; x_wconf 79' lang='grc' dir='ltr'>φωτὶ</span> <span class='ocrx_word' id='word_1_104' title='bbox 350 1365 418 1418; x_wconf 82' lang='grc' dir='ltr'><strong>τδ</strong></span> <span class='ocrx_word' id='word_1_105' title='bbox 442 1365 634 1429; x_wconf 78' lang='grc' dir='ltr'>σκότος</span> <span class='ocrx_word' id='word_1_106' title='bbox 654 1369 1024 1439; x_wconf 85' lang='grc' dir='ltr'>συνήρμοσαν.</span> <span class='ocrx_word' id='word_1_107' title='bbox 1043 1366 1170 1421; x_wconf 71' lang='grc' dir='ltr'><strong>Ἐπὶ</strong></span> <span class='ocrx_word' id='word_1_108' title='bbox 1194 1366 1307 1439; x_wconf 77' lang='lat'><strong>(5|)</strong></span> <span class='ocrx_word' id='word_1_109' title='bbox 1329 1366 1388 1420; x_wconf 78' lang='grc' dir='ltr'>δὲ</span> <span class='ocrx_word' id='word_1_110' title='bbox 1409 1367 1529 1430; x_wconf 81' lang='grc' dir='ltr'>ταῖς</span> <span class='ocrx_word' id='word_1_111' title='bbox 1555 1365 1762 1420; x_wconf 87' lang='grc' dir='ltr'>τούτων</span> 
     </span>
    </p>
   </div>
   <div class='ocr_carea' id='block_1_14' title="bbox 191 1457 1764 1533">
    <p class='ocr_par' dir='ltr' id='par_1_14' title="bbox 191 1457 1764 1533">
     <span class='ocr_line' id='line_1_14' title="bbox 191 1457 1764 1533; baseline 0.003 -23"><span class='ocrx_word' id='word_1_112' title='bbox 191 1457 476 1529; x_wconf 78' lang='grc' dir='ltr'>διαδοχαῖς,</span> <span class='ocrx_word' id='word_1_113' title='bbox 505 1459 602 1513; x_wconf 79' lang='grc' dir='ltr'>καὶ</span> <span class='ocrx_word' id='word_1_114' title='bbox 629 1461 658 1515; x_wconf 85' lang='grc' dir='ltr'><strong>ό</strong></span> <span class='ocrx_word' id='word_1_115' title='bbox 685 1459 875 1532; x_wconf 85' lang='grc' dir='ltr'>χρόνος</span> <span class='ocrx_word' id='word_1_116' title='bbox 907 1462 1212 1533; x_wconf 79' lang='grc' dir='ltr'>μετρεῖται.</span> <span class='ocrx_word' id='word_1_117' title='bbox 1242 1461 1338 1516; x_wconf 74' lang='grc' dir='ltr'>καὶ</span> <span class='ocrx_word' id='word_1_118' title='bbox 1367 1463 1397 1516; x_wconf 85' lang='grc' dir='ltr'><strong>ό</strong></span> <span class='ocrx_word' id='word_1_119' title='bbox 1417 1460 1526 1516; x_wconf 83' lang='grc' dir='ltr'><strong>τῶν</strong></span> <span class='ocrx_word' id='word_1_120' title='bbox 1559 1459 1764 1532; x_wconf 81' lang='grc' dir='ltr'>ἀνθρώ·</span> 
     </span>
    </p>
   </div>
   <div class='ocr_carea' id='block_1_15' title="bbox 192 1550 820 1622">
    <p class='ocr_par' dir='ltr' id='par_1_15' title="bbox 192 1550 820 1622">
     <span class='ocr_line' id='line_1_15' title="bbox 192 1550 820 1622; baseline 0.005 -18"><span class='ocrx_word' id='word_1_121' title='bbox 192 1566 298 1604; x_wconf 82' lang='grc' dir='ltr'><strong>πων</strong></span> <span class='ocrx_word' id='word_1_122' title='bbox 333 1550 654 1608; x_wconf 79' lang='grc' dir='ltr'>συνίσταται</span> <span class='ocrx_word' id='word_1_123' title='bbox 685 1551 820 1622; x_wconf 83' lang='grc' dir='ltr'>βίος.</span> 
     </span>
    </p>
   </div>
   <div class='ocr_carea' id='block_1_16' title="bbox 823 1666 1144 1724">
    <p class='ocr_par' dir='ltr' id='par_1_16' title="bbox 823 1666 1144 1724">
     <span class='ocr_line' id='line_1_16' title="bbox 823 1666 1144 1724; baseline 0 0"><span class='ocrx_word' id='word_1_124' title='bbox 823 1666 1023 1724; x_wconf 82' lang='grc' dir='ltr'><strong>ΕΡΩΤ.</strong></span> <span class='ocrx_word' id='word_1_125' title='bbox 1061 1670 1144 1724; x_wconf 80' lang='grc' dir='ltr'><strong>Η’.</strong></span> 
     </span>
    </p>
   </div>
   <div class='ocr_carea' id='block_1_17' title="bbox 192 1778 1840 1852">
    <p class='ocr_par' dir='ltr' id='par_1_17' title="bbox 192 1778 1840 1852">
     <span class='ocr_line' id='line_1_17' title="bbox 192 1778 1840 1852; baseline 0 -16"><span class='ocrx_word' id='word_1_126' title='bbox 192 1778 368 1836; x_wconf 72' lang='grc' dir='ltr'>Ποῖον</span> <span class='ocrx_word' id='word_1_127' title='bbox 417 1779 657 1851; x_wconf 83' lang='grc' dir='ltr'>πνεῦμα</span> <span class='ocrx_word' id='word_1_128' title='bbox 711 1780 1034 1852; x_wconf 72' lang='grc' dir='ltr'>ἐπεφέρετο</span> <span class='ocrx_word' id='word_1_129' title='bbox 1096 1783 1298 1837; x_wconf 79' lang='grc' dir='ltr'>ἐπάνω</span> <span class='ocrx_word' id='word_1_130' title='bbox 1349 1780 1458 1837; x_wconf 85' lang='grc' dir='ltr'><strong>τοῦ</strong></span> <span class='ocrx_word' id='word_1_131' title='bbox 1506 1781 1764 1849; x_wconf 64' lang='lat' dir='ltr'><strong>ﬁdat-oc;</strong></span> <span class='ocrx_word' id='word_1_132' title='bbox 1798 1793 1840 1850; x_wconf 75' lang='grc' dir='ltr'><strong>Β</strong></span> 
     </span>
    </p>
   </div>
   <div class='ocr_carea' id='block_1_18' title="bbox 253 1873 1766 1947">
    <p class='ocr_par' dir='ltr' id='par_1_18' title="bbox 253 1873 1766 1947">
     <span class='ocr_line' id='line_1_18' title="bbox 253 1873 1766 1947; baseline 0.003 -21"><span class='ocrx_word' id='word_1_133' title='bbox 253 1873 380 1926; x_wconf 70' lang='grc' dir='ltr'>Τισὶ</span> <span class='ocrx_word' id='word_1_134' title='bbox 426 1873 599 1946; x_wconf 48' lang='grc' dir='ltr'>δοκεῖ,</span> <span class='ocrx_word' id='word_1_135' title='bbox 625 1874 690 1929; x_wconf 82' lang='grc' dir='ltr'>τὸ</span> <span class='ocrx_word' id='word_1_136' title='bbox 736 1876 1004 1946; x_wconf 83' lang='grc' dir='ltr'>πανάγιον</span> <span class='ocrx_word' id='word_1_137' title='bbox 1033 1875 1144 1947; x_wconf 74' lang='grc'>(52)</span> <span class='ocrx_word' id='word_1_138' title='bbox 1189 1875 1418 1947; x_wconf 81' lang='grc' dir='ltr'>Πνεῦμα</span> <span class='ocrx_word' id='word_1_139' title='bbox 1462 1875 1766 1946; x_wconf 80' lang='grc' dir='ltr'>ζωογονοῦν</span> 
     </span>
    </p>
   </div>
   <div class='ocr_carea' id='block_1_19' title="bbox 192 1964 1768 2038">
    <p class='ocr_par' dir='ltr' id='par_1_19' title="bbox 192 1964 1768 2038">
     <span class='ocr_line' id='line_1_19' title="bbox 192 1964 1768 2038; baseline 0.001 -19"><span class='ocrx_word' id='word_1_140' title='bbox 192 1964 291 2020; x_wconf 84' lang='grc' dir='ltr'>τῶν</span> <span class='ocrx_word' id='word_1_141' title='bbox 322 1965 540 2022; x_wconf 80' lang='grc' dir='ltr'>ὑδάτων</span> <span class='ocrx_word' id='word_1_142' title='bbox 568 1966 668 2038; x_wconf 80' lang='grc' dir='ltr'>τὴν</span> <span class='ocrx_word' id='word_1_143' title='bbox 702 1966 887 2036; x_wconf 82' lang='grc' dir='ltr'>φύσιν,</span> <span class='ocrx_word' id='word_1_144' title='bbox 933 1968 1030 2021; x_wconf 77' lang='grc' dir='ltr'>καὶ</span> <span class='ocrx_word' id='word_1_145' title='bbox 1065 1967 1370 2038; x_wconf 78' lang='grc' dir='ltr'>διαγράφον</span> <span class='ocrx_word' id='word_1_146' title='bbox 1403 1968 1502 2038; x_wconf 81' lang='grc' dir='ltr'>τὴν</span> <span class='ocrx_word' id='word_1_147' title='bbox 1530 1967 1626 2021; x_wconf 86' lang='grc' dir='ltr'><strong>τοῦ</strong></span> <span class='ocrx_word' id='word_1_148' title='bbox 1674 1967 1768 2038; x_wconf 87' lang='grc' dir='ltr'><strong>βα-</strong></span> 
     </span>
    </p>
   </div>
   <div class='ocr_carea' id='block_1_20' title="bbox 193 2056 1766 2131">
    <p class='ocr_par' dir='ltr' id='par_1_20' title="bbox 193 2056 1766 2131">
     <span class='ocr_line' id='line_1_20' title="bbox 193 2056 1766 2131; baseline 0 -17"><span class='ocrx_word' id='word_1_149' title='bbox 193 2059 495 2130; x_wconf 84' lang='grc' dir='ltr'>πτίσματος</span> <span class='ocrx_word' id='word_1_150' title='bbox 525 2059 711 2131; x_wconf 82' lang='grc' dir='ltr'>χάριν.</span> <span class='ocrx_word' id='word_1_151' title='bbox 746 2059 1137 2130; x_wconf 79' lang='grc' dir='ltr'>’Δληθέστερον</span> <span class='ocrx_word' id='word_1_152' title='bbox 1166 2061 1350 2131; x_wconf 90' lang='grc' dir='ltr'>μέντοι</span> <span class='ocrx_word' id='word_1_153' title='bbox 1382 2060 1588 2114; x_wconf 78' lang='grc' dir='ltr'>ἐκεῖνον</span> <span class='ocrx_word' id='word_1_154' title='bbox 1612 2056 1766 2131; x_wconf 70' lang='grc' dir='ltr'>οἶμαι</span> 
     </span>
    </p>
   </div>
   <div class='ocr_carea' id='block_1_21' title="bbox 193 2150 1764 2222">
    <p class='ocr_par' dir='ltr' id='par_1_21' title="bbox 193 2150 1764 2222">
     <span class='ocr_line' id='line_1_21' title="bbox 193 2150 1764 2222; baseline 0.001 -17"><span class='ocrx_word' id='word_1_155' title='bbox 193 2151 276 2205; x_wconf 71' lang='grc' dir='ltr'>τὸν</span> <span class='ocrx_word' id='word_1_156' title='bbox 302 2150 487 2220; x_wconf 84' lang='grc' dir='ltr'>λόγον,</span> <span class='ocrx_word' id='word_1_157' title='bbox 537 2151 619 2204; x_wconf 81' lang='grc' dir='ltr'>ὅτι</span> <span class='ocrx_word' id='word_1_158' title='bbox 648 2150 712 2204; x_wconf 77' lang='grc' dir='ltr'><strong>τὸ</strong></span> <span class='ocrx_word' id='word_1_159' title='bbox 744 2150 967 2222; x_wconf 88' lang='grc' dir='ltr'>πνεῦμα</span> <span class='ocrx_word' id='word_1_160' title='bbox 1011 2151 1248 2206; x_wconf 78' lang='grc' dir='ltr'>ἐνταῦθα</span> <span class='ocrx_word' id='word_1_161' title='bbox 1293 2152 1384 2206; x_wconf 73' lang='grc' dir='ltr'>τὸν</span> <span class='ocrx_word' id='word_1_162' title='bbox 1418 2151 1556 2221; x_wconf 85' lang='grc' dir='ltr'>ἀέρα</span> <span class='ocrx_word' id='word_1_163' title='bbox 1589 2151 1764 2207; x_wconf 86' lang='grc' dir='ltr'>καλεῖ.</span> 
     </span>
    </p>
   </div>
   <div class='ocr_carea' id='block_1_22' title="bbox 195 2236 1768 2314">
    <p class='ocr_par' dir='ltr' id='par_1_22' title="bbox 195 2236 1768 2314">
     <span class='ocr_line' id='line_1_22' title="bbox 195 2236 1768 2314; baseline 0.001 -19"><span class='ocrx_word' id='word_1_164' title='bbox 195 2240 372 2295; x_wconf 75' lang='grc' dir='ltr'><strong>Εἰπὼν</strong></span> <span class='ocrx_word' id='word_1_165' title='bbox 392 2241 527 2311; x_wconf 88' lang='grc' dir='ltr'><strong>γάρ,</strong></span> <span class='ocrx_word' id='word_1_166' title='bbox 552 2236 636 2296; x_wconf 82' lang='grc' dir='ltr'>ὅτι</span> <span class='ocrx_word' id='word_1_167' title='bbox 657 2242 752 2296; x_wconf 79' lang='grc' dir='ltr'>τὸν</span> <span class='ocrx_word' id='word_1_168' title='bbox 775 2242 999 2314; x_wconf 80' lang='grc' dir='ltr'>οὐρανὸν</span> <span class='ocrx_word' id='word_1_169' title='bbox 1029 2245 1125 2297; x_wconf 80' lang='grc' dir='ltr'>καὶ</span> <span class='ocrx_word' id='word_1_170' title='bbox 1143 2244 1242 2313; x_wconf 83' lang='grc' dir='ltr'>τὴν</span> <span class='ocrx_word' id='word_1_171' title='bbox 1269 2245 1372 2313; x_wconf 78' lang='grc' dir='ltr'>γῆν</span> <span class='ocrx_word' id='word_1_172' title='bbox 1400 2243 1646 2313; x_wconf 77' lang='grc' dir='ltr'>ἐποίησε,</span> <span class='ocrx_word' id='word_1_173' title='bbox 1674 2243 1768 2296; x_wconf 65' lang='grc' dir='ltr'><strong>καὶ⁵</strong></span> 
     </span>
    </p>
   </div>
   <div class='ocr_carea' id='block_1_23' title="bbox 194 2331 1768 2404">
    <p class='ocr_par' dir='ltr' id='par_1_23' title="bbox 194 2331 1768 2404">
     <span class='ocr_line' id='line_1_23' title="bbox 194 2331 1768 2404; baseline 0.001 -19"><span class='ocrx_word' id='word_1_174' title='bbox 194 2331 294 2385; x_wconf 82' lang='grc' dir='ltr'>τῶν</span> <span class='ocrx_word' id='word_1_175' title='bbox 323 2331 538 2386; x_wconf 79' lang='grc' dir='ltr'><strong>ὑδάτων</strong></span> <span class='ocrx_word' id='word_1_176' title='bbox 566 2331 656 2386; x_wconf 79' lang='grc' dir='ltr'>διὰ</span> <span class='ocrx_word' id='word_1_177' title='bbox 705 2334 808 2403; x_wconf 81' lang='grc' dir='ltr'>τῆς</span> <span class='ocrx_word' id='word_1_178' title='bbox 844 2333 1084 2389; x_wconf 77' lang='grc' dir='ltr'>ἀϐύσσου</span> <span class='ocrx_word' id='word_1_179' title='bbox 1131 2335 1415 2404; x_wconf 76' lang='grc' dir='ltr'>μνησθείς,</span> <span class='ocrx_word' id='word_1_180' title='bbox 1454 2335 1768 2404; x_wconf 82' lang='grc' dir='ltr'>ἀναγκαίως</span> 
     </span>
    </p>
   </div>
   <div class='ocr_carea' id='block_1_24' title="bbox 197 2422 1770 2497">
    <p class='ocr_par' dir='ltr' id='par_1_24' title="bbox 197 2422 1770 2497">
     <span class='ocr_line' id='line_1_24' title="bbox 197 2422 1770 2497; baseline 0.002 -21"><span class='ocrx_word' id='word_1_181' title='bbox 197 2423 282 2476; x_wconf 76' lang='grc' dir='ltr'>καὶ</span> <span class='ocrx_word' id='word_1_182' title='bbox 320 2422 423 2477; x_wconf 86' lang='grc' dir='ltr'><strong>τοῦ</strong></span> <span class='ocrx_word' id='word_1_183' title='bbox 479 2423 646 2494; x_wconf 90' lang='grc' dir='ltr'>ἀέρος</span> <span class='ocrx_word' id='word_1_184' title='bbox 694 2424 966 2496; x_wconf 79' lang='grc' dir='ltr'>ἐμνήσθη,</span> <span class='ocrx_word' id='word_1_185' title='bbox 1014 2427 1080 2480; x_wconf 77' lang='grc' dir='ltr'>ἐκ</span> <span class='ocrx_word' id='word_1_186' title='bbox 1124 2426 1226 2497; x_wconf 78' lang='grc' dir='ltr'>τῆς</span> <span class='ocrx_word' id='word_1_187' title='bbox 1274 2425 1370 2480; x_wconf 87' lang='grc' dir='ltr'><strong>τοῦ</strong></span> <span class='ocrx_word' id='word_1_188' title='bbox 1421 2425 1610 2489; x_wconf 82' lang='grc' dir='ltr'>ὓδατος</span> <span class='ocrx_word' id='word_1_189' title='bbox 1647 2427 1770 2479; x_wconf 75' lang='grc' dir='ltr'>ἐπι-</span> 
     </span>
    </p>
   </div>
   <div class='ocr_carea' id='block_1_25' title="bbox 198 2514 1768 2590">
    <p class='ocr_par' dir='ltr' id='par_1_25' title="bbox 198 2514 1768 2590">
     <span class='ocr_line' id='line_1_25' title="bbox 198 2514 1768 2590; baseline 0.003 -24"><span class='ocrx_word' id='word_1_190' title='bbox 198 2514 418 2582; x_wconf 78' lang='grc' dir='ltr'>φανείας</span> <span class='ocrx_word' id='word_1_191' title='bbox 469 2515 634 2586; x_wconf 82' lang='grc' dir='ltr'>μέχρι</span> <span class='ocrx_word' id='word_1_192' title='bbox 673 2516 769 2570; x_wconf 88' lang='grc' dir='ltr'><strong>τοῦ</strong></span> <span class='ocrx_word' id='word_1_193' title='bbox 809 2517 1040 2588; x_wconf 78' lang='grc' dir='ltr'>οὐρανοῦ</span> <span class='ocrx_word' id='word_1_194' title='bbox 1084 2518 1386 2589; x_wconf 83' lang='grc' dir='ltr'>διήκοντος.</span> <span class='ocrx_word' id='word_1_195' title='bbox 1432 2519 1621 2587; x_wconf 73' lang='grc' dir='ltr'>Ἀέροε</span> <span class='ocrx_word' id='word_1_196' title='bbox 1659 2519 1768 2590; x_wconf 79' lang='grc' dir='ltr'><strong>γὰρ</strong></span> 
     </span>
    </p>
   </div>
   <div class='ocr_carea' id='block_1_26' title="bbox 197 2605 1768 2681">
    <p class='ocr_par' dir='ltr' id='par_1_26' title="bbox 197 2605 1768 2681">
     <span class='ocr_line' id='line_1_26' title="bbox 197 2605 1768 2681; baseline 0.004 -23"><span class='ocrx_word' id='word_1_197' title='bbox 197 2605 371 2674; x_wconf 79' lang='grc' dir='ltr'>φύσις,</span> <span class='ocrx_word' id='word_1_198' title='bbox 405 2607 471 2660; x_wconf 83' lang='grc' dir='ltr'>τὸ</span> <span class='ocrx_word' id='word_1_199' title='bbox 500 2610 613 2671; x_wconf 82' lang='grc' dir='ltr'>τοῖς</span> <span class='ocrx_word' id='word_1_200' title='bbox 642 2607 796 2662; x_wconf 85' lang='grc' dir='ltr'>κάτω</span> <span class='ocrx_word' id='word_1_201' title='bbox 824 2609 1102 2680; x_wconf 83' lang='grc' dir='ltr'>κειμένοις</span> <span class='ocrx_word' id='word_1_202' title='bbox 1130 2610 1490 2681; x_wconf 74' lang='grc' dir='ltr'>ἐπιφέρεσθαι</span> <span class='ocrx_word' id='word_1_203' title='bbox 1531 2609 1768 2680; x_wconf 84' lang='grc' dir='ltr'>σώμασι.</span> 
     </span>
    </p>
   </div>
   <div class='ocr_carea' id='block_1_27' title="bbox 197 2696 1770 2773">
    <p class='ocr_par' dir='ltr' id='par_1_27' title="bbox 197 2696 1770 2773">
     <span class='ocr_line' id='line_1_27' title="bbox 197 2696 1770 2773; baseline 0.003 -22"><span class='ocrx_word' id='word_1_204' title='bbox 197 2696 349 2752; x_wconf 70' lang='grc' dir='ltr'>Μάλα</span> <span class='ocrx_word' id='word_1_205' title='bbox 376 2698 440 2753; x_wconf 84' lang='grc' dir='ltr'>δὲ</span> <span class='ocrx_word' id='word_1_206' title='bbox 464 2697 745 2770; x_wconf 81' lang='grc' dir='ltr'>ἁρμοδίως</span> <span class='ocrx_word' id='word_1_207' title='bbox 773 2700 836 2754; x_wconf 74' lang='grc' dir='ltr'>τὸ</span> <span class='ocrx_word' id='word_1_208' title='bbox 862 2699 1218 2770; x_wconf 72' lang='grc' dir='ltr'>ἐπεφέρετο,</span> <span class='ocrx_word' id='word_1_209' title='bbox 1247 2701 1344 2758; x_wconf 79' lang='grc' dir='ltr'><strong>καὶ</strong></span> <span class='ocrx_word' id='word_1_210' title='bbox 1373 2703 1474 2756; x_wconf 85' lang='grc' dir='ltr'>οὐκ</span> <span class='ocrx_word' id='word_1_211' title='bbox 1505 2703 1616 2773; x_wconf 78' lang='grc'>(53)</span> <span class='ocrx_word' id='word_1_212' title='bbox 1662 2702 1770 2757; x_wconf 80' lang='grc' dir='ltr'><strong>ἐπ-</strong></span> 
     </span>
    </p>
   </div>
   <div class='ocr_carea' id='block_1_28' title="bbox 197 2786 1770 2866">
    <p class='ocr_par' dir='ltr' id='par_1_28' title="bbox 197 2786 1770 2866">
     <span class='ocr_line' id='line_1_28' title="bbox 197 2786 1770 2866; baseline 0.004 -23"><span class='ocrx_word' id='word_1_213' title='bbox 197 2786 380 2844; x_wconf 76' lang='grc' dir='ltr'>έκειτο</span> <span class='ocrx_word' id='word_1_214' title='bbox 402 2789 598 2860; x_wconf 74' lang='grc' dir='ltr'>εἴρηκε</span> <span class='ocrx_word' id='word_1_215' title='bbox 617 2807 633 2824; x_wconf 75' lang='grc' dir='ltr'><strong><em>ο</em></strong></span> <span class='ocrx_word' id='word_1_216' title='bbox 663 2791 727 2844; x_wconf 79' lang='grc' dir='ltr'>τὸ</span> <span class='ocrx_word' id='word_1_217' title='bbox 753 2791 864 2863; x_wconf 83' lang='grc' dir='ltr'>γὰρ</span> <span class='ocrx_word' id='word_1_218' title='bbox 885 2791 1204 2863; x_wconf 70' lang='grc' dir='ltr'>ἐπεφέρετο</span> <span class='ocrx_word' id='word_1_219' title='bbox 1231 2793 1329 2866; x_wconf 81' lang='grc' dir='ltr'>τὴν</span> <span class='ocrx_word' id='word_1_220' title='bbox 1358 2795 1645 2866; x_wconf 81' lang='grc' dir='ltr'>κινητικὴν</span> <span class='ocrx_word' id='word_1_221' title='bbox 1675 2795 1770 2850; x_wconf 90' lang='grc' dir='ltr'><strong>τοῦ</strong></span> 
     </span>
    </p>
   </div>
   <div class='ocr_carea' id='block_1_29' title="bbox 196 2880 1773 2960">
    <p class='ocr_par' dir='ltr' id='par_1_29' title="bbox 196 2880 1773 2960">
     <span class='ocr_line' id='line_1_29' title="bbox 196 2880 1773 2960; baseline 0.006 -25"><span class='ocrx_word' id='word_1_222' title='bbox 196 2880 352 2953; x_wconf 87' lang='grc' dir='ltr'>ἀέρος</span> <span class='ocrx_word' id='word_1_223' title='bbox 375 2881 575 2936; x_wconf 83' lang='grc' dir='ltr'>οὐσίαν</span> <span class='ocrx_word' id='word_1_224' title='bbox 608 2883 944 2956; x_wconf 84' lang='grc' dir='ltr'>παρεδήλου.</span> <span class='ocrx_word' id='word_1_225' title='bbox 996 2886 1058 2939; x_wconf 85' lang='lat' dir='ltr'><strong>El</strong></span> <span class='ocrx_word' id='word_1_226' title='bbox 1087 2885 1143 2938; x_wconf 84' lang='grc' dir='ltr'><strong>δέ</strong></span> <span class='ocrx_word' id='word_1_227' title='bbox 1175 2903 1258 2951; x_wconf 90' lang='grc' dir='ltr'><strong>τις</strong></span> <span class='ocrx_word' id='word_1_228' title='bbox 1289 2888 1481 2942; x_wconf 86' lang='grc' dir='ltr'>τοῦτον</span> <span class='ocrx_word' id='word_1_229' title='bbox 1508 2889 1569 2942; x_wconf 87' lang='grc' dir='ltr'><strong>ού</strong></span> <span class='ocrx_word' id='word_1_230' title='bbox 1604 2907 1773 2960; x_wconf 89' lang='grc' dir='ltr'>προσ-</span> 
     </span>
    </p>
   </div>
   <div class='ocr_carea' id='block_1_30' title="bbox 201 2972 1771 3048">
    <p class='ocr_par' dir='ltr' id='par_1_30' title="bbox 201 2972 1771 3048">
     <span class='ocr_line' id='line_1_30' title="bbox 201 2972 1771 3048; baseline 0.003 -22"><span class='ocrx_word' id='word_1_231' title='bbox 201 2972 332 3027; x_wconf 84' lang='grc' dir='ltr'>ίεται</span> <span class='ocrx_word' id='word_1_232' title='bbox 360 2972 460 3027; x_wconf 79' lang='grc' dir='ltr'>τὸν</span> <span class='ocrx_word' id='word_1_233' title='bbox 489 2972 670 3042; x_wconf 85' lang='grc' dir='ltr'>λόγον,</span> <span class='ocrx_word' id='word_1_234' title='bbox 707 2973 898 3045; x_wconf 77' lang='grc' dir='ltr'>ἐπειδὴ</span> <span class='ocrx_word' id='word_1_235' title='bbox 925 2973 1235 3046; x_wconf 81' lang='grc' dir='ltr'>γέγραπται</span> <span class='ocrx_word' id='word_1_236' title='bbox 1261 2992 1275 3006; x_wconf 70' lang='grc' dir='ltr'><strong>ο</strong></span> <span class='ocrx_word' id='word_1_237' title='bbox 1329 2995 1348 3028; x_wconf 80' lang='grc' dir='ltr'><strong>ι</strong></span> <span class='ocrx_word' id='word_1_238' title='bbox 1374 2977 1602 3048; x_wconf 87' lang='grc' dir='ltr'>Πνεῦμα</span> <span class='ocrx_word' id='word_1_239' title='bbox 1633 2977 1771 3032; x_wconf 88' lang='grc' dir='ltr'>Θεοῦ</span> 
     </span>
    </p>
   </div>
   <div class='ocr_carea' id='block_1_31' title="bbox 198 3064 1770 3142">
    <p class='ocr_par' dir='ltr' id='par_1_31' title="bbox 198 3064 1770 3142">
     <span class='ocr_line' id='line_1_31' title="bbox 198 3064 1770 3142; baseline 0.006 -25"><span class='ocrx_word' id='word_1_240' title='bbox 198 3067 497 3138; x_wconf 71' lang='grc' dir='ltr'>ἐπεφέρετο</span> <span class='ocrx_word' id='word_1_241' title='bbox 522 3064 711 3119; x_wconf 70' lang='grc' dir='ltr'>έπάνω</span> <span class='ocrx_word' id='word_1_242' title='bbox 742 3064 832 3119; x_wconf 88' lang='grc' dir='ltr'><strong>τοῦ</strong></span> <span class='ocrx_word' id='word_1_243' title='bbox 862 3065 1077 3132; x_wconf 75' lang='grc' dir='ltr'>ὕδατος,</span> <span class='ocrx_word' id='word_1_244' title='bbox 1114 3085 1132 3118; x_wconf 70' lang='grc' dir='ltr'><strong>ι</strong></span> <span class='ocrx_word' id='word_1_245' title='bbox 1185 3067 1432 3122; x_wconf 84' lang='grc' dir='ltr'>ἀκουέτω</span> <span class='ocrx_word' id='word_1_246' title='bbox 1462 3069 1556 3124; x_wconf 87' lang='grc' dir='ltr'><strong>τοῦ</strong></span> <span class='ocrx_word' id='word_1_247' title='bbox 1591 3087 1770 3142; x_wconf 83' lang='grc' dir='ltr'>μακα-</span> 
     </span>
    </p>
   </div>
   <div class='ocr_carea' id='block_1_32' title="bbox 198 3157 1770 3231">
    <p class='ocr_par' dir='ltr' id='par_1_32' title="bbox 198 3157 1770 3231">
     <span class='ocr_line' id='line_1_32' title="bbox 198 3157 1770 3231; baseline 0.004 -21"><span class='ocrx_word' id='word_1_248' title='bbox 198 3157 308 3223; x_wconf 86' lang='grc' dir='ltr'>ρίου</span> <span class='ocrx_word' id='word_1_249' title='bbox 360 3157 536 3227; x_wconf 80' lang='grc' dir='ltr'><strong>Δαόὶδ</strong></span> <span class='ocrx_word' id='word_1_250' title='bbox 585 3158 835 3226; x_wconf 87' lang='grc' dir='ltr'>λέγοντος</span> <span class='ocrx_word' id='word_1_251' title='bbox 899 3160 1030 3231; x_wconf 79' lang='grc' dir='ltr'>περὶ</span> <span class='ocrx_word' id='word_1_252' title='bbox 1085 3161 1181 3214; x_wconf 89' lang='grc' dir='ltr'><strong>τοῦ</strong></span> <span class='ocrx_word' id='word_1_253' title='bbox 1245 3161 1382 3214; x_wconf 84' lang='grc' dir='ltr'>Θεοῦ</span> <span class='ocrx_word' id='word_1_254' title='bbox 1438 3161 1548 3216; x_wconf 85' lang='grc' dir='ltr'>τῶν</span> <span class='ocrx_word' id='word_1_255' title='bbox 1594 3163 1733 3217; x_wconf 82' lang='grc' dir='ltr'>ὅλων</span> <span class='ocrx_word' id='word_1_256' title='bbox 1755 3180 1770 3195; x_wconf 76' lang='grc' dir='ltr'><strong>ο</strong></span> 
     </span>
    </p>
   </div>
   <div class='ocr_carea' id='block_1_33' title="bbox 201 3246 1769 3322">
    <p class='ocr_par' dir='ltr' id='par_1_33' title="bbox 201 3246 1769 3322">
     <span class='ocr_line' id='line_1_33' title="bbox 201 3246 1769 3322; baseline 0.006 -24"><span class='ocrx_word' id='word_1_257' title='bbox 201 3264 218 3296; x_wconf 78' lang='grc' dir='ltr'><strong>ι</strong></span> <span class='ocrx_word' id='word_1_258' title='bbox 248 3246 482 3300; x_wconf 85' lang='grc' dir='ltr'>Πνεύσει</span> <span class='ocrx_word' id='word_1_259' title='bbox 515 3246 580 3300; x_wconf 79' lang='grc' dir='ltr'>τὸ</span> <span class='ocrx_word' id='word_1_260' title='bbox 603 3247 828 3318; x_wconf 88' lang='grc' dir='ltr'>πνεῦμα</span> <span class='ocrx_word' id='word_1_261' title='bbox 852 3249 1037 3317; x_wconf 83' lang='grc' dir='ltr'>αὐτοῦ,</span> <span class='ocrx_word' id='word_1_262' title='bbox 1089 3250 1183 3305; x_wconf 86' lang='grc' dir='ltr'>καὶ</span> <span class='ocrx_word' id='word_1_263' title='bbox 1225 3252 1486 3322; x_wconf 82' lang='grc' dir='ltr'>ρυήσεται</span> <span class='ocrx_word' id='word_1_264' title='bbox 1519 3252 1706 3310; x_wconf 79' lang='grc' dir='ltr'>ὕδατα.</span> <span class='ocrx_word' id='word_1_265' title='bbox 1749 3273 1769 3308; x_wconf 69' lang='grc' dir='ltr'><strong>ι</strong></span> 
     </span>
    </p>
   </div>
   <div class='ocr_carea' id='block_1_34' title="bbox 198 3335 1775 3418">
    <p class='ocr_par' dir='ltr' id='par_1_34' title="bbox 198 3335 1775 3418">
     <span class='ocr_line' id='line_1_34' title="bbox 198 3335 1775 3418; baseline 0.009 -30"><span class='ocrx_word' id='word_1_266' title='bbox 198 3335 314 3389; x_wconf 84' lang='grc' dir='ltr'>Ὀτι</span> <span class='ocrx_word' id='word_1_267' title='bbox 359 3338 423 3392; x_wconf 86' lang='grc' dir='ltr'>δὲ</span> <span class='ocrx_word' id='word_1_268' title='bbox 456 3337 552 3391; x_wconf 84' lang='grc' dir='ltr'>τὸν</span> <span class='ocrx_word' id='word_1_269' title='bbox 590 3337 792 3410; x_wconf 77' lang='grc' dir='ltr'>ἄνεμον</span> <span class='ocrx_word' id='word_1_270' title='bbox 831 3338 1003 3404; x_wconf 82' lang='grc' dir='ltr'>οὓτως</span> <span class='ocrx_word' id='word_1_271' title='bbox 1039 3343 1290 3409; x_wconf 71' lang='grc' dir='ltr'>ἐκάλεσε,</span> <span class='ocrx_word' id='word_1_272' title='bbox 1335 3344 1494 3418; x_wconf 84' lang='grc' dir='ltr'>δῆλόν</span> <span class='ocrx_word' id='word_1_273' title='bbox 1525 3348 1644 3401; x_wconf 62' lang='grc' dir='ltr'>ἔστι</span> <span class='ocrx_word' id='word_1_274' title='bbox 1672 3346 1775 3402; x_wconf 79' lang='grc' dir='ltr'>κᾶν</span> 
     </span>
    </p>
   </div>
   <div class='ocr_carea' id='block_1_35' title="bbox 201 3425 1776 3511">
    <p class='ocr_par' dir='ltr' id='par_1_35' title="bbox 201 3425 1776 3511">
     <span class='ocr_line' id='line_1_35' title="bbox 201 3425 1776 3511; baseline 0.01 -32"><span class='ocrx_word' id='word_1_275' title='bbox 201 3425 271 3498; x_wconf 76' lang='grc' dir='ltr'>μὴ</span> <span class='ocrx_word' id='word_1_276' title='bbox 295 3427 479 3496; x_wconf 79' lang='grc' dir='ltr'>λέγωο</span> <span class='ocrx_word' id='word_1_277' title='bbox 521 3426 700 3502; x_wconf 80' lang='grc' dir='ltr'>Εύρου</span> <span class='ocrx_word' id='word_1_278' title='bbox 736 3431 845 3501; x_wconf 78' lang='grc' dir='ltr'>γὰρ</span> <span class='ocrx_word' id='word_1_279' title='bbox 871 3431 905 3503; x_wconf 78' lang='grc' dir='ltr'>ἢ</span> <span class='ocrx_word' id='word_1_280' title='bbox 933 3431 1106 3486; x_wconf 84' lang='grc' dir='ltr'>Νότου</span> <span class='ocrx_word' id='word_1_281' title='bbox 1140 3434 1412 3502; x_wconf 85' lang='grc' dir='ltr'>πνέοντος,</span> <span class='ocrx_word' id='word_1_282' title='bbox 1437 3437 1498 3492; x_wconf 84' lang='grc' dir='ltr'>τὸ</span> <span class='ocrx_word' id='word_1_283' title='bbox 1525 3437 1776 3511; x_wconf 77' lang='grc' dir='ltr'>πεπηγὸς</span> 
     </span>
    </p>
   </div>
   <div class='ocr_carea' id='block_1_36' title="bbox 200 3518 982 3593">
    <p class='ocr_par' dir='ltr' id='par_1_36' title="bbox 200 3518 982 3593">
     <span class='ocr_line' id='line_1_36' title="bbox 200 3518 982 3593; baseline 0.009 -20"><span class='ocrx_word' id='word_1_284' title='bbox 200 3518 334 3592; x_wconf 72' lang='grc' dir='ltr'>ὕδωρ</span> <span class='ocrx_word' id='word_1_285' title='bbox 361 3519 686 3576; x_wconf 85' lang='grc' dir='ltr'>διαλύεσθαι</span> <span class='ocrx_word' id='word_1_286' title='bbox 718 3522 982 3593; x_wconf 86' lang='grc' dir='ltr'>πέφυκεν.</span> 
     </span>
    </p>
   </div>
   <div class='ocr_carea' id='block_1_37' title="bbox 843 3617 1154 3674">
    <p class='ocr_par' dir='ltr' id='par_1_37' title="bbox 843 3617 1154 3674">
     <span class='ocr_line' id='line_1_37' title="bbox 843 3617 1154 3674; baseline 0.013 -4"><span class='ocrx_word' id='word_1_287' title='bbox 843 3617 1036 3672; x_wconf 81' lang='grc' dir='ltr'><strong>ΕΡΩΤ.</strong></span> <span class='ocrx_word' id='word_1_288' title='bbox 1074 3618 1154 3674; x_wconf 69' lang='grc' dir='ltr'><strong>Θθ.</strong></span> 
     </span>
    </p>
   </div>
   <div class='ocr_carea' id='block_1_38' title="bbox 201 3725 1778 3804">
    <p class='ocr_par' dir='ltr' id='par_1_38' title="bbox 201 3725 1778 3804">
     <span class='ocr_line' id='line_1_38' title="bbox 201 3725 1778 3804; baseline 0.003 -23"><span class='ocrx_word' id='word_1_289' title='bbox 201 3725 316 3781; x_wconf 68' lang='lat' dir='ltr'><strong>mu</strong></span> <span class='ocrx_word' id='word_1_290' title='bbox 332 3728 504 3796; x_wconf 70' lang='grc' dir='ltr'>λέγει</span> <span class='ocrx_word' id='word_1_291' title='bbox 531 3732 566 3784; x_wconf 83' lang='grc' dir='ltr'><em>ὁ</em></span> <span class='ocrx_word' id='word_1_292' title='bbox 595 3730 779 3804; x_wconf 68' lang='grc' dir='ltr'>Θεόςῂ</span> <span class='ocrx_word' id='word_1_293' title='bbox 820 3750 840 3782; x_wconf 77' lang='grc' dir='ltr'><strong>ι</strong></span> <span class='ocrx_word' id='word_1_294' title='bbox 862 3731 1183 3804; x_wconf 65' lang='grc' dir='ltr'>Γενηθήτω</span> <span class='ocrx_word' id='word_1_295' title='bbox 1208 3732 1354 3802; x_wconf 76' lang='grc' dir='ltr'>φῶς,</span> <span class='ocrx_word' id='word_1_296' title='bbox 1381 3753 1398 3785; x_wconf 75' lang='grc' dir='ltr'><strong>ι</strong></span> <span class='ocrx_word' id='word_1_297' title='bbox 1423 3733 1576 3802; x_wconf 61' lang='lat' dir='ltr'><strong>irai,»</strong></span> <span class='ocrx_word' id='word_1_298' title='bbox 1600 3749 1778 3804; x_wconf 75' lang='grc' dir='ltr'>γενη-</span> 
     </span>
    </p>
   </div>
   <div class='ocr_carea' id='block_1_39' title="bbox 686 3797 1304 3872">
    <p class='ocr_par' dir='ltr' id='par_1_39' title="bbox 686 3797 1304 3872">
     <span class='ocr_line' id='line_1_39' title="bbox 686 3797 1304 3872; baseline -0.002 -16"><span class='ocrx_word' id='word_1_299' title='bbox 686 3797 844 3867; x_wconf 80' lang='grc' dir='ltr'>θήτω</span> <span class='ocrx_word' id='word_1_300' title='bbox 903 3797 1258 3872; x_wconf 71' lang='grc' dir='ltr'>ἇτερέωμα’;</span> <span class='ocrx_word' id='word_1_301' title='bbox 1287 3822 1304 3855; x_wconf 79' lang='grc' dir='ltr'><strong>ι</strong></span> 
     </span>
    </p>
   </div>
   <div class='ocr_carea' id='block_1_40' title="bbox 261 3890 1776 3966">
    <p class='ocr_par' dir='ltr' id='par_1_40' title="bbox 261 3890 1776 3966">
     <span class='ocr_line' id='line_1_40' title="bbox 261 3890 1776 3966; baseline 0.004 -23"><span class='ocrx_word' id='word_1_302' title='bbox 261 3890 377 3944; x_wconf 81' lang='grc' dir='ltr'>Οὐκ</span> <span class='ocrx_word' id='word_1_303' title='bbox 405 3890 559 3962; x_wconf 76' lang='grc' dir='ltr'>ἄλλῳ</span> <span class='ocrx_word' id='word_1_304' title='bbox 595 3893 705 3946; x_wconf 68' lang='grc' dir='ltr'><strong>τιν)⁸</strong></span> <span class='ocrx_word' id='word_1_305' title='bbox 755 3891 966 3946; x_wconf 86' lang='grc' dir='ltr'>κελεύει</span> <span class='ocrx_word' id='word_1_306' title='bbox 999 3893 1374 3964; x_wconf 85' lang='grc' dir='ltr'>δημιουργεῖν,</span> <span class='ocrx_word' id='word_1_307' title='bbox 1423 3894 1560 3948; x_wconf 81' lang='grc' dir='ltr'>ἀλλὰ</span> <span class='ocrx_word' id='word_1_308' title='bbox 1593 3894 1662 3948; x_wconf 84' lang='grc' dir='ltr'>τὰ</span> <span class='ocrx_word' id='word_1_309' title='bbox 1701 3894 1776 3966; x_wconf 80' lang='grc' dir='ltr'>μὴ</span> 
     </span>
    </p>
   </div>
   <div class='ocr_carea' id='block_1_41' title="bbox 197 3980 1773 4056">
    <p class='ocr_par' dir='ltr' id='par_1_41' title="bbox 197 3980 1773 4056">
     <span class='ocr_line' id='line_1_41' title="bbox 197 3980 1773 4056; baseline 0.004 -23"><span class='ocrx_word' id='word_1_310' title='bbox 197 3980 319 4034; x_wconf 73' lang='grc' dir='ltr'>ὄντα</span> <span class='ocrx_word' id='word_1_311' title='bbox 370 3982 576 4036; x_wconf 79' lang='grc' dir='ltr'>καλεῖ·</span> <span class='ocrx_word' id='word_1_312' title='bbox 627 3983 863 4038; x_wconf 71' lang='grc' dir='ltr'>ἐνταῦθα</span> <span class='ocrx_word' id='word_1_313' title='bbox 914 3984 971 4038; x_wconf 78' lang='grc' dir='ltr'>δὲ</span> <span class='ocrx_word' id='word_1_314' title='bbox 1018 3985 1348 4055; x_wconf 86' lang='grc' dir='ltr'>πρόσταγμα</span> <span class='ocrx_word' id='word_1_315' title='bbox 1393 3986 1456 4039; x_wconf 82' lang='grc' dir='ltr'>τὸ</span> <span class='ocrx_word' id='word_1_316' title='bbox 1505 3985 1773 4056; x_wconf 87' lang='grc' dir='ltr'>βούλημα.</span> 
     </span>
    </p>
   </div>
   <div class='ocr_carea' id='block_1_42' title="bbox 201 4070 1772 4148">
    <p class='ocr_par' dir='ltr' id='par_1_42' title="bbox 201 4070 1772 4148">
     <span class='ocr_line' id='line_1_42' title="bbox 201 4070 1772 4148; baseline 0.004 -24"><span class='ocrx_word' id='word_1_317' title='bbox 201 4070 222 4124; x_wconf 73' lang='grc' dir='ltr'><strong>ι</strong></span> <span class='ocrx_word' id='word_1_318' title='bbox 244 4074 431 4129; x_wconf 79' lang='grc' dir='ltr'>Πάντα</span> <span class='ocrx_word' id='word_1_319' title='bbox 455 4075 588 4147; x_wconf 84' lang='grc' dir='ltr'>γὰρ,</span> <span class='ocrx_word' id='word_1_320' title='bbox 610 4076 797 4148; x_wconf 73' lang='grc' dir='ltr'>φησὶν,</span> <span class='ocrx_word' id='word_1_321' title='bbox 829 4077 930 4132; x_wconf 82' lang='grc' dir='ltr'>ὅσα</span> <span class='ocrx_word' id='word_1_322' title='bbox 946 4077 1230 4148; x_wconf 74' lang='grc' dir='ltr'>ἠθέλησεν,</span> <span class='ocrx_word' id='word_1_323' title='bbox 1255 4077 1283 4130; x_wconf 86' lang='grc' dir='ltr'>ὁ</span> <span class='ocrx_word' id='word_1_324' title='bbox 1305 4077 1436 4141; x_wconf 85' lang='grc' dir='ltr'>Θεὸς</span> <span class='ocrx_word' id='word_1_325' title='bbox 1457 4077 1732 4148; x_wconf 80' lang='grc' dir='ltr'>ἐποίησεν.</span> <span class='ocrx_word' id='word_1_326' title='bbox 1752 4095 1772 4130; x_wconf 68' lang='grc' dir='ltr'><strong>ι</strong></span> 
     </span>
    </p>
   </div>
   <div class='ocr_carea' id='block_1_43' title="bbox 199 4165 1777 4242">
    <p class='ocr_par' dir='ltr' id='par_1_43' title="bbox 199 4165 1777 4242">
     <span class='ocr_line' id='line_1_43' title="bbox 199 4165 1777 4242; baseline 0.004 -26"><span class='ocrx_word' id='word_1_327' title='bbox 199 4165 258 4217; x_wconf 77' lang='lat' dir='ltr'><strong>Ei</strong></span> <span class='ocrx_word' id='word_1_328' title='bbox 285 4166 343 4220; x_wconf 83' lang='grc' dir='ltr'>δὲ</span> <span class='ocrx_word' id='word_1_329' title='bbox 377 4168 479 4222; x_wconf 70' lang='grc' dir='ltr'><strong>καὶ</strong></span> <span class='ocrx_word' id='word_1_330' title='bbox 512 4171 666 4240; x_wconf 79' lang='grc' dir='ltr'>φωνῇ</span> <span class='ocrx_word' id='word_1_331' title='bbox 703 4185 813 4223; x_wconf 87' lang='grc' dir='ltr'>τινι</span> <span class='ocrx_word' id='word_1_332' title='bbox 856 4169 1208 4242; x_wconf 72' lang='grc' dir='ltr'>ἐχρήσατοη,</span> <span class='ocrx_word' id='word_1_333' title='bbox 1248 4168 1410 4239; x_wconf 82' lang='grc' dir='ltr'>δῆλον</span> <span class='ocrx_word' id='word_1_334' title='bbox 1443 4168 1518 4234; x_wconf 83' lang='grc' dir='ltr'><strong>ὡς</strong></span> <span class='ocrx_word' id='word_1_335' title='bbox 1558 4170 1618 4223; x_wconf 83' lang='grc' dir='ltr'>οὐ</span> <span class='ocrx_word' id='word_1_336' title='bbox 1664 4169 1777 4222; x_wconf 87' lang='grc' dir='ltr'><strong>τῶν</strong></span> 
     </span>
    </p>
   </div>
   <div class='ocr_carea' id='block_1_44' title="bbox 197 4256 1778 4334">
    <p class='ocr_par' dir='ltr' id='par_1_44' title="bbox 197 4256 1778 4334">
     <span class='ocr_line' id='line_1_44' title="bbox 197 4256 1778 4334; baseline 0.004 -25"><span class='ocrx_word' id='word_1_337' title='bbox 197 4256 418 4330; x_wconf 71' lang='grc' dir='ltr'>ἀψύχων</span> <span class='ocrx_word' id='word_1_338' title='bbox 448 4258 620 4314; x_wconf 78' lang='grc' dir='ltr'>ἕνεκα</span> <span class='ocrx_word' id='word_1_339' title='bbox 662 4261 964 4332; x_wconf 85' lang='grc' dir='ltr'>στοιχείων,</span> <span class='ocrx_word' id='word_1_340' title='bbox 1010 4261 1149 4316; x_wconf 87' lang='grc' dir='ltr'><strong>ἀλλά</strong></span> <span class='ocrx_word' id='word_1_341' title='bbox 1186 4262 1297 4316; x_wconf 84' lang='grc' dir='ltr'>τῶν</span> <span class='ocrx_word' id='word_1_342' title='bbox 1329 4263 1575 4334; x_wconf 85' lang='grc' dir='ltr'>ἀοράτων</span> <span class='ocrx_word' id='word_1_343' title='bbox 1617 4261 1778 4334; x_wconf 85' lang='grc' dir='ltr'>χάριν</span> 
     </span>
    </p>
   </div>
   <div class='ocr_carea' id='block_1_45' title="bbox 199 4349 1777 4426">
    <p class='ocr_par' dir='ltr' id='par_1_45' title="bbox 199 4349 1777 4426">
     <span class='ocr_line' id='line_1_45' title="bbox 199 4349 1777 4426; baseline 0.005 -25"><span class='ocrx_word' id='word_1_344' title='bbox 199 4349 514 4422; x_wconf 67' lang='grc' dir='ltr'>δυνάμεων</span> <span class='ocrx_word' id='word_1_345' title='bbox 564 4351 654 4406; x_wconf 82' lang='grc' dir='ltr'><strong>ἴνα</strong></span> <span class='ocrx_word' id='word_1_346' title='bbox 681 4353 906 4422; x_wconf 83' lang='grc' dir='ltr'>γνῶσιν,</span> <span class='ocrx_word' id='word_1_347' title='bbox 937 4354 1013 4418; x_wconf 85' lang='grc' dir='ltr'>ὡς</span> <span class='ocrx_word' id='word_1_348' title='bbox 1046 4353 1211 4409; x_wconf 85' lang='grc' dir='ltr'>αὑτοῦ</span> <span class='ocrx_word' id='word_1_349' title='bbox 1254 4353 1568 4418; x_wconf 86' lang='grc' dir='ltr'>κελεύοντος</span> <span class='ocrx_word' id='word_1_350' title='bbox 1595 4355 1666 4408; x_wconf 82' lang='grc' dir='ltr'>τὰ</span> <span class='ocrx_word' id='word_1_351' title='bbox 1702 4355 1777 4426; x_wconf 82' lang='grc' dir='ltr'>μὴ</span> 
     </span>
    </p>
   </div>
   <div class='ocr_carea' id='block_1_46' title="bbox 198 4438 699 4500">
    <p class='ocr_par' dir='ltr' id='par_1_46' title="bbox 198 4438 699 4500">
     <span class='ocr_line' id='line_1_46' title="bbox 198 4438 699 4500; baseline 0.006 -5"><span class='ocrx_word' id='word_1_352' title='bbox 198 4438 323 4497; x_wconf 75' lang='grc' dir='ltr'>ὄντα</span> <span class='ocrx_word' id='word_1_353' title='bbox 349 4443 699 4500; x_wconf 71' lang='grc' dir='ltr'>συνίσταται.</span> 
     </span>
    </p>
   </div>
   <div class='ocr_carea' id='block_1_47' title="bbox 842 4647 1136 4702">
    <p class='ocr_par' dir='ltr' id='par_1_47' title="bbox 842 4647 1136 4702">
     <span class='ocr_line' id='line_1_47' title="bbox 842 4647 1136 4702; baseline 0.007 -2"><span class='ocrx_word' id='word_1_354' title='bbox 842 4647 1037 4702; x_wconf 83' lang='grc' dir='ltr'><strong>ΕΡΩΤ.</strong></span> <span class='ocrx_word' id='word_1_355' title='bbox 1077 4651 1136 4702; x_wconf 75' lang='grc' dir='ltr'><strong>ι’.</strong></span> 
     </span>
    </p>
   </div>
   <div class='ocr_carea' id='block_1_48' title="bbox 199 4735 1778 4809">
    <p class='ocr_par' dir='ltr' id='par_1_48' title="bbox 199 4735 1778 4809">
     <span class='ocr_line' id='line_1_48' title="bbox 199 4735 1778 4809; baseline 0.003 -19"><span class='ocrx_word' id='word_1_356' title='bbox 199 4735 360 4791; x_wconf 66' lang='lat' dir='ltr'><strong>Atat!</strong></span> <span class='ocrx_word' id='word_1_357' title='bbox 399 4736 669 4792; x_wconf 77' lang='grc' dir='ltr'>τέθεικεν</span> <span class='ocrx_word' id='word_1_358' title='bbox 694 4740 729 4794; x_wconf 84' lang='grc' dir='ltr'><em>ὁ</em></span> <span class='ocrx_word' id='word_1_359' title='bbox 768 4739 1152 4809; x_wconf 71' lang='grc' dir='ltr'>συγγραφεὺς</span> <span class='ocrx_word' id='word_1_360' title='bbox 1178 4738 1247 4794; x_wconf 82' lang='grc' dir='ltr'>τὸ</span> <span class='ocrx_word' id='word_1_361' title='bbox 1293 4757 1313 4792; x_wconf 82' lang='grc' dir='ltr'><strong>ι</strong></span> <span class='ocrx_word' id='word_1_362' title='bbox 1359 4735 1536 4796; x_wconf 77' lang='grc' dir='ltr'>Εἷδεν</span> <span class='ocrx_word' id='word_1_363' title='bbox 1560 4742 1594 4795; x_wconf 84' lang='grc' dir='ltr'><em>ὁ</em></span> <span class='ocrx_word' id='word_1_364' title='bbox 1632 4739 1778 4808; x_wconf 80' lang='grc' dir='ltr'>Θεὸς</span> 
     </span>
    </p>
   </div>
   <div class='ocr_carea' id='block_1_49' title="bbox 787 4808 1654 4874">
    <p class='ocr_par' dir='ltr' id='par_1_49' title="bbox 787 4808 1654 4874">
     <span class='ocr_line' id='line_1_49' title="bbox 787 4808 1654 4874; baseline 0 -12"><span class='ocrx_word' id='word_1_365' title='bbox 787 4808 874 4863; x_wconf 86' lang='grc' dir='ltr'>ὅτι</span> <span class='ocrx_word' id='word_1_366' title='bbox 905 4808 1139 4874; x_wconf 78' lang='grc' dir='ltr'>καλόν;</span> <span class='ocrx_word' id='word_1_367' title='bbox 1179 4829 1198 4863; x_wconf 67' lang='grc' dir='ltr'><strong>ι</strong></span> <span class='ocrx_word' id='word_1_368' title='bbox 1651 4813 1654 4815; x_wconf 64' lang='grc'>“</span> 
     </span>
    </p>
   </div>
   <div class='ocr_carea' id='block_1_50' title="bbox 265 4897 1802 4974">
    <p class='ocr_par' dir='ltr' id='par_1_50' title="bbox 265 4897 1802 4974">
     <span class='ocr_line' id='line_1_50' title="bbox 265 4897 1802 4974; baseline 0.003 -23"><span class='ocrx_word' id='word_1_369' title='bbox 265 4897 387 4952; x_wconf 83' lang='grc' dir='ltr'>Ἵνα</span> <span class='ocrx_word' id='word_1_370' title='bbox 436 4901 602 4974; x_wconf 80' lang='grc' dir='ltr'>πείσῃ</span> <span class='ocrx_word' id='word_1_371' title='bbox 650 4902 779 4965; x_wconf 81' lang='grc' dir='ltr'>τοὺς</span> <span class='ocrx_word' id='word_1_372' title='bbox 830 4901 1160 4973; x_wconf 86' lang='grc' dir='ltr'>ἀχαρίστους</span> <span class='ocrx_word' id='word_1_373' title='bbox 1211 4901 1289 4974; x_wconf 79' lang='grc' dir='ltr'>μὴ</span> <span class='ocrx_word' id='word_1_374' title='bbox 1325 4900 1516 4972; x_wconf 78' lang='grc' dir='ltr'>ψέγειν</span> <span class='ocrx_word' id='word_1_375' title='bbox 1560 4901 1705 4974; x_wconf 80' lang='grc' dir='ltr'>ἀπερ</span> <span class='ocrx_word' id='word_1_376' title='bbox 1743 4901 1802 4974; x_wconf 16' lang='grc' dir='ltr'><strong>ἠν</strong></span> 
     </span>
    </p>
   </div>
   <div class='ocr_carea' id='block_1_51' title="bbox 201 4985 1011 5064">
    <p class='ocr_par' dir='ltr' id='par_1_51' title="bbox 201 4985 1011 5064">
     <span class='ocr_line' id='line_1_51' title="bbox 201 4985 1011 5064; baseline 0.007 -22"><span class='ocrx_word' id='word_1_377' title='bbox 201 4985 318 5046; x_wconf 75' lang='grc' dir='ltr'>θεία</span> <span class='ocrx_word' id='word_1_378' title='bbox 341 4991 529 5062; x_wconf 75' lang='grc' dir='ltr'>ψῆφος</span> <span class='ocrx_word' id='word_1_379' title='bbox 559 4993 817 5064; x_wconf 76' lang='grc' dir='ltr'>ὀνομάζει</span> <span class='ocrx_word' id='word_1_380' title='bbox 849 4993 1011 5048; x_wconf 81' lang='grc' dir='ltr'>καλά.</span> 
     </span>
    </p>
   </div>
   <div class='ocr_carea' id='block_1_52' title="bbox 289 5167 708 5237">
    <p class='ocr_par' dir='ltr' id='par_1_52' title="bbox 289 5167 708 5237">
     <span class='ocr_line' id='line_1_52' title="bbox 289 5167 708 5237; baseline 0.002 -13"><span class='ocrx_word' id='word_1_381' title='bbox 289 5175 321 5208; x_wconf 72' lang='grc' dir='ltr'><strong>ν</strong></span> <span class='ocrx_word' id='word_1_382' title='bbox 355 5167 464 5225; x_wconf 82' lang='lat' dir='ltr'><strong>Isa.</strong></span> <span class='ocrx_word' id='word_1_383' title='bbox 495 5187 621 5237; x_wconf 73' lang='grc' dir='ltr'>ην,</span> <span class='ocrx_word' id='word_1_384' title='bbox 655 5168 708 5225; x_wconf 86' lang='lat'><strong>7.</strong></span> 
     </span>
    </p>
   </div>
   <div class='ocr_carea' id='block_1_53' title="bbox 1857 536 3436 611">
    <p class='ocr_par' dir='ltr' id='par_1_53' title="bbox 1857 536 3436 611">
     <span class='ocr_line' id='line_1_53' title="bbox 1857 536 3436 611; baseline -0.009 -15"><span class='ocrx_word' id='word_1_385' title='bbox 1857 542 2118 611; x_wconf 88' lang='lat' dir='ltr'><strong>propheta</strong></span> <span class='ocrx_word' id='word_1_386' title='bbox 2164 539 2334 596; x_wconf 88' lang='lat' dir='ltr'><strong>Deum</strong></span> <span class='ocrx_word' id='word_1_387' title='bbox 2389 539 2769 594; x_wconf 84' lang='lat' dir='ltr'><strong>universorum</strong></span> <span class='ocrx_word' id='word_1_388' title='bbox 2806 537 2969 592; x_wconf 86' lang='lat' dir='ltr'><strong>etiam</strong></span> <span class='ocrx_word' id='word_1_389' title='bbox 3000 537 3069 592; x_wconf 88' lang='lat' dir='ltr'><strong>ab</strong></span> <span class='ocrx_word' id='word_1_390' title='bbox 3101 537 3185 591; x_wconf 90' lang='lat' dir='ltr'><strong>his</strong></span> <span class='ocrx_word' id='word_1_391' title='bbox 3217 536 3436 590; x_wconf 77' lang='lat' dir='ltr'><strong>laudat:</strong></span> 
     </span>
    </p>
   </div>
   <div class='ocr_carea' id='block_1_54' title="bbox 1863 629 3439 700">
    <p class='ocr_par' dir='ltr' id='par_1_54' title="bbox 1863 629 3439 700">
     <span class='ocr_line' id='line_1_54' title="bbox 1863 629 3439 700; baseline -0.006 -14"><span class='ocrx_word' id='word_1_392' title='bbox 1863 651 1884 686; x_wconf 78' lang='grc' dir='ltr'><strong>ι</strong></span> <span class='ocrx_word' id='word_1_393' title='bbox 1919 633 2021 699; x_wconf 92' lang='lat' dir='ltr'><strong>Qui</strong></span> <span class='ocrx_word' id='word_1_394' title='bbox 2071 632 2232 697; x_wconf 88' lang='lat' dir='ltr'><strong>facio,</strong></span> <span class='ocrx_word' id='word_1_395' title='bbox 2276 631 2372 697; x_wconf 96' lang='lat' dir='ltr'><strong>ait,</strong></span> <span class='ocrx_word' id='word_1_396' title='bbox 2416 631 2622 695; x_wconf 87' lang='lat' dir='ltr'><strong>lumen,</strong></span> <span class='ocrx_word' id='word_1_397' title='bbox 2653 639 2707 686; x_wconf 91' lang='lat' dir='ltr'><strong>et</strong></span> <span class='ocrx_word' id='word_1_398' title='bbox 2748 643 2995 700; x_wconf 67' lang='lat' dir='ltr'><strong>praeparo</strong></span> <span class='ocrx_word' id='word_1_399' title='bbox 3045 629 3299 683; x_wconf 77' lang='lat' dir='ltr'><strong>tenebras</strong></span> <span class='ocrx_word' id='word_1_400' title='bbox 3326 635 3378 680; x_wconf 76' lang='grc' dir='ltr'><strong>ν.</strong></span> <span class='ocrx_word' id='word_1_401' title='bbox 3419 645 3439 677; x_wconf 74' lang='grc' dir='ltr'><strong>ι</strong></span> 
     </span>
    </p>
   </div>
   <div class='ocr_carea' id='block_1_55' title="bbox 1856 719 3442 796">
    <p class='ocr_par' dir='ltr' id='par_1_55' title="bbox 1856 719 3442 796">
     <span class='ocr_line' id='line_1_55' title="bbox 1856 719 3442 796; baseline -0.006 -16"><span class='ocrx_word' id='word_1_402' title='bbox 1856 724 2156 796; x_wconf 84' lang='lat' dir='ltr'><strong>Aptissime</strong></span> <span class='ocrx_word' id='word_1_403' title='bbox 2181 733 2362 778; x_wconf 81' lang='lat' dir='ltr'><strong>autem</strong></span> <span class='ocrx_word' id='word_1_404' title='bbox 2393 732 2687 792; x_wconf 86' lang='lat' dir='ltr'><strong>utrumque</strong></span> <span class='ocrx_word' id='word_1_405' title='bbox 2717 723 2920 792; x_wconf 85' lang='lat' dir='ltr'><strong>posuit,</strong></span> <span class='ocrx_word' id='word_1_406' title='bbox 2953 720 3182 775; x_wconf 81' lang='lat' dir='ltr'><strong>faciendi</strong></span> <span class='ocrx_word' id='word_1_407' title='bbox 3217 719 3442 774; x_wconf 79' lang='lat' dir='ltr'><strong>verbum</strong></span> 
     </span>
    </p>
   </div>
   <div class='ocr_carea' id='block_1_56' title="bbox 1859 811 3428 888">
    <p class='ocr_par' dir='ltr' id='par_1_56' title="bbox 1859 811 3428 888">
     <span class='ocr_line' id='line_1_56' title="bbox 1859 811 3428 888; baseline -0.005 -16"><span class='ocrx_word' id='word_1_408' title='bbox 1859 817 2123 888; x_wconf 89' lang='lat' dir='ltr'><strong>adaptans</strong></span> <span class='ocrx_word' id='word_1_409' title='bbox 2151 815 2369 882; x_wconf 87' lang='lat' dir='ltr'><strong>lumini,</strong></span> <span class='ocrx_word' id='word_1_410' title='bbox 2400 822 2456 870; x_wconf 93' lang='lat' dir='ltr'><strong>et</strong></span> <span class='ocrx_word' id='word_1_411' title='bbox 2481 814 2722 869; x_wconf 85' lang='lat' dir='ltr'><strong>dictione</strong></span> <span class='ocrx_word' id='word_1_412' title='bbox 2769 813 3110 884; x_wconf 69' lang='lat' dir='ltr'><strong>praeparandi</strong></span> <span class='ocrx_word' id='word_1_413' title='bbox 3143 820 3303 866; x_wconf 90' lang='lat' dir='ltr'><strong>utens</strong></span> <span class='ocrx_word' id='word_1_414' title='bbox 3333 811 3428 865; x_wconf 88' lang='lat' dir='ltr'><strong>cir-</strong></span> 
     </span>
    </p>
   </div>
   <div class='ocr_carea' id='block_1_57' title="bbox 1860 904 3440 974">
    <p class='ocr_par' dir='ltr' id='par_1_57' title="bbox 1860 904 3440 974">
     <span class='ocr_line' id='line_1_57' title="bbox 1860 904 3440 974; baseline -0.005 -11"><span class='ocrx_word' id='word_1_415' title='bbox 1860 922 1922 962; x_wconf 92' lang='lat' dir='ltr'><strong>ca</strong></span> <span class='ocrx_word' id='word_1_416' title='bbox 1953 906 2226 963; x_wconf 83' lang='lat' dir='ltr'><strong>tenebras.</strong></span> <span class='ocrx_word' id='word_1_417' title='bbox 2261 906 2401 961; x_wconf 87' lang='lat' dir='ltr'><strong>Sunt</strong></span> <span class='ocrx_word' id='word_1_418' title='bbox 2427 905 2570 961; x_wconf 89' lang='lat' dir='ltr'><strong>enim</strong></span> <span class='ocrx_word' id='word_1_419' title='bbox 2603 904 2860 960; x_wconf 88' lang='lat' dir='ltr'><strong>accidens</strong></span> <span class='ocrx_word' id='word_1_420' title='bbox 2889 905 3186 974; x_wconf 84' lang='lat' dir='ltr'><strong>quoddam,</strong></span> <span class='ocrx_word' id='word_1_421' title='bbox 3218 904 3362 974; x_wconf 92' lang='lat' dir='ltr'><strong>quod</strong></span> <span class='ocrx_word' id='word_1_422' title='bbox 3391 911 3440 955; x_wconf 81' lang='lat' dir='ltr'><strong>et</strong></span> 
     </span>
    </p>
   </div>
   <div class='ocr_carea' id='block_1_58' title="bbox 1858 994 3444 1064">
    <p class='ocr_par' dir='ltr' id='par_1_58' title="bbox 1858 994 3444 1064">
     <span class='ocr_line' id='line_1_58' title="bbox 1858 994 3444 1064; baseline -0.004 -9"><span class='ocrx_word' id='word_1_423' title='bbox 1858 999 2110 1055; x_wconf 87' lang='lat' dir='ltr'><strong>consistit</strong></span> <span class='ocrx_word' id='word_1_424' title='bbox 2132 1006 2188 1055; x_wconf 84' lang='lat' dir='ltr'><strong>et</strong></span> <span class='ocrx_word' id='word_1_425' title='bbox 2215 997 2553 1054; x_wconf 85' lang='lat' dir='ltr'><strong>dissolvitur.</strong></span> <span class='ocrx_word' id='word_1_426' title='bbox 2585 994 2822 1050; x_wconf 86' lang='lat' dir='ltr'><strong>Proinde</strong></span> <span class='ocrx_word' id='word_1_427' title='bbox 2852 1004 2963 1049; x_wconf 86' lang='lat' dir='ltr'><strong>tres</strong></span> <span class='ocrx_word' id='word_1_428' title='bbox 3009 995 3152 1050; x_wconf 85' lang='lat' dir='ltr'><strong>beati</strong></span> <span class='ocrx_word' id='word_1_429' title='bbox 3183 995 3258 1049; x_wconf 90' lang='lat' dir='ltr'><strong>illi</strong></span> <span class='ocrx_word' id='word_1_430' title='bbox 3293 995 3444 1064; x_wconf 86' lang='lat' dir='ltr'><strong>pueri</strong></span> 
     </span>
    </p>
   </div>
   <div class='ocr_carea' id='block_1_59' title="bbox 1859 1071 3445 1160">
    <p class='ocr_par' dir='ltr' id='par_1_59' title="bbox 1859 1071 3445 1160">
     <span class='ocr_line' id='line_1_59' title="bbox 1859 1071 3445 1160; baseline -0.004 -13"><span class='ocrx_word' id='word_1_431' title='bbox 1859 1103 2168 1148; x_wconf 85' lang='lat' dir='ltr'><strong>creaturam</strong></span> <span class='ocrx_word' id='word_1_432' title='bbox 2226 1104 2443 1146; x_wconf 90' lang='lat' dir='ltr'><strong>omnem</strong></span> <span class='ocrx_word' id='word_1_433' title='bbox 2485 1093 2844 1160; x_wconf 85' lang='lat' dir='ltr'><strong>provocantes</strong></span> <span class='ocrx_word' id='word_1_434' title='bbox 2873 1086 2940 1140; x_wconf 92' lang='lat' dir='ltr'><strong>ad</strong></span> <span class='ocrx_word' id='word_1_435' title='bbox 2973 1071 3161 1142; x_wconf 78' lang='lat' dir='ltr'><strong>laudes</strong></span> <span class='ocrx_word' id='word_1_436' title='bbox 3210 1087 3445 1151; x_wconf 86' lang='lat' dir='ltr'><strong>divinas,</strong></span> 
     </span>
    </p>
   </div>
   <div class='ocr_carea' id='block_1_60' title="bbox 1860 1178 3437 1252">
    <p class='ocr_par' dir='ltr' id='par_1_60' title="bbox 1860 1178 3437 1252">
     <span class='ocr_line' id='line_1_60' title="bbox 1860 1178 3437 1252; baseline -0.003 -14"><span class='ocrx_word' id='word_1_437' title='bbox 1860 1182 1968 1239; x_wconf 91' lang='lat' dir='ltr'><strong>diei</strong></span> <span class='ocrx_word' id='word_1_438' title='bbox 1998 1193 2209 1238; x_wconf 87' lang='lat' dir='ltr'><strong>noctem</strong></span> <span class='ocrx_word' id='word_1_439' title='bbox 2239 1180 2664 1252; x_wconf 75' lang='lat' dir='ltr'><strong>coniunxerunt,</strong></span> <span class='ocrx_word' id='word_1_440' title='bbox 2694 1184 2748 1234; x_wconf 84' lang='grc' dir='ltr'><strong>ει</strong></span> <span class='ocrx_word' id='word_1_441' title='bbox 2775 1178 2971 1234; x_wconf 90' lang='lat' dir='ltr'><strong>lumini</strong></span> <span class='ocrx_word' id='word_1_442' title='bbox 3001 1179 3258 1235; x_wconf 85' lang='lat' dir='ltr'><strong>tenebras</strong></span> <span class='ocrx_word' id='word_1_443' title='bbox 3281 1179 3437 1234; x_wconf 60' lang='lat' dir='ltr'><strong>addi-</strong></span> 
     </span>
    </p>
   </div>
   <div class='ocr_carea' id='block_1_61' title="bbox 1863 1273 3447 1344">
    <p class='ocr_par' dir='ltr' id='par_1_61' title="bbox 1863 1273 3447 1344">
     <span class='ocr_line' id='line_1_61' title="bbox 1863 1273 3447 1344; baseline -0.001 -13"><span class='ocrx_word' id='word_1_444' title='bbox 1863 1276 2080 1332; x_wconf 86' lang='lat' dir='ltr'><strong>derunt.</strong></span> <span class='ocrx_word' id='word_1_445' title='bbox 2133 1275 2269 1332; x_wconf 79' lang='lat' dir='ltr'><strong>Nam</strong></span> <span class='ocrx_word' id='word_1_446' title='bbox 2335 1276 2534 1330; x_wconf 84' lang='lat' dir='ltr'><strong>horum</strong></span> <span class='ocrx_word' id='word_1_447' title='bbox 2583 1273 3026 1330; x_wconf 78' lang='lat' dir='ltr'><strong>successionibus</strong></span> <span class='ocrx_word' id='word_1_448' title='bbox 3077 1273 3181 1344; x_wconf 79' lang='lat'><strong>13</strong></span> <span class='ocrx_word' id='word_1_449' title='bbox 3235 1281 3447 1344; x_wconf 84' lang='lat' dir='ltr'><strong>tempus</strong></span> 
     </span>
    </p>
   </div>
   <div class='ocr_carea' id='block_1_62' title="bbox 1863 1362 3086 1436">
    <p class='ocr_par' dir='ltr' id='par_1_62' title="bbox 1863 1362 3086 1436">
     <span class='ocr_line' id='line_1_62' title="bbox 1863 1362 3086 1436; baseline -0.006 -12"><span class='ocrx_word' id='word_1_450' title='bbox 1863 1375 2232 1436; x_wconf 86' lang='lat' dir='ltr'><strong>mensuratur,</strong></span> <span class='ocrx_word' id='word_1_451' title='bbox 2275 1374 2328 1424; x_wconf 91' lang='lat' dir='ltr'><strong>et</strong></span> <span class='ocrx_word' id='word_1_452' title='bbox 2365 1365 2649 1422; x_wconf 87' lang='lat' dir='ltr'><strong>hominum</strong></span> <span class='ocrx_word' id='word_1_453' title='bbox 2679 1367 2788 1420; x_wconf 86' lang='lat' dir='ltr'><strong>vita</strong></span> <span class='ocrx_word' id='word_1_454' title='bbox 2816 1362 3086 1421; x_wconf 88' lang='lat' dir='ltr'><strong>subsistit.</strong></span> 
     </span>
    </p>
   </div>
   <div class='ocr_carea' id='block_1_63' title="bbox 2431 1613 2917 1710">
    <p class='ocr_par' dir='ltr' id='par_1_63' title="bbox 2431 1613 2917 1710">
     <span class='ocr_line' id='line_1_63' title="bbox 2431 1613 2917 1710; baseline 0.004 -2"><span class='ocrx_word' id='word_1_455' title='bbox 2431 1613 2917 1710; x_wconf 26' lang='lat' dir='ltr'><strong>INTERR.VHL‘</strong></span> 
     </span>
    </p>
   </div>
   <div class='ocr_carea' id='block_1_64' title="bbox 1975 1765 3414 1838">
    <p class='ocr_par' dir='ltr' id='par_1_64' title="bbox 1975 1765 3414 1838">
     <span class='ocr_line' id='line_1_64' title="bbox 1975 1765 3414 1838; baseline 0 -16"><span class='ocrx_word' id='word_1_456' title='bbox 1975 1765 2291 1834; x_wconf 80' lang='lat' dir='ltr'><strong>Qualisnam</strong></span> <span class='ocrx_word' id='word_1_457' title='bbox 2345 1767 2568 1836; x_wconf 71' lang='lat' dir='ltr'><strong>spiritus</strong></span> <span class='ocrx_word' id='word_1_458' title='bbox 2615 1766 2884 1837; x_wconf 80' lang='lat' dir='ltr'><strong>ferebatur</strong></span> <span class='ocrx_word' id='word_1_459' title='bbox 2914 1781 3075 1836; x_wconf 72' lang='lat' dir='ltr'><strong>super</strong></span> <span class='ocrx_word' id='word_1_460' title='bbox 3109 1765 3352 1838; x_wconf 57' lang='lat' dir='ltr'><strong>aquam?</strong></span> <span class='ocrx_word' id='word_1_461' title='bbox 3393 1809 3414 1826; x_wconf 91' lang='lat'><strong>.</strong></span> 
     </span>
    </p>
   </div>
   <div class='ocr_carea' id='block_1_65' title="bbox 1933 1857 3446 1930">
    <p class='ocr_par' dir='ltr' id='par_1_65' title="bbox 1933 1857 3446 1930">
     <span class='ocr_line' id='line_1_65' title="bbox 1933 1857 3446 1930; baseline -0.001 -16"><span class='ocrx_word' id='word_1_462' title='bbox 1933 1859 2274 1928; x_wconf 84' lang='lat' dir='ltr'><strong>Quibusdam</strong></span> <span class='ocrx_word' id='word_1_463' title='bbox 2307 1860 2520 1915; x_wconf 84' lang='lat' dir='ltr'><strong>videtur</strong></span> <span class='ocrx_word' id='word_1_464' title='bbox 2542 1857 2716 1915; x_wconf 88' lang='lat' dir='ltr'><strong>fuisse</strong></span> <span class='ocrx_word' id='word_1_465' title='bbox 2756 1858 2997 1930; x_wconf 82' lang='lat' dir='ltr'><strong>Spiritus</strong></span> <span class='ocrx_word' id='word_1_466' title='bbox 3051 1868 3297 1924; x_wconf 88' lang='lat' dir='ltr'><strong>sanctus,</strong></span> <span class='ocrx_word' id='word_1_467' title='bbox 3353 1857 3446 1929; x_wconf 84' lang='lat' dir='ltr'><strong>qui</strong></span> 
     </span>
    </p>
   </div>
   <div class='ocr_carea' id='block_1_66' title="bbox 1865 1949 3444 2022">
    <p class='ocr_par' dir='ltr' id='par_1_66' title="bbox 1865 1949 3444 2022">
     <span class='ocr_line' id='line_1_66' title="bbox 1865 1949 3444 2022; baseline 0 -14"><span class='ocrx_word' id='word_1_468' title='bbox 1865 1953 2174 2009; x_wconf 80' lang='lat' dir='ltr'><strong>vivificabat</strong></span> <span class='ocrx_word' id='word_1_469' title='bbox 2208 1962 2264 2009; x_wconf 91' lang='lat' dir='ltr'><strong>et</strong></span> <span class='ocrx_word' id='word_1_470' title='bbox 2300 1952 2630 2008; x_wconf 88' lang='lat' dir='ltr'><strong>fecundabat</strong></span> <span class='ocrx_word' id='word_1_471' title='bbox 2669 1967 2934 2022; x_wconf 85' lang='lat' dir='ltr'><strong>aquarum</strong></span> <span class='ocrx_word' id='word_1_472' title='bbox 2967 1960 3246 2016; x_wconf 87' lang='lat' dir='ltr'><strong>naturam,</strong></span> <span class='ocrx_word' id='word_1_473' title='bbox 3301 1949 3444 2008; x_wconf 88' lang='lat' dir='ltr'><strong>desi-</strong></span> 
     </span>
    </p>
   </div>
   <div class='ocr_carea' id='block_1_67' title="bbox 1867 2041 3452 2115">
    <p class='ocr_par' dir='ltr' id='par_1_67' title="bbox 1867 2041 3452 2115">
     <span class='ocr_line' id='line_1_67' title="bbox 1867 2041 3452 2115; baseline -0.002 -17"><span class='ocrx_word' id='word_1_474' title='bbox 1867 2059 2039 2112; x_wconf 75' lang='lat' dir='ltr'><strong>gnans</strong></span> <span class='ocrx_word' id='word_1_475' title='bbox 2077 2044 2314 2115; x_wconf 87' lang='lat' dir='ltr'><strong>quodam</strong></span> <span class='ocrx_word' id='word_1_476' title='bbox 2351 2044 2518 2099; x_wconf 91' lang='lat' dir='ltr'><strong>modo</strong></span> <span class='ocrx_word' id='word_1_477' title='bbox 2549 2044 2784 2115; x_wconf 73' lang='lat' dir='ltr'><strong>gratiam</strong></span> <span class='ocrx_word' id='word_1_478' title='bbox 2815 2043 3097 2113; x_wconf 87' lang='lat' dir='ltr'><strong>baptismi.</strong></span> <span class='ocrx_word' id='word_1_479' title='bbox 3128 2041 3322 2098; x_wconf 88' lang='lat' dir='ltr'><strong>Verius</strong></span> <span class='ocrx_word' id='word_1_480' title='bbox 3358 2058 3452 2096; x_wconf 65' lang='lat' dir='ltr'><strong>au-</strong></span> 
     </span>
    </p>
   </div>
   <div class='ocr_carea' id='block_1_68' title="bbox 1869 2134 3447 2204">
    <p class='ocr_par' dir='ltr' id='par_1_68' title="bbox 1869 2134 3447 2204">
     <span class='ocr_line' id='line_1_68' title="bbox 1869 2134 3447 2204; baseline -0.001 -16"><span class='ocrx_word' id='word_1_481' title='bbox 1869 2144 1974 2188; x_wconf 88' lang='lat' dir='ltr'><strong>tem</strong></span> <span class='ocrx_word' id='word_1_482' title='bbox 2001 2137 2326 2204; x_wconf 88' lang='lat' dir='ltr'><strong>putaverim,</strong></span> <span class='ocrx_word' id='word_1_483' title='bbox 2371 2135 2514 2204; x_wconf 91' lang='lat' dir='ltr'><strong>quod</strong></span> <span class='ocrx_word' id='word_1_484' title='bbox 2575 2135 2666 2190; x_wconf 90' lang='lat' dir='ltr'><strong>hic</strong></span> <span class='ocrx_word' id='word_1_485' title='bbox 2721 2149 2905 2189; x_wconf 88' lang='lat' dir='ltr'><strong>aerem</strong></span> <span class='ocrx_word' id='word_1_486' title='bbox 2957 2141 3119 2188; x_wconf 83' lang='lat' dir='ltr'><strong>vocet</strong></span> <span class='ocrx_word' id='word_1_487' title='bbox 3176 2134 3447 2204; x_wconf 87' lang='lat' dir='ltr'><strong>spiritum.</strong></span> 
     </span>
    </p>
   </div>
   <div class='ocr_carea' id='block_1_69' title="bbox 1870 2224 3449 2290">
    <p class='ocr_par' dir='ltr' id='par_1_69' title="bbox 1870 2224 3449 2290">
     <span class='ocr_line' id='line_1_69' title="bbox 1870 2224 3449 2290; baseline 0 -12"><span class='ocrx_word' id='word_1_488' title='bbox 1870 2225 2003 2278; x_wconf 83' lang='lat' dir='ltr'><strong>Nam</strong></span> <span class='ocrx_word' id='word_1_489' title='bbox 2030 2240 2153 2279; x_wconf 90' lang='lat' dir='ltr'><strong>cum</strong></span> <span class='ocrx_word' id='word_1_490' title='bbox 2187 2225 2416 2279; x_wconf 78' lang='lat' dir='ltr'><strong>dixisset</strong></span> <span class='ocrx_word' id='word_1_491' title='bbox 2448 2225 2618 2278; x_wconf 90' lang='lat' dir='ltr'><strong>Deum</strong></span> <span class='ocrx_word' id='word_1_492' title='bbox 2668 2239 2890 2279; x_wconf 88' lang='lat' dir='ltr'><strong>creasse</strong></span> <span class='ocrx_word' id='word_1_493' title='bbox 2918 2224 3115 2279; x_wconf 63' lang='lat' dir='ltr'><strong>caelum</strong></span> <span class='ocrx_word' id='word_1_494' title='bbox 3140 2233 3194 2278; x_wconf 92' lang='lat' dir='ltr'><strong>et</strong></span> <span class='ocrx_word' id='word_1_495' title='bbox 3223 2232 3449 2290; x_wconf 89' lang='lat' dir='ltr'><strong>terram,</strong></span> 
     </span>
    </p>
   </div>
   <div class='ocr_carea' id='block_1_70' title="bbox 1869 2311 3442 2384">
    <p class='ocr_par' dir='ltr' id='par_1_70' title="bbox 1869 2311 3442 2384">
     <span class='ocr_line' id='line_1_70' title="bbox 1869 2311 3442 2384; baseline -0.001 -15"><span class='ocrx_word' id='word_1_496' title='bbox 1869 2325 1921 2369; x_wconf 89' lang='lat' dir='ltr'><strong>et</strong></span> <span class='ocrx_word' id='word_1_497' title='bbox 1945 2328 2212 2384; x_wconf 89' lang='lat' dir='ltr'><strong>aquarum</strong></span> <span class='ocrx_word' id='word_1_498' title='bbox 2256 2312 2602 2368; x_wconf 87' lang='lat' dir='ltr'><strong>meminisset</strong></span> <span class='ocrx_word' id='word_1_499' title='bbox 2635 2313 2737 2368; x_wconf 86' lang='lat' dir='ltr'><strong>sub</strong></span> <span class='ocrx_word' id='word_1_500' title='bbox 2765 2311 2987 2367; x_wconf 89' lang='lat' dir='ltr'><strong>nomine</strong></span> <span class='ocrx_word' id='word_1_501' title='bbox 3015 2312 3220 2384; x_wconf 84' lang='lat' dir='ltr'><strong>abyssi,</strong></span> <span class='ocrx_word' id='word_1_502' title='bbox 3264 2327 3442 2368; x_wconf 87' lang='lat' dir='ltr'><strong>neces-</strong></span> 
     </span>
    </p>
   </div>
   <div class='ocr_carea' id='block_1_71' title="bbox 1871 2402 3451 2473">
    <p class='ocr_par' dir='ltr' id='par_1_71' title="bbox 1871 2402 3451 2473">
     <span class='ocr_line' id='line_1_71' title="bbox 1871 2402 3451 2473; baseline -0.005 -10"><span class='ocrx_word' id='word_1_503' title='bbox 1871 2408 2018 2463; x_wconf 88' lang='lat' dir='ltr'><strong>sario</strong></span> <span class='ocrx_word' id='word_1_504' title='bbox 2050 2417 2104 2461; x_wconf 93' lang='lat' dir='ltr'><strong>et</strong></span> <span class='ocrx_word' id='word_1_505' title='bbox 2146 2406 2292 2461; x_wconf 88' lang='lat' dir='ltr'><strong>aeris</strong></span> <span class='ocrx_word' id='word_1_506' title='bbox 2323 2407 2656 2460; x_wconf 82' lang='lat' dir='ltr'><strong>mentionem</strong></span> <span class='ocrx_word' id='word_1_507' title='bbox 2693 2402 2843 2470; x_wconf 87' lang='lat' dir='ltr'><strong>fecit,</strong></span> <span class='ocrx_word' id='word_1_508' title='bbox 2877 2417 2906 2456; x_wconf 90' lang='lat' dir='ltr'><strong>a</strong></span> <span class='ocrx_word' id='word_1_509' title='bbox 2948 2403 3242 2473; x_wconf 83' lang='lat' dir='ltr'><strong>superﬁcie</strong></span> <span class='ocrx_word' id='word_1_510' title='bbox 3296 2417 3451 2472; x_wconf 66' lang='lat' dir='ltr'><strong>aqum</strong></span> 
     </span>
    </p>
   </div>
   <div class='ocr_carea' id='block_1_72' title="bbox 1871 2493 3446 2566">
    <p class='ocr_par' dir='ltr' id='par_1_72' title="bbox 1871 2493 3446 2566">
     <span class='ocr_line' id='line_1_72' title="bbox 1871 2493 3446 2566; baseline -0.005 -13"><span class='ocrx_word' id='word_1_511' title='bbox 1871 2498 1936 2553; x_wconf 91' lang='lat' dir='ltr'><strong>ad</strong></span> <span class='ocrx_word' id='word_1_512' title='bbox 1977 2497 2179 2554; x_wconf 65' lang='lat' dir='ltr'><strong>coelum</strong></span> <span class='ocrx_word' id='word_1_513' title='bbox 2217 2511 2398 2566; x_wconf 91' lang='lat' dir='ltr'><strong>usque</strong></span> <span class='ocrx_word' id='word_1_514' title='bbox 2428 2495 2798 2566; x_wconf 89' lang='lat' dir='ltr'><strong>permeantis.</strong></span> <span class='ocrx_word' id='word_1_515' title='bbox 2839 2493 2997 2550; x_wconf 78' lang='lat' dir='ltr'><strong>Aeris</strong></span> <span class='ocrx_word' id='word_1_516' title='bbox 3049 2495 3194 2550; x_wconf 89' lang='lat' dir='ltr'><strong>enim</strong></span> <span class='ocrx_word' id='word_1_517' title='bbox 3257 2500 3446 2552; x_wconf 75' lang='lat' dir='ltr'><strong>natura</strong></span> 
     </span>
    </p>
   </div>
   <div class='ocr_carea' id='block_1_73' title="bbox 1871 2583 3450 2656">
    <p class='ocr_par' dir='ltr' id='par_1_73' title="bbox 1871 2583 3450 2656">
     <span class='ocr_line' id='line_1_73' title="bbox 1871 2583 3450 2656; baseline -0.003 -14"><span class='ocrx_word' id='word_1_518' title='bbox 1871 2598 1973 2654; x_wconf 83' lang='lat' dir='ltr'><strong>est,</strong></span> <span class='ocrx_word' id='word_1_519' title='bbox 2028 2598 2089 2644; x_wconf 89' lang='lat' dir='ltr'><strong>ut</strong></span> <span class='ocrx_word' id='word_1_520' title='bbox 2120 2589 2266 2643; x_wconf 90' lang='lat' dir='ltr'><strong>circa</strong></span> <span class='ocrx_word' id='word_1_521' title='bbox 2306 2585 2564 2642; x_wconf 87' lang='lat' dir='ltr'><strong>inferiora</strong></span> <span class='ocrx_word' id='word_1_522' title='bbox 2613 2600 2842 2655; x_wconf 89' lang='lat' dir='ltr'><strong>corpora</strong></span> <span class='ocrx_word' id='word_1_523' title='bbox 2877 2583 3084 2640; x_wconf 81' lang='lat' dir='ltr'><strong>feratur</strong></span> <span class='ocrx_word' id='word_1_524' title='bbox 3113 2595 3167 2640; x_wconf 91' lang='lat' dir='ltr'><strong>et</strong></span> <span class='ocrx_word' id='word_1_525' title='bbox 3195 2585 3450 2656; x_wconf 75' lang='lat' dir='ltr'><strong>agitetur.</strong></span> 
     </span>
    </p>
   </div>
   <div class='ocr_carea' id='block_1_74' title="bbox 1871 2675 3453 2751">
    <p class='ocr_par' dir='ltr' id='par_1_74' title="bbox 1871 2675 3453 2751">
     <span class='ocr_line' id='line_1_74' title="bbox 1871 2675 3453 2751; baseline -0.003 -17"><span class='ocrx_word' id='word_1_526' title='bbox 1871 2680 2169 2751; x_wconf 83' lang='lat' dir='ltr'><strong>Aptissime</strong></span> <span class='ocrx_word' id='word_1_527' title='bbox 2189 2687 2371 2734; x_wconf 90' lang='lat' dir='ltr'><strong>autem</strong></span> <span class='ocrx_word' id='word_1_528' title='bbox 2403 2694 2512 2733; x_wconf 92' lang='lat' dir='ltr'><strong>non</strong></span> <span class='ocrx_word' id='word_1_529' title='bbox 2538 2677 2675 2732; x_wconf 77' lang='lat' dir='ltr'><strong>dixit</strong></span> <span class='ocrx_word' id='word_1_530' title='bbox 2701 2675 3061 2743; x_wconf 78' lang='lat' dir='ltr'><strong>incumbebat,</strong></span> <span class='ocrx_word' id='word_1_531' title='bbox 3111 2677 3204 2733; x_wconf 86' lang='lat' dir='ltr'><strong>sed</strong></span> <span class='ocrx_word' id='word_1_532' title='bbox 3244 2675 3453 2745; x_wconf 80' lang='lat' dir='ltr'><strong>fereba—</strong></span> 
     </span>
    </p>
   </div>
   <div class='ocr_carea' id='block_1_75' title="bbox 1874 2758 3454 2841">
    <p class='ocr_par' dir='ltr' id='par_1_75' title="bbox 1874 2758 3454 2841">
     <span class='ocr_line' id='line_1_75' title="bbox 1874 2758 3454 2841; baseline -0.004 -15"><span class='ocrx_word' id='word_1_533' title='bbox 1874 2782 1980 2838; x_wconf 84' lang='lat' dir='ltr'><strong>tur,</strong></span> <span class='ocrx_word' id='word_1_534' title='bbox 2024 2758 2153 2841; x_wconf 77' lang='lat' dir='ltr'><strong>quia</strong></span> <span class='ocrx_word' id='word_1_535' title='bbox 2195 2768 2422 2824; x_wconf 82' lang='lat' dir='ltr'><strong>verbum</strong></span> <span class='ocrx_word' id='word_1_536' title='bbox 2450 2766 2594 2822; x_wconf 92' lang='lat' dir='ltr'><strong>istud</strong></span> <span class='ocrx_word' id='word_1_537' title='bbox 2623 2765 2892 2837; x_wconf 77' lang='lat' dir='ltr'><strong>ferebatur</strong></span> <span class='ocrx_word' id='word_1_538' title='bbox 2919 2766 3280 2822; x_wconf 88' lang='lat' dir='ltr'><strong>substantiam</strong></span> <span class='ocrx_word' id='word_1_539' title='bbox 3311 2765 3454 2820; x_wconf 88' lang='lat' dir='ltr'><strong>aeris</strong></span> 
     </span>
    </p>
   </div>
   <div class='ocr_carea' id='block_1_76' title="bbox 1875 2858 3454 2930">
    <p class='ocr_par' dir='ltr' id='par_1_76' title="bbox 1875 2858 3454 2930">
     <span class='ocr_line' id='line_1_76' title="bbox 1875 2858 3454 2930; baseline -0.004 -12"><span class='ocrx_word' id='word_1_540' title='bbox 1875 2864 2130 2919; x_wconf 88' lang='lat' dir='ltr'><strong>mobilem</strong></span> <span class='ocrx_word' id='word_1_541' title='bbox 2186 2860 2411 2916; x_wconf 90' lang='lat' dir='ltr'><strong>indicat.</strong></span> <span class='ocrx_word' id='word_1_542' title='bbox 2456 2859 2608 2927; x_wconf 91' lang='lat' dir='ltr'><strong>Quod</strong></span> <span class='ocrx_word' id='word_1_543' title='bbox 2645 2861 2688 2916; x_wconf 91' lang='lat' dir='ltr'><strong>si</strong></span> <span class='ocrx_word' id='word_1_544' title='bbox 2719 2858 2844 2930; x_wconf 90' lang='lat' dir='ltr'><strong>quis</strong></span> <span class='ocrx_word' id='word_1_545' title='bbox 2887 2858 3016 2914; x_wconf 90' lang='lat' dir='ltr'><strong>huic</strong></span> <span class='ocrx_word' id='word_1_546' title='bbox 3057 2858 3288 2912; x_wconf 88' lang='lat' dir='ltr'><strong>orationi</strong></span> <span class='ocrx_word' id='word_1_547' title='bbox 3347 2874 3454 2911; x_wconf 86' lang='lat' dir='ltr'><strong>non</strong></span> 
     </span>
    </p>
   </div>
   <div class='ocr_carea' id='block_1_77' title="bbox 1875 2945 3443 3022">
    <p class='ocr_par' dir='ltr' id='par_1_77' title="bbox 1875 2945 3443 3022">
     <span class='ocr_line' id='line_1_77' title="bbox 1875 2945 3443 3022; baseline -0.006 -12"><span class='ocrx_word' id='word_1_548' title='bbox 1875 2953 2198 3018; x_wconf 84' lang='lat' dir='ltr'><strong>assentitur,</strong></span> <span class='ocrx_word' id='word_1_549' title='bbox 2230 2959 2518 3022; x_wconf 85' lang='lat' dir='ltr'><strong>prOpterea</strong></span> <span class='ocrx_word' id='word_1_550' title='bbox 2554 2948 2701 3020; x_wconf 89' lang='lat' dir='ltr'><strong>quod</strong></span> <span class='ocrx_word' id='word_1_551' title='bbox 2749 2949 3012 3018; x_wconf 88' lang='lat' dir='ltr'><strong>scriptum</strong></span> <span class='ocrx_word' id='word_1_552' title='bbox 3053 2956 3174 3002; x_wconf 87' lang='lat' dir='ltr'><strong>est:</strong></span> <span class='ocrx_word' id='word_1_553' title='bbox 3221 2967 3239 2998; x_wconf 79' lang='grc' dir='ltr'><strong>ι</strong></span> <span class='ocrx_word' id='word_1_554' title='bbox 3283 2945 3443 3018; x_wconf 85' lang='lat' dir='ltr'><strong>Spiri-</strong></span> 
     </span>
    </p>
   </div>
   <div class='ocr_carea' id='block_1_78' title="bbox 1877 3040 3456 3113">
    <p class='ocr_par' dir='ltr' id='par_1_78' title="bbox 1877 3040 3456 3113">
     <span class='ocr_line' id='line_1_78' title="bbox 1877 3040 3456 3113; baseline -0.004 -14"><span class='ocrx_word' id='word_1_555' title='bbox 1877 3057 1962 3102; x_wconf 88' lang='lat' dir='ltr'><strong>tus</strong></span> <span class='ocrx_word' id='word_1_556' title='bbox 1995 3045 2086 3099; x_wconf 92' lang='lat' dir='ltr'><strong>Dei</strong></span> <span class='ocrx_word' id='word_1_557' title='bbox 2125 3044 2398 3100; x_wconf 76' lang='lat' dir='ltr'><strong>ferebatur</strong></span> <span class='ocrx_word' id='word_1_558' title='bbox 2427 3057 2591 3113; x_wconf 85' lang='lat' dir='ltr'><strong>super</strong></span> <span class='ocrx_word' id='word_1_559' title='bbox 2617 3057 2817 3111; x_wconf 88' lang='lat' dir='ltr'><strong>aquam</strong></span> <span class='ocrx_word' id='word_1_560' title='bbox 2858 3054 2907 3107; x_wconf 78' lang='grc' dir='ltr'>ι,</span> <span class='ocrx_word' id='word_1_561' title='bbox 2954 3060 2971 3092; x_wconf 74' lang='grc' dir='ltr'><strong>ι</strong></span> <span class='ocrx_word' id='word_1_562' title='bbox 3013 3040 3200 3096; x_wconf 87' lang='lat' dir='ltr'><strong>audiat</strong></span> <span class='ocrx_word' id='word_1_563' title='bbox 3232 3041 3456 3096; x_wconf 84' lang='lat' dir='ltr'><strong>beatum</strong></span> 
     </span>
    </p>
   </div>
   <div class='ocr_carea' id='block_1_79' title="bbox 1799 3126 3450 3192">
    <p class='ocr_par' dir='ltr' id='par_1_79' title="bbox 1799 3126 3450 3192">
     <span class='ocr_line' id='line_1_79' title="bbox 1799 3126 3450 3192; baseline -0.004 -1"><span class='ocrx_word' id='word_1_564' title='bbox 1799 3126 1843 3184; x_wconf 82' lang='lat' dir='ltr'><strong><em>C</em></strong></span> <span class='ocrx_word' id='word_1_565' title='bbox 1876 3136 2043 3191; x_wconf 82' lang='lat' dir='ltr'><strong>David</strong></span> <span class='ocrx_word' id='word_1_566' title='bbox 2099 3136 2366 3192; x_wconf 87' lang='lat' dir='ltr'><strong>dicentem</strong></span> <span class='ocrx_word' id='word_1_567' title='bbox 2397 3134 2464 3190; x_wconf 92' lang='lat' dir='ltr'><strong>de</strong></span> <span class='ocrx_word' id='word_1_568' title='bbox 2506 3133 2620 3188; x_wconf 91' lang='lat' dir='ltr'><strong>Deo</strong></span> <span class='ocrx_word' id='word_1_569' title='bbox 2642 3133 2885 3188; x_wconf 85' lang='lat' dir='ltr'><strong>omnium</strong></span> <span class='ocrx_word' id='word_1_570' title='bbox 2915 3131 3231 3187; x_wconf 88' lang='lat' dir='ltr'><strong>conditore:</strong></span> <span class='ocrx_word' id='word_1_571' title='bbox 3281 3148 3300 3183; x_wconf 83' lang='grc' dir='ltr'><strong>ι</strong></span> <span class='ocrx_word' id='word_1_572' title='bbox 3334 3129 3450 3186; x_wconf 85' lang='lat' dir='ltr'><strong>Fla-</strong></span> 
     </span>
    </p>
   </div>
   <div class='ocr_carea' id='block_1_80' title="bbox 1877 3219 3458 3297">
    <p class='ocr_par' dir='ltr' id='par_1_80' title="bbox 1877 3219 3458 3297">
     <span class='ocr_line' id='line_1_80' title="bbox 1877 3219 3458 3297; baseline -0.005 -15"><span class='ocrx_word' id='word_1_573' title='bbox 1877 3228 1954 3283; x_wconf 88' lang='lat' dir='ltr'><strong>bit</strong></span> <span class='ocrx_word' id='word_1_574' title='bbox 1987 3226 2214 3297; x_wconf 84' lang='lat' dir='ltr'><strong>spiritus</strong></span> <span class='ocrx_word' id='word_1_575' title='bbox 2251 3225 2392 3292; x_wconf 80' lang='lat' dir='ltr'><strong>ejus,</strong></span> <span class='ocrx_word' id='word_1_576' title='bbox 2451 3233 2506 3280; x_wconf 92' lang='lat' dir='ltr'><strong>et</strong></span> <span class='ocrx_word' id='word_1_577' title='bbox 2559 3223 2729 3279; x_wconf 83' lang='lat' dir='ltr'><strong>ﬂuent</strong></span> <span class='ocrx_word' id='word_1_578' title='bbox 2777 3237 2932 3293; x_wconf 70' lang='lat' dir='ltr'><strong>aqua:</strong></span> <span class='ocrx_word' id='word_1_579' title='bbox 2962 3231 3011 3277; x_wconf 69' lang='grc'><strong>1.</strong></span> <span class='ocrx_word' id='word_1_580' title='bbox 3047 3239 3066 3274; x_wconf 72' lang='grc' dir='ltr'><strong>ι</strong></span> <span class='ocrx_word' id='word_1_581' title='bbox 3113 3219 3269 3288; x_wconf 89' lang='lat' dir='ltr'><strong>Quod</strong></span> <span class='ocrx_word' id='word_1_582' title='bbox 3328 3235 3458 3275; x_wconf 88' lang='lat' dir='ltr'><strong>vero</strong></span> 
     </span>
    </p>
   </div>
   <div class='ocr_carea' id='block_1_81' title="bbox 1875 3312 3456 3384">
    <p class='ocr_par' dir='ltr' id='par_1_81' title="bbox 1875 3312 3456 3384">
     <span class='ocr_line' id='line_1_81' title="bbox 1875 3312 3456 3384; baseline -0.006 -8"><span class='ocrx_word' id='word_1_583' title='bbox 1875 3329 2096 3376; x_wconf 86' lang='lat' dir='ltr'><strong>ventum</strong></span> <span class='ocrx_word' id='word_1_584' title='bbox 2133 3319 2206 3374; x_wconf 89' lang='lat' dir='ltr'><strong>ita</strong></span> <span class='ocrx_word' id='word_1_585' title='bbox 2228 3318 2527 3384; x_wconf 83' lang='lat' dir='ltr'><strong>vocaverit,</strong></span> <span class='ocrx_word' id='word_1_586' title='bbox 2557 3316 2724 3371; x_wconf 90' lang='lat' dir='ltr'><strong>etiam</strong></span> <span class='ocrx_word' id='word_1_587' title='bbox 2757 3331 2845 3370; x_wconf 90' lang='lat' dir='ltr'><strong>me</strong></span> <span class='ocrx_word' id='word_1_588' title='bbox 2871 3324 3081 3370; x_wconf 86' lang='lat' dir='ltr'><strong>tacente</strong></span> <span class='ocrx_word' id='word_1_589' title='bbox 3107 3312 3456 3369; x_wconf 81' lang='lat' dir='ltr'><strong>manifestum</strong></span> 
     </span>
    </p>
   </div>
   <div class='ocr_carea' id='block_1_82' title="bbox 1875 3405 3459 3483">
    <p class='ocr_par' dir='ltr' id='par_1_82' title="bbox 1875 3405 3459 3483">
     <span class='ocr_line' id='line_1_82' title="bbox 1875 3405 3459 3483; baseline -0.006 -13"><span class='ocrx_word' id='word_1_590' title='bbox 1875 3425 1980 3472; x_wconf 87' lang='lat' dir='ltr'><strong>est.</strong></span> <span class='ocrx_word' id='word_1_591' title='bbox 2018 3411 2298 3483; x_wconf 81' lang='lat' dir='ltr'><strong>Siquidem</strong></span> <span class='ocrx_word' id='word_1_592' title='bbox 2334 3410 2481 3466; x_wconf 85' lang='lat' dir='ltr'><strong>Euro</strong></span> <span class='ocrx_word' id='word_1_593' title='bbox 2513 3408 2762 3465; x_wconf 81' lang='lat' dir='ltr'><strong>auINoto</strong></span> <span class='ocrx_word' id='word_1_594' title='bbox 2791 3407 2978 3474; x_wconf 84' lang='lat' dir='ltr'><strong>ﬂante,</strong></span> <span class='ocrx_word' id='word_1_595' title='bbox 3007 3423 3148 3479; x_wconf 87' lang='lat' dir='ltr'><strong>aqua</strong></span> <span class='ocrx_word' id='word_1_596' title='bbox 3178 3405 3459 3479; x_wconf 79' lang='lat' dir='ltr'><strong>congelata</strong></span> 
     </span>
    </p>
   </div>
   <div class='ocr_carea' id='block_1_83' title="bbox 1876 3503 2651 3575">
    <p class='ocr_par' dir='ltr' id='par_1_83' title="bbox 1876 3503 2651 3575">
     <span class='ocr_line' id='line_1_83' title="bbox 1876 3503 2651 3575; baseline -0.009 -11"><span class='ocrx_word' id='word_1_597' title='bbox 1876 3507 2100 3565; x_wconf 88' lang='lat' dir='ltr'><strong>dissolvi</strong></span> <span class='ocrx_word' id='word_1_598' title='bbox 2131 3505 2268 3562; x_wconf 89' lang='lat' dir='ltr'><strong>solet</strong></span> <span class='ocrx_word' id='word_1_599' title='bbox 2292 3513 2347 3561; x_wconf 93' lang='lat' dir='ltr'><strong>et</strong></span> <span class='ocrx_word' id='word_1_600' title='bbox 2367 3503 2651 3575; x_wconf 75' lang='lat' dir='ltr'><strong>liquefieri.</strong></span> 
     </span>
    </p>
   </div>
   <div class='ocr_carea' id='block_1_84' title="bbox 2485 3607 2888 3667">
    <p class='ocr_par' dir='ltr' id='par_1_84' title="bbox 2485 3607 2888 3667">
     <span class='ocr_line' id='line_1_84' title="bbox 2485 3607 2888 3667; baseline -0.005 0"><span class='ocrx_word' id='word_1_601' title='bbox 2485 3608 2763 3667; x_wconf 79' lang='lat' dir='ltr'><strong>INTEBR.</strong></span> <span class='ocrx_word' id='word_1_602' title='bbox 2794 3607 2888 3665; x_wconf 86' lang='lat' dir='ltr'><strong>1X.</strong></span> 
     </span>
    </p>
   </div>
   <div class='ocr_carea' id='block_1_85' title="bbox 1876 3720 3452 3791">
    <p class='ocr_par' dir='ltr' id='par_1_85' title="bbox 1876 3720 3452 3791">
     <span class='ocr_line' id='line_1_85' title="bbox 1876 3720 3452 3791; baseline -0.007 -6"><span class='ocrx_word' id='word_1_603' title='bbox 1876 3729 2106 3786; x_wconf 82' lang='lat' dir='ltr'><strong>Cuinam</strong></span> <span class='ocrx_word' id='word_1_604' title='bbox 2141 3728 2280 3782; x_wconf 72' lang='lat' dir='ltr'><strong>dixit</strong></span> <span class='ocrx_word' id='word_1_605' title='bbox 2309 3725 2450 3782; x_wconf 73' lang='lat' dir='ltr'><strong>Deus</strong></span> <span class='ocrx_word' id='word_1_606' title='bbox 2474 3741 2493 3779; x_wconf 82' lang='lat'><strong>.&#39;</strong></span> <span class='ocrx_word' id='word_1_607' title='bbox 2526 3745 2544 3778; x_wconf 82' lang='grc' dir='ltr'><strong>ι</strong></span> <span class='ocrx_word' id='word_1_608' title='bbox 2577 3724 2702 3779; x_wconf 86' lang='lat' dir='ltr'><strong>Fiat</strong></span> <span class='ocrx_word' id='word_1_609' title='bbox 2741 3723 2854 3791; x_wconf 72' lang='lat' dir='ltr'><strong>lux,</strong></span> <span class='ocrx_word' id='word_1_610' title='bbox 2888 3743 2905 3777; x_wconf 74' lang='grc' dir='ltr'><strong>ι</strong></span> <span class='ocrx_word' id='word_1_611' title='bbox 2938 3731 2989 3778; x_wconf 86' lang='lat' dir='ltr'><strong>et</strong></span> <span class='ocrx_word' id='word_1_612' title='bbox 3046 3739 3066 3775; x_wconf 83' lang='grc' dir='ltr'><strong>ι</strong></span> <span class='ocrx_word' id='word_1_613' title='bbox 3102 3720 3228 3777; x_wconf 85' lang='lat' dir='ltr'><strong>Fiat</strong></span> <span class='ocrx_word' id='word_1_614' title='bbox 3280 3721 3452 3790; x_wconf 81' lang='lat' dir='ltr'><strong>ﬁrma-</strong></span> 
     </span>
    </p>
   </div>
   <div class='ocr_carea' id='block_1_86' title="bbox 2469 3796 2816 3852">
    <p class='ocr_par' dir='ltr' id='par_1_86' title="bbox 2469 3796 2816 3852">
     <span class='ocr_line' id='line_1_86' title="bbox 2469 3796 2816 3852; baseline -0.017 0"><span class='ocrx_word' id='word_1_615' title='bbox 2469 3808 2702 3852; x_wconf 84' lang='lat' dir='ltr'><strong>mentum</strong></span> <span class='ocrx_word' id='word_1_616' title='bbox 2725 3796 2751 3849; x_wconf 79' lang='lat'><strong><em>?</em></strong></span> <span class='ocrx_word' id='word_1_617' title='bbox 2796 3813 2816 3845; x_wconf 75' lang='grc' dir='ltr'><strong>ι</strong></span> 
     </span>
    </p>
   </div>
   <div class='ocr_carea' id='block_1_87' title="bbox 1949 3884 3460 3962">
    <p class='ocr_par' dir='ltr' id='par_1_87' title="bbox 1949 3884 3460 3962">
     <span class='ocr_line' id='line_1_87' title="bbox 1949 3884 3460 3962; baseline -0.004 -16"><span class='ocrx_word' id='word_1_618' title='bbox 1949 3891 2071 3946; x_wconf 84' lang='grc' dir='ltr'>Νοη</span> <span class='ocrx_word' id='word_1_619' title='bbox 2110 3891 2366 3962; x_wconf 68' lang='lat' dir='ltr'><strong>praecepit</strong></span> <span class='ocrx_word' id='word_1_620' title='bbox 2414 3888 2559 3944; x_wconf 84' lang='lat' dir='ltr'><strong>Deus</strong></span> <span class='ocrx_word' id='word_1_621' title='bbox 2613 3887 2768 3943; x_wconf 85' lang='lat' dir='ltr'><strong>alteri</strong></span> <span class='ocrx_word' id='word_1_622' title='bbox 2816 3885 3033 3941; x_wconf 86' lang='lat' dir='ltr'><strong>cuidam</strong></span> <span class='ocrx_word' id='word_1_623' title='bbox 3080 3899 3309 3940; x_wconf 87' lang='lat' dir='ltr'><strong>creare:</strong></span> <span class='ocrx_word' id='word_1_624' title='bbox 3365 3884 3460 3940; x_wconf 82' lang='lat' dir='ltr'><strong>sed</strong></span> 
     </span>
    </p>
   </div>
   <div class='ocr_carea' id='block_1_88' title="bbox 1880 3975 3462 4055">
    <p class='ocr_par' dir='ltr' id='par_1_88' title="bbox 1880 3975 3462 4055">
     <span class='ocr_line' id='line_1_88' title="bbox 1880 3975 3462 4055; baseline -0.006 -17"><span class='ocrx_word' id='word_1_625' title='bbox 1880 3998 2004 4055; x_wconf 71' lang='lat' dir='ltr'><strong>quae</strong></span> <span class='ocrx_word' id='word_1_626' title='bbox 2029 3997 2136 4038; x_wconf 92' lang='lat' dir='ltr'><strong>non</strong></span> <span class='ocrx_word' id='word_1_627' title='bbox 2185 3991 2316 4037; x_wconf 90' lang='lat' dir='ltr'><strong>sunt</strong></span> <span class='ocrx_word' id='word_1_628' title='bbox 2343 3988 2524 4042; x_wconf 86' lang='lat' dir='ltr'><strong>vocat,</strong></span> <span class='ocrx_word' id='word_1_629' title='bbox 2561 3978 2635 4033; x_wconf 90' lang='lat' dir='ltr'><strong>ita</strong></span> <span class='ocrx_word' id='word_1_630' title='bbox 2669 3986 2730 4032; x_wconf 93' lang='lat' dir='ltr'><strong>ut</strong></span> <span class='ocrx_word' id='word_1_631' title='bbox 2759 3977 2850 4032; x_wconf 94' lang='lat' dir='ltr'><strong>hic</strong></span> <span class='ocrx_word' id='word_1_632' title='bbox 2888 3983 3218 4046; x_wconf 83' lang='lat' dir='ltr'><strong>praeceptum</strong></span> <span class='ocrx_word' id='word_1_633' title='bbox 3245 3975 3319 4031; x_wconf 85' lang='lat' dir='ltr'><strong>sit</strong></span> <span class='ocrx_word' id='word_1_634' title='bbox 3345 3975 3462 4043; x_wconf 87' lang='lat' dir='ltr'><strong>ipsa</strong></span> 
     </span>
    </p>
   </div>
   <div class='ocr_carea' id='block_1_89' title="bbox 1882 4063 3458 4134">
    <p class='ocr_par' dir='ltr' id='par_1_89' title="bbox 1882 4063 3458 4134">
     <span class='ocr_line' id='line_1_89' title="bbox 1882 4063 3458 4134; baseline -0.008 -5"><span class='ocrx_word' id='word_1_635' title='bbox 1882 4072 2156 4129; x_wconf 83' lang='lat' dir='ltr'><strong>voluntas.</strong></span> <span class='ocrx_word' id='word_1_636' title='bbox 2208 4091 2226 4122; x_wconf 78' lang='grc' dir='ltr'><strong>ι</strong></span> <span class='ocrx_word' id='word_1_637' title='bbox 2260 4068 2458 4125; x_wconf 89' lang='lat' dir='ltr'><strong>Omnia</strong></span> <span class='ocrx_word' id='word_1_638' title='bbox 2483 4067 2656 4131; x_wconf 91' lang='lat' dir='ltr'><strong>enim,</strong></span> <span class='ocrx_word' id='word_1_639' title='bbox 2714 4065 2813 4130; x_wconf 90' lang='lat' dir='ltr'><strong>ait,</strong></span> <span class='ocrx_word' id='word_1_640' title='bbox 2867 4078 3212 4134; x_wconf 58' lang='lat' dir='ltr'><strong>quacunque</strong></span> <span class='ocrx_word' id='word_1_641' title='bbox 3267 4063 3458 4130; x_wconf 87' lang='lat' dir='ltr'><strong>voluit,</strong></span> 
     </span>
    </p>
   </div>
   <div class='ocr_carea' id='block_1_90' title="bbox 1883 4155 3464 4226">
    <p class='ocr_par' dir='ltr' id='par_1_90' title="bbox 1883 4155 3464 4226">
     <span class='ocr_line' id='line_1_90' title="bbox 1883 4155 3464 4226; baseline -0.004 -8"><span class='ocrx_word' id='word_1_642' title='bbox 1883 4164 2024 4220; x_wconf 90' lang='lat' dir='ltr'><strong>Deus</strong></span> <span class='ocrx_word' id='word_1_643' title='bbox 2044 4162 2172 4218; x_wconf 79' lang='lat' dir='ltr'><strong>fecit</strong></span> <span class='ocrx_word' id='word_1_644' title='bbox 2202 4171 2248 4216; x_wconf 76' lang='grc' dir='ltr'>ι.</span> <span class='ocrx_word' id='word_1_645' title='bbox 2285 4179 2302 4211; x_wconf 73' lang='grc' dir='ltr'><strong>ι</strong></span> <span class='ocrx_word' id='word_1_646' title='bbox 2331 4158 2483 4226; x_wconf 88' lang='lat' dir='ltr'><strong>Quod</strong></span> <span class='ocrx_word' id='word_1_647' title='bbox 2514 4158 2559 4214; x_wconf 87' lang='lat' dir='ltr'><strong>si</strong></span> <span class='ocrx_word' id='word_1_648' title='bbox 2594 4157 2832 4212; x_wconf 89' lang='lat' dir='ltr'><strong>creando</strong></span> <span class='ocrx_word' id='word_1_649' title='bbox 2863 4169 2998 4210; x_wconf 86' lang='lat' dir='ltr'><strong>voce</strong></span> <span class='ocrx_word' id='word_1_650' title='bbox 3057 4155 3290 4224; x_wconf 91' lang='lat' dir='ltr'><strong>quadam</strong></span> <span class='ocrx_word' id='word_1_651' title='bbox 3332 4172 3464 4212; x_wconf 89' lang='lat' dir='ltr'><strong>usus</strong></span> 
     </span>
    </p>
   </div>
   <div class='ocr_carea' id='block_1_91' title="bbox 1882 4245 3456 4323">
    <p class='ocr_par' dir='ltr' id='par_1_91' title="bbox 1882 4245 3456 4323">
     <span class='ocr_line' id='line_1_91' title="bbox 1882 4245 3456 4323; baseline -0.008 -12"><span class='ocrx_word' id='word_1_652' title='bbox 1882 4264 1984 4323; x_wconf 91' lang='lat' dir='ltr'><strong>est,</strong></span> <span class='ocrx_word' id='word_1_653' title='bbox 2034 4264 2246 4310; x_wconf 88' lang='lat' dir='ltr'><strong>certum</strong></span> <span class='ocrx_word' id='word_1_654' title='bbox 2278 4260 2382 4318; x_wconf 85' lang='lat' dir='ltr'><strong>est,</strong></span> <span class='ocrx_word' id='word_1_655' title='bbox 2411 4250 2515 4305; x_wconf 91' lang='lat' dir='ltr'><strong>hoc</strong></span> <span class='ocrx_word' id='word_1_656' title='bbox 2547 4263 2657 4304; x_wconf 91' lang='lat' dir='ltr'><strong>non</strong></span> <span class='ocrx_word' id='word_1_657' title='bbox 2685 4247 3085 4304; x_wconf 87' lang='lat' dir='ltr'><strong>elementorum</strong></span> <span class='ocrx_word' id='word_1_658' title='bbox 3124 4245 3456 4300; x_wconf 79' lang='lat' dir='ltr'><strong>inanimato-</strong></span> 
     </span>
    </p>
   </div>
   <div class='ocr_carea' id='block_1_92' title="bbox 1883 4337 3464 4419">
    <p class='ocr_par' dir='ltr' id='par_1_92' title="bbox 1883 4337 3464 4419">
     <span class='ocr_line' id='line_1_92' title="bbox 1883 4337 3464 4419; baseline -0.008 -15"><span class='ocrx_word' id='word_1_659' title='bbox 1883 4365 2004 4404; x_wconf 91' lang='lat' dir='ltr'><strong>rum</strong></span> <span class='ocrx_word' id='word_1_660' title='bbox 2040 4345 2146 4419; x_wconf 62' lang='grc'><strong>14</strong></span> <span class='ocrx_word' id='word_1_661' title='bbox 2175 4361 2366 4410; x_wconf 88' lang='lat' dir='ltr'><strong>causa,</strong></span> <span class='ocrx_word' id='word_1_662' title='bbox 2404 4341 2498 4398; x_wconf 88' lang='lat' dir='ltr'><strong>sed</strong></span> <span class='ocrx_word' id='word_1_663' title='bbox 2546 4340 2902 4397; x_wconf 80' lang='lat' dir='ltr'><strong>invisibiliuin</strong></span> <span class='ocrx_word' id='word_1_664' title='bbox 2961 4339 3223 4394; x_wconf 86' lang='lat' dir='ltr'><strong>virtutum</strong></span> <span class='ocrx_word' id='word_1_665' title='bbox 3288 4337 3464 4409; x_wconf 77' lang='lat' dir='ltr'><strong>gratia</strong></span> 
     </span>
    </p>
   </div>
   <div class='ocr_carea' id='block_1_93' title="bbox 1806 4425 3466 4520">
    <p class='ocr_par' dir='ltr' id='par_1_93' title="bbox 1806 4425 3466 4520">
     <span class='ocr_line' id='line_1_93' title="bbox 1806 4425 3466 4520; baseline -0.007 -23"><span class='ocrx_word' id='word_1_666' title='bbox 1806 4462 1853 4520; x_wconf 81' lang='grc' dir='ltr'>ι)</span> <span class='ocrx_word' id='word_1_667' title='bbox 1882 4440 2084 4496; x_wconf 78' lang='lat' dir='ltr'><strong>factum</strong></span> <span class='ocrx_word' id='word_1_668' title='bbox 2121 4453 2285 4494; x_wconf 88' lang='lat' dir='ltr'><strong>esse:</strong></span> <span class='ocrx_word' id='word_1_669' title='bbox 2319 4444 2379 4490; x_wconf 92' lang='lat' dir='ltr'><strong>ut</strong></span> <span class='ocrx_word' id='word_1_670' title='bbox 2407 4435 2584 4491; x_wconf 89' lang='lat' dir='ltr'><strong>sciant</strong></span> <span class='ocrx_word' id='word_1_671' title='bbox 2613 4433 2786 4505; x_wconf 87' lang='lat' dir='ltr'><strong>quod,</strong></span> <span class='ocrx_word' id='word_1_672' title='bbox 2822 4435 2940 4504; x_wconf 88' lang='lat' dir='ltr'><strong>ipso</strong></span> <span class='ocrx_word' id='word_1_673' title='bbox 2963 4425 3214 4504; x_wconf 70' lang='lat' dir='ltr'><strong>iubente,</strong></span> <span class='ocrx_word' id='word_1_674' title='bbox 3255 4445 3320 4487; x_wconf 88' lang='lat' dir='ltr'><strong>ea</strong></span> <span class='ocrx_word' id='word_1_675' title='bbox 3342 4446 3466 4502; x_wconf 67' lang='lat' dir='ltr'><strong>quae</strong></span> 
     </span>
    </p>
   </div>
   <div class='ocr_carea' id='block_1_94' title="bbox 1883 4529 2502 4590">
    <p class='ocr_par' dir='ltr' id='par_1_94' title="bbox 1883 4529 2502 4590">
     <span class='ocr_line' id='line_1_94' title="bbox 1883 4529 2502 4590; baseline -0.011 0"><span class='ocrx_word' id='word_1_676' title='bbox 1883 4549 1992 4590; x_wconf 90' lang='lat' dir='ltr'><strong>non</strong></span> <span class='ocrx_word' id='word_1_677' title='bbox 2023 4541 2148 4588; x_wconf 85' lang='lat' dir='ltr'><strong>sunt</strong></span> <span class='ocrx_word' id='word_1_678' title='bbox 2177 4529 2502 4587; x_wconf 85' lang='lat' dir='ltr'><strong>subsistunt.</strong></span> 
     </span>
    </p>
   </div>
   <div class='ocr_carea' id='block_1_95' title="bbox 2477 4638 2854 4696">
    <p class='ocr_par' dir='ltr' id='par_1_95' title="bbox 2477 4638 2854 4696">
     <span class='ocr_line' id='line_1_95' title="bbox 2477 4638 2854 4696; baseline -0.003 0"><span class='ocrx_word' id='word_1_679' title='bbox 2477 4640 2756 4696; x_wconf 72' lang='lat' dir='ltr'><strong>INTEliR.</strong></span> <span class='ocrx_word' id='word_1_680' title='bbox 2787 4638 2854 4695; x_wconf 74' lang='grc' dir='ltr'><strong>Χ.</strong></span> 
     </span>
    </p>
   </div>
   <div class='ocr_carea' id='block_1_96' title="bbox 1883 4727 3468 4806">
    <p class='ocr_par' dir='ltr' id='par_1_96' title="bbox 1883 4727 3468 4806">
     <span class='ocr_line' id='line_1_96' title="bbox 1883 4727 3468 4806; baseline -0.006 -14"><span class='ocrx_word' id='word_1_681' title='bbox 1883 4734 2239 4806; x_wconf 79' lang='lat' dir='ltr'><strong>Quamobrem</strong></span> <span class='ocrx_word' id='word_1_682' title='bbox 2263 4735 2574 4806; x_wconf 63' lang='lat' dir='ltr'><strong>auctor/mc</strong></span> <span class='ocrx_word' id='word_1_683' title='bbox 2603 4732 2837 4806; x_wconf 71' lang='lat' dir='ltr'><strong>addidit,</strong></span> <span class='ocrx_word' id='word_1_684' title='bbox 2869 4749 2888 4784; x_wconf 77' lang='grc' dir='ltr'><strong>ι</strong></span> <span class='ocrx_word' id='word_1_685' title='bbox 2928 4729 2992 4786; x_wconf 82' lang='lat' dir='ltr'><strong>Et</strong></span> <span class='ocrx_word' id='word_1_686' title='bbox 3008 4730 3134 4786; x_wconf 81' lang='lat' dir='ltr'><strong>vidit</strong></span> <span class='ocrx_word' id='word_1_687' title='bbox 3171 4727 3468 4800; x_wconf 40' lang='lat' dir='ltr'><strong>Deus‘quod</strong></span> 
     </span>
    </p>
   </div>
   <div class='ocr_carea' id='block_1_97' title="bbox 2453 4802 2899 4858">
    <p class='ocr_par' dir='ltr' id='par_1_97' title="bbox 2453 4802 2899 4858">
     <span class='ocr_line' id='line_1_97' title="bbox 2453 4802 2899 4858; baseline -0.007 -2"><span class='ocrx_word' id='word_1_688' title='bbox 2453 4802 2648 4857; x_wconf 87' lang='lat' dir='ltr'><strong>bonum</strong></span> <span class='ocrx_word' id='word_1_689' title='bbox 2676 4812 2791 4858; x_wconf 84' lang='lat' dir='ltr'><strong>erat</strong></span> <span class='ocrx_word' id='word_1_690' title='bbox 2814 4803 2840 4856; x_wconf 80' lang='lat'><strong><em>?</em></strong></span> <span class='ocrx_word' id='word_1_691' title='bbox 2880 4820 2899 4853; x_wconf 75' lang='grc' dir='ltr'><strong>ι</strong></span> 
     </span>
    </p>
   </div>
   <div class='ocr_carea' id='block_1_98' title="bbox 1955 4894 3468 4974">
    <p class='ocr_par' dir='ltr' id='par_1_98' title="bbox 1955 4894 3468 4974">
     <span class='ocr_line' id='line_1_98' title="bbox 1955 4894 3468 4974; baseline -0.005 -19"><span class='ocrx_word' id='word_1_692' title='bbox 1955 4898 2028 4956; x_wconf 83' lang='lat' dir='ltr'><strong>Ut</strong></span> <span class='ocrx_word' id='word_1_693' title='bbox 2089 4897 2410 4974; x_wconf 85' lang='lat' dir='ltr'><strong>persuadeat</strong></span> <span class='ocrx_word' id='word_1_694' title='bbox 2431 4895 2681 4966; x_wconf 81' lang='lat' dir='ltr'><strong>ingratis,</strong></span> <span class='ocrx_word' id='word_1_695' title='bbox 2730 4909 2840 4951; x_wconf 88' lang='lat' dir='ltr'><strong>non</strong></span> <span class='ocrx_word' id='word_1_696' title='bbox 2875 4894 3139 4952; x_wconf 81' lang='lat' dir='ltr'><strong>damnare</strong></span> <span class='ocrx_word' id='word_1_697' title='bbox 3181 4908 3302 4965; x_wconf 78' lang='lat' dir='ltr'><strong>quae</strong></span> <span class='ocrx_word' id='word_1_698' title='bbox 3329 4906 3468 4948; x_wconf 84' lang='lat' dir='ltr'><strong>sen-</strong></span> 
     </span>
    </p>
   </div>
   <div class='ocr_carea' id='block_1_99' title="bbox 1888 4990 2642 5048">
    <p class='ocr_par' dir='ltr' id='par_1_99' title="bbox 1888 4990 2642 5048">
     <span class='ocr_line' id='line_1_99' title="bbox 1888 4990 2642 5048; baseline -0.005 0"><span class='ocrx_word' id='word_1_699' title='bbox 1888 4991 2058 5048; x_wconf 88' lang='lat' dir='ltr'><strong>tentia</strong></span> <span class='ocrx_word' id='word_1_700' title='bbox 2081 4990 2266 5047; x_wconf 88' lang='lat' dir='ltr'><strong>divina</strong></span> <span class='ocrx_word' id='word_1_701' title='bbox 2287 4997 2448 5046; x_wconf 86' lang='lat' dir='ltr'><strong>vocat</strong></span> <span class='ocrx_word' id='word_1_702' title='bbox 2475 4990 2642 5046; x_wconf 88' lang='lat' dir='ltr'><strong>bona.</strong></span> 
     </span>
    </p>
   </div>
   <div class='ocr_carea' id='block_1_100' title="bbox 810 5169 2330 5239">
    <p class='ocr_par' dir='ltr' id='par_1_100' title="bbox 810 5169 2330 5239">
     <span class='ocr_line' id='line_1_100' title="bbox 810 5169 2330 5239; baseline -0.003 -9"><span class='ocrx_word' id='word_1_703' title='bbox 810 5178 838 5207; x_wconf 78' lang='grc'><em>³</em></span> <span class='ocrx_word' id='word_1_704' title='bbox 873 5172 1008 5230; x_wconf 87' lang='lat' dir='ltr'><strong>Gen.</strong></span> <span class='ocrx_word' id='word_1_705' title='bbox 1038 5188 1078 5239; x_wconf 84' lang='grc' dir='ltr'><strong>ι,</strong></span> <span class='ocrx_word' id='word_1_706' title='bbox 1106 5171 1163 5226; x_wconf 76' lang='grc'><strong>2.</strong></span> <span class='ocrx_word' id='word_1_707' title='bbox 1238 5181 1266 5222; x_wconf 72' lang='lat' dir='ltr'><em>y</em></span> <span class='ocrx_word' id='word_1_708' title='bbox 1291 5171 1436 5230; x_wconf 88' lang='lat' dir='ltr'><strong>Psal.</strong></span> <span class='ocrx_word' id='word_1_709' title='bbox 1467 5186 1670 5238; x_wconf 81' lang='lat' dir='ltr'><strong>chvu,</strong></span> <span class='ocrx_word' id='word_1_710' title='bbox 1706 5171 1761 5227; x_wconf 83' lang='lat'><strong>7.</strong></span> <span class='ocrx_word' id='word_1_711' title='bbox 1840 5179 1862 5209; x_wconf 76' lang='grc' dir='ltr'><strong>ι</strong></span> <span class='ocrx_word' id='word_1_712' title='bbox 1894 5169 2036 5228; x_wconf 88' lang='lat' dir='ltr'><strong>Psal.</strong></span> <span class='ocrx_word' id='word_1_713' title='bbox 2058 5185 2191 5227; x_wconf 79' lang='lat' dir='ltr'><strong>cxm</strong></span> <span class='ocrx_word' id='word_1_714' title='bbox 2241 5171 2330 5228; x_wconf 79' lang='grc' dir='ltr'><strong>Η.</strong></span> 
     </span>
    </p>
   </div>
   <div class='ocr_carea' id='block_1_101' title="bbox 1093 5323 2578 5386">
    <p class='ocr_par' dir='ltr' id='par_1_101' title="bbox 1093 5323 2578 5386">
     <span class='ocr_line' id='line_1_101' title="bbox 1093 5323 2578 5386; baseline -0.001 -4"><span class='ocrx_word' id='word_1_715' title='bbox 1093 5327 1330 5385; x_wconf 64' lang='grc' dir='ltr'>νΑιιιιλΕ</span> <span class='ocrx_word' id='word_1_716' title='bbox 1353 5326 1737 5386; x_wconf 83' lang='lat' dir='ltr'><strong>LECTIONES</strong></span> <span class='ocrx_word' id='word_1_717' title='bbox 1770 5326 1864 5384; x_wconf 81' lang='lat' dir='ltr'><strong>EX</strong></span> <span class='ocrx_word' id='word_1_718' title='bbox 1903 5325 2181 5384; x_wconf 78' lang='lat' dir='ltr'><strong>CATENA</strong></span> <span class='ocrx_word' id='word_1_719' title='bbox 2220 5323 2578 5383; x_wconf 85' lang='lat' dir='ltr'><strong>LIPSIENSI.</strong></span> 
     </span>
    </p>
   </div>
   <div class='ocr_carea' id='block_1_102' title="bbox 272 5461 1424 5536">
    <p class='ocr_par' dir='ltr' id='par_1_102' title="bbox 272 5461 1424 5536">
     <span class='ocr_line' id='line_1_102' title="bbox 272 5461 1424 5536; baseline -0.005 -13"><span class='ocrx_word' id='word_1_720' title='bbox 272 5465 319 5500; x_wconf 79' lang='grc'><strong><em>⁸³</em></strong></span> <span class='ocrx_word' id='word_1_721' title='bbox 356 5465 482 5523; x_wconf 83' lang='lat' dir='ltr'><strong>Cat.</strong></span> <span class='ocrx_word' id='word_1_722' title='bbox 521 5481 577 5520; x_wconf 82' lang='grc' dir='ltr'>ο.</span> <span class='ocrx_word' id='word_1_723' title='bbox 621 5464 705 5520; x_wconf 79' lang='grc'><strong>18.</strong></span> <span class='ocrx_word' id='word_1_724' title='bbox 745 5461 1100 5536; x_wconf 64' lang='grc' dir='ltr'>δημιουργῶν</span> <span class='ocrx_word' id='word_1_725' title='bbox 1131 5462 1424 5534; x_wconf 73' lang='grc' dir='ltr'>ἐχρήσατο.</span> 
     </span>
    </p>
   </div>
   <div class='ocr_carea' id='block_1_103' title="bbox 1768 5563 2006 5622">
    <p class='ocr_par' dir='ltr' id='par_1_103' title="bbox 1768 5563 2006 5622">
     <span class='ocr_line' id='line_1_103' title="bbox 1768 5563 2006 5622; baseline 0 -1"><span class='ocrx_word' id='word_1_726' title='bbox 1768 5563 1904 5621; x_wconf 84' lang='lat' dir='ltr'><strong>NOT</strong></span> <span class='ocrx_word' id='word_1_727' title='bbox 1919 5563 2006 5622; x_wconf 70' lang='grc' dir='ltr'><strong>ιλΕ.</strong></span> 
     </span>
    </p>
   </div>
   <div class='ocr_carea' id='block_1_104' title="bbox 274 5690 1170 5832">
    <p class='ocr_par' dir='ltr' id='par_1_104' title="bbox 274 5690 1170 5832">
     <span class='ocr_line' id='line_1_104' title="bbox 274 5690 1170 5832; baseline -0.008 -83"><span class='ocrx_word' id='word_1_728' title='bbox 274 5693 399 5832; x_wconf 68' lang='grc' dir='ltr'><strong>(³οζ</strong></span> <span class='ocrx_word' id='word_1_729' title='bbox 417 5693 551 5747; x_wconf 86' lang='lat' dir='ltr'><strong>Cod.</strong></span> <span class='ocrx_word' id='word_1_730' title='bbox 588 5695 637 5746; x_wconf 86' lang='grc' dir='ltr'><strong>οί</strong></span> <span class='ocrx_word' id='word_1_731' title='bbox 673 5692 1062 5762; x_wconf 84' lang='grc' dir='ltr'>τρισμακάριοι</span> <span class='ocrx_word' id='word_1_732' title='bbox 1093 5690 1170 5743; x_wconf 79' lang='grc' dir='ltr'>δέ.</span> 
     </span>
     <span class='ocr_line' id='line_1_105' title="bbox 281 5762 1170 5832; baseline -0.007 -12"><span class='ocrx_word' id='word_1_733' title='bbox 281 5763 368 5830; x_wconf 75' lang='grc'><strong>(51</strong></span> <span class='ocrx_word' id='word_1_734' title='bbox 429 5764 564 5820; x_wconf 84' lang='lat' dir='ltr'><strong>Cod.</strong></span> <span class='ocrx_word' id='word_1_735' title='bbox 594 5762 786 5832; x_wconf 70' lang='grc' dir='ltr'>ἐπειδὴ</span> <span class='ocrx_word' id='word_1_736' title='bbox 811 5763 918 5831; x_wconf 82' lang='grc' dir='ltr'><strong>γὰρ</strong></span> <span class='ocrx_word' id='word_1_737' title='bbox 942 5764 1060 5824; x_wconf 82' lang='grc' dir='ltr'>ταῖς</span> <span class='ocrx_word' id='word_1_738' title='bbox 1093 5765 1170 5815; x_wconf 69' lang='grc' dir='ltr'><strong>τοί</strong></span> 
     </span>
    </p>
   </div>
   <div class='ocr_carea' id='block_1_105' title="bbox 281 5761 1317 5834">
    <p class='ocr_par' dir='ltr' id='par_1_105' title="bbox 281 5761 1317 5834">
     <span class='ocr_line' id='line_1_106' title="bbox 281 5761 1317 5834; baseline -0.006 -14"><span class='ocrx_word' id='word_1_739' title='bbox 281 5761 399 5832; x_wconf 75' lang='grc'>(51)</span> <span class='ocrx_word' id='word_1_740' title='bbox 429 5764 564 5820; x_wconf 84' lang='lat' dir='ltr'><strong>Cod.</strong></span> <span class='ocrx_word' id='word_1_741' title='bbox 594 5762 786 5834; x_wconf 70' lang='grc' dir='ltr'>ἐπειδὴ</span> <span class='ocrx_word' id='word_1_742' title='bbox 810 5761 918 5831; x_wconf 79' lang='grc' dir='ltr'><strong>γὰρ</strong></span> <span class='ocrx_word' id='word_1_743' title='bbox 942 5764 1060 5824; x_wconf 82' lang='grc' dir='ltr'>ταῖς</span> <span class='ocrx_word' id='word_1_744' title='bbox 1093 5761 1317 5815; x_wconf 85' lang='grc' dir='ltr'>τούτων.</span> 
     </span>
    </p>
   </div>
   <div class='ocr_carea' id='block_1_106' title="bbox 1950 5676 2437 5748">
    <p class='ocr_par' dir='ltr' id='par_1_106' title="bbox 1950 5676 2437 5748">
     <span class='ocr_line' id='line_1_107' title="bbox 1950 5676 2437 5748; baseline -0.002 -14"><span class='ocrx_word' id='word_1_745' title='bbox 1950 5677 2065 5748; x_wconf 74' lang='lat'><strong>(3‘2)</strong></span> <span class='ocrx_word' id='word_1_746' title='bbox 2093 5676 2226 5734; x_wconf 90' lang='lat' dir='ltr'><strong>Cod.</strong></span> <span class='ocrx_word' id='word_1_747' title='bbox 2259 5679 2437 5748; x_wconf 75' lang='grc' dir='ltr'>ἅγιον.</span> 
     </span>
    </p>
   </div>
   <div class='ocr_carea' id='block_1_107' title="bbox 1965 5747 3044 5822">
    <p class='ocr_par' dir='ltr' id='par_1_107' title="bbox 1965 5747 3044 5822">
     <span class='ocr_line' id='line_1_108' title="bbox 1965 5747 3044 5822; baseline 0 -18"><span class='ocrx_word' id='word_1_748' title='bbox 1965 5749 2077 5821; x_wconf 75' lang='grc'>(55)</span> <span class='ocrx_word' id='word_1_749' title='bbox 2105 5748 2214 5806; x_wconf 81' lang='lat' dir='ltr'><strong>Kal</strong></span> <span class='ocrx_word' id='word_1_750' title='bbox 2243 5753 2356 5806; x_wconf 78' lang='grc' dir='ltr'>οὐκ</span> <span class='ocrx_word' id='word_1_751' title='bbox 2379 5781 2442 5795; x_wconf 75' lang='grc' dir='ltr'><strong>-ο</strong></span> <span class='ocrx_word' id='word_1_752' title='bbox 2469 5747 2788 5822; x_wconf 75' lang='grc' dir='ltr'>ἐπεφέρετο</span> <span class='ocrx_word' id='word_1_753' title='bbox 2825 5748 3044 5808; x_wconf 77' lang='lat' dir='ltr'><strong>desunt.</strong></span> 
     </span>
    </p>
   </div>
  </div>
