  <div class='ocr_page' id='page_1' title='image "/cluster/home/n/w/nwhite01/storage/ocr_20150623/80/pst.000005712793/055.png"; bbox 0 0 3928 6316; ppageno 0'>
   <div class='ocr_carea' id='block_1_1' title="bbox 431 253 500 317">
    <p class='ocr_par' dir='ltr' id='par_1_1' title="bbox 431 253 500 317">
     <span class='ocr_line' id='line_1_1' title="bbox 431 253 500 317; baseline 0 0"><span class='ocrx_word' id='word_1_1' title='bbox 431 253 500 317; x_wconf 80' lang='lat'><strong>9|</strong></span> 
     </span>
    </p>
   </div>
   <div class='ocr_carea' id='block_1_2' title="bbox 997 363 1416 421">
    <p class='ocr_par' dir='ltr' id='par_1_2' title="bbox 997 363 1416 421">
     <span class='ocr_line' id='line_1_2' title="bbox 997 363 1416 421; baseline -0.002 0"><span class='ocrx_word' id='word_1_2' title='bbox 997 363 1277 421; x_wconf 68' lang='lat' dir='ltr'><strong>INTER“.</strong></span> <span class='ocrx_word' id='word_1_3' title='bbox 1324 364 1416 420; x_wconf 82' lang='lat' dir='ltr'><strong>Xl.</strong></span> 
     </span>
    </p>
   </div>
   <div class='ocr_carea' id='block_1_3' title="bbox 784 474 1968 550">
    <p class='ocr_par' dir='ltr' id='par_1_3' title="bbox 784 474 1968 550">
     <span class='ocr_line' id='line_1_3' title="bbox 784 474 1968 550; baseline 0.008 -20"><span class='ocrx_word' id='word_1_4' title='bbox 784 474 948 533; x_wconf 81' lang='lat' dir='ltr'><strong>Estne</strong></span> <span class='ocrx_word' id='word_1_5' title='bbox 976 493 1138 531; x_wconf 82' lang='lat' dir='ltr'><strong>unum</strong></span> <span class='ocrx_word' id='word_1_6' title='bbox 1165 477 1375 547; x_wconf 72' lang='lat' dir='ltr'><strong>mlum,</strong></span> <span class='ocrx_word' id='word_1_7' title='bbox 1403 496 1475 536; x_wconf 86' lang='lat' dir='ltr'><strong>an</strong></span> <span class='ocrx_word' id='word_1_8' title='bbox 1497 480 1603 537; x_wconf 84' lang='lat' dir='ltr'><strong>duo</strong></span> <span class='ocrx_word' id='word_1_9' title='bbox 1626 484 1653 537; x_wconf 84' lang='lat'><strong><em>?</em></strong></span> <span class='ocrx_word' id='word_1_10' title='bbox 1964 547 1968 550; x_wconf 40' lang='grc'><strong>,</strong></span> 
     </span>
    </p>
   </div>
   <div class='ocr_carea' id='block_1_4' title="bbox 502 566 2006 648">
    <p class='ocr_par' dir='ltr' id='par_1_4' title="bbox 502 566 2006 648">
     <span class='ocr_line' id='line_1_4' title="bbox 502 566 2006 648; baseline 0.007 -23"><span class='ocrx_word' id='word_1_11' title='bbox 502 566 640 625; x_wconf 88' lang='lat' dir='ltr'><strong>Cum</strong></span> <span class='ocrx_word' id='word_1_12' title='bbox 682 568 965 639; x_wconf 72' lang='lat' dir='ltr'><strong>Scriptura</strong></span> <span class='ocrx_word' id='word_1_13' title='bbox 986 571 1170 629; x_wconf 85' lang='lat' dir='ltr'><strong>divina</strong></span> <span class='ocrx_word' id='word_1_14' title='bbox 1216 572 1430 639; x_wconf 85' lang='lat' dir='ltr'><strong>doceat,</strong></span> <span class='ocrx_word' id='word_1_15' title='bbox 1457 573 1510 629; x_wconf 91' lang='lat' dir='ltr'><strong>in</strong></span> <span class='ocrx_word' id='word_1_16' title='bbox 1544 576 1813 648; x_wconf 85' lang='lat' dir='ltr'><strong>principio</strong></span> <span class='ocrx_word' id='word_1_17' title='bbox 1839 579 2006 635; x_wconf 86' lang='lat' dir='ltr'><strong>Deum</strong></span> 
     </span>
    </p>
   </div>
   <div class='ocr_carea' id='block_1_5' title="bbox 434 661 2010 736">
    <p class='ocr_par' dir='ltr' id='par_1_5' title="bbox 434 661 2010 736">
     <span class='ocr_line' id='line_1_5' title="bbox 434 661 2010 736; baseline 0.009 -21"><span class='ocrx_word' id='word_1_18' title='bbox 434 675 651 717; x_wconf 87' lang='lat' dir='ltr'><strong>creasse</strong></span> <span class='ocrx_word' id='word_1_19' title='bbox 676 661 873 716; x_wconf 67' lang='lat' dir='ltr'><strong>caelum</strong></span> <span class='ocrx_word' id='word_1_20' title='bbox 900 669 957 715; x_wconf 91' lang='lat' dir='ltr'><strong>et</strong></span> <span class='ocrx_word' id='word_1_21' title='bbox 984 669 1204 730; x_wconf 87' lang='lat' dir='ltr'><strong>terram,</strong></span> <span class='ocrx_word' id='word_1_22' title='bbox 1235 665 1431 721; x_wconf 89' lang='lat' dir='ltr'><strong>deinde</strong></span> <span class='ocrx_word' id='word_1_23' title='bbox 1461 676 1585 736; x_wconf 88' lang='lat' dir='ltr'><strong>post</strong></span> <span class='ocrx_word' id='word_1_24' title='bbox 1612 667 1749 725; x_wconf 88' lang='lat' dir='ltr'><strong>lucis</strong></span> <span class='ocrx_word' id='word_1_25' title='bbox 1781 674 2010 728; x_wconf 73' lang='lat' dir='ltr'><strong>creatio-</strong></span> 
     </span>
    </p>
   </div>
   <div class='ocr_carea' id='block_1_6' title="bbox 437 750 2007 826">
    <p class='ocr_par' dir='ltr' id='par_1_6' title="bbox 437 750 2007 826">
     <span class='ocr_line' id='line_1_6' title="bbox 437 750 2007 826; baseline 0.005 -24"><span class='ocrx_word' id='word_1_26' title='bbox 437 764 560 803; x_wconf 87' lang='lat' dir='ltr'><strong>nem</strong></span> <span class='ocrx_word' id='word_1_27' title='bbox 612 750 851 805; x_wconf 89' lang='lat' dir='ltr'><strong>secunda</strong></span> <span class='ocrx_word' id='word_1_28' title='bbox 905 750 994 807; x_wconf 88' lang='lat' dir='ltr'><strong>die</strong></span> <span class='ocrx_word' id='word_1_29' title='bbox 1023 754 1169 808; x_wconf 88' lang='lat' dir='ltr'><strong>dicat</strong></span> <span class='ocrx_word' id='word_1_30' title='bbox 1194 753 1596 811; x_wconf 87' lang='lat' dir='ltr'><strong>ﬁrmamentum</strong></span> <span class='ocrx_word' id='word_1_31' title='bbox 1631 756 1830 813; x_wconf 82' lang='lat' dir='ltr'><strong>factum</strong></span> <span class='ocrx_word' id='word_1_32' title='bbox 1863 774 2007 826; x_wconf 79' lang='lat' dir='ltr'><strong>esse,</strong></span> 
     </span>
    </p>
   </div>
   <div class='ocr_carea' id='block_1_7' title="bbox 434 842 2007 920">
    <p class='ocr_par' dir='ltr' id='par_1_7' title="bbox 434 842 2007 920">
     <span class='ocr_line' id='line_1_7' title="bbox 434 842 2007 920; baseline 0.006 -24"><span class='ocrx_word' id='word_1_33' title='bbox 434 842 670 897; x_wconf 75' lang='lat' dir='ltr'><strong>inscitiae</strong></span> <span class='ocrx_word' id='word_1_34' title='bbox 720 843 882 913; x_wconf 84' lang='lat' dir='ltr'><strong>plena</strong></span> <span class='ocrx_word' id='word_1_35' title='bbox 937 844 1159 908; x_wconf 48' lang='lat' dir='ltr'><strong>,videtur</strong></span> <span class='ocrx_word' id='word_1_36' title='bbox 1205 860 1326 902; x_wconf 88' lang='lat' dir='ltr'><strong>esse</strong></span> <span class='ocrx_word' id='word_1_37' title='bbox 1377 847 1691 918; x_wconf 86' lang='lat' dir='ltr'><strong>hujusmodi</strong></span> <span class='ocrx_word' id='word_1_38' title='bbox 1755 850 2007 920; x_wconf 64' lang='lat' dir='ltr'><strong>quagstio.</strong></span> 
     </span>
    </p>
   </div>
   <div class='ocr_carea' id='block_1_8' title="bbox 436 924 2012 1011">
    <p class='ocr_par' dir='ltr' id='par_1_8' title="bbox 436 924 2012 1011">
     <span class='ocr_line' id='line_1_8' title="bbox 436 924 2012 1011; baseline 0.008 -26"><span class='ocrx_word' id='word_1_39' title='bbox 436 928 738 1001; x_wconf 75' lang='lat' dir='ltr'><strong>Oportebat</strong></span> <span class='ocrx_word' id='word_1_40' title='bbox 769 933 916 988; x_wconf 89' lang='lat' dir='ltr'><strong>enim</strong></span> <span class='ocrx_word' id='word_1_41' title='bbox 941 948 1005 987; x_wconf 84' lang='lat' dir='ltr'><strong>ex</strong></span> <span class='ocrx_word' id='word_1_42' title='bbox 1039 936 1305 1005; x_wconf 51' lang='lat' dir='ltr'><strong>tempoi&#39;is</strong></span> <span class='ocrx_word' id='word_1_43' title='bbox 1337 924 1570 1005; x_wconf 80' lang='lat' dir='ltr'><strong>ratione,</strong></span> <span class='ocrx_word' id='word_1_44' title='bbox 1608 948 1666 994; x_wconf 91' lang='lat' dir='ltr'><strong>et</strong></span> <span class='ocrx_word' id='word_1_45' title='bbox 1704 939 1824 1011; x_wconf 91' lang='lat' dir='ltr'><strong>ipso</strong></span> <span class='ocrx_word' id='word_1_46' title='bbox 1855 956 2012 997; x_wconf 87' lang='lat' dir='ltr'><strong>crea-</strong></span> 
     </span>
    </p>
   </div>
   <div class='ocr_carea' id='block_1_9' title="bbox 437 1024 2010 1100">
    <p class='ocr_par' dir='ltr' id='par_1_9' title="bbox 437 1024 2010 1100">
     <span class='ocr_line' id='line_1_9' title="bbox 437 1024 2010 1100; baseline 0.008 -22"><span class='ocrx_word' id='word_1_47' title='bbox 437 1024 605 1079; x_wconf 86' lang='lat' dir='ltr'><strong>tionis</strong></span> <span class='ocrx_word' id='word_1_48' title='bbox 634 1024 818 1089; x_wconf 92' lang='lat' dir='ltr'><strong>modo,</strong></span> <span class='ocrx_word' id='word_1_49' title='bbox 848 1025 1111 1084; x_wconf 66' lang='lat' dir='ltr'><strong>caelorum</strong></span> <span class='ocrx_word' id='word_1_50' title='bbox 1143 1029 1518 1085; x_wconf 87' lang='lat' dir='ltr'><strong>diversitatem</strong></span> <span class='ocrx_word' id='word_1_51' title='bbox 1547 1046 1729 1100; x_wconf 86' lang='lat' dir='ltr'><strong>nosse,</strong></span> <span class='ocrx_word' id='word_1_52' title='bbox 1765 1042 1819 1089; x_wconf 88' lang='lat' dir='ltr'><strong>et</strong></span> <span class='ocrx_word' id='word_1_53' title='bbox 1841 1049 2010 1090; x_wconf 88' lang='lat' dir='ltr'><strong>unum</strong></span> 
     </span>
    </p>
   </div>
   <div class='ocr_carea' id='block_1_10' title="bbox 438 1117 2014 1198">
    <p class='ocr_par' dir='ltr' id='par_1_10' title="bbox 438 1117 2014 1198">
     <span class='ocr_line' id='line_1_10' title="bbox 438 1117 2014 1198; baseline 0.008 -29"><span class='ocrx_word' id='word_1_54' title='bbox 438 1117 556 1171; x_wconf 84' lang='lat' dir='ltr'><strong>luce</strong></span> <span class='ocrx_word' id='word_1_55' title='bbox 592 1118 766 1188; x_wconf 85' lang='lat' dir='ltr'><strong>prius,</strong></span> <span class='ocrx_word' id='word_1_56' title='bbox 801 1117 1036 1174; x_wconf 88' lang='lat' dir='ltr'><strong>alterum</strong></span> <span class='ocrx_word' id='word_1_57' title='bbox 1077 1135 1206 1176; x_wconf 85' lang='lat' dir='ltr'><strong>vero</strong></span> <span class='ocrx_word' id='word_1_58' title='bbox 1231 1131 1353 1192; x_wconf 88' lang='lat' dir='ltr'><strong>post</strong></span> <span class='ocrx_word' id='word_1_59' title='bbox 1378 1123 1660 1188; x_wconf 89' lang='lat' dir='ltr'><strong>lucem,et</strong></span> <span class='ocrx_word' id='word_1_60' title='bbox 1707 1126 1836 1181; x_wconf 92' lang='lat' dir='ltr'><strong>illud</strong></span> <span class='ocrx_word' id='word_1_61' title='bbox 1887 1127 2014 1198; x_wconf 87' lang='lat' dir='ltr'><strong>qui-</strong></span> 
     </span>
    </p>
   </div>
   <div class='ocr_carea' id='block_1_11' title="bbox 438 1205 2015 1283">
    <p class='ocr_par' dir='ltr' id='par_1_11' title="bbox 438 1205 2015 1283">
     <span class='ocr_line' id='line_1_11' title="bbox 438 1205 2015 1283; baseline 0.009 -24"><span class='ocrx_word' id='word_1_62' title='bbox 438 1206 563 1261; x_wconf 85' lang='lat' dir='ltr'><strong>dem</strong></span> <span class='ocrx_word' id='word_1_63' title='bbox 594 1222 699 1262; x_wconf 89' lang='lat' dir='ltr'><strong>non</strong></span> <span class='ocrx_word' id='word_1_64' title='bbox 733 1222 799 1263; x_wconf 80' lang='lat' dir='ltr'><strong>ex</strong></span> <span class='ocrx_word' id='word_1_65' title='bbox 832 1208 1013 1280; x_wconf 84' lang='lat' dir='ltr'><strong>aliqua</strong></span> <span class='ocrx_word' id='word_1_66' title='bbox 1068 1209 1173 1265; x_wconf 91' lang='lat' dir='ltr'><strong>alia</strong></span> <span class='ocrx_word' id='word_1_67' title='bbox 1206 1205 1476 1278; x_wconf 69' lang='lat' dir='ltr'><strong>&#39;matcria,</strong></span> <span class='ocrx_word' id='word_1_68' title='bbox 1539 1214 1645 1271; x_wconf 91' lang='lat' dir='ltr'><strong>hoc</strong></span> <span class='ocrx_word' id='word_1_69' title='bbox 1704 1224 1885 1283; x_wconf 87' lang='lat' dir='ltr'><strong>autem</strong></span> <span class='ocrx_word' id='word_1_70' title='bbox 1947 1233 2015 1273; x_wconf 81' lang='lat' dir='ltr'><strong>ex</strong></span> 
     </span>
    </p>
   </div>
   <div class='ocr_carea' id='block_1_12' title="bbox 439 1297 2015 1373">
    <p class='ocr_par' dir='ltr' id='par_1_12' title="bbox 439 1297 2015 1373">
     <span class='ocr_line' id='line_1_12' title="bbox 439 1297 2015 1373; baseline 0.008 -24"><span class='ocrx_word' id='word_1_71' title='bbox 439 1297 599 1368; x_wconf 84' lang='lat' dir='ltr'><strong>aquis</strong></span> <span class='ocrx_word' id='word_1_72' title='bbox 624 1306 870 1355; x_wconf 89' lang='lat' dir='ltr'><strong>creatum</strong></span> <span class='ocrx_word' id='word_1_73' title='bbox 900 1315 1040 1357; x_wconf 87' lang='lat' dir='ltr'><strong>esse.</strong></span> <span class='ocrx_word' id='word_1_74' title='bbox 1080 1300 1219 1356; x_wconf 83' lang='lat' dir='ltr'><strong>Nam</strong></span> <span class='ocrx_word' id='word_1_75' title='bbox 1247 1302 1463 1373; x_wconf 88' lang='lat' dir='ltr'><strong>inquit:</strong></span> <span class='ocrx_word' id='word_1_76' title='bbox 1500 1324 1518 1356; x_wconf 86' lang='grc'><strong><em>‹</em></strong></span> <span class='ocrx_word' id='word_1_77' title='bbox 1549 1304 1671 1361; x_wconf 85' lang='lat' dir='ltr'><strong>Fiat</strong></span> <span class='ocrx_word' id='word_1_78' title='bbox 1700 1305 2015 1362; x_wconf 81' lang='lat' dir='ltr'><strong>ﬁrmamen-</strong></span> 
     </span>
    </p>
   </div>
   <div class='ocr_carea' id='block_1_13' title="bbox 441 1391 2015 1470">
    <p class='ocr_par' dir='ltr' id='par_1_13' title="bbox 441 1391 2015 1470">
     <span class='ocr_line' id='line_1_13' title="bbox 441 1391 2015 1470; baseline 0.006 -25"><span class='ocrx_word' id='word_1_79' title='bbox 441 1399 557 1445; x_wconf 92' lang='lat' dir='ltr'><strong>tum</strong></span> <span class='ocrx_word' id='word_1_80' title='bbox 590 1391 646 1446; x_wconf 91' lang='lat' dir='ltr'><strong>in</strong></span> <span class='ocrx_word' id='word_1_81' title='bbox 678 1393 858 1470; x_wconf 84' lang='lat' dir='ltr'><strong>medio</strong></span> <span class='ocrx_word' id='word_1_82' title='bbox 895 1409 1072 1464; x_wconf 64' lang='lat' dir='ltr'><strong>aquas,</strong></span> <span class='ocrx_word' id='word_1_83' title='bbox 1101 1402 1157 1450; x_wconf 91' lang='lat' dir='ltr'><strong>et</strong></span> <span class='ocrx_word' id='word_1_84' title='bbox 1183 1397 1255 1450; x_wconf 80' lang='lat' dir='ltr'><strong>Sit</strong></span> <span class='ocrx_word' id='word_1_85' title='bbox 1283 1395 1602 1454; x_wconf 90' lang='lat' dir='ltr'><strong>discernens</strong></span> <span class='ocrx_word' id='word_1_86' title='bbox 1632 1398 1773 1453; x_wconf 92' lang='lat' dir='ltr'><strong>inter</strong></span> <span class='ocrx_word' id='word_1_87' title='bbox 1814 1414 2015 1470; x_wconf 87' lang='lat' dir='ltr'><strong>aquam</strong></span> 
     </span>
    </p>
   </div>
   <div class='ocr_carea' id='block_1_14' title="bbox 440 1468 2015 1561">
    <p class='ocr_par' dir='ltr' id='par_1_14' title="bbox 440 1468 2015 1561">
     <span class='ocr_line' id='line_1_14' title="bbox 440 1468 2015 1561; baseline 0.006 -25"><span class='ocrx_word' id='word_1_88' title='bbox 440 1494 497 1537; x_wconf 84' lang='lat' dir='ltr'><strong>et</strong></span> <span class='ocrx_word' id='word_1_89' title='bbox 545 1468 745 1553; x_wconf 86' lang='lat' dir='ltr'><strong>aquam</strong></span> <span class='ocrx_word' id='word_1_90' title='bbox 775 1496 826 1538; x_wconf 78' lang='grc' dir='ltr'>ι.</span> <span class='ocrx_word' id='word_1_91' title='bbox 874 1502 894 1537; x_wconf 75' lang='grc' dir='ltr'><strong>ι</strong></span> <span class='ocrx_word' id='word_1_92' title='bbox 934 1484 1138 1542; x_wconf 89' lang='lat' dir='ltr'><strong>Deinde</strong></span> <span class='ocrx_word' id='word_1_93' title='bbox 1160 1502 1286 1542; x_wconf 91' lang='lat' dir='ltr'><strong>cum</strong></span> <span class='ocrx_word' id='word_1_94' title='bbox 1320 1489 1549 1544; x_wconf 77' lang='lat' dir='ltr'><strong>dixisset</strong></span> <span class='ocrx_word' id='word_1_95' title='bbox 1578 1491 1725 1561; x_wconf 90' lang='lat' dir='ltr'><strong>quod</strong></span> <span class='ocrx_word' id='word_1_96' title='bbox 1786 1468 2015 1547; x_wconf 77' lang='lat' dir='ltr'><strong>verbum</strong></span> 
     </span>
    </p>
   </div>
   <div class='ocr_carea' id='block_1_15' title="bbox 442 1578 2022 1653">
    <p class='ocr_par' dir='ltr' id='par_1_15' title="bbox 442 1578 2022 1653">
     <span class='ocr_line' id='line_1_15' title="bbox 442 1578 2022 1653; baseline 0.007 -24"><span class='ocrx_word' id='word_1_97' title='bbox 442 1590 534 1632; x_wconf 78' lang='lat' dir='ltr'><strong>res</strong></span> <span class='ocrx_word' id='word_1_98' title='bbox 575 1587 760 1632; x_wconf 86' lang='lat' dir='ltr'><strong>secuta</strong></span> <span class='ocrx_word' id='word_1_99' title='bbox 801 1585 904 1647; x_wconf 89' lang='lat' dir='ltr'><strong>est,</strong></span> <span class='ocrx_word' id='word_1_100' title='bbox 937 1578 1044 1635; x_wconf 87' lang='lat' dir='ltr'><strong>hoc</strong></span> <span class='ocrx_word' id='word_1_101' title='bbox 1087 1580 1230 1636; x_wconf 89' lang='lat' dir='ltr'><strong>enim</strong></span> <span class='ocrx_word' id='word_1_102' title='bbox 1277 1580 1368 1636; x_wconf 88' lang='lat' dir='ltr'><strong>illa</strong></span> <span class='ocrx_word' id='word_1_103' title='bbox 1407 1582 1752 1653; x_wconf 87' lang='lat' dir='ltr'><strong>signiﬁcant:</strong></span> <span class='ocrx_word' id='word_1_104' title='bbox 1801 1603 1819 1636; x_wconf 77' lang='grc' dir='ltr'><strong>ι</strong></span> <span class='ocrx_word' id='word_1_105' title='bbox 1853 1582 1921 1639; x_wconf 85' lang='lat' dir='ltr'><strong>Et</strong></span> <span class='ocrx_word' id='word_1_106' title='bbox 1945 1584 2022 1639; x_wconf 85' lang='lat' dir='ltr'><strong>fa-</strong></span> 
     </span>
    </p>
   </div>
   <div class='ocr_carea' id='block_1_16' title="bbox 442 1666 2013 1745">
    <p class='ocr_par' dir='ltr' id='par_1_16' title="bbox 442 1666 2013 1745">
     <span class='ocr_line' id='line_1_16' title="bbox 442 1666 2013 1745; baseline 0.006 -26"><span class='ocrx_word' id='word_1_107' title='bbox 442 1677 588 1719; x_wconf 85' lang='lat' dir='ltr'><strong>ctum</strong></span> <span class='ocrx_word' id='word_1_108' title='bbox 621 1675 708 1723; x_wconf 88' lang='lat' dir='ltr'><strong>est</strong></span> <span class='ocrx_word' id='word_1_109' title='bbox 734 1666 833 1735; x_wconf 90' lang='lat' dir='ltr'><strong>ita,</strong></span> <span class='ocrx_word' id='word_1_110' title='bbox 868 1685 886 1720; x_wconf 75' lang='grc' dir='ltr'><strong>ι</strong></span> <span class='ocrx_word' id='word_1_111' title='bbox 923 1677 1035 1724; x_wconf 90' lang='lat' dir='ltr'><strong>tum</strong></span> <span class='ocrx_word' id='word_1_112' title='bbox 1069 1678 1255 1739; x_wconf 88' lang='lat' dir='ltr'><strong>postea</strong></span> <span class='ocrx_word' id='word_1_113' title='bbox 1281 1671 1441 1726; x_wconf 90' lang='lat' dir='ltr'><strong>docet</strong></span> <span class='ocrx_word' id='word_1_114' title='bbox 1465 1673 1738 1745; x_wconf 87' lang='lat' dir='ltr'><strong>quomodo</strong></span> <span class='ocrx_word' id='word_1_115' title='bbox 1763 1673 1901 1729; x_wconf 83' lang='lat' dir='ltr'><strong>facta</strong></span> <span class='ocrx_word' id='word_1_116' title='bbox 1922 1675 2013 1730; x_wconf 89' lang='lat' dir='ltr'><strong>sit.</strong></span> 
     </span>
    </p>
   </div>
   <div class='ocr_carea' id='block_1_17' title="bbox 1430 251 2690 343">
    <p class='ocr_par' dir='ltr' id='par_1_17' title="bbox 1430 251 2690 343">
     <span class='ocr_line' id='line_1_17' title="bbox 1430 251 2690 343; baseline 0 -30"><span class='ocrx_word' id='word_1_117' title='bbox 1430 251 1920 343; x_wconf 79' lang='lat' dir='ltr'><strong>THEQDORETI</strong></span> <span class='ocrx_word' id='word_1_118' title='bbox 1957 251 2292 319; x_wconf 83' lang='lat' dir='ltr'><strong>EPISCOPI</strong></span> <span class='ocrx_word' id='word_1_119' title='bbox 2323 253 2690 317; x_wconf 81' lang='lat' dir='ltr'><strong>CYRENSIS</strong></span> 
     </span>
    </p>
   </div>
   <div class='ocr_carea' id='block_1_18' title="bbox 2030 372 2079 428">
    <p class='ocr_par' dir='ltr' id='par_1_18' title="bbox 2030 372 2079 428">
     <span class='ocr_line' id='line_1_18' title="bbox 2030 372 2079 428; baseline 0 0"><span class='ocrx_word' id='word_1_120' title='bbox 2030 372 2079 428; x_wconf 75' lang='grc' dir='ltr'><strong>Α</strong></span> 
     </span>
    </p>
   </div>
   <div class='ocr_carea' id='block_1_19' title="bbox 3609 243 3692 311">
    <p class='ocr_par' dir='ltr' id='par_1_19' title="bbox 3609 243 3692 308">
     <span class='ocr_line' id='line_1_19' title="bbox 3609 243 3692 308; baseline 0 0"><span class='ocrx_word' id='word_1_121' title='bbox 3609 243 3692 308; x_wconf 59' lang='grc' dir='ltr'><strong>βξ</strong></span> 
     </span>
    </p>
   </div>
   <div class='ocr_carea' id='block_1_20' title="bbox 2668 362 3068 434">
    <p class='ocr_par' dir='ltr' id='par_1_20' title="bbox 2668 362 3068 434">
     <span class='ocr_line' id='line_1_20' title="bbox 2668 362 3068 434; baseline 0.003 -15"><span class='ocrx_word' id='word_1_122' title='bbox 2668 418 2671 419; x_wconf 62' lang='lat'><strong><em>,</em></strong></span> <span class='ocrx_word' id='word_1_123' title='bbox 2722 363 2921 434; x_wconf 65' lang='lat' dir='ltr'><strong>sum:</strong></span> <span class='ocrx_word' id='word_1_124' title='bbox 2961 362 3068 420; x_wconf 80' lang='lat' dir='ltr'><strong>lA&#39;.</strong></span> 
     </span>
    </p>
   </div>
   <div class='ocr_carea' id='block_1_21' title="bbox 2481 473 3324 547">
    <p class='ocr_par' dir='ltr' id='par_1_21' title="bbox 2481 473 3324 547">
     <span class='ocr_line' id='line_1_21' title="bbox 2481 473 3324 547; baseline -0.012 -13"><span class='ocrx_word' id='word_1_125' title='bbox 2481 474 2588 546; x_wconf 82' lang='grc' dir='ltr'><strong>Εἷς</strong></span> <span class='ocrx_word' id='word_1_126' title='bbox 2609 477 2886 547; x_wconf 79' lang='grc' dir='ltr'>οὐρανὸς,</span> <span class='ocrx_word' id='word_1_127' title='bbox 2917 477 2956 544; x_wconf 82' lang='grc' dir='ltr'><strong>ἢ</strong></span> <span class='ocrx_word' id='word_1_128' title='bbox 2989 476 3100 530; x_wconf 83' lang='grc' dir='ltr'>δύο</span> <span class='ocrx_word' id='word_1_129' title='bbox 3124 473 3324 537; x_wconf 65' lang='lat' dir='ltr'><strong>datr;</strong></span> 
     </span>
    </p>
   </div>
   <div class='ocr_carea' id='block_1_22' title="bbox 2184 561 3689 643">
    <p class='ocr_par' dir='ltr' id='par_1_22' title="bbox 2184 561 3689 643">
     <span class='ocr_line' id='line_1_22' title="bbox 2184 561 3689 643; baseline 0.001 -18"><span class='ocrx_word' id='word_1_130' title='bbox 2184 572 2297 643; x_wconf 84' lang='grc' dir='ltr'><strong>Τῆς</strong></span> <span class='ocrx_word' id='word_1_131' title='bbox 2354 571 2506 634; x_wconf 84' lang='grc' dir='ltr'>θείας</span> <span class='ocrx_word' id='word_1_132' title='bbox 2567 568 2925 639; x_wconf 78' lang='grc' dir='ltr'><strong>διδασκούσης</strong></span> <span class='ocrx_word' id='word_1_133' title='bbox 2978 568 3235 640; x_wconf 78' lang='grc' dir='ltr'>Γραφῆς.</span> <span class='ocrx_word' id='word_1_134' title='bbox 3293 564 3368 626; x_wconf 80' lang='grc' dir='ltr'><strong>ὼς</strong></span> <span class='ocrx_word' id='word_1_135' title='bbox 3428 564 3486 615; x_wconf 76' lang='grc' dir='ltr'><strong>ἐν</strong></span> <span class='ocrx_word' id='word_1_136' title='bbox 3538 561 3689 631; x_wconf 72' lang='grc' dir='ltr'><strong>ἀί)κῇ</strong></span> 
     </span>
    </p>
   </div>
   <div class='ocr_carea' id='block_1_23' title="bbox 2107 649 3693 734">
    <p class='ocr_par' dir='ltr' id='par_1_23' title="bbox 2107 649 3693 734">
     <span class='ocr_line' id='line_1_23' title="bbox 2107 649 3693 734; baseline -0.007 -16"><span class='ocrx_word' id='word_1_137' title='bbox 2107 662 2364 734; x_wconf 77' lang='grc' dir='ltr'>ἐποίησεν</span> <span class='ocrx_word' id='word_1_138' title='bbox 2389 664 2417 716; x_wconf 99' lang='lat'><strong>6</strong></span> <span class='ocrx_word' id='word_1_139' title='bbox 2441 664 2572 727; x_wconf 88' lang='grc' dir='ltr'>Θεὸς</span> <span class='ocrx_word' id='word_1_140' title='bbox 2597 663 2689 716; x_wconf 87' lang='grc' dir='ltr'><strong>τὸν</strong></span> <span class='ocrx_word' id='word_1_141' title='bbox 2715 662 2962 733; x_wconf 84' lang='grc' dir='ltr'>οὐρανὸν,</span> <span class='ocrx_word' id='word_1_142' title='bbox 2994 659 3089 714; x_wconf 72' lang='grc' dir='ltr'><strong>καὶ</strong></span> <span class='ocrx_word' id='word_1_143' title='bbox 3112 658 3212 728; x_wconf 84' lang='grc' dir='ltr'>τὴν</span> <span class='ocrx_word' id='word_1_144' title='bbox 3238 656 3365 726; x_wconf 76' lang='grc' dir='ltr'>γῆν,</span> <span class='ocrx_word' id='word_1_145' title='bbox 3397 649 3513 709; x_wconf 81' lang='grc' dir='ltr'>εἶτα</span> <span class='ocrx_word' id='word_1_146' title='bbox 3545 654 3693 722; x_wconf 77' lang='grc' dir='ltr'>μετᾶ</span> 
     </span>
    </p>
   </div>
   <div class='ocr_carea' id='block_1_24' title="bbox 2108 745 3695 827">
    <p class='ocr_par' dir='ltr' id='par_1_24' title="bbox 2108 745 3695 827">
     <span class='ocr_line' id='line_1_24' title="bbox 2108 745 3695 827; baseline -0.007 -18"><span class='ocrx_word' id='word_1_147' title='bbox 2108 757 2208 827; x_wconf 84' lang='grc' dir='ltr'>τὴν</span> <span class='ocrx_word' id='word_1_148' title='bbox 2232 754 2326 811; x_wconf 81' lang='grc' dir='ltr'>τοῦ</span> <span class='ocrx_word' id='word_1_149' title='bbox 2357 755 2534 823; x_wconf 85' lang='grc' dir='ltr'>φωτὸς</span> <span class='ocrx_word' id='word_1_150' title='bbox 2562 753 2925 825; x_wconf 77' lang='grc' dir='ltr'><strong>δημιουργίαν</strong></span> <span class='ocrx_word' id='word_1_151' title='bbox 2965 753 3023 804; x_wconf 86' lang='grc' dir='ltr'><strong>ἐν</strong></span> <span class='ocrx_word' id='word_1_152' title='bbox 3056 754 3123 822; x_wconf 78' lang='grc' dir='ltr'>τῇ</span> <span class='ocrx_word' id='word_1_153' title='bbox 3152 750 3384 821; x_wconf 73' lang='grc' dir='ltr'>δευτέρᾳ</span> <span class='ocrx_word' id='word_1_154' title='bbox 3416 745 3695 817; x_wconf 73' lang='grc' dir='ltr'><strong>λεγούσης</strong></span> 
     </span>
    </p>
   </div>
   <div class='ocr_carea' id='block_1_25' title="bbox 2110 837 3697 919">
    <p class='ocr_par' dir='ltr' id='par_1_25' title="bbox 2110 837 3697 919">
     <span class='ocr_line' id='line_1_25' title="bbox 2110 837 3697 919; baseline -0.007 -18"><span class='ocrx_word' id='word_1_155' title='bbox 2110 847 2294 919; x_wconf 73' lang='grc' dir='ltr'>ἡμέρᾳ</span> <span class='ocrx_word' id='word_1_156' title='bbox 2325 846 2386 900; x_wconf 80' lang='grc' dir='ltr'><strong>τὸ</strong></span> <span class='ocrx_word' id='word_1_157' title='bbox 2417 845 2702 917; x_wconf 77' lang='grc' dir='ltr'><strong>στερέωμα</strong></span> <span class='ocrx_word' id='word_1_158' title='bbox 2737 843 3090 913; x_wconf 83' lang='grc' dir='ltr'>γεγενῆσθαι,</span> <span class='ocrx_word' id='word_1_159' title='bbox 3121 841 3326 913; x_wconf 79' lang='grc' dir='ltr'>πολλὴν</span> <span class='ocrx_word' id='word_1_160' title='bbox 3356 842 3388 911; x_wconf 77' lang='grc' dir='ltr'>ἡ</span> <span class='ocrx_word' id='word_1_161' title='bbox 3420 837 3697 910; x_wconf 80' lang='grc' dir='ltr'>ἐρώτησις</span> 
     </span>
    </p>
   </div>
   <div class='ocr_carea' id='block_1_26' title="bbox 2109 930 3696 1008">
    <p class='ocr_par' dir='ltr' id='par_1_26' title="bbox 2109 930 3696 1008">
     <span class='ocr_line' id='line_1_26' title="bbox 2109 930 3696 1008; baseline -0.008 -14"><span class='ocrx_word' id='word_1_162' title='bbox 2109 939 2219 994; x_wconf 83' lang='grc' dir='ltr'><strong>τῶν</strong></span> <span class='ocrx_word' id='word_1_163' title='bbox 2259 936 2677 1008; x_wconf 71' lang='grc' dir='ltr'><strong>πυνθανομένων</strong></span> <span class='ocrx_word' id='word_1_164' title='bbox 2712 935 2969 1006; x_wconf 75' lang='grc' dir='ltr'><strong>ἐμφαίνει</strong></span> <span class='ocrx_word' id='word_1_165' title='bbox 3004 935 3105 1006; x_wconf 81' lang='grc' dir='ltr'>τὴν</span> <span class='ocrx_word' id='word_1_166' title='bbox 3141 934 3347 989; x_wconf 81' lang='grc' dir='ltr'><strong>ἄνοιαν.</strong></span> <span class='ocrx_word' id='word_1_167' title='bbox 3387 930 3534 985; x_wconf 83' lang='grc' dir='ltr'>Ἔδει</span> <span class='ocrx_word' id='word_1_168' title='bbox 3578 930 3696 1002; x_wconf 79' lang='grc' dir='ltr'><strong>γὰρ</strong></span> 
     </span>
    </p>
   </div>
   <div class='ocr_carea' id='block_1_27' title="bbox 2113 1023 3696 1102">
    <p class='ocr_par' dir='ltr' id='par_1_27' title="bbox 2113 1023 3696 1102">
     <span class='ocr_line' id='line_1_27' title="bbox 2113 1023 3696 1102; baseline -0.008 -13"><span class='ocrx_word' id='word_1_169' title='bbox 2113 1034 2208 1089; x_wconf 83' lang='grc' dir='ltr'>καὶ</span> <span class='ocrx_word' id='word_1_170' title='bbox 2239 1035 2302 1088; x_wconf 87' lang='grc' dir='ltr'><strong>ἐκ</strong></span> <span class='ocrx_word' id='word_1_171' title='bbox 2334 1032 2428 1086; x_wconf 83' lang='grc' dir='ltr'>τοῦ</span> <span class='ocrx_word' id='word_1_172' title='bbox 2460 1031 2676 1102; x_wconf 77' lang='grc' dir='ltr'>καιροῦ,</span> <span class='ocrx_word' id='word_1_173' title='bbox 2702 1031 2799 1086; x_wconf 68' lang='grc' dir='ltr'><strong>καὶ</strong></span> <span class='ocrx_word' id='word_1_174' title='bbox 2828 1031 3009 1102; x_wconf 85' lang='grc' dir='ltr'>μέντοι</span> <span class='ocrx_word' id='word_1_175' title='bbox 3040 1030 3134 1084; x_wconf 74' lang='grc' dir='ltr'><strong>καὶ</strong></span> <span class='ocrx_word' id='word_1_176' title='bbox 3159 1030 3225 1083; x_wconf 88' lang='grc' dir='ltr'><strong>ἐκ</strong></span> <span class='ocrx_word' id='word_1_177' title='bbox 3248 1026 3341 1082; x_wconf 83' lang='grc' dir='ltr'>τοῦ</span> <span class='ocrx_word' id='word_1_178' title='bbox 3365 1025 3566 1097; x_wconf 86' lang='grc' dir='ltr'>τρόπου</span> <span class='ocrx_word' id='word_1_179' title='bbox 3588 1023 3696 1092; x_wconf 78' lang='grc' dir='ltr'>τῆς</span> 
     </span>
    </p>
   </div>
   <div class='ocr_carea' id='block_1_28' title="bbox 2110 1106 3701 1199">
    <p class='ocr_par' dir='ltr' id='par_1_28' title="bbox 2110 1106 3701 1199">
     <span class='ocr_line' id='line_1_28' title="bbox 2110 1106 3701 1199; baseline -0.008 -19"><span class='ocrx_word' id='word_1_180' title='bbox 2110 1106 2492 1199; x_wconf 89' lang='grc' dir='ltr'>δημιουργίας,</span> <span class='ocrx_word' id='word_1_181' title='bbox 2517 1125 2576 1179; x_wconf 82' lang='grc' dir='ltr'><strong>τὸ</strong></span> <span class='ocrx_word' id='word_1_182' title='bbox 2599 1124 2854 1196; x_wconf 84' lang='grc' dir='ltr'>διάφορον</span> <span class='ocrx_word' id='word_1_183' title='bbox 2874 1123 3097 1193; x_wconf 86' lang='grc' dir='ltr'>γνῶναι.</span> <span class='ocrx_word' id='word_1_184' title='bbox 3132 1121 3191 1177; x_wconf 88' lang='lat'><strong>&#39;0</strong></span> <span class='ocrx_word' id='word_1_185' title='bbox 3217 1120 3317 1192; x_wconf 71' lang='grc' dir='ltr'>μὲν</span> <span class='ocrx_word' id='word_1_186' title='bbox 3335 1117 3443 1190; x_wconf 82' lang='grc' dir='ltr'>γὰρ</span> <span class='ocrx_word' id='word_1_187' title='bbox 3467 1115 3574 1187; x_wconf 87' lang='grc' dir='ltr'><strong>πρὸ</strong></span> <span class='ocrx_word' id='word_1_188' title='bbox 3596 1112 3701 1168; x_wconf 71' lang='grc' dir='ltr'>τοῦ</span> 
     </span>
    </p>
   </div>
   <div class='ocr_carea' id='block_1_29' title="bbox 2115 1206 3698 1287">
    <p class='ocr_par' dir='ltr' id='par_1_29' title="bbox 2115 1206 3698 1287">
     <span class='ocr_line' id='line_1_29' title="bbox 2115 1206 3698 1287; baseline -0.008 -16"><span class='ocrx_word' id='word_1_189' title='bbox 2115 1216 2318 1287; x_wconf 78' lang='grc' dir='ltr'>φωτὸς,</span> <span class='ocrx_word' id='word_1_190' title='bbox 2347 1218 2377 1271; x_wconf 92' lang='lat'><strong>6</strong></span> <span class='ocrx_word' id='word_1_191' title='bbox 2407 1217 2465 1270; x_wconf 85' lang='grc' dir='ltr'>δὲ</span> <span class='ocrx_word' id='word_1_192' title='bbox 2500 1218 2639 1287; x_wconf 85' lang='grc' dir='ltr'>μετὰ</span> <span class='ocrx_word' id='word_1_193' title='bbox 2666 1216 2729 1270; x_wconf 88' lang='grc' dir='ltr'><strong>τὸ</strong></span> <span class='ocrx_word' id='word_1_194' title='bbox 2759 1215 2895 1286; x_wconf 85' lang='grc' dir='ltr'>φῶς.</span> <span class='ocrx_word' id='word_1_195' title='bbox 2938 1215 3048 1268; x_wconf 75' lang='grc' dir='ltr'>Καὶ</span> <span class='ocrx_word' id='word_1_196' title='bbox 3085 1213 3114 1266; x_wconf 92' lang='lat'><strong>6</strong></span> <span class='ocrx_word' id='word_1_197' title='bbox 3154 1211 3253 1281; x_wconf 85' lang='grc' dir='ltr'><strong>μέν</strong></span> <span class='ocrx_word' id='word_1_198' title='bbox 3284 1211 3386 1264; x_wconf 78' lang='grc' dir='ltr'><strong>οὐκ</strong></span> <span class='ocrx_word' id='word_1_199' title='bbox 3413 1206 3478 1261; x_wconf 78' lang='grc' dir='ltr'><strong>ἐκ</strong></span> <span class='ocrx_word' id='word_1_200' title='bbox 3499 1219 3698 1266; x_wconf 72' lang='grc' dir='ltr'>τινοςο</span> 
     </span>
    </p>
   </div>
   <div class='ocr_carea' id='block_1_30' title="bbox 2114 1297 3699 1376">
    <p class='ocr_par' dir='ltr' id='par_1_30' title="bbox 2114 1297 3699 1376">
     <span class='ocr_line' id='line_1_30' title="bbox 2114 1297 3699 1376; baseline -0.011 -11"><span class='ocrx_word' id='word_1_201' title='bbox 2114 1312 2142 1365; x_wconf 93' lang='lat'><strong>6</strong></span> <span class='ocrx_word' id='word_1_202' title='bbox 2181 1308 2240 1361; x_wconf 85' lang='grc' dir='ltr'><strong>δέ</strong></span> <span class='ocrx_word' id='word_1_203' title='bbox 2278 1306 2339 1373; x_wconf 81' lang='grc' dir='ltr'><strong>ἐξ</strong></span> <span class='ocrx_word' id='word_1_204' title='bbox 2370 1308 2599 1363; x_wconf 81' lang='grc' dir='ltr'><strong>ὑδάτων.</strong></span> <span class='ocrx_word' id='word_1_205' title='bbox 2659 1327 2678 1360; x_wconf 78' lang='grc' dir='ltr'><strong>ι</strong></span> <span class='ocrx_word' id='word_1_206' title='bbox 2708 1306 3001 1376; x_wconf 78' lang='grc' dir='ltr'><strong>Γενηθήτω</strong></span> <span class='ocrx_word' id='word_1_207' title='bbox 3033 1303 3165 1374; x_wconf 84' lang='grc' dir='ltr'>γὰρ,</span> <span class='ocrx_word' id='word_1_208' title='bbox 3209 1303 3364 1373; x_wconf 68' lang='grc' dir='ltr'>φησὶ,</span> <span class='ocrx_word' id='word_1_209' title='bbox 3403 1297 3699 1367; x_wconf 79' lang='grc' dir='ltr'><strong>στερέωμα</strong></span> 
     </span>
    </p>
   </div>
   <div class='ocr_carea' id='block_1_31' title="bbox 2094 1387 3698 1471">
    <p class='ocr_par' dir='ltr' id='par_1_31' title="bbox 2094 1387 3698 1471">
     <span class='ocr_line' id='line_1_31' title="bbox 2094 1387 3698 1471; baseline -0.007 -19"><span class='ocrx_word' id='word_1_210' title='bbox 2094 1401 2176 1452; x_wconf 72' lang='grc' dir='ltr'><strong>ἐν</strong></span> <span class='ocrx_word' id='word_1_211' title='bbox 2211 1399 2364 1471; x_wconf 84' lang='grc' dir='ltr'>μέσῳ</span> <span class='ocrx_word' id='word_1_212' title='bbox 2390 1396 2484 1454; x_wconf 80' lang='grc' dir='ltr'>τοῦ</span> <span class='ocrx_word' id='word_1_213' title='bbox 2513 1398 2723 1463; x_wconf 73' lang='grc' dir='ltr'>ὕδατος,</span> <span class='ocrx_word' id='word_1_214' title='bbox 2754 1398 2850 1453; x_wconf 75' lang='grc' dir='ltr'><strong>καὶ</strong></span> <span class='ocrx_word' id='word_1_215' title='bbox 2883 1396 3023 1450; x_wconf 78' lang='grc' dir='ltr'>ἔστω</span> <span class='ocrx_word' id='word_1_216' title='bbox 3051 1390 3373 1465; x_wconf 78' lang='grc' dir='ltr'>διαχωρίζον</span> <span class='ocrx_word' id='word_1_217' title='bbox 3402 1389 3506 1444; x_wconf 81' lang='grc' dir='ltr'><strong>ἀνὰ</strong></span> <span class='ocrx_word' id='word_1_218' title='bbox 3528 1387 3698 1460; x_wconf 81' lang='grc' dir='ltr'>μέσον</span> 
     </span>
    </p>
   </div>
   <div class='ocr_carea' id='block_1_32' title="bbox 2119 1480 3698 1557">
    <p class='ocr_par' dir='ltr' id='par_1_32' title="bbox 2119 1480 3698 1557">
     <span class='ocr_line' id='line_1_32' title="bbox 2119 1480 3698 1557; baseline -0.006 -13"><span class='ocrx_word' id='word_1_219' title='bbox 2119 1490 2308 1555; x_wconf 78' lang='grc' dir='ltr'>ὕδατος</span> <span class='ocrx_word' id='word_1_220' title='bbox 2336 1490 2433 1545; x_wconf 70' lang='grc' dir='ltr'><strong>καὶ</strong></span> <span class='ocrx_word' id='word_1_221' title='bbox 2451 1490 2659 1555; x_wconf 83' lang='grc' dir='ltr'>ὑδατος;</span> <span class='ocrx_word' id='word_1_222' title='bbox 2687 1509 2705 1542; x_wconf 76' lang='grc' dir='ltr'><strong>ι</strong></span> <span class='ocrx_word' id='word_1_223' title='bbox 2733 1486 2868 1544; x_wconf 76' lang='grc' dir='ltr'>Εἶτα</span> <span class='ocrx_word' id='word_1_224' title='bbox 2893 1487 3062 1543; x_wconf 81' lang='grc' dir='ltr'>εἰπὼν</span> <span class='ocrx_word' id='word_1_225' title='bbox 3087 1487 3199 1557; x_wconf 73' lang='grc'><strong>(54)</strong></span> <span class='ocrx_word' id='word_1_226' title='bbox 3212 1485 3291 1550; x_wconf 83' lang='grc' dir='ltr'>ὡς</span> <span class='ocrx_word' id='word_1_227' title='bbox 3315 1484 3343 1538; x_wconf 88' lang='grc' dir='ltr'><strong>ὁ</strong></span> <span class='ocrx_word' id='word_1_228' title='bbox 3360 1484 3516 1553; x_wconf 82' lang='grc' dir='ltr'>λόγος</span> <span class='ocrx_word' id='word_1_229' title='bbox 3532 1480 3698 1554; x_wconf 71' lang='grc' dir='ltr'>ἔργον</span> 
     </span>
    </p>
   </div>
   <div class='ocr_carea' id='block_1_33' title="bbox 2118 1573 3692 1654">
    <p class='ocr_par' dir='ltr' id='par_1_33' title="bbox 2118 1573 3692 1654">
     <span class='ocr_line' id='line_1_33' title="bbox 2118 1573 3692 1654; baseline -0.008 -18"><span class='ocrx_word' id='word_1_230' title='bbox 2118 1583 2334 1652; x_wconf 82' lang='grc' dir='ltr'>ἐγένετο</span> <span class='ocrx_word' id='word_1_231' title='bbox 2358 1599 2372 1616; x_wconf 79' lang='grc' dir='ltr'><strong>ο</strong></span> <span class='ocrx_word' id='word_1_232' title='bbox 2411 1583 2566 1636; x_wconf 69' lang='grc' dir='ltr'>τοῦτο</span> <span class='ocrx_word' id='word_1_233' title='bbox 2595 1582 2703 1654; x_wconf 76' lang='grc' dir='ltr'>γὰρ</span> <span class='ocrx_word' id='word_1_234' title='bbox 2727 1581 2878 1652; x_wconf 88' lang='grc' dir='ltr'>δηλοῖ</span> <span class='ocrx_word' id='word_1_235' title='bbox 2904 1579 2965 1633; x_wconf 88' lang='grc' dir='ltr'><strong>τὸ</strong></span> <span class='ocrx_word' id='word_1_236' title='bbox 2998 1598 3016 1631; x_wconf 83' lang='grc' dir='ltr'><strong>ι</strong></span> <span class='ocrx_word' id='word_1_237' title='bbox 3049 1579 3160 1633; x_wconf 72' lang='grc' dir='ltr'><strong>Καὶ</strong></span> <span class='ocrx_word' id='word_1_238' title='bbox 3193 1577 3409 1646; x_wconf 81' lang='grc' dir='ltr'>ἐγένετο</span> <span class='ocrx_word' id='word_1_239' title='bbox 3432 1573 3604 1636; x_wconf 78' lang='grc' dir='ltr'>οὕτως</span> <span class='ocrx_word' id='word_1_240' title='bbox 3624 1590 3635 1601; x_wconf 92' lang='grc'><strong>·</strong></span> <span class='ocrx_word' id='word_1_241' title='bbox 3670 1591 3692 1624; x_wconf 73' lang='grc' dir='ltr'><strong>ι</strong></span> 
     </span>
    </p>
   </div>
   <div class='ocr_carea' id='block_1_34' title="bbox 2118 1664 3699 1741">
    <p class='ocr_par' dir='ltr' id='par_1_34' title="bbox 2118 1664 3699 1741">
     <span class='ocr_line' id='line_1_34' title="bbox 2118 1664 3699 1741; baseline -0.008 -11"><span class='ocrx_word' id='word_1_242' title='bbox 2118 1676 2359 1730; x_wconf 83' lang='grc' dir='ltr'>διδάσκει</span> <span class='ocrx_word' id='word_1_243' title='bbox 2395 1676 2489 1729; x_wconf 67' lang='grc' dir='ltr'><strong>καὶ</strong></span> <span class='ocrx_word' id='word_1_244' title='bbox 2535 1675 2651 1738; x_wconf 79' lang='grc' dir='ltr'><strong>πῶς</strong></span> <span class='ocrx_word' id='word_1_245' title='bbox 2684 1673 2920 1741; x_wconf 85' lang='grc' dir='ltr'>ἐγένετο.</span> <span class='ocrx_word' id='word_1_246' title='bbox 2964 1691 2983 1724; x_wconf 83' lang='grc' dir='ltr'><strong>ι</strong></span> <span class='ocrx_word' id='word_1_247' title='bbox 3012 1669 3266 1740; x_wconf 87' lang='grc' dir='ltr'>Ἐποίησε</span> <span class='ocrx_word' id='word_1_248' title='bbox 3296 1668 3426 1739; x_wconf 81' lang='grc' dir='ltr'>γὰρ,</span> <span class='ocrx_word' id='word_1_249' title='bbox 3455 1667 3643 1736; x_wconf 56' lang='grc' dir='ltr'>φησὶν,</span> <span class='ocrx_word' id='word_1_250' title='bbox 3669 1664 3699 1718; x_wconf 82' lang='lat'><strong>6</strong></span> 
     </span>
    </p>
   </div>
   <div class='ocr_carea' id='block_1_35' title="bbox 407 1754 2021 1839">
    <p class='ocr_par' dir='ltr' id='par_1_35' title="bbox 407 1754 2015 1836">
     <span class='ocr_line' id='line_1_35' title="bbox 407 1754 2015 1836; baseline 0.009 -30"><span class='ocrx_word' id='word_1_251' title='bbox 407 1771 470 1833; x_wconf 31' lang='grc' dir='ltr'>,ο</span> <span class='ocrx_word' id='word_1_252' title='bbox 502 1754 573 1811; x_wconf 86' lang='grc' dir='ltr'>Ει</span> <span class='ocrx_word' id='word_1_253' title='bbox 601 1755 747 1823; x_wconf 77' lang='lat' dir='ltr'><strong>fecit,</strong></span> <span class='ocrx_word' id='word_1_254' title='bbox 805 1757 1001 1829; x_wconf 87' lang='lat' dir='ltr'><strong>inquit,</strong></span> <span class='ocrx_word' id='word_1_255' title='bbox 1045 1758 1187 1816; x_wconf 91' lang='lat' dir='ltr'><strong>Deus</strong></span> <span class='ocrx_word' id='word_1_256' title='bbox 1236 1760 1665 1831; x_wconf 83' lang='lat' dir='ltr'><strong>ﬁrmamentum,</strong></span> <span class='ocrx_word' id='word_1_257' title='bbox 1723 1764 2015 1836; x_wconf 78' lang='lat' dir='ltr'><strong>(livisitque</strong></span> 
     </span>
    </p>
   </div>
   <div class='ocr_carea' id='block_1_36' title="bbox 2123 1754 3697 1839">
    <p class='ocr_par' dir='ltr' id='par_1_36' title="bbox 2123 1758 3697 1839">
     <span class='ocr_line' id='line_1_36' title="bbox 2123 1758 3697 1839; baseline -0.008 -16"><span class='ocrx_word' id='word_1_258' title='bbox 2123 1768 2250 1833; x_wconf 81' lang='grc' dir='ltr'>Θεὸς</span> <span class='ocrx_word' id='word_1_259' title='bbox 2276 1769 2339 1822; x_wconf 89' lang='grc' dir='ltr'><strong>τὸ</strong></span> <span class='ocrx_word' id='word_1_260' title='bbox 2369 1768 2655 1839; x_wconf 81' lang='grc' dir='ltr'>στερέωμα</span> <span class='ocrx_word' id='word_1_261' title='bbox 2675 1784 2689 1798; x_wconf 86' lang='grc'><strong>·</strong></span> <span class='ocrx_word' id='word_1_262' title='bbox 2723 1766 2818 1821; x_wconf 73' lang='grc' dir='ltr'><strong>καὶ</strong></span> <span class='ocrx_word' id='word_1_263' title='bbox 2846 1763 3164 1836; x_wconf 82' lang='grc' dir='ltr'>διεχώρισεν</span> <span class='ocrx_word' id='word_1_264' title='bbox 3193 1763 3219 1817; x_wconf 95' lang='lat'><strong>6</strong></span> <span class='ocrx_word' id='word_1_265' title='bbox 3238 1761 3370 1825; x_wconf 82' lang='grc' dir='ltr'>θεὸς</span> <span class='ocrx_word' id='word_1_266' title='bbox 3399 1758 3501 1815; x_wconf 84' lang='grc' dir='ltr'><strong>ἀνᾶ</strong></span> <span class='ocrx_word' id='word_1_267' title='bbox 3529 1760 3697 1829; x_wconf 68' lang='grc' dir='ltr'>μέσον</span> 
     </span>
    </p>
   </div>
   <div class='ocr_carea' id='block_1_37' title="bbox 443 1851 2018 1928">
    <p class='ocr_par' dir='ltr' id='par_1_37' title="bbox 443 1851 2018 1928">
     <span class='ocr_line' id='line_1_37' title="bbox 443 1851 2018 1928; baseline 0.008 -28"><span class='ocrx_word' id='word_1_268' title='bbox 443 1859 615 1916; x_wconf 83' lang='lat' dir='ltr'><strong>aquas</strong></span> <span class='ocrx_word' id='word_1_269' title='bbox 645 1862 767 1919; x_wconf 69' lang='lat' dir='ltr'><strong>quae</strong></span> <span class='ocrx_word' id='word_1_270' title='bbox 799 1859 956 1905; x_wconf 89' lang='lat' dir='ltr'><strong>erant</strong></span> <span class='ocrx_word' id='word_1_271' title='bbox 977 1851 1079 1906; x_wconf 86' lang='lat' dir='ltr'><strong>sub</strong></span> <span class='ocrx_word' id='word_1_272' title='bbox 1103 1852 1467 1922; x_wconf 83' lang='lat' dir='ltr'><strong>ﬁrmamento,</strong></span> <span class='ocrx_word' id='word_1_273' title='bbox 1497 1854 1565 1911; x_wconf 90' lang='lat' dir='ltr'><strong>ab</strong></span> <span class='ocrx_word' id='word_1_274' title='bbox 1601 1856 1686 1912; x_wconf 92' lang='lat' dir='ltr'><strong>his</strong></span> <span class='ocrx_word' id='word_1_275' title='bbox 1717 1873 1840 1928; x_wconf 69' lang='lat' dir='ltr'><strong>qua:</strong></span> <span class='ocrx_word' id='word_1_276' title='bbox 1862 1867 2018 1913; x_wconf 87' lang='lat' dir='ltr'><strong>erant</strong></span> 
     </span>
    </p>
   </div>
   <div class='ocr_carea' id='block_1_38' title="bbox 445 1936 2015 2014">
    <p class='ocr_par' dir='ltr' id='par_1_38' title="bbox 445 1936 2015 2014">
     <span class='ocr_line' id='line_1_38' title="bbox 445 1936 2015 2014; baseline 0.008 -24"><span class='ocrx_word' id='word_1_277' title='bbox 445 1948 610 2005; x_wconf 82' lang='lat' dir='ltr'><strong>super</strong></span> <span class='ocrx_word' id='word_1_278' title='bbox 638 1936 1064 1995; x_wconf 86' lang='lat' dir='ltr'><strong>ﬁrmamentum.</strong></span> <span class='ocrx_word' id='word_1_279' title='bbox 1093 1939 1429 2014; x_wconf 78' lang='lat' dir='ltr'><strong>Vocavitque</strong></span> <span class='ocrx_word' id='word_1_280' title='bbox 1448 1943 1590 2001; x_wconf 82' lang='lat' dir='ltr'><strong>Deus</strong></span> <span class='ocrx_word' id='word_1_281' title='bbox 1613 1945 2015 2002; x_wconf 88' lang='lat' dir='ltr'><strong>ﬁrmamentum</strong></span> 
     </span>
    </p>
   </div>
   <div class='ocr_carea' id='block_1_39' title="bbox 444 2027 2018 2108">
    <p class='ocr_par' dir='ltr' id='par_1_39' title="bbox 444 2027 2018 2108">
     <span class='ocr_line' id='line_1_39' title="bbox 444 2027 2018 2108; baseline 0.009 -29"><span class='ocrx_word' id='word_1_282' title='bbox 444 2027 646 2081; x_wconf 72' lang='lat' dir='ltr'><strong>emlum</strong></span> <span class='ocrx_word' id='word_1_283' title='bbox 679 2028 728 2084; x_wconf 74' lang='grc'><strong>1³.</strong></span> <span class='ocrx_word' id='word_1_284' title='bbox 768 2029 878 2085; x_wconf 76' lang='grc' dir='ltr'><strong>»Δί</strong></span> <span class='ocrx_word' id='word_1_285' title='bbox 903 2032 1057 2102; x_wconf 87' lang='lat' dir='ltr'><strong>prius</strong></span> <span class='ocrx_word' id='word_1_286' title='bbox 1079 2034 1276 2089; x_wconf 64' lang='lat' dir='ltr'><strong>caelum</strong></span> <span class='ocrx_word' id='word_1_287' title='bbox 1311 2050 1422 2090; x_wconf 87' lang='lat' dir='ltr'><strong>non</strong></span> <span class='ocrx_word' id='word_1_288' title='bbox 1455 2044 1539 2092; x_wconf 87' lang='lat' dir='ltr'><strong>est</strong></span> <span class='ocrx_word' id='word_1_289' title='bbox 1566 2038 1894 2108; x_wconf 88' lang='lat' dir='ltr'><strong>appellatum</strong></span> <span class='ocrx_word' id='word_1_290' title='bbox 1928 2038 2018 2093; x_wconf 82' lang='lat' dir='ltr'><strong>ﬁr-</strong></span> 
     </span>
    </p>
   </div>
   <div class='ocr_carea' id='block_1_40' title="bbox 444 2124 2021 2187">
    <p class='ocr_par' dir='ltr' id='par_1_40' title="bbox 444 2124 2021 2187">
     <span class='ocr_line' id='line_1_40' title="bbox 444 2124 2021 2187; baseline 0.011 -16"><span class='ocrx_word' id='word_1_291' title='bbox 444 2129 806 2186; x_wconf 86' lang='lat' dir='ltr'><strong>mamentum,</strong></span> <span class='ocrx_word' id='word_1_292' title='bbox 837 2124 929 2178; x_wconf 90' lang='lat' dir='ltr'><strong>sed</strong></span> <span class='ocrx_word' id='word_1_293' title='bbox 960 2125 1158 2180; x_wconf 75' lang='lat' dir='ltr'><strong>ctelum</strong></span> <span class='ocrx_word' id='word_1_294' title='bbox 1191 2127 1259 2181; x_wconf 88' lang='lat' dir='ltr'><strong>ab</strong></span> <span class='ocrx_word' id='word_1_295' title='bbox 1286 2127 1444 2182; x_wconf 90' lang='lat' dir='ltr'><strong>initio</strong></span> <span class='ocrx_word' id='word_1_296' title='bbox 1477 2137 1730 2185; x_wconf 76' lang='lat' dir='ltr'><strong>vocatum</strong></span> <span class='ocrx_word' id='word_1_297' title='bbox 1764 2139 1870 2187; x_wconf 88' lang='lat' dir='ltr'><strong>est.</strong></span> <span class='ocrx_word' id='word_1_298' title='bbox 1908 2130 2021 2187; x_wconf 92' lang='lat' dir='ltr'><strong>Hoc</strong></span> 
     </span>
    </p>
   </div>
   <div class='ocr_carea' id='block_1_41' title="bbox 442 2210 2022 2293">
    <p class='ocr_par' dir='ltr' id='par_1_41' title="bbox 442 2210 2022 2293">
     <span class='ocr_line' id='line_1_41' title="bbox 442 2210 2022 2293; baseline 0.007 -28"><span class='ocrx_word' id='word_1_299' title='bbox 442 2210 590 2265; x_wconf 89' lang='lat' dir='ltr'><strong>enim</strong></span> <span class='ocrx_word' id='word_1_300' title='bbox 638 2211 707 2265; x_wconf 90' lang='lat' dir='ltr'><strong>ab</strong></span> <span class='ocrx_word' id='word_1_301' title='bbox 731 2212 847 2283; x_wconf 89' lang='lat' dir='ltr'><strong>ipsa</strong></span> <span class='ocrx_word' id='word_1_302' title='bbox 881 2228 937 2270; x_wconf 86' lang='lat' dir='ltr'><strong>re</strong></span> <span class='ocrx_word' id='word_1_303' title='bbox 966 2217 1221 2271; x_wconf 86' lang='lat' dir='ltr'><strong>sortitqu</strong></span> <span class='ocrx_word' id='word_1_304' title='bbox 1251 2225 1333 2273; x_wconf 78' lang='lat' dir='ltr'><strong>est</strong></span> <span class='ocrx_word' id='word_1_305' title='bbox 1360 2219 1803 2290; x_wconf 86' lang='lat' dir='ltr'><strong>appellationem.</strong></span> <span class='ocrx_word' id='word_1_306' title='bbox 1837 2220 2022 2293; x_wconf 88' lang='lat' dir='ltr'><strong>Siqui-</strong></span> 
     </span>
    </p>
   </div>
   <div class='ocr_carea' id='block_1_42' title="bbox 425 2300 2022 2382">
    <p class='ocr_par' dir='ltr' id='par_1_42' title="bbox 425 2300 2022 2382">
     <span class='ocr_line' id='line_1_42' title="bbox 425 2300 2022 2382; baseline 0.008 -28"><span class='ocrx_word' id='word_1_307' title='bbox 425 2300 567 2355; x_wconf 83' lang='lat' dir='ltr'><strong>dem</strong></span> <span class='ocrx_word' id='word_1_308' title='bbox 602 2315 727 2357; x_wconf 90' lang='lat' dir='ltr'><strong>cum</strong></span> <span class='ocrx_word' id='word_1_309' title='bbox 755 2317 818 2358; x_wconf 80' lang='lat' dir='ltr'><strong>ex</strong></span> <span class='ocrx_word' id='word_1_310' title='bbox 852 2318 1124 2375; x_wconf 90' lang='lat' dir='ltr'><strong>aquarum</strong></span> <span class='ocrx_word' id='word_1_311' title='bbox 1180 2308 1346 2364; x_wconf 88' lang='lat' dir='ltr'><strong>ﬁuida</strong></span> <span class='ocrx_word' id='word_1_312' title='bbox 1372 2311 1691 2366; x_wconf 73' lang='lat' dir='ltr'><strong>substantia</strong></span> <span class='ocrx_word' id='word_1_313' title='bbox 1746 2313 2022 2382; x_wconf 87' lang='lat' dir='ltr'><strong>composi-</strong></span> 
     </span>
    </p>
   </div>
   <div class='ocr_carea' id='block_1_43' title="bbox 442 2392 2019 2461">
    <p class='ocr_par' dir='ltr' id='par_1_43' title="bbox 442 2392 2019 2461">
     <span class='ocr_line' id='line_1_43' title="bbox 442 2392 2019 2461; baseline 0.011 -17"><span class='ocrx_word' id='word_1_314' title='bbox 442 2397 560 2447; x_wconf 90' lang='lat' dir='ltr'><strong>tum</strong></span> <span class='ocrx_word' id='word_1_315' title='bbox 591 2392 686 2461; x_wconf 88' lang='lat' dir='ltr'><strong>sit,</strong></span> <span class='ocrx_word' id='word_1_316' title='bbox 714 2402 768 2449; x_wconf 89' lang='lat' dir='ltr'><strong>et</strong></span> <span class='ocrx_word' id='word_1_317' title='bbox 787 2404 983 2451; x_wconf 83' lang='lat' dir='ltr'><strong>natura</strong></span> <span class='ocrx_word' id='word_1_318' title='bbox 1014 2396 1184 2454; x_wconf 86' lang='lat' dir='ltr'><strong>ﬂuida</strong></span> <span class='ocrx_word' id='word_1_319' title='bbox 1236 2401 1569 2459; x_wconf 84' lang='lat' dir='ltr'><strong>condensata</strong></span> <span class='ocrx_word' id='word_1_320' title='bbox 1601 2412 1656 2458; x_wconf 89' lang='lat' dir='ltr'><strong>et</strong></span> <span class='ocrx_word' id='word_1_321' title='bbox 1682 2405 2019 2460; x_wconf 87' lang='lat' dir='ltr'><strong>consolidata</strong></span> 
     </span>
    </p>
   </div>
   <div class='ocr_carea' id='block_1_44' title="bbox 442 2484 2021 2567">
    <p class='ocr_par' dir='ltr' id='par_1_44' title="bbox 442 2484 2021 2567">
     <span class='ocr_line' id='line_1_44' title="bbox 442 2484 2021 2567; baseline 0.009 -29"><span class='ocrx_word' id='word_1_322' title='bbox 442 2484 626 2552; x_wconf 80' lang='lat' dir='ltr'><strong>fuerit,</strong></span> <span class='ocrx_word' id='word_1_323' title='bbox 676 2486 1083 2547; x_wconf 83' lang='lat' dir='ltr'><strong>ﬁrmamentum</strong></span> <span class='ocrx_word' id='word_1_324' title='bbox 1112 2494 1452 2550; x_wconf 87' lang='lat' dir='ltr'><strong>nominatum</strong></span> <span class='ocrx_word' id='word_1_325' title='bbox 1477 2505 1581 2552; x_wconf 88' lang='lat' dir='ltr'><strong>est.</strong></span> <span class='ocrx_word' id='word_1_326' title='bbox 1633 2497 1835 2553; x_wconf 88' lang='lat' dir='ltr'><strong>Deinde</strong></span> <span class='ocrx_word' id='word_1_327' title='bbox 1893 2498 2021 2567; x_wconf 88' lang='lat' dir='ltr'><strong>quia</strong></span> 
     </span>
    </p>
   </div>
   <div class='ocr_carea' id='block_1_45' title="bbox 445 2578 2023 2657">
    <p class='ocr_par' dir='ltr' id='par_1_45' title="bbox 445 2578 2023 2657">
     <span class='ocr_line' id='line_1_45' title="bbox 445 2578 2023 2657; baseline 0.009 -27"><span class='ocrx_word' id='word_1_328' title='bbox 445 2589 668 2632; x_wconf 90' lang='lat' dir='ltr'><strong>sursum</strong></span> <span class='ocrx_word' id='word_1_329' title='bbox 728 2578 831 2650; x_wconf 81' lang='lat'><strong>15</strong></span> <span class='ocrx_word' id='word_1_330' title='bbox 898 2582 1224 2639; x_wconf 83' lang='lat' dir='ltr'><strong>Collocatum</strong></span> <span class='ocrx_word' id='word_1_331' title='bbox 1258 2592 1360 2653; x_wconf 91' lang='lat' dir='ltr'><strong>est,</strong></span> <span class='ocrx_word' id='word_1_332' title='bbox 1417 2587 1619 2657; x_wconf 89' lang='lat' dir='ltr'><strong>prioris</strong></span> <span class='ocrx_word' id='word_1_333' title='bbox 1670 2588 1795 2645; x_wconf 66' lang='grc' dir='ltr'>σαεΙί</span> <span class='ocrx_word' id='word_1_334' title='bbox 1865 2607 2023 2646; x_wconf 88' lang='lat' dir='ltr'><strong>usum</strong></span> 
     </span>
    </p>
   </div>
   <div class='ocr_carea' id='block_1_46' title="bbox 445 2671 2024 2744">
    <p class='ocr_par' dir='ltr' id='par_1_46' title="bbox 445 2671 2024 2744">
     <span class='ocr_line' id='line_1_46' title="bbox 445 2671 2024 2744; baseline 0.009 -22"><span class='ocrx_word' id='word_1_335' title='bbox 445 2671 738 2725; x_wconf 89' lang='lat' dir='ltr'><strong>commodo</strong></span> <span class='ocrx_word' id='word_1_336' title='bbox 769 2680 960 2729; x_wconf 87' lang='lat' dir='ltr'><strong>nostro</strong></span> <span class='ocrx_word' id='word_1_337' title='bbox 985 2674 1297 2744; x_wconf 86' lang='lat' dir='ltr'><strong>perﬁciens,</strong></span> <span class='ocrx_word' id='word_1_338' title='bbox 1349 2677 1473 2733; x_wconf 70' lang='lat' dir='ltr'><strong>cmli</strong></span> <span class='ocrx_word' id='word_1_339' title='bbox 1520 2695 1717 2736; x_wconf 85' lang='lat' dir='ltr'><strong>nomen</strong></span> <span class='ocrx_word' id='word_1_340' title='bbox 1771 2683 2024 2737; x_wconf 84' lang='lat' dir='ltr'><strong>sortitum</strong></span> 
     </span>
    </p>
   </div>
   <div class='ocr_carea' id='block_1_47' title="bbox 446 2761 2023 2844">
    <p class='ocr_par' dir='ltr' id='par_1_47' title="bbox 446 2761 2023 2844">
     <span class='ocr_line' id='line_1_47' title="bbox 446 2761 2023 2844; baseline 0.01 -30"><span class='ocrx_word' id='word_1_341' title='bbox 446 2769 550 2816; x_wconf 91' lang='lat' dir='ltr'><strong>est.</strong></span> <span class='ocrx_word' id='word_1_342' title='bbox 581 2761 840 2818; x_wconf 81' lang='lat' dir='ltr'><strong>Bifariam</strong></span> <span class='ocrx_word' id='word_1_343' title='bbox 867 2773 1046 2820; x_wconf 82' lang='lat' dir='ltr'><strong>autem</strong></span> <span class='ocrx_word' id='word_1_344' title='bbox 1087 2766 1230 2824; x_wconf 87' lang='lat' dir='ltr'><strong>Deus</strong></span> <span class='ocrx_word' id='word_1_345' title='bbox 1262 2771 1510 2826; x_wconf 92' lang='lat' dir='ltr'><strong>omnium</strong></span> <span class='ocrx_word' id='word_1_346' title='bbox 1542 2772 1729 2827; x_wconf 87' lang='lat' dir='ltr'><strong>divisit</strong></span> <span class='ocrx_word' id='word_1_347' title='bbox 1758 2789 2023 2844; x_wconf 89' lang='lat' dir='ltr'><strong>aquarum</strong></span> 
     </span>
    </p>
   </div>
   <div class='ocr_carea' id='block_1_48' title="bbox 447 2857 2024 2932">
    <p class='ocr_par' dir='ltr' id='par_1_48' title="bbox 447 2857 2024 2932">
     <span class='ocr_line' id='line_1_48' title="bbox 447 2857 2024 2932; baseline 0.011 -26"><span class='ocrx_word' id='word_1_348' title='bbox 447 2862 702 2908; x_wconf 87' lang='lat' dir='ltr'><strong>naturam</strong></span> <span class='ocrx_word' id='word_1_349' title='bbox 732 2871 747 2908; x_wconf 93' lang='lat'><strong>:</strong></span> <span class='ocrx_word' id='word_1_350' title='bbox 790 2864 845 2910; x_wconf 89' lang='lat' dir='ltr'><strong>et</strong></span> <span class='ocrx_word' id='word_1_351' title='bbox 882 2857 1146 2926; x_wconf 84' lang='lat' dir='ltr'><strong>quasdam</strong></span> <span class='ocrx_word' id='word_1_352' title='bbox 1176 2875 1398 2917; x_wconf 88' lang='lat' dir='ltr'><strong>sursum</strong></span> <span class='ocrx_word' id='word_1_353' title='bbox 1433 2878 1597 2932; x_wconf 87' lang='lat' dir='ltr'><strong>supra</strong></span> <span class='ocrx_word' id='word_1_354' title='bbox 1625 2865 2024 2922; x_wconf 85' lang='lat' dir='ltr'><strong>ﬁrmamentum</strong></span> 
     </span>
    </p>
   </div>
   <div class='ocr_carea' id='block_1_49' title="bbox 449 2944 2024 3029">
    <p class='ocr_par' dir='ltr' id='par_1_49' title="bbox 449 2944 2024 3029">
     <span class='ocr_line' id='line_1_49' title="bbox 449 2944 2024 3029; baseline 0.01 -30"><span class='ocrx_word' id='word_1_355' title='bbox 449 2944 759 3011; x_wconf 77' lang='lat' dir='ltr'><strong>collocarit,</strong></span> <span class='ocrx_word' id='word_1_356' title='bbox 790 2948 1056 3017; x_wconf 87' lang='lat' dir='ltr'><strong>quasdam</strong></span> <span class='ocrx_word' id='word_1_357' title='bbox 1089 2951 1347 3008; x_wconf 89' lang='lat' dir='ltr'><strong>deorsum</strong></span> <span class='ocrx_word' id='word_1_358' title='bbox 1380 2954 1636 3025; x_wconf 86' lang='lat' dir='ltr'><strong>reliquit:</strong></span> <span class='ocrx_word' id='word_1_359' title='bbox 1675 2968 1734 3011; x_wconf 93' lang='lat' dir='ltr'><strong>ut</strong></span> <span class='ocrx_word' id='word_1_360' title='bbox 1773 2960 2024 3029; x_wconf 85' lang='lat' dir='ltr'><strong>superio-</strong></span> 
     </span>
    </p>
   </div>
   <div class='ocr_carea' id='block_1_50' title="bbox 2115 1847 3698 1930">
    <p class='ocr_par' dir='ltr' id='par_1_50' title="bbox 2115 1847 3698 1930">
     <span class='ocr_line' id='line_1_50' title="bbox 2115 1847 3698 1930; baseline -0.01 -16"><span class='ocrx_word' id='word_1_361' title='bbox 2115 1858 2208 1914; x_wconf 78' lang='grc' dir='ltr'>τοῦ</span> <span class='ocrx_word' id='word_1_362' title='bbox 2237 1859 2427 1923; x_wconf 75' lang='grc' dir='ltr'>ὕδατος</span> <span class='ocrx_word' id='word_1_363' title='bbox 2456 1857 2484 1911; x_wconf 82' lang='grc' dir='ltr'><strong>ὃ</strong></span> <span class='ocrx_word' id='word_1_364' title='bbox 2511 1853 2578 1930; x_wconf 74' lang='grc' dir='ltr'>ἦν</span> <span class='ocrx_word' id='word_1_365' title='bbox 2617 1854 2876 1910; x_wconf 79' lang='grc' dir='ltr'>ὑποκάτω</span> <span class='ocrx_word' id='word_1_366' title='bbox 2903 1853 2997 1909; x_wconf 80' lang='grc' dir='ltr'>τοῦ</span> <span class='ocrx_word' id='word_1_367' title='bbox 3029 1851 3430 1925; x_wconf 83' lang='grc' dir='ltr'>στερεώματος,</span> <span class='ocrx_word' id='word_1_368' title='bbox 3467 1849 3558 1902; x_wconf 82' lang='grc' dir='ltr'><strong>καὶ</strong></span> <span class='ocrx_word' id='word_1_369' title='bbox 3590 1847 3698 1900; x_wconf 59' lang='grc' dir='ltr'><strong>ἀκιὰ</strong></span> 
     </span>
    </p>
   </div>
   <div class='ocr_carea' id='block_1_51' title="bbox 2122 1935 3703 2026">
    <p class='ocr_par' dir='ltr' id='par_1_51' title="bbox 2122 1935 3703 2026">
     <span class='ocr_line' id='line_1_51' title="bbox 2122 1935 3703 2026; baseline -0.012 -20"><span class='ocrx_word' id='word_1_370' title='bbox 2122 1951 2282 2026; x_wconf 85' lang='grc' dir='ltr'>μέσον</span> <span class='ocrx_word' id='word_1_371' title='bbox 2309 1950 2404 2004; x_wconf 78' lang='grc' dir='ltr'>τοῦ</span> <span class='ocrx_word' id='word_1_372' title='bbox 2436 1947 2628 2012; x_wconf 75' lang='grc' dir='ltr'>ὓδατος</span> <span class='ocrx_word' id='word_1_373' title='bbox 2656 1946 2752 2001; x_wconf 82' lang='grc' dir='ltr'>τοῦ</span> <span class='ocrx_word' id='word_1_374' title='bbox 2796 1944 2981 1999; x_wconf 83' lang='grc' dir='ltr'>ἐπάνω</span> <span class='ocrx_word' id='word_1_375' title='bbox 3013 1941 3109 1997; x_wconf 77' lang='grc' dir='ltr'>τοῦ</span> <span class='ocrx_word' id='word_1_376' title='bbox 3142 1939 3542 2013; x_wconf 65' lang='grc' dir='ltr'>στερεὼματος.</span> <span class='ocrx_word' id='word_1_377' title='bbox 3585 1935 3703 1990; x_wconf 72' lang='grc' dir='ltr'><strong>Καὶ</strong></span> 
     </span>
    </p>
   </div>
   <div class='ocr_carea' id='block_1_52' title="bbox 2118 2026 3697 2108">
    <p class='ocr_par' dir='ltr' id='par_1_52' title="bbox 2118 2026 3697 2108">
     <span class='ocr_line' id='line_1_52' title="bbox 2118 2026 3697 2108; baseline -0.013 -9"><span class='ocrx_word' id='word_1_378' title='bbox 2118 2044 2379 2099; x_wconf 75' lang='grc' dir='ltr'>ἐκάλεσεν</span> <span class='ocrx_word' id='word_1_379' title='bbox 2409 2043 2437 2096; x_wconf 93' lang='lat'><strong>6</strong></span> <span class='ocrx_word' id='word_1_380' title='bbox 2461 2038 2595 2103; x_wconf 82' lang='grc' dir='ltr'>Θεὸς</span> <span class='ocrx_word' id='word_1_381' title='bbox 2623 2038 2684 2093; x_wconf 90' lang='grc' dir='ltr'><strong>τὸ</strong></span> <span class='ocrx_word' id='word_1_382' title='bbox 2716 2038 3004 2108; x_wconf 82' lang='grc' dir='ltr'>στερέωμα</span> <span class='ocrx_word' id='word_1_383' title='bbox 3033 2033 3283 2105; x_wconf 85' lang='grc' dir='ltr'>οὐρανόν.</span> <span class='ocrx_word' id='word_1_384' title='bbox 3320 2055 3340 2084; x_wconf 70' lang='grc' dir='ltr'><strong><em>ο</em></strong></span> <span class='ocrx_word' id='word_1_385' title='bbox 3395 2031 3453 2085; x_wconf 87' lang='lat'><strong>&#39;0</strong></span> <span class='ocrx_word' id='word_1_386' title='bbox 3478 2028 3534 2082; x_wconf 83' lang='grc' dir='ltr'>δὲ</span> <span class='ocrx_word' id='word_1_387' title='bbox 3565 2026 3697 2097; x_wconf 81' lang='grc' dir='ltr'>πρό-</span> 
     </span>
    </p>
   </div>
   <div class='ocr_carea' id='block_1_53' title="bbox 2118 2118 3699 2207">
    <p class='ocr_par' dir='ltr' id='par_1_53' title="bbox 2118 2118 3699 2207">
     <span class='ocr_line' id='line_1_53' title="bbox 2118 2118 3699 2207; baseline -0.013 -17"><span class='ocrx_word' id='word_1_388' title='bbox 2118 2152 2276 2207; x_wconf 80' lang='grc' dir='ltr'>τερος</span> <span class='ocrx_word' id='word_1_389' title='bbox 2319 2131 2548 2205; x_wconf 83' lang='grc' dir='ltr'>οὐρανὸς</span> <span class='ocrx_word' id='word_1_390' title='bbox 2580 2131 2682 2185; x_wconf 83' lang='grc' dir='ltr'><strong>οὐκ</strong></span> <span class='ocrx_word' id='word_1_391' title='bbox 2724 2128 2926 2200; x_wconf 78' lang='grc' dir='ltr'><strong>ἐκλήθη</strong></span> <span class='ocrx_word' id='word_1_392' title='bbox 2972 2127 3281 2200; x_wconf 83' lang='grc' dir='ltr'>στερέωμα,</span> <span class='ocrx_word' id='word_1_393' title='bbox 3326 2122 3442 2177; x_wconf 77' lang='grc' dir='ltr'>ἀλλ’</span> <span class='ocrx_word' id='word_1_394' title='bbox 3468 2118 3699 2191; x_wconf 75' lang='grc' dir='ltr'>οὐρανὸς</span> 
     </span>
    </p>
   </div>
   <div class='ocr_carea' id='block_1_54' title="bbox 2121 2211 3700 2300">
    <p class='ocr_par' dir='ltr' id='par_1_54' title="bbox 2121 2211 3700 2300">
     <span class='ocr_line' id='line_1_54' title="bbox 2121 2211 3700 2300; baseline -0.013 -17"><span class='ocrx_word' id='word_1_395' title='bbox 2121 2231 2180 2297; x_wconf 83' lang='grc' dir='ltr'><strong>ἐξ</strong></span> <span class='ocrx_word' id='word_1_396' title='bbox 2211 2227 2386 2300; x_wconf 77' lang='grc' dir='ltr'>ἀρχῆς</span> <span class='ocrx_word' id='word_1_397' title='bbox 2424 2224 2743 2295; x_wconf 82' lang='grc' dir='ltr'>ὠνομάσθη.</span> <span class='ocrx_word' id='word_1_398' title='bbox 2784 2215 2951 2283; x_wconf 74' lang='grc' dir='ltr'>οὗτος</span> <span class='ocrx_word' id='word_1_399' title='bbox 2981 2219 3089 2289; x_wconf 76' lang='grc' dir='ltr'><strong>γὰρ</strong></span> <span class='ocrx_word' id='word_1_400' title='bbox 3123 2218 3181 2286; x_wconf 81' lang='grc' dir='ltr'>ἐξ</span> <span class='ocrx_word' id='word_1_401' title='bbox 3224 2214 3386 2271; x_wconf 77' lang='grc' dir='ltr'>αὐτοῦ</span> <span class='ocrx_word' id='word_1_402' title='bbox 3429 2211 3523 2267; x_wconf 80' lang='grc' dir='ltr'><strong>τοὺ</strong></span> <span class='ocrx_word' id='word_1_403' title='bbox 3555 2211 3700 2283; x_wconf 83' lang='grc' dir='ltr'>πρά·</span> 
     </span>
    </p>
   </div>
   <div class='ocr_carea' id='block_1_55' title="bbox 2121 2302 3700 2391">
    <p class='ocr_par' dir='ltr' id='par_1_55' title="bbox 2121 2302 3700 2391">
     <span class='ocr_line' id='line_1_55' title="bbox 2121 2302 3700 2391; baseline -0.013 -16"><span class='ocrx_word' id='word_1_404' title='bbox 2121 2337 2330 2391; x_wconf 87' lang='grc' dir='ltr'>γματος</span> <span class='ocrx_word' id='word_1_405' title='bbox 2364 2321 2465 2389; x_wconf 84' lang='grc' dir='ltr'><strong>τὴν</strong></span> <span class='ocrx_word' id='word_1_406' title='bbox 2511 2314 2883 2389; x_wconf 79' lang='grc' dir='ltr'>προσηγορίαν</span> <span class='ocrx_word' id='word_1_407' title='bbox 2934 2312 3173 2378; x_wconf 79' lang='grc' dir='ltr'>ἐδέξατο.</span> <span class='ocrx_word' id='word_1_408' title='bbox 3224 2305 3443 2377; x_wconf 76' lang='grc' dir='ltr'>Ἐπειδὴ</span> <span class='ocrx_word' id='word_1_409' title='bbox 3483 2305 3592 2375; x_wconf 79' lang='grc' dir='ltr'>γὰρ</span> <span class='ocrx_word' id='word_1_410' title='bbox 3635 2302 3700 2355; x_wconf 86' lang='grc' dir='ltr'><strong>ἐκ</strong></span> 
     </span>
    </p>
   </div>
   <div class='ocr_carea' id='block_1_56' title="bbox 2122 2393 3719 2485">
    <p class='ocr_par' dir='ltr' id='par_1_56' title="bbox 2122 2393 3719 2485">
     <span class='ocr_line' id='line_1_56' title="bbox 2122 2393 3719 2485; baseline -0.012 -20"><span class='ocrx_word' id='word_1_411' title='bbox 2122 2413 2222 2483; x_wconf 83' lang='grc' dir='ltr'><strong>τῆς</strong></span> <span class='ocrx_word' id='word_1_412' title='bbox 2248 2410 2481 2483; x_wconf 78' lang='grc' dir='ltr'>ροώδους</span> <span class='ocrx_word' id='word_1_413' title='bbox 2504 2408 2612 2462; x_wconf 89' lang='grc' dir='ltr'><strong>τῶν</strong></span> <span class='ocrx_word' id='word_1_414' title='bbox 2643 2407 2852 2462; x_wconf 81' lang='grc' dir='ltr'>ὑδάτων</span> <span class='ocrx_word' id='word_1_415' title='bbox 2879 2404 3066 2468; x_wconf 78' lang='grc' dir='ltr'>οὐσίας</span> <span class='ocrx_word' id='word_1_416' title='bbox 3103 2401 3354 2485; x_wconf 86' lang='grc' dir='ltr'>συνέστη,</span> <span class='ocrx_word' id='word_1_417' title='bbox 3377 2397 3473 2452; x_wconf 69' lang='grc' dir='ltr'><strong>καὶ</strong></span> <span class='ocrx_word' id='word_1_418' title='bbox 3499 2398 3532 2467; x_wconf 85' lang='grc' dir='ltr'><strong>ἠ</strong></span> <span class='ocrx_word' id='word_1_419' title='bbox 3563 2393 3719 2467; x_wconf 77' lang='grc' dir='ltr'><strong>ρυτὴ-</strong></span> 
     </span>
    </p>
   </div>
   <div class='ocr_carea' id='block_1_57' title="bbox 2124 2493 3708 2575">
    <p class='ocr_par' dir='ltr' id='par_1_57' title="bbox 2124 2493 3708 2575">
     <span class='ocr_line' id='line_1_57' title="bbox 2124 2493 3708 2575; baseline -0.013 -16"><span class='ocrx_word' id='word_1_420' title='bbox 2124 2503 2287 2575; x_wconf 82' lang='grc' dir='ltr'>φύσις</span> <span class='ocrx_word' id='word_1_421' title='bbox 2311 2496 2689 2572; x_wconf 83' lang='grc' dir='ltr'>στεγανωτάτη</span> <span class='ocrx_word' id='word_1_422' title='bbox 2716 2500 2904 2569; x_wconf 83' lang='grc' dir='ltr'>γέγονε</span> <span class='ocrx_word' id='word_1_423' title='bbox 2938 2497 3030 2551; x_wconf 77' lang='grc' dir='ltr'><strong>καὶ</strong></span> <span class='ocrx_word' id='word_1_424' title='bbox 3063 2493 3399 2565; x_wconf 78' lang='grc' dir='ltr'>στερέμνιος,</span> <span class='ocrx_word' id='word_1_425' title='bbox 3429 2504 3708 2561; x_wconf 81' lang='grc' dir='ltr'>προσηγο-</span> 
     </span>
    </p>
   </div>
   <div class='ocr_carea' id='block_1_58' title="bbox 2129 2578 3699 2668">
    <p class='ocr_par' dir='ltr' id='par_1_58' title="bbox 2129 2578 3699 2668">
     <span class='ocr_line' id='line_1_58' title="bbox 2129 2578 3699 2668; baseline -0.012 -18"><span class='ocrx_word' id='word_1_426' title='bbox 2129 2595 2295 2668; x_wconf 78' lang='grc' dir='ltr'>ρεύθη</span> <span class='ocrx_word' id='word_1_427' title='bbox 2330 2593 2639 2666; x_wconf 84' lang='grc' dir='ltr'>στερέωμα.</span> <span class='ocrx_word' id='word_1_428' title='bbox 2685 2587 2818 2645; x_wconf 83' lang='grc' dir='ltr'>Εἶτα</span> <span class='ocrx_word' id='word_1_429' title='bbox 2845 2589 2918 2654; x_wconf 83' lang='grc' dir='ltr'>ὡς</span> <span class='ocrx_word' id='word_1_430' title='bbox 2960 2587 3168 2643; x_wconf 81' lang='grc' dir='ltr'>ἄνωθεν</span> <span class='ocrx_word' id='word_1_431' title='bbox 3205 2583 3569 2653; x_wconf 75' lang='grc' dir='ltr'>ἐπικείμενος,</span> <span class='ocrx_word' id='word_1_432' title='bbox 3603 2578 3699 2633; x_wconf 81' lang='grc' dir='ltr'><strong>καὶ</strong></span> 
     </span>
    </p>
   </div>
   <div class='ocr_carea' id='block_1_59' title="bbox 2126 2671 3705 2760">
    <p class='ocr_par' dir='ltr' id='par_1_59' title="bbox 2126 2671 3705 2760">
     <span class='ocr_line' id='line_1_59' title="bbox 2126 2671 3705 2760; baseline -0.013 -17"><span class='ocrx_word' id='word_1_433' title='bbox 2126 2686 2392 2760; x_wconf 81' lang='grc' dir='ltr'>προτέρου</span> <span class='ocrx_word' id='word_1_434' title='bbox 2421 2683 2652 2756; x_wconf 78' lang='grc' dir='ltr'>οὐρανοῦ</span> <span class='ocrx_word' id='word_1_435' title='bbox 2689 2682 2786 2755; x_wconf 75' lang='grc' dir='ltr'><strong>τὴν</strong></span> <span class='ocrx_word' id='word_1_436' title='bbox 2814 2682 3000 2752; x_wconf 81' lang='grc' dir='ltr'>χρείαν</span> <span class='ocrx_word' id='word_1_437' title='bbox 3029 2681 3161 2749; x_wconf 78' lang='grc' dir='ltr'>ἡμῖν</span> <span class='ocrx_word' id='word_1_438' title='bbox 3193 2676 3298 2748; x_wconf 83' lang='grc' dir='ltr'><strong>πλη</strong></span> <span class='ocrx_word' id='word_1_439' title='bbox 3310 2675 3437 2747; x_wconf 83' lang='grc' dir='ltr'>ρῶν,</span> <span class='ocrx_word' id='word_1_440' title='bbox 3473 2671 3705 2744; x_wconf 86' lang='grc' dir='ltr'>οὐρανὸς</span> 
     </span>
    </p>
   </div>
   <div class='ocr_carea' id='block_1_60' title="bbox 2128 2762 3705 2853">
    <p class='ocr_par' dir='ltr' id='par_1_60' title="bbox 2128 2762 3705 2853">
     <span class='ocr_line' id='line_1_60' title="bbox 2128 2762 3705 2853; baseline -0.013 -19"><span class='ocrx_word' id='word_1_441' title='bbox 2128 2777 2585 2853; x_wconf 82' lang='grc' dir='ltr'>προσωνομάσθη,</span> <span class='ocrx_word' id='word_1_442' title='bbox 2615 2776 2750 2847; x_wconf 80' lang='grc' dir='ltr'><strong>Διχῆ</strong></span> <span class='ocrx_word' id='word_1_443' title='bbox 2772 2774 2828 2828; x_wconf 84' lang='grc' dir='ltr'>δὲ</span> <span class='ocrx_word' id='word_1_444' title='bbox 2859 2771 3018 2826; x_wconf 84' lang='grc' dir='ltr'>διεῖλε</span> <span class='ocrx_word' id='word_1_445' title='bbox 3051 2769 3158 2823; x_wconf 85' lang='grc' dir='ltr'><strong>τῶν</strong></span> <span class='ocrx_word' id='word_1_446' title='bbox 3181 2767 3389 2822; x_wconf 80' lang='grc' dir='ltr'>ὑδάτων</span> <span class='ocrx_word' id='word_1_447' title='bbox 3415 2763 3513 2835; x_wconf 77' lang='grc' dir='ltr'><strong>τὴν</strong></span> <span class='ocrx_word' id='word_1_448' title='bbox 3541 2762 3705 2832; x_wconf 76' lang='grc' dir='ltr'>φύσιν</span> 
     </span>
    </p>
   </div>
   <div class='ocr_carea' id='block_1_61' title="bbox 2127 2855 3706 2933">
    <p class='ocr_par' dir='ltr' id='par_1_61' title="bbox 2127 2855 3706 2933">
     <span class='ocr_line' id='line_1_61' title="bbox 2127 2855 3706 2933; baseline -0.013 -6"><span class='ocrx_word' id='word_1_449' title='bbox 2127 2874 2157 2927; x_wconf 91' lang='lat'><strong>6</strong></span> <span class='ocrx_word' id='word_1_450' title='bbox 2182 2869 2290 2923; x_wconf 84' lang='grc' dir='ltr'><strong>τῶν</strong></span> <span class='ocrx_word' id='word_1_451' title='bbox 2324 2868 2463 2922; x_wconf 80' lang='grc' dir='ltr'>ὅλων</span> <span class='ocrx_word' id='word_1_452' title='bbox 2492 2867 2624 2930; x_wconf 80' lang='grc' dir='ltr'>Θεός</span> <span class='ocrx_word' id='word_1_453' title='bbox 2647 2882 2660 2895; x_wconf 84' lang='grc'><em>’</em></span> <span class='ocrx_word' id='word_1_454' title='bbox 2699 2866 2792 2919; x_wconf 69' lang='grc' dir='ltr'><strong>καὶ</strong></span> <span class='ocrx_word' id='word_1_455' title='bbox 2822 2862 2892 2917; x_wconf 77' lang='grc' dir='ltr'>τὰ</span> <span class='ocrx_word' id='word_1_456' title='bbox 2925 2863 3023 2933; x_wconf 82' lang='grc' dir='ltr'><strong>μὲν</strong></span> <span class='ocrx_word' id='word_1_457' title='bbox 3054 2859 3263 2914; x_wconf 76' lang='grc' dir='ltr'>ἄνωθεν</span> <span class='ocrx_word' id='word_1_458' title='bbox 3296 2855 3598 2910; x_wconf 84' lang='grc' dir='ltr'>ὲπιτέθεικε</span> <span class='ocrx_word' id='word_1_459' title='bbox 3621 2855 3706 2927; x_wconf 83' lang='grc' dir='ltr'>τῷ</span> 
     </span>
    </p>
   </div>
   <div class='ocr_carea' id='block_1_62' title="bbox 2131 2945 3706 3034">
    <p class='ocr_par' dir='ltr' id='par_1_62' title="bbox 2131 2945 3706 3034">
     <span class='ocr_line' id='line_1_62' title="bbox 2131 2945 3706 3034; baseline -0.011 -18"><span class='ocrx_word' id='word_1_460' title='bbox 2131 2960 2492 3034; x_wconf 75' lang='grc' dir='ltr'>περεώματι,</span> <span class='ocrx_word' id='word_1_461' title='bbox 2527 2957 2595 3010; x_wconf 83' lang='grc' dir='ltr'>τὰ</span> <span class='ocrx_word' id='word_1_462' title='bbox 2637 2954 2693 3009; x_wconf 82' lang='grc' dir='ltr'><strong>δὲ</strong></span> <span class='ocrx_word' id='word_1_463' title='bbox 2726 2957 2875 3008; x_wconf 73' lang='grc' dir='ltr'>κάτω</span> <span class='ocrx_word' id='word_1_464' title='bbox 2907 2951 3300 3007; x_wconf 78' lang='grc' dir='ltr'>καταλέλοιπεν</span> <span class='ocrx_word' id='word_1_465' title='bbox 3321 2965 3334 2978; x_wconf 89' lang='grc'><strong>·</strong></span> <span class='ocrx_word' id='word_1_466' title='bbox 3372 2948 3456 3001; x_wconf 80' lang='grc' dir='ltr'><strong>ἵνα</strong></span> <span class='ocrx_word' id='word_1_467' title='bbox 3491 2946 3559 2999; x_wconf 86' lang='grc' dir='ltr'><strong>τὰ</strong></span> <span class='ocrx_word' id='word_1_468' title='bbox 3602 2945 3706 3016; x_wconf 77' lang='grc' dir='ltr'><strong>μὲν</strong></span> 
     </span>
    </p>
   </div>
   <div class='ocr_carea' id='block_1_63' title="bbox 449 3036 2021 3120">
    <p class='ocr_par' dir='ltr' id='par_1_63' title="bbox 449 3040 2021 3120">
     <span class='ocr_line' id='line_1_63' title="bbox 449 3040 2021 3120; baseline 0.01 -26"><span class='ocrx_word' id='word_1_469' title='bbox 449 3054 542 3095; x_wconf 81' lang='lat' dir='ltr'><strong>res</strong></span> <span class='ocrx_word' id='word_1_470' title='bbox 566 3040 668 3097; x_wconf 86' lang='lat' dir='ltr'><strong>illae</strong></span> <span class='ocrx_word' id='word_1_471' title='bbox 728 3057 829 3098; x_wconf 89' lang='lat' dir='ltr'><strong>sua</strong></span> <span class='ocrx_word' id='word_1_472' title='bbox 857 3044 1181 3101; x_wconf 83' lang='lat' dir='ltr'><strong>humiditate</strong></span> <span class='ocrx_word' id='word_1_473' title='bbox 1215 3055 1379 3119; x_wconf 90' lang='lat' dir='ltr'><strong>atque</strong></span> <span class='ocrx_word' id='word_1_474' title='bbox 1419 3047 1722 3120; x_wconf 78' lang='lat' dir='ltr'><strong>frigiditate</strong></span> <span class='ocrx_word' id='word_1_475' title='bbox 1782 3068 1890 3108; x_wconf 91' lang='lat' dir='ltr'><strong>non</strong></span> <span class='ocrx_word' id='word_1_476' title='bbox 1952 3055 2021 3111; x_wconf 88' lang='lat' dir='ltr'><strong>si-</strong></span> 
     </span>
    </p>
   </div>
   <div class='ocr_carea' id='block_1_64' title="bbox 2123 3036 3704 3120">
    <p class='ocr_par' dir='ltr' id='par_1_64' title="bbox 2127 3036 3704 3118">
     <span class='ocr_line' id='line_1_64' title="bbox 2127 3036 3704 3118; baseline -0.011 -11"><span class='ocrx_word' id='word_1_477' title='bbox 2127 3051 2333 3107; x_wconf 81' lang='grc' dir='ltr'>ᾶνωθεν</span> <span class='ocrx_word' id='word_1_478' title='bbox 2361 3048 2683 3118; x_wconf 76' lang='grc' dir='ltr'>ἐπικείμενα</span> <span class='ocrx_word' id='word_1_479' title='bbox 2706 3048 2773 3118; x_wconf 86' lang='grc' dir='ltr'>τῇ</span> <span class='ocrx_word' id='word_1_480' title='bbox 2800 3063 2859 3099; x_wconf 87' lang='grc' dir='ltr'><strong>τε</strong></span> <span class='ocrx_word' id='word_1_481' title='bbox 2891 3043 3149 3115; x_wconf 77' lang='grc' dir='ltr'>ὑγρότητι</span> <span class='ocrx_word' id='word_1_482' title='bbox 3176 3041 3270 3096; x_wconf 75' lang='grc' dir='ltr'><strong>καὶ</strong></span> <span class='ocrx_word' id='word_1_483' title='bbox 3295 3038 3593 3111; x_wconf 74' lang='grc' dir='ltr'>ψυχρότητι</span> <span class='ocrx_word' id='word_1_484' title='bbox 3628 3036 3704 3109; x_wconf 78' lang='grc' dir='ltr'>μὴ</span> 
     </span>
    </p>
   </div>
   <div class='ocr_carea' id='block_1_65' title="bbox 449 3136 2024 3214">
    <p class='ocr_par' dir='ltr' id='par_1_65' title="bbox 449 3136 2024 3214">
     <span class='ocr_line' id='line_1_65' title="bbox 449 3136 2024 3214; baseline 0.01 -29"><span class='ocrx_word' id='word_1_485' title='bbox 449 3141 644 3188; x_wconf 84' lang='lat' dir='ltr'><strong>nerent</strong></span> <span class='ocrx_word' id='word_1_486' title='bbox 670 3136 946 3207; x_wconf 84' lang='lat' dir='ltr'><strong>corrumpi</strong></span> <span class='ocrx_word' id='word_1_487' title='bbox 983 3136 1380 3196; x_wconf 82' lang='lat' dir='ltr'><strong>ﬁrmamentum</strong></span> <span class='ocrx_word' id='word_1_488' title='bbox 1419 3140 1629 3214; x_wconf 83' lang='lat' dir='ltr'><strong>abigne</strong></span> <span class='ocrx_word' id='word_1_489' title='bbox 1654 3144 2024 3213; x_wconf 86' lang='lat' dir='ltr'><strong>luminarium,</strong></span> 
     </span>
    </p>
   </div>
   <div class='ocr_carea' id='block_1_66' title="bbox 458 3221 2029 3298">
    <p class='ocr_par' dir='ltr' id='par_1_66' title="bbox 458 3221 2029 3298">
     <span class='ocr_line' id='line_1_66' title="bbox 458 3221 2029 3298; baseline 0.01 -23"><span class='ocrx_word' id='word_1_490' title='bbox 458 3221 684 3291; x_wconf 70' lang='lat' dir='ltr'><strong>reliqua:</strong></span> <span class='ocrx_word' id='word_1_491' title='bbox 719 3239 849 3280; x_wconf 61' lang='lat' dir='ltr'><strong>vero</strong></span> <span class='ocrx_word' id='word_1_492' title='bbox 894 3241 1017 3297; x_wconf 85' lang='lat' dir='ltr'><strong>quae</strong></span> <span class='ocrx_word' id='word_1_493' title='bbox 1063 3227 1322 3285; x_wconf 90' lang='lat' dir='ltr'><strong>deorsum</strong></span> <span class='ocrx_word' id='word_1_494' title='bbox 1356 3244 1758 3298; x_wconf 88' lang='lat' dir='ltr'><strong>remanserunt,</strong></span> <span class='ocrx_word' id='word_1_495' title='bbox 1798 3237 1914 3292; x_wconf 92' lang='lat' dir='ltr'><strong>suis</strong></span> <span class='ocrx_word' id='word_1_496' title='bbox 1936 3253 2029 3291; x_wconf 67' lang='grc' dir='ltr'>νος</span> 
     </span>
    </p>
   </div>
   <div class='ocr_carea' id='block_1_67' title="bbox 452 3310 2029 3383">
    <p class='ocr_par' dir='ltr' id='par_1_67' title="bbox 452 3310 2029 3383">
     <span class='ocr_line' id='line_1_67' title="bbox 452 3310 2029 3383; baseline 0.016 -25"><span class='ocrx_word' id='word_1_497' title='bbox 452 3310 681 3377; x_wconf 72' lang='lat' dir='ltr'><strong>poribus</strong></span> <span class='ocrx_word' id='word_1_498' title='bbox 730 3327 911 3368; x_wconf 88' lang='lat' dir='ltr'><strong>aerem</strong></span> <span class='ocrx_word' id='word_1_499' title='bbox 949 3315 1167 3371; x_wconf 83' lang='lat' dir='ltr'><strong>foveant</strong></span> <span class='ocrx_word' id='word_1_500' title='bbox 1215 3328 1468 3377; x_wconf 80' lang='lat' dir='ltr'><strong>exustum</strong></span> <span class='ocrx_word' id='word_1_501' title='bbox 1500 3332 1554 3378; x_wconf 93' lang='lat' dir='ltr'><strong>et</strong></span> <span class='ocrx_word' id='word_1_502' title='bbox 1597 3324 1929 3381; x_wconf 81' lang='lat' dir='ltr'><strong>exsiccatum</strong></span> <span class='ocrx_word' id='word_1_503' title='bbox 1960 3328 2029 3383; x_wconf 88' lang='lat' dir='ltr'><strong>ab</strong></span> 
     </span>
    </p>
   </div>
   <div class='ocr_carea' id='block_1_68' title="bbox 453 3401 2027 3482">
    <p class='ocr_par' dir='ltr' id='par_1_68' title="bbox 453 3401 2027 3482">
     <span class='ocr_line' id='line_1_68' title="bbox 453 3401 2027 3482; baseline 0.013 -27"><span class='ocrx_word' id='word_1_504' title='bbox 453 3401 581 3469; x_wconf 82' lang='lat' dir='ltr'><strong>igne</strong></span> <span class='ocrx_word' id='word_1_505' title='bbox 615 3404 916 3474; x_wconf 86' lang='lat' dir='ltr'><strong>superiore.</strong></span> <span class='ocrx_word' id='word_1_506' title='bbox 980 3406 1084 3475; x_wconf 85' lang='lat' dir='ltr'><strong>Qui</strong></span> <span class='ocrx_word' id='word_1_507' title='bbox 1129 3411 1296 3482; x_wconf 91' lang='lat' dir='ltr'><strong>igitur</strong></span> <span class='ocrx_word' id='word_1_508' title='bbox 1340 3429 1450 3470; x_wconf 89' lang='lat' dir='ltr'><strong>non</strong></span> <span class='ocrx_word' id='word_1_509' title='bbox 1504 3418 1675 3473; x_wconf 83' lang='lat' dir='ltr'><strong>credit</strong></span> <span class='ocrx_word' id='word_1_510' title='bbox 1727 3420 2027 3476; x_wconf 88' lang='lat' dir='ltr'><strong>secundum</strong></span> 
     </span>
    </p>
   </div>
   <div class='ocr_carea' id='block_1_69' title="bbox 453 3496 2027 3584">
    <p class='ocr_par' dir='ltr' id='par_1_69' title="bbox 453 3496 2027 3584">
     <span class='ocr_line' id='line_1_69' title="bbox 453 3496 2027 3584; baseline 0.014 -37"><span class='ocrx_word' id='word_1_511' title='bbox 453 3508 579 3550; x_wconf 87' lang='lat' dir='ltr'><strong>esse</strong></span> <span class='ocrx_word' id='word_1_512' title='bbox 607 3496 831 3563; x_wconf 86' lang='lat' dir='ltr'><strong>coelum,</strong></span> <span class='ocrx_word' id='word_1_513' title='bbox 863 3509 1017 3556; x_wconf 80' lang='lat' dir='ltr'><strong>extra</strong></span> <span class='ocrx_word' id='word_1_514' title='bbox 1069 3504 1320 3559; x_wconf 90' lang='lat' dir='ltr'><strong>semitam</strong></span> <span class='ocrx_word' id='word_1_515' title='bbox 1384 3515 1589 3563; x_wconf 89' lang='lat' dir='ltr'><strong>rectam</strong></span> <span class='ocrx_word' id='word_1_516' title='bbox 1648 3509 1882 3567; x_wconf 90' lang='lat' dir='ltr'><strong>incedit:</strong></span> <span class='ocrx_word' id='word_1_517' title='bbox 1934 3514 2027 3584; x_wconf 90' lang='lat' dir='ltr'><strong>qui</strong></span> 
     </span>
    </p>
   </div>
   <div class='ocr_carea' id='block_1_70' title="bbox 453 3589 2027 3671">
    <p class='ocr_par' dir='ltr' id='par_1_70' title="bbox 453 3589 2027 3671">
     <span class='ocr_line' id='line_1_70' title="bbox 453 3589 2027 3671; baseline 0.015 -32"><span class='ocrx_word' id='word_1_518' title='bbox 453 3600 586 3642; x_wconf 75' lang='lat' dir='ltr'><strong>vero</strong></span> <span class='ocrx_word' id='word_1_519' title='bbox 631 3589 814 3658; x_wconf 91' lang='lat' dir='ltr'><strong>plures</strong></span> <span class='ocrx_word' id='word_1_520' title='bbox 863 3607 1157 3650; x_wconf 86' lang='lat' dir='ltr'><strong>numerare</strong></span> <span class='ocrx_word' id='word_1_521' title='bbox 1206 3607 1459 3668; x_wconf 88' lang='lat' dir='ltr'><strong>conatur,</strong></span> <span class='ocrx_word' id='word_1_522' title='bbox 1515 3601 1757 3659; x_wconf 77' lang='lat' dir='ltr'><strong>adhaeret</strong></span> <span class='ocrx_word' id='word_1_523' title='bbox 1808 3603 2027 3671; x_wconf 78' lang='lat' dir='ltr'><strong>fabulis,</strong></span> 
     </span>
    </p>
   </div>
   <div class='ocr_carea' id='block_1_71' title="bbox 436 3680 2026 3755">
    <p class='ocr_par' dir='ltr' id='par_1_71' title="bbox 436 3680 2026 3755">
     <span class='ocr_line' id='line_1_71' title="bbox 436 3680 2026 3755; baseline 0.008 -19"><span class='ocrx_word' id='word_1_524' title='bbox 436 3680 759 3748; x_wconf 78' lang='lat' dir='ltr'><strong>postposita</strong></span> <span class='ocrx_word' id='word_1_525' title='bbox 788 3681 960 3739; x_wconf 77' lang='lat' dir='ltr'><strong>divini</strong></span> <span class='ocrx_word' id='word_1_526' title='bbox 984 3682 1221 3755; x_wconf 85' lang='lat' dir='ltr'><strong>Spiritus</strong></span> <span class='ocrx_word' id='word_1_527' title='bbox 1245 3688 1514 3746; x_wconf 85' lang='lat' dir='ltr'><strong>doctrina.</strong></span> <span class='ocrx_word' id='word_1_528' title='bbox 1535 3690 1826 3749; x_wconf 83' lang='lat' dir='ltr'><strong>Pluraliter</strong></span> <span class='ocrx_word' id='word_1_529' title='bbox 1849 3706 2026 3750; x_wconf 86' lang='lat' dir='ltr'><strong>autem</strong></span> 
     </span>
    </p>
   </div>
   <div class='ocr_carea' id='block_1_72' title="bbox 455 3767 2027 3850">
    <p class='ocr_par' dir='ltr' id='par_1_72' title="bbox 455 3767 2027 3850">
     <span class='ocr_line' id='line_1_72' title="bbox 455 3767 2027 3850; baseline 0.013 -31"><span class='ocrx_word' id='word_1_530' title='bbox 455 3767 641 3823; x_wconf 81' lang='lat' dir='ltr'><strong>divina</strong></span> <span class='ocrx_word' id='word_1_531' title='bbox 684 3768 975 3842; x_wconf 86' lang='lat' dir='ltr'><strong>Scriptura</strong></span> <span class='ocrx_word' id='word_1_532' title='bbox 1002 3776 1172 3832; x_wconf 76' lang='lat' dir='ltr'><strong>cmlos</strong></span> <span class='ocrx_word' id='word_1_533' title='bbox 1210 3790 1512 3850; x_wconf 86' lang='lat' dir='ltr'><strong>nuncupat,</strong></span> <span class='ocrx_word' id='word_1_534' title='bbox 1564 3781 1787 3838; x_wconf 88' lang='lat' dir='ltr'><strong>dicens:</strong></span> <span class='ocrx_word' id='word_1_535' title='bbox 1835 3802 1852 3835; x_wconf 77' lang='grc' dir='ltr'><strong>ι</strong></span> <span class='ocrx_word' id='word_1_536' title='bbox 1893 3786 2027 3839; x_wconf 87' lang='lat' dir='ltr'><strong>Coeli</strong></span> 
     </span>
    </p>
   </div>
   <div class='ocr_carea' id='block_1_73' title="bbox 454 3859 2029 3946">
    <p class='ocr_par' dir='ltr' id='par_1_73' title="bbox 454 3859 2029 3946">
     <span class='ocr_line' id='line_1_73' title="bbox 454 3859 2029 3946; baseline 0.013 -34"><span class='ocrx_word' id='word_1_537' title='bbox 454 3859 760 3916; x_wconf 77' lang='lat' dir='ltr'><strong>ctelorum:</strong></span> <span class='ocrx_word' id='word_1_538' title='bbox 790 3880 810 3914; x_wconf 73' lang='grc' dir='ltr'><strong>ι</strong></span> <span class='ocrx_word' id='word_1_539' title='bbox 850 3865 1110 3933; x_wconf 83' lang='lat' dir='ltr'><strong>quoniam</strong></span> <span class='ocrx_word' id='word_1_540' title='bbox 1142 3867 1410 3928; x_wconf 84' lang='lat' dir='ltr'><strong>Hebraica</strong></span> <span class='ocrx_word' id='word_1_541' title='bbox 1449 3873 1632 3944; x_wconf 86' lang='lat' dir='ltr'><strong>lingua</strong></span> <span class='ocrx_word' id='word_1_542' title='bbox 1690 3890 1869 3946; x_wconf 88' lang='lat' dir='ltr'><strong>neque</strong></span> <span class='ocrx_word' id='word_1_543' title='bbox 1915 3892 2029 3932; x_wconf 78' lang='lat' dir='ltr'><strong>cte-</strong></span> 
     </span>
    </p>
   </div>
   <div class='ocr_carea' id='block_1_74' title="bbox 455 3948 2031 4039">
    <p class='ocr_par' dir='ltr' id='par_1_74' title="bbox 455 3948 2031 4039">
     <span class='ocr_line' id='line_1_74' title="bbox 455 3948 2031 4039; baseline 0.014 -37"><span class='ocrx_word' id='word_1_544' title='bbox 455 3948 593 4017; x_wconf 90' lang='lat' dir='ltr'><strong>lum,</strong></span> <span class='ocrx_word' id='word_1_545' title='bbox 625 3967 800 4023; x_wconf 83' lang='lat' dir='ltr'><strong>neque</strong></span> <span class='ocrx_word' id='word_1_546' title='bbox 828 3968 1027 4026; x_wconf 91' lang='lat' dir='ltr'><strong>aquam</strong></span> <span class='ocrx_word' id='word_1_547' title='bbox 1059 3960 1320 4031; x_wconf 78' lang='lat' dir='ltr'><strong>singulari</strong></span> <span class='ocrx_word' id='word_1_548' title='bbox 1360 3977 1592 4021; x_wconf 89' lang='lat' dir='ltr'><strong>numero</strong></span> <span class='ocrx_word' id='word_1_549' title='bbox 1637 3966 1788 4021; x_wconf 87' lang='lat' dir='ltr'><strong>novit</strong></span> <span class='ocrx_word' id='word_1_550' title='bbox 1845 3969 2031 4039; x_wconf 87' lang='lat' dir='ltr'><strong>appel-</strong></span> 
     </span>
    </p>
   </div>
   <div class='ocr_carea' id='block_1_75' title="bbox 454 4041 2030 4115">
    <p class='ocr_par' dir='ltr' id='par_1_75' title="bbox 454 4041 2030 4115">
     <span class='ocr_line' id='line_1_75' title="bbox 454 4041 2030 4115; baseline 0.012 -21"><span class='ocrx_word' id='word_1_551' title='bbox 454 4041 594 4096; x_wconf 86' lang='lat' dir='ltr'><strong>lare.</strong></span> <span class='ocrx_word' id='word_1_552' title='bbox 647 4042 908 4114; x_wconf 77' lang='lat' dir='ltr'><strong>Reperire</strong></span> <span class='ocrx_word' id='word_1_553' title='bbox 943 4060 1127 4105; x_wconf 90' lang='lat' dir='ltr'><strong>autem</strong></span> <span class='ocrx_word' id='word_1_554' title='bbox 1155 4062 1242 4109; x_wconf 87' lang='lat' dir='ltr'><strong>est</strong></span> <span class='ocrx_word' id='word_1_555' title='bbox 1304 4054 1504 4112; x_wconf 85' lang='lat' dir='ltr'><strong>similia</strong></span> <span class='ocrx_word' id='word_1_556' title='bbox 1550 4059 1720 4112; x_wconf 88' lang='lat' dir='ltr'><strong>multa</strong></span> <span class='ocrx_word' id='word_1_557' title='bbox 1749 4058 1891 4114; x_wconf 90' lang='lat' dir='ltr'><strong>inter</strong></span> <span class='ocrx_word' id='word_1_558' title='bbox 1950 4062 2030 4115; x_wconf 90' lang='lat' dir='ltr'><strong>di-</strong></span> 
     </span>
    </p>
   </div>
   <div class='ocr_carea' id='block_1_76' title="bbox 452 4134 2028 4208">
    <p class='ocr_par' dir='ltr' id='par_1_76' title="bbox 452 4134 2028 4208">
     <span class='ocr_line' id='line_1_76' title="bbox 452 4134 2028 4208; baseline 0.011 -18"><span class='ocrx_word' id='word_1_559' title='bbox 452 4134 664 4192; x_wconf 86' lang='lat' dir='ltr'><strong>ctiones</strong></span> <span class='ocrx_word' id='word_1_560' title='bbox 708 4136 945 4196; x_wconf 64' lang='lat' dir='ltr'><strong>Graecas.</strong></span> <span class='ocrx_word' id='word_1_561' title='bbox 987 4140 1186 4201; x_wconf 89' lang='lat' dir='ltr'><strong>Nullus</strong></span> <span class='ocrx_word' id='word_1_562' title='bbox 1237 4146 1383 4202; x_wconf 91' lang='lat' dir='ltr'><strong>enim</strong></span> <span class='ocrx_word' id='word_1_563' title='bbox 1440 4149 1713 4205; x_wconf 86' lang='lat' dir='ltr'><strong>civitatem</strong></span> <span class='ocrx_word' id='word_1_564' title='bbox 1762 4150 2028 4208; x_wconf 87' lang='lat' dir='ltr'><strong>Athenam</strong></span> 
     </span>
    </p>
   </div>
   <div class='ocr_carea' id='block_1_77' title="bbox 455 4222 2033 4314">
    <p class='ocr_par' dir='ltr' id='par_1_77' title="bbox 455 4222 2033 4314">
     <span class='ocr_line' id='line_1_77' title="bbox 455 4222 2033 4314; baseline 0.011 -30"><span class='ocrx_word' id='word_1_565' title='bbox 455 4229 720 4301; x_wconf 76' lang='lat' dir='ltr'><strong>singulari</strong></span> <span class='ocrx_word' id='word_1_566' title='bbox 803 4249 1032 4291; x_wconf 87' lang='lat' dir='ltr'><strong>numero</strong></span> <span class='ocrx_word' id='word_1_567' title='bbox 1085 4222 1330 4295; x_wconf 78' lang='lat' dir='ltr'><strong>vocitare</strong></span> <span class='ocrx_word' id='word_1_568' title='bbox 1381 4240 1542 4307; x_wconf 87' lang='lat' dir='ltr'><strong>solet,</strong></span> <span class='ocrx_word' id='word_1_569' title='bbox 1601 4242 1697 4299; x_wconf 91' lang='lat' dir='ltr'><strong>sed</strong></span> <span class='ocrx_word' id='word_1_570' title='bbox 1751 4244 2033 4314; x_wconf 88' lang='lat' dir='ltr'><strong>pluraliter</strong></span> 
     </span>
    </p>
   </div>
   <div class='ocr_carea' id='block_1_78' title="bbox 2130 3129 3709 3215">
    <p class='ocr_par' dir='ltr' id='par_1_78' title="bbox 2130 3129 3709 3215">
     <span class='ocr_line' id='line_1_78' title="bbox 2130 3129 3709 3215; baseline -0.01 -17"><span class='ocrx_word' id='word_1_571' title='bbox 2130 3144 2387 3215; x_wconf 78' lang='grc' dir='ltr'>συγχωρῇ</span> <span class='ocrx_word' id='word_1_572' title='bbox 2419 3139 2495 3212; x_wconf 84' lang='grc' dir='ltr'>τῷ</span> <span class='ocrx_word' id='word_1_573' title='bbox 2527 3139 2660 3210; x_wconf 80' lang='grc' dir='ltr'>πυρὶ</span> <span class='ocrx_word' id='word_1_574' title='bbox 2692 3138 2801 3193; x_wconf 89' lang='grc' dir='ltr'><strong>τῶν</strong></span> <span class='ocrx_word' id='word_1_575' title='bbox 2832 3138 3133 3209; x_wconf 72' lang='grc' dir='ltr'>φωστὴρων</span> <span class='ocrx_word' id='word_1_576' title='bbox 3177 3132 3452 3187; x_wconf 79' lang='grc' dir='ltr'>λωϐᾶσθαι</span> <span class='ocrx_word' id='word_1_577' title='bbox 3486 3129 3545 3183; x_wconf 88' lang='grc' dir='ltr'><strong>τὸ</strong></span> <span class='ocrx_word' id='word_1_578' title='bbox 3583 3144 3709 3184; x_wconf 82' lang='grc' dir='ltr'>στε-</span> 
     </span>
    </p>
   </div>
   <div class='ocr_carea' id='block_1_79' title="bbox 2130 3224 3695 3308">
    <p class='ocr_par' dir='ltr' id='par_1_79' title="bbox 2130 3224 3695 3308">
     <span class='ocr_line' id='line_1_79' title="bbox 2130 3224 3695 3308; baseline -0.009 -20"><span class='ocrx_word' id='word_1_579' title='bbox 2130 3236 2353 3308; x_wconf 83' lang='grc' dir='ltr'>ρέωμα·</span> <span class='ocrx_word' id='word_1_580' title='bbox 2398 3232 2470 3286; x_wconf 75' lang='grc' dir='ltr'>τὰ</span> <span class='ocrx_word' id='word_1_581' title='bbox 2495 3230 2553 3285; x_wconf 78' lang='grc' dir='ltr'>δὲ</span> <span class='ocrx_word' id='word_1_582' title='bbox 2580 3230 2733 3284; x_wconf 81' lang='grc' dir='ltr'>κάτω</span> <span class='ocrx_word' id='word_1_583' title='bbox 2768 3227 3114 3300; x_wconf 83' lang='grc' dir='ltr'>μεμενηκότα</span> <span class='ocrx_word' id='word_1_584' title='bbox 3154 3224 3418 3297; x_wconf 65' lang='grc' dir='ltr'>διατρέφει</span> <span class='ocrx_word' id='word_1_585' title='bbox 3457 3224 3570 3286; x_wconf 86' lang='grc' dir='ltr'>τοῖς</span> <span class='ocrx_word' id='word_1_586' title='bbox 3604 3224 3695 3275; x_wconf 78' lang='grc' dir='ltr'><strong>ἁτ-</strong></span> 
     </span>
    </p>
   </div>
   <div class='ocr_carea' id='block_1_80' title="bbox 2132 3311 3706 3409">
    <p class='ocr_par' dir='ltr' id='par_1_80' title="bbox 2132 3311 3706 3409">
     <span class='ocr_line' id='line_1_80' title="bbox 2132 3311 3706 3409; baseline -0.01 -29"><span class='ocrx_word' id='word_1_587' title='bbox 2132 3328 2253 3396; x_wconf 77' lang='grc' dir='ltr'><strong>μοῖς</strong></span> <span class='ocrx_word' id='word_1_588' title='bbox 2289 3324 2379 3379; x_wconf 89' lang='grc' dir='ltr'><strong>τὸν</strong></span> <span class='ocrx_word' id='word_1_589' title='bbox 2415 3322 2553 3395; x_wconf 85' lang='grc' dir='ltr'>ἀέρα</span> <span class='ocrx_word' id='word_1_590' title='bbox 2591 3320 3018 3391; x_wconf 86' lang='grc' dir='ltr'>διαυαινόμενον,</span> <span class='ocrx_word' id='word_1_591' title='bbox 3057 3317 3152 3372; x_wconf 74' lang='grc' dir='ltr'><strong>καὶ</strong></span> <span class='ocrx_word' id='word_1_592' title='bbox 3181 3311 3706 3409; x_wconf 19' lang='grc' dir='ltr'>ξηραινόμενονᾳὺττὸ</span> 
     </span>
    </p>
   </div>
   <div class='ocr_carea' id='block_1_81' title="bbox 2127 3401 3709 3484">
    <p class='ocr_par' dir='ltr' id='par_1_81' title="bbox 2127 3401 3709 3484">
     <span class='ocr_line' id='line_1_81' title="bbox 2127 3401 3709 3484; baseline -0.011 -13"><span class='ocrx_word' id='word_1_593' title='bbox 2127 3418 2222 3472; x_wconf 78' lang='grc' dir='ltr'>τοῦ</span> <span class='ocrx_word' id='word_1_594' title='bbox 2255 3416 2462 3473; x_wconf 79' lang='grc' dir='ltr'>ἄνωθεν</span> <span class='ocrx_word' id='word_1_595' title='bbox 2495 3412 2849 3484; x_wconf 74' lang='grc' dir='ltr'>ἐπικειμένου</span> <span class='ocrx_word' id='word_1_596' title='bbox 2880 3410 3075 3481; x_wconf 83' lang='grc' dir='ltr'>πυρός.</span> <span class='ocrx_word' id='word_1_597' title='bbox 3111 3401 3412 3480; x_wconf 72' lang='grc' dir='ltr'>Τοιγαροῦν</span> <span class='ocrx_word' id='word_1_598' title='bbox 3443 3404 3538 3460; x_wconf 83' lang='grc' dir='ltr'>καὶ</span> <span class='ocrx_word' id='word_1_599' title='bbox 3571 3405 3598 3456; x_wconf 87' lang='grc' dir='ltr'>ὀ</span> <span class='ocrx_word' id='word_1_600' title='bbox 3627 3401 3709 3474; x_wconf 81' lang='grc' dir='ltr'>τῷ</span> 
     </span>
    </p>
   </div>
   <div class='ocr_carea' id='block_1_82' title="bbox 2126 3495 3710 3581">
    <p class='ocr_par' dir='ltr' id='par_1_82' title="bbox 2126 3495 3710 3581">
     <span class='ocr_line' id='line_1_82' title="bbox 2126 3495 3710 3581; baseline -0.01 -16"><span class='ocrx_word' id='word_1_601' title='bbox 2126 3512 2367 3581; x_wconf 83' lang='grc' dir='ltr'>δευτέρῳ</span> <span class='ocrx_word' id='word_1_602' title='bbox 2413 3506 2712 3562; x_wconf 87' lang='grc' dir='ltr'>διαπιστῶν</span> <span class='ocrx_word' id='word_1_603' title='bbox 2743 3501 2958 3577; x_wconf 81' lang='grc' dir='ltr'>οὐρανῷ</span> <span class='ocrx_word' id='word_1_604' title='bbox 2986 3500 3091 3569; x_wconf 75' lang='grc' dir='ltr'><strong>ἔξω</strong></span> <span class='ocrx_word' id='word_1_605' title='bbox 3137 3499 3311 3572; x_wconf 85' lang='grc' dir='ltr'>βαίνει</span> <span class='ocrx_word' id='word_1_606' title='bbox 3347 3498 3445 3568; x_wconf 74' lang='grc' dir='ltr'>τῆς</span> <span class='ocrx_word' id='word_1_607' title='bbox 3490 3495 3710 3558; x_wconf 74' lang='grc' dir='ltr'>εὐθείας</span> 
     </span>
    </p>
   </div>
   <div class='ocr_carea' id='block_1_83' title="bbox 2126 3586 3708 3665">
    <p class='ocr_par' dir='ltr' id='par_1_83' title="bbox 2126 3586 3708 3665">
     <span class='ocr_line' id='line_1_83' title="bbox 2126 3586 3708 3665; baseline -0.011 -9"><span class='ocrx_word' id='word_1_608' title='bbox 2126 3602 2284 3656; x_wconf 79' lang='grc' dir='ltr'>ὁδοῦ·</span> <span class='ocrx_word' id='word_1_609' title='bbox 2337 3599 2432 3654; x_wconf 74' lang='grc' dir='ltr'><strong>καὶ</strong></span> <span class='ocrx_word' id='word_1_610' title='bbox 2481 3599 2510 3652; x_wconf 89' lang='lat'><strong>6</strong></span> <span class='ocrx_word' id='word_1_611' title='bbox 2554 3596 2773 3660; x_wconf 83' lang='grc' dir='ltr'>πλείους</span> <span class='ocrx_word' id='word_1_612' title='bbox 2824 3592 3166 3665; x_wconf 77' lang='grc' dir='ltr'>πειρώμενος</span> <span class='ocrx_word' id='word_1_613' title='bbox 3208 3591 3462 3662; x_wconf 85' lang='grc' dir='ltr'>ἀριθμεῖν</span> <span class='ocrx_word' id='word_1_614' title='bbox 3514 3586 3708 3657; x_wconf 80' lang='grc' dir='ltr'>μύθοις</span> 
     </span>
    </p>
   </div>
   <div class='ocr_carea' id='block_1_84' title="bbox 2127 3678 3713 3762">
    <p class='ocr_par' dir='ltr' id='par_1_84' title="bbox 2127 3678 3713 3762">
     <span class='ocr_line' id='line_1_84' title="bbox 2127 3678 3713 3762; baseline -0.013 -16"><span class='ocrx_word' id='word_1_615' title='bbox 2127 3693 2342 3755; x_wconf 70' lang='grc' dir='ltr'>ἕπεται,</span> <span class='ocrx_word' id='word_1_616' title='bbox 2372 3693 2471 3762; x_wconf 80' lang='grc' dir='ltr'>τῆς</span> <span class='ocrx_word' id='word_1_617' title='bbox 2499 3686 2594 3744; x_wconf 82' lang='grc' dir='ltr'>τοῦ</span> <span class='ocrx_word' id='word_1_618' title='bbox 2623 3687 2769 3741; x_wconf 89' lang='grc' dir='ltr'>θείου</span> <span class='ocrx_word' id='word_1_619' title='bbox 2800 3684 3120 3757; x_wconf 84' lang='grc' dir='ltr'>Πνεύματος</span> <span class='ocrx_word' id='word_1_620' title='bbox 3154 3678 3507 3739; x_wconf 80' lang='grc' dir='ltr'>διδασκαλίας</span> <span class='ocrx_word' id='word_1_621' title='bbox 3535 3690 3713 3728; x_wconf 88' lang='grc' dir='ltr'>κατα-</span> 
     </span>
    </p>
   </div>
   <div class='ocr_carea' id='block_1_85' title="bbox 2129 3768 3709 3856">
    <p class='ocr_par' dir='ltr' id='par_1_85' title="bbox 2129 3768 3709 3856">
     <span class='ocr_line' id='line_1_85' title="bbox 2129 3768 3709 3856; baseline -0.013 -19"><span class='ocrx_word' id='word_1_622' title='bbox 2129 3783 2364 3856; x_wconf 87' lang='grc' dir='ltr'>φρονῶν.</span> <span class='ocrx_word' id='word_1_623' title='bbox 2386 3779 2770 3852; x_wconf 85' lang='grc' dir='ltr'>Πληθυντικῶς</span> <span class='ocrx_word' id='word_1_624' title='bbox 2795 3778 2852 3832; x_wconf 86' lang='grc' dir='ltr'><strong>δέ</strong></span> <span class='ocrx_word' id='word_1_625' title='bbox 2877 3777 2912 3847; x_wconf 83' lang='grc' dir='ltr'><strong>ἡ</strong></span> <span class='ocrx_word' id='word_1_626' title='bbox 2939 3776 3058 3829; x_wconf 85' lang='grc' dir='ltr'>θεία</span> <span class='ocrx_word' id='word_1_627' title='bbox 3081 3771 3275 3844; x_wconf 74' lang='grc' dir='ltr'>Γραφὴ</span> <span class='ocrx_word' id='word_1_628' title='bbox 3296 3771 3419 3833; x_wconf 79' lang='grc' dir='ltr'>τοὺς</span> <span class='ocrx_word' id='word_1_629' title='bbox 3444 3768 3709 3839; x_wconf 73' lang='grc' dir='ltr'>οὐρανοὺς</span> 
     </span>
    </p>
   </div>
   <div class='ocr_carea' id='block_1_86' title="bbox 2127 3858 3706 3944">
    <p class='ocr_par' dir='ltr' id='par_1_86' title="bbox 2127 3858 3706 3944">
     <span class='ocr_line' id='line_1_86' title="bbox 2127 3858 3706 3944; baseline -0.013 -17"><span class='ocrx_word' id='word_1_630' title='bbox 2127 3871 2402 3944; x_wconf 77' lang='grc' dir='ltr'>ὀνομάζει,</span> <span class='ocrx_word' id='word_1_631' title='bbox 2443 3869 2712 3939; x_wconf 77' lang='grc' dir='ltr'>λέγουσαο</span> <span class='ocrx_word' id='word_1_632' title='bbox 2771 3885 2791 3920; x_wconf 79' lang='grc' dir='ltr'><strong>ι</strong></span> <span class='ocrx_word' id='word_1_633' title='bbox 2827 3868 2889 3921; x_wconf 82' lang='grc' dir='ltr'>Οί</span> <span class='ocrx_word' id='word_1_634' title='bbox 2924 3865 3145 3936; x_wconf 68' lang='grc' dir='ltr'>οὐρανοὶ</span> <span class='ocrx_word' id='word_1_635' title='bbox 3195 3863 3303 3917; x_wconf 85' lang='grc' dir='ltr'><strong>τῶν</strong></span> <span class='ocrx_word' id='word_1_636' title='bbox 3355 3858 3633 3931; x_wconf 78' lang='grc' dir='ltr'>οὐρανῶν·</span> <span class='ocrx_word' id='word_1_637' title='bbox 3685 3876 3706 3908; x_wconf 73' lang='grc' dir='ltr'><strong>ι</strong></span> 
     </span>
    </p>
   </div>
   <div class='ocr_carea' id='block_1_87' title="bbox 2127 3947 3707 4036">
    <p class='ocr_par' dir='ltr' id='par_1_87' title="bbox 2127 3947 3707 4036">
     <span class='ocr_line' id='line_1_87' title="bbox 2127 3947 3707 4036; baseline -0.012 -17"><span class='ocrx_word' id='word_1_638' title='bbox 2127 3965 2315 4036; x_wconf 84' lang='grc' dir='ltr'>ἐπειδὴ</span> <span class='ocrx_word' id='word_1_639' title='bbox 2369 3963 2477 4017; x_wconf 86' lang='grc' dir='ltr'><strong>τῶν</strong></span> <span class='ocrx_word' id='word_1_640' title='bbox 2515 3960 2783 4033; x_wconf 76' lang='grc' dir='ltr'>Ἐϐραίων</span> <span class='ocrx_word' id='word_1_641' title='bbox 2813 3960 2847 4031; x_wconf 80' lang='grc' dir='ltr'><strong>ἠ</strong></span> <span class='ocrx_word' id='word_1_642' title='bbox 2881 3957 3097 4027; x_wconf 87' lang='grc' dir='ltr'>γλῶττα</span> <span class='ocrx_word' id='word_1_643' title='bbox 3134 3949 3271 4007; x_wconf 73' lang='grc' dir='ltr'>ὀὔτε</span> <span class='ocrx_word' id='word_1_644' title='bbox 3313 3951 3405 4006; x_wconf 88' lang='grc' dir='ltr'><strong>τὸν</strong></span> <span class='ocrx_word' id='word_1_645' title='bbox 3455 3947 3707 4020; x_wconf 74' lang='grc' dir='ltr'>οὐρανὸν,</span> 
     </span>
    </p>
   </div>
   <div class='ocr_carea' id='block_1_88' title="bbox 2126 4041 3710 4126">
    <p class='ocr_par' dir='ltr' id='par_1_88' title="bbox 2126 4041 3710 4126">
     <span class='ocr_line' id='line_1_88' title="bbox 2126 4041 3710 4126; baseline -0.012 -14"><span class='ocrx_word' id='word_1_646' title='bbox 2126 4054 2251 4112; x_wconf 81' lang='grc' dir='ltr'>οὐτε</span> <span class='ocrx_word' id='word_1_647' title='bbox 2283 4055 2345 4109; x_wconf 87' lang='grc' dir='ltr'><strong>τὸ</strong></span> <span class='ocrx_word' id='word_1_648' title='bbox 2373 4053 2521 4126; x_wconf 79' lang='grc' dir='ltr'>ὕδωρ</span> <span class='ocrx_word' id='word_1_649' title='bbox 2551 4048 2692 4107; x_wconf 69' lang='grc' dir='ltr'>οἶδεν</span> <span class='ocrx_word' id='word_1_650' title='bbox 2721 4049 2916 4114; x_wconf 88' lang='grc' dir='ltr'>ἐνικῶς</span> <span class='ocrx_word' id='word_1_651' title='bbox 2945 4047 3229 4119; x_wconf 84' lang='grc' dir='ltr'>ὀνομάσαι.</span> <span class='ocrx_word' id='word_1_652' title='bbox 3262 4041 3426 4116; x_wconf 79' lang='grc' dir='ltr'>Εὐροι</span> <span class='ocrx_word' id='word_1_653' title='bbox 3448 4042 3499 4096; x_wconf 82' lang='grc' dir='ltr'>δ’</span> <span class='ocrx_word' id='word_1_654' title='bbox 3530 4041 3596 4097; x_wconf 76' lang='grc' dir='ltr'>ἂν</span> <span class='ocrx_word' id='word_1_655' title='bbox 3623 4057 3710 4104; x_wconf 86' lang='grc' dir='ltr'><strong>τις</strong></span> 
     </span>
    </p>
   </div>
   <div class='ocr_carea' id='block_1_89' title="bbox 2127 4134 3709 4213">
    <p class='ocr_par' dir='ltr' id='par_1_89' title="bbox 2127 4134 3709 4213">
     <span class='ocr_line' id='line_1_89' title="bbox 2127 4134 3709 4213; baseline -0.01 -10"><span class='ocrx_word' id='word_1_656' title='bbox 2127 4148 2352 4203; x_wconf 80' lang='grc' dir='ltr'>τοιαῦτα</span> <span class='ocrx_word' id='word_1_657' title='bbox 2380 4144 2553 4200; x_wconf 77' lang='grc' dir='ltr'>πολλὰ</span> <span class='ocrx_word' id='word_1_658' title='bbox 2594 4144 2688 4198; x_wconf 72' lang='grc' dir='ltr'><strong>καὶ</strong></span> <span class='ocrx_word' id='word_1_659' title='bbox 2718 4142 2870 4213; x_wconf 70' lang='grc' dir='ltr'>παρὰ</span> <span class='ocrx_word' id='word_1_660' title='bbox 2896 4143 2962 4213; x_wconf 80' lang='grc' dir='ltr'><strong>τῇ</strong></span> <span class='ocrx_word' id='word_1_661' title='bbox 3009 4139 3221 4194; x_wconf 84' lang='grc' dir='ltr'>Ἐλλάδι</span> <span class='ocrx_word' id='word_1_662' title='bbox 3248 4139 3422 4209; x_wconf 83' lang='grc' dir='ltr'>φωνῇ.</span> <span class='ocrx_word' id='word_1_663' title='bbox 3475 4134 3709 4204; x_wconf 76' lang='grc' dir='ltr'>Ἀθήναν</span> 
     </span>
    </p>
   </div>
   <div class='ocr_carea' id='block_1_90' title="bbox 2077 4217 3708 4313">
    <p class='ocr_par' dir='ltr' id='par_1_90' title="bbox 2077 4217 3708 4313">
     <span class='ocr_line' id='line_1_90' title="bbox 2077 4217 3708 4313; baseline -0.012 -17"><span class='ocrx_word' id='word_1_664' title='bbox 2077 4217 2083 4223; x_wconf 34' lang='grc'><strong>’</strong></span> <span class='ocrx_word' id='word_1_665' title='bbox 2128 4241 2238 4312; x_wconf 84' lang='grc' dir='ltr'>γὰρ</span> <span class='ocrx_word' id='word_1_666' title='bbox 2266 4240 2366 4313; x_wconf 83' lang='grc' dir='ltr'><strong>τὴν</strong></span> <span class='ocrx_word' id='word_1_667' title='bbox 2396 4238 2551 4292; x_wconf 88' lang='grc' dir='ltr'>πόλιν</span> <span class='ocrx_word' id='word_1_668' title='bbox 2582 4234 2760 4299; x_wconf 83' lang='grc' dir='ltr'>οὐδεὶς</span> <span class='ocrx_word' id='word_1_669' title='bbox 2791 4233 2986 4297; x_wconf 87' lang='grc' dir='ltr'>ἐνικῶς</span> <span class='ocrx_word' id='word_1_670' title='bbox 3013 4230 3289 4302; x_wconf 80' lang='grc' dir='ltr'>ὀνομάζει,</span> <span class='ocrx_word' id='word_1_671' title='bbox 3324 4227 3440 4282; x_wconf 83' lang='grc' dir='ltr'>ἀλλ’</span> <span class='ocrx_word' id='word_1_672' title='bbox 3476 4224 3708 4297; x_wconf 80' lang='grc' dir='ltr'>Ἀθήνας</span> 
     </span>
    </p>
   </div>
   <div class='ocr_carea' id='block_1_91' title="bbox 453 4316 2021 4403">
    <p class='ocr_par' dir='ltr' id='par_1_91' title="bbox 453 4322 2021 4400">
     <span class='ocr_line' id='line_1_91' title="bbox 453 4322 2021 4400; baseline 0.011 -24"><span class='ocrx_word' id='word_1_673' title='bbox 453 4322 721 4380; x_wconf 78' lang='lat' dir='ltr'><strong>Athenas.</strong></span> <span class='ocrx_word' id='word_1_674' title='bbox 786 4322 1051 4384; x_wconf 87' lang='lat' dir='ltr'><strong>Similiter</strong></span> <span class='ocrx_word' id='word_1_675' title='bbox 1098 4338 1154 4385; x_wconf 89' lang='lat' dir='ltr'><strong>et</strong></span> <span class='ocrx_word' id='word_1_676' title='bbox 1211 4329 1478 4400; x_wconf 85' lang='lat' dir='ltr'><strong>Delphqu</strong></span> <span class='ocrx_word' id='word_1_677' title='bbox 1531 4332 1804 4389; x_wconf 82' lang='lat' dir='ltr'><strong>civitatem</strong></span> <span class='ocrx_word' id='word_1_678' title='bbox 1871 4352 2021 4394; x_wconf 81' lang='lat' dir='ltr'><strong>nemo</strong></span> 
     </span>
    </p>
   </div>
   <div class='ocr_carea' id='block_1_92' title="bbox 2123 4316 3709 4403">
    <p class='ocr_par' dir='ltr' id='par_1_92' title="bbox 2133 4316 3709 4403">
     <span class='ocr_line' id='line_1_92' title="bbox 2133 4316 3709 4403; baseline -0.011 -18"><span class='ocrx_word' id='word_1_679' title='bbox 2133 4327 2534 4403; x_wconf 82' lang='grc' dir='ltr'>πληθυντικῶς.</span> <span class='ocrx_word' id='word_1_680' title='bbox 2577 4327 2690 4382; x_wconf 72' lang='grc' dir='ltr'>Καὶ</span> <span class='ocrx_word' id='word_1_681' title='bbox 2734 4325 2951 4395; x_wconf 80' lang='grc' dir='ltr'>Δελφῶν</span> <span class='ocrx_word' id='word_1_682' title='bbox 2995 4322 3159 4377; x_wconf 82' lang='grc' dir='ltr'>πάλιν</span> <span class='ocrx_word' id='word_1_683' title='bbox 3196 4321 3296 4393; x_wconf 80' lang='grc' dir='ltr'>τὴν</span> <span class='ocrx_word' id='word_1_684' title='bbox 3338 4318 3492 4373; x_wconf 81' lang='grc' dir='ltr'>πόλιν</span> <span class='ocrx_word' id='word_1_685' title='bbox 3533 4316 3709 4379; x_wconf 70' lang='grc' dir='ltr'>οὐδεὶς</span> 
     </span>
    </p>
   </div>
   <div class='ocr_carea' id='block_1_93' title="bbox 454 4404 2021 4499">
    <p class='ocr_par' dir='ltr' id='par_1_93' title="bbox 454 4417 2021 4499">
     <span class='ocr_line' id='line_1_93' title="bbox 454 4417 2021 4499; baseline 0.008 -30"><span class='ocrx_word' id='word_1_686' title='bbox 454 4424 636 4482; x_wconf 67' lang='lat' dir='ltr'><strong>vocat,</strong></span> <span class='ocrx_word' id='word_1_687' title='bbox 676 4417 795 4484; x_wconf 87' lang='lat' dir='ltr'><strong>sed,</strong></span> <span class='ocrx_word' id='word_1_688' title='bbox 826 4433 1059 4476; x_wconf 90' lang='lat' dir='ltr'><strong>numero</strong></span> <span class='ocrx_word' id='word_1_689' title='bbox 1084 4421 1304 4492; x_wconf 88' lang='lat' dir='ltr'><strong>plurali,</strong></span> <span class='ocrx_word' id='word_1_690' title='bbox 1334 4421 1590 4494; x_wconf 87' lang='lat' dir='ltr'><strong>Delphos.</strong></span> <span class='ocrx_word' id='word_1_691' title='bbox 1612 4423 1732 4480; x_wconf 86' lang='lat' dir='ltr'><strong>Non</strong></span> <span class='ocrx_word' id='word_1_692' title='bbox 1761 4440 1890 4499; x_wconf 89' lang='lat' dir='ltr'><strong>ergo</strong></span> <span class='ocrx_word' id='word_1_693' title='bbox 1914 4436 2021 4482; x_wconf 91' lang='lat' dir='ltr'><strong>tau-</strong></span> 
     </span>
    </p>
   </div>
   <div class='ocr_carea' id='block_1_94' title="bbox 2123 4404 3708 4499">
    <p class='ocr_par' dir='ltr' id='par_1_94' title="bbox 2134 4408 3708 4499">
     <span class='ocr_line' id='line_1_94' title="bbox 2134 4408 3708 4499; baseline -0.013 -21"><span class='ocrx_word' id='word_1_694' title='bbox 2134 4423 2358 4494; x_wconf 88' lang='grc' dir='ltr'>Δελφὸν,</span> <span class='ocrx_word' id='word_1_695' title='bbox 2390 4421 2529 4476; x_wconf 85' lang='grc' dir='ltr'>ἀλλὰ</span> <span class='ocrx_word' id='word_1_696' title='bbox 2568 4418 2801 4488; x_wconf 75' lang='grc' dir='ltr'>Δελφοὺς</span> <span class='ocrx_word' id='word_1_697' title='bbox 2840 4413 3237 4488; x_wconf 77' lang='grc' dir='ltr'>πληθυντικῶς.</span> <span class='ocrx_word' id='word_1_698' title='bbox 3292 4411 3368 4466; x_wconf 88' lang='grc' dir='ltr'>Οὐ</span> <span class='ocrx_word' id='word_1_699' title='bbox 3408 4409 3590 4464; x_wconf 86' lang='grc' dir='ltr'>τοίνυν</span> <span class='ocrx_word' id='word_1_700' title='bbox 3620 4408 3708 4499; x_wconf 11' lang='grc' dir='ltr'><strong>γὼς</strong></span> 
     </span>
    </p>
   </div>
   <div class='ocr_carea' id='block_1_95' title="bbox 453 4510 2032 4586">
    <p class='ocr_par' dir='ltr' id='par_1_95' title="bbox 453 4510 2032 4586">
     <span class='ocr_line' id='line_1_95' title="bbox 453 4510 2032 4586; baseline 0.009 -24"><span class='ocrx_word' id='word_1_701' title='bbox 453 4524 621 4578; x_wconf 86' lang='lat' dir='ltr'><strong>quam</strong></span> <span class='ocrx_word' id='word_1_702' title='bbox 675 4510 859 4581; x_wconf 90' lang='lat' dir='ltr'><strong>plures</strong></span> <span class='ocrx_word' id='word_1_703' title='bbox 894 4515 1006 4569; x_wconf 89' lang='lat' dir='ltr'><strong>sint</strong></span> <span class='ocrx_word' id='word_1_704' title='bbox 1040 4514 1189 4582; x_wconf 68' lang='lat' dir='ltr'><strong>costi,</strong></span> <span class='ocrx_word' id='word_1_705' title='bbox 1223 4515 1419 4586; x_wconf 88' lang='lat' dir='ltr'><strong>plurali</strong></span> <span class='ocrx_word' id='word_1_706' title='bbox 1463 4531 1696 4572; x_wconf 84' lang='lat' dir='ltr'><strong>numero</strong></span> <span class='ocrx_word' id='word_1_707' title='bbox 1738 4517 1920 4575; x_wconf 88' lang='lat' dir='ltr'><strong>locuta</strong></span> <span class='ocrx_word' id='word_1_708' title='bbox 1947 4529 2032 4576; x_wconf 90' lang='lat' dir='ltr'><strong>est</strong></span> 
     </span>
    </p>
   </div>
   <div class='ocr_carea' id='block_1_96' title="bbox 456 4600 2028 4679">
    <p class='ocr_par' dir='ltr' id='par_1_96' title="bbox 456 4600 2028 4679">
     <span class='ocr_line' id='line_1_96' title="bbox 456 4600 2028 4679; baseline 0.009 -25"><span class='ocrx_word' id='word_1_709' title='bbox 456 4600 772 4673; x_wconf 80' lang='lat' dir='ltr'><strong>Scriptura:</strong></span> <span class='ocrx_word' id='word_1_710' title='bbox 806 4606 902 4661; x_wconf 86' lang='lat' dir='ltr'><strong>sed</strong></span> <span class='ocrx_word' id='word_1_711' title='bbox 931 4605 1213 4662; x_wconf 68' lang='lat' dir='ltr'><strong>Hebraieae</strong></span> <span class='ocrx_word' id='word_1_712' title='bbox 1261 4607 1457 4679; x_wconf 73' lang='lat' dir='ltr'><strong>lingua:</strong></span> <span class='ocrx_word' id='word_1_713' title='bbox 1504 4619 1721 4664; x_wconf 83' lang='lat' dir='ltr'><strong>servato</strong></span> <span class='ocrx_word' id='word_1_714' title='bbox 1752 4609 2028 4668; x_wconf 89' lang='lat' dir='ltr'><strong>idiomate.</strong></span> 
     </span>
    </p>
   </div>
   <div class='ocr_carea' id='block_1_97' title="bbox 454 4692 2035 4769">
    <p class='ocr_par' dir='ltr' id='par_1_97' title="bbox 454 4692 2035 4769">
     <span class='ocr_line' id='line_1_97' title="bbox 454 4692 2035 4769; baseline 0.009 -23"><span class='ocrx_word' id='word_1_715' title='bbox 454 4692 610 4757; x_wconf 65' lang='lat' dir='ltr'><strong>Quod</strong></span> <span class='ocrx_word' id='word_1_716' title='bbox 651 4692 876 4765; x_wconf 89' lang='lat' dir='ltr'><strong>quidem</strong></span> <span class='ocrx_word' id='word_1_717' title='bbox 935 4696 993 4753; x_wconf 87' lang='lat' dir='ltr'><strong>iu</strong></span> <span class='ocrx_word' id='word_1_718' title='bbox 1025 4698 1135 4753; x_wconf 87' lang='lat' dir='ltr'><strong>alio</strong></span> <span class='ocrx_word' id='word_1_719' title='bbox 1175 4697 1388 4769; x_wconf 85' lang='lat' dir='ltr'><strong>psalmo</strong></span> <span class='ocrx_word' id='word_1_720' title='bbox 1415 4698 1756 4757; x_wconf 80' lang='lat' dir='ltr'><strong>manifestius</strong></span> <span class='ocrx_word' id='word_1_721' title='bbox 1792 4717 1892 4759; x_wconf 90' lang='lat' dir='ltr'><strong>nos</strong></span> <span class='ocrx_word' id='word_1_722' title='bbox 1942 4703 2035 4759; x_wconf 89' lang='lat' dir='ltr'><strong>do-</strong></span> 
     </span>
    </p>
   </div>
   <div class='ocr_carea' id='block_1_98' title="bbox 372 4785 2029 4859">
    <p class='ocr_par' dir='ltr' id='par_1_98' title="bbox 372 4785 2029 4859">
     <span class='ocr_line' id='line_1_98' title="bbox 372 4785 2029 4859; baseline 0.009 -24"><span class='ocrx_word' id='word_1_723' title='bbox 372 4828 375 4829; x_wconf 37' lang='grc' dir='ltr'><strong>ν</strong></span> <span class='ocrx_word' id='word_1_724' title='bbox 448 4792 559 4849; x_wconf 65' lang='grc' dir='ltr'>εει,</span> <span class='ocrx_word' id='word_1_725' title='bbox 589 4785 739 4842; x_wconf 89' lang='lat' dir='ltr'><strong>illius</strong></span> <span class='ocrx_word' id='word_1_726' title='bbox 767 4786 965 4858; x_wconf 71' lang='lat' dir='ltr'><strong>linguae</strong></span> <span class='ocrx_word' id='word_1_727' title='bbox 993 4790 1368 4859; x_wconf 70' lang='lat' dir='ltr'><strong>praetermisso</strong></span> <span class='ocrx_word' id='word_1_728' title='bbox 1416 4791 1698 4857; x_wconf 81' lang='lat' dir='ltr'><strong>idiomate.</strong></span> <span class='ocrx_word' id='word_1_729' title='bbox 1752 4794 1884 4849; x_wconf 90' lang='lat' dir='ltr'><strong>dum</strong></span> <span class='ocrx_word' id='word_1_730' title='bbox 1947 4794 2029 4850; x_wconf 90' lang='lat' dir='ltr'><strong>in-</strong></span> 
     </span>
    </p>
   </div>
   <div class='ocr_carea' id='block_1_99' title="bbox 440 4875 2028 4947">
    <p class='ocr_par' dir='ltr' id='par_1_99' title="bbox 440 4875 2028 4947">
     <span class='ocr_line' id='line_1_99' title="bbox 440 4875 2028 4947; baseline 0.006 -18"><span class='ocrx_word' id='word_1_731' title='bbox 440 4876 572 4945; x_wconf 79' lang='lat' dir='ltr'><strong>quit</strong></span> <span class='ocrx_word' id='word_1_732' title='bbox 606 4892 622 4931; x_wconf 91' lang='lat'><strong>:</strong></span> <span class='ocrx_word' id='word_1_733' title='bbox 659 4894 681 4930; x_wconf 73' lang='grc' dir='ltr'><strong>ι</strong></span> <span class='ocrx_word' id='word_1_734' title='bbox 708 4875 939 4947; x_wconf 71' lang='grc' dir='ltr'>ροωιωη</span> <span class='ocrx_word' id='word_1_735' title='bbox 966 4880 1091 4937; x_wconf 70' lang='lat' dir='ltr'><strong>ctuti</strong></span> <span class='ocrx_word' id='word_1_736' title='bbox 1121 4879 1359 4937; x_wconf 88' lang='lat' dir='ltr'><strong>Domino</strong></span> <span class='ocrx_word' id='word_1_737' title='bbox 1390 4891 1439 4937; x_wconf 73' lang='grc' dir='ltr'>ι.</span> <span class='ocrx_word' id='word_1_738' title='bbox 1477 4900 1499 4936; x_wconf 70' lang='grc' dir='ltr'><strong>ι</strong></span> <span class='ocrx_word' id='word_1_739' title='bbox 1529 4880 1608 4938; x_wconf 88' lang='lat' dir='ltr'><strong>Ita</strong></span> <span class='ocrx_word' id='word_1_740' title='bbox 1631 4890 1693 4939; x_wconf 92' lang='lat' dir='ltr'><strong>ut</strong></span> <span class='ocrx_word' id='word_1_741' title='bbox 1727 4884 1860 4940; x_wconf 87' lang='lat' dir='ltr'><strong>satis</strong></span> <span class='ocrx_word' id='word_1_742' title='bbox 1895 4899 2028 4941; x_wconf 89' lang='lat' dir='ltr'><strong>con-</strong></span> 
     </span>
    </p>
   </div>
   <div class='ocr_carea' id='block_1_100' title="bbox 446 4969 2031 5042">
    <p class='ocr_par' dir='ltr' id='par_1_100' title="bbox 446 4969 2031 5042">
     <span class='ocr_line' id='line_1_100' title="bbox 446 4969 2031 5042; baseline 0.006 -19"><span class='ocrx_word' id='word_1_743' title='bbox 446 4975 561 5023; x_wconf 79' lang='lat' dir='ltr'><strong>stet</strong></span> <span class='ocrx_word' id='word_1_744' title='bbox 597 4969 766 5040; x_wconf 85' lang='lat' dir='ltr'><strong>quod,</strong></span> <span class='ocrx_word' id='word_1_745' title='bbox 806 4972 1271 5042; x_wconf 88' lang='lat' dir='ltr'><strong>quemadmodum</strong></span> <span class='ocrx_word' id='word_1_746' title='bbox 1299 4974 1499 5031; x_wconf 67' lang='lat' dir='ltr'><strong>coelum</strong></span> <span class='ocrx_word' id='word_1_747' title='bbox 1540 4975 1686 5033; x_wconf 90' lang='lat' dir='ltr'><strong>istud</strong></span> <span class='ocrx_word' id='word_1_748' title='bbox 1740 4977 1899 5034; x_wconf 83' lang='lat' dir='ltr'><strong>nobis</strong></span> <span class='ocrx_word' id='word_1_749' title='bbox 1946 4985 2031 5033; x_wconf 79' lang='lat' dir='ltr'><strong>est</strong></span> 
     </span>
    </p>
   </div>
   <div class='ocr_carea' id='block_1_101' title="bbox 450 5069 2027 5141">
    <p class='ocr_par' dir='ltr' id='par_1_101' title="bbox 450 5069 2027 5141">
     <span class='ocr_line' id='line_1_101' title="bbox 450 5069 2027 5141; baseline 0.006 -26"><span class='ocrx_word' id='word_1_750' title='bbox 450 5078 555 5135; x_wconf 80' lang='lat' dir='ltr'><strong>pro</strong></span> <span class='ocrx_word' id='word_1_751' title='bbox 593 5073 759 5127; x_wconf 85' lang='lat' dir='ltr'><strong>tecto.</strong></span> <span class='ocrx_word' id='word_1_752' title='bbox 792 5072 936 5121; x_wconf 90' lang='lat' dir='ltr'><strong>terra</strong></span> <span class='ocrx_word' id='word_1_753' title='bbox 961 5080 1092 5122; x_wconf 78' lang='lat' dir='ltr'><strong>vero</strong></span> <span class='ocrx_word' id='word_1_754' title='bbox 1151 5082 1254 5141; x_wconf 85' lang='lat' dir='ltr'><strong>pro</strong></span> <span class='ocrx_word' id='word_1_755' title='bbox 1289 5069 1639 5140; x_wconf 86' lang='lat' dir='ltr'><strong>pavimento:</strong></span> <span class='ocrx_word' id='word_1_756' title='bbox 1696 5070 1772 5126; x_wconf 89' lang='lat' dir='ltr'><strong>ita</strong></span> <span class='ocrx_word' id='word_1_757' title='bbox 1828 5070 2027 5127; x_wconf 66' lang='lat' dir='ltr'><strong>caelum</strong></span> 
     </span>
    </p>
   </div>
   <div class='ocr_carea' id='block_1_102' title="bbox 449 5158 2027 5236">
    <p class='ocr_par' dir='ltr' id='par_1_102' title="bbox 449 5158 2027 5236">
     <span class='ocr_line' id='line_1_102' title="bbox 449 5158 2027 5236; baseline 0.006 -26"><span class='ocrx_word' id='word_1_758' title='bbox 449 5158 600 5229; x_wconf 78' lang='lat' dir='ltr'><strong>quod</strong></span> <span class='ocrx_word' id='word_1_759' title='bbox 664 5159 932 5227; x_wconf 82' lang='lat' dir='ltr'><strong>videmus,</strong></span> <span class='ocrx_word' id='word_1_760' title='bbox 995 5177 1099 5232; x_wconf 87' lang='lat' dir='ltr'><strong>pro</strong></span> <span class='ocrx_word' id='word_1_761' title='bbox 1163 5170 1309 5218; x_wconf 87' lang='lat' dir='ltr'><strong>tecto</strong></span> <span class='ocrx_word' id='word_1_762' title='bbox 1368 5163 1780 5236; x_wconf 83' lang='lat' dir='ltr'><strong>superpositum</strong></span> <span class='ocrx_word' id='word_1_763' title='bbox 1827 5164 2027 5221; x_wconf 63' lang='lat' dir='ltr'><strong>caelum</strong></span> 
     </span>
    </p>
   </div>
   <div class='ocr_carea' id='block_1_103' title="bbox 452 5250 639 5310">
    <p class='ocr_par' dir='ltr' id='par_1_103' title="bbox 452 5250 639 5310">
     <span class='ocr_line' id='line_1_103' title="bbox 452 5250 639 5310; baseline -0.011 0"><span class='ocrx_word' id='word_1_764' title='bbox 452 5250 639 5310; x_wconf 74' lang='lat' dir='ltr'><strong>habet.</strong></span> 
     </span>
    </p>
   </div>
   <div class='ocr_carea' id='block_1_104' title="bbox 519 5406 1959 5481">
    <p class='ocr_par' dir='ltr' id='par_1_104' title="bbox 519 5406 1959 5481">
     <span class='ocr_line' id='line_1_104' title="bbox 519 5406 1959 5481; baseline 0.002 -18"><span class='ocrx_word' id='word_1_765' title='bbox 519 5419 554 5453; x_wconf 68' lang='grc' dir='ltr'><strong><em>ι</em></strong></span> <span class='ocrx_word' id='word_1_766' title='bbox 589 5406 727 5464; x_wconf 86' lang='lat' dir='ltr'><strong>Gen.</strong></span> <span class='ocrx_word' id='word_1_767' title='bbox 760 5424 801 5475; x_wconf 85' lang='grc' dir='ltr'><strong>ι,</strong></span> <span class='ocrx_word' id='word_1_768' title='bbox 828 5408 883 5466; x_wconf 87' lang='grc'>6.</span> <span class='ocrx_word' id='word_1_769' title='bbox 956 5408 988 5451; x_wconf 70' lang='grc' dir='ltr'><strong>ιν</strong></span> <span class='ocrx_word' id='word_1_770' title='bbox 1016 5409 1152 5468; x_wconf 85' lang='lat' dir='ltr'><strong>ibid.</strong></span> <span class='ocrx_word' id='word_1_771' title='bbox 1186 5411 1239 5481; x_wconf 89' lang='lat'><strong>7,</strong></span> <span class='ocrx_word' id='word_1_772' title='bbox 1287 5412 1344 5469; x_wconf 89' lang='lat'><strong>8.</strong></span> <span class='ocrx_word' id='word_1_773' title='bbox 1407 5422 1436 5453; x_wconf 68' lang='grc' dir='ltr'><strong>ε</strong></span> <span class='ocrx_word' id='word_1_774' title='bbox 1469 5410 1615 5469; x_wconf 88' lang='lat' dir='ltr'><strong>Psal.</strong></span> <span class='ocrx_word' id='word_1_775' title='bbox 1659 5425 1814 5479; x_wconf 64' lang='lat' dir='ltr'><strong>cum,</strong></span> <span class='ocrx_word' id='word_1_776' title='bbox 1867 5412 1959 5468; x_wconf 73' lang='grc'>24.</span> 
     </span>
    </p>
   </div>
   <div class='ocr_carea' id='block_1_105' title="bbox 2131 4498 3707 4585">
    <p class='ocr_par' dir='ltr' id='par_1_105' title="bbox 2131 4498 3707 4585">
     <span class='ocr_line' id='line_1_105' title="bbox 2131 4498 3707 4585; baseline -0.01 -15"><span class='ocrx_word' id='word_1_777' title='bbox 2131 4512 2344 4570; x_wconf 85' lang='grc' dir='ltr'>πολλῶν</span> <span class='ocrx_word' id='word_1_778' title='bbox 2373 4512 2541 4567; x_wconf 75' lang='grc' dir='ltr'>ὄντων</span> <span class='ocrx_word' id='word_1_779' title='bbox 2565 4509 2809 4582; x_wconf 80' lang='grc' dir='ltr'>οὐρανῶν</span> <span class='ocrx_word' id='word_1_780' title='bbox 2834 4509 2868 4580; x_wconf 82' lang='grc' dir='ltr'><strong>ἡ</strong></span> <span class='ocrx_word' id='word_1_781' title='bbox 2897 4508 3017 4561; x_wconf 86' lang='grc' dir='ltr'>θεία</span> <span class='ocrx_word' id='word_1_782' title='bbox 3042 4503 3421 4585; x_wconf 79' lang='grc' dir='ltr'>πληθυντικῶς</span> <span class='ocrx_word' id='word_1_783' title='bbox 3442 4502 3554 4573; x_wconf 74' lang='lat'><strong>(35)</strong></span> <span class='ocrx_word' id='word_1_784' title='bbox 3587 4498 3707 4554; x_wconf 82' lang='grc' dir='ltr'>εἷπε</span> 
     </span>
    </p>
   </div>
   <div class='ocr_carea' id='block_1_106' title="bbox 2129 4592 3708 4679">
    <p class='ocr_par' dir='ltr' id='par_1_106' title="bbox 2129 4592 3708 4679">
     <span class='ocr_line' id='line_1_106' title="bbox 2129 4592 3708 4679; baseline -0.011 -18"><span class='ocrx_word' id='word_1_785' title='bbox 2129 4606 2357 4679; x_wconf 83' lang='grc' dir='ltr'>Γραφή·</span> <span class='ocrx_word' id='word_1_786' title='bbox 2403 4604 2542 4659; x_wconf 83' lang='grc' dir='ltr'>ἀλλὰ</span> <span class='ocrx_word' id='word_1_787' title='bbox 2584 4602 2646 4656; x_wconf 85' lang='grc' dir='ltr'><strong>τὸ</strong></span> <span class='ocrx_word' id='word_1_788' title='bbox 2697 4601 2894 4672; x_wconf 72' lang='grc' dir='ltr'>ἰδίωμα</span> <span class='ocrx_word' id='word_1_789' title='bbox 2945 4598 3229 4669; x_wconf 79' lang='grc' dir='ltr'>φυλάξασα</span> <span class='ocrx_word' id='word_1_790' title='bbox 3274 4596 3374 4665; x_wconf 82' lang='grc' dir='ltr'>τῆς</span> <span class='ocrx_word' id='word_1_791' title='bbox 3429 4592 3708 4663; x_wconf 79' lang='grc' dir='ltr'>Ἐὁραῖδος</span> 
     </span>
    </p>
   </div>
   <div class='ocr_carea' id='block_1_107' title="bbox 2130 4683 3709 4771">
    <p class='ocr_par' dir='ltr' id='par_1_107' title="bbox 2130 4683 3709 4771">
     <span class='ocr_line' id='line_1_107' title="bbox 2130 4683 3709 4771; baseline -0.01 -18"><span class='ocrx_word' id='word_1_792' title='bbox 2130 4700 2337 4771; x_wconf 79' lang='grc' dir='ltr'>φωνῆς.</span> <span class='ocrx_word' id='word_1_793' title='bbox 2391 4696 2544 4751; x_wconf 73' lang='grc' dir='ltr'>Ἐπεὶ</span> <span class='ocrx_word' id='word_1_794' title='bbox 2593 4697 2653 4749; x_wconf 87' lang='grc' dir='ltr'><strong>ἐν</strong></span> <span class='ocrx_word' id='word_1_795' title='bbox 2705 4694 2879 4765; x_wconf 80' lang='grc' dir='ltr'>ἑτέρῳ</span> <span class='ocrx_word' id='word_1_796' title='bbox 2923 4689 3126 4762; x_wconf 79' lang='grc' dir='ltr'>ψαλμῷ</span> <span class='ocrx_word' id='word_1_797' title='bbox 3178 4688 3514 4758; x_wconf 77' lang='grc' dir='ltr'>σαφέστερον</span> <span class='ocrx_word' id='word_1_798' title='bbox 3561 4683 3709 4755; x_wconf 74' lang='grc' dir='ltr'>ἡμᾶς</span> 
     </span>
    </p>
   </div>
   <div class='ocr_carea' id='block_1_108' title="bbox 2128 4777 3712 4858">
    <p class='ocr_par' dir='ltr' id='par_1_108' title="bbox 2128 4777 3712 4858">
     <span class='ocr_line' id='line_1_108' title="bbox 2128 4777 3712 4858; baseline -0.01 -13"><span class='ocrx_word' id='word_1_799' title='bbox 2128 4790 2289 4845; x_wconf 82' lang='grc' dir='ltr'>τοῦτο</span> <span class='ocrx_word' id='word_1_800' title='bbox 2315 4789 2668 4852; x_wconf 80' lang='grc' dir='ltr'>διδάσκουσα,</span> <span class='ocrx_word' id='word_1_801' title='bbox 2709 4787 2804 4842; x_wconf 74' lang='grc' dir='ltr'>καὶ</span> <span class='ocrx_word' id='word_1_802' title='bbox 2830 4782 3219 4858; x_wconf 84' lang='grc' dir='ltr'>παραλιποῦσα</span> <span class='ocrx_word' id='word_1_803' title='bbox 3247 4781 3308 4835; x_wconf 85' lang='grc' dir='ltr'><strong>τὸ</strong></span> <span class='ocrx_word' id='word_1_804' title='bbox 3334 4780 3435 4851; x_wconf 78' lang='grc' dir='ltr'>τῆς</span> <span class='ocrx_word' id='word_1_805' title='bbox 3463 4777 3712 4847; x_wconf 80' lang='grc' dir='ltr'>γλώττης</span> 
     </span>
    </p>
   </div>
   <div class='ocr_carea' id='block_1_109' title="bbox 2131 4869 3711 4956">
    <p class='ocr_par' dir='ltr' id='par_1_109' title="bbox 2131 4869 3711 4956">
     <span class='ocr_line' id='line_1_109' title="bbox 2131 4869 3711 4956; baseline 0 -17"><span class='ocrx_word' id='word_1_806' title='bbox 2131 4884 2348 4956; x_wconf 81' lang='grc' dir='ltr'>ἐκείνης</span> <span class='ocrx_word' id='word_1_807' title='bbox 2379 4883 2601 4954; x_wconf 72' lang='grc' dir='ltr'>ἰδίωμα,</span> <span class='ocrx_word' id='word_1_808' title='bbox 2630 4879 2804 4945; x_wconf 76' lang='grc' dir='ltr'>οὕτως</span> <span class='ocrx_word' id='word_1_809' title='bbox 2829 4879 2969 4948; x_wconf 74' lang='grc' dir='ltr'>ἔφη’</span> <span class='ocrx_word' id='word_1_810' title='bbox 3019 4895 3038 4931; x_wconf 82' lang='grc' dir='ltr'><strong>ι</strong></span> <span class='ocrx_word' id='word_1_811' title='bbox 3074 4877 3132 4930; x_wconf 88' lang='lat'><strong>&#39;0</strong></span> <span class='ocrx_word' id='word_1_812' title='bbox 3159 4875 3384 4947; x_wconf 78' lang='grc' dir='ltr'>οὐρανδς</span> <span class='ocrx_word' id='word_1_813' title='bbox 3419 4869 3513 4926; x_wconf 72' lang='grc' dir='ltr'>τοῦ</span> <span class='ocrx_word' id='word_1_814' title='bbox 3547 4871 3711 4956; x_wconf 47' lang='grc' dir='ltr'>οὖρα⁴</span> 
     </span>
    </p>
   </div>
   <div class='ocr_carea' id='block_1_110' title="bbox 2132 4954 3710 5047">
    <p class='ocr_par' dir='ltr' id='par_1_110' title="bbox 2132 4954 3710 5047">
     <span class='ocr_line' id='line_1_110' title="bbox 2132 4954 3710 5047; baseline -0.01 -18"><span class='ocrx_word' id='word_1_815' title='bbox 2132 4974 2228 5029; x_wconf 80' lang='grc' dir='ltr'><strong>νοῦ</strong></span> <span class='ocrx_word' id='word_1_816' title='bbox 2256 4954 2335 5047; x_wconf 75' lang='grc' dir='ltr'>τῷ</span> <span class='ocrx_word' id='word_1_817' title='bbox 2361 4973 2571 5045; x_wconf 82' lang='grc' dir='ltr'>Κυρίῳ.</span> <span class='ocrx_word' id='word_1_818' title='bbox 2597 4991 2616 5024; x_wconf 75' lang='grc' dir='ltr'><strong>ι</strong></span> <span class='ocrx_word' id='word_1_819' title='bbox 2670 4972 2757 5035; x_wconf 83' lang='grc' dir='ltr'>Ὧς</span> <span class='ocrx_word' id='word_1_820' title='bbox 2784 4965 2924 5024; x_wconf 75' lang='grc' dir='ltr'>εἶναι</span> <span class='ocrx_word' id='word_1_821' title='bbox 2952 4967 3132 5040; x_wconf 81' lang='grc' dir='ltr'>δῆλον,</span> <span class='ocrx_word' id='word_1_822' title='bbox 3164 4969 3244 5021; x_wconf 84' lang='grc' dir='ltr'>ὅτι</span> <span class='ocrx_word' id='word_1_823' title='bbox 3274 4965 3526 5035; x_wconf 83' lang='grc' dir='ltr'>καθάπερ</span> <span class='ocrx_word' id='word_1_824' title='bbox 3552 4954 3710 5026; x_wconf 73' lang='grc' dir='ltr'>οὗτος</span> 
     </span>
    </p>
   </div>
   <div class='ocr_carea' id='block_1_111' title="bbox 2133 5052 3711 5140">
    <p class='ocr_par' dir='ltr' id='par_1_111' title="bbox 2133 5052 3711 5140">
     <span class='ocr_line' id='line_1_111' title="bbox 2133 5052 3711 5140; baseline -0.011 -17"><span class='ocrx_word' id='word_1_825' title='bbox 2133 5070 2163 5123; x_wconf 93' lang='lat'><strong>6</strong></span> <span class='ocrx_word' id='word_1_826' title='bbox 2186 5066 2415 5140; x_wconf 87' lang='grc' dir='ltr'>οὐρανὸς</span> <span class='ocrx_word' id='word_1_827' title='bbox 2445 5067 2577 5138; x_wconf 81' lang='grc' dir='ltr'>ἡμῖν</span> <span class='ocrx_word' id='word_1_828' title='bbox 2610 5066 2755 5119; x_wconf 82' lang='grc' dir='ltr'>ἐστιν</span> <span class='ocrx_word' id='word_1_829' title='bbox 2783 5062 3003 5134; x_wconf 77' lang='grc' dir='ltr'>ὄροφος,</span> <span class='ocrx_word' id='word_1_830' title='bbox 3035 5064 3069 5134; x_wconf 83' lang='grc' dir='ltr'><strong>ἡ</strong></span> <span class='ocrx_word' id='word_1_831' title='bbox 3099 5060 3158 5115; x_wconf 81' lang='grc' dir='ltr'>δὲ</span> <span class='ocrx_word' id='word_1_832' title='bbox 3193 5060 3265 5131; x_wconf 84' lang='grc' dir='ltr'>γῆ</span> <span class='ocrx_word' id='word_1_833' title='bbox 3292 5059 3510 5127; x_wconf 77' lang='grc' dir='ltr'>ἔδαφος,</span> <span class='ocrx_word' id='word_1_834' title='bbox 3535 5052 3711 5117; x_wconf 71' lang='grc' dir='ltr'>οὕτως</span> 
     </span>
    </p>
   </div>
   <div class='ocr_carea' id='block_1_112' title="bbox 2134 5146 3712 5233">
    <p class='ocr_par' dir='ltr' id='par_1_112' title="bbox 2134 5146 3712 5233">
     <span class='ocr_line' id='line_1_112' title="bbox 2134 5146 3712 5233; baseline -0.01 -19"><span class='ocrx_word' id='word_1_835' title='bbox 2134 5160 2165 5214; x_wconf 90' lang='lat'><strong>6</strong></span> <span class='ocrx_word' id='word_1_836' title='bbox 2193 5157 2469 5233; x_wconf 86' lang='grc' dir='ltr'>ὁρώμενος</span> <span class='ocrx_word' id='word_1_837' title='bbox 2518 5155 2745 5230; x_wconf 85' lang='grc' dir='ltr'>οὐρανὸς</span> <span class='ocrx_word' id='word_1_838' title='bbox 2776 5155 2973 5228; x_wconf 75' lang='grc' dir='ltr'>ὄροφον</span> <span class='ocrx_word' id='word_1_839' title='bbox 3016 5153 3128 5225; x_wconf 82' lang='grc' dir='ltr'>έχει</span> <span class='ocrx_word' id='word_1_840' title='bbox 3171 5153 3264 5209; x_wconf 63' lang='grc' dir='ltr'>τὶν</span> <span class='ocrx_word' id='word_1_841' title='bbox 3311 5146 3712 5221; x_wconf 76' lang='grc' dir='ltr'>ὑπερκείμενον</span> 
     </span>
    </p>
   </div>
   <div class='ocr_carea' id='block_1_113' title="bbox 2132 5252 2382 5325">
    <p class='ocr_par' dir='ltr' id='par_1_113' title="bbox 2132 5252 2382 5325">
     <span class='ocr_line' id='line_1_113' title="bbox 2132 5252 2382 5325; baseline 0 -17"><span class='ocrx_word' id='word_1_842' title='bbox 2132 5252 2382 5325; x_wconf 79' lang='grc' dir='ltr'>οὐρανόν.</span> 
     </span>
    </p>
   </div>
   <div class='ocr_carea' id='block_1_114' title="bbox 1959 5551 2197 5611">
    <p class='ocr_par' dir='ltr' id='par_1_114' title="bbox 1959 5551 2197 5611">
     <span class='ocr_line' id='line_1_114' title="bbox 1959 5551 2197 5611; baseline -0.021 0"><span class='ocrx_word' id='word_1_843' title='bbox 1959 5551 2197 5611; x_wconf 63' lang='grc' dir='ltr'><strong>ΝΟΤΛΕ.</strong></span> 
     </span>
    </p>
   </div>
   <div class='ocr_carea' id='block_1_115' title="bbox 523 5687 1722 5765">
    <p class='ocr_par' dir='ltr' id='par_1_115' title="bbox 523 5687 1722 5765">
     <span class='ocr_line' id='line_1_115' title="bbox 523 5687 1722 5765; baseline -0.001 -14"><span class='ocrx_word' id='word_1_844' title='bbox 523 5687 799 5763; x_wconf 57' lang='grc' dir='ltr'><strong>ὠθεῖτο(</strong></span> <span class='ocrx_word' id='word_1_845' title='bbox 823 5691 1006 5752; x_wconf 69' lang='grc' dir='ltr'>εἰπὼν</span> <span class='ocrx_word' id='word_1_846' title='bbox 1032 5725 1100 5737; x_wconf 87' lang='lat'>-</span> <span class='ocrx_word' id='word_1_847' title='bbox 1132 5695 1471 5765; x_wconf 75' lang='grc' dir='ltr'>ὠνομάσθη.</span> <span class='ocrx_word' id='word_1_848' title='bbox 1495 5692 1722 5752; x_wconf 83' lang='lat' dir='ltr'><strong>Desunt.</strong></span> 
     </span>
    </p>
   </div>
   <div class='ocr_carea' id='block_1_116' title="bbox 2211 5679 3175 5760">
    <p class='ocr_par' dir='ltr' id='par_1_116' title="bbox 2211 5679 3175 5760">
     <span class='ocr_line' id='line_1_116' title="bbox 2211 5679 3175 5760; baseline -0.007 -17"><span class='ocrx_word' id='word_1_849' title='bbox 2211 5688 2319 5760; x_wconf 73' lang='lat'><strong>(55)</strong></span> <span class='ocrx_word' id='word_1_850' title='bbox 2346 5684 2779 5755; x_wconf 35' lang='grc' dir='ltr'>ηηιὶηθυντικῶς</span> <span class='ocrx_word' id='word_1_851' title='bbox 2807 5681 2958 5740; x_wconf 76' lang='grc' dir='ltr'>εἶπε.</span> <span class='ocrx_word' id='word_1_852' title='bbox 2994 5679 3175 5740; x_wconf 81' lang='lat' dir='ltr'><strong>Desid.</strong></span> 
     </span>
    </p>
   </div>
  </div>
