3928 6316
161 329 220 395 97
1293 325 1578 397 ΟΠᾹΞΞΤ.
1623 324 1703 384 IN
1737 325 1755 382 (

1845 324 2003 386 NES.
2049 325 2206 385 CAP.
2246 325 2289 385 ί.
3353 330 3423 396 {+8

774 417 966 492 uror.
1012 439 1108 493 lZ'.

165 551 524 628 Τίνος-χάρις
555 550 631 602 τὰ
661 549 973 628 “iugum
1007 551 1116 628 οὐκ
1143 547 1642 628 ηὑλεὴηίξεέητοῖς
1668 546 1736 599 δὲ

313 619 470 688 ζώοις
492 620 612 689 ἔφη
639 637 655 650 ·
686 639 705 670 ι
731 620 1102 684 Λύξάνεσθε,
1133 639 1151 671 ι
1187 619 1282 672 καί
1307 624 1377 672 τὰ
1401 619 1582 686 ἐξῆ‹,·;

222 803 335 856 Τῶν
364 801 677 872 λειμώνιον,
735 802 829 854 καὶ
860 800 966 854 τῶν
1007 801 1195 870 ληῖων,
1242 800 1337 854 καὶ
1374 798 1734 852 παντοδαπῶν

161 894 381 964 βοτανῶν
415 895 511 947 καὶ
538 893 777 965 δένδρων
805 893 965 956 εὐθὺς
992 892 1256 963 ἐθελήσας
1292 892 1391 959 τὴν
1421 891 1523 959 γῆν
1559 891 1731 959 ἐπλή-

162 1003 318 1054 ρωσεν
343 986 565 1039 ἃπασαν
593 1001 608 1014 ·
656 984 726 1036 τὰ
774 983 832 1036 δέ
880 1000 944 1051 γε
994 981 1163 1049 ἄλογα
1194 983 1306 1049 (45)
1359 980 1474 1042 ζῶα
1511 979 1614 1033 ἀνὰ
1642 979 1734 1031 δύο

161 1081 489 1149 παρήγαγεν.
557 1075 804 1137 Εἰκότως
850 1073 1031 1125 τοίνυν
1085 1072 1271 1133 αὐτοῖς
1323 1070 1424 1142 τὴν
1482 1069 1734 1138 εὐλογίαν

159 1174 524 1242 προσήνεγκεν
551 1183 564 1196 ’
616 1167 706 1219 ἵνα
757 1164 842 1217 διὰ
873 1167 974 1232 τῆς
1022 1163 1347 1229 πολυγονίας
1380 1161 1448 1213 τὰ
1487 1161 1584 1230 μὲν
1633 1177 1732 1212 πε-

156 1267 306 1334 λάγη.
343 1263 438 1316 καὶ
465 1261 683 1328 λίμνας,
723 1258 818 1310 καὶ
849 1257 1148 1325 ποταμοὺς.
1178 1255 1246 1307 τὰ
1275 1253 1331 1305 δὲ
1360 1252 1451 1306 τὸν
1484 1253 1641 1322 ἀέρα,
1666 1252 1732 1304 τά

155 1360 203 1412 δὲ
231 1355 494 1426 πληρώσῃ
529 1353 628 1422 τὴν
659 1351 783 1420 γῆν.

771 1460 966 1518 ΕΡΩΤ.
1008 1460 1118 1515 ιη’.

157 1581 251 1634 Διὰ
297 1580 353 1633 τί
404 1579 477 1631 τὰ
521 1577 725 1646 θηρΙα,
773 1575 892 1700 καέ
926 1575 1001 1698 ἑὰ
1055 1573 1275 1644 ἑρπετὰ
1319 1573 1652 1642 πεποίηκεν
1696 1574 1733 1627 ό

894 1662 923 1699 ε
962 1663 1030 1700 c:

894 1662 994 1712 εος
1012 1663 1030 1711 ,'

2387 434 2664 488 INTER“.
2695 434 2858 491 XVII.

1841 549 1950 602 Cur
1980 550 2116 603 Dens
2159 566 2258 601 non
2301 550 2564 602 benedixit
2614 552 2834 620 plantis,
2891 553 3214 604 animalibus
3252 565 3422 608 autem

1907 622 2043 673 dixit
2083 636 2101 672 .'
2154 639 2170 668 ι
2214 620 2461 694 gracile,
2509 631 2558 673 et
2619 622 3120 690 multiplicamintt‘,
3154 643 3170 671 ι
3224 635 3270 676 τι
3309 641 3426 694 qua!

1908 691 2240 759 sequuntur?

1908 799 2049 856 Deus
2083 815 2179 870 pro
2209 810 2340 854 nutu
2384 815 2483 856 suo
2513 802 2697 856 statim
2732 805 3044 859 universam
3104 813 3300 860 terram
3337 820 3427 860 re-

1835 891 1998 960 plevit
2029 891 2224 960 pratis,
2253 892 2589 959 segetibus'.
2623 903 2678 949 et
2702 894 2824 949 aliis
2848 897 3027 950 omnis
3060 897 3276 963 generis
3303 899 3425 951 her-

1836 982 1918 1036 bis
1940 991 1994 1036 et
2025 983 2314 1040 arboribus
2345 1003 2357 1040 :
2390 986 2548 1041 bruta
2578 1001 2706 1041 vero
2737 987 2996 1040 animalia
3034 987 3157 1042 bina
3189 990 3416 1043 crearit.

1836 1072 1992 1131 Unde
2027 1077 2224 1131 merito
2258 1077 2696 1134 benedictionem
2721 1078 2805 1132 eis
2837 1079 3063 1149 largitus
3090 1091 3194 1144 est,
3230 1090 3291 1135 ut
3328 1096 3424 1150 per

1834 1165 2338 1235 multiplicationem
2360 1169 2609 1239 quaedam
2645 1169 2917 1239 replerent
2948 1169 3144 1235 maria,
3180 1171 3336 1225 lacus
3371 1180 3424 1224 et

1833 1260 2052 1327 lluvios,
2081 1260 2332 1330 quaedam
2359 1276 2565 1328 aerem,
2604 1261 2864 1316 nonnulla
2895 1276 3027 1316 vero
3073 1269 3298 1316 terram.

2407 1455 2691 1512 INTERR.
2719 1456 2910 1512 XVIII.

2001 1572 2084 1626 Ad
2111 1573 2239 1643 quid
2271 1571 2410 1626 Deus
2444 1573 2638 1628 creavit
2681 1572 2874 1626 bestias
2913 1579 2962 1626 et
2994 1571 3257 1640 reptilia?

219 1769 400 1820 Δεῖται
430 1764 498 1818 τὰ
532 1762 720 1816 παιδία
749 1762 841 1815 καὶ
875 1759 1313 1832 μορμολυκείων,
1345 1756 1437 1812 καὶ
1465 1755 1728 1828 ἱμάντων,

1906 1752 2067 1809 Pueri
2122 1763 2236 1810 tum
2284 1751 2749 1810 terriculamentis
2825 1762 2939 1808 tum
2999 1753 3164 1808 etiam
3207 1752 3342 1809 loris
3371 1763 3426 1809 ct

160 1860 246 1912 καὶ
276 1857 490 1930 ῥάϐδων
509 1872 525 1886 °
573 1855 669 1908 καὶ
697 1857 810 1916 τοῖς
842 1854 940 1924 μὲν
969 1851 1110 1904 αὐτὰ
1140 1848 1510 1920 δεδιττόμεθα,
1537 1849 1648 1912 τοῖς
1679 1846 1736 1900 δὲ

159 1952 244 2004 καὶ
298 1948 664 2018 παιδεύομενο
724 1947 959 2016 ἑκάτερα
1006 1943 1117 2015 (44)
1162 1944 1218 1996 δὲ
1263 1942 1505 2014 δρῶμεν,
1553 1943 1738 1994 πᾶσαν

160 2044 332 2104 αὐτοῖς
385 2039 644 2104 εὐταξίαν
699 2035 1235 2108 πραγματευόμενοι.
1296 2031 1516 2104 Ἐπειδὴ
1560 2031 1738 2085 τοίνυν

161 2131 376 2204 προῄδει
423 2131 572 2200 ἡμᾶς
620 2130 648 2182 ὁ
693 2127 989 2197 Δεσπότης,
1021 2125 1153 2188 Θεὸς
1195 2126 1274 2187 είς
1323 2123 1598 2195 ῥᾳθυμίαν
1646 2125 1739 2178 ὲκ-

159 2223 502 2287 κλινοῦντας,
573 2215 684 2274 οἷον
771 2219 1002 2290 ίμάντας
1081 2216 1234 2280 τινὰς
1307 2217 1396 2270 καὶ
1469 2214 1740 2286 μορμολυ-

159 2319 273 2369 κεῖα
319 2311 800 2384 προκατεσκεύασε
838 2309 906 2363 τά
952 2307 1159 2380 θηρία·
1216 2307 1302 2359 ἴνα
1347 2306 1557 2369 τούτοις
1591 2306 1739 2376 ἡμᾶς

157 2407 545 2478 δεδιττόμενος,
575 2403 713 2477 πρὸς
745 2401 936 2456 ἑαυτὸν
965 2400 1122 2472 ἕλκη,
1157 2399 1251 2453 καὶ
1277 2398 1462 2450 καλεῖν
1497 2398 1576 2458 είς
1607 2411 1740 2464 συμ.

163 2500 357 2570 μαχίαν
380 2493 803 2568 παρασκευάζῃ.
841 2493 983 2548 Ἀλλ’
1003 2492 1192 2564 ὥσπερ
1211 2491 1262 2544 οἱ
1291 2489 1486 2543 τέλειοι
1515 2488 1608 2540 καὶ
1630 2485 1738 2538 τῶν

163 2589 595 2662 μορμολυκείων,
628 2587 724 2641 καὶ
753 2585 862 2639 τῶν
897 2585 1136 2657 ἱμάντων
1164 2579 1618 2653 καταφρονοῦσιν,
1645 2577 1738 2630 ού-

158 2701 256 2746 τως
281 2683 333 2734 οί
363 2683 465 2753 τῆς
497 2681 698 2752 ἀρετῆς
748 2677 1002 2749 τρόφιμοι
1031 2675 1130 2740 τὰς
1167 2675 1278 2728 τῶν
1309 2671 1509 2746 Θηρίων
1535 2671 1596 2724 οὐ
1629 2671 1738 2722 δει-

162 2776 410 2843 μαίνουσι
440 2771 766 2842 προσϐολάς.
822 2771 933 2824 Καὶ
977 2769 1086 2840 γὰρ
1134 2767 1214 2838 τῷ
1269 2767 1440 2838 nam
1486 2765 1592 2844 πρὸ
1640 2763 1738 2835 τῆς

159 2865 425 2936 ἁμαρτίας
471 2863 810 2934 παρεστήκει
843 2861 911 2914 τά
948 2861 1110 2933 θηρία
1139 2861 1236 2930 τὴν
1277 2858 1520 2914 δουλείαν
1548 2855 1740 2928 ὁμολο-

157 2955 374 3023 γοῦντα,
413 2955 509 3008 καὶ
536 2952 613 3025 τῷ
645 2953 768 3006 Νῶε
804 2952 963 3008 πάλιν
993 2955 1072 3015 είς
1106 2951 1203 3022 τὴν
1232 2949 1462 3004 κιϐωτὸν
1495 2949 1737 3008 εἰσιόντι.

159 3046 306 3117 δίκην
340 3046 635 3116 προϐάτων
669 3045 765 3097 καὶ
796 3044 935 3098 λέων
979 3042 1288 3115 ἠκολούθει,
1326 3041 1420 3094 καὶ
1449 3039 1736 3111 πάρδαλις,

1838 1847 2006 1919 virgis
2036 1847 2300 1918 indigent.
2344 1846 2412 1901 Et
2437 1861 2536 1916 per
2566 1845 2659 1902 illa
2688 1845 2909 1917 quidem
2941 1845 3092 1918 ipsos
3127 1855 3422 1915 terremus,

1839 1954 1934 2008 per
1983 1940 2100 1995 haec
2157 1949 2337 1994 autem
2391 1938 2698 2006 erudimus,
2737 1948 2971 2009 utraque
3007 1955 3138 1995 vero
3169 1939 3422 2006 facimus,

1839 2031 2185 2087 honestatem
2235 2046 2456 2087 omnem
2501 2033 2582 2088 eis
2617 2041 2999 2102 procurantes.
3054 2032 3194 2088 Cum
3250 2033 3418 2104 igitur

1841 2123 2107 2179 Dominus
2161 2123 2304 2179 Deus
2355 2122 2835 2179 animadvertisset
2897 2139 2997 2178 nos
3029 2124 3095 2178 ad
3149 2125 3420 2191 ignaviam

1838 2214 2126 2284 proclives,
2159 2212 2364 2268 bestias
2391 2221 2446 2266 et
2473 2214 2688 2283 reptilia
2746 2214 2899 2284 prius
2943 2214 3207 2280 condidit,
3256 2217 3422 2270 veluti

1841 2309 1957 2362 lora
1984 2307 2235 2377 qnaadam
2267 2316 2322 2362 et
2350 2307 2795 2362 terriculamenta
2822 2327 2836 2363 :
2873 2318 2930 2362 ut
2962 2323 3056 2378 per
3087 2323 3148 2363 ea
3185 2325 3285 2365 nos
3317 2321 3425 2364 ter-

1841 2417 1970 2456 rens
2001 2399 2070 2454 ad
2104 2415 2162 2456 se
2203 2401 2467 2468 traheret,
2522 2415 2754 2470 nosque,
2788 2409 2848 2454 nt
2874 2401 2994 2470 ejus
3022 2402 3281 2456 attxilinm
3317 2405 3422 2456 im-

1838 2495 2206 2564 ploraremus,
2249 2494 2565 2549 adduceret.
2594 2497 2663 2548 At
2692 2495 3150 2563 quemadmodum
3177 2498 3269 2565 qni
3297 2513 3424 2566 per-

1841 2586 2039 2643 lectam
2061 2595 2274 2642 atatem
2298 2585 2614 2656 attigerunt,
2636 2585 3080 2640 terriculamenta
3108 2587 3420 2657 bujnsmodi

1839 2689 1892 2733 et
1915 2677 2028 2732 lora
2060 2685 2453 2733 contemnunt:
2487 2675 2568 2730 sic
2599 2676 2691 2744 qui
2722 2676 2774 2730 in
2801 2676 3003 2730 virtute
3029 2677 3242 2732 educati
3271 2688 3420 2743 sunt,

1839 2771 2137 2826 bestiarum
2218 2769 2473 2825 incursus
2544 2768 2687 2823 haud
2753 2767 3066 2826 formidant.
3143 2770 3421 2840 Siquidem

1839 2862 2069 2926 Adamo,
2118 2861 2230 2932 20
2278 2861 2432 2930 prius
2491 2875 2656 2931 quam
2733 2869 3033 2930 peccasset,
3091 2861 3424 2916 assismhant

1841 2955 2027 3010 bestiae
2048 2953 2374 3024 obsequium
2395 2951 2722 3008 deterentes.
2747 2952 2810 3006 Et
2833 2968 3075 3018 rursum,
3111 2954 3287 3022 ipsum
3311 2952 3424 3008 Noe

1843 3046 2232 3116 ingredientem
2265 3059 2472 3111 arcam,
2497 3044 2605 3107 leo,
2625 3043 2851 3114 pardus,
2877 3052 2932 3098 et
2965 3031 3242 3114 reptilium
3267 3054 3419 3099 a‘tro-

159 3139 242 3191 καὶ
288 3137 405 3190 τῶν
451 3132 698 3208 ἑρπετῶν
749 3136 819 3189 τὰ
873 3135 1177 3207 πικρότατα
1205 3150 1219 3165 ο
1279 3133 1374 3188 καὶ
1415 3131 1493 3204 τῷ
1543 3130 1742 3204 Δανιὴλ

1845 3136 2068 3194 cissima
2100 3151 2331 3208 quaeque
2389 3135 2571 3190 ovium
2606 3150 2760 3190 more
2815 3134 3204 3204 sequebantur.
3239 3135 3301 3190 Et
3325 3135 3424 3190 Da-

161 3231 607 3301 παρεστήκεισαν
639 3230 690 3282 οί
723 3227 954 3294 λέοντες,
1008 3228 1323 3299 ὀρεγόμενοι
1360 3227 1459 3298 μὲν
1506 3227 1734 3296 τροφῆς,

160 3325 390 3378 πελάσαι
438 3322 496 3375 δὲ
548 3323 622 3393 μὴ
670 3321 994 3392 τολμῶντες.
1043 3322 1182 3386 Τοὺς
1222 3321 1330 3394 γὰρ
1358 3320 1609 3384 θεοειδεῖς
1637 3320 1738 3390 τῆς

160 3413 304 3477 θείας
339 3414 550 3477 εἰκόνος
583 3412 772 3482 ἐώρων
799 3413 856 3464 ὲν
908 3410 1057 3482 αύτῷ
1109 3412 1466 3483 χαρακτῆρας
1500 3427 1513 3441 ο
1565 3409 1739 3475 οὕτως

161 3504 265 3573 ἔχις
301 3507 375 3575 τῇ
417 3503 513 3556 τοῦ
557 3503 882 3556 Ἀποστόλου
915 3505 1061 3574 χειρὶ
1102 3502 1226 3564 τοὺς
1254 3502 1533 3566 ὀδύνταςίθ
1564 3501 1738 3572 ὲμδα-

159 3596 349 3654 λοῦσα,
381 3596 476 3648 καὶ
505 3597 606 3663 τῆς
641 3594 918 3664 ἁμαρτίας
943 3594 1002 3646 τὸ
1031 3593 1227 3664 χαῦνον
1263 3593 1356 3647 καὶ
1382 3593 1618 3663 χαλαρὸν
1642 3593 1740 3663 οὐχ

160 3685 419 3754 εὐροῦςα,
462 3685 782 3755 ἀπεπήδησε
823 3686 1155 3756 παραυτίκα,
1193 3686 1289 3738 καὶ
1321 3684 1462 3738 κατὰ
1496 3686 1594 3756 τῆς
1633 3701 1738 3738 πυ-

161 3777 252 3845 ρᾶς
281 3775 476 3846 ἥλατο,
519 3774 712 3848 ὥσπερ
743 3775 898 3841 δίκας
927 3777 1125 3849 ἑαυτὴν
1153 3776 1611 3848 είσπραττομένη,
1656 3777 1739 3830 ὅτι

159 3864 229 3934 τῷ
284 3863 607 3934 μηδαμόθεν
675 3865 1008 3935 προσήκοντι
1079 3864 1450 3938 προσεϐάλετο
1507 3864 1736 3937 σώματι.

169 3956 359 4026 Ἡμεῖς
386 3957 444 4010 δὲ
472 3957 542 4010 τὰ
577 3955 741 4028 θηρία
783 3956 1122 4028 δεδοίκαμεν,
1163 3957 1352 4028 ἐπειδὴ
1395 3959 1494 4030 τῆς
1536 3957 1740 4030 ἀρετῆς

161 4048 248 4119 τὴν
271 4050 560 4103 πολιτείαν
583 4050 684 4102 ούκ
715 4049 931 4120 ἔχομεν.
964 4050 1074 4104 Καὶ
1101 4049 1244 4104 οὕτω
1264 4050 1320 4104 δὲ
1350 4049 1740 4122 ῥᾳθυμούντων

162 4141 456 4210 κηδόμενος
487 4143 515 4194 ὁ
561 4140 718 4204 Θεὸς,
768 4140 895 4204 τοὺς
937 4140 1312 4211 ἐρημοτέρους
1358 4142 1588 4205 ἐκείνοις
1630 4143 1741 4195 ἁπ-

162 4229 439 4300 εκλήρωσε
469 4229 692 4294 τόπους,
731 4232 826 4285 καὶ
861 4229 950 4284 τὸν
977 4233 1077 4300 τῆς
1109 4232 1301 4296 νυκτὸς
1335 4232 1517 4297 αὐτοῖς
1547 4232 1740 4304 καιρὸν

163 4320 452 4387 ἀπένειμεν
497 4321 578 4384 είς
623 4320 917 4394 διατροφήν
943 4337 957 4352 '
1017 4340 1036 4374 ι
1074 4323 1162 4376 Ἑν
1207 4323 1347 4396 αὐτῇ
1396 4323 1527 4396 γὰρ,
1580 4323 1738 4394 φησὶν

164 4406 528 4463 διελεύσονται
576 4411 757 4464 πάντα
806 4411 874 4465 τὰ
924 4411 1092 4484 θηρία
1131 4411 1224 4465 τοῦ
1267 4412 1494 4485 δρυμοῦ.
1538 4432 1557 4464 ι
1614 4413 1740 4478 Τοῖς

165 4497 408 4566 ἑρπετοῖς
437 4499 515 4565 δὲ,
545 4502 672 4561 τοὺς
714 4500 826 4570 (45)
869 4503 926 4556 ἐν
964 4505 1031 4574 τῇ
1080 4505 1148 4574 γῇ
1185 4503 1393 4557 δέδωκε
1435 4505 1738 4576 χηραμοὺς,

165 4588 304 4652 ὅπως
349 4590 406 4642 ὲν
441 4588 674 4652 ἐκείνοις
703 4592 1122 4664 ὲγκρυπτὸμενα
1157 4593 1232 4664 μὴ
1283 4593 1586 4664 λυμαίνωσι
1631 4596 1740 4648 τῶν

163 4679 254 4733 ἀνθ
260 4680 464 4753 ρώπων
485 4682 548 4734 τὸ
568 4683 747 4750 γένος.
775 4682 890 4737 ’Ὶνα
913 4684 970 4737 δὲ
995 4684 1446 4756 μὴ.ιταντάπασιν
1471 4687 1741 4758 ἁλώδητοι

163 4770 510 4841 διαμένοντες
570 4774 1007 4845 καταφρονῶμεν
1056 4775 1272 4840 αὐτῶν,
1341 4778 1419 4840 ὼς
1482 4777 1742 4848 βλάπτειν

166 4861 362 4930 ξκιστα
393 4863 711 4933 δυναμένων
737 4880 752 4895 ο
804 4865 952 4919 ἐστιν
983 4867 1072 4920 ὅτε
1109 4871 1383 4938 συγχωρεῖ
1409 4868 1502 4922 δύο
1529 4869 1680 4933 τινὰς
1705 4870 1740 4940 ἦ

166 4957 308 5024 τρεῖς
359 4958 428 5010 ὲκ
476 4958 691 5011 πολλῶν
738 4961 1042 5031 μυριάδων,
1081 4963 1111 5015 ὁ
1141 4961 1253 5033 (46)
1299 4963 1589 5032 σοφῶςοτά
1623 4953 1750 5018 καθ’

170 5045 306 5115 ἡμᾶς
359 5049 744 5118 πρυτανεύων,
797 5051 831 5120 ἢ
869 5049 973 5104 ὑπὸ
1021 5054 1299 5124 σκορπίων
1348 5055 1663 5122 κεντᾶσθαι,
1708 5054 1742 5126 ἢ

236 5228 263 5268 ⁸
293 5227 430 5284 Gen.
470 5245 510 5294 ι,
533 5226 627 5282 22.
707 5229 736 5270 δ
765 5227 888 5282 Act.
923 5245 1118 5296 ιιι-ιιι,
1146 5234 1198 5286 δ.
1283 5235 1299 5274 ί
1325 5232 1470 5290 Psal.
1503 5249 1620 5302 cm,
1646 5234 1738 5292 20.

1841 3230 1968 3285 nieli
2003 3229 2232 3285 aderant
2257 3229 2468 3296 leones,
2503 3227 2600 3299 qui
2631 3226 2836 3297 alioqui
2881 3225 3116 3281 famelici
3160 3227 3425 3282 accedere

1843 3331 2022 3376 tamen
2053 3320 2118 3375 ad
2149 3335 2275 3376 eum
2305 3335 2412 3374 non
2469 3319 2766 3383 audebant,
2805 3331 2872 3373 eo
2902 3319 3050 3388 quod
3087 3317 3141 3371 in
3172 3317 3265 3371 illo
3308 3335 3426 3388 spe-

1841 3415 2018 3470 cimen
2043 3413 2320 3483 quoddam
2355 3411 2598 3466 divinam
2650 3410 2947 3482 imaginem
2983 3425 3096 3482 pra:
3129 3425 3189 3466 se
3236 3409 3422 3466 ferens

1840 3505 2240 3576 conspicerent.
2276 3503 2463 3560 Itidem
2513 3503 2718 3574 vipera,
2761 3519 2884 3574 qua:
2912 3504 3106 3559 dentes
3161 3503 3424 3574 iniecerat

1843 3596 1894 3650 in
1925 3611 2146 3650 manum
2179 3592 2492 3665 Apostolih,
2521 3609 2642 3648 cum
2695 3594 2903 3664 peccati
2954 3594 3092 3648 nihil
3143 3593 3422 3648 inlirmum

1841 3695 1935 3741 aut
1959 3687 2122 3742 molle
2145 3687 2198 3741 in
2227 3702 2292 3741 eo
2317 3686 2630 3756 reperisset,
2664 3701 2789 3742 mox
2821 3685 3036 3752 resiliit,
3067 3694 3122 3742 et
3153 3685 3209 3741 in
3243 3686 3425 3757 ignem

1841 3792 1900 3832 se
1933 3776 2187 3847 coniecit,
2246 3777 2576 3848 supplicium
2633 3777 3042 3846 quodammodo
3099 3777 3165 3832 de
3195 3790 3254 3831 se
3307 3777 3426 3847 ipsa

1841 3885 2088 3936 sumens,
2129 3869 2275 3940 quod
2328 3884 2531 3941 corpus
2590 3868 2694 3926 sibi
2742 3869 3056 3924 nullatenus
3096 3868 3427 3924 conveniens

1841 3959 2034 4014 adorta
2062 3969 2225 4015 esset.
2273 3957 2386 4014 Nos
2418 3968 2601 4014 autem
2643 3959 2764 4014 ideo
2803 3960 3006 4014 bestias
3041 3957 3423 4020 formidamus.

1841 4051 1969 4119 quia
1999 4050 2200 4105 virtute
2239 4050 2481 4120 praeditis
2507 4049 2754 4104 moribus
2792 4064 2901 4103 non
2931 4063 3140 4104 sumus.
3172 4049 3232 4104 Et
3260 4049 3332 4105 ob
3370 4049 3425 4104 id

1841 4141 1987 4198 Deus
2027 4141 2340 4197 socordiam
2367 4141 2535 4196 etiam
2567 4140 2856 4196 hominum
2886 4155 3075 4196 curam
3119 4156 3307 4212 agens,
3331 4156 3427 4198 eas

1843 4235 1899 4290 in
1922 4234 2216 4294 remotiora
2251 4233 2370 4289 loca
2431 4233 2709 4304 relegavit,
2741 4243 2796 4288 et
2825 4233 2894 4290 iis
2934 4242 3263 4289 nocturnum
3297 4243 3428 4288 tem-

1843 4343 1946 4398 pus
1983 4327 2050 4382 ad
2072 4341 2258 4384 escam
2309 4326 2661 4396 quaerendam
2718 4327 2946 4398 largitus
2999 4333 3107 4382 est.
3141 4344 3160 4377 ι
3197 4326 3252 4380 In
3308 4328 3425 4397 ipsa

1842 4422 1988 4478 enim
2021 4419 2224 4490 (nocte)
2251 4418 2349 4483 ait,
2378 4417 2692 4475 transibunt
2735 4433 2928 4475 omnes
2962 4417 3150 4474 bestia:
3173 4418 3322 4474 silva:
3343 4420 3421 4472 ι.»

1847 4509 2153 4581 Reptilibus
2179 4524 2307 4565 vero
2341 4518 2499 4565 antra
2544 4517 2707 4565 terrae
2743 4510 2996 4580 praebuit,
3040 4518 3100 4564 ut
3149 4511 3202 4564 in
3235 4510 3316 4566 eis
3347 4510 3427 4565 la-

1849 4604 2290 4659 tentialmmano
2337 4602 2521 4673 generi
2553 4617 2662 4657 non
2702 4612 2954 4658 noceant.
2996 4603 3064 4656 At
3101 4617 3169 4657 ne
3198 4602 3424 4670 bestias,

1847 4696 1994 4750 velut
2023 4697 2092 4750 ab
2147 4695 2232 4751 his
2283 4709 2510 4765 prorsus
2567 4695 2742 4757 illaesi.
2794 4703 3230 4760 contemnamus,
3267 4693 3426 4763 quasi

1849 4788 2009 4842 nobis
2061 4787 2286 4842 minime
2333 4801 2534 4842 nocere
2573 4786 2806 4858 possint,
2852 4800 3244 4855 nonnunquam
3287 4786 3425 4839 duos

1855 4888 1952 4932 aut
1982 4887 2093 4932 tres
2123 4892 2154 4931 e
2180 4877 2371 4932 multis
2410 4875 2654 4931 millibus
2687 4875 2774 4929 vel
2804 4889 2835 4928 a
2868 4874 3253 4944 scorpionibus
3283 4885 3424 4940 pun-

1857 4967 1930 5039 gi,
1953 4975 2048 5022 aut
2077 4982 2108 5021 a
2139 4966 2484 5036 serpentibus
2532 4966 2768 5022 morderi
2801 4965 3069 5036 permittit
3103 4964 3148 5018 is
3195 4963 3286 5032 qui
3334 4976 3426 5016 sa-

1853 5061 2067 5131 pienter
2095 5074 2182 5114 res
2210 5066 2428 5114 nostras
2456 5057 2758 5129 gubernat;
2791 5067 2852 5114 ut
2881 5072 2980 5112 nos
3001 5054 3179 5122 veriti,
3208 5067 3275 5108 ne
3295 5052 3426 5122 quid

1030 5342 1265 5399 VARIA’S
1291 5345 1682 5404 LECTIONES
1719 5345 1812 5401 EX
1851 5343 2123 5402 CATENA
2165 5341 2525 5400 LIPSIENSI.

257 5460 304 5492 ¹⁶
334 5459 454 5514 Cat.
494 5475 550 5529 p.
581 5458 652 5513 58
676 5458 801 5520 τοὺς
829 5443 1046 5524 ὀδόντας
1074 5475 1188 5517 οιιι.

1643 5574 1873 5632 NOTAE.

391 5695 633 5777 ξέλοτω.
668 5693 907 5777 collum.
934 5691 1046 5747 Pic.
1069 5693 1226 5777 άλλα.

236 5763 358 5837 (Η)
401 5763 674 5834 Ἑκάτερα
699 5763 769 5816 δὲ
799 5763 1028 5831 δρῶμεν
1061 5768 1273 5819 desunt.

1943 5691 2033 5762 45)
2061 5692 2194 5748 Cod.
2228 5695 2361 5754 τοῖς.

1943 5694 2033 5762 ιδ)
2061 5694 2194 5748 Cod.
2228 5695 2361 5754 τοῖς.

1921 5694 2038 5834 ξοδδ
2079 5763 2142 5817 '0
2156 5762 2292 5820 Cod.
2321 5770 2374 5818 et
2401 5761 2512 5816 Pic.
2537 5758 2636 5824 ὡς.
