3928 6316
429 369 504 433 99
739 391 746 397 '
1425 358 1915 437 TIIEODORETI
1966 359 2308 420 EPISCOPI
2345 355 2723 420 CYRENSIS
3593 350 3702 416 100

432 478 612 535 simile
642 475 936 548 patiamur,
968 471 1136 528 Deum
1169 478 1470 527 creatorem
1507 474 1521 490 '
1560 471 1612 522 in
1644 467 1910 522 auxilium
1933 466 1983 520 in

2147 467 2228 520 me
2257 467 2434 535 ὄφεων
2467 464 2761 522 δάκνεσθαι
2792 480 2805 495 ο
2841 461 2906 516 ἵν’
2943 462 3124 532 ἡμεῖς,
3162 461 3234 525 ὡς
3268 461 3499 524 δεδιότες
3539 465 3610 535 μὴ
3646 478 3698 514 τι

433 586 714 636 vocemus,
744 570 1100 625 obsecrantes
1133 575 1188 620 ut
1219 566 1306 620 ille
1330 565 1577 618 omnium
1619 562 1888 618 malorum
1915 562 1980 616 de

2153 559 2498 630 παραπλήσιον
2525 557 2817 628 πάθοιμεν,
2853 557 2930 615 εἰς
2965 555 3285 627 ἐπικουρίαν
3323 553 3578 622 καλῶμεν
3606 554 3704 605 τὸν

432 667 662 738 pultrice
689 661 1024 733 providentia
1052 676 1150 715 nos
1173 668 1412 714 tueatur.
1443 657 1708 712 Praeterea
1736 665 1791 710 et
1816 654 1884 709 ad
1907 653 1983 708 alia

2155 649 2453 719 τεποιηκότα
2495 647 2650 716 Θεὸν,
2701 647 2796 702 καὶ
2844 645 2950 701 ὕπὸ
2992 646 3091 716 τῆς
3129 645 3438 709 πανα).κοῦ;
3483 645 3706 715 ἐκείνης

435 737 620 812 bestiae
650 769 757 808 non
792 761 920 808 sunt
950 751 1109 805 nobis
1137 749 1392 804 inutiles.
1435 746 1570 801 Nam
1604 761 1668 799 ex
1705 744 1785 800 eis
1817 744 1986 798 medic

2154 741 2461 814 προμηθείας
2506 739 2862 812 φρουρεῖσθαι
2914 737 3348 810 παρακαλῶμεν.
3388 737 3600 800 Ἀλλως
3639 753 3705 790 τε

436 849 729 919 pharmaca
788 860 896 900 non
951 859 1119 914 pauca
1189 849 1526 910 componunt
1557 838 1622 892 ad
1656 837 1759 906 21
1794 837 1985 891 morbo

2158 835 2236 889 sat
2279 837 2337 888 ἐν
2371 835 2485 898 τοῖς
2515 833 2694 897 ἄλλοις
2725 833 2857 904 ἡμῖν
2885 831 3134 904 ἄχρηστα
3171 831 3242 886 τὰ
3285 830 3470 903 θηρία.
3519 828 3709 884 Πολλὰ

434 936 852 1010 propulsandos.
884 933 1056 990 Nemo
1109 934 1278 1005 igitur
1321 931 1514 987 bestiis
1554 946 1648 1000 per
1679 945 1736 984 se
1766 928 1985 983 conside

2156 929 2226 997 Ξιρ
2256 928 2350 982 καὶ
2392 928 2455 980 ἐκ
2483 925 2689 980 τούτων
2731 924 3032 990 ἀλεξίκακα
3069 925 3270 996 ἰατρῶν
3307 923 3496 987 παῖδες
3530 939 3707 976 κατα-

435 1029 568 1084 ratis
597 1027 664 1083 de
697 1027 960 1081 Creatore
990 1030 1382 1093 conqueratur,
1419 1019 1516 1076 sed
1550 1017 1838 1072 utilitatem
1863 1015 1986 1070 inve

2157 1019 2445 1086 κευάζουσι
2477 1019 2766 1090 φάρμακα.
2792 1019 2998 1087 Μηδεὶς
3023 1017 3203 1072 τοίνυν
3228 1016 3365 1072 αὐτὸ·
3389 1016 3509 1070 καθ’
3536 1015 3708 1070 ἑαυτὸ

436 1121 614 1192 stiget.
671 1117 949 1188 Siquidem
1013 1115 1192 1186 ipsum
1240 1114 1402 1167 etiam
1456 1125 1658 1180 corpus
1689 1108 1987 1162 humanum

2157 1111 2393 1183 bO'qpiov
2422 1109 2691 1177 ἐξετάζων
2741 1109 3138 1182 ἐπιμεμφέσθω
3170 1108 3248 1180 τῷ
3294 1110 3516 1180 ποιητῇ,
3563 1108 3708 1162 ἀλλὰ

435 1211 686 1285 quamvis
730 1211 1057 1274 formosum,
1085 1214 1471 1277 temperatum,
1504 1211 1558 1258 et
1600 1202 1750 1256 varia
1781 1199 1986 1271 partiun

2157 1203 2218 1276 ὴν
2247 1204 2438 1276 χρείαν
2469 1203 2822 1274 ἐπιζητείτω.
2875 1203 3032 1257 Ἐπεί⁵
3073 1202 3170 1257 καὶ
3199 1201 3262 1256 τὸ
3315 1201 3474 1272 σῶμα
3504 1201 3565 1254 τὸ
3604 1201 3708 1254 ἀν-

436 1306 668 1361 utilitate
694 1303 1002 1374 praeditum,
1031 1315 1226 1354 mucco
1253 1307 1459 1364 tamen,
1483 1305 1535 1352 et
1557 1305 1738 1366 sputo,
1765 1309 1826 1348 ac
1849 1291 1987 1347 l‘etid

2160 1297 2392 1369 ρώπινον
2437 1298 2648 1370 πολλὴν
2669 1297 2782 1369 ἔχει
2817 1297 2911 1352 καὶ
2940 1297 3112 1369 ὥραν,
3149 1298 3243 1351 καὶ
3275 1296 3563 1367 ἁρμονίαν,
3607 1295 3711 1348 καὶ

436 1409 696 1462 stercore,
727 1395 871 1466 quod
905 1393 1150 1449 excernit
1177 1432 1192 1459 ,
1249 1405 1356 1445 non
1393 1398 1562 1446 caret.
1613 1386 1806 1442 Nullus
1836 1394 1987 1451 tamet

2154 1389 2229 1444 ὦν
2260 1389 2462 1461 μορίων
2487 1390 2586 1462 τὴν
2617 1391 2806 1463 χρείαν
2826 1405 2841 1420 ·
2886 1389 3002 1444 ἀλλ’
3028 1390 3140 1461 ἔχει
3169 1389 3264 1444 καὶ
3291 1387 3526 1460 κόρυζαν
3565 1389 3705 1460 (47),

437 1506 585 1544 sanae
625 1489 826 1543 mentis
875 1502 940 1540 ex
980 1485 1066 1540 his
1093 1481 1298 1539 animal
1334 1482 1629 1551 vituperat.
1655 1478 1844 1550 Neque
1868 1477 1988 1533 enin

2157 1483 2214 1537 αὶ
2245 1481 2495 1548 πτύελον,
2525 1485 2620 1537 καὶ
2640 1483 2852 1555 δυσώδη
2873 1483 3079 1558 κόπρον
3105 1482 3522 1554 ἐκκρινομένην.
3559 1482 3708 1536 Ἀλλ’

436 1584 638 1652 absque
670 1581 755 1636 his
783 1594 942 1649 agere
977 1578 1139 1632 vitam
1171 1582 1369 1646 potest,
1401 1573 1495 1630 sed
1525 1588 1621 1644 per
1654 1572 1769 1628 haec
1799 1571 1987 1626 ﬁrmuu

2156 1574 2293 1641 ὕδεὶς
2345 1571 2404 1631 εὖ
2455 1575 2667 1648 φρονῶν
2713 1577 2824 1633 ἀπὸ
2866 1575 3085 1652 τούτων.
3117 1575 3394 1630 διαϐάλλει
3439 1574 3498 1628 τὸ
3541 1573 3707 1640 ζῶον.

437 1683 520 1728 est
555 1683 610 1727 et
641 1681 912 1742 vegetum.
970 1667 1252 1739 Siquidem
1301 1675 1425 1736 eget
1479 1663 1697 1735 pituita,
1726 1661 1988 1733 sanguine

2157 1669 2255 1742 ,ίχα
2277 1668 2384 1740 γὰρ
2413 1669 2618 1725 τούτων
2639 1669 2830 1741 βιῶναι
2857 1670 2969 1724 τῶν
2994 1669 3270 1728 ἀδυνάτων
3292 1691 3307 1704 -
3333 1670 3423 1725 διὰ
3445 1668 3552 1741 γὰρ
3577 1669 3708 1724 τού-

432 1768 483 1817 et
534 1773 763 1833 utraque
799 1762 923 1816 bile.
960 1759 1031 1816 At
1082 1757 1544 1830 quemadmodum
1590 1771 1686 1826 per
1733 1755 1850 1810 haec
1886 1767 1983 1808 con

673 1857 682 1866 .
909 1869 916 1870 ,
1435 1847 1607 1870 ..__,_-_
1648 1847 1786 1870 ,,ε,,
1822 1847 1983 1870 .,,-,,,,

2158 1779 2229 1817 ων
2256 1763 2614 1834 ἀρδευόμενον
2645 1763 2891 1836 τέθηλεν.
2954 1762 3161 1836 Χρῄζει
3187 1761 3295 1832 γὰρ
3325 1762 3417 1817 καλ⁵
3458 1763 3709 1834 φλέγμα-

438 1858 604 1934 sistit,
640 1857 720 1910 sic
761 1870 856 1924 per
897 1853 1087 1908 eadem
1119 1851 1396 1906 dilabitur.
1435 1847 1610 1904 Unius
1643 1847 1788 1902 enim
1821 1847 1989 1901 borun

2160 1870 2235 1918 ος,
2265 1855 2361 1908 καὶ
2386 1855 2620 1926 αἵματος
2639 1855 2734 1908 καὶ
2780 1853 2942 1927 χολῆς
2986 1854 3272 1926 ἑκατέρας.
3327 1853 3467 1908 Ἀλλ’
3515 1855 3711 1927 ὥσπερ

436 1947 1030 2005 exceSsnautdelectu
1087 1951 1354 1998 enecatur
1411 1940 1634 1996 animal.
1673 1939 1766 1995 Sic
1827 1954 1986 1993 rursu

2160 1945 2209 2000 ιὰ
2238 1944 2445 2001 τούτων
2478 1946 2829 2018 συνέστηκεν,
2875 1946 3050 2011 οὕτως
3090 1947 3184 2002 καὶ
3211 1947 3302 2002 διὰ
3329 1946 3534 2001 τούτων
3562 1947 3711 2002 διόλ-

435 2043 732 2112 digitorum
757 2039 1049 2094 articulntn
1077 2050 1246 2091 unum
1293 2034 1339 2091 si
1370 2035 1498 2105 quis
1522 2032 1827 2097 abscindat,
1866 2031 1986 2086 illum

2158 2057 2298 2096 υται.
2353 2039 2502 2103 Ἐνδς
2534 2039 2644 2110 γὰρ
2686 2039 2796 2095 τῶν
2828 2040 3203 2114 εἰρημένωνῆ
3258 2041 3618 2112 πλεονασμὸς,
3672 2041 3709 2107 ἢ

439 2148 664 2202 prorsus
706 2130 950 2184 inutilem
1002 2143 1125 2184 esse
1173 2124 1561 2198 deprehendet.
1594 2124 1665 2178 At
1693 2123 1986 2193 conjuncta

2164 2130 2318 2198 ιδεια,
2340 2130 2576 2186 διόλλυσι
2596 2131 2656 2186 τὸ
2678 2131 2837 2198 ζῶον.
2868 2131 3027 2187 Οὕτω
3051 2133 3164 2203 (48)
3195 2132 3358 2188 πάλιν
3385 2134 3440 2187 ετ
3458 2150 3544 2198 τις
3573 2133 3715 2203 μίαν

439 2229 731 2280 maximam
771 2223 984 2293 corpori
1038 2220 1322 2276 utilitatem
1379 2217 1605 2290 praebet.
1644 2215 1736 2272 Sic
1775 2216 1940 2287 igitur
1967 2229 1990 2270 e

2162 2225 2233 2279 ῶν
2260 2225 2544 2282 δακτύλων
2576 2227 2786 2299 ἐκτέμῃ
2820 2229 3140 2296 σκυταλίδα,
3187 2228 3375 2299 ὄψεται
3427 2225 3713 2290 παντελῶς

439 2334 539 2372 nos
561 2331 723 2385 agere
774 2314 1047 2379 convenit,
1074 2320 1134 2367 ut
1175 2326 1283 2366 non
1323 2308 1568 2380 singulas
1606 2323 1702 2378 per
1731 2322 1788 2364 sc
1813 2316 1990 2363 natur:

2162 2314 2295 2385 ὕτὴν
2323 2314 2598 2387 ἄχρηστον
2625 2331 2641 2348 ⁶
2672 2317 2811 2372 ἀλλὰ
2832 2318 3157 2391 συνημμένη
3188 2318 3447 2391 πλείστην
3471 2319 3710 2390 παρέχει

439 2419 619 2480 partes
651 2407 1082 2473 consideremus,
1103 2404 1195 2460 sed
1216 2419 1406 2459 earum
1437 2403 1490 2457 in
1524 2402 1781 2456 universo
1812 2400 1989 2455 utilita

2161 2404 2200 2476 ᾦ
2227 2403 2438 2476 σώματι
2465 2405 2566 2478 τὴν
2598 2407 2810 2479 χρείαν.
2846 2407 3006 2462 Οὕτω
3027 2407 3206 2464 τοίνυν
3238 2407 3334 2463 καί¹
3367 2410 3515 2481 ἡμᾶς
3538 2425 3712 2480 προσσ-

440 2514 547 2558 tem
571 2511 897 2573 spectemus.
929 2497 1063 2554 Nam
1099 2507 1154 2553 et
1175 2497 1318 2569 ignis
1365 2495 1634 2551 adurendi
1673 2493 1782 2548 vim
1836 2492 1991 2547 habet

2162 2519 2246 2555 κει
2278 2503 2452 2556 ποιεῖν
2471 2519 2485 2533 °
2535 2503 2610 2575 μὴ
2648 2499 2782 2556 αὕτδ
2812 2502 2933 2555 καθ’
2965 2501 3128 2555 ἐαυτδ
3155 2501 3386 2556 ἕκαστον
3423 2501 3590 2573 μέρος
3622 2500 3711 2566 ἐξ·

441 2613 541 2652 nee
575 2605 784 2651 tantum
846 2608 1078 2665 corpora
1134 2591 1430 2656 consumit,
1490 2589 1584 2644 sed
1620 2587 1813 2644 domos
1856 2586 1992 2642 etiau

2160 2592 2307 2658 τάξει
2340 2594 2442 2664 τῆς
2475 2594 2706 2659 κτίσεως
2727 2608 2743 2624 °
2797 2593 2935 2647 ἀλλὰ
2963 2592 3148 2664 ζητεῖν
3177 2595 3226 2648 εί
3254 2593 3331 2665 τῷ
3367 2595 3533 2649 παντὶ
3568 2595 3711 2667 χρή-

441 2689 699 2754 incendit,
739 2695 795 2742 et
825 2701 1012 2750 naves,
1053 2691 1108 2738 et
1140 2691 1370 2754 segetes.
1413 2681 1480 2736 Et
1523 2691 1701 2736 tamen
1735 2693 1904 2734 unum
1938 2693 1992 2735 es

2162 2702 2304 2755 ιμον.
2351 2685 2507 2740 Ἐπεὶ
2537 2685 2633 2738 καὶ
2678 2683 2739 2738 τὸ
2795 2683 2907 2755 πῦρ
2954 2684 3252 2738 καυστικόν
3287 2686 3440 2738 ἐστι’
3504 2687 3599 2740 καὶ
3645 2687 3710 2740 οὐ

439 2797 506 2834 ex
534 2791 772 2850 quatuor
824 2773 1126 2839 elementis,
1167 2788 1231 2826 ex
1287 2771 1487 2842 quibus
1517 2769 1702 2825 omnia
1743 2775 1990 2825 constant

2157 2777 2286 2832 ιόνον
2336 2776 2564 2848 σώματα
2610 2775 2948 2849 διαφθείρει,
2997 2776 3133 2833 ἀλλὰ
3179 2779 3273 2832 καὶ
3305 2778 3488 2844 οἴκους
3536 2779 3708 2850 ἐμπί-

439 2882 493 2926 ct
521 2874 636 2926 sine
695 2871 799 2924 hoc
838 2870 1020 2922 vivere
1083 2864 1394 2919 mortalium
1436 2871 1632 2918 natura
1683 2877 1790 2917 non
1822 2869 1990 2932 potest

2158 2885 2317 2939 φησι,
2346 2869 2441 2922 καὶ
2474 2869 2660 2933 πλοῖα,
2693 2868 2790 2922 καὶ
2823 2867 2971 2939 λήῖα.
3006 2869 3149 2922 Ἀλλ’
3175 2869 3326 2938 ὅμως
3356 2869 3416 2924 ἐν
3449 2871 3566 2924 ἐστι
3596 2870 3709 2922 τῶν

442 2957 508 3012 Ει
535 2973 678 3027 aqua
700 2956 953 3028 similiter
991 2962 1192 3022 terram
1244 2953 1496 3018 inundat,
1543 2951 1738 3007 domos
1767 2949 1993 3006 destruit

2158 2956 2404 3029 εσσάρων
2435 2959 2734 3030 στοιχείων,
2775 2959 2842 3013 δι’
2870 2951 2945 3012 ὧν
2983 2958 3052 3012 τὰ
3082 2954 3261 3015 πάντα
3292 2963 3666 3031 συνήρμοσται
3693 2977 3709 2993 ⁸

441 3049 814 3120 navigantium
885 3046 1150 3117 plurimos
1201 3043 1476 3111 exhaurit,
1539 3049 1699 3098 nocet
1755 3042 1919 3098 etiam
1953 3042 1990 3096 ii

2163 3049 2217 3105 αὶ
2262 3051 2386 3124 δίχα
2435 3052 2626 3107 τούτου
2673 3052 2775 3124 τὴν
2823 3051 3020 3125 θνητὴν
3058 3053 3220 3123 φύσιν
3269 3054 3551 3109 διαϐιῶναι
3597 3056 3714 3110 τῶν

441 3143 534 3212 qui
567 3139 944 3211 intempestive
968 3138 1054 3192 vel
1079 3135 1370 3191 immodice
1393 3135 1577 3189 bibere
1602 3148 1710 3188 non
1741 3141 1992 3189 verentur

2158 3142 2422 3199 δυνάτων.
2479 3145 2590 3198 Καὶ
2626 3143 2772 3217 ὕδωρ
2819 3145 3084 3209 ὡσαύτως
3133 3144 3418 3210 ἐπικλύζει
3448 3151 3548 3217 τὴν
3579 3147 3709 3218 γῆν.

439 3235 610 3292 Nemo
644 3243 851 3300 tamen,
887 3231 992 3287 nisi
1027 3231 1273 3297 demens,
1304 3227 1665 3299 perniciosam
1696 3242 1892 3298 aquam
1926 3241 1990 3298 ap

2163 3234 2298 3296 ίκίας
2319 3234 2603 3303 καταλύει,
2622 3236 2977 3308 παμπόλλους
2996 3237 3102 3291 τῶν
3121 3236 3554 3307 ναυτιλλομένων
3575 3236 3714 3292 διό).-

439 3329 672 3402 pellarit.
699 3326 828 3382 Hine
857 3325 1004 3381 enim
1033 3333 1088 3379 et
1117 3332 1319 3378 terram
1347 3321 1561 3392 irrigat,
1589 3329 1643 3376 et
1662 3320 1875 3390 plantas
1902 3319 1990 3375 alit

2163 3345 2263 3381 υσι.
2306 3327 2644 3401 Λυμαίνεται
2682 3330 2741 3384 δὲ
2774 3330 2869 3384 καὶ
2894 3331 3018 3395 τοὺς
3047 3330 3296 3402 ἀκαίρως
3327 3332 3423 3385 καὶ
3451 3331 3714 3405 ἀμέτρως

438 3431 494 3478 et
525 3422 685 3477 bruta
729 3417 1007 3483 animalia,
1057 3416 1344 3487 ipsamque
1397 3413 1684 3468 hominum
1743 3419 1989 3467 naturam

2164 3419 2300 3472 τίνειν
2345 3419 2727 3492 ἀνεχομένους.
2777 3421 2918 3475 Ἀλλ’
2949 3421 3128 3485 οὐδεὶς
3179 3422 3252 3493 μὴ
3295 3421 3490 3492 κομιδῆ
3529 3438 3715 3492 παρα-

439 3514 522 3570 Ad
561 3515 710 3568 hunc
750 3527 879 3582 ergo
910 3509 1133 3565 modum
1189 3515 1244 3563 et
1289 3507 1521 3563 aliorum
1586 3503 1986 3575 unumquodqu

2164 3510 2305 3564 ain
2329 3510 2572 3584 ὀλέθριον
2600 3513 2664 3566 τὸ
2692 3510 2836 3586 ὕδωρ
2865 3512 3137 3584 ὠνόμασε.
3163 3512 3335 3567 Τοῦτο
3359 3515 3468 3584 γὰρ
3494 3512 3590 3568 καὶ
3611 3514 3715 3585 τὴν

440 3605 844 3669 ριιιιηὶιιιιιιιιιε,
898 3616 1005 3656 non
1064 3600 1246 3670 ipsum
1306 3613 1402 3668 per
1471 3611 1532 3652 se
1585 3596 1991 3651 considerantes

2164 3601 2233 3671 ἦν
2261 3601 2436 3672 ἄρδει,
2467 3602 2564 3658 καὶ
2591 3602 2659 3658 τὰ
2706 3604 2853 3672 φυτὰ
2890 3603 3102 3674 τρέφει,
3140 3603 3237 3658 καὶ
3261 3603 3327 3657 τὰ
3365 3603 3536 3672 ἄλογα
3569 3602 3712 3668 ζῶα,

443 3697 740 3752 ιιοιίιιιιιιιο
763 3694 852 3758 sit,
888 3693 995 3762 22
1025 3707 1092 3745 an
1141 3688 1528 3746 commodum:
1555 3687 1649 3742 sed
1682 3702 1750 3741 an
1781 3685 1994 3756 aliquan

2167 3692 2225 3746 at
2253 3693 2363 3746 τῶν
2394 3691 2700 3764 ἀνθρώπων
2734 3692 2833 3766 τὴν
2863 3693 3048 3765 φύσιν.
3079 3693 3237 3749 Οὕτω
3265 3695 3442 3748 τοίνυν
3474 3695 3568 3747 καὶ
3601 3692 3718 3748 τῶν

441 3790 698 3844 universo
730 3786 1018 3840 utilitatem
1043 3781 1311 3838 conterat.
1344 3777 1477 3834 Nam
1502 3786 1557 3834 et
1585 3777 1714 3832 ferte
1746 3778 1992 3832 hominen

2170 3783 2305 3837 λλων
2330 3783 2562 3838 ἕκαστον
2599 3783 2949 3854 ἐξετάζομεν,
2994 3784 3068 3856 μὴ
3097 3785 3227 3839 αὐτὸ
3261 3785 3382 3838 καθ’
3412 3782 3572 3837 ἐαυτδ
3611 3782 3721 3853 βας

443 3888 762 3937 reverentur
809 3885 1030 3948 prepter
1054 3873 1372 3928 attributam
1410 3871 1486 3926 illi
1513 3871 1581 3926 ab
1612 3870 1768 3925 initio
1793 3870 1848 3924 in
1875 3869 1993 3940 ipsa

2163 3873 2467 3939 ἀνίςοντες,
2504 3873 2559 3925 εί
2581 3888 2642 3925 τε
2669 3871 3000 3944 λυμαντικόν
3031 3875 3198 3937 ἐστιν,
3229 3873 3283 3927 et
3307 3890 3364 3927 τε
3399 3872 3678 3946 ὠφέλιμον
3698 3889 3714 3906 ⁸

443 3981 786 4044 potestatem.
840 3967 1120 4022 Interdum
1187 3975 1369 4021 tamen
1421 3964 1574 4019 illum
1624 3963 1772 4019 velut
1823 3964 1994 4020 divin:

2171 3965 2249 4019 λλ’
2279 3967 2328 4019 εἰ
2359 3964 2438 4037 τῷ
2472 3965 2635 4038 κοινῷ
2684 3965 2928 4020 συντελεῖ
2979 3983 3103 4018 τινα
3135 3966 3344 4037 χρείαν.
3399 3967 3508 4021 Καὶ
3546 3967 3722 4039 θηρία.

445 4065 578 4135 legis
605 4061 1075 4133 praevaricatorem
1115 4065 1519 4113 contemnunt:
1560 4056 1996 4127 quemadmodum

2171 4059 2242 4130 ἀρ
2290 4057 2518 4112 αἰδεῖται
2569 4058 2668 4130 μὲν
2717 4058 2808 4112 τὸν
2856 4058 3142 4130 ἄνθρωπον
3188 4058 3274 4113 διὰ
3307 4058 3408 4130 τὴν
3449 4058 3508 4123 ἐξ
3540 4059 3721 4131 ἀρχῆς

441 4155 676 4228 improbi
706 4153 849 4210 servi
879 4153 1160 4222 despicere
1194 4149 1318 4205 illos
1361 4150 1559 4212 solent,
1589 4147 1683 4218 qui
1714 4163 1808 4203 eos
1840 4163 1992 4216 reger

2171 4152 2382 4206 οθεϊσαν
2413 4149 2562 4222 αὕτῷ
2591 4151 2712 4204 κατ’
2742 4151 2920 4206 αὐτῶν
2957 4151 3204 4218 ἐξουσίαν
3226 4165 3241 4180 ·
3292 4151 3368 4215 ὡς
3397 4151 3722 4223 παραϐεϐηο

442 4244 894 4314 adominisjussi
921 4250 1069 4307 sunt,
1099 4242 1144 4297 si
1181 4256 1277 4296 eos
1328 4239 1560 4294 viderint
1604 4238 1864 4294 admissis
1914 4239 1993 4294 eri

2169 4243 2289 4308 ότος
2329 4243 2386 4299 δὲ
2410 4241 2502 4297 τὸν
2536 4242 2678 4298 θεῖον
2708 4242 2894 4314 νόμον,
2922 4242 3070 4297 ἐστιν
3095 4243 3184 4296 ὅτε
3217 4244 3550 4312 καταφρονεῖ
3568 4256 3582 4271 ·
3621 4243 3720 4296 καὶ

443 4339 686 4393 minibus
708 4337 1087 4391 auctoritatem
1120 4333 1397 4388 amisisse.

2171 4337 2242 4410 ὰρ
2274 4337 2370 4391 καὶ
2419 4337 2470 4389 oi
2501 4336 2730 4408 πονηροὶ
2779 4335 2956 4389 δοῦλοι
2990 4334 3279 4403 διαπτύειν
3324 4334 3548 4392 εἰώθασι
3585 4335 3719 4398 τοὺς

443 4431 644 4488 ἰθύνειν
692 4428 890 4489 αὐτοὺς
922 4423 1075 4496 παρὰ
1123 4422 1231 4477 τῶν
1277 4420 1554 4475 δεσποτῶν
1603 4421 2086 4495 κεκελευσμένους⁹
2144 4428 2276 4481 ὅταν
2318 4427 2469 4481 ῐδωσι
2509 4424 2601 4480 διὰ
2646 4424 3096 4498 πλημμελήματα
3139 4426 3452 4498 παρρησίας
3483 4427 3717 4500 genam-

445 4525 657 4596 μένους.

969 4636 990 4656 ⁶
1017 4629 1298 4686 lNTERR.
1355 4627 1490 4684 ΧΙΧ.
1869 4631 1888 4646 ’
2159 4633 2172 4640 '

1869 4631 1888 4646 ’
2159 4633 2172 4640 ’
2756 4633 2953 4690 ΕΡΩΤ.
2979 4629 3088 4686 ἴθ’.

443 4753 672 4810 Cuinam
725 4750 860 4803 dixit
899 4747 1080 4801 Deus-t'
1119 4764 1136 4796 ι
1169 4741 1460 4816 Faciamus
1495 4742 1757 4816 hominem
1799 4743 1869 4797 ad
1901 4746 1994 4799 ima

2166 4747 2264 4801 Γίνι
2304 4749 2338 4801 ὁ
2365 4745 2510 4810 Θεὸς
2531 4747 2754 4815 εῑρηκε.
2789 4765 2807 4798 ι
2844 4746 3202 4816 Ποιήσωμεν
3235 4746 3552 4812 ἄνθρωπον
3585 4758 3717 4803 κατ’

756 4822 928 4890 ginem
957 4825 1006 4871 et
1029 4815 1429 4871 similitudinem
1457 4823 1693 4867 nostram
1720 4813 1746 4867 ?
1763 4832 1782 4867 ι
2300 4837 2307 4868 ι

2300 4818 2506 4872 εἰκόνα
2533 4813 2632 4871 udi
2651 4813 2796 4872 ’καθ’
2830 4813 3115 4887 ὁμοίωσιῷ⁴
3139 4819 3475 4886 ἡμετέραν;
3521 4837 3538 4869 ι

515 4932 845 4992 Exsecrandi
887 4929 1108 5001 quidam
1141 4925 1376 4982 haeretici
1401 4924 1658 4980 dixerunt
1712 4924 1881 4984 Deum
1909 4927 2024 4982 bzec

2203 4929 2360 4994 Τινὲς
2414 4930 2513 4999 μὲν
2562 4929 2672 4983 τῶν
2720 4928 3053 4999 δυσωνύμων
3090 4929 3384 5002 αἰρετικῶν
3419 4929 3553 5003 πρὸς
3588 4932 3716 4996 τοὺς

443 5029 688 5084 locutum
716 5039 840 5080 esse
869 5021 1076 5094 angelis
1117 5027 1173 5074 et
1206 5017 1471 5089 improbis
1500 5017 1842 5075 daemonibus
1869 5039 1881 5074 :
1914 5034 1994 5074 uo:

2164 5021 2399 5092 ,γγέλους
2420 5022 2583 5077 αὑτὸν
2613 5022 2920 5095 εἰρηκέναι,
2947 5023 3040 5076 καὶ
3065 5023 3192 5088 τοὺς
3217 5025 3492 5094 πονηροὺς
3517 5023 3715 5094 δαίμο-

445 5119 811 5188 intelligentes
832 5114 1036 5186 stupidi
1065 5112 1314 5168 homines
1348 5110 1684 5181 huiusmodi,
1733 5113 1862 5183 quid
1917 5113 1996 5169 sib

2168 5131 2230 5177 ας
2261 5113 2474 5183 ἔφασαν
2496 5131 2510 5147 ·
2549 5115 2612 5167 οὐ
2644 5115 2917 5179 συνιέντες
2949 5115 2999 5168 οἰ
3043 5114 3403 5187 ἐμϐρόντητοι
3431 5114 3492 5168 τὺ
3528 5133 3547 5167 ι
3579 5115 3719 5169 Κατ’

445 5212 575 5268 velit
610 5209 743 5264 illud
781 5226 795 5262 :
835 5227 852 5260 ι
886 5206 966 5261 Ad
1021 5205 1318 5275 imaginem
1358 5209 1624 5256 nostram.
1652 5221 1672 5255 ι
1701 5201 1996 5258 Substanti:

2165 5205 2321 5260 ἰκάνα
2353 5203 2650 5279 ἡμετέραν.
2687 5225 2705 5259 ι
2734 5206 2871 5260 Θεοῦ
2904 5207 3015 5277 γὰρ
3041 5206 3200 5260 οὐσία
3243 5206 3337 5260 καὶ
3369 5203 3620 5274 ἀγγέλων
3654 5206 3716 5259 οὕ

445 5303 592 5358 enim
625 5299 719 5354 Dei
751 5309 802 5354 ct
843 5297 1160 5367 angelorum
1207 5310 1314 5348 non
1347 5301 1432 5350 est
1479 5308 1609 5359 una,
1640 5309 1818 5366 neque
1843 5297 1996 5368 imagt

2167 5295 2234 5348 ιία
2257 5296 2392 5366 (49),
2419 5296 2543 5350 οὕτε
2576 5297 2740 5351 εἰκῶν
2771 5300 2804 5369 η
2833 5299 2972 5368 αὐτή
2996 5312 3008 5326 ’
3051 5299 3080 5350 ὁ
3125 5297 3226 5368 μὲν
3258 5295 3369 5368 γὰρ
3403 5295 3572 5349 ἀῒδιον
3599 5295 3718 5366 εχει

446 5405 531 5451 est
549 5393 763 5448 eadem.
792 5391 884 5446 llle
934 5390 1079 5445 enim
1123 5398 1382 5443 arteniam
1440 5385 1599 5440 habet
1643 5397 1915 5455 naturam,
1971 5391 1997 5443 h

2170 5389 2232 5460 ὴν
2273 5390 2436 5459 φύσιν
2461 5405 2474 5419 ”
2503 5391 2554 5444 οἰ
2592 5391 2648 5442 δὲ
2676 5391 2836 5443 αὑτὸν
2859 5389 3042 5460 έχουσι
3070 5391 3300 5464 ποιητὴν
3329 5390 3420 5444 καὶ
3450 5389 3717 5462 δημιουρ-

1966 5567 2200 5625 ΝΟΤΛΕ.

519 5689 636 5831 ξιτ)
667 5689 802 5744 Cod.
841 5690 1098 5754 κόνυζαν.

544 5761 635 5831 48)
663 5761 826 5816 Οὕτω
853 5791 910 5801 -
934 5762 1130 5828 ἑστερ.
1169 5758 1291 5814 Des.
1321 5760 1374 5814 in
1415 5758 1539 5813 cod.
1578 5768 1630 5813 et
1654 5759 1796 5828 apud
1829 5755 1946 5812 Pie.

1321 5760 1330 5770 .
2207 5688 2319 5759 (i9)
2345 5689 2453 5744 Καὶ
2484 5715 2553 5725 -
2578 5686 2703 5756 μία.
2743 5684 2863 5743 Des.

1321 5776 1374 5814 ιιι
1415 5758 1539 5813 cod.
1578 5768 1630 5813 et
1654 5759 1796 5828 apud
1829 5755 1946 5812 Pie.
2733 5790 2736 5793 -

544 5755 635 5836 48)
663 5761 826 5816 Οὕτω
853 5791 910 5801 -
934 5762 1130 5828 ἑστερ.
1169 5758 1291 5814 Des.
1321 5760 1374 5814 in
1415 5758 1539 5813 cod.
1578 5768 1630 5813 et
1654 5759 1796 5828 apud
1829 5755 1946 5812 Pie.

1184 5759 1291 5814 )es.
1321 5760 1374 5814 in
1415 5758 1539 5813 cod.
1578 5768 1630 5813 et
1654 5759 1796 5828 apud
1829 5755 1946 5812 Pie.
2216 5755 2223 5759 '
2580 5755 2586 5756 ’
2733 5790 2735 5793 .
