3920 6316
129 379 204 450 181
1227 377 1512 448 ΟΗᾹΞΞΤ.
1553 374 1636 436 ΙΝ
1665 374 1708 434 G

1790 375 1930 435 lES.
1988 373 2144 434 CAP.
2189 374 2236 434 Ι.

3251 374 3352 441 102

127 494 216 560 τὸν,
245 489 377 558 παρ’
407 486 576 542 αὐτοῦ
614 485 922 556 δεδεγμένοι
957 485 1018 538 τὸ
1051 480 1211 550 εἶναι,
1250 487 1299 539 oi
1327 486 1384 539 δὲ
1425 485 1678 553 δαίμονες
1707 538 1709 545 ,

1790 499 1910 538 vero
1953 484 2200 553 epiticem
2251 492 2306 538 et
2345 489 2643 538 creatorem
2694 481 2895 539 habent
2929 483 3132 555 ipsum,
3179 500 3211 541 a
3240 501 3352 557 quo

126 583 199 634 καὶ
220 582 296 644 είς
325 578 597 647 πονηρίαν
628 577 846 639 ἑκόντες
873 577 1213 648 ἐτράπησαν.
1252 573 1464 639 ⁹Δνοίας
1498 574 1678 627 τοίνυν

127 673 350 743 ἐσχάτης,
382 671 445 724 τὸ
479 672 609 741 μίαν
633 668 923 724 ὑπολαϐεῖν
946 668 1130 722 εἰκόνα
1152 667 1262 720 τῶν
1287 665 1538 738 πονηρῶν
1566 666 1680 718 δαι-

129 767 300 835 μϐνων,
331 763 424 815 καὶ
454 760 552 814 τοῦ
589 760 864 828 πελάγους
895 758 997 828 τῆς
1029 757 1386 828 ἀγαθὸτητος.
1431 756 1678 810 Ἰουδαῖοι

129 859 171 909 El
208 857 278 918 εἰς
323 854 522 924 ἑτέραν
570 851 863 919 ἐξώκειλαν
898 850 1353 921 παραφροσύνην.
1388 849 1523 902 Φασὶ
1570 849 1678 919 γὰρ

131 947 236 1018 πρὸς
272 945 474 1000 ἑαυτὸν
505 944 787 1015 εἰρηκέναι
813 942 904 995 τὸν
923 941 1031 995 τῶν
1059 942 1196 995 ὅλων
1225 941 1359 993 Θεὸν
1381 941 1441 993 τὸ
1469 959 1487 992 ι
1516 941 1681 1011 Ποιη-

129 1059 279 1113 σωμεν
305 1039 620 1110 ἄνθρωπον,
663 1058 680 1089 ι
717 1036 862 1091 κατὰ
888 1053 1011 1090 τινα
1047 1035 1284 1106 μίμησιν
1313 1034 1424 1087 τῶν
1457 1033 1554 1097 τὰς
1582 1052 1680 1103 με·-

133 1134 274 1202 γὰλας
299 1129 758 1200 πεπιστευμένων
793 1127 986 1198 ἀρχάς.
1021 1126 1129 1179 Kal
1154 1125 1264 1194 γὰρ
1303 1124 1538 1196 ὕπαρχοι
1567 1123 1677 1195 ᾤθ)

130 1225 206 1280 καὶ
230 1221 528 1296 στρατηγοὶ
567 1219 948 1290 πληθυντικῶς
975 1216 1199 1270 εἰώθασι
1234 1216 1416 1284 λέγειν
1438 1217 1497 1268 τό
1519 1233 1531 1245 ·
1575 1217 1682 1270 Κε-

131 1317 356 1388 λεύομεν,
397 1315 496 1369 καί
526 1314 838 1385 γράφομεν,
877 1311 969 1363 καί
993 1309 1422 1380 προστάττομεν,
1451 1309 1547 1361 καί
1584 1308 1684 1360 ὅσα

129 1406 352 1461 τοιαῦτα.
391 1403 503 1459 Kal
531 1404 592 1456 οὐ
631 1403 870 1456 συνεῖδον
899 1401 948 1454 οἰ
976 1400 1356 1471 παραπλῆγες,
1385 1396 1684 1461 ὡς,ὲνικῶς

127 1499 181 1553 τὰ
218 1499 442 1552 πλεῖστα
497 1499 526 1550 6
574 1496 682 1549 τῶν
712 1495 850 1548 ὅλων
888 1493 1036 1562 λέγει
1071 1491 1223 1555 Θεός.
1263 1510 1281 1542 ι
1315 1489 1522 1560 Καιρὸς
1551 1490 1681 1560 γὰρ,

129 1593 258 1662 φησι,
319 1588 525 1652 παντὸς
580 1584 871 1656 ἀνθρώπου
917 1584 1044 1654 ἣκει
1092 1582 1334 1635 ἐναντίον
1369 1599 1490 1652 μου,
1523 1600 1541 1632 ι
1576 1581 1686 1634 Kal

135 1680 546 1752 «Ἑνεθυμήθην
607 1679 688 1732 ὅτι
746 1677 980 1748 ἐποίησα
1025 1677 1118 1730 τὸν
1167 1675 1475 1745 ἄνθρωπον,
1524 1692 1542 1726 ι
1592 1673 1685 1728 καί

135 1793 148 1823 ι
185 1771 496 1840 Ἀπαλείψω
528 1771 619 1825 τὸν
651 1767 961 1839 ἄνθρωπον.
1005 1786 1023 1820 ι
1065 1767 1194 1833 Kal,
1252 1786 1270 1818 c
1310 1766 1424 1820 Οὐκ
1468 1764 1685 1820 ἔσονταί

131 1885 199 1919 σοι
238 1866 344 1919 θεοὶ
379 1866 559 1934 ἕτεροι
601 1861 742 1933 πλὴν
774 1861 926 1932 ἐμοῦ,
955 1880 972 1912 ι
1013 1863 1124 1924 καί,
1166 1880 1184 1912 ι
1226 1861 1357 1914 Ἰδοὺ
1391 1857 1502 1928 ἐγὼ
1545 1858 1684 1911 ποιῶ

129 1961 284 2021 καινὰ,
329 1958 366 2012 ἃ.
401 1957 500 2010 νῦν
533 1954 840 2018 ἀνατέλλει,
884 1971 903 2004 ι
961 1953 1076 2019 καί,
1121 1972 1139 2004 ι
1180 1950 1400 2017 Ἀνοίξω
1442 1952 1534 2004 ἐπὶ
1575 1950 1685 2005 τῶν

128 2052 273 2122 ὁρέων
297 2049 512 2119 πηγὰς,
548 2046 642 2099 καὶ
672 2047 766 2098 ὲπί
794 2046 902 2098 τῶν
939 2044 1144 2115 βουνῶν
1177 2043 1476 2113 ποταμούς.
1516 2061 1533 2095 ι
1577 2043 1685 2096 Kal

127 2143 175 2193 ἐν
198 2140 339 2210 πάσῃ
383 2139 440 2192 δὲ
485 2138 560 2200 ὡς
595 2137 800 2191 ἐπίπαν
827 2137 892 2206 τῇ
925 2135 1045 2206 θείᾳ
1079 2135 1269 2206 Γραφῇ
1307 2132 1498 2195 ἑνικῶς
1537 2132 1686 2184 ἐστιν

131 2231 335 2286 ἀκοῦσαι
370 2229 468 2283 τοῦ
498 2229 607 2283 τῶν
634 2227 772 2281 ὅλων
794 2225 1180 2296 διαλεγομένου
1217 2225 1373 2278 Θεοῦ.
1413 2225 1685 2292 Ὀλιγάκις

128 2320 175 2373 δὲ
215 2317 595 2391 πληθυντικῶς
636 2316 736 2387 τὴν
785 2314 1022 2380 διάλεξιν
1071 2313 1414 2385 σχηματίζει,
1442 2313 1550 2366 τῶν
1588 2314 1688 2383 τῆς

129 2410 334 2480 Τριάδος
373 2407 689 2480 προσώπων
721 2407 1003 2477 ἐμφαίνων
1032 2406 1122 2458 τὸν
1158 2404 1411 2476 ἀριθμόν.
1441 2405 1551 2458 Kal
1580 2404 1688 2474 γὰρ

129 2501 270 2571 ἡνίκα
290 2501 392 2564 τὰς
407 2499 660 2570 γλώσσας
679 2501 950 2570 συνέχεεν,
967 2498 1064 2568 οὐχ
1084 2497 1277 2560 ἑνικῶς
1299 2492 1440 2561 εἶπε,
1467 2515 1486 2548 ι
1510 2497 1690 2550 Καταο

130 2591 366 2662 ϐήσομαι,
387 2593 484 2644 καὶ
505 2590 614 2662 (Si)
635 2590 843 2660 συγχειῖ)
861 2589 956 2652 τὰς
973 2587 1241 2656 γλώσσαςο
1256 2605 1275 2638 δ
1295 2585 1481 2651 ἁλλὰ,‹
1502 2585 1686 2652 Δεῦτε,

131 2686 452 2748 καταϐάντες
486 2685 809 2753 συγχέωμεν
837 2682 1018 2734 αὐτῶν
1041 2680 1139 2744 τὰς
1160 2679 1410 2749 γλώσσας
1436 2680 1501 2732 ¹⁷.
1527 2697 1544 2729 ι
1584 2677 1691 2730 Καὶ

128 2780 336 2834 ἐνταῦθα
368 2779 576 2842 τοίνυν,
602 2775 791 2845 ἐπειδὴ
821 2775 881 2826 τὸ
911 2773 1127 2841 λογικὸν
1154 2773 1438 2826 διέπλαττε
1465 2771 1626 2836 ζῶον,
1662 2769 1690 2822 ὃ

129 2872 252 2942 μετὰ
292 2869 502 2932 πολλὰς
539 2865 915 2930 ἀνακαινίζειν
953 2863 1151 2936 ἤμελλε
1180 2862 1406 2932 γενεὰςο
1436 2863 1554 2924 ταῖς
1594 2860 1692 2930 τῆς

127 2964 266 3031 ἁγίας
294 2959 537 3034 Τριάδος
570 2955 895 3027 ἐπικλήσεσι
921 2953 1316 3025 τελεσιουργῶν
1343 2953 1402 3005 τὸ
1430 2952 1692 3020 πανάγιον

129 3052 432 3122 βάπτισμα·
468 3049 678 3121 μέλλων
711 3047 1063 3119 δημιουργεῖν
1091 3047 1192 3116 τὴν
1225 3047 1408 3100 ἐκεῖνα
1441 3044 1693 3115 παραλη-

1779 582 2106 644 aeceperunt
2134 581 2191 626 ut
2217 582 2422 628 essent.
2458 572 2739 630 Daemones
2763 581 2943 629 autem
2976 576 3137 630 etiam
3161 589 3356 648 sponte

1779 666 2028 719 conversi
2061 674 2190 719 sunt
2223 664 2291 719 ad
2326 665 2610 719 malitiam.
2646 663 2916 722 Extrema:
2950 667 3111 739 igitur
3139 669 3359 724 demen-

1781 758 1868 812 tia:
1895 766 1978 812 est
2011 757 2168 812 fateri
2191 772 2356 812 unam
2404 757 2695 827 imaginem
2745 775 2868 816 esse
2906 760 3214 816 daemonum
3252 763 3356 817 im-

1780 850 2077 918 proborum
2129 857 2183 904 et
2223 849 2502 906 immensae
2548 850 2832 907 bonitatis.
2881 850 3056 908 Judaei
3113 870 3242 910 vero
3288 857 3354 910 ad

1781 941 1941 996 aliam
1977 955 2036 996 se
2067 941 2763 997 converteruntinsaniam.
2802 943 2971 1012 Aiunt
3001 945 3142 999 enim
3187 944 3356 1000 Deum

1782 1033 2163 1087 universorum
2225 1033 2328 1088 sibi
2378 1033 2482 1105 ipsi
2523 1034 2752 1100 dixisse,
2796 1052 2814 1086 ι
2852 1033 3145 1093 Faciamus
3184 1038 3360 1091 homi-

1783 1141 1930 1190 nem,
1958 1144 1976 1177 ι
2008 1140 2196 1178 eorum
2236 1141 2389 1180 more
2428 1127 2629 1196 quibus
2661 1127 2888 1196 imperia
2913 1143 3129 1184 summa
3155 1132 3358 1186 credita

1783 1228 1931 1273 sunt.
1962 1216 2098 1271 Nam
2126 1229 2178 1272 et
2203 1217 2464 1288 praefecti,
2495 1230 2547 1272 et
2574 1218 2820 1289 magistri
2871 1219 3130 1286 militum,
3161 1222 3360 1290 plurali

1783 1325 2015 1366 numero
2041 1320 2446 1366 consueverunt
2484 1311 2664 1366 dicere
2699 1330 2712 1365 :
2745 1310 3030 1377 Juhemus,
3064 1314 3362 1370 scribimus

1783 1410 1836 1454 et
1869 1401 2215 1466 mandamus,
2246 1411 2300 1456 et
2325 1417 2446 1470 qua:
2494 1410 2625 1455 sunt
2686 1400 3020 1470 hujusmodi.
3056 1403 3126 1457 At
3176 1403 3358 1459 insani

1786 1507 1893 1546 non
1933 1491 2454 1558 animadverterunt,
2494 1493 2639 1562 quod
2675 1493 2908 1562 plurima
2944 1491 3085 1550 Deus
3114 1495 3359 1550 omnium

1785 1583 1936 1638 elfari
1977 1583 2146 1638 s'oleat
2169 1583 2432 1655 singulari
2477 1599 2722 1639 numero.
2759 1601 2782 1638 ι
2813 1585 3052 1654 Tempus
3077 1587 3246 1654 enim,
3281 1589 3363 1642 in-

1786 1677 1925 1747 quit,
1957 1677 2395 1732 omnishominis
2431 1679 2577 1732 venit
2603 1693 2786 1734 coram
2816 1679 2968 1748 mei,
3003 1699 3022 1732 ι
3061 1691 3156 1737 et:
3195 1700 3214 1734 ι
3237 1681 3363 1738 Ρω-

1789 1769 1923 1823 nitet
1961 1784 2047 1823 me
2076 1768 2268 1824 fecisse
2298 1768 2404 1840 23
2441 1769 2709 1823 hominem
2734 1767 2784 1835 ι,
2811 1789 2830 1822 ι
2860 1781 2935 1840 et,
2973 1793 2990 1823 ι
3018 1773 3217 1829 Delebo
3262 1775 3362 1829 ho-

1788 1863 2055 1918 minem.»
2103 1861 2233 1916 Item
2279 1879 2293 1914 :
2339 1880 2357 1913 ι
2395 1859 2511 1914 Non
2573 1874 2735 1917 erunt
2785 1863 2882 1917 tibi
2923 1865 2996 1919 dii
3030 1866 3120 1919 alii
3171 1876 3364 1935 praeter

1786 1971 1872 2007 me
1896 1952 1946 2020 l;
1981 1976 1999 2006 ι
2034 1965 2126 2010 et:
2160 1975 2177 2007 ι
2209 1956 2346 2010 Ecce
2370 1970 2470 2025 ego
2500 1954 2640 2009 facio
2671 1971 2830 2024 nova,
2863 1974 2984 2027 qua:
3009 1974 3154 2014 nunc
3176 1959 3362 2015 orien—

1787 2053 1961 2110 turm;
2009 2064 2028 2096 ι
2062 2054 2114 2098 et
2148 2062 2162 2099 :
2204 2064 2222 2096 ι
2253 2045 2506 2114 Aperiam
2561 2045 2614 2099 in
2665 2048 2941 2103 montibus
2996 2048 3194 2114 fontes,
3226 2059 3279 2104 et
3306 2050 3360 2104 in

1785 2139 2013 2194 collibus
2043 2138 2264 2192 llurnina
2287 2149 2333 2194 ιι.
2375 2158 2392 2190 ι
2425 2139 2490 2194 Et
2521 2140 2574 2193 in
2611 2141 2866 2198 universa
2893 2144 3054 2212 plane
3083 2145 3362 2214 Scriptura

1785 2229 1968 2286 divina
2003 2229 2128 2284 licet
2188 2231 2380 2284 audire
2435 2231 2603 2285 Deum
2659 2234 2905 2287 omnium
2967 2235 3230 2304 singulari
3265 2253 3362 2289 nu-

1789 2336 1941 2377 mero
1965 2321 2300 2389 loquentem.
2329 2319 2476 2376 Raro
2509 2332 2690 2377 autem
2739 2323 3020 2393 pluraliter
3053 2341 3363 2382 sermonem

1788 2411 2008 2476 format,
2034 2412 2141 2467 nisi
2177 2427 2302 2466 cum
2331 2413 2512 2468 innuit
2541 2429 2827 2470 numerum
2859 2431 3216 2485 personarum
3245 2417 3365 2472 Tri-

1789 2506 1995 2561 nitatis.
2023 2504 2230 2560 Etenim
2259 2522 2386 2561 eum
2435 2506 2650 2578 linguas
2677 2507 3056 2573 confunderet,
3095 2526 3201 2565 non
3229 2510 3368 2566 dixit

1790 2579 2138 2666 singulariter
2171 2615 2184 2652 :
2219 2616 2237 2649 ι
2274 2597 2608 2653 Descendam
2633 2607 2684 2653 et
2719 2599 3052 2654 confundam
3083 2601 3316 2672 linguas,
3342 2622 3363 2655 ›

1790 2689 1880 2742 sed
1911 2705 1925 2740 :
1956 2706 1974 2740 ι
2018 2687 2228 2752 Venite,
2257 2688 2656 2745 descendentes
2685 2690 3091 2747 eonfundamus
3127 2694 3364 2763 ipsorum

1793 2780 2006 2848 linguas
2028 2787 2074 2832 ο.
2115 2800 2132 2832 ι
2179 2779 2244 2834 Ει
2278 2783 2380 2836 hoc
2413 2783 2576 2852 igitur
2611 2783 2752 2848 loco,
2775 2785 3031 2854 quoniam
3075 2785 3219 2840 Deus
3251 2787 3368 2840 ani-

1793 2871 1900 2924 mal
1935 2872 2197 2926 rationale
2242 2871 2529 2939 formabat,
2565 2875 2711 2943 quod
2762 2886 2950 2944 p05lea
3006 2887 3369 2931 renovaturus

1792 2974 1909 3017 erat
1947 2973 2070 3032 post
2124 2965 2326 3020 multas
2371 2967 2769 3037 generationes,
2828 2979 3032 3023 sanctae
3087 2968 3370 3026 Trinitatis

1797 3054 2234 3110 invocationibus
2272 3066 2684 3112 sacrosanctum
2747 3059 3010 3128 baptisma
3043 3060 3369 3125 instituens,

125 3144 348 3214 ψομένην
383 3142 461 3196 τὰ
501 3141 784 3212 μυστήρια
808 3138 970 3208 φύσιν
994 3155 1008 3170 ·
1042 3136 1458 3207 αἰνιγματωδῶς
1496 3136 1590 3189 καὶ
1633 3135 1694 3188 τὸ

1796 3161 1917 3199 cum
1946 3145 2310 3202 fabricaturus
2341 3157 2486 3202 esset
2543 3158 2792 3204 naturam
2838 3150 2926 3204 cui
2961 3151 3075 3204 haec
3111 3153 3370 3222 mysteria

126 3237 302 3289 ταυτὸν
333 3235 446 3305 τῆς
477 3233 689 3299 οὐσίας,
722 3231 818 3286 καὶ
846 3231 936 3284 τὸν
969 3229 1078 3284 τῶν
1108 3229 1417 3301 προσώπων
1452 3228 1694 3298 παρεδή-

125 3327 280 3383 λωσεν
302 3327 576 3400 ἀριθμόν.
606 3324 697 3396 Τῷ
723 3326 888 3393 φάναι
921 3323 1020 3395 μὲν
1047 3323 1175 3394 γὰρ,
1196 3339 1214 3374 ι
1248 3317 1400 3375 εἶπεν
1426 3323 1452 3375 6
1483 3321 1636 3386 Θεὸς,
1671 3339 1690 3372 ι

125 3418 177 3471 τὸ
213 3419 390 3473 κοινὸν
433 3417 534 3487 τῆς
569 3414 721 3478 θείας
751 3413 987 3484 ἐδήλωσε
1018 3411 1235 3482 φύσεως
1260 3428 1273 3442 ο
1313 3411 1610 3481 ἐπαγαγὼν
1639 3410 1697 3464 δὲ

123 3513 176 3564 τὸ
201 3510 582 3580 ποιήσωμεν,
609 3506 835 3578 ἐνέφηνε
863 3505 972 3558 τῶν
995 3502 1303 3575 προσώπων
1324 3504 1416 3558 τὸν
1439 3503 1696 3575 ἀριθμόν.

127 3601 270 3654 οὓτω
298 3601 466 3656 πάλιν
506 3597 705 3660 ἑνικῶς
735 3595 834 3666 μὲν
857 3593 1027 3648 εἰπὼν
1066 3593 1181 3660 τὴν
1219 3593 1442 3658 εἰκόνα,
1475 3592 1535 3646 τὸ
1567 3609 1693 3645 ταυ-

125 3694 206 3748 τὸν
246 3694 345 3765 τῆς
384 3691 614 3763 φύσεως
644 3687 866 3752 ἔδειξεν.
904 3687 978 3740 Οὐ
1009 3687 1116 3758 γὰρ
1144 3681 1267 3738 εἷπε
1307 3685 1430 3738 κατ’
1461 3685 1694 3749 εἰκόνας,

129 3786 249 3838 ἀλλὰ
289 3805 306 3836 ι
342 3785 485 3839 Κατ’
534 3781 740 3835 εἰκόνα.
782 3799 800 3832 ›
843 3779 1155 3848 Ἠμετέραν
1198 3778 1256 3831 δὲ
1309 3775 1568 3848 εἰρηκὼς,
1607 3775 1699 3830 τὸν

127 3875 223 3932 τῶν
262 3876 632 3930 ὑποστάσεων
665 3871 966 3942 δεδήλωκεν
1010 3868 1264 3940 ἀριθμόν.
1293 3870 1546 3922 ’Δπαντα
1590 3868 1700 3939 γὰρ

131 3968 368 4040 προορῶν
391 3969 423 4022 6
450 3965 570 4020 τῶν
604 3962 743 4019 ὅλων
769 3963 900 4026 Θεὸς
923 3963 1024 4032 ἥδη
1042 3961 1154 4031 (52)
1188 3959 1533 4030 γεγενημένα
1562 3959 1605 3992 ¹⁸
1631 3959 1702 4013 τὰ

129 4060 283 4131 μήπω
307 4060 616 4130 γενόμενα,
644 4056 737 4111 καὶ
763 4054 1090 4126 προθεωρῶν
1111 4053 1212 4123 τὴν
1237 4049 1331 4106 τοῦ
1363 4051 1700 4121 Μονογενοῦς

130 4152 396 4218 σάρκωσίν
429 4166 496 4203 τε
543 4148 640 4202 καὶ
665 4143 1100 4216 ὲνανθρώπησιν,
1133 4144 1227 4197 καὶ
1268 4143 1342 4204 ώς
1372 4143 1577 4214 ταύτην
1603 4142 1701 4215 τὴν

1797 3239 2169 3303 crederentur,
2213 3239 2554 3294 subobscure
2604 3240 2941 3295 identitatem
2976 3241 3294 3297 substantiae
3319 3253 3374 3298 et

1798 3345 2158 3401 personarum
2195 3346 2482 3385 numerum
2535 3332 2768 3402 aperuit.
2823 3331 2959 3387 Dum
2992 3334 3136 3388 enim
3171 3334 3371 3404 inquit,

1805 3441 1822 3473 ι
1846 3421 1984 3475 dixit
2011 3420 2175 3487 Deus,
2208 3439 2228 3472 ι
2259 3421 2704 3476 communionem
2743 3421 2941 3478 divinae
2971 3433 3182 3479 natura:
3205 3456 3207 3458 -
3228 3424 3373 3479 indi-

1797 3514 1936 3570 cavit
1967 3531 1980 3568 :
2007 3513 2348 3586 subjungens
2377 3523 2561 3568 autem
2599 3515 2758 3580 illud,
2782 3515 3066 3584 faciamus,
3105 3520 3376 3587 expressit

1800 3619 2086 3658 Immerum
2118 3619 2499 3674 personarum.
2539 3605 2802 3661 Similiter
2853 3622 2979 3662 cum
3011 3609 3208 3662 iterum
3255 3610 3374 3665 si'n-

1799 3694 1972 3766 gulari
2000 3709 2230 3749 numero
2277 3695 2418 3750 dixit
2444 3697 2746 3767 imaginem,
2778 3698 3024 3754 eamdem
3066 3714 3187 3755 esse
3221 3711 3376 3755 natu-

1800 3800 1916 3840 ram
1949 3784 2227 3839 ostendit.
2256 3781 2372 3839 Non
2429 3784 2575 3840 enim
2627 3786 2788 3852 dixit,
2823 3788 2890 3842 ad
2935 3789 3220 3859 imagines,
3254 3789 3373 3852 sed,

1806 3888 1824 3922 ι
1847 3870 1930 3925 Ad
1958 3869 2269 3939 imaginem.
2309 3890 2328 3923 ι
2361 3871 2498 3927 Cum
2544 3883 2727 3928 autem
2788 3874 2957 3928 dixit‘
2981 3885 3239 3942 nostram,
3271 3893 3376 3929 nu-

1801 3973 2013 4014 merum
2047 3958 2414 4030 hypostaseon
2471 3961 2868 4017 manifestavit.
2910 3961 3049 4016 Deus
3078 3964 3244 4027 enim,
3280 3967 3376 4035 qui

1801 4053 2094 4123 praenoscit
2119 4053 2329 4119 omnia,
2359 4067 2482 4122 qua:
2505 4055 2745 4107 nondum
2777 4053 2917 4108 facta
2951 4064 3097 4120 sunt,
3118 4066 3376 4128 tanquam

1797 4145 1911 4215 jam
1939 4142 2104 4208 facta,
2135 4153 2190 4198 et
2212 4145 2304 4213 qui
2334 4143 2663 4213 praesidebat
2694 4143 2811 4201 fore
2841 4154 2898 4199 ut
2921 4143 3244 4216 Unigenitus
3258 4166 3380 4204 car-

128 4246 276 4314 φὺσιν
307 4249 376 4301 ὲκ
417 4244 706 4316 Παρθένου
738 4241 988 4312 λήψεται,
1025 4243 1116 4295 καὶ
1150 4240 1324 4304 οὕτως
1359 4240 1539 4310 ἑαυτῷ
1575 4257 1703 4294 συν-

1804 4253 1927 4292 nem
1959 4247 2015 4292 et
2035 4237 2330 4291 humanam
2361 4243 2610 4290 naturam
2635 4249 2960 4303 assumeret,
2979 4247 3144 4309 utque
3171 4255 3234 4294 ex
3260 4241 3381 4295 Vir-

128 4338 241 4405 ἀψει
284 4357 345 4393 τε
401 4339 504 4394 καὶ
545 4337 758 4399 ὲνώσει,
788 4334 863 4397 ὡς
896 4332 954 4386 ἓν
985 4333 1097 4403 (55)
1134 4331 1424 4403 πρόσωπον
1462 4328 1596 4384 Θεοῦ
1643 4347 1704 4384 τε

1804 4327 1928 4398 gipe
1978 4326 2120 4380 hanc
2173 4334 2426 4380 naturam
2483 4335 2802 4396 sumpturus
2837 4337 3001 4396 esset,
3053 4345 3218 4398 quam
3276 4331 3380 4385 sibi

128 4433 210 4483 καὶ
241 4431 546 4501 ἀνθρώπου
579 4426 839 4491 νοεῖσθαι,
867 4424 966 4478 καὶ
997 4424 1125 4496 μίαν
1156 4423 1307 4494 αὑτῷ
1330 4420 1700 4495 προσκύνησιν

1805 4423 2083 4486 coaptaret
2107 4422 2162 4471 et
2195 4415 2375 4470 uniret
2424 4414 2528 4480 sic,
2554 4425 2613 4470 ut
2652 4432 2757 4472 una
2815 4431 3046 4486 persona
3075 4418 3165 4473 Dei
3197 4430 3251 4474 et
3280 4421 3382 4475 ho-

129 4523 266 4592 τπιρὰ
284 4523 388 4594 τῆς
412 4523 656 4583 κτίσεως
679 4519 896 4590 ἁπάσης
919 4517 1363 4589 προσφέρεσθαι·
1393 4515 1539 4586 μάλα
1563 4515 1698 4570 εἰκόο

1807 4511 1972 4567 minis
2005 4511 2364 4580 intelligatur,
2414 4519 2469 4566 et
2510 4525 2618 4565 una
2653 4511 2955 4583 eademque
2996 4513 3072 4568 illi
3118 4514 3226 4586 24
3256 4517 3384 4572 ado—

129 4629 225 4678 τως
254 4615 348 4667 καὶ
379 4613 562 4684 αὐτὴν
586 4610 681 4665 τοῦ
703 4610 894 4680 γένους
927 4609 1026 4682 τὴν
1055 4608 1296 4681 κρηπῖδα
1335 4608 1498 4680 τιμῆς
1547 4609 1704 4680 μεγί-

1810 4602 1952 4658 ratio
2003 4601 2074 4656 ab
2119 4601 2376 4658 universa
2442 4613 2692 4658 creatura
2743 4603 3024 4660 deferatur
3079 4622 3093 4659 :
3131 4608 3276 4675 justa
3318 4610 3385 4662 de

128 4721 248 4774 στης
273 4706 509 4774 ἠξίωσε.
548 4703 660 4758 Kal
699 4703 916 4774 πρῶτον
961 4701 1154 4771 βουλὴν
1206 4699 1307 4770 τῆς
1345 4699 1706 4770 δημιουργίας

1811 4708 1977 4748 causa
1995 4701 2051 4748 et
2074 4693 2270 4762 ipsam,
2294 4693 2442 4749 velut
2457 4696 2672 4764 generis
2698 4693 3138 4761 fundamentum,
3164 4714 3385 4754 summo

128 4797 397 4866 προτάξας
435 4795 575 4869 (54),
605 4794 688 4848 ἵνα
727 4793 822 4846 τοῦ
855 4791 1361 4864 δημιουργουμένου
1385 4791 1498 4862 (55)
1532 4791 1593 4844 τὸ
1620 4790 1709 4845 λο-

1814 4783 2022 4838 honore
2053 4781 2310 4853 dignatus
2331 4791 2446 4850 est;
2476 4792 2639 4854 atque
2664 4783 2718 4838 in
2742 4785 2934 4854 primis
2960 4786 3223 4843 ereationi
3254 4803 3387 4843 con-

126 4888 272 4952 γικὸν
300 4885 679 4960 προσημανῃο
710 4885 798 4938 ῖνα
831 4883 941 4936 τῶν
968 4881 1277 4956 προσώπων
1311 4880 1708 4954 παραδηλώσας

1813 4875 1996 4931 silium
2042 4874 2375 4947 anteposuit,
2421 4883 2482 4931 ut
2540 4877 2684 4945 quod
2741 4877 2796 4932 in
2839 4887 3087 4934 creatura
3124 4880 3388 4936 rationale

126 4976 208 5028 τὸν
235 4977 506 5050 ἀριθμὸν,
537 4976 623 5029 ῖνα
664 4976 789 5037 τοὺς
823 4972 1028 5045 ὕμνους
1067 4973 1094 5025 6
1126 4970 1335 5042 μέλλων
1374 4972 1707 5046 προσφέρειν

1813 4975 1934 5024 erat-
1963 4975 2447 5036 praemonstraret;
2491 4967 2686 5024 deinde
2719 4985 3075 5038 personarum
3100 4988 3388 5028 numerum

195 5112 208 5162 i
249 5112 391 5168 Gen.
435 5129 518 5171 vi,
550 5110 634 5164 15.
712 5109 736 5148 ι
772 5108 903 5162 ibid.
934 5107 986 5160 7.
1070 5104 1089 5144 ι
1125 5105 1294 5164 Exod.
1331 5106 1500 5172 “,5.
1573 5113 1614 5142 ιιι
1647 5101 1709 5159 Is:

1790 5119 1942 5169 xun,
1976 5103 2063 5159 l9.
2137 5110 2167 5139 ιι
2198 5101 2301 5158 lsa.
2336 5119 2445 5168 xu,
2489 5102 2576 5158 18.
2655 5112 2680 5140 ο
2707 5104 2842 5160 Gen.
2875 5122 2950 5174 ιι,
2984 5105 3035 5160 7.

1017 5239 1250 5295 νΔῆιῶ
1290 5236 1674 5295 LECTIONES
1714 5235 1804 5290 EX
1849 5235 2126 5289 CATENA
2170 5234 2524 5292 LIPSIENSI.

1369 5354 1412 5385 ⁸⁸
1438 5327 1570 5406 ’(Σιιι.
1598 5367 1649 5416 p.
1682 5351 1769 5405 Η.
1803 5349 1877 5413 ὡς
1905 5349 2006 5420 ήδη
2041 5365 2225 5418 γεγεν.

1616 5485 1838 5546 NOTAE.

1887 5636 2001 5756 (332
2031 5635 2111 5699 ὡς
2132 5634 2220 5688 ἓν.
2254 5633 2379 5686 cod.
2413 5640 2466 5686 et
2490 5630 2601 5686 Pic.
2633 5633 2712 5692 εἰς
2741 5629 2820 5684 ἓν.

1887 5707 1975 5756 (Si
2018 5705 2150 5756 Cod.
2183 5713 2235 5756 et
2273 5702 2387 5756 Pic.
2428 5700 2764 5756 προστάξας.

1887 5700 2150 5772 (Si)Cod.
2183 5713 2235 5758 et
2273 5702 2387 5757 Pic.
2428 5700 2764 5772 προστάξας-

1891 5767 1999 5847 (53)
2029 5775 2162 5829 Cod.
2191 5785 2244 5828 et
2279 5773 2388 5828 Pic.
2424 5767 2519 5825 τοῦ
2550 5769 2883 5841 δημιουργοῦ
2916 5771 3004 5825 τὸν
3037 5767 3280 5842 λογικόν.

221 5358 264 5390 ³⁷
293 5359 420 5414 Cat.
453 5373 515 5426 p.
547 5355 641 5412 41.
666 5355 768 5418 τὰς
794 5353 1042 5424 γλώσσας
1074 5353 1274 5408 αὑτῶν.

216 5643 306 5706 50)
336 5642 461 5696 Pic.
499 5641 797 5709 ἵππαρχοι.

213 5713 303 5778 51)
335 5712 439 5766 καί
472 5741 548 5752 --
581 5711 867 5778 γλώσσας
886 5709 1002 5764 des.

190 5716 276 5778 (51
335 5716 439 5766 καί
472 5741 548 5752 ——-
581 5716 867 5778 γλώσσας
886 5716 933 5763 (ιι

187 5716 303 5856 (5ὶῖ
342 5781 499 5852 ἤδη.
536 5780 673 5834 Cod.
698 5778 772 5842 ὡς
809 5780 933 5853 ήδη.
