3928 6316
474 324 576 392 193

1465 323 1954 385 TI-IEODORETI
1997 325 2331 386 EPISCOPI
2377 330 2620 388 CYREN
2633 335 2748 386 διδ

3643 331 3749 394 Ῑθίῑ

477 435 796 503 insinuavit,
831 445 888 490 ιιι
916 433 1226 506 quilaudes
1270 443 1321 488 et
1359 434 1590 504 hymnos
1615 434 1900 489 oblaturus
1935 444 2048 489 erat

2155 436 2245 488 ἐπὶ
2288 437 2388 505 τῆς
2418 438 2542 508 γῆς,
2571 437 2714 510 λάϐῃ
2745 436 3026 507 θεολογίας
3072 437 3404 510 αἰνίγματα·
3446 439 3541 493 καὶ
3583 441 3748 495 οἰονεὶ

469 543 630 596 super
657 536 879 588 terram,
906 525 1192 593 theologia:
1213 523 1507 593 aenigmata
1527 521 2046 591 comprehenderet:

469 627 523 670 et
553 628 810 687 tanquam
839 626 1031 683 auctor
1063 615 1381 684 hnjttsmodi
1438 615 1756 676 crcationis,
1785 614 2048 684 majorem

468 724 594 779 erga
627 718 937 762 creaturam
975 707 1368 762 humanitatem
1413 706 1666 778 patefecit
1725 705 1840 762 lloc
1871 706 2048 776 ipsum

467 810 520 852 et
566 807 828 853 strenuus
877 799 968 854 ille
1026 797 1147 862 Job,
1203 799 1383 869 ipsum
1447 799 1757 867 alloquens,
1805 798 2046 853 clamat:

474 911 491 941 ι
519 891 711 946 Manus
743 901 847 946 tua:
898 891 1146 945 fec'er'nnt
1199 906 1306 955 me,
1336 898 1389 944 et
1424 887 1800 943 formaverunt
1837 904 1922 942 me
1945 898 1991 942 Ρ.
2027 907 2047 941 ι

469 985 563 1039 llis
586 1000 802 1054 quoque
825 983 1004 1040 verbis
1032 999 1163 1038 usus
1181 991 1264 1037 est
1294 981 1460 1036 David
1477 981 1652 1046 1,hoc
1685 981 1861 1050 ipsum
1885 980 2052 1034 etiam

467 1083 598 1133 sane
630 1079 803 1143 novit,
836 1079 927 1146 qni
979 1087 1171 1132 sancto
1207 1076 1546 1146 baptismate
1581 1074 1780 1145 dignus
1833 1074 2054 1129 habitus

464 1177 548 1224 est
578 1188 591 1224 :
621 1184 815 1239 nempe
849 1169 998 1239 quod
1048 1169 1096 1223 is
1142 1168 1236 1240 qui
1271 1167 1528 1223 formavit
1562 1166 1812 1231 salravit,
1851 1174 1907 1220 et
1958 1165 2052 1236 qtti

467 1262 696 1315 salvavit
734 1260 1008 1314 formavit.
1033 1260 1115 1313 Ad
1143 1260 1258 1314 haec
1306 1269 1358 1314 et
1390 1258 1507 1329 ipse
1533 1255 1767 1311 Creator
1791 1269 1885 1324 per
1913 1254 2058 1309 Jerc—

469 1353 632 1406 miam
665 1360 718 1406 et
768 1351 964 1406 Isaiam
1021 1351 1142 1406 ait:
1183 1349 1496 1416 «Quoniam
1553 1362 1654 1402 nos
1691 1346 1887 1410 lutum,
1939 1344 2054 1414 ipse

469 1457 601 1498 vero
628 1452 712 1498 est
741 1443 833 1512 qui
867 1441 1125 1498 formavit
1153 1456 1253 1496 nos
1277 1450 1320 1494 ι’.
1348 1458 1366 1492 ι
1402 1439 1568 1510 Atqui
1616 1437 1857 1492 divinam
1893 1444 2056 1489 natu-

467 1551 581 1589 ram
617 1549 792 1604 neque
829 1549 1025 1589 manus
1060 1533 1282 1598 habere,
1317 1546 1496 1603 neque
1527 1529 1759 1586 consilio
1796 1533 1890 1582 aut
1921 1541 2056 1597 pra:-

465 1628 820 1682 meditatione
845 1641 1005 1697 egere
1038 1626 1381 1698 profitemur,
1433 1633 1492 1680 ut
1533 1638 1598 1679 ex
1638 1620 1934 1677 Platonicis
1967 1619 2052 1674 fa-

466 1719 608 1775 bulis
648 1703 952 1774 secundum
1001 1733 1120 1773 eam
1150 1733 1316 1788 quam
1351 1712 1668 1785 conceperit
1693 1711 1872 1767 ideam
1914 1725 2053 1780 opus

465 1822 747 1868 construat
779 1829 794 1866 :
831 1812 924 1867 sed
949 1809 1380 1881 unumquodque
1429 1808 1627 1862 horum
1665 1804 1926 1871 majorem
1954 1802 2050 1858 Dei

465 1905 891 1961 sollicitudinem
915 1919 1051 1976 erga
1101 1902 1304 1958 animal
1333 1897 1650 1971 huiusmodi
1687 1894 2049 1951 demonstrat.

1071 2013 1344 2071 INTERR.
1371 2012 1488 2070 XX.

751 2132 892 2198 Quid
921 2131 1055 2186 illud
1091 2141 1167 2186 est
1194 2173 1208 2196 ,
1245 2150 1262 2182 ι
1289 2131 1356 2184 ad
1389 2131 1716 2200 imaginem?
1750 2147 1770 2182 ι

534 2225 766 2293 Quidam
807 2231 1141 2280 vocaverunt
1176 2241 1195 2274 ι
1234 2223 1530 2292 imaginem
1589 2221 1685 2277 Dei
1731 2240 1750 2274 ι
1806 2219 1858 2274 id
1903 2217 2050 2289 quod

461 2325 545 2371 est
582 2316 638 2369 in
695 2314 879 2369 anima
954 2313 1251 2368 invisibile.
1328 2311 1434 2368 Sed
1497 2327 1606 2367 non
1682 2320 1828 2365 reete
1897 2307 2051 2363 dixe-

465 2417 610 2462 runt.
642 2407 699 2462 Si
733 2408 879 2461 enim
943 2405 1230 2462 invisibile
1284 2409 1483 2460 animae
1522 2405 1701 2474 imago
1731 2402 1828 2459 Dei
1877 2410 2046 2465 esset,

464 2501 636 2555 multo
708 2500 885 2569 magis
961 2499 1182 2571 angeli,
1255 2496 1594 2568 archangeli,
1655 2505 1712 2551 et
1779 2495 2050 2550 universa:

465 2603 669 2645 natura:
710 2598 914 2645 sanctae
973 2600 1030 2644 et
1100 2590 1460 2658 incorporeas,
1537 2596 1724 2658 utpote
1776 2603 1808 2642 a
1857 2600 2048 2656 corpo-

469 2687 618 2743 ribus
727 2681 834 2752 25
872 2695 1093 2751 prorsus
1131 2679 1337 2746 liberae,
1370 2687 1422 2734 et
1474 2679 1872 2750 impermistam
1906 2678 2050 2731 invi-

462 2773 674 2828 sibilem
709 2782 958 2826 naturam
985 2771 1355 2840 possidentes,
1396 2779 1728 2826 vocarentur
1776 2767 2047 2840 imagines

464 2867 578 2922 Dei.
611 2867 845 2932 Quidam
894 2866 1124 2920 nimium
1175 2865 1452 2936 simplices
1497 2879 1698 2936 corpus
1744 2863 2046 2920 humanum

462 2959 616 3014 aiunt
653 2957 860 3014 factum
907 2971 1031 3013 esse
1057 2975 1076 3009 ι
1110 2955 1178 3012 ad
1233 2955 1528 3028 imaginem
1560 2955 1656 3012 Dei
1683 2974 1698 3012 :
1731 2973 1751 3007 ι
1783 2945 2044 3026 quoniam

463 3051 695 3106 audiunt
741 3065 930 3105 vocem
980 3048 1228 3104 divinam
1274 3047 1544 3105 dicentem
1571 3067 1585 3104 :
1616 3067 1634 3101 ι
1664 3047 1832 3120 Aperi
1855 3048 2046 3105 oculos

463 3156 608 3209 tuos,
639 3152 693 3197 et
737 3141 883 3206 vide,
923 3150 977 3196 et
1006 3140 1211 3194 inclina
1229 3153 1415 3194 aurem
1454 3147 1627 3206 tuam,
1673 3145 1728 3194 et
1765 3138 1892 3193 audi
1920 3145 1982 3206 ';
2018 3155 2040 3193 ο

460 3244 546 3290 et:
573 3254 592 3287 ι
621 3232 817 3288 Olfecit
846 3231 1110 3288 Dominus
1125 3231 1347 3288 odorem
1377 3231 1658 3286 suavitatis
1683 3233 1698 3268 ί
1726 3247 1742 3298 ;
1769 3249 1788 3283 ›
1806 3230 2041 3288 etillud:

2155 525 2466 596 αὐτουργὸς
2517 529 2614 598 τῆς
2663 527 3008 591 διαπλάσεως
3061 529 3382 599 γενόμενος,
3429 529 3594 595 ἔδειξε
3645 531 3749 601 τὴν

2155 619 2382 672 πλείονα
2436 621 2565 692 περί
2619 621 2679 674 τὸ
2719 621 2947 692 πλάσμα
2988 622 3393 693 φιλοστοργίαν.
3435 623 3606 677 Τοῦτο
3650 626 3750 676 καὶ

2163 710 2284 763 Ἰὼδ
2331 713 2359 764 6
2417 716 2662 780 γενναῖος
2705 713 2842 785 πρὸς
2887 713 3050 767 αὐτὸν
3101 713 3200 784 βοᾷ
3251 713 3448 784 λέγων,
3488 734 3506 766 ι
3539 715 3747 784 Αἰχεῐ-

2157 802 2249 873 ρές
2301 819 2395 856 σου
2437 804 2700 876 ἐποίησάν
2760 822 2827 874 με
2853 847 2867 869 ,
2905 807 2998 858 καί
3048 804 3290 860 ἔπλασάν
3342 824 3430 874 με.
3464 825 3484 858 ι
3521 806 3747 870 Τούτοις

2154 894 2425 965 ἐχρήσατο
2456 897 2568 959 τοῖς
2603 895 2784 964 λόγοις
2831 899 2924 950 καὶ
2967 901 2994 952 ὁ
3034 899 3178 962 θεῖος
3217 898 3403 961 Δα6“;δ,
3441 899 3533 951 καὶ
3583 898 3751 952 τοῦτο

2154 986 2250 1037 καὶ
2293 987 2321 1038 6
2365 985 2459 1038 τοῦ
2507 986 2665 1056 ἁγίου
2711 987 3089 1058 βαπτίσματος
3127 986 3448 1058 ἀξιούμενος
3486 987 3750 1055 γινώσκει

2157 1075 2366 1144 σαψῶς,
2401 1075 2476 1140 ὡς
2503 1076 2532 1128 6
2567 1077 2776 1142 πλάσας
2801 1077 3049 1144 διέσωσε,
3083 1080 3178 1133 καὶ
3205 1079 3234 1131 6
3263 1076 3443 1141 σώσας
3465 1077 3754 1131 διέπλασεε

2155 1167 2301 1238 Πρὸς
2364 1167 2420 1220 δὲ
2483 1167 2724 1234 τούτοις,
2779 1169 2874 1224 καὶ
2911 1171 3072 1235 αὐτὸς
3124 1173 3154 1226 6
3210 1172 3590 1244 Δημιουργὸς,
3649 1172 3752 1225 καὶ

2154 1258 2243 1340 διὰ
2276 1259 2564 1331 Ἰερεμίου,
2616 1261 2710 1314 καὶ
2743 1261 2830 1317 διὰ
2857 1263 3080 1316 Ἡσαΐου
3134 1258 3322 1334 φησιν,
3367 1282 3386 1316 t
3410 1257 3535 1317 Ὅτι
3578 1265 3750 1336 ἡμεῖς

2155 1347 2348 1418 πηλὸς,
2392 1347 2554 1414 αὐτὸς
2591 1349 2649 1403 δὲ
2702 1350 2944 1420 πλάστης
2999 1351 3174 1422 ἡμῶν.
3209 1371 3228 1404 ι
3274 1352 3416 1406 Ἀλλ’
3451 1353 3576 1406 οὔτε
3626 1356 3750 1424 χεῖ-

2157 1441 2284 1511 ρας”
2311 1439 2456 1510 ἔχειν
2503 1439 2564 1494 τὸ
2597 1440 2742 1494 θεῖον
2799 1441 2925 1496 οὔτε
2979 1436 3187 1498 δεῖσθαι
3231 1444 3428 1516 βουλῆς
3473 1424 3619 1509 τινος
3649 1446 3750 1499 καὶ

2157 1527 2505 1601 προθεωρίας
2530 1530 2732 1602 φαμὲν,
2768 1532 2856 1584 ἵνα
2880 1533 3023 1585 κατὰ
3045 1535 3170 1596 τοὺς
3203 1533 3487 1598 Πλάτωνος
3513 1535 3746 1605 μύθους,

2156 1620 2295 1692 πρὸς
2351 1621 2452 1692 την
2495 1621 2596 1694 τῆς
2652 1621 3008 1693 ἐνθυμήσεως
3061 1625 3205 1678 ἰδέαν
3252 1626 3641 1700 κατασκευάσῃ
3684 1627 3751 1679 τὺ

2157 1712 2370 1784 ποίημα
2395 1730 2410 1746 ·
2445 1712 2585 1769 ἀλλὰ
2603 1715 2812 1771 τούτων
2841 1715 3075 1770 ἕκαστον
3103 1716 3200 1790 τὴν
3229 1718 3454 1772 πλείονα
3478 1720 3574 1774 τοῦ
3603 1719 3747 1774 Θεοῦ

2158 1807 2287 1877 περί
2316 1805 2437 1860 τόδε
2465 1805 2526 1861 τδ
2551 1805 2689 1872 ζῶον
2723 1809 3051 1881 κηδεμονίαν
3073 1809 3242 1880 δηλοῖ.

2799 2013 2996 2070 ΕΡΩΤ.
3020 2013 3104 2068 K’.

2517 2125 2580 2182 Τί
2607 2127 2738 2182 ἐστι
2774 2127 2841 2182 τὸ
2884 2147 2902 2180 ι
2935 2129 3062 2184 κατ’
3087 2129 3332 2194 εὶκόνα;
3363 2148 3382 2181 ι

2229 2223 2384 2288 Τινὲς
2415 2223 2475 2277 1:6
2496 2222 2727 2294 ἀόρατον
2747 2223 2844 2294 τῆς
2859 2221 3039 2294 ψυχῆς
3063 2240 3082 2276 ι
3102 2223 3286 2278 εἰκόνα
3305 2221 3442 2278 Θεοῦ
3463 2224 3751 2297 κεκλήκα-

2159 2331 2264 2369 σινο
2289 2315 2424 2370 ἀλλά
2443 2317 2544 2368 οὐκ
2559 2314 2772 2385 άληθῶς
2790 2317 3094 2387 εἰρήκασιν.
3111 2316 3176 2368 Εἰ
3195 2317 3300 2388 γὰρ
3317 2315 3483 2371 εἰκὼν
3498 2315 3592 2371 τοῦ
3605 2316 3749 2372 Θεοῦ

2154 2407 2253 2479 τῆς
2282 2407 2463 2478 ψυχῆς
2489 2407 2551 2461 τὸ
2584 2408 2837 2478 ἀόρατον,
2873 2406 3074 2478 μᾶλλον
3099 2408 3306 2472 εἰκόνες
3327 2409 3422 2462 τοῦ
3447 2408 3582 2463 Θεοῦ
3611 2409 3749 2481 κλη-

2157 2499 2299 2553 θεῖεν
2319 2499 2544 2568 ἄγγελοι
2570 2501 2667 2554 καὶ
2689 2500 3043 2571 ἀρχάγγελοι,
3062 2500 3157 2555 καὶ
3187 2502 3358 2556 πᾶσαι
3384 2504 3440 2555 αἰ
3458 2501 3744 2573 ἀσώματοι

2155 2593 2247 2648 καί
2281 2594 2439 2662 ἅγιαι
2476 2593 2696 2664 φύσεις”
2733 2593 2829 2647 ἅτε
2866 2593 2924 2646 δὲ
2961 2593 3279 2648 παντάπασι
3327 2593 3598 2664 σωμάτων
3633 2595 3744 2648 άπ-

2154 2683 2519 2756 ηλλαγμέναι,
2547 2685 2642 2740 καὶ
2670 2684 2869 2756 ἀμιγὲς
2900 2685 2961 2738 τὺ
2977 2685 3210 2755 ἀόρατον
3238 2685 3480 2757 ἔχουσαι.
3500 2687 3660 2750 Τινὲς
3681 2686 3746 2739 δὲ

2155 2777 2261 2830 ὑπὸ
2294 2777 2500 2848 πολλῆς
2531 2776 2786 2850 εὐηθείας
2817 2777 2876 2830 1:6
2908 2776 3070 2848 σῶμα
3099 2778 3160 2831 τὸ
3183 2777 3527 2849 ἀνθρώπινον
3563 2797 3582 2830 t
3611 2781 3739 2832 κατ’

2155 2869 2340 2921 εἰκόνα
2383 2867 2518 2922 Θεοῦ
2559 2886 2578 2920 ι
2619 2867 2953 2938 γεγενῆσθαί
2994 2885 3196 2937 φασινο
3237 2869 3424 2940 ἐπειδὴ
3457 2869 3556 2940 τῆς
3587 2869 3743 2934 θείας

2153 2959 2420 3030 λεγούσης
2447 2959 2780 3013 ἐπακούουσι
2810 2959 3024 3028 φωνῆς·
3063 2976 3082 3011 ι
3115 2959 3358 3027 Ἀνοιξον
3386 2960 3513 3023 τοὺς
3535 2960 3744 3030 ὀφθαλ-

2158 3049 2294 3121 μούς
2327 3067 2444 3112 σου,
2480 3044 2576 3104 καὶ
2607 3049 2706 3113 ῐδε,
2738 3049 2836 3104 καὶ
2872 3049 3054 3102 κλῖνον
3079 3049 3140 3103 τὺ
3165 3046 3261 3114 οὖς
3298 3067 3414 3114 σου,
3449 3051 3544 3104 καὶ
3571 3053 3744 3106 ἀκου-

2153 3159 2244 3196 σον
2265 3159 2278 3173 ο
2317 3160 2336 3194 ι
2367 3142 2482 3206 καὶ,
2511 3141 2823 3214 Ὠσφράνθη
2851 3141 3055 3214 Κύριος
3080 3141 3258 3214 ὀσμὴν
3280 3141 3530 3206 εὐωδίας·
3563 3161 3580 3194 ι
3615 3143 3740 3209 καὶ,

2159 3253 2178 3285 ι
2217 3233 2290 3288 T6
2330 3234 2507 3305 στόμα
2539 3233 2747 3304 Κυρίου
2789 3233 3018 3318 mth
3046 3232 3240 3299 ταῦτα,
3280 3251 3299 3285 ι
3344 3233 3456 3298 καὶ,
3492 3251 3510 3284 ι
3542 3233 3633 3286 Ἐν
3667 3237 3743 3306 τῇ

466 3348 486 3381 σ
529 3327 602 3385 Os
648 3326 864 3382 Domini
896 3325 1136 3381 locutum
1185 3334 1270 3382 est
1300 3325 1407 3382 ista
1445 3337 1506 3392 n;
1541 3342 1560 3377 ι
1605 3333 1700 3380 et:
1741 3344 1759 3376 ι
1791 3323 1849 3378 In
1878 3338 2042 3378 manu

2155 3324 2298 3394 χειρὶ
2349 3322 2517 3376 αὐτοῦ
2555 3323 2626 3376 τὰ
2658 3323 2872 3394 πέρατα
2908 3322 3010 3393 τῆς
3047 3323 3172 3391 γῆς,
3205 3323 3302 3376 καὶ
3344 3323 3446 3376 ὅσα
3484 3322 3742 3380 τοιαῦτα.

461 3421 582 3492 ejus
613 3431 743 3476 sunt
783 3420 920 3474 lines
959 3427 1119 3474 terra:
1137 3428 1188 3486 ν,
1219 3437 1239 3472 ι
1265 3425 1320 3474 et
1358 3417 1584 3474 similia.
1624 3417 1682 3472 In
1722 3433 1832 3486 quo
1865 3416 2048 3472 stolidi

464 3530 572 3568 non
611 3510 1450 3582 atiimadverteruut,,Dominum
1467 3508 1636 3565 Deum
1672 3501 2050 3580 per'homines

463 3607 780 3662 hominibus
834 3607 1168 3676 loquentem,
1213 3604 1554 3661 audientium
1592 3602 1894 3659 infirmitati
1927 3616 2050 3658 ser-

463 3713 656 3754 mones
683 3698 1122 3754 accommodare.
1155 3695 1223 3752 Et
1247 3697 1508 3768 quoniam
1551 3695 1726 3751 oculis
1748 3709 1858 3750 non
1896 3693 2048 3749 vide-

464 3807 611 3856 mus,
646 3790 901 3845 tirttttem
940 3789 1062 3860 ejus
1091 3803 1190 3858 per
1210 3802 1376 3858 quam
1407 3786 1554 3842 videt
1583 3785 1864 3856 Scriptura
1893 3793 2052 3840 vocat

465 3883 658 3938 oculos
689 3900 703 3936 :
739 3889 796 3937 et
824 3897 1044 3937 rursum
1091 3879 1352 3936 audiendi
1400 3878 1718 3934 facultatem
1751 3883 1911 3932 vocat
1957 3891 2052 3930 au-

463 3991 572 4039 res,
606 3975 866 4046 quoniam
911 3974 1061 4029 hisce
1103 3972 1351 4044 partibus
1395 3971 1679 4027 audimus:
1720 3979 1777 4026 et
1821 3970 2051 4025 manda-

464 4076 578 4124 tum
617 4062 738 4128 Dei,
782 4079 866 4118 os.
903 4061 1105 4118 Verum
1145 4059 1430 4132 oportebat
1475 4075 1569 4116 eos
1597 4075 1706 4115 non
1741 4058 1918 4116 solum
1953 4075 2049 4114 su-

462 4170 560 4225 pra
607 4155 752 4209 dicta
809 4154 974 4209 verba
1033 4152 1334 4218 audivisse,
1385 4152 1478 4208 sed
1513 4151 1680 4206 etiam
1713 4164 1778 4206 ea
1805 4164 1930 4220 qua}
1955 4151 2050 4205 do-

463 4253 589 4302 cent
617 4245 787 4302 Deum
813 4260 949 4300 esse
983 4243 1418 4314 incircumscript
1431 4258 1542 4298 um.
1571 4260 1590 4294 ι
1619 4240 1742 4308 Quo
1769 4242 1940 4306 enim,
1965 4242 2049 4294 in-

467 4339 607 4410 quit,
641 4339 733 4394 ibo
761 4354 792 4393 a
835 4337 1030 4408 spiritu
1062 4337 1200 4392 tuo?
1229 4345 1282 4392 et
1302 4350 1413 4405 quo
1443 4350 1474 4390 a
1507 4334 1645 4389 facie
1678 4341 1770 4388 tua
1801 4332 2048 4403 fugiam?

465 4429 523 4486 Si
551 4429 851 4486 ascendere
879 4430 933 4484 in
964 4429 1186 4495 caelum,
1223 4438 1280 4485 tu
1312 4427 1388 4484 ibi
1409 4443 1501 4483 es:
1541 4427 1586 4482 si
1611 4425 1946 4480 descendero
1975 4426 2042 4479 ad

466 4519 762 4588 infernum,
814 4519 946 4574 ades
976 4527 1025 4587 κ,
1058 4538 1078 4573 ι
1107 4526 1164 4575 et
1195 4533 1319 4588 qua:
1337 4525 1665 4586 sequuntur.
1701 4513 1766 4570 Et
1807 4512 2046 4568 Samari-

467 4622 608 4668 tauae
640 4611 911 4668 Dominus
940 4611 1080 4668 dixit
1103 4629 1116 4666 :
1139 4629 1158 4664 ι
1183 4609 1328 4667 Deus
1349 4607 1575 4680 spiritus
1619 4615 1723 4672 est,
1751 4615 1807 4661 et
1837 4613 2050 4677 oportet

2152 3415 2262 3470 Kal
2305 3415 2367 3470 ού
2405 3415 2648 3469 συνεῖδον
2698 3415 2748 3468 oi
2782 3414 2921 3484 ἄγαν
2955 3414 3176 3484 ἠλίθιοι,
3209 3414 3286 3476 ὡς
3327 3414 3638 3485 ἀνθρώποις
3669 3416 3746 3470 δι’

2151 3507 2456 3579 ἀνθρώπων
2509 3507 2896 3578 διαλεγόμενος
2938 3509 2968 3560 6
3009 3507 3290 3578 Δεσπότης
3343 3507 3498 3572 Θεὸς,
3527 3510 3593 3579 τῇ
3625 3508 3743 3562 τῶν

2149 3603 2462 3656 ἀκουόντων
2496 3603 2751 3674 ἀσθενείᾳ
2776 3603 2902 3664 τοὺς
2930 3600 3123 3669 λόγους
3153 3603 3364 3672 μετρεῖ.
3400 3601 3508 3656 Kal
3544 3601 3742 3674 ἐπειδὴ

2149 3696 2216 3749 δι’
2252 3694 2552 3765 ὀφθαλμῶν
2579 3694 2796 3765 ὁρῶμεν
2836 3693 3016 3764 ἡμεῖς,
3045 3693 3142 3761 τὴν
3177 3692 3410 3762 όπτικὴν
3443 3692 3609 3748 αὐτοῦ
3643 3695 3746 3748 δύ-

2150 3803 2314 3857 ναμιν
2342 3785 2654 3855 ὀφθαλμοὺς
2687 3782 2978 3855 ὀνομάζειο
3009 3785 3104 3837 καὶ
3134 3785 3200 3839 αὖ
3243 3783 3407 3837 πάλιν
3436 3783 3534 3855 τὴν
3568 3784 3744 3838 ἀκου-

2151 3877 2366 3948 στικὴν,
2411 3869 2546 3940 ὦτα,
2577 3873 2766 3945 ἐπειδὴ
2797 3873 2884 3929 διὰ
2919 3873 3127 3927 τούτων
3159 3873 3268 3927 τῶν
3295 3875 3501 3944 μορίων
3540 3875 3744 3930 ἀκούοο

2153 3987 2254 4040 μεν
2280 3985 2294 3999 ·
2333 3967 2516 4022 καὶτὸ
2544 3966 2896 4037 πρόσταγμα,
2931 3965 3126 4036 στόμα.
3162 3966 3310 4019 Ἔδει
3341 3965 3400 4035 δὲ
3433 3967 3628 4030 αὐτοὺς
3660 3967 3744 4040 μὴ

2148 4061 2356 4115 τούτων
2392 4060 2554 4132 μόνον
2587 4059 2810 4114 ἀκούειν
2839 4057 2947 4112 τῶν
2980 4057 3178 4127 λόγων,
3224 4059 3361 4112 ἀλλὰ
3406 4059 3500 4113 καὶ
3530 4058 3640 4111 τῶν
3674 4060 3745 4112 τὸ

2148 4153 2530 4225 ἁπερίγραςον
2558 4151 2653 4204 τοῦ
2681 4149 2820 4204 Θεοῦ
2842 4149 3225 4204 διδασκόντων.
3271 4167 3290 4200 ι
3325 4149 3436 4203 Ποῦ
3467 4151 3595 4222 γὰρ,
3631 4168 3745 4220 φη-

2151 4245 2226 4312 σὶ,
2266 4243 2520 4316 πορευθῶ
2567 4242 2676 4297 ἀπὸ
2721 4240 2816 4296 τοῦ
2851 4241 3164 4312 πνεύματός
3203 4259 3319 4306 σου,
3361 4243 3456 4295 καὶ
3501 4242 3610 4295 άπὸ
3639 4242 3743 4296 τοῦ

2154 4335 2448 4408 προσώπου
2471 4351 2566 4388 σου
2589 4333 2692 4388 ποῦ
2712 4334 2870 4403 φύγω
2887 4349 2902 4398 ;
2935 4333 3060 4386 Ἐάν
3075 4333 3262 4387 άναϐὦ
3283 4334 3361 4397 εἰς
3378 4332 3467 4387 τὸν
3484 4333 3742 4405 οὐρανὸν,

2155 4432 2221 4483 σὺ
2249 4430 2366 4481 ἐκεῖ
2406 4423 2458 4480 εἶ
2479 4444 2495 4458 ·
2525 4427 2622 4482 ἐὰν
2653 4424 2880 4480 καταδῶ
2913 4427 2992 4488 εἰς
3023 4424 3116 4478 τὸν
3149 4424 3305 4496 ᾅδην,
3332 4424 3533 4493 πάρει’
3578 4445 3596 4475 ι
3643 4428 3748 4480 καὶ

2151 4520 2220 4574 τὰ
2242 4518 2391 4590 ἑξῆς.
2421 4518 2532 4573 Kal
2552 4520 2619 4590 τῇ
2649 4517 3004 4590 Σαμαρείτιδι
3028 4517 3056 4569 6
3086 4515 3289 4588 Κύριος
3309 4514 3437 4586 ἔφη,
3468 4534 3486 4566 ι
3511 4516 3748 4586 Πνεῦμα

2152 4613 2181 4666 6
2215 4613 2369 4678 Θεὸς,
2405 4612 2500 4666 καὶ
2535 4613 2663 4676 τοὺς
2695 4607 3140 4682 προσκυνοῦντας
3172 4608 3339 4663 αὐτὸν
3373 4610 3432 4662 ὲν
3461 4608 3746 4678 πνεύματι

461 4721 559 4762 eos
601 4706 693 4777 qui
739 4705 973 4761 adorant
1017 4704 1220 4775 ipsum,
1256 4702 1310 4757 in
1336 4700 1532 4772 spiritu
1572 4708 1628 4755 et
1651 4699 1879 4754 veritate
1909 4700 2042 4754 ado-

2155 4709 2243 4760 καὶ
2273 4705 2503 4777 ἀληθεία
2544 4704 2627 4759 δεῖ
2670 4705 3017 4776 προσκυνεῖν.
3071 4703 3132 4756 Εἰ
3175 4701 3232 4755 δὲ
3263 4702 3479 4767 πνεῦμα
3509 4703 3539 4754 6
3581 4702 3741 4765 Θεὸς,

463 4815 586 4854 rare
603 4808 652 4851 1.
687 4817 706 4851 ι
745 4797 802 4853 Si
831 4807 1014 4853 autem
1052 4796 1198 4868 Deus
1240 4795 1469 4866 spiritus
1515 4801 1620 4860 est,
1675 4792 1905 4864 simplex
1946 4793 2046 4864 igi-

463 4901 572 4958 tur,
603 4891 1024 4962 incompositus,
1045 4898 1100 4945 et
1136 4889 1363 4958 ﬁguram
1416 4901 1524 4941 non
1558 4885 1849 4956 recipiens.
1880 4884 2044 4956 Atqui

463 5001 866 5056 supervacuum
912 4994 1000 5040 est
1046 4985 1213 5038 istum
1255 4982 1310 5037 in
1350 4983 1570 5054 longum
1607 4982 1907 5053 producere
1932 4998 2047 5038 ser-

463 5095 704 5136 monem.
739 5078 884 5134 Satis
912 5078 1057 5133 enim
1085 5085 1230 5146 patet
1260 5077 1457 5132 horum
1493 5075 1732 5133 insania.
1764 5075 1921 5132 Hunc
1947 5075 2047 5147 igi-

465 5175 551 5227 tu'r
592 5172 816 5227 locum:
849 5189 867 5222 ‹
903 5170 1196 5226 Faciamus
1249 5169 1527 5226 hominem
1566 5171 1634 5224 ad
1664 5170 1956 5238 imaginem
1993 5178 2048 5224 et

464 5261 877 5318 similitudinem
906 5269 1172 5325 nostram,
1201 5280 1222 5314 ι
1253 5261 1423 5331 aliqui
1477 5260 1734 5317 doctores
1773 5261 1846 5314 ita
1890 5260 2048 5314 intel-

465 5355 750 5408 lesernnt:
809 5368 1004 5418 nempe
1043 5353 1210 5407 Deum
1258 5351 1528 5418 omnium,
1564 5367 1688 5407 cum
1737 5362 2047 5408 creaturam

465 5447 784 5502 sensitivam
819 5455 872 5500 et
901 5445 1287 5501 intellectivatn
1332 5452 1599 5512 creasset,
1638 5444 1912 5499 hominem
1948 5459 2050 5512 po-

469 5547 677 5593 stremo
736 5537 1026 5604 formasse,
1066 5537 1232 5592 veluti
1282 5535 1368 5591 sui
1392 5537 1687 5607 quamdam
1736 5535 2050 5608 imaginem,

2153 4800 2358 4865 άπλοῦς
2381 4799 2512 4872 ἄρα,
2533 4801 2627 4854 καὶ
2650 4798 2962 4862 ἀσύνθετος,
2996 4799 3090 4852 καὶ
3110 4799 3252 4868 ἀσχη
3263 4798 3538 4868 μάτιστος.
3575 4798 3743 4851 Ἀλλὰ

2152 4893 2264 4965 γὰρ
2297 4891 2555 4964 περιττὸν
2585 4891 2775 4946 τοῦτον
2813 4889 3079 4962 μηκύνειν
3110 4889 3202 4942 τὸν
3231 4885 3390 4958 λόγον
3415 4906 3427 4920 ’
3463 4890 3598 4959 δήλη
3631 4891 3747 4961 γὰρ

2152 4983 2360 5037 τούτων
2397 4984 2431 5054 ἡ
2470 4983 2648 5038 ἄνοια.
2684 4982 2758 5035 Τὸ
2800 4981 3002 5044 τοίνυν,
3045 4998 3062 5031 ι
3099 4980 3421 5049 Ποιήσωμεν
3452 4979 3713 5050 ἀνθρωπο

2154 5077 2275 5130 κατ’
2301 5075 2488 5130 εἰκόνα
2514 5073 2787 5148 ἡμετέραν
2814 5073 2910 5128 καὶ
2933 5071 3057 5126 καθ’
3087 5071 3368 5141 ὁμοίωσιν,
3407 5089 3424 5122 ι
3464 5072 3608 5135 τινὲς
3631 5072 3735 5124 τῶ.

2152 5168 2492 5223 διδασκάλων
2549 5167 2722 5230 οὕτως
2785 5166 3050 5235 ἐνόησαν⁸
3107 5165 3188 5217 ὃτι
3239 5164 3339 5235 τὴν
3396 5164 3574 5216 κτίσιν
3639 5164 3709 5232 τὴ

2156 5260 2426 5332 αἰσθητήν
2449 5277 2509 5313 τε
2539 5260 2634 5313 καὶ
2662 5257 2860 5328 νοητὴν
2888 5253 3209 5327 πεποιηκὼς
3234 5257 3262 5308 6
3285 5254 3395 5309 τῶν
3420 5256 3556 5308 ὅλων
3583 5256 3721 5317 θεδς

2157 5353 2250 5405 τὸν
2297 5351 2585 5423 ἄνθρωπον
2620 5347 2913 5404 διέπλασεν
2952 5346 3202 5418 ἔσχατον,
3242 5341 3354 5401 οἶόν
3393 5364 3516 5400 τινα
3557 5346 3707 5400 εἰκόν

2160 5443 2358 5498 ἑαυτοῦ
2391 5447 2448 5496 ἐν
2481 5444 2631 5513 μέσῳ
2657 5438 2918 5503 τεθεικὼς
2947 5440 3058 5492 τῶν
3085 5440 3312 5511 ἀψύχων
3341 5456 3399 5492 τε
3441 5440 3535 5492 καὶ
3561 5438 3713 5507 ἑμψιέ

2159 5552 2293 5605 κων,
2325 5534 2419 5589 καὶ
2449 5531 2726 5604 αἰσθητῶν
2759 5531 2856 5586 καὶ
2883 5529 3094 5601 νοητῶν
3114 5545 3130 5560 ο
3177 5531 3266 5585 ἵνα
3314 5530 3384 5586 τὰ
3421 5529 3521 5600 μὲν
3559 5527 3724 5597 ἀψυχ.

533 5726 695 5798 pleb
761 5743 817 5794 x,
847 5727 899 5782 8.
977 5727 1173 5782 QPsal.
1241 5743 1435 5792 cxvnt,
1505 5726 1635 5798 75._
1673 5723 1831 5798 εἰει.
1896 5740 2046 5791 sxw,

2155 5767 2175 5798 ._
2241 5735 2264 5766 ⁸
2296 5722 2360 5782 ιν
2389 5723 2524 5798 Reg.
2557 5739 2672 5795 xu,
2713 5723 2800 5781 l6.
2881 5722 2903 5763 ί
2930 5719 3067 5780 Gen.
3092 5719 3320 5789 vntﬂi.
3394 5730 3420 5759 ιι
3451 5719 3559 5776 [3a.
3580 5733 3623 5790 ι,
3647 5719 3725 5776 20

465 5805 494 5839 '
516 5795 663 5854 Psal.
717 5814 858 5859 κων.
915 5798 968 5852 4.
1047 5809 1074 5837 ι
1105 5799 1249 5856 l‘sal.
1279 5812 1545 5858 cxxxvm.
1577 5795 1666 5851 78.
1741 5805 1770 5845 Υ
1801 5795 1962 5854 Joan.
2004 5812 2078 5860 ιν,
2110 5795 2202 5850 24.
