3920 6316
161 385 267 453 125

1299 399 1582 471 QUIEST.
1617 401 1703 461 ΙΝ
1726 399 1992 462 GENES.
2022 403 2180 464 CAP.
2216 403 2298 464 II.

3332 404 3428 471 126

165 500 352 553 ηείκει
408 498 576 570 νόμον
625 501 724 566 τῆς
777 502 1124 574 δικαιοσύνης
1165 506 1197 574 ἡ
1253 508 1508 575 ἄϐυσσος,
1556 511 1762 578 ταύτην

1873 513 2032 567 disset
2060 515 2230 584 legem
2261 514 2492 585 abyssus
2518 513 2609 571 ille
2644 513 2893 584 justitite,
2927 512 2992 570 'i‘s
3021 515 3116 586 qui
3177 518 3427 574 notitiam

159 594 272 646 οὐκ
325 591 547 662 ἔχουσιν
593 594 655 646 ὲν
702 597 769 664 τῇ
824 595 987 662 φύσει
1021 597 1121 667 τὴν
1151 597 1383 666 γνῶσιν·
1420 602 1554 672 μηδὲ
1595 603 1756 671 γινώ-

165 701 401 736 σκουσιν
459 683 537 747 ὣς
592 686 799 752 ἀγαθὸν
852 685 952 756 μὲν
981 687 1044 739 τδ
1093 690 1323 756 φυλάξαι
1370 693 1472 763 τὴν
1514 696 1754 766 ἐντολὴν,

158 775 412 846 ὀλέθριον
453 776 511 830 δὲ
539 777 604 830 τὸ
641 778 985 848 παραϐῆναις
1032 776 1193 852 Εἶχον
1221 780 1316 838 οὖν
1341 785 1449 856 ἄρα
1479 786 1580 858 τὴν
1609 789 1754 857 γνῶ-

163 883 251 919 σιν
276 881 294 895 °
326 867 431 939 τὴν
461 868 518 922 δὲ
555 871 752 940 πεῖραν
777 871 1114 940 προσέλαϐον
1141 872 1268 927 ὕστε
1279 893 1396 946 ρον.

765 983 963 1040 ΕΡΩΤ.
1018 986 1157 1040 KH’.

161 1095 302 1184 Πιξς
347 1090 521 1151 οὗν³⁶
538 1097 698 1184 μετὰ.
723 1097 1093 1184 τὴζβρ-ὧᾳιν
1122 1099 1401 1184 ἔγνωσαν
1431 1102 1520 1157 ὄτι
1543 1106 1758 1173 γυμνοὶ

233 1167 414 1234 ἦσαν
438 1183 452 1195 ·
493 1167 607 1235 πρὸ
635 1168 748 1236 γὰρ
775 1167 885 1236 τῆς
902 1167 1188 1238 βρώσεως
1210 1174 1434 1241 ταύτην
1459 1167 1569 1229 οὐαὶ
1592 1167 1759 1245 εἶχον

231 1237 358 1302 τὴν·
384 1237 716 1301 αἵσθησιν;

238 1329 388 1382 οὐδὲ
421 1329 494 1383 τὰ
525 1330 722 1400 κομιδῆ
767 1330 864 1382 νέα
910 1331 1096 1384 παιδία
1131 1333 1391 1406 ἑρυθριᾷν
1422 1335 1631 1406 πέφυκε
1658 1338 1760 1408 τῆς

163 1420 405 1489 ἐσθῆτος
443 1421 847 1492 γεγυμνωμένα
869 1440 882 1453 ·
907 1425 1048 1476 κατὰ
1079 1422 1252 1494 βραχὺ
1282 1425 1346 1478 δὲ
1377 1428 1472 1480 τοῦ
1506 1428 1760 1496 σώματος

163 1509 574 1579 αὐξανομένου,
627 1509 722 1563 καὶ
770 1509 866 1562 τοῦ
912 1509 1006 1563 νοῦ
1061 1511 1250 1564 λοιπὸν
1300 1513 1612 1582 ἀρχομένου
1660 1515 1759 1585 τὴν

162 1601 384 1654 οἰκείαν
413 1601 583 1670 φύσιν
623 1603 1017 1665 ἐπιδεικνύναι,
1064 1603 1251 1657 οὐκέτι
1307 1604 1493 1658 λοιπὸν
1546 1607 1758 1678 φορητὴ

162 1693 285 1752 τοῖς
345 1691 662 1760 μείρακεοις
716 1694 752 1762 ἡ
786 1693 1090 1764 γύμνωσις,
1129 1692 1247 1748 ἀλλ’
1303 1696 1622 1766 ἐρυθριῶσι,
1665 1699 1761 1750 καὶ

167 1782 596 1852 περιϐάλλονται
617 1823 633 1847 ,
688 1784 791 1836 κᾶν
826 1801 909 1847 τις
946 1785 1214 1857 ἀφέληται
1245 1785 1346 1856 τὴν
1381 1787 1602 1858 ἐσθῆτα,
1638 1791 1758 1850 ταῖς

1861 604 2174 674 hnjusmodi
2240 621 2269 658 a
2309 615 2501 660 natura
2533 621 2642 661 non
2671 606 2960 671 haberent,
3011 621 3186 676 neque
3231 608 3431 664 intelli‘

1858 705 2048 764 gerent
2083 695 2284 748 bonum
2332 709 2454 752 esse
2503 710 2722 751 servare
2769 705 3120 766 praeceptum,
3163 699 3433 768 pernicio-

1860 801 1980 840 sum
2015 800 2144 840 vero
2175 788 2532 856 transgredi?
2579 786 2863 844 Habebam
2884 791 3051 860 igitur
3095 790 3216 845 sine
3267 791 3433 848 dubio

1860 880 2108 934 notitiam
2133 897 2147 932 :
2178 879 2270 935 sed
2293 881 2723 950 experimentum
2755 891 2937 950 postea
2973 892 3256 954 ceperunt.

2343 993 2621 1050 INTERR.
2663 993 2896 1050 XXVI".

1861 1107 2134 1175 Quomodo
2160 1110 2325 1178 igitur
2354 1119 2470 1177 post
2499 1125 2644 1166 esum
2672 1117 2993 1179 agnoverunt
3026 1108 3168 1178 quod
3195 1110 3328 1164 nudi
3348 1124 3425 1166 u-

2035 1191 2169 1244 sent,
2209 1179 2298 1249 qui
2322 1191 2444 1237 ante
2465 1196 2610 1234 csum
2643 1178 2776 1233 nihil
2805 1178 2910 1232 tale
2940 1181 3250 1234 senserant?

1931 1329 2091 1385 Pueri
2123 1331 2372 1401 juniores
2435 1340 2583 1386 veste
2635 1330 2823 1385 nudati
2861 1330 3186 1386 erubescere
3241 1339 3435 1386 natura

1858 1438 1970 1477 non
2007 1425 2220 1479 solent:
2289 1424 2548 1494 paulatim
2605 1433 2787 1479 autem
2855 1432 3138 1479 crescente
3183 1439 3434 1495 corpore,

1861 1529 1987 1568 cum
2018 1529 2174 1569 mens
2205 1523 2391 1583 postea
2423 1515 2698 1585 propriam
2727 1522 2984 1569 naturam
3014 1529 3268 1573 exserere
3316 1533 3433 1573 cm-

1864 1606 2024 1676 perit,
2060 1606 2366 1678 adultijam
2401 1623 2507 1661 non
2555 1607 2820 1676 patienter
2873 1607 3053 1663 ferunt
3103 1623 3163 1664 se
3214 1609 3433 1676 nudari,

1865 1696 1958 1750 sed
2009 1697 2362 1760 erubescunt,
2393 1705 2446 1751 ct
2491 1706 2872 1766 conteguntur.
2906 1698 3061 1764 Quod
3089 1699 3134 1754 si
3167 1700 3290 1769 quis
3337 1716 3433 1756 vc-

1867 1797 2002 1843 stem
2035 1789 2116 1843 eis
2138 1789 2442 1853 abstulerit,
2469 1788 2720 1860 genitalia
2748 1790 2988 1844 membra
3026 1791 3277 1848 manibus
3306 1793 3434 1848 abs-

168 1875 337 1942 χερσὶ
360 1874 432 1928 τὰ
465 1874 762 1942 παιδογόνα
791 1875 1132 1931 καλύπτουσι
1164 1878 1352 1949 μόρια.
1387 1878 1612 1932 Πολλῶν
1643 1879 1756 1948 (99)

1873 1878 2119 1933 :ondnnt.
2189 1880 2386 1934 Multos
2417 1890 2599 1936 autem
2627 1881 2808 1950 juvat,
2827 1881 2894 1934 ad
2927 1882 3253 1936 abolendum
3291 1883 3435 1938 hunc

167 1965 225 2017 δὲ
257 1966 359 2018 καὶ
387 1965 450 2017 τὸ
475 1964 594 2028 ἔθος
629 1967 946 2038 ἀφαιρεῖται
975 1967 1184 2040 ταύτην
1205 1970 1305 2040 τὴν
1337 1967 1623 2041 αἰσχύνην.
1645 1970 1758 2024 Καὶ

165 2060 280 2130 γὰρ
308 2059 362 2112 οἱ
388 2058 582 2111 ναῦται
623 2059 824 2129 γυμνοὶ
857 2059 1129 2125 πλέοντες,
1155 2061 1250 2114 καὶ
1269 2062 1319 2115 οἱ
1341 2062 1628 2134 λουόμενοι
1659 2079 1758 2132 γυ-

169 2153 302 2221 μνοὶ
347 2152 446 2204 ὑπ’
493 2151 745 2221 ἀλλήλων
777 2151 1067 2222 ὁρώμενοι,
1115 2153 1322 2225 ταύτην
1353 2155 1593 2210 ἐνταῦθα
1650 2154 1753 2225 τὴν

167 2242 450 2312 αἰσχύνην
485 2242 582 2296 οὐκ
617 2242 855 2312 ἔχουσιν.
901 2243 1026 2295 Ἐὰν
1062 2243 1122 2296 δέ
1167 2261 1254 2310 τις
1281 2244 1388 2311 ἔξω
1435 2245 1547 2300 τῶν
1591 2245 1759 2316 βαλα-

181 2335 349 2388 νείων
383 2333 592 2404 γυμνὸς
643 2329 700 2406 ᾗ,
748 2334 870 2388 λίαν
915 2335 1176 2406 ἐρυθριᾷο
1216 2333 1361 2390 οὕτω
1405 2338 1500 2390 καὶ
1528 2338 1578 2390 οἱ
1630 2336 1759 2406 περὶ

171 2426 266 2478 τὸν
341 2425 542 2494 Ἀδὰμ,
606 2424 771 2488 εὐθὺς
825 2425 925 2495 μὲν
989 2425 1441 2493 διαπλασθέντες,
1520 2421 1610 2479 οἷα
1693 2425 1758 2496 δὴ

175 2518 387 2585 νήπιοι,
419 2516 519 2568 καὶ
548 2515 976 2585 εὐθυγενεῖςβ),
1013 2517 1107 2568 καὶ
1127 2518 1226 2586 τῆς
1265 2516 1544 2587 ἁμαρτίας
1576 2515 1760 2586 ἀμύη-

175 2621 282 2668 τοι,
305 2605 410 2656 ούκ
430 2603 728 2674 ᾐσχύνοντο
747 2603 871 2674 δίχα
899 2605 1259 2674 περιϐολαίων
1277 2597 1575 2674 διάγοντες.
1604 2605 1759 2659 Μετὰ

174 2693 231 2746 δὲ
260 2693 367 2762 τὴν
398 2696 617 2765 πεῖραν,
655 2698 768 2754 τοῖς
795 2693 1013 2761 φύλλοις
1043 2695 1162 2748 ἔνια
1199 2696 1292 2750 τοῦ
1333 2696 1588 2766 σώματος
1639 2715 1764 2750 συν-

176 2783 467 2852 εκάλυψλν
498 2783 684 2853 μόρια.

246 2873 687 2926 ³⁷ΘΕΟΔΩΡΟΥ.
729 2872 942 2944 Ἐπειδὴ
973 2874 1268 2944 βάπτοντες
1311 2873 1393 2927 ἔτι
1445 2877 1513 2928 τὰ
1553 2874 1752 2944 φύλλα,

176 2966 428 3034 ἤκουσαν
460 2965 560 3034 τῆς
584 2964 769 3034 φωνῆς
790 2964 881 3019 τοῦ
913 2965 1047 3018 Θεοῦ
1076 2966 1531 3035 περιπατοῦντος,
1567 2967 1672 3019 ὑπὸ
1701 2967 1762 3018 τὸ

179 3055 343 3120 ξύλον
375 3055 694 3127 ἑκρύϐησαν
718 3073 730 3085 ·
767 3057 866 3108 ούκ
899 3057 1028 3110 ἄλλο
1059 3059 1320 3128 δηλονότι³
1355 3058 1473 3110 ἀλλ’
1506 3058 1540 3129 ἢ
1587 3050 1758 3128 οὗπερ

177 3151 466 3220 ερραπτον
498 3149 566 3202 τὰ
592 3147 783 3217 φύλλα.
817 3149 986 3202 Τοῦτο
1005 3150 1062 3202 δὲ
1091 3146 1158 3219 ἦν
1186 3151 1260 3222 (2)
1291 3149 1376 3218 ἐφ’
1410 3143 1454 3225 ᾧ
1474 3149 1572 3220 τὴν
1610 3151 1759 3202 ὲντο-

177 3237 276 3307 ὶὴν
299 3237 647 3308 εἰλήφεισαν.
691 3238 778 3301 Ὠς
800 3239 828 3291 ὁ
854 3239 1140 3310 προφήτης
1162 3240 1268 3310 γάρ
1289 3256 1474 3309 φησιν,
1510 3259 1527 3292 ι
1567 3241 1760 3311 Ἐκρύ-
1789 3230 1830 3284 C

180 3329 362 3399 ϐησαν
389 3331 449 3382 ὲν
481 3329 634 3400 μέσῳ
680 3329 776 3383 τοῦ
800 3330 955 3394 ξύλου
1006 3330 1098 3384 τοῦ
1157 3331 1510 3401 παραδείσου.
1565 3351 1582 3383 ι
1643 3333 1762 3386 Ἀπ’

182 3421 350 3475 αὑτοῦ
375 3421 434 3473 δὲ
470 3423 567 3475 καὶ
608 3422 970 3493 βεϐρωκότες,
1021 3424 1090 3476 τὰ
1139 3424 1313 3491 φύλλα
1347 3424 1639 3495 ἕῤῥαπτον,
1675 3423 1765 3479 διὰ

179 3514 280 3582 τὴν
310 3513 618 3584 γενομένην
665 3515 850 3576 αὐτοῖς
901 3514 1164 3584 αἰσχύνην
1198 3515 1290 3567 ὲπὶ
1339 3518 1405 3586 τῇ
1463 3517 1761 3586 γυμνώσει.

182 3605 372 3658 Ταῦτα
408 3606 487 3675 (5)
516 3606 573 3658 δὲ
621 3600 689 3676 ἦν
733 3605 908 3675 φύλλα
955 3608 1145 3677 συκῆς.
1197 3608 1627 3679 Ἀναντιῤῥήτως
1656 3607 1765 3678 ἄρα

186 3698 332 3766 συκῆ
347 3697 410 3749 τὸ
427 3697 644 3767 δένδρον
664 3693 752 3769 ἦν,
779 3700 864 3766 ἐφ’
885 3691 930 3766 ᾧ
950 3699 1379 3769 παρειλήφεισαν
1404 3698 1503 3769 τὴν
1527 3700 1763 3769 ἐντολήν.

197 3788 344 3842 Ἀλλ’
381 3789 446 3843 ού
487 3789 804 3859 προσίενται
843 3789 1002 3844 τοῦτό
1052 3807 1219 3854 τινες,
1263 3791 1352 3843 διὰ
1389 3789 1590 3860 πολλὴν
1637 3791 1766 3861 εὐῆ-

188 3879 362 3946 Θειαν,
395 3882 524 3950 ἐμοὶ
545 3881 710 3947 δοκεῖ,
741 3881 978 3950 οἰόμενοι
1013 3882 1211 3952 χρῆναι
1255 3883 1439 3936 καινόν
1461 3901 1514 3934 τι
1543 3878 1684 3934 εἶναι
1707 3882 1766 3934 τὸ

183 3972 378 4038 ξύλον
436 3973 532 4025 καὶ
561 3973 622 4025 ού
662 3973 1005 4044 λογιζόμενοι
1026 4015 1040 4038 ,
1069 3976 1154 4028 ὅτι
1179 3974 1253 4044 μὴ
1279 3977 1344 4044 τῇ
1381 3973 1628 4042 ποιότητι
1668 3973 1764 4025 τοῦ

188 4063 374 4127 ξύλου,
417 4064 557 4132 μηδὲ
594 4066 662 4133 τῇ
695 4065 974 4135 καινότητι
997 4065 1100 4133 τῆς
1129 4065 1385 4135 βρώσεως
1420 4064 1490 4118 τὰ
1516 4065 1768 4134 ἁμαρτή-

191 4175 339 4228 ματα
379 4159 629 4230 κρίνεται
652 4176 666 4188 ·
712 4159 848 4212 ἀλλὰ
885 4167 953 4230 τῇ
986 4161 1130 4213 δόσει
1158 4160 1257 4230 τῆς
1303 4160 1544 4228 ἐντολῆς,
1578 4159 1646 4230 ἢν
1678 4159 1765 4228 ἐφ’

188 4250 310 4305 ὅτου
339 4251 544 4322 δήποτε
571 4253 885 4324 παραϐῆναι
913 4253 1034 4323 ῐσην
1051 4252 1163 4322 ἔχει
1193 4253 1290 4323 τὴν
1327 4253 1554 4324 μέμψιν.

810 4364 1008 4418 ΕΡΩΤ.
1037 4365 1165 4419 ΚΘ’.

195 4472 323 4534 Πῶς
356 4471 426 4525 ἐκ
474 4471 584 4525 τοῦ
620 4471 988 4539 παραδείσου
1023 4472 1216 4540 φησὶν
1271 4474 1303 4525 ὀ
1363 4467 1623 4536 Μωυσῆς
1663 4469 1767 4540 τὸν

267 4543 478 4609 Τίγρην
503 4542 749 4604 ἐξιέναι,
779 4544 876 4595 καὶ
921 4539 1033 4594 tori
1081 4541 1419 4609 Εὐφράτην,
1469 4541 1574 4605 οὓς
1614 4539 1767 4608 φασί

258 4627 420 4676 τινες
442 4613 514 4665 ἐκ
533 4609 657 4665 τῶν
688 4611 844 4679 ὀρῶν
870 4611 1225 4670 ἀναϐλύζειν
1263 4610 1374 4678 τῆς
1413 4611 1761 4678 Ἀρμενίας;

264 4704 452 4756 Ἔστιν
484 4703 618 4755 ἰδεῖν
663 4703 760 4755 καὶ
809 4703 1001 4765 ἄλλους
1035 4703 1316 4772 ποταμοὺς
1353 4701 1622 4773 ἑτέρωθεν
1669 4699 1768 4769 μὲν

196 4793 449 4858 egena;
474 4794 671 4847 ἔπειτα
695 4794 752 4846 δὲ
777 4795 858 4855 εἰς
883 4795 981 4864 τὴν
1005 4794 1107 4863 γῆν
1135 4794 1226 4847 διά
1239 4810 1401 4845 τινων
1421 4791 1767 4845 καταδύσεων

196 4885 527 4953 χωροῦντας,
561 4886 656 4939 καὶ
696 4886 857 4938 πάλιν
900 4885 1106 4938 ἄνωθεν
1134 4884 1553 4946 ἀναϐλύζοντας.
1599 4882 1768 4936 Τοῦτο

198 4975 290 5027 καὶ
318 4979 409 5030 ἐπὶ
427 4978 640 5031 τούτων
659 4978 950 5048 γεγένηται
979 4979 1088 5031 τῶν
1115 4977 1393 5048 ποταμῶν.
1438 4976 1640 5040 Ἐξίασι
1668 4976 1766 5046 μὲν

267 5138 294 5163 °
315 5130 452 5184 Gen.
496 5146 562 5192 ιι,
597 5131 684 5184 Η.

1866 1973 2148 2040 pudorem,
2168 1973 2509 2027 consuetudo
2539 1971 3068 2042 vivendi.Siquidem
3100 1984 3282 2028 nautas
3303 1976 3431 2030 nudi

1863 2060 2204 2130 navigantes,
2238 2070 2292 2116 et
2341 2061 2436 2130 qui
2470 2062 2742 2125 lavantur,
2773 2062 2901 2116 dum
2929 2077 2989 2118 se
3027 2064 3202 2118 nudos
3242 2075 3434 2120 mutuo

1864 2152 2234 2220 conspiciunt,
2282 2151 2387 2204 hoc
2417 2151 2624 2220 pudore
2653 2152 2725 2208 ibi
2759 2168 2866 2208 non
2925 2153 3222 2210 ducuntur.
3252 2154 3321 2210 At
3383 2156 3428 2210 si

1864 2245 1988 2314 quis
2017 2243 2195 2298 nudus
2248 2241 2320 2298 sit
2349 2251 2499 2297 extra
2534 2244 2776 2310 balneas,
2836 2245 3184 2300 vehementer
3235 2247 3431 2301 erube-

1865 2336 1992 2392 scit.
2020 2333 2100 2387 lta
2130 2333 2197 2388 de
2220 2332 2430 2387 Δάοιηο
2464 2344 2516 2387 et
2543 2333 2661 2403 ejus
2714 2349 2881 2388 uxore
2909 2334 3248 2389 sentiendum
3303 2345 3429 2390 est:

1863 2427 1956 2498 qui
1999 2426 2186 2482 statim
2221 2425 2314 2481 ubi
2353 2424 2571 2479 formati
2618 2434 2768 2488 sunt,
2802 2426 2951 2480 velut
2981 2425 3219 2480 infantes
3250 2436 3306 2481 et
3349 2441 3433 2481 re-

1862 2517 2178 2584 cens.nati,
2243 2517 2504 2586 nullaque
2553 2515 2757 2584 peccati
2812 2518 3024 2570 macula
3073 2516 3264 2586 polluti
3323 2531 3432 2571 non

1864 2611 2240 2667 adiciebantur
2280 2607 2610 2664 verecundia
2656 2609 2777 2662 sine
2834 2607 3036 2661 amictu
3073 2616 3317 2677 agentes.
3367 2607 3436 2662 At

1862 2697 2104 2767 periculo
2143 2696 2306 2763 facto,
2338 2695 2600 2767 quasdam
2633 2703 2814 2764 partes
2859 2695 3102 2766 corporis
3135 2695 3282 2751 foliis
3337 2709 3434 2750 nco

1864 2788 2230 2842 cullaverunt.
2713 2842 2718 2847 .

1932 2879 2040 2950 a3
2075 2873 2442 2932 THEODORI.
2473 2875 2744 2941 Quoniam
2807 2873 2938 2930 dum
2965 2873 3144 2928 adhuc
3199 2887 3431 2928 consue-

1866 2980 1986 3026 rent
2017 2970 2166 3035 folia,
2199 2969 2491 3023 audierunt
2522 2981 2706 3021 vocem
2740 2964 2833 3019 Dei
2863 2963 3284 3028 deambulantis,
3331 2961 3438 3017 sub

1865 3061 2062 3115 arbore
2091 3060 2393 3124 latitarnnt,
2429 3071 2540 3111 non
2591 3056 2693 3110 alia
2742 3055 3011 3120 videlicet,
3065 3069 3228 3125 quam
3292 3053 3437 3108 unde

1867 3151 1995 3204 folia
2027 3152 2428 3219 decerpserant.
2461 3147 2586 3201 Haec
2617 3154 2796 3202 autem
2839 3155 2977 3208 erat,
3009 3145 3076 3202 de
3134 3158 3244 3214 qua
3298 3157 3436 3212 prino

1868 3254 2081 3313 ceptum
2111 3250 2452 3310 acceperant.
2483 3239 2717 3306 Nam,jnt
2743 3238 3000 3307 propheta
3022 3237 3219 3306 inquit,
3261 3255 3279 3286 ε
3308 3235 3436 3290 abs-

1867 3337 2070 3391 conditi
2132 3342 2262 3389 sunt
2295 3333 2347 3386 in
2381 3331 2560 3386 medio
2591 3329 2722 3398 ligni
2753 3329 3015 3398 paradisi.
3048 3346 3068 3380 ι
3115 3327 3188 3383 De
3217 3342 3283 3382 eo
3333 3342 3434 3381 an-

1868 3435 1974 3480 tem
2016 3439 2138 3478 cum
2173 3422 2612 3486 manducassent,
2644 3420 2808 3474 etiam
2838 3417 2964 3473 folia
2993 3417 3260 3480 texebant,
3305 3431 3434 3484 ιιι-οη

1866 3526 2046 3588 pterea
2087 3514 2228 3585 quod
2253 3528 2366 3568 sua:
2393 3512 2652 3567 nuditatis
2682 3526 2777 3566 eos
2816 3509 3062 3580 puderet.
3105 3509 3229 3563 llaec
3253 3516 3436 3562 autem

1867 3616 2023 3662 erant
2052 3605 2178 3659 folia
2219 3607 2373 3660 ﬁcus.
2408 3602 2548 3673 Ergo
2581 3604 2736 3658 sine‘
2769 3602 3137 3658 controversia
3163 3600 3325 3653 arbor
3345 3598 3436 3651 illa

1871 3704 1988 3750 crat
2029 3697 2183 3760 licus,
2215 3694 2283 3748 de
2317 3709 2422 3764 qua
2451 3703 2781 3763 prteceptum
2818 3698 3161 3761 acceperant.
3193 3688 3297 3743 Sed
3326 3703 3436 3742 non

1861 3785 2248 3841 assentiuntur
2277 3785 2522 3855 quidam,
2551 3800 2661 3855 prae
2689 3784 2878 3847 nimia,
2912 3792 2973 3837 ut
2998 3782 3132 3835 mihi
3198 3780 3435 3846 videtur,

1869 3876 2216 3945 simplicitate
2251 3893 2264 3929 :
2295 3875 2386 3945 qni
2423 3883 2616 3944 putant
2647 3884 2898 3942 Oportere
2928 3886 3127 3925 novum
3161 3868 3433 3935 quoddam

1861 3983 1988 4022 esse
2027 3967 2250 4036 lignum,
2287 3981 2396 4018 non
2425 3964 2788 4027 attendentes,
2814 3965 2958 4027 quod
2993 3974 3100 4014 non
3134 3957 3265 4026 ligni
3293 3972 3436 4026 qua-

1869 4059 2038 4122 litate,
2079 4071 2255 4128 neque
2287 4053 2524 4109 novitate
2574 4053 2704 4114 cibi,
2743 4059 2964 4120 peccata
2992 4057 3303 4115 censentur,
3341 4048 3433 4102 sed

1867 4167 1932 4205 cx
1959 4158 2228 4220 praecepto
2252 4148 2378 4201 dato
2403 4163 2416 4199 :
2461 4143 2620 4213 cujus
2651 4141 3014 4210 transgressio
3035 4141 3407 4211 quantulacun
3424 4175 3438 4184 -

1869 4258 1976 4312 que
2002 4241 2118 4312 pari
2157 4238 2580 4309 reprehensione
2606 4235 2768 4305 digna
2802 4242 2908 4289 est.

2393 4345 2671 4403 INTER“.
2713 4344 2908 4400 XXIX.

1873 4467 1977 4533 Qui
2011 4467 2093 4535 ﬁt,
2125 4474 2182 4518 ut
2209 4463 2380 4518 Moses
2413 4472 2641 4526 asserat,
2675 4460 2874 4535 Tigrim
2932 4468 2981 4513 et
3019 4457 3362 4535 [inp/natea
3409 4473 3437 4510 e

1940 4527 2195 4603 paradiso
2225 4535 2384 4602 ﬂuere
2415 4541 2462 4595 ο,
2502 4549 2630 4602 quos
2665 4527 2815 4585 aiant
2847 4527 3150 4583 nonnullie
3181 4527 3439 4580 montibus

1936 4606 2202 4660 Armenia:
2237 4605 2497 4658 βίαιοι-ἔτι
2515 4604 2540 4655 ν

1938 4699 2137 4754 Videre
2167 4697 2291 4753 licet
2315 4708 2368 4750 et
2385 4697 2488 4749 alia
2506 4694 2730 4748 ﬂumina
2761 4690 2978 4747 aliunde
3001 4689 3219 4759 quidem
3234 4684 3438 4758 egredi,

1865 4790 2062 4844 deinde
2090 4789 2144 4843 in
2165 4798 2365 4844 terram
2398 4785 2721 4856 quibusdam
2754 4783 3012 4838 ductibus
3043 4779 3288 4845 liuentia,
3340 4779 3437 4831 ite.

1867 4898 1987 4936 rum
2042 4895 2264 4936 sursum
2295 4877 2609 4940 scaturirc;
2662 4875 2808 4944 quod
2873 4883 2929 4928 ct
2967 4874 3053 4928 his
3120 4869 3439 4926 ﬂuminibus

1867 4974 2084 5030 accidit.
2120 4973 2333 5027 Exeunt
2357 4970 2502 5024 enim
2528 4969 2696 5033 illinc,
2721 4976 2780 5021 ut
2808 4966 2888 5020 ait
2915 4963 3196 5035 Scriptura
3221 4960 3440 5022 divina;

1051 5281 1284 5337 VAlilAE
1334 5277 1712 5335 LECTlONES
1761 5277 1850 5332 EX
1884 5277 2154 5333 CATENA
2212 5274 2561 5330 LIPSIENSI.

277 5433 320 5463 ³⁸
345 5437 469 5495 Πίος
493 5439 561 5492 ad
588 5437 726 5492 Gen.
760 5453 842 5501 Ill,
867 5435 921 5499 8,
950 5436 1054 5506 leg.
1079 5435 1132 5488 in
1159 5446 1264 5490 cat.
1290 5451 1412 5505 pag.
1437 5435 1526 5489 85.
1604 5434 1647 5464 ³⁷
1675 5433 1800 5488 Haec
1819 5440 2036 5486 exstant
2060 5432 2114 5484 in
2134 5441 2240 5485 cat.
2267 5445 2388 5500 pag.
2415 5429 2506 5492 88,
2539 5429 2605 5482 ad
2641 5442 2784 5482 vers.
2819 5425 2873 5480 9.

1729 5581 1954 5639 NOTAE.

276 5703 382 5770 (99)
414 5701 688 5757 Πολλῶν.
731 5700 865 5755 Cod.
905 5709 953 5752 et
993 5699 1107 5755 l’ic.
1145 5698 1367 5770 πολλήν.

278 5773 350 5839 (Ι)
384 5774 517 5828 (10d.
559 5783 611 5826 ct
642 5772 755 5825 Pie.
780 5770 1041 5837 εὐγενεῖς.

1943 5695 2018 5762 ('1)
2062 5695 2239 5748 Τοῦτο
2264 5692 2327 5744 δὲ
2356 5689 2454 5761 ἦν.
2489 5691 2623 5745 Cod.
2661 5690 2852 5762 etPic.
2886 5691 3023 5745 ἀλλὰ
3048 5689 3206 5744 causa
3260 5708 3320 5759 γε

1946 5761 2020 5833 (ὅ)
2051 5763 2256 5824 Ταῦτα.
2279 5763 2414 5817 Cod.
2442 5763 2627 5818 ctl‘lc.
2671 5761 2868 5814 πάντα.
