3928 6316
455 375 551 443 1ὶῖ
1439 370 1927 433 THEODORETI
1969 364 2314 428 EPISCOPI
2356 358 2724 421 CYRENSIS
3599 347 3744 410 128

452 492 641 559 postea
675 496 772 552 per
795 480 1062 551 quosdam
1094 488 1306 537 meatus
1334 481 1724 537 metes-raucos
1745 493 2026 537 transeun-

2159 476 2237 545 ’ἀρ
2270 472 2503 537 ἐκεῖθεν,
2535 469 2611 532 ὦς
2633 484 2799 539 φησιν
2818 465 2853 535 ἡ
2888 463 3010 520 θεία
3037 463 3229 535 Γραφή
3248 480 3265 496 ο
3291 458 3409 517 εἶτα
3428 460 3518 516 διά
3553 474 3743 512 τινων

454 553 549 636 tia,
626 572 716 628 hic
764 572 1034 642 originem
1090 571 1256 626 aliam
1310 580 1557 632 sumunt.
1612 569 1764 634 Quoi
1805 571 2026 640 quidem

2166 566 2400 633 πογείων
2457 563 2685 623 διιόντες
2738 559 2947 630 πόρων.
2994 557 3190 626 ἑτέρας
3236 555 3414 625 ἀρχὰς
3463 553 3728 607 ἐνταῦθα

457 679 565 716 non
599 663 800 719 frustra
841 662 1088 719 omnium
1126 660 1266 717 Deus
1315 662 1387 716 ita
1416 662 1776 732 dispensavit,
1813 661 1907 716 sed
1971 671 2031 715 ιη

2159 657 2488 729 αμϐἀνουσι.
2515 652 2689 707 Τοῦτο
2722 651 2780 705 δὲ
2813 650 2873 703 οὐ
2920 648 3100 719 μάτην
3146 645 3321 709 οὕτως
3350 644 3730 714 ᾠκονόμησιν

456 760 762 822 atnputaret
788 751 1119 823 superﬂuam
1153 752 1435 813 hominum
1463 752 1862 809 curiositatem.
1893 750 2029 807 Nam

2194 750 2298 802 τῶν
2329 749 2467 802 ὅλων
2503 745 2659 810 Θεὸς,
2698 742 2837 799 ἀλλὰ
2878 742 2978 812 τὴν
3023 739 3288 810 περιττὴν
3341 735 3451 791 τῶν
3489 733 3727 805 ἀνθρὼ-

458 844 502 898 si
532 852 777 911 paterent
804 859 994 900 eorum
1041 860 1233 900 omnes
1264 852 1498 911 meatus,
1559 845 1782 915 quidam
1848 846 2033 915 utique

2159 861 2249 895 των
2278 836 2809 910 πολυπραγμοσύνην
2864 834 3152 888 ἐκκόπτων
3179 831 3282 901 (4).
3317 831 3379 882 El
3404 828 3514 898 γάρ
3549 826 3731 890 δῆλος

465 942 821 999 conarentur,
849 948 1042 989 eorum
1076 933 1224 1002 ripas
1251 934 1548 1003 prosecuti,
1578 935 1754 989 locum
1794 935 2031 1005 paradisi

459 1022 570 1096 ΕΛ.
604 1025 976 1093 perlustrare;
1030 1025 1122 1077 sed
1159 1023 1551 1078 frustrarentur
1581 1025 1800 1095 optatis,
1831 1037 1882 1079 et
1915 1027 2035 1079 lon-

2132 928 2200 1003 ἦν
2239 930 2417 983 αὐτῶν
2442 928 2586 990 ἄπας
2621 928 2650 980 ὁ
2686 926 2852 996 πόρος
2890 922 3259 994 ἐπειράθησαν
3297 918 3395 988 μὲν
3440 916 3507 970 ἄν
3540 931 3732 977 τινες,

2136 1022 2285 1094 παρά
2316 1022 2413 1084 τὰς
2435 1020 2638 1073 τούτων
2669 1017 2835 1089 ὄχθας
2864 1014 3159 1078 ὁδεύοντες,
3200 1012 3259 1065 τὸ
3318 1008 3412 1063 τοῦ
3448 1006 3736 1078 παραδεὶο

461 1113 706 1183 gitndine
740 1113 954 1169 itineris
1008 1114 1162 1177 fessi,
1225 1123 1390 1186 atque
1449 1116 1883 1171 necessariorum
1944 1132 2038 1187 pc-

2159 1130 2233 1165 rou
2267 1109 2637 1163 κατοπτεῦσαι
2663 1106 2886 1177 χωρίον.
2917 1104 3307 1174 Διημάρτανον
3321 1098 3492 1164 δετοῦ
3524 1096 3738 1149 ποθου-

462 1206 622 1259 nuria
654 1204 984 1269 laborantes,
1017 1205 1180 1259 modo
1207 1205 1259 1259 in
1295 1221 1487 1276 aspera
1530 1207 1649 1261 loca
1713 1208 2035 1270 incidentes,

2159 1202 2303 1253 tévou
2324 1199 2422 1270 (5),
2458 1199 2552 1251 καὶ
2583 1195 2661 1266 τῷ
2692 1195 2858 1265 μήκει
2882 1195 2979 1264 τῆς
3005 1191 3321 1262 ὁδοιπορίας
3356 1187 3734 1257 κοπτόμενοι,

466 1297 629 1349 modo
669 1296 722 1350 in
746 1297 981 1357 deserta.
1020 1297 1291 1352 interdum
1325 1297 1381 1352 in
1415 1313 1610 1353 manus
1648 1298 1951 1354 crudelium
1987 1308 2039 1354 et

2159 1295 2234 1347 ια).
2256 1296 2320 1364 τῇ
2364 1292 2558 1346 σπάνει
2598 1289 2706 1342 τῶν
2751 1286 3072 1355 ἀναγκαίων
3100 1282 3579 1354 διαφθειρόμενον
3614 1279 3730 1334 καὶ

467 1388 824 1442 barbarorum
854 1388 1138 1443 hominum
1170 1389 1513 1457 devenirent.
1549 1390 1676 1451 Haec
1708 1391 1875 1460 igitur
1903 1405 2040 1460 prte-

2159 1386 2243 1440 νῦν
2284 1384 2382 1454 μὲν
2430 1385 2512 1446 είς
2556 1378 2885 1449 δυσχωρίας,
2922 1375 3019 1429 νῦν
3076 1375 3135 1428 δὲ
3161 1376 3241 1437 είς
3285 1372 3520 1444 ἐρημίας
3553 1370 3738 1440 ἐμπί-

467 1479 656 1534 videns
706 1480 1022 1538 misericors
1046 1479 1210 1547 Deus,
1279 1480 1496 1552 ignotos
1555 1481 1773 1538 iilorum
1829 1495 2042 1541 meatus

2159 1491 2403 1539 πτοντες’
2437 1474 2552 1527 ἐστι
2579 1473 2636 1527 δὲ
2683 1473 2774 1525 ὅτε
2827 1469 2926 1523 καὶ
2981 1467 3215 1539 ἀπηνέσι
3273 1466 3367 1518 καὶ
3416 1462 3738 1534 βαρϐάροις

468 1571 721 1626 reddidit.

918 1902 924 1907 .
998 1855 1280 1914 INTERR.
1334 1858 1504 1915 XXX.

609 1974 721 2031 Cur
752 1991 815 2032 ex
843 1975 1007 2031 latere
1029 1977 1223 2031 Λάτιτηί
1252 1979 1519 2032 mulierem
1543 1978 1789 2047 formavit
1812 1991 1836 2029 P
1861 1979 1884 2032 ?

543 2126 768 2185 Volebat
791 2130 1018 2186 Creator
1050 2145 1262 2189 natum
1291 2135 1356 2189 ad
1390 2136 1738 2192 concordiam
1775 2137 2071 2192 adlucere

468 2222 899 2293 unumquodque
928 2239 1122 2294 genus.
1172 2224 1286 2281 Hac
1318 2227 1386 2281 de
1414 2244 1581 2283 causa
1613 2229 1882 2283 Adamnm
1914 2231 2037 2299 qni-

468 2311 591 2371 dem
619 2327 648 2367 c
678 2323 820 2367 terra
853 2313 1132 2382 formavit,
1171 2332 1238 2371 ex
1279 2318 1490 2373 Adamo
1543 2333 1672 2373 vero
1727 2319 2043 2373 mulierem:

471 2411 533 2459 ut.
574 2414 627 2458 ct
652 2405 900 2459 eamdem
928 2405 980 2459 in
1022 2407 1130 2462 illis
1163 2422 1285 2463 esse
1316 2419 1568 2463 naturam
1620 2409 2044 2474 demonstraret,

469 2503 525 2547 et
550 2495 851 2549 naturalem
883 2497 1175 2565 quamdam
1220 2499 1656 2554 benevolentiam
1693 2507 1939 2555 mutuam
1990 2503 2047 2555 in

471 2583 580 2640 illis
625 2585 905 2641 insereret.
941 2587 997 2642 Si
1045 2592 1191 2642 enim
1229 2590 1394 2645 rebus
1450 2590 1531 2646 sic
1587 2606 1647 2647 se
1697 2591 2045 2656 habentibus,

468 2676 570 2729 viri
603 2690 727 2730 cum
761 2678 1082 2734 mulieribus
1111 2681 1472 2746 contendunt,
1531 2690 1586 2737 et
1614 2682 1869 2738 mulieres
1923 2698 2047 2738 cum

471 2766 624 2834 viris,
656 2768 785 2836 quid
813 2784 918 2822 non
971 2770 1344 2836 admisissent,
1396 2772 1446 2828 si
1496 2773 1717 2828 aliunde
1764 2775 2048 2829 mulierem

472 2856 799 2913 iormasset?
832 2859 1124 2929 Sapienter
1150 2862 1315 2931 igitur
1334 2879 1429 2919 eos
1452 2863 1723 2930 distinxit,
1747 2874 1799 2919 et
1830 2880 2047 2922 rursum

471 2949 768 3017 copulavit.
800 2951 1013 3021 Nuptiae
1041 2954 1186 3007 enim
1228 2956 1283 3008 in
1315 2970 1486 3009 unum
1524 2956 1827 3011 conciliant
1884 2974 2049 3014 sexus

472 3039 759 3096 diversos:
791 3061 810 3094 ι
843 3043 1018 3099 Erunt
1084 3047 1262 3110 enim,
1314 3048 1528 3116 inquit,
1579 3049 1686 3116 duo
1736 3051 1787 3104 in
1829 3065 2047 3105 carnem

2142 1566 2451 1640 ἀνθρώποις
2468 1565 2544 1634 (6)
2606 1561 3061 1633 περιπίπτοντες.
3118 1559 3231 1613 Καὶ
3282 1556 3487 1610 τούτων
3538 1554 3740 1607 τοίνυν

2145 1658 2601 1731 προμηθούμενος
2626 1657 2654 1708 ὁ
2683 1652 3077 1725 φιλοικτίρμων
3096 1648 3250 1715 Θεὸς,
3283 1647 3512 1718 ἀδήλους
3537 1644 3740 1700 αὐτῶν

2146 1754 2270 1816 τοὺς
2302 1750 2498 1823 πόρους
2527 1747 2835 1818 ἀπέφηνεν,

2761 1857 2959 1912 ΕΡΩΤ.
3008 1857 3089 1911 Δ¹.

2150 1978 2212 2032 Τί
2244 1975 2319 2043 δή
2371 1989 2516 2028 ποτε
2587 1972 2706 2028 ἀπὸ
2746 1969 2854 2043 τῆς
2893 1967 3168 2043 ετᾷευρᾶς
3203 1965 3313 2021 τοῦ
3376 1962 3560 2031 Ἀδὰμ
3608 1959 3737 2028 τὴν

2604 2041 2863 2112 γυναῖκα
2881 2039 3215 2093 διέπλασεν
3231 2053 3249 2101 ;

2218 2140 2310 2202 Εἰς
2334 2137 2592 2209 ὁμόνοιαν
2627 2133 2903 2204 ἠϐουλήθη
2943 2132 3013 2186 τὰ
3041 2130 3177 2200 γένη
3208 2126 3543 2196 συναγαγεῖν
3568 2123 3600 2177 ὁ
3620 2121 3737 2191 τῆς

2149 2230 2377 2298 φύσεως·
2406 2228 2664 2299 Ποιητής.
2708 2224 2914 2279 Τούτου
2948 2223 3109 2295 χάριν
3154 2219 3247 2274 τὸν
3281 2217 3381 2288 μὲν
3422 2214 3596 2284 Ἀδὰμ
3618 2212 3742 2266 ἀπδ

2146 2320 2247 2389 τῆς
2274 2319 2378 2389 γῆς
2401 2313 2721 2379 διέπλασεν,
2758 2316 2823 2369 ἐκ
2870 2313 2929 2366 δὲ
2970 2311 3066 2365 τοῦ
3124 2310 3296 2380 Ἀδὰμ
3321 2309 3421 2378 τὴν
3446 2306 3693 2375 γυναῖκα
3713 2317 3738 2334 ⁸

2148 2411 2237 2464 ἵνα
2266 2410 2361 2463 καὶ
2393 2409 2454 2461 τὸ
2481 2407 2681 2462 ταυτὸν
2726 2403 2970 2475 ἐπιδείξῃ
3010 2402 3110 2473 τῆς
3140 2400 3357 2471 φύσεως
3380 2414 3396 2431 ο
3437 2397 3530 2451 καὶ
3566 2412 3740 2466 φυσιε

2146 2504 2251 2573 κήν
2278 2516 2401 2555 τινα
2421 2496 2807 2569 φιλοστοργίαν
2829 2497 3011 2559 αὐτοῖς
3036 2496 3162 2565 περ).
3187 2492 3454 2562 ἀλλήλους
3478 2490 3736 2563 ἐμφύσῃ.

2151 2593 2213 2646 Ei
2254 2592 2363 2661 γὰρ
2394 2590 2492 2644 καὶ
2519 2588 2726 2643 τούτων
2750 2586 2898 2641 οὕτω
2929 2584 3337 2655 γεγενημένων,
3381 2581 3477 2636 καὶ
3534 2580 3741 2650 ἄνδρες

2149 2680 2367 2749 γυναιξὶ
2396 2679 2780 2752 διαμάχονται,
2817 2679 2913 2731 καὶ
2937 2679 3197 2746 γυναῖκες
3230 2673 3512 2745 ἀνδράσιν,
3557 2672 3610 2725 τί
3629 2673 3742 2726 οὐκ

2152 2774 2220 2828 ἂν
2257 2772 2512 2843 ἔδρασαν,
2577 2773 2627 2826 εί
2676 2770 2943 2841 ἑτέρωθεν
2999 2770 3162 2823 ποθεν
3224 2767 3325 2837 τὴν
3374 2767 3608 2835 γυναῖκα
3652 2763 3743 2818 δι-

2152 2867 2390 2933 έπλασε;
2418 2866 2607 2936 Σοφῶς
2635 2861 2729 2919 οὖν
2756 2865 2864 2936 ἄρα
2896 2863 2989 2917 καὶ
3009 2862 3189 2927 διεῖλε,
3215 2860 3309 2914 καὶ
3340 2859 3504 2913 πάλιν
3526 2858 3741 2927 συνήρ-

2155 2977 2338 3031 μοσεν.
2395 2960 2455 3013 '0
2507 2958 2615 3028 γὰρ
2662 2958 2841 3027 γάμος
2899 2958 2979 3020 εἰς
3039 2954 3099 3008 ἓν
3161 2954 3384 3020 συνάγει
3424 2950 3494 3005 τὰ
3555 2950 3741 3020 γένη·

2159 3070 2177 3104 ι
2211 3053 2464 3105 Ἔσονται
2499 3051 2628 3120 γὰρ,
2656 3051 2840 3120 φησὶν,
2866 3050 2914 3102 οἱ
2946 3046 3038 3100 δύο
3070 3049 3148 3109 εἰς
3173 3045 3351 3117 σάρκα
3385 3043 3533 3113 μίαν.
3568 3062 3585 3094 ι
3623 3041 3747 3097 Καὶ

477 3147 640 3187 unam
666 3142 714 3187 tl.
758 3152 776 3185 ι
811 3134 988 3206 Atque
1037 3137 1143 3193 ltoc
1164 3154 1351 3193 verum
1384 3156 1507 3195 esse
1545 3142 1847 3196 testaturid
1907 3143 2050 3212 quod

2159 3146 2236 3198 ὅτι
2269 3143 2425 3196 τοῦτο
2455 3142 2673 3214 ἀληθὲς,
2693 3142 2962 3212 μαρτυρεί
2986 3140 3061 3206 (7)
3084 3138 3143 3191 τὸ
3163 3136 3477 3206 γενόμενον.
3496 3133 3595 3188 Διά
3624 3133 3747 3203 γὰρ

477 3222 605 3276 inde
639 3223 902 3278 nascitur.
945 3225 1224 3296 Siquidem
1261 3244 1356 3298 per
1407 3232 1878 3286 conversationem
1949 3249 2054 3286 nn-

476 3315 697 3387 ptialem
728 3317 942 3374 fructus
972 3334 1116 3375 unus
1144 3336 1211 3375 ex
1255 3322 1523 3378 ambobus
1575 3323 1771 3386 oritur,
1811 3328 1830 3345 θ
1857 3324 1926 3379 ab
1955 3324 2057 3378 hoc

477 3408 697 3478 quidem
718 3410 1055 3476 seminatus,
1087 3412 1154 3466 ab
1181 3412 1269 3466 illa
1314 3428 1442 3467 vero
1465 3414 1763 3480 enutritus,
1796 3428 2057 3470 consum-

478 3508 663 3555 matus
692 3511 881 3557 ‘autcm
920 3504 989 3558 ab
1021 3503 1226 3574 Opiﬁce
1256 3515 1486 3560 naturze.
1876 3516 1882 3523 ‘

1039 3633 1316 3692 INTERR.
1350 3637 1543 3695 XXXI.

481 3745 544 3800 Si
564 3746 795 3815 prudens
831 3757 947 3802 erat
974 3764 1208 3823 serpens,
1250 3751 1312 3805 ob
1345 3752 1401 3806 id
1433 3752 1736 3810 laudandus
1762 3765 1877 3811 erat
1907 3772 2059 3823 ,cum

870 3820 1154 3888 prudentia
1180 3824 1250 3875 sit
1271 3837 1397 3890 pars
1423 3825 1660 3879 virtutis.

548 3928 715 3986 Multa
746 3932 968 3988 nomina
1006 3934 1264 3991 dicuntur
1289 3937 1603 4007 mqnivoce;
1635 3954 1759 3993 nam
1813 3950 1867 3995 et
1916 3940 2058 3995 idola

481 4024 724 4093 gentium
770 4023 904 4081 deos
937 4037 1293 4084 vocaverunt.
1345 4028 1460 4085 Hoc
1487 4045 1617 4085 vero
1646 4030 1820 4105 magis
1847 4032 2062 4100 proprie

482 4115 685 4169 dictum
720 4126 803 4172 est
840 4116 909 4172 de
935 4119 1207 4185 daemone,
1242 4121 1337 4191 qui
1367 4137 1465 4191 per
1496 4123 1648 4176 illum
1711 4123 2059 4192 operabatur.

483 4206 679 4261 Stolidi
708 4217 889 4264 autem
920 4211 1169 4280 imperite
1201 4203 1296 4268 eos
1327 4212 1436 4285 55
1494 4216 1658 4269 etiam
1714 4214 1809 4284 qui
1864 4215 2061 4270 fabulis

483 4300 834 4365 studuerunt,
871 4303 1143 4372 sapientes
1177 4305 1540 4375 appellarunt.
1575 4303 1669 4358 Sic
1700 4314 1750 4358 et
1779 4302 2061 4373 Scriptura

481 4393 665 4447 divina
718 4394 893 4449 dicit:
937 4414 956 4447 ι
998 4394 1173 4451 Stulta
1209 4397 1372 4467 hujus
1434 4396 1623 4450 mundi
1678 4396 1842 4466 elegit
1895 4394 2060 4462 Deus,

484 4486 872 4543 utconl‘undat
900 4488 1173 4552 sapientes
1206 4498 1254 4545 τ.
1297 4507 1315 4539 ι
1363 4487 1426 4540 Et
1452 4498 1682 4542 rursum
1712 4505 1724 4540 :
1760 4505 1779 4537 ι
1822 4484 1922 4541 Ubi
1971 4500 2061 4540 sa-

2157 3237 2256 3305 τῆς
2288 3235 2532 3305 γαμικῆς
2562 3233 2778 3304 ὁμιλίας
2807 3226 2888 3295 εἷς
2919 3232 2976 3296 ἐξ
3012 3232 3215 3301 ἀμφοῖν
3257 3228 3543 3299 βλαστάνει
3593 3242 3745 3295 καρ-

2159 3328 2259 3390 πὸς
2282 3369 2295 3392 ,
2329 3328 2393 3378 ἐκ
2454 3327 2551 3396 μὲν
2583 3325 2773 3378 τούτου
2801 3325 3177 3395 σπειρόμενος,
3214 3322 3353 3375 ἐκδὲ
3378 3320 3580 3390 ταύτης
3610 3318 3748 3389 τρέ-

2160 3418 2413 3489 φόμενος,
2447 3417 2997 3487 τελεσιουργούμενος
3021 3417 3080 3470 δὲ
3121 3413 3226 3469 ὑπὸ
3249 3414 3344 3469 τοῦ
3372 3415 3471 3484 τῆς
3519 3410 3750 3480 φύσεως

2160 3509 2524 3583 Δημιουργοῦ.

2769 3647 2968 3702 ΕΡΩΤ.
2999 3644 3123 3700 AA'.

2164 3764 2233 3817 El
2264 3762 2553 3831 φρόνιμος
2577 3765 2610 3816 ό
2630 3761 2782 3830 ὄφις.
2802 3765 2898 3815 καὶ
2927 3761 3375 3831 ἐπαινούμενος
3390 3760 3604 3829 μόριον
3630 3757 3752 3829 γὰρ

2635 3835 2672 3900 ὴ
2705 3832 3001 3901 φρόνησις
3029 3829 3265 3898 ἀρετῆς·

2236 3944 2414 3998 Πολλά
2437 3944 2547 3998 τῶν
2573 3945 2858 4014 ὀνομάτων
2889 3943 3198 4013 ὁμωνύμως
3234 3942 3571 4014 προφέρεται
3596 3956 3611 3969 ·
3646 3941 3753 3995 καὶ

2164 4037 2272 4107 γὰρ
2306 4037 2377 4091 τὰ
2400 4036 2596 4091 εἴδωλα
2638 4036 2748 4107 τῶν
2782 4036 2955 4089 ἐθνῶν
2996 4035 3155 4098 θεοὺς
3193 4034 3535 4105 ὠνομάκασι.
3569 4032 3756 4087 Τοῦτο

2163 4125 2219 4178 δέ
2249 4142 2311 4194 γε
2332 4126 2726 4198 ἀκριϐέστερον
2766 4127 2893 4196 περὶ
2921 4125 3015 4179 τοῦ
3042 4127 3099 4178 ὲν
3124 4126 3320 4196 ἐκείνῳ
3346 4126 3757 4196 ὲνεργήσαντος

2169 4214 2386 4286 εἴρηται
2420 4215 2694 4286 δαίμονος.
2746 4216 2999 4286 ’Δμαθῶς
3030 4214 3087 4268 δὲ
3124 4216 3175 4268 oi
3223 4215 3442 4285 ἀνόητοι
3486 4214 3583 4267 καὶ
3620 4215 3755 4277 τοὺς

2166 4308 2296 4378 περὶ
2347 4308 2475 4377 τοὺς
2532 4306 2734 4378 μύθους
2786 4307 3175 4378 ἐσχολακότας,
3219 4307 3419 4375 σοφοὺς
3472 4304 3756 4376 προσηγό-

2166 4415 2384 4469 ρευσαν.
2415 4397 2572 4452 Οὖτω
2588 4400 2680 4452 καὶ
2709 4399 2743 4469 ή
2779 4397 2899 4452 θεία
2944 4396 3135 4468 Γραφὴ
3172 4396 3343 4464 λέγει,
3380 4415 3400 4448 ι
3434 4395 3755 4462 Ἐξελέξατο

2164 4487 2342 4550 ὁθεὸς
2367 4488 2435 4541 τὰ
2490 4487 2771 4559 μωράτοῦ
2821 4489 3052 4558 κόσμου,
3100 4487 3189 4542 ἵνα
3238 4486 3582 4556 καταισχύνῃ
3622 4487 3756 4549 τοὺς

484 4578 641 4649 piens
682 4578 750 4631 *‘i
794 4598 813 4631 ι
849 4589 904 4635 et
964 4595 1061 4650 per
1124 4582 1481 4650 praplietam:
1530 4599 1548 4631 ι
1589 4578 1877 4648 Sapientes
1927 4588 2052 4633 sunt

2161 4579 2379 4647 σοφούς.
2441 4598 2463 4633 ι
2503 4581 2616 4634 Καὶ
2645 4581 2844 4634 πάλιν·
2885 4600 2904 4632 ι
2942 4580 3052 4634 Ποῦ
3091 4579 3289 4648 σοφόςς
3325 4599 3345 4631 ι
3376 4579 3471 4632 καὶ
3518 4579 3608 4631 διὰ
3649 4577 3752 4632 τοῦ

482 4672 550 4726 ad
603 4673 744 4727 male
769 4673 1038 4743 agendum
1085 4679 1127 4729 τ.
1168 4691 1186 4723 ›
1218 4673 1285 4726 Ει
1319 4672 1409 4726 hic
1437 4686 1569 4726 sane
1593 4679 1901 4740 serpentem
1927 4687 2056 4741 prn-

484 4764 702 4819 dentem
734 4765 1059 4828 nominavit,
1098 4773 1161 4819 ut
1201 4762 1461 4819 callidum
1499 4772 1554 4817 et
1606 4770 1903 4819 versutum.
1965 4763 2057 4818 Sic

398 4890 399 4895 η
486 4854 637 4907 enim
662 4864 717 4909 ct
742 4855 937 4923 Aquila
961 4854 1352 4922 interpretatus
1385 4863 1505 4907 est:
1538 4872 1558 4904 ι
1592 4851 1656 4908 Ει
1683 4868 1909 4923 serpens
1938 4864 2059 4909 erat

487 4956 742 5002 versutus
773 4960 884 5014 prae
910 4946 1168 5001 omnibus
1199 4944 1531 5001 animalibus
1554 4947 1693 5016 agri,
1722 4962 1845 5017 qua:
1870 4963 1901 4999 a
1953 4946 2059 5002 Do-

488 5035 637 5091 mino
667 5035 776 5091 Deo
799 5045 984 5090 creata
1008 5042 1158 5088 sunt.
1191 5051 1210 5083 ι

560 5249 590 5315 P
649 5244 786 5299 Gen.
842 5256 903 5305 tt,
958 5241 1059 5315 Δ21.
1129 5239 1337 5315 s_ibiil.
1379 5255 1440 5303 ιι.
1515 5240 1625 5315 2};
1658 5243 1845 5301 Matth.
1882 5262 1994 5313 nx,
2027 5246 2098 5315 5;
2139 5246 2304 5303 Marc.
2349 5247 2459 5314 x,8
2485 5263 2499 5278 ο
2533 5246 2553 5300 l
2587 5246 2715 5302 Cor.
2744 5262 2817 5308 vr,
2865 5245 2974 5313 {6;
3012 5244 3209 5315 Ephes-
3253 5256 3307 5307 ν.
3347 5238 3435 5295 3i-

499 5314 648 5384 t,27.
725 5323 747 5352 ³
783 5316 916 5373 ibid.
951 5312 1040 5367 20.
1126 5313 1141 5348 ί
1172 5309 1373 5364 Jeretn.
1419 5329 1491 5375 tv,
1523 5312 1614 5366 ‘22.

2165 4673 2470 4741 προφήτου·
2509 4691 2528 4722 ι
2562 4672 2724 4740 Σοφοί
2762 4671 2998 4725 εἰσιτοῦ
3035 4670 3423 4741 κακοποιῆσαι.
3464 4688 3482 4720 ι
3508 4670 3552 4721 Τ
3555 4670 3754 4739 οιγάρ-

2159 4779 2242 4815 τοι
2296 4763 2577 4817 κΞινῖαῦθα
2626 4766 2889 4835 φρὸνιμον
2968 4767 3056 4816 τὶν
3110 4763 3235 4832 ὅφιν
3286 4763 3620 4831 ὠνόμασεν,
3674 4762 3759 4826 ὡς

2169 4853 2498 4925 πανοῦργον.
2525 4855 2683 4909 Οὕτω
2724 4855 2834 4926 γὰρ
2882 4855 2978 4908 καὶ
3019 4855 3047 4907 ὁ
3095 4854 3328 4916 Ἀκύλας
3358 4853 3715 4925 ἡρμήνευσεν
3740 4868 3754 4883 ’

2164 4964 2193 4997 -‹
2234 4948 2342 4999 Καὶ
2364 4948 2392 4998 ὁ
2419 4946 2543 5014 ὄφις
2562 4943 2630 5018 ἦν
2655 4947 2968 5017 πανοῦργος
2987 4946 3100 5001 ἀπὸ
3129 4946 3331 5010 παντὸς
3355 4942 3495 5009 ζώου
3516 4942 3620 5014 τῆς
3643 4942 3758 5015 χὼ-

2171 5055 2291 5109 ρας,
2310 5034 2371 5093 οὗ
2407 5042 2664 5114 ἐποίησεν
2690 5039 2892 5111 Κύριος
2923 5040 2952 5090 ὁ
2976 5038 3128 5101 Θεὸς.
3173 5056 3192 5088 ι

3518 5246 3541 5273 ³
3563 5238 3580 5294 l
3616 5235 3755 5296 Cor.

2001 5514 2233 5573 NOTE.

569 5698 650 5769 (4)
679 5696 1044 5769 Ἐκκόπτῳν.
1081 5693 1232 5769 cod.
1253 5696 1559 5769 ὲγκόπτων.

572 5698 627 5769 (4
679 5698 1044 5753 Ἐκκόπτων.
1081 5698 1216 5752 Cod.
1253 5698 1559 5765 ὲγκόπτων.

572 5698 652 5841 (ὃ)
685 5767 1082 5838 ιιοθουμένου.
1124 5767 1258 5822 Cod.
1301 5766 1643 5836 πειθομένου.

2252 5689 2329 5757 (θ)
2363 5685 2768 5757 Ἀνθρώποεςη
2794 5683 2970 5740 Deest.

2253 5752 2331 5828 (7)
2373 5752 2630 5823 Μάρτυς.
2660 5752 2793 5810 Cod.
2833 5753 3120 5825 μαρτυρεῖ.
