3920 6316
237 167 333 231 133

1325 166 1610 239 QU/EST.
1643 168 1722 227 IN
1763 167 2029 227 GENES.
2075 168 2231 226 CAP.
2265 168 2378 226 Ill.

3387 160 3504 228 134

232 295 389 330 τινων
415 274 741 346 διαγορεύῃ,
771 275 870 344 τὴν
899 275 1018 343 ἴσην
1050 275 1162 345 ἔχει
1187 275 1418 346 δύναμιν
1448 277 1528 347 τῷ
1551 277 1619 330 τὰ
1652 277 1795 346 μέγι-

1914 284 2018 335 est.
2066 290 2282 328 clunem
2329 276 2524 343 legem,
2577 275 2703 330 licet
2745 274 2812 331 de
2870 276 3112 332 minimis
3167 277 3492 349 quibusdam

231 386 329 422 στα
352 367 635 420 κελεύοντι
667 370 862 430 ποιεῖν,
888 367 922 436 ἢ
951 368 1353 437 ἀπαγορεύοντι
1384 369 1536 438 δρᾷν·
1579 371 1672 422 καὶ
1695 370 1810 423 δια-

229 460 504 526 φερόντως
529 459 644 528 (15)
671 459 780 520 πᾶς
805 457 944 520 θείο.⁹
976 458 1159 526 νόμος.
1193 459 1404 512 Αὐτίκα
1434 459 1567 526 γοῦν
1594 462 1622 513 ό
1657 477 1810 528 περι-

229 549 525 618 τέμνεσθαι
565 548 826 611 κελεύων,
893 549 1151 618 οὐδεμίαν
1208 550 1681 620 παραϐαινόμενος
1731 553 1808 621 τῷ

228 640 396 693 πέλας
447 639 745 709 ἐργάζεται
793 640 1015 709 βλάϐην.
1077 641 1216 695 Ἀλλ’
1248 643 1398 711 ὅμως
1448 643 1478 695 ό
1511 643 1807 712 νομοθέτης

228 731 410 797 φησιν,
429 729 510 780 ὅτι
547 747 568 780 ι
601 729 716 792 Πᾶς
740 730 1114 800 ἀπερίτμητος
1143 731 1338 802 ἄρσην,
1363 732 1421 794 δέ
1446 733 1508 785 ού
1536 750 1804 803 περιτμη-

227 819 453 889 θήσεται
475 823 542 888 τῇ
567 820 755 890 ἡμέρᾳ
778 823 843 889 τῇ
867 821 1053 891 ὀγδόῃ.
1084 821 1595 892 έξολοθρευθήσεται
1641 845 1658 873 ι
1698 826 1806 877 Καὶ

224 909 287 978 ἢν
315 909 489 978 ὥρισε
517 913 630 972 τοῖς
649 911 999 982 ἀνδροφόνοις
1026 913 1120 965 καὶ
1143 915 1252 974 τοῖς
1281 918 1489 983 μοιχοῖς
1511 915 1800 985 τιμωρίαν,

221 1001 427 1071 ταύτην
458 1003 556 1054 καὶ
585 1001 761 1071 τούτῳ
796 1004 1126 1073 ἐκλήρωσεν.
1175 1004 1390 1075 Ἐπειδὴ
1418 1005 1474 1058 δὲ
1506 1008 1650 1070 εἰκὸς
1681 1009 1803 1062 τοὺς

220 1093 577 1163 δυσωνύμους
626 1094 956 1163 αἰρετικοὺς,
993 1096 1253 1165 ἄντικρυς
1295 1099 1360 1166 τῇ
1407 1098 1614 1168 παλαιᾷ
1646 1100 1802 1152 πολε-

222 1181 462 1251 μοῦντας
502 1183 722 1253 Γραφῇ.
765 1184 858 1235 καὶ
892 1183 1042 1235 τοῦδε
1071 1185 1444 1254 κατηγορῆσαι
1479 1185 1574 1238 τοῦ
1602 1187 1764 1256 νόμου
1785 1203 1798 1216 ⁸

219 1276 282 1326 ἐκ
304 1274 406 1343 τῆς
437 1273 803 1344 εύαγγελικῆς
834 1273 1156 1342 νομοθεσίας
1186 1277 1284 1338 τὰς
1313 1276 1616 1342 ἀποδείξεις
1648 1280 1802 1348 ποιή-

221 1382 412 1434 σομαι.
452 1364 799 1436 Εύρίσκομεν
839 1365 946 1434 γὰρ
977 1367 1034 1417 ἐν
1064 1366 1293 1430 ἐκείνοις
1321 1369 1434 1430 τοῖς
1465 1369 1670 1439 νόμοις,
1710 1370 1799 1423 τὸν

220 1454 436 1523 λάγνως
478 1456 692 1526 ὁρῶντα
737 1456 960 1524 γύναιον
1002 1457 1257 1527 μοιχείας
1307 1459 1659 1529 κρινόμενον·
1703 1463 1798 1513 καὶ

218 1547 311 1598 τὸν
336 1547 464 1617 εἰκῆ
502 1548 876 1618 ὀργιζόμενον,
910 1548 1091 1619 ἔνοχον
1121 1549 1250 1604 ὄντα
1278 1554 1345 1623 τῇ
1376 1552 1586 1622 κρίσει·
1623 1553 1713 1606 τὸν
1743 1554 1797 1605 δὲ

1912 375 2117 420 statuat
2141 366 2269 435 quid
2300 365 2569 435 agendum
2607 367 2700 430 sit,
2734 383 2915 436 parem
2967 369 3167 424 habere
3197 369 3307 424 vim
3365 387 3490 428 cum

1910 473 1971 506 ea
2006 471 2124 523 qua:
2161 455 2394 508 maxima
2429 456 2669 525 praecipit
2720 467 2812 511 aut
2851 457 3132 527 prohibet:
3183 459 3274 513 sed
3306 462 3494 529 ρι’ωοὶ-

1910 558 2014 609 pue
2040 546 2206 612 legem
2241 560 2460 598 omnem
2499 543 2760 599 divinam.
2787 544 2948 600 Verbi
2979 547 3168 616 gratia,
3191 547 3285 616 qui
3313 558 3492 605 trans-

1907 634 2149 701 greditur
2203 635 2371 704 legem
2407 651 2528 704 quae
2575 638 3046 692 circumcisionem
3086 639 3259 709 jubet,
3304 643 3491 710 proxi-

1908 740 1997 776 tuo
2028 727 2236 779 nullum
2277 727 2536 780 damnum
2577 728 2756 782 infert.
2798 728 3166 785 Nihilominus
3220 732 3492 802 legislatnr

1906 819 1984 871 ait
2011 836 2022 848 ·
2064 837 2082 869 ι
2125 816 2314 873 Omnis
2377 820 2648 874 masculus
2697 821 3139 888 ἱηρίγριιιιιοίευε,
3172 833 3226 878 ct
3259 824 3351 893 qui
3384 840 3489 877 non

1908 909 2069 962 fuerit.
2115 908 2471 962 circumcisus
2514 919 2705 963 nctavo
2748 911 2853 970 die,
2899 912 3304 969 interimetur'.
3345 935 3362 965 ι
3428 916 3490 967 Ι·ζι

1903 1000 2117 1069 qualem
2147 999 2434 1054 homicidis
2459 1009 2510 1053 et
2532 999 2793 1053 adulteris
2825 1016 3038 1069 ptenam
3071 1005 3285 1071 statuit,
3327 1007 3487 1059 talem

1905 1091 2031 1145 huic
2082 1090 2290 1144 indicit.
2344 1091 2412 1143 At
2467 1093 2723 1158 quoniam
2771 1093 3068 1147 verisimile
3096 1103 3204 1156 est,
3258 1096 3488 1151 infames

1904 1182 2206 1244 luereticos,
2281 1183 2455 1248 palam
2512 1180 2804 1250 Scriptura:
2863 1185 3060 1238 veteris
3119 1187 3486 1253 adversarios,

1905 1273 2042 1326 hanc
2074 1273 2244 1341 legem
2272 1272 2682 1342 Suggillaturos,
2707 1291 2768 1327 ex
2809 1277 3116 1345 evangelica
3150 1277 3487 1346 legislatiune

1899 1376 2018 1414 eam
2071 1360 2478 1416 demonstrabo.
2524 1363 2848 1432 Reperimus
2900 1367 3047 1420 enim
3104 1367 3155 1420 in
3196 1369 3304 1422 illis
3359 1371 3488 1438 ligi-

1900 1451 2001 1505 bus
2019 1463 2067 1516 α,
2118 1466 2241 1505 eum
2273 1452 2364 1520 qui
2409 1453 2607 1506 lascive
2653 1455 2932 1509 mulierem
2985 1459 3279 1526 aspexerit,
3312 1457 3488 1512 forni-

1899 1541 2130 1595 cationis
2161 1557 2310 1594 reum
2342 1558 2464 1596 esse
2517 1562 2530 1595 :
2577 1553 2630 1597 et
2662 1545 2753 1612 qui
2795 1555 2992 1599 temere
3024 1548 3299 1615 irascitur,
3334 1565 3484 1604 reum

223 1637 370 1705 ῥακά
426 1612 796 1708 τὸν-ἀδελφὺν
829 1612 1188 1710 ὁνομάξοντα,
1230 1612 1453 1712 γράφης
1485 1643 1648 1696 πάλιν
1697 1645 1795 1697 ύπ-

1899 1646 2018 1686 Csse
2063 1631 2304 1700 judicio:
2343 1633 2435 1701 qui
2487 1648 2614 1687 vero
2664 1634 2880 1688 fratrem
2922 1638 3292 1706 appellaverit,
3333 1656 3483 1694 raca.

220 1729 478 1783 εὐθύνον-
515 1731 607 1784 τὸν
653 1733 710 1784 δὲ
753 1732 937 1802 μωρὸν
979 1732 1386 1796 ἀποκαλοῦντα,
1429 1738 1528 1804 τῆς
1574 1734 1798 1804 γεέννης

219 1817 405 1880 ἄξιον*
443 1819 658 1872 καὶτὸν
698 1819 960 1889 ὀμνύντα,
993 1821 1096 1874 κᾶν
1138 1822 1418 1892 ἀληθεύων
1459 1824 1654 1895 ὀμνύῃ.
1699 1824 1798 1893 τῆς

217 1909 535 1982 διαϐολικῑμς
559 1913 686 1964 ὄντα
716 1912 1048 1985 συμμορίας.
1080 1915 1144 1967 Τί
1168 1915 1230 1983 δή
1263 1932 1391 1968 ποτε
1415 1918 1590 1970 τοίνυν
1612 1916 1798 1969 τοῦτον

219 1999 322 2066 μὲν
347 2000 554 2068 ἀγαθὸν
578 1993 954 2071 ὀιομάζουσιν,
991 2008 1172 2076 ἀπηνῆ
1206 2006 1261 2057 δὲ
1298 2005 1388 2058 τὸν
1421 2007 1519 2077 τῆς
1565 2008 1798 2072 παλαιᾶς

217 2091 551 2162 νομοθέτηνς
577 2093 751 2146 ταῦτα
783 2094 886 2163 γάρ
917 2095 1143 2148 ἐκείνων
1167 2097 1307 2150 κατά
1330 2098 1419 2150 τὸν
1447 2099 1650 2152 τούτων
1673 2102 1796 2172 ὅρον

215 2181 402 2251 ὡμότε
414 2199 502 2251 ρα.
547 2185 706 2237 Ἀλλά
729 2185 825 2254 τῆς
851 2187 1075 2238 ἐκείνων
1101 2187 1275 2240 ταῦτα
1310 2187 1654 2260 βλασφημίας
1682 2193 1798 2244 τολ-

219 2273 350 2340 μᾷν.
377 2272 571 2340 Ἡμεῖς
587 2274 644 2326 δὲ
665 2275 948 2338 κάκείνους
971 2278 1062 2330 καὶ
1082 2277 1300 2342 τούτους
1321 2281 1445 2342 τοὺς
1469 2280 1664 2348 νόμους
1681 2281 1753 2332 ὲνῖ
1770 2298 1798 2341 ς

217 2361 380 2428 ίσμεν
412 2361 583 2414 Θεοῦ·
615 2363 677 2414 τὸ
721 2364 778 2416 δὲ
815 2364 1070 2435 διάφορον
1113 2368 1146 2436 ἡ
1182 2366 1288 2418 τῶν
1322 2368 1796 2438 νομοθετουμένων

218 2449 444 2518 ποιότης
476 2452 793 2520 εἰργάσατο.
826 2451 928 2507 Οἷα
959 2455 1067 2524 γάρ
1105 2457 1268 2524 σοφὸς
1290 2456 1646 2522 διδάσκαλος,
1686 2462 1796 2522 τοῖς

220 2537 320 2606 μὲν
380 2539 600 2592 ἀτελέσι
648 2540 720 2592 τὰ
770 2541 958 2612 ἀτελῆ,
996 2545 1108 2606 τοῖς
1159 2543 1216 2597 δὲ
1259 2543 1486 2607 τελείοις
1515 2547 1585 2599 τά
1617 2547 1798 2600 τέλεια

218 2629 586 2698 προσενήνοχε
645 2628 787 2697 Πρὸς
815 2629 870 2682 δὲ
908 2629 1118 2693 τούτοις
1148 2632 1449 2701 σκοπητέον
1494 2635 1588 2686 καὶ¹
1617 2632 1794 2695 τοῦτο,

214 2719 291 2780 ὡς
316 2721 432 2780 τοῖς
461 2719 702 2790 πρώτοις
737 2721 847 2789 (16)
878 2720 1274 2792 παραϐαίνουσι
1303 2724 1428 2785 τοὺς
1459 2725 1653 2793 νόμους
1679 2727 1798 2776 ἐπι-

215 2811 474 2879 φέρονται
507 2810 634 2879 δίχα
667 2811 996 2880 συγγνώμης
1022 2811 1284 2882 τιμωρίαι
1308 2826 1321 2840 ⁸
1357 2812 1497 2865 ὥστε
1537 2815 1664 2876 τοὺς
1699 2815 1796 2868 ἀλ·

213 2900 339 2962 λους
364 2901 617 2970 ὁρῶντας
648 2903 747 2973 τὴν
783 2903 1026 2964 κόλασιν,
1062 2901 1136 2972 μὴ
1163 2903 1371 2974 τολμᾷν
1409 2904 1508 2976 τὴν
1542 2906 1796 2976 παράϐα-
1824 2953 1864 2976 ι,

214 3007 324 3046 σιν.
377 2992 556 3043 Τοῦτο
588 2992 684 3044 καὶ
736 2994 829 3044 ἐπὶ
871 2995 970 3062 τῆς
1014 2992 1109 3046 τοῦ
1149 2994 1432 3048 Σαϐϐάτου
1475 2995 1794 3064 νομοθεσίας
1825 2992 1866 3009 ’⁸

210 3085 461 3153 ἐγένετοο
491 3084 587 3138 τὸν
619 3085 729 3154 γὰρ
762 3087 820 3138 ὲν
859 3085 1124 3155 Σαϐϐάτῳ
1154 3085 1224 3138 τά
1254 3085 1386 3150 ξύλα
1422 3087 1670 3153 συλλέξαι
1703 3106 1794 3140 τε-

211 3176 556 3246 τολμηκότα,
587 3177 680 3228 καὶ
711 3176 924 3246 πρῶτον
956 3177 1046 3229 τὸν
1082 3177 1212 3248 περὶ
1238 3177 1431 3230 τούτου
1475 3179 1795 3250 παραϐεϐη-

212 3266 346 3319 κότα
388 3265 584 3333 νόμον,
614 3265 758 3329 ἄπας
784 3267 1112 3320 κατέλευσεν
1141 3268 1170 3320 ὁ
1203 3267 1330 3328 λαός
1350 3282 1367 3299 ⁸
1397 3268 1492 3320 τοῦ
1521 3268 1655 3322 Θεοῦ
1680 3271 1796 3323 τοῦ·

209 3373 273 3412 το
303 3357 767 3427 προστεταχότος,
810 3357 898 3410 ἵνα
925 3358 1217 3428 αὐτουργοὶ
1258 3359 1361 3429 τῆς
1388 3360 1658 3430 τιμωρίας
1703 3378 1796 3428 γε-

213 3449 456 3518 νόμενοι,
499 3447 768 3520 φρίττωσι
810 3449 910 3519 τὴν
951 3452 1320 3522 παρανομίαν,
1367 3453 1443 3513 ὼς
1480 3454 1580 3524 τὴν
1619 3471 1794 3524 τιμω-

215 3539 335 3609 ρίαν
363 3539 711 3605 ἐπάγουσαν.
737 3537 927 3608 Χρόνῳ
955 3539 1010 3592 δὲ
1037 3539 1283 3610 ὕστερον,
1318 3541 1528 3595 πολλῶν
1554 3543 1644 3596 τὸν
1669 3543 1793 3612 περὶ

211 3628 300 3684 τοῦ
331 3630 628 3684 Σαϐϐάτου
659 3631 1128 3702 παραϐεϐηκότων
1159 3633 1339 3704 νόμον.
1369 3633 1738 3704 μακροθύμως
1765 3636 1793 3686 ὁ

210 3722 518 3790 νομοθέτης
569 3723 769 3790 ἤνεγκε
822 3723 920 3792 τὴν
961 3723 1296 3792 παράϐασιν.
1327 3725 1482 3777 Οὕτω
1525 3727 1616 3778 τὸν
1651 3726 1792 3779 Κάῖν

210 3810 430 3881 πρῶτον
466 3812 842 3878 πεφονευκότα
871 3813 990 3875 ταῖς
1016 3815 1336 3883 ἀνηκέστοις
1364 3815 1601 3869 ὑπέϐαλε
1626 3834 1792 3885 τιμω-

209 3902 386 3970 ρίαιςο
433 3903 526 3954 ἵνα
561 3904 687 3965 τοὺς
724 3903 809 3954 ἐπ’
838 3902 1070 3970 ἐκείνου,
1101 3906 1195 3957 καὶ
1230 3907 1348 3975 μετ’
1388 3907 1595 3961 ἐκεῖνον
1627 3925 1788 3976 γεγε-

205 3993 508 4064 νημένους.
565 3989 838 4062 δεδίξηται
894 3993 963 4045 τά
1017 3995 1376 4064 παραπλήσια
1430 3995 1505 4067 μὴ
1561 3997 1788 4068 τολμᾷν.

208 4083 428 4137 Πολλῶν
485 4083 544 4136 δὲ
603 4081 830 4153 ὕστερον
877 4082 1217 4152 ἀνδροφόνων
1267 4087 1673 4155 γεγενημένων,
1727 4089 1788 4140 ού

207 4176 532 4247 παραυτίκα
585 4174 684 4237 τὰς
735 4174 1007 4246 τιμωρίας
1057 4176 1357 4246 ἐπήγαγεν.
1414 4179 1561 4231 Ἔδει
1611 4179 1788 4233 τοίνυν

1900 1721 2246 1777 accusatione
2282 1722 2450 1776 teneri
2486 1741 2499 1775 :
2536 1723 2630 1793 qui
2664 1739 2792 1777 vero
2827 1716 3088 1792 stultum,’
3122 1728 3367 1796 gehenna
3399 1730 3484 1782 di-

1899 1831 2061 1881 gnum
2097 1829 2250 1868 esse:
2283 1824 2332 1868 et
2362 1815 2454 1882 qui
2481 1816 2766 1880 iuraverit,
2799 1816 2924 1871 licet
2951 1834 3137 1873 verum
3178 1820 3343 1880 dicat,
3366 1820 3483 1873 dia-

1901 1905 2006 1958 boli
2037 1905 2244 1959 socium
2293 1907 2430 1960 fieri.
2461 1907 2572 1960 Cur
2607 1909 2769 1976 igitur
2801 1909 2946 1963 hunc
2974 1912 3107 1980 legis
3146 1913 3475 1981 evangelica:

1901 1996 2121 2047 latnt-cm
2165 1994 2366 2048 bonum
2416 1997 2710 2064 appellant,
2762 1997 3022 2052 immitem
3081 2015 3208 2052 vero
3241 2001 3480 2068 antiqnse

1900 2085 2028 2154 legis
2059 2085 2372 2139 auctorem?
2397 2085 2531 2139 Nam
2574 2088 2706 2152 haec,
2758 2087 2976 2141 illorum
3029 2090 3320 2155 sententia,
3353 2102 3481 2146 sunt

1899 2175 2004 2228 illis
2029 2177 2329 2229 crudeliora
2354 2177 2661 2245 prleceptis.
2688 2175 2884 2230 Verum
2908 2178 3084 2247 quod‘
3104 2183 3203 2234 ista
3223 2181 3476 2245 audeant,

1900 2267 2111 2318 illorum
2147 2265 2502 2334 blasphemia:
2551 2276 2654 2321 est.
2692 2265 2802 2322 Nos
2834 2279 3014 2322 autem
3062 2281 3113 2323 et
3149 2271 3247 2325 has
3275 2281 3327 2325 et
3359 2272 3477 2327 illas

1897 2356 2042 2425 leges
2073 2355 2141 2409 ab
2171 2371 2278 2409 uno
2309 2354 2418 2410 Deo
2459 2356 2598 2412 latas
2632 2371 2754 2411 esse
2783 2358 3074 2413 didicimus
3102 2378 3115 2413 :
3167 2362 3260 2414 sed
3296 2362 3472 2416 diver-

1898 2448 2113 2500 sitatem
2169 2445 2344 2500 cﬂ‘ecit
2377 2460 2568 2500 eorum
2600 2463 2722 2516 qua:
2760 2448 2876 2517 lege
2917 2448 3180 2518 jubentur
3218 2453 3474 2521 qualitas.

1904 2535 2058 2589 Velut
2087 2536 2230 2589 enim
2278 2546 2575 2605 praeceptor
2613 2537 2854 2606 sapiens,
2910 2537 3242 2606 imperfectis
3277 2540 3474 2610 imper-

1898 2626 2056 2692 fecta,
2088 2635 2142 2680 ct
2173 2626 2424 2696 perfectis
2463 2626 2701 2696 perfecta
2736 2630 3037 2698 proposuit.
3069 2629 3179 2700 49
3210 2632 3474 2687 Praeterea

1899 2732 2026 2770 vero
2057 2715 2510 2770 considerandum
2543 2726 2646 2779 est,
2685 2718 2832 2786 quod
2866 2717 3058 2786 primis
3087 2720 3262 2790 legum
3294 2730 3474 2777 trans-

1897 2807 2239 2877 gressnribus
2271 2807 2392 2862 sine
2423 2808 2577 2862 venia
2608 2808 2874 2876 supplicia
2922 2807 3262 2878 iulliguntur,
3297 2821 3354 2864 ut
3383 2812 3474 2866 alii

1898 2899 2180 2968 punitione
2215 2911 2506 2968 conspecta
2539 2900 2838 2969 transgredi
2873 2915 2979 2954 non
3011 2900 3265 2956 audeant.
3317 2902 3472 2969 Quod

1895 3005 1949 3049 et
1981 2994 2184 3048 factum
2215 3003 2298 3049 est
2348 2994 2491 3048 circa
2527 2993 2695 3063 legem
2727 2993 2795 3048 de
2824 2992 3062 3048 Sabbato
3095 2996 3278 3050 latam.
3337 2997 3473 3050 Eum

1896 3087 2064 3151 enirn,
2103 3088 2192 3157 qui
2232 3086 2320 3141 die
2374 3086 2595 3140 Salobati
2647 3085 2791 3154 ligna
2827 3087 3082 3156 colligere
3125 3102 3295 3142 ausus
3329 3097 3471 3150 erat,

1894 3186 1948 3230 et
1977 3176 2050 3229 ita
2081 3175 2290 3246 primus
2320 3176 2488 3245 legem
2530 3175 2854 3243 transgredi,
2905 3176 3134 3245 populus
3183 3179 3473 3232 universus

1895 3266 2173 3336 lapidavit.
2223 3267 2275 3320 ld
2312 3267 2458 3320 enim
2518 3266 2660 3320 Deus
2711 3276 3074 3336 praeceperat,
3125 3277 3183 3322 ut
3221 3269 3315 3338 qui
3358 3270 3474 3323 suis

1896 3358 2144 3411 manilms
2188 3357 2256 3412 de
2289 3367 2516 3410 nocente
2545 3358 2869 3426 supplicium
2918 3369 3285 3428 sumpserant,
3318 3359 3473 3414 dein-

1895 3465 2022 3518 ceps
2084 3449 2252 3515 legem
2306 3448 2611 3517 transgredi
2685 3448 3130 3512 reformidarent,
3212 3459 3468 3521 tanquam

1893 3538 2142 3606 supplicii
2193 3553 2438 3591 causam.
2497 3537 2680 3605 Longo
2709 3553 2836 3591 vero
2881 3547 3002 3607 post
3043 3553 3306 3609 tempore,
3342 3557 3467 3597 eum

1895 3629 2145 3696 permulti
2182 3629 2350 3698 legem
2381 3629 2448 3682 de
2478 3629 2716 3682 Sabbato
2755 3629 2916 3683 latam
2953 3631 3266 3696 violassent,
3300 3641 3470 3688 trans-

1892 3719 2225 3787 grcssioncm
2287 3719 2560 3790 legislutor
2609 3722 2873 3788 patienter
2907 3723 3047 3777 tulit.
3106 3723 3196 3777 Sic
3222 3733 3276 3779 et
3305 3723 3464 3791 Cain,

1891 3812 1984 3880 qtti
2029 3810 2130 3862 fuit
2159 3811 2369 3880 primus
2409 3811 2703 3874 homicida,
2749 3811 3064 3881 inexpiabili
3120 3813 3298 3868 alfecit
3332 3831 3463 3881 sup-

1891 3903 2091 3972 plicio:
2128 3912 2184 3956 ut
2213 3914 2321 3956 tam
2370 3902 2423 3955 lii
2461 3904 2552 3970 qui
2603 3913 2730 3956 tunc
2780 3905 3042 3972 temporis
3083 3915 3262 3968 erant,
3298 3921 3464 3974 quam

1890 3994 1981 4061 qui
2020 4003 2203 4062 postea
2231 3993 2340 4046 nati
2367 4001 2516 4056 sunt,
2551 3993 2673 4045 talia
2707 4001 3018 4060 perpetrare
3046 4007 3152 4045 non
3180 3993 3462 4049 auderent.

1890 4082 2288 4138 Posterioribus
2347 4092 2524 4136 tamen
2587 4082 2953 4149 temporibus,
3005 4081 3132 4136 licet
3180 4084 3466 4141 homicida:

1890 4175 2042 4229 multi
2097 4173 2319 4238 fuerint,
2368 4188 2477 4229 non
2518 4172 2770 4241 protinus
2808 4187 2996 4243 pinnas
3059 4174 3271 4230 inﬂixit.
3319 4177 3466 4232 Con-

207 4267 296 4320 καὶ
334 4267 435 4319 τὸν
467 4265 668 4336 Ἀδὰμ,
705 4265 924 4332 πρῶτον
957 4265 1250 4338 δεξάμενον
1284 4267 1467 4338 νόμον,
1499 4270 1594 4321 καὶ
1625 4269 1788 4339 νόμον

1897 4265 2137 4322 veniebat
2167 4265 2331 4336 igitur
2355 4265 2646 4328 Adamum,
2697 4264 2791 4333 qui
2839 4264 3048 4334 primus
3093 4267 3264 4336 legem
3309 4282 3465 4324 acce-

207 4360 546 4427 κουφότατον
564 4376 579 4389 ο
607 4359 714 4412 τῶν
740 4358 1094 4412 παντοδαπῶν
1121 4359 1228 4431 γὰρ
1257 4361 1404 4430 αύτῷ
1425 4361 1652 4431 καρπῶν
1681 4362 1789 4415 ἐδε-

207 4449 364 4502 δώκει
399 4449 510 4519 τὴν
543 4449 826 4516 ἀφθονίαν,
868 4449 989 4512 ἑνὸς
1022 4449 1078 4502 δὲ
1115 4449 1281 4519 μόνου
1312 4451 1411 4520 τὴν
1441 4451 1644 4521 ἐδωδὴν
1678 4453 1787 4504 ἀπ-

205 4540 508 4610 ηγορεύκει
549 4539 660 4608 (l7)
689 4555 702 4568 ν
735 4538 920 4591 δοῦναι
977 4539 1132 4610 δίκην
1179 4539 1274 4592 τοῦ
1312 4541 1802 4612 πλημμελήματος-

205 4633 282 4694 είς
303 4629 590 4700 ὠφέλειαν
617 4628 710 4682 τοῦ
743 4628 954 4696 γένους.
983 4630 1044 4682 Ei
1067 4630 1124 4682 δὲ
1153 4630 1484 4702 δυσόργητος
1517 4632 1612 4696 ὢν,
1649 4633 1726 4696 ὡς
1757 4635 1786 4686 ό

204 4723 529 4792 δυσώνυμος
556 4721 662 4792 ἔφη
684 4721 976 4793 Μαρκίων,
999 4722 1087 4776 διὰ
1116 4722 1318 4794 βρῶσιν
1350 4725 1541 4794 ὀλίγην
1568 4725 1668 4796 τὴν
1691 4726 1785 4780 τοῦ

203 4814 442 4868 θανάτου
469 4813 741 4882 τιμωρίαν
784 4814 1073 4883 ἐπήνεγκε,
1103 4813 1220 4876 πῶς
1266 4815 1568 4886 ἀνθρώπων
1610 4817 1786 4871 ἁπάνο

201 4923 310 4960 των
361 4909 446 4969 είς
503 4905 762 4958 ἀσέϐειαν
819 4905 913 4957 καὶ
967 4906 1310 4976 παρανομίαν
1359 4907 1782 4972 ὲξωκειλάντων,

201 4996 445 5066 ἐσχάτην
480 4995 542 5048 ού
580 4994 956 5065 πανωλεθρίαν
991 4997 1292 5066 ἐπήνεγκεν
1319 5011 1334 5026 ⁸
1364 4996 1501 5050 ἀλλά
1525 4997 1619 5049 τὸν
1653 4996 1780 5050 Υἱδν

198 5087 370 5142 αὐτοῦ
401 5087 633 5152 δέδωκε,
657 5088 750 5140 καὶ⁹
777 5086 874 5157 τὴν
901 5087 989 5140 διά
1015 5087 1252 5159 σταυροῦ
1287 5089 1381 5141 καὶ
1411 5087 1617 5152 πάθους
1647 5088 1781 5142 ὲδω-

271 5271 296 5301 ι
337 5261 479 5316 Gen.
516 5277 650 5326 xxn,
685 5262 770 5315 M.
861 5275 887 5302 ι
913 5263 1098 5318 Matth.
1135 5278 1189 5327 v,
1226 5262 1297 5314 22
1326 5277 1477 5332 seqq.

1889 4367 2061 4428 perat,
2090 4367 2143 4412 et
2172 4373 2290 4411 eam
2323 4357 2541 4428 quidem
2584 4357 2909 4410 levissimam
2961 4355 3163 4427 (omnis
3192 4359 3336 4412 enim
3371 4377 3464 4429 ge.—

1889 4450 2038 4504 neris
2089 4449 2364 4502 fructuum
2436 4448 2580 4501 Deus
2635 4447 2710 4499 illi
2762 4447 2984 4501 dederat
3032 4449 3264 4517 cupiam,
3301 4450 3464 4505 unius

1889 4551 2098 4596 tantmn
2131 4557 2226 4596 esu
2269 4540 2668 4608 interdixerat),
2708 4538 2858 4594 luere
2906 4556 3096 4608 ptenas
3146 4539 3349 4606 delicti,
3396 4544 3462 4596 ad

1888 4634 2170 4688 utilitatem
2201 4631 2414 4702 generis
2443 4631 2687 4685 humani.
2723 4629 2879 4696 Quod
2911 4632 2956 4686 si
3004 4647 3115 4699 prae
3147 4633 3316 4685 multa
3353 4633 3464 4686 ira-

1890 4724 2086 4778 cundia
2122 4722 2285 4786 Deus,
2323 4731 2383 4776 ut
2407 4722 2480 4775 ait
2507 4722 2873 4776 exsecrandus
2905 4722 2994 4775 ille
3028 4721 3296 4786 Marcion,
3329 4736 3464 4792 pan-

1892 4817 2069 4870 culam
2101 4815 2173 4869 ob
2203 4829 2382 4868 escam
2411 4813 2679 4884 supplicio
2726 4814 2919 4868 mortis
2957 4811 3154 4876 affecit,
3190 4813 3464 4882 quomodo

1892 4905 2147 4959 erunibus
2189 4904 2501 4958 hominibus
2549 4904 2616 4958 ad
2668 4903 3001 4971 impietatem
3053 4912 3107 4956 et
3155 4912 3459 4972 transgres-

1887 4997 2092 5052 sionem
2127 5005 2430 5051 extremam
2471 4995 2706 5064 delapsis
2739 5003 2984 5050 eatrema
3037 4995 3298 5064 supplicia
3348 5009 3454 5049 non

1889 5087 2104 5156 inﬂixit,
2150 5087 2244 5144 sed
2278 5086 2475 5143 Filium
2533 5102 2694 5144 suum
2737 5087 2910 5155 dedit,
2937 5095 2991 5143 et
3025 5101 3124 5158 per
3152 5100 3370 5143 crucem
3401 5094 3457 5142 et

1705 5327 1940 5385 NOTAE.

419 5469 555 5542 Cod.
595 5480 651 5523 et
694 5468 823 5542 il’ic.
861 5471 1252 5542 διαφερόντων.

273 5538 386 5598 illi)
432 5539 560 5602 Τοῖς
585 5541 858 5606 πρώτοις.
885 5545 952 5595 ιη-
971 5538 1092 5596 cdd.
1139 5557 1191 5597 et
1219 5544 1362 5613 apud
1389 5543 1503 5598 Pic.
1536 5543 1782 5614 sequitur

1886 5473 2067 5612 hi‘i‘ii
2097 5541 2232 5596 God.
2263 5552 2318 5597 et
2340 5540 2452 5597 Pic.
2491 5543 2895 5615 ἀπηγόρευσεν.
