3920 6316
156 301 249 370 137

1275 287 1559 366 QII/EST.
1595 283 1675 350 IN
1697 285 1964 347 GENES.
1988 285 2148 346 CAP.
2207 284 2318 345 III.

3331 278 3438 346 138

152 426 219 479 ὲκ
263 416 482 490 νεκρῶν
529 416 853 482 ἀνάστασιν,
891 414 986 468 καὶ
1020 414 1120 485 τὴν
1155 413 1460 469 ἀθανασίαν
1493 426 1749 482 πραγμαο
1776 436 1789 466 λ

1878 406 2042 461 nnrtis
2086 420 2251 461 causa
2284 421 2299 460 :
2352 404 2454 460 hoc
2484 412 2643 474 pacto
2685 417 2985 471 procurans
3019 404 3092 459 illi
3123 404 3313 460 odium
3345 406 3440 459 ad-

152 513 499 582 ιιεισάμενον
521 509 595 565 ⁸⁸.
629 509 697 563 Τί
733 508 790 562 δὲ
816 506 1026 578 ἀπηνὲς
1055 508 1088 578 ἡ
1128 506 1401 576 ἀπόφασις
1432 504 1567 575 ἔχει,
1616 521 1635 554 ι
1672 502 1747 571 Γῆ

156 602 229 667 εἷ,
284 602 381 657 καὶ
442 604 524 666 εἰς
568 603 674 672 γῆν
708 599 1020 671 ἀπελεύσῃ;
1056 618 1075 651 ι
1118 599 1252 652 Ἀπὸ
1302 597 1408 668 γῆς
1446 615 1528 661 σε,
1558 596 1749 666 φησὶν,

158 697 392 757 ἔπλασα,
421 697 519 748 καὶ
542 696 624 758 εἱς
650 693 861 764 ἀμείνω
891 692 1073 764 πολλῷ
1104 692 1487 763 μετεσκεύασα
1512 689 1625 759 (24)
1658 688 1752 759 φύ-

161 808 266 843 σιν.
314 787 540 859 Ἐπειδὴ
573 787 631 841 δὲ
669 785 904 856 φυλάξαι
940 803 1040 856 μου
1085 786 1186 855 τὴν
1231 785 1453 854 ἐντολὴν
1496 784 1598 836 οὐκ
1626 782 1753 854 nos-

159 887 351 952 λησας,
409 880 550 951 πρὸς
600 880 706 950 τὴν
753 877 1028 950 προτέραν
1073 876 1338 932 ὲπάνελθε
1382 875 1566 945 φύσιν.
1610 876 1751 929 Ἀνθ’

158 975 281 1027 ὅτου
314 973 374 1026 δὲ
401 973 645 1043 σμικρὸν
688 968 827 1025 εἶναι
859 971 1011 1025 δοκεῖ
1043 971 1105 1024 τὸ
1138 971 1483 1041 ἁμάρτημας
1528 968 1753 1024 Πάντων

157 1065 308 1134 αὐτῷ
330 1064 445 1118 τῶν
472 1064 657 1132 φυτῶν
680 1061 934 1116 ἐδεδώκει
958 1061 1056 1133 τὴν
1085 1060 1336 1125 ἐξουσίαν
1362 1075 1376 1090 ⁸
1418 1060 1535 1123 ἐνὸς
1565 1059 1622 1112 δὲ
1655 1059 1752 1130 μό-

157 1173 248 1209 νου
288 1154 395 1226 τὴν
427 1154 633 1223 ἐδωδὴν
664 1153 1062 1225 ἀπηγορεύκει.
1103 1153 1164 1206 Ὀ
1200 1153 1258 1206 δὲ
1296 1152 1365 1206 τά
1407 1150 1544 1205 ἄλλα
1574 1153 1756 1204 πάντα

159 1245 507 1309 καταλιπὼν,
543 1243 737 1297 τοῦτον
767 1244 861 1296 καὶ
901 1241 1122 1313 πρῶτον
1152 1245 1248 1295 καὶ
1284 1242 1444 1311 μόνον
1476 1242 1753 1313 ἐτρύγησε

155 1334 248 1387 τὸν
293 1333 536 1404 καρπόν.
571 1331 744 1385 Τοῦτο
788 1330 897 1401 γὰρ
930 1328 1081 1400 αὐτῷ
1118 1332 1213 1383 καὶ
1255 1331 1284 1383 ὁ
1312 1330 1592 1401 Δεσπότης
1621 1330 1754 1392 Θεὸς

159 1422 458 1493 ἐμέμψατο
482 1439 498 1453 ’
531 1440 550 1474 ι
578 1421 677 1483 Τίς
707 1420 840 1492 γὰρ,
870 1422 1058 1490 φησὶν,
1086 1419 1377 1490 ἀνήγγειλε
1402 1429 1502 1473 σοι
1545 1418 1628 1472 ὅτι
1658 1435 1757 1486 γυ-

162 1514 295 1585 μνὸς
328 1508 401 1578 εἷ,
433 1514 484 1566 εἰ
520 1512 596 1584 μὴ
647 1510 755 1564 ἀπὸ
787 1510 884 1565 τοῦ
930 1509 1111 1575 ξύλου,
1155 1505 1217 1562 οὗ
1269 1509 1628 1578 ἐνετειλάμην
1672 1524 1756 1560 σοι

160 1603 359 1658 τούτου
391 1603 558 1676 μόνου
596 1603 674 1673 μὴ
705 1603 919 1671 φαγεῖν.
949 1602 1045 1654 ἀπ’
1069 1600 1235 1654 αὐτοῦ
1268 1599 1510 1669 ἔφαγες
1545 1620 1562 1650 ι
1595 1598 1759 1668 Δεδήε-

159 1691 307 1746 λωκε
343 1693 403 1745 δὲ
436 1689 600 1744 τοῦτο
644 1691 739 1743 καὶ
797 1693 825 1744 ὁ
865 1689 1109 1754 διάϐολος
1146 1690 1215 1743 δι’
1247 1683 1321 1742 ὧν
1357 1689 1459 1760 ἔφη
1504 1691 1569 1759 τῇ
1608 1688 1753 1759 Εὕα·

168 1800 188 1833 ι
222 1783 290 1835 Τί
319 1783 408 1836 ὅτι
437 1776 593 1835 εἶπεν
619 1783 648 1833 ὁ
673 1781 829 1846 Θεὸς,
857 1782 918 1834 οὐ
952 1780 1028 1853 μὴ
1054 1782 1266 1851 φάγητε
1300 1781 1409 1835 ἀπὸ
1445 1780 1645 1843 παντὸς
1672 1778 1732 1845 ξύ

160 1873 263 1928 λου
296 1873 395 1927 τοῦ
426 1876 485 1928 ὲν
508 1872 589 1943 τῷ
610 1874 962 1944 παραδείσῳ;
998 1892 1016 1925 ι
1057 1875 1121 1926 Εἰ
1150 1874 1207 1927 δὲ
1239 1871 1378 1927 εἶδεν
1416 1873 1762 1943 ἐδηδοκότας,

164 1966 269 2021 οὐκ
298 1965 370 2019 ἂν
402 1965 558 2037 ᾠήθη
588 1966 718 2036 περὶ
742 1965 965 2018 πάντων
988 1965 1188 2029 αὐτοὺς
1220 1965 1329 2018 τῶν
1356 1964 1587 2036 δένδρων
1615 1964 1765 2036 εἰληα

164 2056 329 2126 φέναι
360 2055 461 2127 τὴν
496 2053 739 2127 ἐντολήν.
771 2054 851 2109 Οὐ
892 2055 1102 2126 σμικρὰ
1126 2054 1419 2126 τοιγαροῦν
1452 2057 1486 2126 ἡ
1516 2056 1767 2128 παράϐα-

168 2165 279 2212 σις.
310 2146 544 2219 Πρώτου
582 2146 693 2219 γὰρ
730 2145 1050 2218 μετέλαϐον,
1079 2139 1141 2199 οὗ
1174 2146 1335 2218 μόνου
1372 2148 1448 2220 μὴ
1473 2151 1766 2219 μετασχεῖν

167 2240 612 2310 ἐκελεύσθησαν.

1853 514 2045 554 versus
2097 507 2381 568 peccatum
2408 537 2423 563 ,
2472 505 2526 552 et
2565 511 2880 567 praeparans
2920 495 2970 553 ei
3017 497 3212 553 salutis
3260 512 3442 552 reme-

1853 591 2028 655 dium,
2065 589 2210 659 quod
2252 604 2348 659 per
2380 589 2638 644 humana:
2668 597 2877 644 naturae
2908 589 3341 660 assumptionem
3370 587 3442 642 ab

1854 680 2153 749 Unigcnito
2193 677 2418 743 factam,
2456 694 2556 748 per
2590 678 3051 735 resurrectionem
3099 693 3132 732 a
3184 678 3439 741 mortuis,

1852 783 1907 827 et
1947 787 2041 842 per
2074 772 2543 827 immortalitatem
2573 773 2621 826 ei
2658 771 2888 841 peperit.
2919 769 3060 838 Quid
3093 770 3257 841 igitur
3287 784 3442 825 seve-

1854 864 2036 918 ritatis
2092 864 2254 918 habet
2306 863 2421 917 haec
2464 862 2772 917 sententia:
2830 880 2849 914 ι
2903 860 3074 917 Terra
3132 878 3232 929 es,
3280 869 3334 917 et
3386 859 3443 915 in

1856 967 2055 1012 terram
2092 951 2410 1009 reverterisf
2439 952 2463 1005 ?
2511 971 2530 1005 ι
2568 951 2610 1006 Ε
2641 959 2806 1017 terra,
2851 952 3048 1022 inquit,
3082 950 3317 1009 formavi
3368 961 3441 1016 te,

1855 1055 1909 1101 et
1936 1046 2001 1100 ad
2033 1045 2205 1100 multo
2225 1046 2508 1100 meliorem
2540 1052 2792 1099 naturam
2824 1052 2875 1100 te
2903 1047 3124 1114 provexi
3158 1065 3172 1103 :
3205 1054 3262 1101 at
3297 1054 3449 1116 post-

1855 1152 2020 1208 quam
2053 1151 2273 1192 servare
2302 1144 2635 1207 praeceptum
2692 1150 2876 1190 meum
2916 1136 3169 1202 noluisti,
3202 1138 3256 1193 in
3297 1140 3447 1209 prio-

1856 1244 1970 1282 rem
2004 1236 2279 1284 revertere
2302 1234 2576 1282 naturam.
2616 1224 2758 1283 Num
2790 1227 2909 1283 leve
2938 1228 3034 1283 tibi
3076 1228 3292 1284 videtur
3323 1245 3448 1285 esse

1856 1319 2170 1389 peccatum?
2209 1318 2443 1376 Dederat
2474 1320 2524 1376 ei
2569 1320 2878 1390 plantarum
2912 1321 3158 1377 omnium
3208 1329 3451 1390 potesta-

1859 1419 1989 1474 tem,
2036 1411 2200 1467 unius
2262 1412 2434 1467 solius
2507 1412 2984 1469 manducationem
3045 1402 3446 1483 prohibuerat:

1860 1500 1950 1556 ille
2001 1517 2131 1558 vero
2196 1502 2423 1573 reliquis
2472 1505 3190 1576 onmibus'przetcrmissis,
3234 1520 3301 1560 ex
3349 1505 3452 1561 hac

1861 1596 2035 1665 prima
2065 1606 2118 1650 et
2146 1596 2257 1651 sola
2298 1596 2494 1650 arbore
2534 1595 2772 1651 fructum
2815 1596 3107 1667 decerpsit.
3161 1594 3274 1653 [loc
3303 1598 3452 1652 enim

1861 1698 1912 1742 et
1963 1685 2229 1744 Dominus
2260 1686 2406 1743 Deus
2436 1686 2513 1741 illi
2549 1686 2738 1756 objicit
2770 1706 2784 1742 :
2821 1706 2839 1739 ι
2876 1686 3010 1754 Quis
3054 1687 3222 1753 enim,
3252 1687 3450 1759 inquit,

1866 1779 1962 1836 tibi
1994 1779 2275 1845 indicavit,
2301 1779 2447 1850 quod
2478 1775 2660 1834 nudus
2688 1794 2865 1844 esses,
2923 1779 3030 1837 nisi
3061 1779 3190 1850 quia
3215 1779 3281 1835 de
3306 1779 3453 1851 ligno

1861 1872 2167 1938 ccmedisti,
2213 1872 2281 1927 de
2326 1886 2438 1941 quo
2485 1872 2604 1926 solo
2656 1886 3022 1942 prmceperam
3075 1888 3145 1926 ne
3193 1872 3453 1927 comede-

1862 1963 2034 2020 resB?
2061 1982 2079 2015 ι
2116 1961 2424 2018 Declaravit
2453 1962 2620 2018 etiam
2650 1964 2753 2019 hoc
2775 1962 3047 2029 diabolus,
3071 1977 3168 2034 per
3192 1962 3307 2018 haec
3330 1979 3454 2033 quas

1862 2056 1999 2112 dixit
2028 2056 2185 2110 Eva}:
2227 2074 2245 2107 ι
2283 2056 2463 2122 Quare
2500 2054 2645 2111 Deus
2679 2055 2837 2120 dixit,
2878 2071 2948 2111 ne
2989 2057 3352 2113 comederetis
3386 2058 3456 2113 do

1867 2146 2019 2202 omni
2056 2146 2224 2219 ligno,
2256 2146 2406 2218 quod
2438 2156 2519 2203 est
2549 2147 2604 2202 in
2640 2147 2896 2217 paradiso
2919 2144 2987 2200 η
3030 2167 3049 2200 ι
3085 2146 3242 2215 Quod
3272 2148 3319 2203 si
3350 2149 3457 2204 sci-

1873 2242 2041 2298 visset
2072 2240 2197 2295 illos
2230 2239 2557 2302 comedisse,
2609 2255 2891 2310 nunquam
2936 2239 3041 2311 52
3091 2241 3460 2297 existinnasset

167 2349 271 2391 eos
318 2338 651 2404 praeceptum
709 2329 989 2401 accepisse
1044 2331 1111 2387 de
1151 2329 1407 2387 omnibus
1453 2331 1762 2391 arboribus.
1805 2333 1921 2389 Non
1991 2330 2156 2401 igitur
2225 2327 2439 2383 modica
2493 2336 2575 2385 est
2621 2327 2737 2384 haec
2779 2328 3163 2399 transgressio.
3211 2327 3457 2385 Primum

174 2429 328 2485 enim
380 2428 449 2482 de
482 2440 549 2481 eo
581 2434 956 2495 sumpserunt,
995 2428 1060 2481 de
1087 2440 1199 2496 quo
1228 2426 1347 2481 solo
1385 2441 1602 2483 sumere
1651 2428 1906 2498 prohibiti
1933 2433 2109 2482 erant.

788 2537 988 2593 ΕΡΩΤ.
1026 2539 1156 2592 AH'.

177 2654 355 2717 Τίνος
384 2650 588 2717 ἕνεκα,
618 2649 733 2730 τοιξ
767 2648 915 2736 Θεοῦ
951 2650 1281 2717 εἰρηκότος,
1315 2644 1435 2776 126’
1463 2651 1544 2709 ἂν
1576 2652 1776 2733 ᾑμέρᾳ

249 2722 416 2776 φάγῃ
464 2721 584 2775 ἀπὸ
627 2737 736 2773 του
786 2719 1003 2776 Ευλου.
1053 2719 1290 2776 θανάτῳ
1366 2725 1626 2776 ποθαντι.
1665 2726 1776 2776 οὐκ

245 2722 416 2791 φάγῃ
464 2721 584 2791 ἀπὸ
627 2719 736 2773 τοῦ
786 2719 1003 2791 ξύλου,
1053 2719 1290 2791 θανάτῳ
1321 2719 1636 2791 ἀποθανῇ,
1665 2719 1777 2777 οὐκ

246 2789 435 2857 εὐθὺς
467 2789 733 2845 ἀπέθανε
763 2789 879 2857 τὴν
900 2789 1163 2858 ἐντολὴν
1191 2790 1461 2860 παραϐάς
1478 2794 1554 2860 ιτ;

264 2949 519 3003 Ἐναντια
539 2947 683 3019 αὕτη
706 2949 1034 3020 κατηγορία.
1057 2948 1174 3019 Πρὸ
1198 2948 1429 3019 βραχέος
1454 2947 1563 3020 γὰρ
1589 2950 1772 3022 ἀπηνῆ

2361 2534 2641 2591 INTERR.
2681 2506 2971 2593 xxxvut.

1875 2651 2250 2723 Quamobrem,
2306 2665 2424 2723 cunt
2465 2649 2608 2723 Deus
2639 2650 2863 2705 dixisset
2899 2666 2918 2705 :
2955 2671 2974 2703 ι
3007 2650 3334 2723 Quacunque
3375 2650 3461 2708 die

1945 2721 2233 2777 comederis
2272 2736 2337 2775 ea:
2384 2721 2482 2774 hoc
2536 2722 2701 2791 ligno,
2761 2730 2928 2775 morte
2973 2721 3294 2786 morieris,»
3357 2742 3462 2779 non

1947 2791 2221 2914 ἓοιὶίεδιίέη
2253 2800 2491 2844 mortuus
2528 2800 2628 2857 est,
2668 2790 2761 2845 "ubi
2805 2801 3167 2863 transgressus
3204 2803 3281 2848 est
3316 2812 3464 2849 man-

1988 2880 2018 2914 a
2048 2878 2134 2914 um
2160 2902 2172 2914 .

1988 2878 2134 2915 αιιιηι
2160 2881 2172 2915 .‘

1952 2949 2235 3004 Contraria
2290 2958 2375 3005 est
2436 2950 2553 3005 haec
2593 2951 2892 3007 accusatio.
2944 2949 3080 3007 Nam
3127 2954 3286 3024 paulo
3339 2965 3465 3012 ante

171 3043 271 3096 τὸν
319 3040 459 3094 Θεὸν
504 3039 935 3103 ἀποκαλοῦντες,
994 3039 1090 3093 νῦν
1143 3040 1310 3093 αὐτοῦ
1360 3040 1774 3112 φιλανθρωπίαν

1879 3039 2049 3096 Deum
2084 3042 2357 3097 crudelem
2398 3042 2702 3107 vocabatis,
2739 3057 2888 3098 nunc
2929 3052 3109 3099 autem
3145 3048 3324 3117 ipsum
3356 3050 3465 3105 cle-

172 3134 572 3203 κατηγορεῖτε.
613 3130 833 3200 Ὑμνεῖν
864 3129 922 3182 δὲ
956 3129 1158 3199 μᾶλλον
1184 3130 1373 3200 ἐχρῆν,
1401 3129 1518 3183 ἀλλ’
1550 3131 1611 3183 ού
1644 3146 1774 3183 κατ-

172 3225 412 3295 ηγορεῖν
435 3223 537 3292 τῆς
562 3220 896 3291 ἀγαθότητος
917 3220 1011 3274 τοῦ
1029 3220 1185 3274 Θεοῦ.
1209 3220 1382 3273 Εἴωθε
1410 3220 1520 3293 γὰρ
1552 3221 1776 3292 μείζονα

180 3313 285 3383 μὲν
316 3311 594 3376 ἀπειλεῖν,
624 3311 881 3374 ἐλάττους
911 3310 967 3364 δὲ
991 3311 1097 3364 τῶν
1118 3312 1360 3366 ἀπειλῶν
1383 3314 1483 3377 τὰς
1504 3314 1777 3385 τιμωρίας

177 3404 441 3473 ἐπάγειν.
476 3403 590 3457 Καὶ
620 3402 778 3457 τοῦτο
819 3403 1065 3474 πολλαχῆ
1098 3403 1244 3457 ἔστιν
1290 3404 1470 3476 εὑρεῖν
1514 3407 1666 3477 παρά
1708 3409 1776 3479 τῇ

178 3495 309 3568 θείᾳ
352 3495 592 3572 Γραφῇ.ι
626 3494 894 3549 Ἐνταῦθα
942 3496 1127 3566 μέντοι
1170 3496 1263 3549 τὸν
1303 3497 1403 3567 τῆς
1451 3497 1778 3569 θνητότητος

180 3586 312 3658 ὅρον
347 3586 612 3656 ὠνόμασε
646 3584 927 3649 θάνατονι
955 3585 1099 3641 οὕτω
1143 3587 1253 3657 γὰρ
1290 3588 1386 3642 καὶ
1423 3589 1452 3641 ὀ
1485 3588 1780 3660 Σύμμαχος

179 3677 549 3750 ἡρμήνευσεν
572 3691 589 3707 ο
631 3669 739 3748 ι⁷ῌ
784 3676 829 3729 δ’
857 3675 924 3730 ἂν
952 3677 1137 3748 ἡμέρᾳ
1159 3676 1311 3749 φάγῃ
1340 3677 1449 3731 ἀπὸ
1480 3676 1576 3732 τοῦ
1597 3677 1779 3744 ξύλου,

182 3768 395 3839 θνητὸς
424 3770 549 3841 ἔσῃ.
580 3786 601 3820 ι
632 3767 788 3821 Μετὰ
808 3768 921 3840 γὰρ
941 3767 1006 3840 δὴ
1028 3770 1126 3837 τὴν
1149 3768 1300 3823 θείαν
1327 3769 1626 3840 ἀπόφασιν,
1659 3769 1782 3824 καθ’

182 3859 462 3929 ἑκάστην,
491 3858 570 3921 ὡς
595 3859 725 3922 ἔπος
752 3861 950 3924 εἰπεῖν,
984 3861 1197 3931 ἡμέραν
1224 3862 1317 3915 τὸν
1352 3861 1585 3916 θάνατον
1610 3879 1785 3933 προσ-

184 3950 415 4023 εδέχετο
437 3966 454 3981 ο
489 3948 666 4015 οὕτως
700 3951 750 4005 οἱ
782 3951 1210 4015 πεπιστευκότες
1247 3952 1325 4023 τῷ
1353 3953 1599 4025 Δεσπότῃ
1649 3954 1785 4024 Χρι-

187 4042 328 4113 στῷ,
364 4043 465 4097 καὶ
494 4042 860 4113 σφαττόμενοι
901 4042 1058 4110 ζῶσι,
1088 4044 1493 4115 προσμένοντες
1522 4046 1623 4114 τὴν
1658 4044 1789 4099 ἀνά-

190 4152 417 4203 στασιν,
453 4137 551 4189 καὶ
580 4134 680 4207 τὴν
720 4135 830 4190 τῶν
877 4135 1123 4206 οὐρανῶν
1168 4136 1472 4207 βασιλείαν.
1503 4155 1522 4189 ι
1558 4137 1638 4208 Τῇ
1679 4134 1790 4207 γὰρ

190 4224 380 4279 ἑλπίδι
412 4223 726 4295 ἐσώθημεν.
761 4242 781 4277 ι

846 4337 1044 4392 ΕΡΩΤ.
1085 4337 1212 4394 ΛΘ.

285 4447 441 4513 Τοὺς
470 4447 732 4517 χιτῶνας
761 4446 905 4513 τοὺς
926 4445 1320 4516 δερματίνους
1348 4448 1408 4502 τί
1429 4451 1721 4518 νοητέον;

271 4542 341 4595 Οἱ
400 4539 502 4611 μὲν
545 4538 919 4611 ἀλληγορηταὶ
970 4538 1070 4609 τὴν
1105 4538 1305 4610 θνητὴν
1348 4541 1528 4610 σάρκα
1561 4543 1695 4610 (paci.
1723 4541 1796 4596 τὰ

1875 3131 2095 3186 mentite
2136 3140 2189 3186 et
2226 3132 2584 3187 humanitatis
2624 3133 2918 3189 accusatis.
2966 3134 3132 3206 Atqui
3179 3139 3467 3196 convenie-

1877 3226 1971 3277 bat
2022 3238 2147 3278 eum
2185 3224 2409 3280 laudare
2442 3225 2622 3294 p0tius
2654 3225 2725 3279 ob
2766 3226 2886 3296 ejus
2927 3226 3249 3297 bonitatem,
3299 3246 3465 3301 quam

1878 3327 2159 3370 accusare.
2207 3314 2357 3370 Solet
2404 3315 2550 3370 enim
2601 3316 2825 3372 duriora
2861 3318 3093 3386 minari,
3127 3321 3220 3375 sed
3272 3336 3466 3392 pmnas

1880 3403 2045 3460 minis
2078 3404 2313 3461 leviores
2343 3405 2607 3476 inﬂigere.
2641 3406 2799 3474 Quod
2837 3409 3058 3478 quidem
3082 3412 3283 3481 saepius
3318 3429 3473 3485 repe-

1881 3495 1990 3550 rire
2024 3496 2149 3551 licet
2177 3497 2230 3551 in
2273 3495 2555 3568 Scriptura
2585 3499 2785 3554 divina.
2818 3499 3088 3556 Caeterum
3120 3502 3209 3559 hic
3251 3514 3472 3564 senten-

1883 3587 2012 3641 tiam
2048 3588 2393 3645 mortalitatis
2445 3591 2733 3661 appellavit
2783 3605 3013 3650 mortem
3047 3612 3061 3650 :
3094 3595 3175 3652 sic
3203 3599 3348 3654 enim
3382 3601 3470 3656 in-

1885 3686 2212 3748 terpretatus
2267 3690 2349 3737 est
2398 3682 2784 3753 Symmachus.
2833 3705 2852 3739 ι
2882 3687 3222 3761 Quacunque
3260 3693 3348 3749 die
3378 3709 3473 3751 coo

1888 3769 2124 3826 mederis
2172 3773 2237 3827 de
2291 3772 2439 3844 ligno
2487 3775 2612 3843 hoc,
2680 3779 2928 3836 mortalis
2958 3782 3087 3838 eris.
3137 3803 3157 3836 ι
3186 3782 3469 3856 Siquidem
3576 3809 3581 3815 ·

1886 3870 2009 3931 post
2037 3865 2363 3920 sententiam
2394 3868 2655 3934 divinam,
2679 3884 2777 3939 per
2805 3872 3050 3941 singulos
3077 3879 3471 3945 propemodum

1888 3952 2003 4006 dies
2063 3963 2293 4007 mortem
2360 3959 2734 4026 exspectabat.
2807 3959 2899 4014 Sic
2956 3963 3049 4031 qui
3118 3965 3474 4025 crediderunt

1888 4041 2107 4096 Christo
2148 4042 2410 4111 Domino,
2448 4048 2611 4100 etiam
2644 4048 2812 4103 occisi
2851 4050 3061 4117 vivunt,
3094 4068 3472 4127 exspectantes

1889 4134 2372 4198 resurrecrionem,
2420 4146 2475 4190 et
2527 4152 2755 4208 regnum
2792 4139 3079 4199 caelorum.
3132 4165 3151 4198 ι
3188 4145 3294 4219 Spe
3324 4153 3472 4208 enim

1893 4225 2027 4280 salvi
2056 4224 2181 4281 facti
2217 4228 2472 4283 sumusi.
2515 4248 2535 4280 ι

2407 4342 2686 4403 INTERR.
2724 4348 2964 4407 XXXIX.

2019 4453 2160 4522 Quid
2189 4471 2281 4525 per
2313 4466 2478 4512 vestes
2510 4457 2759 4527 pellicem
2793 4462 3199 4536 intelligendum
3228 4471 3352 4525 est?

1969 4546 2071 4615 Qui
2120 4549 2410 4620 allegorias
2454 4563 2884 4622 persequuntur,
2934 4557 3104 4626 pelles
3154 4558 3309 4614 aiunt
3356 4574 3480 4616 esse

194 4631 457 4703 δέρματα
477 4645 492 4657 ⁸
524 4630 673 4685 ἄλλοι
702 4629 760 4683 δέ
783 4646 928 4693 τινες
954 4630 1062 4682 ἀπὸ
1092 4630 1295 4698 φλοιῶν
1317 4630 1552 4702 δένδρων
1573 4633 1789 4698 τούτους

1893 4652 2113 4693 carnem
2154 4642 2462 4695 mortalem.
2505 4641 2740 4708 Quidam
2778 4661 2907 4701 vero
2949 4649 3040 4703 alii
3092 4664 3124 4705 e
3176 4651 3479 4708 corticibus

194 4719 655 4774 κατεπευᾶσθαι
681 4721 992 4790 εἰρήκασιν.
1031 4720 1175 4788 Ἐγὼ
1202 4720 1259 4773 δέ
1281 4737 1344 4789 γε
1371 4722 1652 4794 οὐδέτερον
1674 4724 1795 4778 τού·

1896 4731 2154 4787 arborum
2190 4748 2284 4788 eas
2314 4743 2663 4804 comparatas
2689 4736 2861 4795 fuisse
2896 4741 3175 4798 dixerunt.
3212 4744 3321 4816 Ego
3352 4761 3483 4800 vero

195 4828 313 4864 των
347 4811 672 4882 προσίεμαι.
703 4811 776 4863 Τὸ
819 4811 918 4882 μὲν
956 4810 1066 4881 γὰρ
1112 4811 1427 4881 περίεργον,
1470 4815 1532 4865 τὸ
1568 4814 1626 4867 δὲ
1656 4817 1789 4884 ἄγαν

1904 4832 2157 4878 neutrum
2207 4825 2399 4880 horum
2453 4829 2736 4897 approbo:
2788 4830 2894 4887 hoc
2921 4834 3067 4889 enim
3098 4836 3264 4893 nimis
3297 4837 3485 4891 curin-

201 4901 485 4972 μυθῶδες.
521 4902 631 4972 Τῆς
662 4901 773 4973 γὰρ
803 4901 954 4966 θείας
976 4903 1204 4972 Γραφῆς
1236 4906 1333 4956 καὶ
1363 4903 1469 4972 πρὸ
1496 4908 1595 4975 τῆς
1619 4907 1796 4980 ψυχῆς

1904 4929 2048 4976 sum,
2080 4916 2211 4970 illud
2246 4931 2378 4971 vero
2408 4917 2565 4972 valde
2607 4918 2941 4977 fabulosum.
2984 4924 3121 4980 Cum
3153 4927 3297 4982 enim
3336 4928 3486 4983 Scri-

198 4995 263 5046 τὸ
293 4994 464 5062 σῶμα
491 4993 895 5050 δωπεπλᾶσθαι
920 4994 1195 5069 φησᾶσης,
1226 4994 1345 5058 πῶς
1375 4995 1435 5047 ού
1469 4999 1711 5067 μυθῶδες
1735 5003 1789 5056 τὲ

1903 5014 2063 5073 ptura
2107 5007 2291 5063 divina
2338 5007 2537 5064 dixerit
2610 5024 2810 5083 corpus
2853 5013 3152 5073 formatum
3193 5032 3314 5075 esse
3361 5033 3506 5081 ante

281 5150 308 5192 ί
352 5149 495 5208 Gen.
526 5165 609 5218 ιιι,
642 5151 731 5208 19.
824 5156 1033 5217 8ibid..
1061 5156 1147 5211 il.
1225 5158 1254 5198 ιι
1286 5158 1441 5226 ibid.,
1475 5161 1527 5214 t.

1610 5160 1626 5200 i
1656 5158 1815 5215 Rom.
1850 5176 1966 5227 vnn,
1997 5162 2086 5220 24.

1078 5310 1316 5366 VARIJE
1358 5312 1740 5369 LECTIONES
1787 5314 1873 5369 EX
1923 5315 2200 5372 CATENA
2232 5317 2598 5377 LIPSIENSI.

280 5449 338 5484 ⁸⁸
363 5450 468 5521 τὴν
499 5449 815 5522 ἀφθαρσίαν
850 5468 1137 5525 πραγματ.
1214 5458 1258 5487 ⁸⁷
1286 5454 1408 5510 Cat.
1535 5456 1624 5524 99,
1658 5458 1756 5529 τὴν
1782 5461 1789 5510 t‘

1878 5496 1893 5511 .
1932 5477 2007 5511 πα
2015 5459 2189 5530 ραὸέις
2222 5476 2335 5517 om.

1772 5575 1866 5632 1‘10
1881 5578 2004 5633 ΓΑ).

286 5714 410 5788 (Ἡ)
446 5714 902 5779 Μετεσκεύασα,
933 5713 1065 5769 Cod.
1100 5717 1165 5786 μὲ
1186 5721 1590 5776 κατεσκεύασα.
1620 5722 1783 5780 Picus

1878 5723 1913 5777 τὲ
1943 5725 2343 5795 κατεσκεύασα.

511 5808 784 5869 ΡΑτιιοι..
823 5808 938 5871 GR.
982 5811 1224 5891 LXXX.
