3928 6316
430 215 532 280 139

1403 202 1890 266 THEODORETI
1934 199 2276 260 EPISCOPI
2331 199 2700 261 CYRENSIS

3596 193 3704 261 140

427 332 687 388 animam.
718 319 990 394 quomodo
1041 317 1353 374 fabulosum
1398 330 1510 370 non
1551 323 1633 369 est
1682 313 1886 379 dicere,
1920 325 2052 371 ac—i

2141 310 2295 378 έγειν
2333 311 2474 381 μετὰ
2504 311 2602 382 τὴν
2633 307 2948 380 παράϐασιν
2984 305 3087 377 τῆς
3119 307 3342 380 ἐντολῆς
3378 307 3562 380 σάρκα
3600 311 3704 362 αύ-

429 419 639 491 cepisse
691 416 814 470 illos
849 426 1068 468 carnem
1119 407 1405 462 mortalem
1439 414 1566 477 post
1615 403 2012 474 transgressio-

428 527 553 566 nem
582 505 868 565 mandati?
896 503 999 574 53
1030 500 1230 556 Verum
1282 499 1499 555 curiose
1530 496 1834 572 inquirerp,
1868 494 2014 550 unde

429 601 596 670 pelles
625 599 769 656 Deus
798 595 1067 659 habuerit,
1103 600 1157 648 et
1180 592 1249 646 ob
1280 591 1333 646 id
1368 603 1567 644 novam
1616 588 1853 642 amictus
1895 600 2018 655 spe-

430 694 567 747 ciem
619 688 948 760 excogitare,
1011 683 1346 754 superﬂuum
1409 696 1530 736 esse
1596 679 1731 734 mihi
1778 678 2014 732 videtur.

433 778 570 832 Sunt
613 773 1250 849 igituri‘amplectemla,
1308 785 1432 840 qua:
1493 769 1698 839 scripta
1727 776 1901 834 sunt,
1964 771 2019 820 et

431 869 738 933 sciendum,
766 866 910 937 quod
951 865 1195 920 omnium
1227 861 1474 918 Creatori
1499 861 1640 916 nihil
1670 860 1886 915 difﬁcile
1926 868 2020 915 aut

432 957 751 1029 impeditum
816 963 918 1011 est.
991 952 1095 1009 Sed
1145 952 1404 1006 admirari
1467 959 1682 1021 oportet
1726 964 2019 1020 perennem

432 1049 551 1120 ejus
603 1048 924 1113 bonitatem,
979 1046 1180 1118 quippe
1225 1045 1318 1116 qui
1364 1045 1529 1100 etiam
1583 1043 2020 1114 delinquentium

433 1156 622 1195 curam
653 1148 826 1211 gerat,
859 1128 958 1195 nec
979 1138 1318 1194 vestimentis
1343 1135 1669 1193 necessariis
1699 1151 1890 1191 carere
1920 1151 2022 1190 nuo

433 1232 531 1286 dos
571 1231 868 1301 permittat.

506 1317 881 1375 THEODORI.
927 1318 1226 1386 Quaesitum
1267 1326 1369 1385 est,
1398 1332 1520 1387 quae
1548 1317 1659 1373 sint
1686 1327 1871 1373 vestes
1903 1318 2022 1388 pel-

438 1411 630 1466 licem?
679 1409 816 1465 Nam
865 1409 911 1466 si
969 1425 1036 1465 ex
1083 1409 1411 1469 animalibus
1459 1409 1657 1465 occisis
1702 1409 1845 1465 facta
1898 1419 2028 1464 sunt

439 1499 777 1564 indumenta,
825 1499 1175 1568 perspicuum
1221 1505 1304 1552 est
1346 1497 1491 1568 quod
1544 1498 1850 1554 occisorum
1910 1497 2028 1551 ani-

2114 401 2242 465 τοὺς
2281 401 2562 472 εἰληφέναι
2607 401 2844 472 θνητήν;
2876 399 2951 453 Τὸ
2983 398 3042 452 δέ
3087 415 3152 468 γε
3189 398 3704 470 πολυπραγμονεῖν,

2117 493 2282 546 πόθεν
2318 493 2398 563 τῷ
2433 492 2553 563 Θεῷ
2581 493 2848 564 δέρματα,
2880 490 2975 544 καὶ
3021 489 3110 543 διὰ
3148 488 3309 542 τοῦτο
3340 489 3528 543 καινὸν
3562 486 3708 553 εἶδος

2119 583 2478 655 περιϐολαίων
2509 584 2768 648 ἐπινοεῖν,
2803 579 3056 654 περιττὸν
3085 577 3226 634 εἶναι
3261 597 3352 650 μοι
3387 581 3554 634 δοκεῖ.
3583 582 3710 652 Χρὴ

2118 675 2300 728 τοίνυν
2327 677 2575 745 στέργειν
2598 674 2667 728 τὰ
2686 672 3068 744 γεγραμμένα,
3098 672 3194 724 καὶ
3219 670 3420 724 εἰδέναι
3450 670 3527 735 ὡς
3548 671 3708 724 οὐδὲν

2121 768 2325 838 ἄπορον
2354 766 2432 837 τῷ
2457 767 2567 819 τῶν
2599 765 2736 819 ὅλων
2762 762 3112 835 Δημιουργῷ,
3148 762 3243 815 καὶ
3269 761 3574 831 θαυμάζειν
3606 761 3708 813 αύ-

2122 858 2216 911 τοῦ
2237 858 2335 930 τὴν
2371 856 2599 930 ἄπειρον
2637 858 2749 930 (25)
2777 856 3088 927 ἀγαθότητα
3107 871 3119 884 ·
3155 854 3239 907 ὅτι
3268 852 3361 907 καὶ
3382 851 3712 924 παραϐεϐη-

2125 949 2297 1003 κότων
2321 947 2664 1018 ἐπιμελεῖται
2686 963 2700 976 ο
2733 948 2828 1002 καὶ
2851 945 3151 1015 δεηθέντων
3185 941 3536 1014 περιϐολαίου
3563 941 3709 1012 (26),

2124 1044 2186 1096 οὑ
2216 1041 2458 1114 περιεῖδε
2483 1042 2728 1112 γυμνούς
2749 1034 2814 1092 ⁸⁸.

2197 1301 2572 1356 ΘΕΟΔΩΡΟΥ,
2606 1298 2922 1369 Ἐζήτηται,
2959 1294 3013 1348 τι
3056 1296 3172 1347 ἐστι
3214 1293 3452 1364 χιτῶνας
3499 1291 3714 1363 δερμα-

2127 1395 2304 1458 τίνους
2329 1410 2343 1424 ·
2369 1393 2483 1448 ἀλλ’
2515 1393 2564 1446 ει
2597 1391 2695 1461 μὲν
2732 1387 2888 1454 ζώων
2925 1387 3245 1456 σφαγέντων
3273 1385 3334 1449 ἐξ
3368 1383 3551 1438 αὐτῶν
3585 1383 3715 1451 ἐγέ-

2130 1499 2282 1537 νοντο
2317 1481 2384 1534 τὰ
2426 1479 2721 1550 ἐνδύματα,
2765 1476 3012 1549 εῦδηλον,
3055 1477 3137 1529 ὅτι
3190 1474 3417 1527 ἐπέλιπε
3457 1473 3520 1525 τὸ
3550 1472 3718 1541 γένος

440 1593 662 1646 malium
713 1608 884 1663 genus
945 1591 1236 1657 defecerit,
1293 1607 1419 1646 cum
1477 1591 1623 1647 Deus
1676 1592 1840 1662 paulo
1903 1602 2027 1648 ante

2141 1574 2240 1627 τῶν
2290 1571 2638 1642 σφαγέντων·
2693 1571 2818 1640 ἄρτι
2877 1568 2974 1640 μέν
3023 1567 3117 1621 τοῦ
3157 1565 3294 1618 Θεοῦ
3320 1565 3486 1635 άρῤεν
3515 1581 3575 1616 τε
3617 1563 3722 1617 καὶ

441 1683 743 1739 masculum
775 1691 830 1739 et
862 1682 1124 1738 feminam
1159 1692 1419 1748 creasset,
1449 1699 1550 1738 nec
1574 1682 1753 1740 adhuc
1779 1685 1870 1738 ulli
1903 1700 2028 1754 par-

2141 1665 2266 1736 5ἦλυ
2313 1661 2696 1735 πεποιηκότος,
2729 1658 2883 1714 οὔπω
2925 1659 2984 1713 δὲ
3031 1657 3244 1719 οὐδενὸς
3292 1656 3404 1728 (27)
3448 1653 3723 1726 τετογμέ-

442 1785 528 1828 tus
565 1775 920 1830 exstitissent.
951 1774 1221 1829 Praeterea
1260 1789 1425 1830 nemo
1475 1775 1791 1831 existimare
1850 1783 2028 1845 potest

435 1865 611 1920 Deum
660 1867 918 1922 animalia
973 1866 1214 1937 jugulari
1263 1868 1611 1938 praecepisse,
1642 1868 1860 1939 quando
1893 1884 2028 1921 ιιοιι-

441 1956 570 2010 dum
594 1969 721 2011 esus
741 1957 987 2012 carnium
1013 1965 1132 2012 erat
1162 1960 1463 2028 permissus
1491 1960 1822 2016 hominibus.
1862 1959 2028 2015 Multo

443 2047 626 2104 minus
661 2049 813 2104 decet
869 2064 970 2104 nos
1023 2050 1276 2105 arbitrari
1333 2052 1497 2107 Deum
1545 2060 1724 2108 vestes
1769 2068 1889 2122 quae
1919 2069 2028 2107 non

445 2149 620 2207 erant,
667 2141 1032 2210 produxisse:
1071 2142 1165 2212 qui
1208 2143 1429 2198 homine
1459 2152 1647 2199 creato
1678 2145 1842 2199 desiit
1870 2145 2030 2214 quid-

447 2245 610 2299 quam
659 2246 866 2299 creare,
909 2234 1056 2302 quod
1098 2248 1212 2287 non
1242 2243 1406 2301 esset,
1441 2236 1598 2305 quasi
1635 2237 1687 2290 in
1720 2237 1837 2306 ipso
1878 2253 2030 2292 crea-

449 2323 647 2375 tionem
677 2322 921 2376 universi
952 2324 1141 2379 mundi
1174 2325 1531 2381 concludens.
1595 2325 1824 2380 Consmt
1868 2327 2033 2398 igitur

452 2411 618 2468 Deum
674 2413 930 2482 pelliceas
962 2425 1142 2470 vestes
1174 2431 1281 2471 non
1332 2431 1551 2471 creasse
1581 2431 1647 2470 ex
1682 2416 1876 2471 nihilo.
1926 2418 2030 2472 Sed

451 2505 684 2561 fortasse
733 2504 1078 2575 ignorabant,
1133 2513 1191 2560 ut
1245 2506 1542 2561 verisimile
1599 2514 1709 2572 est,
1759 2508 1850 2577 qui
1905 2508 2032 2563 talia

450 2603 723 2666 quaerunt,
756 2595 898 2666 quod
933 2597 1098 2665 pelles
1131 2611 1238 2651 non
1271 2597 1447 2651 solum
1477 2597 1582 2651 illae
1609 2598 1888 2662 dicuntur,
1914 2615 2034 2667 quae

356 2761 359 2764 ν
453 2687 522 2741 ab
549 2686 878 2741 animalibus
905 2685 1250 2750 auferuntur,
1297 2686 1393 2741 sed
1427 2687 1592 2741 etiam
1622 2704 1745 2756 quae
1774 2687 1842 2741 ab
1876 2690 2035 2742 arbo-

454 2778 628 2841 ribus,
682 2791 820 2846 quas
875 2777 1109 2831 cortices
1158 2775 1430 2846 appellare
1486 2778 1680 2848 vulgus
1725 2782 2030 2836 consuevit.

456 2869 623 2936 igitur
657 2867 829 2921 Adam
884 2867 1201 2922 indumenta
1233 2867 1466 2924 confecit
1512 2884 1578 2922 ex
1621 2869 1909 2927 arboribus
1940 2875 2037 2926 ha-

456 2957 709 3014 bentibus
743 2959 974 3013 cortices
1001 2967 1157 3028 aptas
1184 2958 1248 3012 ad
1276 2961 1599 3013 vestimenta
1631 2962 2032 3029 componenda,

459 3049 569 3104 Deo
600 3048 768 3103 menti
822 3047 967 3103 illius
1021 3058 1364 3120 suggerente,
1416 3051 1690 3120 quomodo
1721 3051 1770 3106 id
1805 3052 1918 3108 licri
1948 3054 2042 3110 de-

460 3141 630 3194 heret.

531 3305 872 3367 ORIGENIS.
905 3304 1048 3373 Quid
1079 3304 1396 3361 existimare
1427 3306 1690 3364 debemus
1714 3326 1834 3366 esse
1863 3320 2040 3368 vestes

462 3403 584 3455 illas
612 3400 906 3470 pelliceas?
938 3399 1102 3454 Valde
1123 3399 1339 3468 quidem
1372 3399 1626 3454 stolidum
1660 3413 1763 3467 est,
1795 3413 1849 3458 et
1878 3405 2040 3470 anile,

464 3495 682 3561 Deoque
755 3493 978 3545 minime
1033 3491 1294 3563 dignum,
1340 3492 1593 3546 arbitrari
1652 3493 1821 3549 Deum
1877 3497 2043 3563 pelles

464 3583 779 3636 animalium
815 3582 1208 3651 jugulatorum,
1242 3581 1350 3653 54
1378 3591 1472 3636 aut
1508 3583 1661 3638 aliter
1702 3596 2040 3641 mortuorum

465 3676 761 3745 accepisse,
814 3685 867 3730 et
900 3675 1024 3728 inde
1073 3675 1238 3744 pelles
1271 3675 1390 3730 illas
1437 3679 1774 3742 consueudo,
1823 3679 2044 3732 coriarii

467 3783 638 3831 more,
668 3768 721 3820 in
753 3767 1057 3822 vestimenti
1095 3765 1323 3820 formam
1359 3766 1649 3835 redegisse.
1689 3767 1946 3832 Rursum,
1989 3779 2046 3824 ut

468 3859 664 3912 vitetur
693 3859 805 3912 haec
836 3857 1166 3923 absurditas,
1199 3857 1398 3921 dicere,
1427 3868 1603 3913 vestes
1635 3858 1758 3913 illas
1789 3859 2044 3928 pelliceas

471 3949 604 4002 nihil
649 3949 792 4002 aliud
841 3961 966 4002 esse
1008 3963 1171 4016 quam
1217 3961 1471 4016 corpora,
1503 3948 1783 4018 probabile
1825 3951 2042 4020 quidem

467 4049 571 4101 est,
609 4047 660 4094 et
689 4040 754 4093 ad
794 4039 1166 4093 asscusionem
1222 4038 1542 4092 eliciendam
1593 4038 1778 4094 efficax
1811 4062 1822 4096 :
1855 4051 1910 4094 at
1938 4058 2044 4096 non

468 4133 688 4186 evidens
736 4131 878 4201 quod
930 4131 999 4184 sit
1049 4145 1257 4184 verum.
1301 4128 1357 4183 Si
1389 4130 1533 4183 enim
1581 4130 1820 4200 pellicere
1871 4143 2045 4189 vestes

470 4232 597 4278 sunt
635 4238 826 4277 carnes
865 4231 919 4276 et
947 4236 1092 4284 ossa,
1136 4220 1409 4291 quomodo
1444 4230 1598 4274 antea
1644 4223 1779 4276 dixit
1829 4224 2042 4279 Adam:

2131 1774 2222 1810 vou
2251 1755 2319 1820 δ’,
2347 1754 2484 1826 πρὸς
2513 1753 2589 1824 τῷ
2619 1752 2839 1806 κάκεῖνο
2875 1748 2950 1821 μὴ
2991 1747 3305 1819 ἐνδέχεσθαι
3335 1747 3600 1818 νομίζειν,
3631 1748 3723 1800 ὅτι

2132 1847 2250 1912 ζῶα
2293 1843 2620 1915 σφάττεσθαι
2652 1843 2935 1895 ἐκέλευσεν
2961 1839 2989 1891 ὁ
3023 1839 3174 1902 Θεὸς,
3204 1839 3293 1891 ὅτε
3324 1839 3490 1909 μήπω
3552 1854 3724 1908 κρεο-

2133 1939 2307 2010 φαγία
2348 1934 2415 2009 ἦν
2461 1934 2906 2006 ἐπιτετραμμένη
2963 1933 3075 1995 τοῖς
3099 1930 3443 2002 ἀνθρώποις·
3477 1931 3604 1996 τοὺς
3641 1930 3727 2002 μὴ

2129 2031 2292 2094 ὄντας
2338 2031 2395 2083 δὲ
2435 2029 2672 2102 χιτῶνας
2730 2027 2811 2079 ἐτι
2851 2025 3018 2079 πλέον
3057 2023 3306 2094 ἀπρεπὲς
3353 2021 3601 2092 νομίζειν
3633 2023 3725 2076 ὅτι

2131 2121 2454 2186 παρήγαγεν
2501 2118 2529 2169 ὁ
2558 2115 2712 2180 Θεὸς,
2761 2113 2820 2177 ὃς
2842 2114 2901 2166 ἐν
2933 2115 2999 2183 τῇ
3045 2110 3138 2164 τοῦ
3176 2110 3466 2180 ἀνθρώπου
3499 2112 3724 2183 ποιήσει.

2131 2207 2225 2260 τοῦ
2255 2210 2428 2260 ποιεῖν
2462 2223 2514 2259 τι
2556 2207 2634 2277 μὴ
2675 2204 2734 2259 ὃν
2775 2203 2888 2277 (28)
2919 2203 3300 2269 ἀπεπαύσατο,
3334 2201 3412 2266 ὡς
3451 2204 3509 2256 ἐν
3540 2203 3727 2275 τούτῳ

2131 2298 2228 2351 τοῦ
2277 2299 2490 2368 κόσμου
2531 2297 2736 2362 παντὸς
2784 2296 3143 2367 συμπεράνας
3192 2295 3292 2367 τὴν
3338 2296 3580 2366 ποίησιν.
3624 2295 3730 2349 Εὖ-

2133 2391 2291 2461 δηλον
2341 2388 2454 2458 οὖν,
2485 2391 2560 2454 ὡς
2591 2390 2703 2443 οὐδ’
2737 2389 2805 2443 ἂν
2845 2390 3082 2459 χιτῶνας
3118 2389 3482 2460 δερματίνους
3529 2393 3596 2443 ἐκ
3625 2388 3724 2444 τοῦ

2137 2484 2213 2554 μὴ
2247 2483 2399 2546 ὄντος
2422 2485 2770 2553 παρήγαγεν.
2817 2481 2978 2535 Ἀλλὰ
3014 2482 3124 2550 γὰρ
3163 2481 3469 2553 ἠγνόησαν,
3500 2481 3578 2546 ῶς
3613 2482 3729 2537 ἐοι-

2134 2592 2252 2639 κεν,
2281 2577 2331 2629 οἱ
2371 2576 2499 2647 περὶ
2537 2573 2742 2628 τούτων
2787 2573 3100 2644 ζητοῦντες,
3128 2575 3210 2626 ὅτι
3248 2575 3494 2646 δέρματα
3524 2576 3588 2629 ού
3623 2577 3728 2647 μόο

2136 2685 2225 2722 νον
2253 2669 2323 2720 τὰ
2345 2668 2409 2720 ἐκ
2439 2666 2545 2720 τῶν
2581 2665 2734 2729 ζώων
2769 2665 3155 2736 ἀφαιρούμενα
3183 2665 3426 2734 λέγεται,
3456 2666 3598 2720 ἀλλὰ
3629 2668 3730 2722 καὶ

2136 2760 2205 2812 τὰ
2247 2761 2312 2812 ἐκ
2355 2758 2464 2812 τῶν
2501 2757 2755 2828 δένδρων,
2805 2756 2841 2810 ἃ
2870 2757 2964 2810 καὶ
2999 2757 3217 2825 φλοιοὺς
3260 2757 3554 2828 ὀνομάζειν
3601 2759 3732 2824 ἔθος

2137 2851 2250 2913 τοῖς
2280 2849 2514 2910 πολλοῖς.
2571 2848 2666 2900 Ἐκ
2714 2847 2949 2916 δένδρων
2978 2846 3160 2900 τοίνυν
3208 2847 3552 2917 ἐπιτηδείους
3609 2865 3735 2911 πως

2141 2939 2358 3008 φλοιοὺς
2406 2938 2640 3008 ἐχόντων
2667 2939 2748 3000 εἰς
2786 2936 3103 3008 ἐνδυμάτων
3127 2938 3499 3009 κατασκευὴν,
3520 2941 3738 3010 ἐποίη-

2145 3048 2244 3084 σαν
2268 3032 2316 3083 οἱ
2345 3030 2474 3101 περὶ
2511 3030 2603 3082 τὸν
2632 3029 2805 3100 Ἀδὰμ
2829 3028 2897 3082 τὰ
2915 3028 3211 3099 ἐνδύματα,
3233 3028 3330 3082 τοῦ
3360 3029 3498 3083 Θεοῦ
3521 3031 3570 3063 ³ο
3604 3031 3734 3084 κατ’

2143 3124 2352 3178 ἐννοιαν
2385 3123 2572 3185 αὐτοῖς
2627 3121 2988 3192 ὑποθεμένου,
3041 3122 3159 3186 πῶς
3201 3121 3308 3195 χρὴ
3357 3121 3518 3177 τοῦτο
3564 3123 3738 3194 ποιῆ-

2146 3233 2257 3272 σαι.

2177 3351 2188 3358 .
2213 3306 2618 3361 ΩΡΙΓΕΝΟΥΣ.
2645 3305 2711 3360 Τί
2746 3305 2828 3360 δεῖ
2875 3309 3016 3360 νοεῖν
3053 3306 3183 3369 τοὺς
3241 3306 3604 3378 δερματίνους
3641 3325 3738 3377 χι-

2144 3400 2356 3466 τῶνας;
2392 3399 2608 3471 Σφόδρα
2636 3401 2736 3468 μὲν
2774 3394 2866 3453 οῦν
2893 3398 3123 3469 ήλίθιον,
3174 3399 3270 3454 καὶ
3311 3397 3580 3468 γραῶδες,
3633 3401 3738 3452 καὶ

2144 3493 2362 3558 ἀνάξιον
2387 3492 2480 3546 τοῦ
2514 3491 2672 3557 Θεοῦ,
2703 3492 2766 3545 τὸ
2794 3491 3002 3545 οἴεσθαι
3027 3489 3182 3554 ζώων
3209 3491 3370 3545 τινῶν
3403 3490 3738 3561 περιελόντα

2144 3584 2389 3656 δέρματα
2415 3584 2507 3637 τὸν
2536 3583 2690 3644 Θεὸν,
2718 3581 3138 3653 ἀναιρεθέντων,
3165 3581 3199 3653 ἢ
3225 3581 3402 3644 ἄλλως
3430 3597 3549 3644 πως
3584 3583 3737 3635 ἁπο-

2147 3677 2418 3732 θανόντων
2443 3715 2458 3740 ,
2497 3675 2860 3744 πεποιηκέναι
2904 3675 3160 3746 σχήματα
3209 3673 3484 3744 χιτώνων,
3521 3679 3741 3745 καταῤ-

2147 3768 2397 3839 ῥάψαντα
2437 3767 2685 3837 δέρματα
2724 3765 2882 3834 δίκην
2927 3766 3286 3834 σκυτοτόμου.
3330 3765 3500 3819 Πάλιν
3529 3782 3590 3818 τε
3624 3784 3739 3835 gou-

2145 3859 2312 3927 γόντα
2341 3857 2403 3910 τὸ
2434 3856 2608 3920 οὕτως
2636 3859 2858 3920 ἄτοπον,
2884 3856 3061 3925 λέγειν
3101 3859 3227 3921 τοὺς
3256 3857 3623 3928 δερματίνους
3652 3875 3742 3927 χι-

2145 3949 2322 4012 τῶνας
2361 3948 2462 4000 οὐκ
2484 3946 2676 4010 ἄλλους
2715 3941 2876 4012 εἶναι,
2907 3947 2940 4017 ἢ
2971 3947 3036 4000 τὰ
3070 3945 3298 4016 σώματα
3332 3947 3466 4016 (29),
3501 3946 3740 4000 πιθανὸν

2151 4039 2271 4109 μὲν,
2296 4039 2391 4092 καὶ
2430 4041 2509 4100 εἰς
2533 4037 2935 4106 συγκατάθεσιν
2960 4036 3372 4092 ἐπισπάσασθαι
3392 4037 3705 4107 δυνάμενον
3721 4055 3738 4070 ο

2147 4135 2208 4187 οὐ
2242 4134 2347 4205 μὴν
2382 4133 2552 4202 σαφὲς
2582 4133 2658 4196 ὼς
2702 4131 2923 4201 ἀληθές.
2956 4130 3017 4183 Εἰ
3060 4128 3169 4200 γὰρ
3199 4129 3250 4182 οἱ
3289 4129 3611 4200 δερμάτινοι
3643 4148 3740 4200 χι-

2147 4226 2318 4288 τῶνες
2360 4227 2561 4295 σάρκες
2602 4224 2698 4278 καὶ
2726 4222 2888 4277 όστέα
2919 4223 3047 4286 εἰσὶ,
3079 4221 3199 4284 πῶς
3245 4222 3354 4291 πρὸ
3384 4220 3593 4276 τούτων
3629 4238 3744 4292 φη-

475 4334 492 4364 t
528 4313 641 4368 Hoc
689 4329 834 4367 nunc
879 4328 940 4367 os
992 4327 1060 4367 ex
1098 4312 1315 4366 ossibus
1359 4311 1518 4376 meis,
1552 4320 1606 4365 et
1631 4329 1759 4367 caro
1784 4314 1850 4368 de
1879 4329 2044 4370 carne

2153 4317 2236 4370 σὶν
2261 4318 2290 4368 ὁ
2331 4316 2525 4385 Ἀδὰμ,
2549 4333 2568 4366 ι
2598 4314 2772 4368 Τοῦτο
2798 4315 2894 4368 νῦν
2927 4312 3122 4366 ὀστοῦν
3154 4313 3220 4366 ἐκ
3249 4312 3357 4366 τῶν
3385 4311 3563 4366 ὀστῶν
3602 4331 3739 4384 μου,

473 4406 624 4462 meai
651 4407 674 4461 ?
708 4427 726 4459 ι
765 4407 863 4461 His
891 4405 1055 4476 igitur
1093 4403 1540 4473 ambiguitatibus
1570 4403 1751 4458 obruti
1783 4406 2044 4471 nonnulli,

473 4505 829 4552 asseruernnt
897 4503 1076 4549 vestes
1140 4491 1392 4560 pelliceas
1468 4507 1589 4548 esse
1656 4495 2044 4550 mortalitatem

525 4667 539 4719 i
578 4669 711 4724 Gen.
748 4685 805 4729 ll,

2154 4405 2249 4457 καὶ
2273 4403 2410 4474 σὰρξ
2435 4406 2497 4457 ἐκ
2528 4408 2629 4475 τῆς
2663 4404 2866 4476 σαρκός
2894 4421 2996 4474 μου
3021 4419 3037 4469 ;
3064 4421 3082 4454 ›
3111 4401 3327 4466 Ταύτας
3351 4397 3448 4457 οῦν
3465 4402 3567 4466 τὰς
3593 4405 3742 4456 ἀπο-

2155 4495 2280 4567 ρίας
2307 4497 2720 4568 περιϊστάμενοί
2740 4513 2906 4564 τινες,
2941 4495 3298 4566 δερματίνους
3341 4497 3606 4566 χιτῶνας,
3634 4495 3740 4568 τὴν

1327 4820 1560 4876 VARle
1613 4817 1995 4874 LECTIONES
2041 4819 2127 4873 EX
2181 4819 2459 4876 CATENA
2500 4821 2853 4878 LIPSIENSI.

547 4986 594 5018 ⁸³
624 4984 743 5038 Cat.
763 4997 817 5051 p.
842 4979 967 5034 100.
989 4978 1101 5051 -τὴν
1123 4977 1361 5051 ἄρρητον
1385 4973 1740 5051 ἀγαθότηταιί
1763 4973 1846 5051 agt
1870 4973 1965 5026 καὶ
1997 4973 2462 5051 παραϐεύηκότων
2485 4976 2583 5044 οὐχ
2608 4975 2878 5051 bat-595165,
2911 4973 3005 5051 καὶ
3021 4973 3333 5051 ,δεηθέντων
3360 4975 3742 5051 περιϐολαέων

478 5043 838 5125 ἐπιμελεῖταιι
860 5052 935 5120 μὴ
961 5043 1100 5125 εἶναι
1127 5043 1331 5125 ἀὐτ-οὺς
1359 5043 1622 5115 γυμνούς.
1696 5045 1742 5077 ⁸⁸
1770 5044 1890 5099 Cat.
1915 5059 1970 5114 p.
2001 5045 2122 5098 102.
2155 5043 2369 5107 οὐδενὸς
2392 5043 2750 5116 τεταγμένου.
2830 5045 2876 5077 ⁸⁸
2909 5045 2990 5108 εἰς
3017 5043 3206 5114 ἐνδυμ.
3247 5043 3488 5104 κατασκ.
3519 5048 3577 5103 οἱ
3611 5051 3742 5120 περὶ

478 5115 778 5190 τὸν”Αδὰμ
808 5115 966 5191 ἧκον,
996 5116 1088 5171 τοῦ
1121 5115 1276 5183 Θεοῦ,
1307 5125 1412 5172 elc.

1996 5228 2229 5285 ΝΟΤίΕ.

558 5375 672 5449 (ξιξ)
704 5374 1009 5449 [Απειροιί.
1034 5374 1169 5430 Cod.
1197 5375 1410 5449 et_Pic_.'
1437 5376 1777 5449 ἀπόρρητον.

555 5442 668 5516 (2g)
695 5442 830 5516 Qud.
871 5453 924 5498 et
956 5443 1064 5516 [’ic.
1107 5447 1488 5516 περιϐολαίων.

559 5511 673 5584 (27)
706 5511 842 5569 Cod.
876 5523 931 5569 et
963 5515 1076 5570 Pic.
1101 5511 1459 5588 τεταγμένου.

2257 5373 2347 5440 28)
2381 5371 2438 5426 Ti
2458 5371 2543 5440 μὴ
2575 5369 2664 5423 όν.
2688 5368 2824 5440 Cod.
2856 5376 2910 5421 et
2937 5368 3048 5440 Pic.
3083 5367 3285 5440 τίμιον.

2257 5373 2324 5427 28
2381 5373 2438 5426 Ti
2458 5373 2543 5440 μὴ
2575 5373 2664 5423 όν.
2689 5373 2824 5422 Cod.
2856 5376 2910 5421 et
2937 5373 3048 5422 Pic.
3083 5373 3285 5435 τίμιον.

2256 5373 2496 5512 ἓ9ζούκ
2521 5471 2589 5480 —-
2622 5438 2882 5512 σώματα.
2905 5439 3046 5512 _Cod.
3087 5446 3141 5512 et
3175 5436 3289 5512 Pic.
3322 5435 3429 5489 οὐκ
3476 5436 3622 5491 ἀλλο
3674 5442 3752 5512 (in

2163 5503 2286 5568 cod.
2316 5503 2499 5573 ἄλλος,
2533 5503 2844 5578 perperam)
2877 5505 3017 5560 εἶναι
3045 5503 3141 5558 τοῦ
3166 5503 3443 5574 σώματος.
