3928 6316
172 407 250 472 141
1309 405 1593 477 QU/EST.
1618 403 1696 465 ΙΝ
1721 404 1987 466 GENES.
2015 405 2173 468 CAP.
2204 407 2318 467 III.

3339 391 3444 474 1/.2'

175 522 429 590 νέκρωσιν,
464 516 535 588 ἢν
573 517 947 588 ἀμφιέννυται
982 519 1010 571 6
1049 517 1238 587 Ἀδάμ,
1289 517 1444 586 καὶὴ
1484 515 1620 576 Εὔα,
1653 514 1743 568 διὰ

1854 513 2017 582 illam,
2061 531 2166 586 qua
2207 510 2529 570 circumdati
2580 518 2706 567 sunt
2755 511 2926 567 Adam
2980 520 3034 568 et
3075 511 3205 579 Eva,
3260 517 3435 574 morti

176 615 258 682 τὴν
290 613 558 680 ἁμαρτίαν
596 609 1032 674 θανατωθέντες,
1055 611 1406 680 ἀπεφήναντο
1428 609 1742 678 τυγχάνειν.

183 705 251 755 υὺ
284 704 413 754 πάνυ
446 718 499 753 τι
535 699 663 752 οὐδέ
705 701 862 753 αὐτοὶ
905 699 1147 772 εὐχερῶς
1173 699 1460 769 δυνάμενοι
1488 698 1599 769 (5U)
1640 715 1738 751 1w.-

185 795 443 863 ραςτῆσαι,
481 791 602 855 πῶς
645 794 674 845 6
698 791 854 858 Θεὸς,
882 793 975 846 καὶ
1014 793 1134 862 οὐχ).
1181 791 1450 862 ἁμαρτία,
1481 789 1748 858 νέκρωσιν

181 887 374 954 ἐμποιεῖ
400 883 481 954 τῷ
544 882 982 955 παραϐεϐηκότι.
1034 884 1178 955 Πρὸς
1224 875 1453 944 τούτοις,
1503 883 1748 952 ἀνάγκην

181 976 340 1045 ἔχουαι
387 975 572 1044 λέγειν
603 975 786 1046 σάρκα
829 975 923 1028 καὶ
953 975 1117 1028 ὀστέα
1146 975 1224 1047 τῷ
1256 975 1369 1048 ίδίῳ
1395 976 1538 1046 λόγῳ
1565 975 1640 1046 μὴ
1669 969 1747 1026 εἴ-

177 1085 256 1123 ναι
285 1068 520 1138 φθαρτὰ,
555 1067 611 1120 εί
641 1084 705 1135 γε
734 1067 964 1138 ὕστερον
990 1069 1089 1138 τὴν
1125 1069 1394 1138 νέκρωσιν
1421 1069 1470 1120 οἱ
1508 1067 1747 1136 πατέρες

180 1161 318 1230 ἡμῶν
339 1160 429 1213 διὰ
453 1159 554 1230 τὴν
585 1159 864 1230 ἁμαρτίαν
893 1159 1179 1229 εἰλήφασιν
1197 1161 1358 1214 ’.ἁλλ’
1381 1162 1430 1213 εί
1455 1161 1569 1230 (51)
1600 1159 1694 1212 καὶ
1720 1160 1748 1211 6

179 1251 497 1320 παράδεισος
516 1249 659 1302 Θεῖόν
683 1267 734 1302 τι
752 1248 954 1318 χωρίον
977 1249 1115 1316 ἐστὶ,
1138 1249 1453 1318 λεγέτωσαν
1480 1248 1592 1312 πῶς
1617 1247 1748 1300 ἐκα-

179 1357 296 1394 στον
326 1343 446 1394 ἐκεῖ
489 1341 600 1393 τῶν
654 1340 833 1411 μελῶν
879 1342 952 1412 μὴ
987 1341 1165 1410 μάτην
1205 1339 1748 1412 δεδημιουργημένον

179 1433 268 1500 τὴν
303 1430 514 1483 οἰκείαν
563 1430 846 1501 ἐνέργειαν
890 1433 1114 1502 ἐνήργει
1151 1431 1288 1502 (5‘2).
1332 1432 1471 1502 Περὶ
1514 1433 1614 1502 μὲν
1652 1431 1747 1487 οὖν

178 1520 262 1574 τοῦ
284 1521 540 1591 μυκτῆρα
561 1520 815 1588 λέγεσθαι
832 1521 980 1592 παρὰ
997 1522 1074 1592 τῷ
1096 1521 1302 1595 Ἀκύλᾳ
1324 1523 1417 1577 καὶ
1441 1523 1744 1594 Συμμάχῳ,

177 1612 205 1680 ῆ
248 1612 540 1683 πρόσωπον
578 1615 729 1684 παρὰ
773 1616 888 1677 τοῖς
931 1615 1336 1685 Ἐὀδομήκοντα
1389 1615 1485 1668 τοῦ
1537 1619 1746 1669 πεπλα-

175 1703 389 1772 σμένου,
438 1706 517 1767 εἰς
553 1704 582 1756 ὃ
619 1705 957 1776 ἐνεφύσησεν
991 1708 1019 1760 6
1047 1706 1181 1770 Θεὸς
1235 1706 1403 1776 πνοὴν
1447 1707 1590 1777 ζωῆς
1615 1724 1627 1737 ·
1661 1707 1748 1760 λε-

1849 619 2071 678 propter
2103 617 2389 676 peccatum
2419 603 2642 660 addicti.
2679 602 2786 660 Sed
2821 605 2912 660 isti
2954 620 3062 660 non
3103 603 3262 664 facile
3302 624 3434 680 pro-

1847 697 1979 752 bare
2009 706 2260 769 possunt,
2303 695 2582 767 quomodo
2609 693 2774 762 Deus,
2807 703 2860 751 et
2897 713 3001 752 non
3044 699 3218 754 multo
3262 701 3436 772 magis

1848 799 2153 858 peccatum,
2191 787 2577 841 mortalitatem
2629 786 2802 856 pariat
2845 791 3260 860 transgressori.
3292 792 3438 850 Prte-

1850 888 1993 934 terea
2019 893 2240 934 necesse
2264 886 2348 934 est
2377 892 2472 932 eos
2494 877 2676 932 dicere
2723 892 2944 933 carnem
2977 892 3032 934 et
3057 896 3186 937 ossa
3217 885 3436 954 propria

1849 971 2060 1026 ratione
2105 986 2210 1026 non
2261 985 2382 1027 esse
2420 969 2998 1040 corruptibilia,'cum
3032 979 3222 1043 postea
3254 985 3438 1045 patres

1849 1065 2021 1120 nostri
2074 1073 2294 1136 propter
2351 1075 2636 1136 peccatum
2679 1065 3028 1121 mortalitatis
3065 1069 3437 1126 conditionem

1850 1158 2176 1228 acceperint.
2203 1157 2496 1224 Cancrum,
2527 1158 2573 1214 si
2604 1158 2892 1228 paradisus
2921 1168 3006 1216 est
3034 1159 3188 1216 locus
3213 1163 3437 1232 quidam

1846 1249 2080 1314 divinus,
2137 1250 2464 1320 exprimant,
2517 1250 2794 1320 quomodo
2845 1251 2956 1306 illic
3004 1255 3439 1325 unumquodque

1846 1341 2187 1408 membrum,
2238 1356 2346 1396 non
2399 1341 2602 1397 frustra
2651 1350 2938 1409 creatum,
2992 1345 3268 1415 propriam
3327 1348 3436 1401 vim

1845 1434 2150 1488 exercebat.
2197 1433 2277 1489 Ac
2312 1435 2380 1490 de
2435 1449 2502 1491 eo
2557 1436 2776 1506 quidem
2825 1437 2972 1508 quod
3013 1452 3184 1494 nasus
3237 1439 3439 1494 dicitur

1846 1527 1987 1594 apud
2022 1525 2277 1596 Aquilam
2315 1536 2370 1582 et
2430 1527 2843 1599 Symmachum,
2887 1530 3030 1600 apud
3081 1530 3436 1602 Septuaginta

1845 1632 1973 1672 vero
2005 1616 2192 1683 facies,
2226 1636 2288 1674 ea
2320 1636 2446 1691 pars
2475 1620 2692 1676 formati
2728 1621 2983 1687 hominis,
3016 1621 3069 1676 in
3093 1637 3256 1692 quam
3291 1621 3438 1679 Deus

1844 1705 2137 1762 iusuﬂlavit
2162 1709 2415 1778 spiritum
2460 1710 2626 1776 vitae;
2672 1711 2962 1766 dicendum
3003 1719 3087 1767 est
3130 1727 3240 1766 non
3270 1726 3437 1782 opor—

169 1793 318 1846 κτέον
347 1795 486 1864 (35),
528 1796 611 1848 ὅτι
641 1797 702 1849 ού
745 1797 825 1850 δεῖ
879 1798 1232 1868 περιέχεσθαι
1275 1798 1372 1852 τοῦ
1414 1799 1746 1870 γράμματος

1854 1807 1962 1855 tere
2007 1801 2288 1874 adhaerere
2329 1803 2490 1857 nuda’
2524 1801 2716 1858 litterae
2784 1801 3116 1874 Scriptum,
3173 1812 3437 1874 tanquam

168 1886 261 1956 τῆς
293 1886 516 1957 Γραφῆς
540 1886 616 1950 ὡς
656 1887 922 1959 ἀληθοῦς·
942 1865 1109 1943 τὸν-δέ
1134 1865 1747 1962 κεκρυμμένοννθῆσαυ-

1854 1905 2026 1945 verae:
2073 1892 2166 1946 sed
2198 1870 2516 1947 thesaurum
2549 1893 2600 1948 in
2635 1893 2811 1949 littera
2862 1865 3116 1950 latentem
3168 1865 3414 1963 quaerere

171 1978 257 2048 ρὸν
292 1978 354 2030 ἐν
390 1977 470 2048 τῷ
503 1978 796 2050 γράμματι
829 1979 1016 2051 ζητεῖν
1053 1981 1121 2036 ⁸⁸.

787 2094 985 2149 ΕΡΩΤ.
1017 2095 1108 2149 Μ’.

171 2203 228 2257 τί
281 2203 415 2256 ἐστι
483 2204 583 2271 τὸ,
623 2221 641 2254 ι
691 2203 882 2276 ἸδοὺΔ
902 2206 1146 2274 γέγονεν
1194 2203 1378 2276 Ἀδὰμ
1419 2206 1499 2272 ὡς
1545 2204 1628 2269 εἰς
1676 2206 1747 2270 ἐξ

759 2272 930 2342 ἡμῶν
960 2272 1069 2344 (54)
1099 2293 1114 2342 ;
1149 2293 1168 2326 ι

243 2361 463 2432 Ἐπειδὴ
480 2362 765 2427 ὁδιάϐολος
789 2360 964 2428 εἶπεν,
991 2383 1010 2416 ι
1024 2362 1252 2416 Ἐσεσθε
1272 2363 1348 2428 ὡς
1367 2363 1480 2418 θεοὶ
1503 2364 1637 2434 (55),
1662 2380 1749 2431 γι-

167 2450 463 2516 νώσκοντες
483 2453 646 2507 καλὸν
666 2455 759 2508 καὶ
777 2454 1031 2525 πονηρὸν,
1057 2474 1076 2507 ι
1098 2454 1318 2522 ἐδέξατο
1331 2453 1388 2508 δὲ
1403 2455 1499 2508 τοῦ
1513 2455 1746 2508 θανάτου

167 2545 252 2593 τὸν
277 2542 403 2612 ὅρον
427 2543 530 2614 τὴν
565 2543 790 2615 ἐντολὴν
832 2543 1110 2614 παραϐὰς,
1144 2543 1451 2614 εἰρωνικῶς
1475 2543 1636 2597 τοῦτο
1669 2545 1748 2598 ετ-

170 2650 329 2703 ρηκεν
352 2636 380 2686 6
396 2635 506 2688 τῶν
527 2635 666 2688 ὅλων
685 2635 840 2698 Θεὸς,
857 2635 1071 2698 δεικνὺς
1110 2635 1213 2706 τῆς
1233 2634 1548 2705 διαδολικῆς
1574 2637 1748 2704 ἐπαγ-

168 2725 347 2792 γελίας
389 2727 449 2779 τὸ
483 2727 681 2796 ψεῦδος
710 2728 776 2781 ".
810 2726 1152 2782 Μεταλαδείν
1186 2726 1243 2779 δέ
1277 2727 1442 2780 αὑτὸν
1487 2727 1583 2780 τοῦ
1608 2746 1746 2799 καρ-

169 2815 265 2868 ποῦ
297 2817 411 2886 (56)
442 2816 540 2870 τοῦ
593 2817 752 2884 ξύλου
790 2821 889 2888 τῆς
933 2818 1078 2888 ζωῆς
1108 2817 1438 2871 διεκώλυσεν
1460 2834 1474 2850 ·
1509 2819 1570 2872 ού
1614 2819 1746 2888 φθο-

168 2909 266 2961 νῶν
312 2909 464 2979 αὐτῷ
510 2909 611 2979 τῆς
641 2909 914 2964 ἀθανάτου
959 2910 1122 2980 ζωῆς,
1164 2909 1304 2963 ἀλλὰ
1339 2910 1440 2980 τῆς
1467 2910 1746 2982 ἁμαρτίας

169 3002 374 3072 ἐπέχων
426 3001 520 3056 τὸν
564 3001 789 3072 δρόμον.
828 2999 1061 3072 ’ἰατρεία
1095 3001 1274 3054 τοίνυν
1315 3002 1345 3054 6
1385 3000 1636 3068 θάνατος,
1683 3003 1745 3054 οὐ

169 3095 402 3164 τιμωρία
447 3094 560 3166 (57)
600 3095 768 3148 ἐστίν.
809 3093 1027 3164 Ἐπέχει
1073 3094 1179 3166 γὰρ
1223 3095 1324 3166 τῆς
1354 3095 1629 3168 ἁμαρτίας
1648 3095 1746 3168 τὴν

2369 2085 2474 2159 55
2507 2087 2784 2147 Inrsau.
2815 2090 2926 2148 XL.

1856 2203 1998 2268 Quid
2030 2204 2164 2258 illud
2199 2217 2274 2261 est
2307 2226 2325 2262 :
2364 2229 2381 2261 ι
2423 2209 2781 2332 Εεῗιῖὁξῖιίαῖηἱ
2818 2207 2990 2276 [artus
3015 2216 3091 2261 est
3122 2215 3180 2260 ut
3203 2223 3342 2262 unus
3370 2222 3436 2262 ea:

1923 2367 2062 2422 Cum
2097 2368 2350 2424 diabolus
2373 2368 2638 2424 dixisset:
2681 2385 2700 2419 ι
2737 2367 2905 2422 Eritis
2939 2366 3084 2422 sicut
3110 2365 3208 2432 dii,
3237 2375 3438 2436 cogno-

1854 2468 2070 2514 scentes
2103 2460 2304 2516 bonum
2345 2469 2399 2514 et
2434 2460 2638 2514 malum
2667 2457 2710 2525 ι,
2739 2477 2758 2511 ι
2786 2459 3035 2514 Adamus
3083 2471 3215 2514 vero
3250 2471 3440 2514 susce-

1853 2550 2023 2619 pisset
2051 2552 2376 2606 sententiam
2425 2551 2640 2616 mortis,
2704 2550 2834 2620 quia
2893 2559 3275 2620 transgressus
3320 2559 3439 2605 erat

1854 2639 2194 2704 tnandatttm,
2228 2640 2372 2696 Deus
2419 2642 2665 2696 omnium
2699 2641 2805 2696 hoc
2850 2655 2946 2710 per
2986 2639 3221 2695 ironiam
3274 2639 3434 2705 dixit,

1853 2729 2238 2787 demonstrans
2291 2732 2679 2802 promissionis
2713 2732 3003 2788 diabolica:
3063 2732 3434 2788 mendacium.

1853 2818 2216 2878 Prohibucrat
2238 2832 2419 2878 autem
2453 2823 2556 2892 ipsi
2581 2821 2748 2890 Deus,
2769 2839 2838 2879 ne
2873 2823 3142 2894 acciperet
3175 2825 3242 2879 de
3287 2823 3438 2895 ligno

1852 2915 1997 2980 vitae,
2029 2929 2139 2968 non
2174 2915 2319 2984 quod
2366 2914 2632 2970 invideret
2688 2915 2894 2969 homini
2917 2915 3081 2969 vitam
3134 2922 3435 2972 aeternam:

1852 3004 1946 3060 sed
1998 3013 2056 3058 ut
2094 3003 2299 3074 peccati
2353 3019 2575 3059 cursum
2629 3004 2933 3060 cohiberet.
2973 3004 3240 3060 Medicina
3272 3006 3438 3076 igitur

1852 3111 2002 3151 mors
2031 3105 2134 3160 est,
2167 3110 2272 3150 non
2307 3109 2488 3166 poma.
2545 3094 2817 3166 Reprimit
2846 3096 2990 3151 enim
3021 3097 3229 3166 peccati
3263 3097 3439 3168 impe-

167 3187 357 3258 ὁρμήν.
387 3205 408 3239 ι
447 3187 508 3241 ’0
542 3185 653 3257 γὰρ
703 3185 1016 3254 ἀποθανὼν,
1051 3187 1204 3257 φησὶ,
1245 3187 1588 3242 δεδικαίωται
1637 3189 1744 3243 ἀπὸ

1856 3196 1989 3239 tum.
2017 3183 2150 3238 Nam
2191 3202 2209 3235 ι
2247 3193 2498 3238 mortuus
2557 3184 2893 3254 justilicatus
2946 3191 3050 3248 est,
3096 3183 3191 3250 ait,
3233 3199 3264 3238 a
3308 3197 3439 3253 pec-

169 3276 258 3347 τῆς
286 3277 587 3349 ἁμαρτίας.
617 3293 636 3328 ι
665 3277 1016 3347 Καταντικρὺ
1044 3277 1102 3331 δὲ
1130 3277 1225 3331 τοῦ
1260 3277 1595 3350 παραδείσου
1627 3279 1746 3334 διά-

169 3383 280 3435 γειν
332 3370 498 3424 αὑτὸν
542 3368 911 3440 προσέταξεν·
948 3369 1035 3424 ῐνα
1068 3370 1166 3441 τῆς
1193 3369 1402 3424 ἀλύπου
1445 3370 1632 3442 βιοτῆς
1663 3373 1747 3436 εἰς

171 3463 385 3532 μνήμην
405 3461 727 3532 ἐρχόμενος,
757 3463 891 3532 μισῇ
926 3461 1026 3534 τὴν
1056 3461 1356 3532 ἁμαρτίαν,
1376 3461 1453 3527 ὡς
1476 3462 1741 3534 πρόξενον

166 3551 260 3622 τῆς
296 3553 558 3606 ἐπιπόνου
588 3551 758 3624 ζωῆς.

219 3729 611 3784 -ΘΕΟΔΩΡΟΥ.
643 3731 760 3784 Οὐκ
802 3731 1070 3801 άοράτους
1105 3731 1262 3795 τινάς
1303 3731 1565 3802 δυνάμεις
1597 3732 1746 3801 λέγει

162 3821 227 3874 τά
254 3823 578 3892 Χερουϐὶμ,
611 3822 688 3885 ὥς
711 3840 854 3886 τινες
877 3824 1079 3876 οἴονται
1101 3840 1116 3856 ο
1142 3823 1266 3876 ἐπεὶ
1301 3823 1437 3894 μηδὲ
1473 3825 1748 3877 συνετέλει

160 3929 211 3966 τι
245 3915 480 3986 ἀόρατος
527 3913 692 3983 φύσις
729 3915 866 3978 ἐκεῖ,
903 3913 1166 3984 αἰσθητῆς
1213 3913 1388 3982 ὅψεως
1424 3913 1748 3985 ὀφειλούσης

160 4001 304 4060 εἶναι
350 4009 452 4076 τῆς
487 4005 584 4058 τὸν
615 4005 790 4076 Ἀδάμ
829 4007 1214 4077 παιδευούσης.
1252 4005 1391 4059 Οὔτε
1428 4003 1521 4060 οὖν
1549 4009 1582 4076 ή
1617 4007 1744 4076 φλοο

158 4097 283 4168 γίνη
323 4099 572 4171 ῥομφαία
620 4099 782 4168 φύσις
829 4094 897 4170 ῆν
947 4099 1146 4170 πυρὸς,
1188 4099 1302 4154 ἀλλ’
1331 4099 1454 4170 ὕψις
1479 4100 1702 4171 τοιαύτη
1728 4118 1742 4131 ·

159 4189 281 4244 οὔτε
307 4194 377 4245 τὰ
407 4191 692 4263 Χερουϐὶμ
724 4191 860 4259 ζῶα,
889 4193 1006 4246 ἀλλ’
1033 4193 1156 4262 ὄψις
1184 4193 1430 4264 τοιαύτη.
1466 4195 1622 4249 Ἐπεὶ
1651 4195 1747 4248 καὶ

170 4281 434 4352 Ἰεζεκιὴλ
475 4282 922 4354 τετραπρόσωπα
961 4284 1032 4337 τὰ
1061 4285 1346 4355 Χερουϐὶμ
1375 4286 1477 4356 δρᾷ
1502 4302 1516 4316 ο
1548 4302 1744 4355 τετρα-

160 4373 453 4441 πρόσωπος
473 4375 530 4427 δὲ
559 4375 795 4444 ἀοράτου
827 4374 992 4444 φύσις
1013 4376 1113 4429 οὐκ
1138 4375 1285 4430 ἔστιν
1298 4369 1375 4430 ³³.
1427 4376 1590 4430 Ἀλλά
1640 4378 1745 4430 Χεο

163 4466 364 4536 ρουϐὶμ
416 4469 575 4522 καλεῖ
623 4470 733 4522 πᾶν
773 4469 837 4521 τὸ
883 4470 1130 4525 δυνατόν.
1186 4470 1375 4535 υῦτως
1421 4471 1589 4542 λέγει,
1625 4492 1644 4526 ι
1685 4473 1743 4526 '0

239 4638 268 4678 ι
305 4639 438 4694 Gen.
462 4657 548 4705 ιιι,
576 4640 669 4695 22.
755 4639 772 4678 ι
800 4641 930 4697 ibid.
959 4643 1014 4697 5.
1088 4651 1129 4673 ¹¹¹
1153 4642 1314 4698 Rom.
1347 4657 1420 4710 vr,
1443 4642 1498 4700 '1.

1849 3285 2049 3330 ποιοίη.
2083 3294 2100 3327 ι
2134 3274 2310 3330 Jussit
2368 3284 2548 3329 autem
2606 3271 2750 3330 Deus
2817 3275 3088 3330 Adamum
3127 3290 3158 3331 e
3215 3275 3438 3346 regione

1848 3366 2095 3422 Paradisi
2144 3381 2328 3436 agere,
2378 3375 2436 3421 ut
2477 3364 2763 3436 pristinam
2813 3365 2981 3421 vitam
3015 3365 3205 3422 dolore
3238 3380 3437 3422 caren~

1849 3467 1956 3514 tem
2011 3473 2274 3514 revocans
2335 3458 2389 3510 in
2441 3457 2786 3524 memoriam,
2832 3457 2960 3512 odio
3009 3465 3437 3528 prosequeretur

1847 3561 2153 3620 peccatum,
2197 3560 2454 3620 tanquam
2507 3556 2793 3618 auctorem
2849 3549 3141 3606 laboriosae
3179 3557 3234 3605 et
3291 3563 3438 3605 aru-

1848 3659 2053 3697 mnosas
2085 3643 2230 3696 vita.

1918 3735 2287 3791 TllEODORl.
2342 3734 2622 3790 Clterubt'm
2676 3735 2807 3790 dicit
2844 3751 2952 3790 non
3012 3734 3244 3790 virtutes
3274 3748 3436 3804 quas-

1846 3827 1971 3882 dam
2039 3827 2366 3889 invisibiles,
2418 3836 2477 3880 ut
2507 3825 2730 3896 quidam
2783 3825 3138 3892 existimant;
3171 3825 3434 3895 quoniam

1845 3918 2137 3974 invisibilis
2176 3927 2370 3973 natura
2419 3918 2554 3971 nihil
2583 3918 2694 3971 illic
2735 3918 3102 3982 contulisset;
3136 3932 3262 3972 cum
3292 3917 3434 3972 visio

1845 4009 2119 4065 sensibilis
2158 4024 2282 4064 esse
2329 4009 2572 4070 deberet,
2606 4023 2728 4077 quae
2775 4007 3046 4060 Adamum
3099 4007 3430 4064 institueret.

1844 4099 2033 4171 Neque
2063 4100 2228 4170 igitur
2249 4099 2463 4170 gladius
2494 4099 2582 4152 ille
2604 4097 2888 4153 ﬂammeus
2921 4107 3115 4153 natura
3134 4099 3273 4169 ignis
3290 4109 3426 4168 erat.

1845 4194 1940 4250 sed
1983 4193 2101 4248 visu
2141 4191 2264 4247 talis
2300 4206 2313 4242 :
2363 4205 2540 4260 neque
2592 4188 2888 4244 Cherubim
2933 4197 3092 4243 erant
3147 4191 3430 4255 animalia,

1845 4285 1938 4341 sed
1969 4286 2096 4339 talia
2129 4283 2471 4338 videbantur.
2511 4281 2797 4352 Siquidem
2832 4289 2886 4336 et
2917 4280 3171 4336 Ezechiel
3219 4281 3434 4337 Cheru-

1844 4379 1957 4434 bim
2013 4376 2160 4432 videt
2199 4375 2464 4431 habentes
2521 4382 2759 4444 quatuor
2826 4371 3040 4429 facies:
3081 4387 3209 4428 cum
3251 4380 3433 4427 tamen

1846 4469 2140 4525 invisibilis
2162 4477 2358 4524 natura
2386 4465 2804 4538 quadruplicem
2835 4463 3034 4522 faciem
3063 4479 3173 4520 non
3211 4463 3428 4520 habeat.

1021 4793 1256 4851 VABUE
1295 4795 1682 4854 LECTlONES
1737 4792 1835 4849 EX
1888 4792 2168 4851 CATENA
2221 4791 2575 4851 LIPSIENSI.

240 4954 283 5038 ξί
317 4955 442 5038 περὶ
467 4956 656 5038 μὲνο-
675 4955 736 5008 ἐν
771 4953 853 5036 τῷ
899 4973 990 5027 γρ.
1042 4957 1247 5038 ζητεῖν.
1275 4957 1417 5038 Ilaec
1473 4958 1528 5012 in
1564 4956 1768 5038 _ca_t._lt

1859 4967 1992 5038 {Itur
2045 4973 2101 5038 p_.
2134 4956 2225 5038 ρο,
2266 4956 2332 5038 ad
2361 4956 2506 5038 Gen._
2535 4973 2596 5021 ιι,
2634 4957 2666 5009 7
2694 4973 2721 5038 ;‘
2748 4956 2870 5038 sed.

1197 5029 1244 5060 "
1273 5027 1388 5096 Illa,
1423 5028 1768 5098 μεταλαὸεἶν·

1854 5027 2023 5098 δέδιιι.
2048 5025 2174 5098 ίριπὸ
2210 5043 2262 5082 τ.
2297 5026 2574 5098 ἁμαρτίας
2606 5035 2826 5098 exstant
2857 5025 3138 5098 in__cat.‘p’.
3175 5025 3295 5079 105.
3326 5025 3433 5098 ne-

178 5035 267 5095 pro
296 5025 706 5095 πεπλασμένον,
743 5026 927 5081 minus
943 5025 1120 5083 recte.

2045 4973 2101 5026 p.
2134 4956 2225 5022 60,
2266 4956 2332 5011 ad
2361 4956 2502 5027 Gen.
2535 4973 2596 5021 ιι,
2634 4957 2666 5009 ’1
2694 4973 2707 5020 ;
2748 4955 3291 5027 εειιίπεπλανηκᾴτος
3324 4955 3429 5027 leg.

179 5090 340 5170 liqua,
378 5090 731 5166 Κατάντικρὺ
752 5125 820 5138 --
840 5096 1100 5152 ἐπιπόνου
1153 5097 1299 5170 ζωῆς
1332 5090 1481 5165 verb,
1514 5099 1647 5154 ibid.
1677 5113 1733 5169 p.
1766 5116 1768 5123 λ

1854 5097 1888 5152 ι.
1966 5097 2014 5129 ⁸³
2044 5095 2165 5152 Cat.
2197 5112 2252 5167 p.
2288 5090 2890 5166 104.’τετραπρόσωπα
2919 5095 2977 5149 δὲ
3005 5090 3237 5166 ἀόρατος
3266 5094 3431 5165 φύσις

171 5161 269 5214 οὐκ
293 5164 452 5218 ἐστιν.

1619 5333 1623 5336 '
1673 5319 1913 5379 ΝΟΤΛΕ.

249 5524 355 5595 (50)
383 5525 514 5581 Cod.
539 5535 596 5582 et
616 5523 734 5595 Hic.
771 5524 1194 5595 δυναμούμενοι.

248 5593 354 5662 (51)
383 5596 514 5653 Cod.
556 5608 612 5650 et
636 5594 749 5650 Pic.
781 5593 924 5648 ἀλλά
957 5593 1053 5648 καὶ
1089 5596 1137 5648 εί
1162 5597 1213 5652 ὁ.

247 5664 355 5735 (52)
383 5667 511 5722 Cod.
553 5675 608 5720 et
637 5665 750 5718 Pic.
792 5665 1028 5735 ὲ-νεργεῖ.

249 5734 353 5802 (33)
390 5737 647 5790 Λεκτέον
669 5735 778 5788 ὅτι.
808 5733 932 5789 Des.

246 5801 353 5883 (τι)
381 5803 580 5863 lncod.
613 5805 852 5876 August.
887 5805 1002 5860 haec
1035 5803 1368 5876 adjiciuntur
1402 5822 1414 5858 :
1459 5803 1580 5858 Ὅτι
1607 5801 1740 5872 ψευ-

1845 5522 2116 5596 δέςμλέγει
2132 5523 2194 5578 τδ
2221 5521 2469 5596 γράμμα
2500 5527 2604 5596 τῆς
2629 5519 2782 5587 θείας
2805 5517 3054 5592 γραφῆς.

1917 5593 2032 5662 (55)
2066 5594 2178 5658 τις.
2218 5592 2399 5649 Deest.

1917 5654 2031 5732 (56)
2073 5654 2193 5717 Τὸῦ
2228 5661 2638 5731 καρποῦ.(ἒοό.
2670 5670 2724 5717 et
2755 5658 3002 5732 Pic._1:oﬁ
3031 5654 3213 5732 ξύλου.

1917 5727 2030 5804 (57)
2077 5733 2142 5787 '0
2167 5727 2425 5804 θάνὰτος
2459 5734 2530 5788 οὐ
2561 5732 2822 5803 τιμωρία.
2859 5727 2995 5786 Cod.
3021 5740 3075 5786 et
3096 5729 3207 5786 Pic.
3237 5727 3298 5784 οὒ
3335 5727 3433 5786 θά-

1844 5803 2018 5868 νατος
2043 5805 2078 5873 ἡ
2117 5803 2382 5876 τιμωρία.
