3920 6316
179 330 284 396 145

1281 335 1560 407 ΟΗ.·Ε8Τ.
1587 333 1670 394 ΙΝ
1690 332 1957 395 GENES.
1988 332 2143 393 CAP.
2173 332 2271 395 IV.
2305 333 2370 395 V.

3355 295 3462 392 es

181 458 389 513 μησαν,
419 440 468 494 εί
497 441 563 494 ἐκ
592 439 872 516 διαφόρων
899 441 1330 514 βεϐλαστηκέναι
1371 447 1624 516 πατέρων
1659 445 1769 515 ᾠή-
1797 496 1803 507 ί

1892 444 2044 498 rzedes
2103 442 2484 509 admittuntur,
2517 441 2645 513 quid
2709 456 2817 497 non
2858 446 3289 512 perpetrassent,
3339 440 3384 494 si
3421 457 3471 496 e-

179 532 359 603 θησαν
385 553 398 599 ;
427 533 636 586 Τούτου
664 534 826 606 χάριν
852 535 950 588 ἐνα
987 537 1086 606 μὲν
1118 539 1181 590 ἐκ
1207 537 1304 606 τῆς
1347 538 1450 606 γῆς
1481 537 1771 592 διέπλασεν

1892 535 2096 590 liversis
2124 536 2370 604 patribus
2405 543 2553 590 ortos
2581 549 2640 590 se
2661 548 2783 590 esse
2799 533 3251 589 existimassem?
3280 530 3454 601 llujus

177 627 356 696 ἄνδρα
382 642 396 655 ·
427 627 491 678 ἐκ
528 625 587 678 δὲ
634 627 829 680 τούτου
864 628 995 698 μίαν
1047 628 1453 701 ἐδημιούργησε
1500 633 1765 698 γυναῖκα·

179 719 248 770 ἐκ
293 719 351 770 δὲ
401 718 612 772 τούτων
657 722 843 775 πᾶσαν
899 723 998 792 τὴν
1059 723 1385 794 οἰκουμένην
1438 721 1534 776 τοῦ
1574 724 1769 792 γένους

179 809 494 879 ἐπλήρωσε.
520 809 623 862 Διά
645 811 803 881 τήνδε
828 811 1130 884 τοίνυν-τὴν
1159 815 1361 879 αἰτίαν,
1391 813 1768 886 συνεχώρησεν

179 897 239 949 ἐν
266 900 412 968 ἀρχῇ
445 897 558 951 τῶν
594 899 845 967 ἀδελφῶν
873 901 970 973 τὴν
1003 902 1288 973 ἐπιμιξίαν
1314 919 1327 932 ·
1363 904 1554 974 ἐπειδὴ
1580 904 1636 956 δέ
1660 904 1765 974 ηύ-

179 991 320 1061 ξζθη
345 991 407 1043 τὸ
440 991 623 1059 γένος,
645 992 721 1056 ὼς
754 993 1071 1065 παράνομον
1103 995 1293 1050 τοῦτον
1315 995 1654 1066 ἀπαγορεύει
1675 995 1768 1050 τὸν

177 1085 383 1154 γάμον.
418 1083 520 1137 Διά
551 1102 638 1138 τοι
676 1085 837 1141 τοῦτο
878 1088 976 1142 σὺν
1009 1088 1086 1158 τῷ
1137 1089 1260 1141 Νῶε
1306 1088 1400 1142 καὶ
1445 1091 1560 1152 τοῖς
1603 1090 1767 1154 υἱέσι,

179 1178 274 1230 καὶ
305 1178 411 1240 τὰς
461 1177 694 1231 ἐκείνων
747 1181 1014 1246 γυναῖκας
1061 1179 1317 1232 διέσωσεν
1350 1182 1407 1234 ἐν
1435 1184 1498 1250 τῇ
1525 1181 1766 1251 κιϐωτῷ,

177 1269 267 1322 ἵνα
303 1272 426 1335 ταῖς
474 1270 730 1340 ἀνεψιαῖς
784 1272 833 1324 οἱ
859 1272 1080 1326 ἐκείνων
1140 1271 1252 1345 (Η)
1301 1272 1614 1342 συναφθῶσι
1642 1275 1768 1328 παῖ-

176 1362 288 1425 δες.

814 1479 1014 1533 ΕΡΩΤ.
1067 1479 1198 1533 MA'.

600 1591 775 1657 Τίνας
820 1591 1068 1646 ἀνεῖλεν
1089 1595 1122 1646 ό
1152 1591 1356 1662 Λάμεχ
1381 1610 1400 1656 ἶ

248 1682 322 1734 Ού
352 1683 468 1745 δύο,
511 1682 659 1736 καθά
706 1700 851 1745 τινες
880 1683 1253 1754 ὑπειλήφασιν
1279 1700 1291 1713 °
1325 1685 1447 1737 οὐδὲ
1477 1685 1568 1736 τὸν
1606 1685 1765 1747 Κάῖν,

175 1775 252 1836 ὡς
307 1775 492 1844 ἕτεροι
546 1775 1064 1844 μεμυθολογήκασιν
1088 1791 1104 1806 ο
1139 1776 1255 1829 ἀλλ’
1289 1776 1406 1840 ἐνα,
1450 1777 1543 1830 καὶ
1581 1776 1769 1830 τοῦτον

1876 626 1952 679 rei
1989 625 2158 694 gratia
2199 640 2367 678 unum
2397 625 2614 694 quidem
2645 626 2824 680 virum
2853 640 2882 680 e
2915 633 3055 679 terra
3091 624 3369 689 formavit,
3404 634 3456 678 et

1875 735 1937 772 ex
1972 733 2037 771 eo
2074 733 2237 772 unam
2292 717 2499 772 creavit
2534 718 2840 782 mulierem,
2864 725 2918 772 et
2955 733 3020 772 ex
3044 733 3234 773 eorum
3261 732 3455 788 genere

1875 811 2444 880 replevit-universam
2493 819 2715 864 terram.
2748 811 2902 865 Hanc
2931 811 3096 881 igitur
3131 811 3202 866 ob
3231 825 3452 866 causam

1877 905 2022 959 Deus
2055 904 2124 958 ab
2151 903 2308 957 initio
2330 901 2580 972 permisit
2625 901 2856 957 fratrum
2892 905 3336 960 cummistionem
3366 910 3458 959 :at

1876 1008 2163 1065 pOStquam
2194 995 2402 1049 creavit
2429 995 2730 1048 humanum
2777 1009 2973 1064 genus,
3000 995 3325 1064 ,lllljllSl’IlOdi
3353 1011 3474 1048 [ιιι--

1876 1092 2040 1162 ptias,
2078 1100 2334 1161 tanquam
2397 1089 2633 1156 iniquas,
2692 1089 2996 1160 prohibuit.
3048 1088 3114 1143 Et
3159 1091 3228 1145 ob
3259 1091 3311 1146 ld
3349 1105 3482 1144 una.

1877 1200 2000 1238 eum
2032 1181 2146 1237 Noe
2167 1184 2217 1236 el
2243 1181 2369 1237 ﬁliis
2389 1181 2531 1250 ejus,
2554 1180 2696 1237 Deus
2726 1181 3070 1237 conservavit
3090 1195 3282 1236 eorum
3315 1196 3454 1235 uxo-

1877 1289 1965 1328 res
1991 1275 2046 1327 in
2079 1288 2226 1340 arca,
2265 1283 2322 1329 ut
2373 1289 2566 1329 eorum
2618 1273 2776 1329 liberi
2839 1271 3197 1328 consobrinis.
3234 1272 3470 1341 copula.—

1877 1373 2086 1421 rentur.

2400 1478 2678 1536 INTERR.
2715 1477 2904 1536 XLIV.

2243 1594 2512 1658 Quasnam
2539 1592 2801 1661 interfecit
2825 1590 3092 1646 Lameclt'?

1945 1687 2063 1741 Non
2088 1687 2249 1750 duos,
2279 1694 2338 1741 ut
2387 1687 2607 1756 quidam
2648 1695 2996 1755 putaverunt,
3046 1697 3224 1753 neque
3273 1683 3450 1752 ipsum

1805 1813 1847 1867 Β
1876 1778 2034 1842 Cain,
2073 1788 2134 1834 ut
2166 1777 2257 1833 alii
2313 1777 2539 1833 fabulati
2585 1786 2756 1833 sunt:
2795 1777 2890 1833 sed
2951 1791 3144 1840 unum,
3199 1783 3254 1829 et
3308 1775 3456 1829 hunc

177 1865 319 1919 νέον.
363 1885 379 1915 t
415 1865 623 1936 Ἄνδρα
654 1865 785 1935 γὰρ,
843 1869 1028 1935 φησιν,
1091 1867 1389 1921 ἀπέκτεινα
1442 1869 1522 1931 εἰς
1551 1867 1774 1940 τραῦμα

1901 1887 2151 1926 uvenetn.
2194 1890 2210 1923 ι
2251 1868 2440 1924 Virum
2483 1871 2650 1936 enim,
2707 1869 2906 1939 inquit,
2936 1867 3111 1923 occidi
3155 1866 3208 1921 in
3253 1866 3456 1922 vulnus

180 1959 328 2024 ἐμοὶ,
358 1959 457 2010 καὶ
475 1958 766 2010 νεανίσκον
817 1960 896 2020 είς
938 1957 1185 2027 μώλωπα
1219 1960 1374 2029 ἐμοί·
1408 1979 1426 2012 ι
1472 1963 1772 2026 τουτέστιν,

179 2053 351 2120 ἄνδρα
378 2053 510 2105 νέαν
545 2052 750 2120 ἄγοντα
773 2053 875 2122 τὴν
917 2053 1158 2124 ἡλικίαν.
1191 2055 1428 2124 Διέφυγε
1461 2055 1646 2126 μέντοι
1673 2060 1775 2127 τὴν

181 2145 484 2214 τιμωρίαν,
511 2143 599 2197 διὰ
624 2143 724 2214 τὴν
753 2144 850 2214 τῆς
876 2145 1154 2214 ἁμαρτίας
1173 2144 1468 2216 ὁμολογίαν
1491 2163 1505 2178 ·
1531 2148 1625 2201 καὶ
1651 2147 1777 2202 καθ’

182 2237 386 2289 ἑαυτοῦ
429 2235 542 2305 (42)
572 2235 672 2308 τὴν
694 2235 876 2309 ψῆφον
909 2236 1238 2306 ἐξενεγκὼν,
1266 2238 1367 2309 τὴν
1394 2238 1546 2292 θείαν
1571 2238 1778 2293 διεκώ-

181 2330 312 2380 λυσε
341 2327 551 2398 ψῆφον.

817 2441 1012 2495 ΕΡΩΤ.
1052 2442 1187 2497 ME'.

185 2551 313 2606 Ποῦ
347 2554 684 2622 μετέθηκεν
706 2554 818 2627 (45)
860 2558 892 2610 ὁ
919 2554 1039 2608 τῶν
1059 2554 1220 2610 ὅλων
1250 2555 1395 2622 Θεὸς
1415 2555 1526 2611 τὸν
1553 2556 1782 2627 Ἐνώχ;

260 2645 338 2698 υύ
366 2645 451 2698 δεῖ
494 2646 679 2717 ζητεῖν
710 2646 781 2700 τά
824 2650 1163 2719 σεσιγημένα
1188 2665 1201 2678 ·
1231 2647 1481 2718 στέργειν
1523 2647 1579 2702 δὲ
1609 2667 1781 2719 προσ-

187 2737 313 2805 ήκει
363 2736 435 2790 τά
480 2738 867 2809 γεγραμμένα.
912 2738 1052 2807 Ἐγὼ
1077 2739 1134 2794 δὲ
1160 2737 1313 2808 οἶμαι
1358 2739 1518 2795 τοῦτο
1553 2757 1784 2812 πεποιη-

189 2831 350 2883 κέναι
385 2830 477 2884 τὸν
508 2830 616 2883 τῶν
657 2831 795 2885 ὅλων
839 2832 993 2898 Θεὸν,
1026 2833 1106 2897 είς
1138 2832 1501 2904 ψυχαγωγίαν
1542 2833 1650 2888 τῶν
1683 2833 1784 2904 τῆς

190 2922 401 2992 ἀρετῆς
443 2923 716 2993 ἀθλητῶν.
761 2923 982 2995 Ἐπειδὴ
1016 2924 1126 2995 γὰρ
1162 2927 1190 2978 ὁ
1217 2925 1406 2991 Ἀϐελ,
1448 2926 1664 2997 πρῶτος
1690 2942 1786 2994 γε·

189 3011 372 3079 γονὼς
393 3013 492 3082 τῆς
513 3013 866 3085 δικαιοσύνης
883 3015 1116 3086 καρπὸς,
1142 3017 1394 3087 πρόωρός
1415 3034 1476 3070 τε
1501 3020 1596 3071 καὶ
1619 3017 1785 3090 πρόρ-

193 3103 348 3174 ριζος
401 3103 673 3174 ἐξεκόπη·
705 3106 861 3169 ἐλπὶς
906 3105 963 3159 δὲ
1007 3107 1107 3177 τῆς
1172 3109 1525 3170 ἀναστάσεως
1570 3110 1784 3163 οὐδέπω
1811 3148 1854 3206 c

190 3198 320 3260 τοὺς
351 3196 679 3266 ἀνθρώπους
708 3199 1080 3268 ἐψυχαγώγει,
1119 3201 1419 3271 μετέθηκεν
1477 3202 1782 3272 εὐαρεστή-

192 3303 370 3340 σαντα
400 3285 494 3340 τὸν
539 3285 711 3355 Ἑνὼχ
737 3289 765 3339 ὁ
790 3287 897 3339 τῶν
927 3288 1064 3340 ὅλων
1087 3288 1238 3352 Θεὸς,
1271 3290 1364 3342 καί
1397 3292 1498 3361 τῆς
1530 3290 1640 3343 τῶν
1663 3289 1786 3360 θνη-

189 3378 301 3431 τῶν
337 3377 578 3447 ἐχώρισε
612 3379 794 3450 βιοτῆς
818 3395 832 3411 ·
869 3378 956 3432 ἵνα
975 3379 1202 3444 ἕκαστος
1223 3381 1335 3434 τῶν
1376 3381 1619 3434 εὐσεϐεῖν
1651 3398 1786 3452 προ-

193 3467 544 3537 αιρουμένων
571 3468 877 3540 λογίζηται,
912 3464 999 3523 οἷα
1027 3471 1090 3542 δὴ
1122 3471 1267 3542 λόγῳ
1289 3474 1673 3543 τετιμημένος,
1709 3472 1786 3537 ὡς

192 3558 220 3609 ὁ
252 3558 454 3610 τοῦτον
491 3560 828 3629 τετιμηκὼς,
851 3561 1157 3632 ἀγέραστον
1183 3565 1283 3617 οὐκ
1309 3564 1462 3618 ἐάσει
1480 3565 1572 3618 τὸν
1597 3564 1784 3630 Ἀϐελ,

196 3650 292 3703 ἇτε
348 3651 418 3721 δὴ
444 3651 656 3715 δίκαιος
677 3652 774 3719 ῶν,
798 3656 890 3707 καὶ
909 3655 1133 3719 δικαίως
1156 3657 1353 3711 ἰθύνων
1377 3659 1445 3711 τὰ
1466 3657 1784 3728 σύμπαντα.

196 3742 410 3794 Τούτου
458 3743 524 3813 δὴ
551 3744 734 3815 χάριν,
783 3746 873 3799 τὸν
921 3747 1019 3816 μὲν
1061 3749 1320 3819 παρεῖδεν
1368 3749 1786 3821 ἀναιρούμενον,

196 3830 289 3884 τὸν
322 3830 388 3883 δὲ
425 3834 730 3903 μετέθηκεν
757 3851 771 3865 ο
806 3835 894 3890 ἵνα
917 3839 983 3907 τῇ
1017 3839 1320 3909 ἀναρρήσει
1355 3840 1419 3909 τῇ
1450 3838 1644 3891 τούτου
1683 3857 1791 3910 μη·

198 3920 339 3994 νύσῃ
395 3923 499 3990 τὴν
541 3925 812 3996 ἐσομένην
861 3929 1177 3983 ἀνάστασιν.
1227 3931 1285 3983 Ὀ
1321 3929 1431 4001 γάρ
1459 3930 1602 3984 κατὰ
1640 3932 1793 3985 τόνδε

201 4015 292 4068 τὸν
334 4016 456 4086 βίον
495 4019 607 4070 τῶν
641 4019 740 4087 τῆς
759 4020 962 4091 ἀρετῆς
989 4021 1066 4092 μὴ
1096 4021 1413 4092 τετυχηκὼς
1443 4023 1788 4093 ἀντιδόσεων,

203 4105 371 4175 δῆλον
410 4106 487 4170 ὡς
517 4109 576 4160 ἐν
615 4108 790 4181 ἑτέρῳ
813 4110 1019 4165 τούτων
1051 4113 1418 4168 ἀπολαύσεται
1441 4114 1562 4186 βίῳ.

815 4312 1010 4366 ΕΡΩΤ.
1037 4312 1168 4380 Μετ’
1195 4313 1264 4368 σο.

1877 1981 2058 2020 meum
2088 1973 2142 2019 et
2168 1964 2634 2020 adolescentulum
2667 1963 2723 2018 in
2753 1963 2980 2017 livorem
3004 1969 3270 2026 meum¢t;
3311 1977 3331 2011 ›
3354 1959 3459 2014 hoc

1876 2059 2177 2125 est,virum
2208 2067 2456 2127 agentem
2479 2056 2774 2126 juvenilem
2807 2065 3046 2110 aetatem.
3108 2053 3332 2110 Poenam
3377 2061 3460 2107 ta-

1879 2165 2003 2204 men
2029 2149 2222 2215 evasit,
2257 2159 2476 2218 propter
2506 2147 2714 2218 peccati
2745 2145 3150 2202 coufessionem
3184 2153 3293 2199 :‘et
3322 2159 3457 2198 co"—

1880 2252 1962 2298 tra
1993 2257 2052 2297 se
2085 2241 2266 2297 ferens
2322 2240 2668 2306 sententiam,
2721 2239 2945 2294 evitavit
2991 2236 3314 2293 sententiam
3376 2235 3460 2290 di-

1879 2348 2088 2388 vmam.
2296 2345 2303 2352 ’

2439 2439 2722 2496 INTERR.
2753 2439 2916 2496 XLV.

1885 2561 2052 2628 Quem
2075 2561 2129 2614 in
2159 2567 2333 2612 locum
2360 2556 2500 2610 Deus
2553 2555 2785 2610 omnium
2832 2553 3112 2607 transtulit
3143 2549 3465 2605 Enochum?

1949 2653 2067 2707 Non
2105 2653 2426 2722 inquirenda
2462 2658 2609 2716 sunt,
2637 2662 2758 2718 qua:
2803 2646 3023 2702 silentio
3071 2653 3201 2700 sunt
3239 2643 3461 2706 tradita,

1885 2746 1978 2802 sed
2012 2744 2318 2800 veneranda
2375 2758 2494 2814 qua:
2549 2744 2751 2812 scripta
2813 2748 2961 2796 sunt.
2991 2737 3102 2808 Ego
3149 2751 3277 2791 vero
3331 2741 3466 2804 puto

1885 2837 2054 2892 Deum
2077 2836 2322 2891 omnium
2370 2835 2474 2889 hoc
2503 2833 2721 2896 fecisse,
2745 2831 2810 2887 ad
2837 2829 3208 2886 consolandos
3250 2827 3472 2882 virtutis

1887 2931 2140 2985 athletas.
2174 2931 2311 2984 (lum
2345 2927 2493 2982 enim
2528 2925 2661 2981 Abel
2692 2925 2905 2995 primus
2959 2922 3190 2993 iustitia:
3231 2919 3474 2985 fructus,.

1887 3020 2217 3075 immaturus
2256 3017 2437 3072 adhuc
2461 3015 2722 3071 radicitus
2751 3013 3032 3069 abscissus
3055 3019 3219 3076 esset,
3239 3019 3296 3066 et
3323 3025 3466 3066 non-

1887 3112 2018 3167 dum
2046 3109 2466 3166 resurrectionis
2502 3123 2625 3177 spes
2656 3105 2907 3161 homines
2933 3104 3043 3175 58
3066 3102 3468 3166 consolaretur,

1888 3202 2170 3258 transtulit
2195 3200 2440 3255 omnium
2475 3198 2615 3252 Deus
2644 3198 2819 3267 ipsum
2847 3197 3032 3250 Enoch
3085 3195 3188 3250 sibi
3219 3193 3472 3263 gratissi-

1891 3307 2060 3357 mum,
2101 3304 2335 3360 cumque
2375 3287 2614 3358 seiunxit
2642 3301 2672 3340 a
2715 3285 3026 3340 mortalium
3055 3284 3208 3338 vita:
3254 3288 3314 3336 ut
3339 3281 3469 3350 qui-

1889 3399 2102 3455 cunque
2136 3383 2224 3453 pie
2269 3381 2449 3436 vivere
2476 3380 2750 3440 statuerit,
2777 3377 2852 3432 ita
2875 3375 3252 3440 ratiocinetur,
3283 3384 3473 3443 utpote

1888 3477 2103 3533 ratione
2141 3474 2420 3545 praeditus,
2479 3488 2606 3528 cum
2667 3472 2810 3527 Deus
2865 3469 3133 3534 omnium,
3165 3466 3260 3538 qui
3287 3465 3474 3537 justus

1890 3577 1994 3635 est,
2038 3575 2092 3623 et
2118 3567 2266 3637 iuste
2320 3565 2586 3636 gubernat
2618 3562 2895 3625 universa,
2943 3559 3229 3616 Enochum
3261 3558 3474 3614 honore

1891 3666 2214 3727 prosecutus
2235 3656 2326 3720 sit,
2354 3671 2478 3710 eum
2505 3654 2729 3709 Abelem
2757 3666 2978 3723 quoque
3019 3656 3344 3706 ornamento
3377 3663 3472 3704 ca-

1892 3765 2014 3806 rere
2035 3765 2144 3805 non
2165 3748 2581 3819 permissurum.
2625 3746 2737 3802 Hac
2770 3746 2838 3800 de
2866 3759 3048 3799 causa.
3069 3744 3221 3798 illum
3247 3741 3470 3812 quidem

1893 3841 2068 3898 occidi
2122 3839 2386 3911 permisit,
2443 3838 2727 3893 Enochum
2788 3847 2970 3892 autem
3037 3835 3329 3890 transtulit.
3363 3847 3378 3884 :
3414 3843 3476 3888 ut

1894 3933 2058 4002 hujus
2091 3930 2476 4000 prtedicatione
2514 3927 2756 3982 futuram
2819 3927 3084 3980 indicaret
3116 3923 3477 3978 resurrectio.

1895 4038 2039 4078 nem.
2070 4021 2174 4087 Qui
2196 4020 2344 4075 enim
2376 4019 2431 4072 in
2465 4019 2569 4072 hac
2599 4016 2708 4070 vita
2735 4015 2954 4070 virtutis
2978 4013 3473 4068 remunerationem

1894 4130 2004 4170 non
2039 4112 2204 4169 fuerit
2226 4111 2476 4181 adeptus,
2506 4109 2654 4163 illam
2687 4106 2742 4163 in
2765 4108 2939 4163 altera
2970 4105 3078 4161 vita
3111 4113 3260 4162 certo
3281 4121 3476 4164 conse—

1896 4213 2114 4276 quetur.

2434 4313 2714 4372 INTER“.
2755 4313 2935 4371 XLVI.

212 4419 273 4472 Τί
311 4418 391 4488 δὴ
429 4419 540 4474 τοῦ
581 4422 757 4504 Ἁδᾲμ
796 4425 1233 4507 Αὴέιαρτηκότρς
1271 4429 1452 4482 Ἅϐελ
1489 4432 1521 4485 ὁ
1562 4429 1798 4497 δίκαιος

1903 4430 2101 4498 Quare,
2143 4445 2261 4484 cum
2312 4427 2486 4483 Adam
2540 4437 2826 4498 peccasset,
2871 4427 3053 4507 justus
3104 4425 3234 4480 Abel
3276 4425 3482 4495 primus

681 4496 1040 4563 ἐτελεύτησε
1069 4496 1300 4564 πρῶτος
1325 4513 1344 4562 ;

282 4581 497 4652 Σαθρὸν
541 4582 819 4654 ἠϐουλήθη
866 4588 894 4638 ό
934 4586 1066 4650 Θεὸς
1108 4587 1366 4656 γενέσθαι
1392 4589 1483 4643 τὸν
1509 4589 1602 4642 τοῦ
1630 4589 1798 4645 θανά-

210 4689 306 4724 του
345 4673 624 4743 θεμέλιον.
669 4675 730 4729 Εἰ
756 4678 868 4747 γὰρ
907 4679 1081 4749 Ἀδὰμ
1123 4682 1392 4752 πρότερος
1415 4683 1798 4754 ἐτελεύτησεν,

211 4764 377 4834 ἔσχεν
428 4765 496 4820 ἂν
541 4769 750 4830 ἐκεῖνος
779 4769 1005 4840 ἰσχυράν
1033 4773 1131 4843 τὴν
1169 4775 1431 4845 κρηπῖδα,
1465 4775 1684 4846 πρῶτον
1721 4794 1804 4830 νε-

211 4858 349 4928 κρὸν
375 4859 470 4911 τὸν
501 4860 864 4931 ἡμαρτηκότα
885 4863 1195 4935 δεξάμενος.
1245 4866 1464 4938 Ἐπειδὴ
1497 4866 1553 4919 δὲ
1575 4867 1665 4921 τὸν
1680 4867 1796 4922 ἀδί-

283 5045 315 5086 ς
359 5035 498 5091 Gen.
529 5053 603 5103 tv,
627 5036 720 5092 25.

1827 4509 1878 4569 D

2498 4509 2738 4553 mortuus
2779 4508 2855 4552 est
2868 4500 2897 4552 ?-

1978 4593 2162 4650 Dehile
2188 4593 2355 4648 voluit
2383 4591 2528 4647 Deus
2563 4608 2684 4648 esse
2739 4591 2934 4646 mortis
2965 4589 3406 4644 fundamentum.
3427 4587 3483 4640 Si

1907 4686 2052 4740 enim
2088 4684 2260 4739 Adam
2308 4683 2456 4754 prior
2514 4683 2763 4746 obiisset,
2824 4682 3067 4736 firmiore
3128 4678 3486 4734 fundamento

1908 4791 2058 4830 mors
2116 4775 2398 4838 niteretur,
2449 4775 2682 4844 primum
2717 4782 2995 4828 mortuum
3050 4769 3331 4840 excipiens
3360 4784 3485 4840 pec-

1898 4874 2161 4922 catorem.
2192 4865 2332 4932 Quia
2379 4881 2508 4922 vero
2551 4865 2783 4936 primum
2824 4863 3032 4934 recepit
3078 4877 3230 4928 eum,
3271 4861 3368 4934 qui
3399 4860 3486 4916 in-

1085 5189 1321 5246 VARLE
1371 5189 1755 5248 LECTIONES
1804 5191 1896 5247 EX
1949 5190 2222 5248 CATENA
2252 5189 2612 5247 LlPSlENSI.

300 5350 351 5385 "
373 5353 620 5422 Quaestio
647 5353 720 5409 46
744 5355 853 5411 alio
881 5317 1070 5410 ordine
1094 5357 1316 5427 ponitur
1340 5355 1398 5410 in
1421 5363 1528 5411 cat.
1570 5367 1625 5423 p.
1662 5356 1784 5410 illi.

1744 5511 1974 5568 NOTAE.

301 5669 420 5738 (ιι)
458 5672 523 5725 Ol
544 5669 814 5725 ἐκείνων.
849 5669 1014 5725 Abest
1035 5685 1065 5724 a
1090 5671 1212 5727 cod.
1240 5681 1295 5728 et
1315 5673 1443 5730 edit.
1467 5671 1600 5729 Pici.

305 5739 425 5811 (42)
451 5741 586 5798 Cod.
628 5749 684 5796 et
726 5739 844 5796 Pic.
869 5741 988 5794 κατ’
1013 5741 1198 5796 αὑτοῦ.

1996 5669 2107 5742 (45)
2145 5669 2278 5726 Cod.
2329 5680 2380 5723 ct
2411 5665 2525 5721 Pio.
2555 5661 2927 5735 μετατέθεικε.
