3928 6316
453 259 553 326 147

1432 266 1924 328 THEODORETI
1973 266 2312 330 EPISCOPI
2363 267 2730 331 CYRENSIS

3606 266 3720 334 148

445 377 591 448 iuste
634 376 850 433 occisus
893 383 1031 440 erat,
1082 375 1308 430 dubium
1377 375 1788 433 fundamentum
1839 378 2020 435 habet.

2131 398 2239 444 κως
2280 381 2626 453 ἀνῃρημένον
2669 378 2890 446 ἐδέξατο
2938 377 3178 451 πρῶτον,
3218 379 3489 469 σφαλερὸν
3518 378 3580 432 τδ
3611 379 3717 433 θε-

955 565 1232 622 INTERR.
1262 566 1472 626 XLVII.

700 681 970 748 Quasnam
1004 679 1174 734 Moses
1216 681 1416 734 vocavit
1451 681 1594 750 ﬁlios
1623 680 1766 736 Dei?

515 793 748 862 Quidam
791 792 956 848 nimis
1027 792 1230 862 stupidi
1282 801 1337 848 et
1392 793 1574 848 stolidi
1638 795 2025 850 existimarunt

448 902 541 944 eos
573 887 795 958 angelos
824 901 966 947 esse.
992 894 1247 956 putantes
1296 901 1410 942 suae
1438 889 1620 942 forsan
1658 888 2025 957 intemperan-

449 981 537 1036 tia
568 981 931 1051 patrocinium
993 993 1054 1033 se
1093 979 1399 1043 habituros,
1443 979 1488 1032 si
1521 979 1744 1048 angelos
1777 979 2020 1048 ejusdem

443 1073 693 1129 criminis
723 1087 848 1127 reos
869 1079 1135 1126 tenerent.
1163 1071 1458 1141 Oportebat
1481 1081 1661 1126 autem
1689 1087 1784 1127 eos
1803 1073 2024 1127 audisse

448 1165 619 1219 Deum
678 1163 924 1218 omnium
982 1163 1057 1215 ita
1113 1161 1382 1217 dicentem
1419 1177 1432 1213 :
1471 1182 1489 1214 ι
1524 1161 1640 1217 Νοη
1685 1163 2024 1232 permanebit

451 1257 690 1327 Spiritus
723 1269 877 1310 meus
924 1254 978 1308 in
1004 1255 1324 1310 hominibus
1355 1255 1462 1309 illis
1490 1255 1544 1309 in
1577 1265 1862 1318 aeternum,
1895 1256 2022 1326 quia

447 1362 643 1402 carnes
675 1353 823 1401 sunt.
850 1343 1024 1398 Erunt
1053 1355 1234 1398 autem
1267 1345 1384 1400 dies
1434 1345 1649 1403 illorum
1693 1354 1910 1401 centum
1939 1347 2023 1400 vi-

448 1438 583 1508 ginti
619 1438 830 1502 annil’;
862 1455 881 1488 ι
915 1447 968 1491 et
1017 1437 1143 1492 inde
1186 1437 1493 1508 perspicere
1543 1447 1790 1492 naturam
1847 1439 2025 1493 incor-

445 1543 669 1598 poream
704 1542 896 1583 carnes
952 1542 1062 1581 non
1113 1527 1332 1588 habere.
1368 1543 1544 1597 neque
1595 1529 1819 1599 angelos
1852 1528 2023 1581 vitam

447 1620 648 1675 habere
676 1629 919 1688 tempore
947 1617 1221 1672 definitam
1262 1637 1276 1674 :
1307 1618 1646 1675 immortales
1685 1621 1831 1674 enim
1855 1621 2023 1675 creati

2128 473 2314 544 μέλιον
2357 474 2491 544 ἔχει.

2737 587 2938 642 ΕΡΩΤ.
2963 588 3098 641 MZ'.

2231 703 2405 769 Τίνας
2425 702 2596 769 υίοὺς
2623 701 2730 755 τοῦ
2757 701 2904 755 Θεοῦ
2943 699 3252 764 κέκληκεν
3282 699 3314 749 ὀ
3339 697 3600 762 Μωσῆς;

2206 814 2598 886 Ἐμϐρόντητοί
2640 830 2784 875 τινες
2831 812 2926 865 καὶ
2971 811 3110 878 ἄγαν
3165 809 3387 879 ἠλίθιοι,
3437 811 3716 878 ἀγγέλους

2121 906 2344 970 τούτους
2375 906 2666 969 ὑπέλαϐον,
2699 904 2798 973 τῆς
2845 903 3052 966 οἰκείας
3091 902 3223 964 ἴσως
3249 901 3544 964 ἀκολασίας
3569 904 3718 954 ἀποα-

2121 997 2306 1066 λογίαν
2333 999 2560 1067 σχήσειν
2600 996 2920 1066 ἡγούμενοι,
2965 994 3014 1046 εί
3051 993 3160 1046 τῶν
3200 992 3449 1061 ἀγγέλων
3483 991 3715 1046 τοιαῦτα

2122 1094 2480 1161 κατηγοροῖεν
2500 1089 2724 1142 ⁵⁷.¹Ἐδει
2747 1089 2800 1141 δὲ
2828 1088 3021 1149 αὐτοὺς
3054 1083 3284 1137 ἀκοῦσαι
3315 1085 3409 1136 τοῦ
3437 1083 3571 1136 Θεοῦ
3602 1086 3716 1140 τῶν

2121 1185 2258 1238 ὅλων
2277 1183 2528 1250 λέγοντος
2550 1198 2565 1212 ο
2596 1199 2615 1232 t
2651 1181 2724 1235 Οὐ
2753 1178 2827 1250 μή
2859 1178 3163 1248 καταμείνῃ
3189 1175 3251 1230 τὸ
3272 1175 3497 1245 Πνεῦμά
3526 1193 3626 1245 μου
3654 1177 3717 1227 ὲν

2122 1278 2233 1338 τοῖς
2285 1273 2598 1342 ἀνθρώποις
2638 1271 2851 1332 τούτοις
2901 1271 2981 1332 είς
3014 1269 3107 1322 τὸν
3133 1267 3327 1330 αἰῶνα,
3360 1265 3450 1318 διὰ
3476 1267 3536 1318 τὸ
3569 1263 3717 1320 εἶναι

2122 1363 2322 1425 αὐτοὺς
2355 1362 2564 1431 σάρκας
2583 1377 2596 1390 ·
2627 1359 2838 1412 ἔσονται
2862 1358 2918 1410 δὲ
2945 1359 3002 1410 αί
3026 1357 3232 1428 ἡμέραι
3258 1355 3438 1409 αὐτῶν
3463 1355 3555 1426 ἔτη
3578 1356 3718 1409 ἐκα-

2121 1453 2212 1506 τδν
2243 1453 2417 1504 εἴκοσι
2445 1468 2460 1482 ο
2503 1469 2522 1502 ›
2550 1450 2645 1503 καὶ
2681 1447 2912 1502 συνιδεῖν
2946 1445 3217 1510 ἐντεῦθεν,
3243 1445 3321 1508 ὡς
3345 1443 3469 1498 οῦτε
3497 1445 3719 1514 σάρκας

2123 1543 2234 1614 ἔχει
2264 1543 2372 1596 τῶν
2408 1541 2716 1613 ἀσωμάτων
2752 1543 2784 1611 ή
2821 1538 3005 1608 φύσις,
3036 1536 3160 1590 οῦτε
3209 1537 3386 1608 χρόνῳ
3415 1536 3569 1608 ρητῷ
3609 1554 3717 1591 πε⁶

2126 1632 2498 1705 ριωρισμένην
2532 1631 2714 1701 έχουσι
2761 1629 2861 1700 τὴν
2899 1628 3082 1699 ζωήνο
3119 1627 3378 1682 ἀθάνατοι
3417 1628 3527 1698 γάρ
3565 1629 3688 1680 έκτί

445 1721 596 1768 sunt.
630 1709 696 1766 Et
729 1726 850 1781 qua:
881 1719 1204 1779 sequuntur,
1229 1711 1329 1764 sub
1357 1711 1600 1765 eamdem
1655 1710 1762 1782 59
1804 1722 2024 1765 senten-

2131 1726 2349 1794 σθησαν.
2397 1723 2509 1777 Καὶ
2554 1722 2623 1776 τὰ
2661 1721 2790 1787 ἑξῆς
2827 1721 2885 1774 δὲ
2926 1719 3022 1791 τὴν
3068 1718 3238 1791 αὐτὴν
3274 1718 3386 1788 ἔχει
3418 1718 3664 1772 διάνοιαν
3696 1729 3714 1744 ⁸

447 1805 577 1859 tiam
601 1805 838 1858 cadunt:
877 1802 1107 1858 «Videns
1134 1803 1299 1862 enim,
1325 1803 1519 1872 inquit,
1545 1802 1809 1858 Dominus
1834 1803 1975 1860 Deus
2005 1820 2019 1857 :

446 1896 591 1967 quod
627 1895 911 1966 completa:
967 1896 1474 1966 essent‘nequitite
1530 1895 1810 1950 hominum
1861 1912 2026 1967 super

446 2001 670 2054 terram,
714 1997 770 2046 et
816 1988 959 2058 quod
1025 1989 1402 2058 unusquisque
1454 1990 1604 2043 omni
1669 1998 1914 2059 tempore
1967 1989 2021 2043 in

448 2079 616 2135 corde
647 2095 749 2136 suo
783 2081 1022 2136 intentus
1055 2088 1198 2136 esset
1220 2080 1287 2134 ad
1323 2081 1484 2146 mala,
1535 2080 1790 2151 paenituit
1829 2080 2020 2149 Deum,

446 2172 592 2242 quod
624 2171 839 2227 fecisset
872 2171 1145 2226 hominem
1171 2186 1335 2240 super
1360 2181 1580 2226 terram.
1600 2171 1665 2226 Et
1684 2173 1820 2226 dixit
1842 2173 2020 2228 Deus:

450 2262 651 2317 Delebo
691 2262 964 2316 hominem
1009 2278 1170 2331 quem
1206 2263 1328 2325 feci,
1373 2279 1401 2317 a
1463 2262 1807 2327 facieteme,
1835 2263 1902 2317 ab
1929 2265 2025 2318 ho-

446 2354 595 2408 mine
618 2369 792 2424 usque
819 2355 882 2408 ad
919 2369 1103 2423 pecus,
1127 2365 1178 2409 et
1211 2371 1239 2409 a
1263 2355 1545 2424 reptilibns
1575 2369 1747 2422 usque
1779 2353 1845 2408 ad
1873 2354 2023 2408 vola-

447 2445 564 2499 tilia
586 2446 732 2507 cmli,
775 2446 902 2513 quia
927 2447 1155 2514 paenitet
1184 2461 1290 2507 me,
1324 2445 1467 2512 quod
1500 2445 1719 2499 fecerim
1751 2445 1898 2514 ipsos
1921 2447 2018 2498 τ’.»

447 2535 515 2592 Ει
538 2536 639 2605 ipsi
679 2536 793 2592 Noe
815 2537 953 2591 dixit
987 2537 1183 2591 iterum
1227 2552 1241 2588 :
1279 2557 1298 2588 ι
1329 2535 1480 2592 Finis
1517 2538 1788 2592 universae
1839 2539 2025 2594 carnis

446 2630 596 2683 venit
624 2643 808 2684 coram
841 2643 948 2683 me.
989 2627 1129 2694 Quia
1162 2628 1364 2697 repleta
1405 2637 1489 2683 est
1536 2638 1680 2683 terra
1741 2629 2025 2698 iniquitate

445 2721 716 2792 ipsorum,
745 2738 874 2778 ecce
900 2722 1156 2791 disperde
1184 2736 1301 2785 eos,
1335 2729 1390 2776 et
1415 2729 1614 2775 terram
1637 2729 1683 2774 ³.
1707 2740 1726 2771 ι
1764 2721 1886 2774 Ηεηε
1920 2722 2026 2774 uti-

446 2830 556 2886 que
581 2815 763 2869 omnia
822 2814 1064 2869 indicant
1119 2812 1368 2867 homines
1405 2827 1526 2867 esse
1574 2812 1665 2881 qui
1716 2812 1878 2865 vitam
1915 2812 2028 2865 ini-.

447 2920 612 2975 quam
642 2903 877 2974 amplexi
929 2913 1075 2958 sunt.
1112 2903 1266 2969 Quod
1305 2904 1351 2958 si
1402 2903 1575 2972 angeli
1610 2902 1822 2957 ﬁliabus
1848 2903 2026 2957 homi-

447 3010 578 3050 num
616 2993 858 3064 permisti
889 3002 1092 3058 essent,
1149 2993 1400 3048 homines
1459 2993 1529 3045 ab
1579 2991 1787 3061 angelis
1839 3002 2024 3047 essent

447 3085 648 3156 injuria
691 3085 892 3150 aﬂ'ceti,
927 3085 1054 3156 quia
1105 3086 1157 3138 vi
1203 3086 1397 3139 horum
1434 3084 1574 3140 ﬁlius
1625 3084 2021 3154 corrupissent.
2053 3077 2095 3134 C

447 3177 707 3247 lnjuriam
743 3191 964 3247 quoque
1021 3176 1168 3246 passi
1225 3186 1408 3230 essent
1453 3191 1482 3230 a
1524 3175 1633 3230 Deo
1667 3185 1931 3238 creatore,
1961 3191 2027 3231 co

449 3269 595 3339 quod
627 3284 725 3339 pro
755 3269 982 3339 angelis,
1005 3269 1097 3338 qui
1120 3268 1397 3324 libidinosi
1431 3268 1668 3332 fuerant,
1705 3269 1807 3337 ipsi
1852 3270 2023 3338 puniti

447 3368 651 3415 essent.
687 3355 889 3413 Verum
949 3357 1084 3422 haec,
1127 3367 1186 3413 ut
1215 3357 1472 3423 arbitror,
1513 3373 1582 3411 ne
1611 3365 1763 3428 pater
1804 3357 2026 3423 quidem

450 3450 720 3506 mendacii
767 3449 947 3504 dicere
979 3448 1224 3506 auderet.
1268 3448 1446 3503 Multis
1491 3449 2027 3521 enim._docuitsacra

451 3541 732 3612 Scriptura
775 3549 890 3596 tum
943 3541 1194 3595 homines
1239 3540 1558 3608 deliquisse,
1600 3549 1714 3595 tum
1762 3543 2028 3597 adversus

448 3650 546 3689 eos
571 3635 810 3689 divinam
865 3634 1185 3690 sententiam
1236 3647 1357 3688 esse
1388 3632 1573 3686 latam.
1611 3633 1879 3687 Caeterum
1911 3635 2027 3703 ple-

449 3728 608 3798 rique
637 3727 842 3783 idcirco
867 3727 921 3781 in
971 3726 1330 3797 ignorantiam
1362 3725 1629 3793 incidunt,
1667 3727 1815 3791 quod
1873 3725 2026 3782 Scri-.

450 3825 666 3888 ptui-am
693 3818 935 3873 divinam
981 3818 1280 3874 oscitanter
1309 3817 1510 3886 legant.
1545 3817 1682 3872 Nam
1736 3833 1864 3872 cum
1897 3833 2027 3872 nar-

449 3921 626 3968 rasset
653 3910 852 3977 Moses,
875 3912 1150 3982 quomodo
1176 3910 1305 3966 Seth
1334 3927 1400 3966 ex
1427 3911 1634 3966 Adamo
1664 3920 1827 3966 natus
1859 3921 2024 3976 esset,

449 4018 517 4060 ex
551 4002 680 4058 Seth
708 4016 890 4059 autem
945 4003 1114 4070 Enos,
1145 4003 1430 4074 subiunxit
1464 4021 1476 4057 :
1515 4022 1534 4055 (
1558 4003 1650 4058 llle
1675 4004 1913 4074 speravit
1943 4004 2027 4057 in-

451 4109 650 4150 vocare
702 4095 815 4166 60
851 4109 1047 4150 nomen
1087 4094 1302 4150 Domini
1352 4093 1446 4148 Dei
1474 4097 1560 4146 ί.»
1603 4095 1759 4161 Quod
1802 4095 2026 4166 quidem

449 4188 648 4258 Aquila
672 4188 1056 4259 interpretatus
1073 4197 1158 4244 est
1179 4190 1276 4244 sic.
1319 4207 1338 4239 ι
1365 4188 1520 4244 Tunc
1541 4200 1774 4258 coeptum
1802 4199 1885 4244 est
1927 4207 2026 4244 vo-

449 4279 562 4334 cari
589 4279 810 4334 nomine
845 4279 1078 4334 Domini.
1107 4297 1127 4333 ι
1172 4279 1493 4336 Subindicat
1516 4290 1694 4334 autem
1713 4295 1891 4335 sermo
1913 4281 2022 4347 ille,

2137 1836 2156 1870 ι
2195 1815 2340 1870 Ἰδὼν
2369 1816 2500 1887 γάρ,
2528 1815 2684 1885 φησὶ,
2722 1813 2928 1884 Κύριος
2959 1812 2988 1865 6
3010 1812 3162 1874 Θεὸς,
3191 1811 3272 1865 ὅτι
3299 1809 3720 1881 ὲπληθύνθησαν

2129 1909 2185 1962 αἱ
2231 1907 2420 1960 κακίαι
2467 1905 2576 1959 τῶν
2625 1903 2928 1976 ἀνθρώπων
2973 1903 3066 1955 ἐπὶ
3095 1902 3192 1972 τῆς
3214 1905 3339 1974 γῆς,
3366 1904 3461 1956 καὶ
3485 1905 3594 1965 πᾶς
3628 1920 3718 1967 τις

2127 2001 2418 2056 διανοεῖται
2445 2000 2500 2054 ἐν
2534 1999 2601 2068 τῇ
2633 1997 2833 2067 καρδίᾳ
2877 1994 3044 2048 αὐτοῦ
3087 1995 3367 2065 ἐπιμελῶς
3391 1997 3485 2049 ἐπὶ
3507 1997 3577 2050 τά
3615 2013 3720 2050 πο-

2130 2094 2271 2165 νηρά
2306 2091 2485 2154 πάσας
2509 2089 2608 2152 τὰς
2639 2089 2854 2160 ἡμέρας
2879 2087 3012 2158 (44),
3041 2087 3136 2140 καὶ
3171 2086 3480 2158 ἐνεθυμήθη
3504 2089 3533 2141 6
3553 2087 3716 2152 Θεὸς,

2129 2185 2211 2238 ὅτι
2245 2184 2469 2252 ἐποίησε
2509 2181 2599 2234 τὸν
2630 2181 2918 2249 ἄνθρωπον
2948 2179 3040 2233 ἐπὶ
3075 2179 3176 2247 τῆς
3206 2180 3332 2248 γῆς.
3368 2180 3479 2232 Καὶ
3510 2174 3666 2230 εἶπεν
3688 2181 3720 2232 6

2129 2274 2282 2340 Θεὸς,
2308 2271 2593 2342 ἀπαλείψω
2607 2270 2697 2324 τὸν
2719 2270 3004 2341 ἄνθρωπον
3031 2269 3089 2322 ὃν
3123 2269 3356 2338 ἐποίησα
3401 2269 3507 2320 ἀπὸ
3536 2284 3717 2338 προσ-

2130 2367 2282 2421 ώπου
2309 2366 2408 2435 τῆς
2433 2365 2559 2433 γῆς,
2606 2364 2713 2418 ἀπὸ
2736 2361 3025 2434 ἀνθρώπου
3055 2361 3160 2423 ἕως
3186 2361 3438 2430 κτήνους,
3479 2360 3572 2411 καὶ
3605 2359 3719 2412 ἀπὺ

2130 2454 2375 2525 ἑρπετῶν
2407 2453 2512 2515 ἕως
2567 2451 2830 2504 πετεινῶν
2860 2449 2954 2503 τοῦ
3015 2448 3267 2519 ούρανοῦ,
3321 2450 3403 2501 ὅτι
3445 2448 3718 2503 ἐνεθυπά-

2131 2545 2229 2615 θην
2251 2545 2362 2615 (45)
2392 2546 2472 2597 ὅτι
2509 2543 2740 2612 ἐποίησα
2785 2541 3002 2605 αύτούς.
3043 2560 3063 2593 ι
3098 2541 3211 2594 Καὶ
3259 2539 3340 2611 τῷ
3390 2540 3515 2592 Νῶε
3544 2538 3721 2593 πάλιν

2128 2636 2254 2706 ἔφη·
2314 2655 2331 2687 ι
2362 2634 2568 2704 Καιρδς
2605 2634 2808 2698 παντὸς
2839 2633 3132 2703 ἀνθρώπου
3155 2633 3280 2703 ἣκει
3302 2632 3544 2686 ἐναντίον
3567 2649 3670 2700 μου
3695 2646 3713 2663 ·

2128 2731 2210 2784 δτι
2235 2729 2480 2799 ἐπλήσθη
2507 2730 2539 2799 ή
2564 2729 2634 2798 γῆ
2668 2729 2883 2790 ἀδικίας
2911 2729 3007 2780 ἀπ’
3037 2727 3216 2780 αὐτῶν
3243 2741 3256 2757 ·
3291 2727 3390 2779 καὶ.
3418 2725 3526 2778 ίδοδ
3547 2742 3720 2778 κατα-

2130 2821 2337 2890 φθείρω
2366 2821 2584 2882 αὐτοὺς,
2617 2821 2712 2874 καὶ
2749 2820 2849 2891 τὴν
2879 2822 3001 2889 γῆν.
3043 2837 3062 2870 ι
3099 2817 3285 2871 Ταῦτα
3317 2817 3373 2871 δὲ
3409 2817 3587 2870 πάντα
3613 2818 3716 2869 ἀν-

2131 2910 2380 2981 θρώπους
2409 2906 2548 2965 εἶναι
2571 2911 2740 2979 δηλοῖ,
2772 2910 2898 2973 τοὺς
2937 2910 3030 2962 τὸν
3070 2908 3391 2984 παράνομον
3434 2907 3548 2978 βίον
3575 2907 3722 2976 ἠγα-

2130 3001 2395 3070 πηκότας.
2434 3003 2496 3054 Εἰ
2525 3000 2583 3054 δὲ
2609 3001 2833 3069 ἄγγελοι
2881 3001 3001 3063 ταῖς
3034 2999 3143 3052 τῶν
3170 2997 3476 3068 ἀνθρώπων
3511 2995 3717 3066 ὲπεμίυ

2128 3108 2304 3161 γησαν
2327 3091 2684 3162 θυγατράσιν,
2720 3092 3006 3163 ἠδίκηνται
3040 3093 3092 3143 οἱ
3122 3089 3402 3160 ἄνθρωποι
3433 3088 3583 3160 παρὰ
3599 3088 3719 3142 τῶν

2127 3183 2382 3251 ἀγγέλων
2411 3201 2426 3215 ο
2462 3183 2554 3253 βία
2597 3184 2708 3254 γὰρ
2755 3183 3000 3253 δηλονότι
3038 3183 3138 3244 τὰς
3170 3181 3375 3234 τούτων
3403 3179 3718 3249 θυγατέρας

2127 3275 2447 3345 διέφθειραν
2467 3290 2482 3304 ⁸
2511 3275 2799 3345 ⁴ἠδίκηνται
2830 3275 2886 3328 δὲ
2914 3275 3009 3327 καὶ
3041 3273 3192 3344 παρὰ
3218 3273 3312 3325 τοῦ
3345 3271 3718 3341 πεποιηκότος

2127 3367 2287 3432 Θεοῦ,
2317 3367 2456 3437 ὑπὲρ
2487 3368 2734 3436 ἀγγέλων
2755 3365 3194 3433 λελαγνευκότων
3229 3365 3384 3417 αὐτοὶ
3407 3362 3519 3433 (46)
3546 3363 3718 3415 κολα-

2128 3458 2366 3528 ζόμενοι.
2403 3459 2564 3511 Ἀλλά
2613 3457 2786 3511 ταῦτα
2830 3457 2952 3509 οὐδὲ
2999 3455 3163 3509 αὐτὸν
3212 3455 3326 3524 (47)
3360 3449 3512 3524 οἶμαι
3539 3453 3714 3520 φάναι

2125 3549 2398 3619 τολμῆσαι
2425 3550 2515 3603 τὸν
2549 3549 2644 3602 τοῦ
2668 3549 2898 3619 ψεύδους
2932 3549 3166 3618 πατέρα.
3207 3547 3305 3599 Διά
3345 3545 3553 3598 πολλῶν
3598 3545 3714 3616 γὰρ

2127 3640 2368 3704 ἐδίδαξεν
2394 3642 2427 3711 ή
2446 3639 2563 3692 θεία
2589 3641 2804 3711 Γραφὴ,
2837 3640 2932 3692 καὶ
2949 3638 3273 3709 ἀνθρώπους
3288 3635 3706 3706 ἡμαρτηκέναι,

2127 3733 2224 3786 καὶ
2273 3733 2396 3786 κατ’
2444 3731 2749 3803 ἀνθρώπων
2799 3733 2900 3803 τὴν
2951 3731 3100 3784 θείαν
3127 3728 3478 3800 ἐξενηνέχθαι
3503 3729 3709 3799 ψῆφον.

2128 3825 2280 3878 Ποιεῖ
2311 3824 2369 3877 δὲ
2396 3826 2504 3887 τοῖς
2537 3824 2752 3885 πολλοῖς
2785 3824 2884 3894 τὴν
2903 3824 3129 3891 ἄγνοιαν
3160 3823 3221 3875 τὸ
3252 3822 3548 3892 παρέργως
3574 3821 3713 3874 ἀνα-

2127 3913 2415 3983 γινώσκειν
2446 3915 2544 3985 τὴν
2565 3914 2713 3968 θείαν
2742 3916 2982 3985 Γραφήν.
3009 3914 3260 3984 Εἰρηκὼς
3278 3913 3386 3984 γὰρ
3407 3915 3436 3965 6
3463 3928 3711 3983 συγγρα-

2129 4005 2284 4075 φεὺς,
2333 4004 2481 4067 ὅπως
2530 4006 2593 4080 ὲκ
2636 4004 2735 4075 μὲν
2762 4003 2855 4056 τοῦ
2906 4004 3075 4074 Ἀδάμ
3107 4006 3136 4057 6
3173 4002 3280 4074 Σὴθ
3315 4003 3600 4073 ἐγεννήθη,
3643 4003 3711 4055 ὲκ

2126 4096 2184 4150 δὲ
2217 4096 2312 4150 τοῦ
2362 4096 2471 4166 Σὴθ
2501 4098 2530 4149 6
2571 4095 2754 4162 Ἐνὼς,
2797 4096 3160 4167 προσέθηκεν,
3195 4113 3214 4150 ‹
3253 4087 3421 4156 Οὗτος
3475 4093 3711 4164 ήλπισεν

2127 4187 2503 4240 ἐπικαλεῖσθαι
2539 4187 2598 4240 τὺ
2620 4187 2791 4256 ὄνομα
2826 4186 3030 4256 Κυρίου
3053 4184 3148 4237 τοῦ
3178 4183 3311 4236 Θεοῦ
3336 4181 3470 4252 (48).
3508 4200 3525 4232 ι
3563 4179 3620 4235 ὐ
3649 4181 3710 4233 δὲ

2139 4275 2554 4340 Ἀκύλαςοῦτως
2578 4276 2736 4330 τοῦτο
2759 4277 3124 4347 ήρμήνευσεν,
3168 4292 3187 4325 ι
3224 4273 3356 4324 Τότε
3408 4270 3588 4342 ἧρχθη
3609 4268 3707 4322 τοῦ

450 4371 594 4441 quod
620 4378 841 4442 propter
870 4373 1118 4441 pietatem
1147 4372 1356 4442 primus
1398 4372 1486 4427 hic
1511 4370 1749 4426 divinam
1776 4372 2016 4440 appella-

2131 4367 2406 4422 καλεῖσθαι
2437 4367 2516 4438 τῷ
2545 4368 2771 4437 ὀνόματι
2802 4367 2911 4438 (49)
2950 4367 3158 4438 Κυρίου
3183 4382 3198 4398 ο
3233 4384 3253 4417 ι
3272 4364 3568 4416 αἰνίττεται
3598 4361 3657 4415 δὲ
3679 4364 3708 4415 6

450 4463 652 4518 tionem
683 4463 910 4518 sortitus
934 4471 1036 4527 est,
1065 4471 1119 4520 et
1147 4478 1177 4517 a
1205 4463 1452 4534 cognatis
1479 4473 1702 4517 vocatus
1723 4471 1804 4516 est
1832 4463 1975 4517 Deus
2001 4478 2014 4515 :

341 4580 348 4585 -
449 4552 596 4608 unde
627 4559 680 4608 et
714 4551 809 4623 qui
831 4567 898 4607 ex
933 4566 1004 4610 eo
1028 4552 1145 4608 nati
1172 4561 1321 4615 sunt,
1365 4551 1542 4606 vocati
1589 4560 1718 4606 sunt
1748 4551 1851 4620 ﬁlii
1875 4549 2018 4606 Dei:

1427 4675 1450 4702 ο
1487 4663 1642 4729 ibid.,
1674 4665 1760 4720 i3.
1843 4665 1860 4702 ί
1890 4664 2025 4720 Gen.
2057 4679 2132 4731 iv,
2162 4663 2258 4722 26.

523 4677 548 4706 ν
571 4666 707 4722 Gen.
731 4683 804 4730 γι,
837 4665 892 4721 3.
970 4669 1027 4706 τ’
1051 4665 1209 4730 ibid.,
1237 4666 1350 4721 5-7.

2129 4459 2303 4527 λόγος,
2339 4459 2414 4522 ὡς
2445 4459 2533 4512 διὰ
2556 4459 2655 4529 τὴν
2679 4452 3134 4520 εύσέὁειανοῦτος
3175 4457 3390 4526 πρῶτος
3417 4455 3518 4524 τῆς
3552 4455 3707 4517 θείας

2130 4550 2505 4622 προσηγορίας
2540 4549 2832 4622 τετύχηκε,
2866 4551 2961 4606 καὶ
2990 4550 3095 4603 ὑπὸ
3124 4549 3232 4603 τῶν
3260 4546 3538 4618 συγγενῶν
3564 4545 3706 4598 ὠνο-

1296 4779 1528 4836 VARUE
1571 4779 1956 4837 LECTIONES
2009 4780 2103 4835 EX
2156 4779 2431 4838 CATENA
2464 4775 2828 4834 LIPSIENSI.

519 4872 568 4905 "
587 4871 707 4929 Cat.
741 4887 794 4931 0.
822 4872 945 4942 127,
969 4874 1017 4928 εί
1041 4874 1151 4929 τῶν
1171 4903 1240 4914 ——
1263 4875 1618 4944 κατηγοροῖεν
1657 4891 1768 4930 om.

1959 4967 2194 5024 NOTAE.

521 5053 636 5124 (44)
669 5053 942 5123 Ἡμέρας.
967 5052 1103 5109 Cod.
1129 5053 1424 5125 ἁμαρτίας.
1467 5053 1646 5111 Minus
1682 5057 1838 5112 bene.

521 5141 635 5209 (45)
686 5139 1118 5210 Ἐνεθυμήθην.
1156 5140 1464 5194 Secundum
1499 5143 1784 5199 lectionem
1817 5145 2020 5202 codicis

447 5208 699 5266 Vaticani
726 5208 1161 5270 :Alexandrinus
1183 5219 1363 5264 autem
1393 5211 1575 5280 habet,
1601 5213 1908 5284 ἐθυμώθην.

525 5296 925 5372 (ιω-Λελᾳγν,
959 5298 1151 5372 αὐτοί.
1185 5297 1328 5372 _Cod.
1365 5299 1804 5372 λελατρευκότων
1838 5304 2014 5358 αὐτοί.

451 5364 568 5422 Ρὶε.
595 5364 1035 5438 λελατρευκότων
1071 5367 1239 5438 αὐτῷ.

525 5456 638 5526 (ιτ)
668 5455 821 5509 Οὐδὲ
848 5456 1057 5513 αὐτόν.
1092 5455 1223 5510 Cod.
1264 5466 1317 5512 et
1347 5457 1464 5513 Pie.
1496 5459 1666 5514 οὐδέν.

451 5612 464 5624 ,
486 5530 498 5538 ’
521 5543 637 5626 με)
661 5538 849 5626 Οὗτος
865 5543 1044 5623 -τρῦ
1070 5543 1237 5626 Θεοῦ.
1265 5543 1461 5626 Multos
1493 5547 1682 5626 fefellit
1711 5548 1842 5626 falsa
1881 5549 2020 5626 LXX

452 5617 811 5683 interpretum
846 5617 1045 5680 versio,
1080 5617 1168 5670 cui
1231 5617 1461 5673 omnino
1505 5619 1560 5672 h.
1620 5620 1653 5670 Ι.
1687 5619 2018 5688 praeferenda

2129 5068 2213 5115 est
2250 5059 2459 5128 Aquilze
2490 5059 2880 5125 interpretatio.
2913 5041 3044 5134 511m
3071 5056 3218 5110 enim
3269 5073 3375 5111 non
3419 5058 3700 5115 descendit

2129 5180 2159 5219 a
2318 5165 2562 5234 speravit,
2593 5163 2729 5220 seda
2748 5164 2918 5230 solvit,
2959 5145 3062 5247 ἡξει
3079 5159 3289 5227 incepit.
3326 5162 3444 5218 Vid.
3473 5163 3700 5220 Drusius

2128 5269 2165 5323 l.
2197 5289 2248 5325 υ.
2281 5289 2332 5335 p.
2372 5271 2461 5325 91.

2199 5339 2480 5420 μθχΤρῦΔ
2513 5339 2833 5420 καλεῖσθαι-
2885 5339 2964 5404 τῷ
3008 5339 3272 5420 ὀνόμαξε.
3323 5335 3464 5420 _Cod_.
3501 5346 3551 5389 et
3584 5335 3698 5390 Pic.

2131 5407 2226 5462 τοῦ
2258 5410 2438 5463 καλεῖν
2465 5413 2521 5462 ὲν
2547 5411 2790 5477 ὀνόματι.
2817 5409 2892 5462 Ita
2923 5407 3141 5478 quoque
3177 5408 3402 5462 Drusins
3435 5407 3470 5459 ι.
3499 5422 3549 5459 c.
3572 5421 3697 5474 pag.

2134 5480 2219 5540 M,
2257 5481 2401 5540 legit.
2456 5479 2590 5534 Cum
2652 5479 3032 5532 Sirmondiana
3073 5480 3300 5532 lectione
3351 5478 3606 5530 convenit
3635 5489 3701 5529 ea

2129 5521 2296 5616 ἆῖιξηῖἷ
2309 5521 2609 5603 ἲὶόηιῖεἶιίἓ.
2646 5521 3567 5618 E'EZ'FI'éo",3166.312?bitémén
3621 5521 3700 5599 ιοῖ

2128 5619 2274 5688 gitur
2299 5620 2356 5672 ἐν
2377 5619 2619 5690 ὀνόματι.
