3920 6316
147 421 229 487 H9
1247 420 1524 486 ΩυιιΕδΤ.
1556 426 1636 486 ΙΝ
1672 426 1750 486 GI

1832 427 1942 487 ES.
1975 429 2134 489 CAP.
2176 428 2273 490 VI.
3280 415 3380 482 1511

147 532 308 604 μάσθη
325 529 455 593 Θεός
478 545 491 558 ·
513 527 635 584 ὅθεν
653 529 702 584 οί
737 531 800 582 ὲκ
825 528 1016 582 τούτου
1036 528 1232 598 φύντες
1248 531 1354 584 υἱοὶ
1379 529 1512 584 Θεοῦ
1532 533 1693 601 ὲχρη-
1725 535 1750 588 Α

1823 521 2251 600 [uemadmodum
2303 543 2356 586 et
2391 547 2490 588 nos
2551 547 2769 603 quoque
2799 547 2861 585 ex
2911 529 3132 584 nomine
3164 528 3364 584 Chr'sti

147 623 374 698 μάτιζον·
407 623 600 690 ὥσπερ
631 621 695 693 δὴ
722 623 817 676 καὶ
852 623 1014 694 ἡμεῖς
1046 623 1111 676 ἐκ
1146 623 1245 693 τῆς
1284 621 1377 675 τοῦ
1418 622 1689 676 Δεσπότου

1823 623 2011 675 )οηιίιιί
2044 638 2422 691 nuncupamur
2453 622 2772 679 Christiani.
2809 621 2962 688 Quod
3003 621 3050 675 si
3082 619 3205 686 quis
3236 619 3381 672 hunc

143 713 360 787 Χριστοῦ
399 713 776 785 προσηγορίας
814 713 1132 783 Χριστιανοὶ
1171 712 1504 784 καλούμεθα.
1538 713 1601 766 Et
1638 712 1697 764 δέ

1828 713 2132 766 ntellectum
2161 728 2264 765 non
2295 713 2501 782 recipit,
2545 723 2828 784 propterea
2862 716 3006 782 quod
3043 714 3157 765 ha-c
3207 711 3378 763 inter-

141 825 216 873 τις
231 807 429 878 ταύτην
459 807 524 860 οὐ
551 806 770 876 δέχεται
799 806 898 876 τὴν
922 805 1186 871 διάνοιαν,
1215 805 1304 858 διὰ
1332 805 1392 859 τὸ
1416 805 1507 858 τὸν
1542 803 1701 858 Ἀκύ-

1823 804 2033 858 )retatio
2062 804 2130 858 ab
2159 804 2352 873 Aquila
2401 805 2640 873 profecta
2697 815 2814 868 est,
2866 804 3037 859 Deum
3071 803 3256 857 audiat
3300 802 3384 856 di-

143 901 229 953 λαν
247 899 418 962 οὕτως
447 897 875 970 ήρμηνευκέναι,
901 897 1186 951 ἀκουσάτω
1209 899 1302 949 τοῦ
1329 895 1464 948 Θεοῦ
1489 895 1575 948 διὰ
1597 896 1701 947 Δα-

1823 904 2012 951 :entem
2030 912 2125 966 per
2153 896 2472 966 prophetam
2508 896 2705 952 David:
2729 917 2747 949 ‹
2785 896 2899 963 Ego
2923 897 3035 950 dixi
3071 895 3190 950 :Dii
3224 894 3379 960 estis,

143 993 218 1045 616
231 992 317 1045 τοῦ
346 993 632 1063 προφήτου
661 990 913 1059 λέγοντος
940 1006 956 1022 ο
990 1009 1009 1042 σ
1051 989 1194 1058 Ἐγὼ
1220 985 1370 1054 εἶπα,
1402 988 1526 1040 Θεοί
1554 990 1698 1050 ἐστε,

1823 1001 1858 1044 ιι
1879 989 1972 1043 filii
2007 990 2215 1045 Excelsi
2245 1006 2432 1045 omnes
2451 1001 2500 1045 υ.
2535 1009 2554 1042 ι
2583 990 2649 1044 Et
2677 1009 2690 1044 :
2734 1009 2752 1042 ι
2785 989 2927 1045 Deus
2957 991 3104 1044 stetit
3132 991 3184 1042 in
3220 1004 3382 1060 syna-

143 1087 226 1139 καὶ
254 1085 358 1138 υίοὶ
411 1083 669 1153 Ὑψίστου
696 1084 922 1147 πάντες.
956 1101 974 1135 ι
1013 1082 1144 1146 Καὶ,
1178 1101 1195 1134 ι
1243 1082 1299 1135 'O
1323 1080 1455 1144 Θεὸς
1485 1080 1613 1150 ἔστη
1643 1081 1701 1132 ὲν

1823 1096 1940 1152 goga
1970 1083 2214 1149 deorum,
2262 1083 2314 1137 in
2351 1083 2533 1138 medio
2586 1092 2768 1136 autem
2811 1082 2944 1136 deos
2995 1081 3324 1149 dijudicet'.
3356 1099 3375 1130 ι

143 1177 418 1246 συναγωγῇ
472 1174 652 1240 θεῶν,
719 1175 778 1227 ὲν
837 1174 987 1244 μέσῳ
1032 1172 1089 1226 δὲ
1135 1172 1290 1236 θεοὺς
1341 1172 1627 1242 διακρινεῖ.
1677 1187 1695 1218 ι

1823 1173 1902 1229 Sic
1931 1175 2076 1229 enim
2107 1176 2344 1245 appellat
2377 1177 2651 1246 principes
2701 1184 2756 1230 et
2803 1174 3179 1243 magistratus,
3211 1181 3270 1227 ut
3297 1188 3384 1228 se-

142 1265 279 1319 οῦτω
309 1266 367 1319 δὲ
398 1264 658 1336 ὀνομάζει
695 1264 822 1328 τοὺς
864 1264 1154 1334 ἄρχοντας,
1183 1264 1258 1326 ὡς
1278 1263 1428 1334 δηλοῖ
1459 1261 1527 1315 τὰ
1549 1260 1700 1329 έξῆς,

1823 1264 2028 1333 quentia
2078 1264 2356 1320 declarant
2393 1281 2404 1316 :
2441 1284 2459 1317 ι
2491 1265 2787 1334 Quousque
2816 1264 3078 1333 judicatis
3116 1263 3382 1332 iniquita-

145 1374 162 1408 ι
184 1356 315 1418 Ἕως
349 1355 489 1409 πότε
513 1355 728 1427 κρίνετε
756 1354 992 1421 ἀδικίαν,
1033 1353 1128 1406 καὶ
1146 1354 1412 1424 πρόσωπα
1443 1354 1703 1422 ἀμαρτω-

1823 1364 1941 1420 Lem,
1975 1364 2032 1412 et
2075 1355 2244 1411 facies
2290 1367 2642 1426 peccatorum
2707 1357 2957 1412 sumitis?
3011 1354 3262 1410 Judicate
3293 1371 3385 1409 or-

140 1447 236 1501 λῶν
263 1447 610 1518 λαμϐάνετε;
642 1447 874 1518 Κρίνετε
904 1446 1127 1517 ὀρφανῷ
1149 1447 1244 1499 καὶ
1264 1445 1486 1516 πτωχῷ,
1512 1462 1705 1499 ταπει-

1823 1449 1991 1518 phano
2006 1456 2060 1504 et
2080 1462 2268 1518 egeno,
2300 1449 2560 1504 humilem
2579 1459 2632 1504 et
2662 1464 2954 1519 pauperem
2990 1446 3380 1517 iustificam!”

139 1537 219 1592 νὸν
244 1539 333 1592 ιιια1⁵
363 1538 577 1610 πένητα
600 1537 952 1602 δικαιώσατε,
987 1554 1008 1590 δ
1039 1538 1133 1592 καὶ
1175 1537 1242 1591 τὰ
1295 1537 1438 1606 ἑξῆς.
1477 1537 1586 1590 Καὶ
1609 1532 1705 1590 αὖ-

1823 1549 1864 1594 et
1891 1555 2014 1609 qua:
2045 1549 2365 1610 sequuntur.
2392 1542 2456 1594 Et
2490 1541 2686 1594 iterum
2727 1559 2741 1595 :
2781 1560 2798 1591 ‹
2847 1539 2991 1594 Deus
3025 1540 3251 1593 deorum
3277 1537 3383 1592 Do-

141 1629 234 1692 θις,
265 1649 284 1681 ι
317 1629 456 1693 Θεὸς
489 1630 626 1682 θεῶν
658 1630 862 1700 Κύριος
901 1630 1151 1700 ὲλὰλησε,
1198 1631 1291 1682 καὶ
1333 1630 1558 1683 ἐκάλεσε
1606 1629 1706 1700 τὴν

1823 1635 1996 1688 minus
2037 1633 2250 1688 locutus
2295 1643 2396 1698 est,
2447 1642 2499 1688 et
2532 1633 2747 1687 vocavit
2793 1641 2990 1686 terram
3009 1640 3057 1685 γ.
3103 1650 3122 1680 ι
3159 1629 3378 1696 Illorum

140 1721 247 1790 γῆν.
287 1739 306 1772 ι
341 1720 568 1774 Τοῦτων
601 1720 781 1774 αὐτῶν
813 1720 1053 1791 δηλονότι
1083 1721 1192 1773 τῶν
1215 1719 1399 1791 χάριτι
1420 1720 1519 1791 τῆς
1544 1737 1708 1790 προσ-

1823 1740 2027 1794 nempe,
2050 1725 2143 1795 qui
2173 1725 2320 1795 digni
2355 1725 2523 1780 habiti
2553 1734 2683 1781 sunt
2714 1726 2814 1779 hac
2841 1723 3221 1795 appellationis
3259 1739 3383 1793 gra-

139 1812 354 1882 ηγορίας
391 1811 601 1880 ταύτης
633 1811 976 1881 ἠξιωμένων.
1031 1810 1190 1866 Οὕτω
1231 1812 1327 1866 καὶ
1347 1815 1376 1865 6
1405 1811 1706 1882 νομοθέτης

1823 1816 1906 1870 tia.
1941 1816 2030 1870 Sic
2069 1825 2124 1871 et
2154 1817 2430 1887 legislator
2487 1817 2596 1871 ait:
2631 1836 2649 1869 ε
2691 1815 2805 1870 Diis
2849 1831 2958 1870 non
3014 1815 3292 1880 detrahes,
3334 1820 3388 1867 et

141 1905 282 1974 φησὶ,
304 1923 323 1954 ι
349 1905 525 1966 Θεοὺς
540 1904 602 1957 οὐ
619 1903 1037 1974 κακολογήσεις,
1067 1904 1160 1957 καὶ
1178 1903 1447 1974 ἄρχοντας
1469 1903 1582 1974 (50)
1611 1900 1706 1956 τοῦ
1743 1974 1750 1978 _

1823 1908 2152 1978 principibus
2176 1910 2360 1978 populi
2401 1911 2478 1964 tui
2509 1924 2617 1963 non
2672 1908 3021 1963 maledices‘.
3049 1925 3068 1959 ι
3107 1906 3186 1961 11ιί
3225 1907 3389 1977 igitur

137 1997 255 2050 λαοῦ
279 2015 372 2051 σου
398 1998 503 2051 οὐκ
523 2000 666 2068 ἐρεῖς
699 1997 904 2062 κακῶς.
935 2017 954 2049 ›
981 1999 1241 2052 Κάκεῖνοι
1259 1997 1440 2052 τοίνυν
1457 1998 1532 2061 ὡς
1553 1997 1706 2050 εὐσε-
1743 1974 1750 2030 Ῑ

1823 1974 2007 2065 etiam,
2047 1974 2306 2072 tanquam
2337 2003 2410 2072 pii
2439 2012 2493 2057 et
2527 2003 2677 2065 boui,
2728 2000 3101 2070 cognominati
3141 1974 3269 2055 sunt
3294 1999 3387 2053 lilii

141 2090 245 2152 σείς
273 2091 678 2162 ὠνομάσθησαν
732 2091 841 2145 υἱοὶ
883 2089 980 2144 τοῦ
1007 2090 1166 2146 Θεοῦ.
1207 2091 1573 2161 Ἐκεχώριστο
1603 2090 1712 2159 γὰρ

138 2182 223 2234 τοῦ
258 2182 364 2252 Σὴθ
411 2183 474 2236 τὸ
514 2184 692 2251 γένος,
729 2183 824 2236 καὶ
863 2184 963 2236 οὐκ
1005 2183 1337 2251 ἐπεμίγνυτο
1375 2184 1489 2245 τοῖς
1525 2182 1591 2234 ὲκ
1617 2180 1712 2234 τοῦ

139 2273 289 2339 Κάῐν,
307 2272 400 2325 διὰ
429 2271 528 2342 τὴν
557 2271 939 2341 ἐπενεχθεῖσαν
963 2271 1114 2341 αὐτῷ
1138 2271 1289 2341 παρὰ
1318 2269 1412 2325 τοῦ
1440 2269 1576 2324 Θεοῦ
1606 2269 1713 2324 τῶν

119 2345 266 2418 ’ὅλων
300 2365 470 2436 ἀράν.
514 2364 677 2418 Ἀλλὰ
702 2365 896 2436 χρόνου
933 2363 1130 2434 συχνοῦ
1164 2363 1472 2426 διελθόντος
1495 2379 1509 2394 ·
1547 2364 1562 2412 ί
1575 2362 1715 2432 μετὰ

139 2454 348 2510 πλείονα
400 2454 514 2526 γὰρ
557 2455 590 2524 ἢ
633 2455 866 2524 δισχίλια
908 2453 1004 2524 ἐτη
1053 2453 1144 2506 τὸν
1183 2453 1570 2522 κατακλυσμὸν
1618 2454 1716 2506 έπ-

138 2550 332 2618 ήγαγεν
348 2549 377 2602 6
400 2546 585 2616 Θεὸς),
605 2545 833 2608 εὐειδεῖς
854 2544 1175 2614 θεασάμενοι
1197 2544 1297 2614 τῆς
1320 2545 1412 2596 τοῦ
1425 2544 1567 2598 Κάῖν
1582 2561 1716 2612 συγο

142 2639 347 2705 γενείας
378 2638 484 2700 τὰς
533 2636 862 2705 θυγατέρας,
908 2636 1000 2688 καὶ
1030 2634 1514 2705 καταθελχθέντες,
1545 2635 1621 2698 ὡς
1647 2635 1718 2688 εἰ·

139 2731 246 2794 κὺς,
290 2733 407 2793 τοῖς
454 2728 587 2799 παρ’
623 2728 806 2782 αὐτῶν
851 2727 1182 2796 ἐπινοηθεῖσι
1222 2729 1504 2798 μουσικοῖς
1544 2727 1714 2797 ὀργάν

140 2836 242 2882 νοις
274 2821 324 2891 (6
353 2820 470 2892 γὰρ
513 2819 726 2872 ἰουΰὰλ
773 2816 834 2884 ἐξ
877 2819 1058 2872 αὐτῶν
1106 2819 1370 2890 ἀνθήσας,
1418 2817 1715 2889 ψαλτήριον

137 2913 226 2964 καὶ
251 2911 495 2983 κιθάραν
520 2909 877 2980 κατέδειξεν),
907 2911 1252 2981 ὲπεμίγησαν
1280 2911 1492 2973 αὐταῖς,
1525 2910 1620 2962 καὶ
1639 2911 1716 2962 δι-

139 3001 394 3076 έφθειραν
427 3002 530 3073 τὴν
578 3002 790 3056 οίκείαν
832 3002 1114 3070 εὐγένειαν
1141 3019 1155 3034 ο
1194 3001 1286 3055 καὶ
1319 3001 1389 3054 τὰ
1429 3001 1568 3054 αὐτὰ
1602 3004 1716 3065 τοῖς

152 3091 516 3162 Ἰσραηλίταις
550 3091 874 3162 ὑπέμειναν,
903 3089 957 3145 οῖ
973 3093 1095 3156 ταῖς
1118 3091 1224 3144 τῶν
1253 3090 1599 3144 Μαδιανιτῶν
1622 3089 1716 3143 θυ-

138 3183 370 3252 γατράσι
403 3183 685 3253 μιγέντες,
709 3180 802 3235 καὶ
847 3183 944 3252 τῆς
972 3181 1190 3235 ἐκείνων
1234 3180 1553 3244 δυσσεϐείας
1589 3197 1717 3250 μετ-

1815 2091 1931 2148 Dei.
1967 2093 2288 2164 Separatum
2331 2095 2476 2149 enim
2513 2102 2632 2148 erat
2655 2109 2826 2164 genus
2853 2093 3004 2156 Seth,
3037 2101 3090 2146 et
3121 2107 3228 2146 non
3265 2108 3387 2162 per-

1816 2181 2299 2238 miscebatur'cum
2333 2181 2660 2251 cognatione
2714 2182 2870 2243 Cain,
2916 2190 3137 2250 propter
3181 2181 3386 2234 illatam

1815 2273 1884 2327 ab
1911 2275 2155 2328 omnium
2192 2272 2300 2326 Deo
2327 2270 2787 2326 maledictionem.
2817 2269 2986 2324 Multo
3033 2279 3212 2323 autem
3272 2280 3392 2338 post

1819 2375 2061 2434 tempore
2092 2365 2239 2433 (nam
2281 2375 2400 2432 post
2442 2377 2617 2416 annos
2670 2362 2791 2431 plus
2833 2361 2916 2417 bis
2947 2362 3094 2415 mille
3123 2360 3388 2414 diluviqu

1817 2455 2031 2511 induxit
2063 2453 2246 2525 Deus),
2280 2455 2525 2508 videntes
2558 2453 2700 2507 filias
2734 2451 3074 2521 cognationis
3103 2450 3236 2504 Cain
3269 2466 3394 2518 spe-

1817 2550 2022 2614 ciosus,
2061 2555 2114 2602 et
2143 2547 2330 2613 illecti,
2369 2557 2428 2601 ut
2464 2547 2760 2602 verisimile
2785 2547 2888 2616 61
2920 2557 3027 2608 est,
3057 2546 3393 2598 instrumen-

1821 2639 1891 2693 tis
1919 2639 2144 2694 musicis
2169 2639 2238 2692 ab
2291 2638 2369 2692 cis
2399 2637 2722 2708 excogitatis
2750 2635 2930 2705 (Jubal
2956 2635 3101 2688 enim
3137 2650 3202 2688 ex
3258 2635 3391 2703 ipsis

1819 2738 2114 2800 prognatus
2146 2729 2463 2798 psalterium
2499 2739 2555 2782 et
2607 2729 2874 2783 citharam
2912 2725 3239 2794 invenerat),
3272 2740 3394 2794 per-

1818 2820 1965 2875 misti
1985 2830 2112 2875 sunt
2141 2820 2268 2884 illis,
2285 2830 2339 2874 et
2359 2819 2804 2873 contaminarunt
2827 2833 2982 2873 suam
3007 2817 3341 2871 nobilitatem
3374 2833 3386 2866 :

1816 2921 1872 2969 et
1902 2914 2090 2968 eadem
2128 2913 2370 2982 perpessi
2419 2922 2566 2972 sunt.
2596 2927 2718 2982 qua:
2754 2911 3030 2975 lsraelit:e,
3056 2910 3147 2978 qui
3183 2908 3389 2962 “adia-

1819 3001 2056 3057 nitarum
2094 3001 2307 3055 filiabus
2337 3001 2600 3070 permisti,
2628 3008 2681 3054 et
2711 2997 3003 3068 impietatis
3027 3012 3216 3052 eorum
3266 3011 3393 3066 par-

1819 3093 2009 3161 ticipes
2037 3089 2162 3145 facti
2203 3097 2350 3155 sunt,
2377 3099 2431 3144 et
2457 3089 2697 3144 divinam
2737 3087 2999 3142 ultionem
3029 3084 3391 3155 pertulerunt.

1819 3180 1894 3236 De
1925 3182 2010 3237 his
2035 3181 2250 3236 divinus
2280 3180 2444 3234 David
2478 3179 2656 3250 inquit
2694 3197 2707 3233 :
2743 3197 2762 3230 ι
2791 3176 3041 3232 Permisti
3080 3185 3208 3231 sunt
3257 3175 3398 3228 inter

140 3270 312 3342 ἐσχον,
351 3273 458 3326 καὶ
493 3271 760 3342 θεήλατον
780 3271 1051 3341 τιμωρίαν
1097 3271 1364 3337 ἐδέξαντο.
1413 3270 1550 3342 Περὶ
1590 3269 1750 3347 τού-1

1823 3282 2029 3342 gentes,
2081 3282 2134 3326 et
2175 3270 2480 3324 didicerunt
2527 3283 2690 3337 Opera
2734 3282 2949 3332 eorum,
3001 3274 3056 3321 et
3092 3265 3398 3321 servierunt

141 3378 239 3413 των
262 3364 358 3415 καὶ
389 3365 420 3416 6
457 3362 606 3424 θεῖος
647 3361 752 3430 ἔφη
783 3361 970 3424 Δασὶδ,
1008 3381 1026 3412 ‹
1064 3362 1173 3413 Καὶ
1214 3361 1484 3435 ἐμίγησαν
1514 3361 1572 3413 ὲν
1605 3362 1718 3424 τοῖς

139 3449 332 3518 ἔθνεσι,
359 3455 464 3506 καὶ
505 3451 712 3522 ἔμαθον
749 3453 817 3505 τὰ
846 3452 981 3521 ἔργα
1024 3451 1224 3518 αὐτῶν,
1261 3452 1353 3504 καὶ
1397 3451 1721 3504 ὲδοῦλευσαν

139 3545 246 3604 τοῖς
270 3543 542 3610 γλυπτοῖς
581 3542 782 3595 αὐτῶν.
814 3561 834 3592 ι
869 3541 1055 3603 Οὕτως
1085 3543 1136 3594 οί
1175 3543 1239 3594 ὲκ
1277 3541 1372 3594 τοῦ
1405 3541 1510 3613 Σὴθ
1536 3541 1598 3595 τὸ
1625 3541 1720 3611 γέ-

143 3648 227 3695 νος
263 3636 631 3702 κατάγοντες,
673 3632 840 3684 πάλαι
885 3632 984 3702 μὲν
1012 3633 1088 3695 ὡς
1119 3633 1321 3703 ἀρετῆς
1355 3632 1721 3704 ἐπιμελούμε-

141 3741 217 3777 νοι
271 3726 383 3778 υίοὶ
432 3724 579 3778 Θεοῦ
622 3723 1023 3795 ἐχρημάτιζον·
1061 3725 1166 3778 ὑπὸ
1199 3725 1255 3779 δὲ
1295 3726 1394 3794 τῆς
1429 3724 1578 3796 ὥρας
1613 3726 1722 3781 τῶν

145 3816 374 3869 ἀνοσίων
403 3816 694 3884 γυναικῶν
723 3817 1122 3882 δελεασθέντες,
1171 3815 1456 3886 συνέχειαν
1487 3819 1584 3888 μὲν
1604 3815 1724 3869 δια-

143 3909 453 3977 κεκριμένα
483 3908 552 3960 τὰ
575 3907 708 3979 γένη
735 3925 749 3938 ·
782 3909 991 3977 καρπὸν
1015 3908 1128 3980 (51)
1146 3908 1202 3961 δὲ
1231 3908 1597 3979 κληρονομίας
1621 3910 1722 3980 τὴν

144 4001 531 4071 πανωλεθρίαν
579 3999 850 4063 ἐδέξαντο.
896 4001 1104 4054 Ἐκεῖνο
1154 3999 1410 4070 μέντοι⁸⁵
1447 4000 1723 4072 ἐπισημή-

144 4092 336 4145 νασθαι
369 4093 511 4164 χρὴ,
537 4091 614 4154 ὡς
648 4094 746 4162 οὐχ
774 4092 960 4156 ἁπλῶς
1001 4091 1181 4147 αὐτῶν
1215 4093 1492 4163 ἁμαρτίαν
1519 4093 1547 4145 6
1584 4093 1724 4156 θεῖος

145 4180 295 4248 λόγος
310 4185 662 4253 κατηγορεῖ·
681 4183 817 4236 ἀλλὰ
837 4184 934 4252 τὴν
969 4183 1086 4253 μετ’
1102 4184 1420 4254 ἐπιμελείας
1449 4185 1544 4237 καὶ
1562 4201 1729 4236 σπου-

143 4272 234 4342 δῆς
266 4274 651 4345 παρανομίαν.
678 4273 851 4327 Τοῦτο
879 4276 988 4346 γὰρ
1013 4275 1164 4345 δηλοῖ
1196 4271 1275 4341 τὸ,
1304 4293 1323 4326 ι
1357 4277 1473 4339 Πᾶς
1496 4292 1583 4338 τις
1610 4275 1729 4328 δια-

1824 3361 2166 3432 sculptilibus
2197 3375 2385 3416 eorum
2409 3371 2458 3414 α.
2490 3377 2508 3409 ›
2546 3358 2636 3414 Sic
2663 3367 2718 3414 et
2757 3357 2812 3412 hi
2839 3357 2930 3427 qui
2962 3371 3030 3411 ex
3089 3353 3258 3410 Setbo
3301 3370 3396 3424 ge-

1825 3469 1929 3508 nus
1964 3453 2256 3518 duxerunt,
2303 3452 2433 3506 olim
2477 3451 2718 3520 quidem,
2750 3456 2812 3504 ut
2843 3448 3104 3502 virtutum
3145 3444 3394 3508 studiosi,

1825 3544 2161 3598 vocabantur
2199 3543 2292 3597 ﬁlii
2333 3542 2448 3597 Dei.
2477 3539 2680 3596 Verum
2741 3541 3077 3610 impurarum
3111 3537 3396 3591 mulierum

1827 3635 2235 3706 pulchritudine
2288 3634 2429 3703 capti
2475 3631 2843 3689 confuderunt
2892 3629 3126 3683 familias
3189 3626 3392 3696 alioqui

1829 3729 2133 3794 distinctas,
2164 3733 2216 3781 et
2239 3741 2336 3796 pro
2379 3724 2557 3780 fructu
2591 3723 2934 3779 hrereditario
2961 3721 3394 3776 commune-cxi-

1833 3821 1966 3874 tium
1994 3830 2332 3888 receperunt.
2357 3816 2474 3872 Hoc
2509 3826 2686 3870 tamen
2723 3811 3265 3870 animadvertendum
3289 3820 3393 3874 cst,

1831 3910 1976 3981 quod
1998 3910 2215 3964 divinus
2237 3907 2429 3962 Sermo
2461 3923 2567 3960 non
2623 3904 2940 3973 simpliciter
2990 3909 3270 3970 peccatum
3304 3912 3398 3951 eo-

1833 4018 1954 4058 rum
1983 4003 2225 4064 damnat,
2247 3999 2341 4055 sed
2375 4013 2503 4053 cura
2536 4006 2590 4051 et
2619 3995 2798 4050 studio
2827 3993 3111 4064 quaesitam
3143 3991 3402 4060 iniquita-

1832 4104 1939 4150 tem
1981 4091 2343 4162 reprehendit.
2398 4088 2511 4142 lloc
2564 4086 2708 4141 enim
2767 4083 3057 4155 significat,
3091 4081 3235 4152 quod
3291 4081 3398 4135 ait:

1841 4201 1860 4235 ‹
1896 4180 2286 4250 Unusquisque
2311 4178 2602 4234 meditatur
2630 4175 2683 4228 in
2721 4172 2887 4228 corde
2933 4187 3032 4225 suo
3067 4171 3307 4243 studiose
3340 4173 3402 4220 ad

1833 4272 1974 4327 mala
1995 4269 2299 4342 peragenda
2336 4269 2589 4324 omnibus
2614 4265 2803 4320 diebus
2823 4263 2874 4316 ι).
2906 4280 2925 4313 ›
2959 4261 3062 4327 Qui
3094 4261 3236 4315 enim
3263 4277 3405 4328 aegre

147 4367 344 4419 νοεῖται
376 4369 440 4420 ὲν
478 4369 546 4438 τῇ
580 4366 782 4438 καρδίᾳ
815 4366 979 4419 αὑτοῦ
1006 4366 1282 4439 ἐπιμελῶς
1307 4369 1399 4420 ἐπὶ
1427 4367 1495 4421 τὰ
1519 4365 1732 4438 πονηρά

1835 4364 2018 4419 ferunt
2080 4363 2315 4417 oblatam
2380 4359 2482 4416 sibi
2521 4355 2776 4429 peccandi
2833 4354 3196 4418 occasionem,
3238 4363 3270 4403 a
3307 4365 3405 4401 ne-

148 4458 324 4520 πάσας
352 4460 463 4521 τὰς
515 4459 752 4528 ἡμέρας.
803 4477 824 4510 ι
870 4459 933 4511 Οἱ
975 4459 1074 4528 μὲν
1130 4458 1240 4530 γὰρ
1284 4458 1733 4529 δυσχεραίνοντες

1836 4458 2006 4528 quitia
2042 4465 2220 4511 tamen
2250 4454 2378 4510 victi
2410 4469 2503 4524 per
2533 4451 2729 4506 mentis
2758 4448 3051 4520 ignaviam,
3082 4453 3270 4515 postea
3299 4443 3399 4496 do-

147 4547 244 4616 τῆς
275 4547 572 4619 ἁμαρτίας
605 4549 704 4619 τὴν
735 4548 1066 4620 προσϐολὴν,
1095 4548 1398 4620 ἡττώμενοι
1437 4549 1495 4602 δὲ
1520 4549 1606 4602 διὰ
1633 4548 1734 4620 τὴν

1844 4551 1951 4602 lent
2001 4557 2054 4602 et
2085 4549 2291 4617 lugent,
2343 4544 2669 4600 mediocrem
2717 4540 3008 4611 quamdam
3055 4537 3407 4606 aliquatenus

147 4638 234 4693 τοῦ
259 4641 356 4694 νοῦ
386 4640 675 4713 ρᾳθυμίαν
698 4644 764 4711 τῇ
796 4642 1050 4714 πονηρίᾳ,
1066 4639 1165 4694 εἷθ’
1185 4641 1412 4714 ὕστερον
1435 4640 1728 4711 ἀλγοῦντες

1840 4640 2038 4694 habent
2057 4637 2487 4693 excusationem.
2520 4633 2623 4700 Qui
2646 4647 2774 4687 vero
2797 4630 3070 4686 declinant
3089 4641 3314 4697 prorsus
3338 4623 3407 4679 ad

149 4733 239 4784 καὶ
271 4733 590 4796 στένοντες,
622 4732 806 4804 ἔχουσί
835 4751 957 4786 τινα
981 4735 1210 4804 μετρίαν
1240 4735 1506 4806 ἀμηγέπη
1535 4733 1738 4804 παραί-

1837 4729 2301 4801 intemperantiam
2367 4735 2420 4782 et
2458 4725 2742 4788 malitiam,
2789 4720 3099 4777 subservire
3147 4717 3410 4772 facientes

148 4840 304 4893 τησιν
335 4841 350 4855 ·
387 4826 442 4876 oi
475 4823 534 4875 δὲ
556 4825 638 4888 είς
657 4825 954 4880 ἀκολασίαν
980 4828 1073 4880 καὶ
1091 4827 1360 4897 πονηρίαν
1387 4827 1739 4879 παντάπασιν

1836 4822 2212 4878 affectionibus
2247 4819 2539 4879 rationem,
2593 4825 2651 4870 ut
2691 4815 2853 4870 etiam
2907 4811 3216 4882 echgitent
3273 4808 3410 4862 alias

150 4912 576 4977 ἀποκλίνοντες,
625 4913 721 4968 καὶ
756 4913 942 4969 δοῦλον
987 4915 1096 4969 τῶν
1139 4915 1331 4969 παθῶν
1355 4916 1446 4970 τὸν
1483 4915 1740 4985 λογισμὸν

1837 4916 2090 4986 nequitiae
2121 4913 2347 4984 species,
2375 4921 2427 4964 et
2461 4911 2560 4964 hoc
2591 4923 2700 4963 non
2724 4905 2892 4964 semel
2920 4913 3016 4959 aut
3050 4903 3158 4984 bis,
3197 4902 3290 4958 sed
3314 4916 3410 4972 per

2851 5113 2877 5142 ι
2907 5099 3051 5156 Psal.
3087 5112 3175 5164 ον,
3197 5095 3289 5163 55,
3318 5091 3408 5148 56.

219 5117 246 5146 ι
274 5108 432 5164 Psal.
468 5123 658 5175 Lxxxt,
696 5109 749 5165 6.
823 5117 852 5147 ν
891 5107 1049 5175 ibid.,
1077 5108 1130 5163 1.
1207 5118 1234 5145 ι
1266 5107 1419 5175 ibid.,
1448 5106 1504 5175 2,
1538 5109 1590 5163 5.
1664 5118 1694 5157 .tr
1720 5105 1750 5162 Ρ

1823 5110 1866 5164 1.
1903 5125 2050 5174 xux,
2077 5109 2126 5162 l.
2227 5113 2252 5141 ³
2282 5103 2457 5159 Exod.
2494 5118 2629 5167 χχιι,
2652 5101 2745 5156 28.

1207 5118 1234 5145 ι
1266 5107 1419 5175 ibid.,
1448 5106 1504 5175 2,
1538 5109 1590 5163 5.
1664 5118 1694 5157 1
1720 5105 1866 5164 Psal.
1903 5125 2050 5174 χιιι,
2077 5109 2126 5162 1.

155 5175 183 5216 δ
212 5177 354 5235 Gen.
385 5193 472 5243 Vl,
515 5175 569 5233 5.

1020 5323 1252 5380 νΑΗΙᾸΕ
1296 5323 1680 5380 LECTIONES
1729 5323 1820 5378 EX
1849 5324 2122 5380 CATENA
2157 5323 2514 5382 LIPSIENSI.

208 5463 256 5499 ³⁸
276 5464 476 5519 ἐκεῖνο
507 5459 692 5532 μέντοι
722 5465 777 5512 et
806 5470 928 5527 qua
951 5457 1156 5529 reliqua
1182 5467 1309 5512 sunt
1335 5473 1399 5512 ex
1426 5457 1527 5512 hac
1556 5459 1750 5512 section

1841 5467 2058 5512 exstant
2093 5459 2146 5513 in
2178 5474 2297 5529 cap.
2324 5475 2379 5531 p.
2414 5460 2536 5516 155.

1681 5607 1922 5664 ΝΟΤΛΕ.

222 5728 344 5801 (50)
373 5725 810 5801 Receptalectio
848 5727 970 5801 eqd.
999 5722 1246 5801 Vaticani
1275 5740 1427 5796 aeque
1465 5738 1528 5779 ac
1576 5723 1729 5780 Alex.

1827 5732 1846 5778 t
1875 5725 2130 5798 ἄρχοντα.

224 5795 345 5872 (51)
367 5795 606 5855 CodCet
631 5796 746 5854 Pic.
777 5795 929 5866 παρὰ
967 5796 1193 5866 καρπόν.
