3920 6316
206 385 309 455 133

1289 384 1571 458 QU/EST.
1601 382 1684 446 IN
1728 382 1997 446 GENES.
2034 385 2192 448 CAP.
2227 387 2306 450 VI

3366 392 3466 456 154

208 501 305 554 καὶ
338 498 564 561 δίκαιον,
607 498 674 551 ἐκ
709 497 812 568 τῆς
840 496 949 551 τῶν
1000 498 1239 554 εὐσεϐῶν
1291 502 1611 570 συγγενείας
1661 502 1829 572 βλαολ

1911 519 1920 555 ι
1947 503 2158 572 piorum
2186 502 2393 559 familia
2421 510 2602 559 ortum
2630 545 2645 571 ,
2689 512 2745 559 et
2786 503 2878 574 qui
2909 503 3318 575 permistionem
3354 508 3466 563 ini"

215 594 501 664 στήσαντα,
529 591 625 644 καὶ
649 591 747 662 τὴν
786 590 885 661 τῆς
916 593 1262 663 παρανομίας
1293 594 1575 663 ἐπιμιξίαν
1617 596 1783 667 μισή-

215 703 396 739 σαντα.
431 684 503 737 Οὐ
554 685 685 755 μὴν,
714 683 791 746 ὥς
829 685 975 748 τινές
1011 702 1192 752 φασιν,
1223 686 1359 756 ὀργῇ
1392 703 1519 751 τινι,
1553 687 1646 741 καὶ
1689 704 1786 757 με·

211 778 471 849 ταμελείᾳ
489 777 665 830 ταῦτα
700 778 991 848 πεποίηκε.
1024 779 1209 832 Ταῦτα
1232 779 1341 851 γάρ
1366 796 1448 833 τοι
1472 780 1788 852 ἀνθρώπινα

210 871 353 941 πάθη
377 886 392 900 ·
426 872 464 940 ἡ
495 870 554 923 δὲ
597 870 718 923 θεία
753 869 914 938 φύσις
948 871 1210 942 ἐλευθέρα
1244 871 1456 927 παθῶν.
1492 873 1698 937 ’Ἄλλως
1728 891 1788 927 τε

207 966 239 1034 ὴ
273 961 615 1033 μεταμέλεια
647 965 760 1025 τοῖς
793 962 930 1034 μετὰ
958 965 1057 1034 τὴν
1086 966 1283 1033 πεῖραν
1315 964 1648 1035 μανθάνουσι
1680 965 1790 1018 τῶν

208 1052 556 1121 πραγμάτων
587 1051 685 1124 τὴν
720 1051 881 1121 φύσιν
921 1053 1293 1124 κατάλληλος’
1326 1055 1649 1122 ἀγνοοῦντες
1680 1055 1790 1127 γὰρ

208 1144 266 1197 τὸ
290 1144 577 1213 ἐσόμενον,
606 1144 1062 1214 προϐουλεύονται
1083 1162 1097 1178 ·
1127 1142 1247 1199 εἶτα
1286 1148 1351 1218 τῇ
1390 1146 1559 1218 πείρᾳ
1586 1145 1792 1216 μανθά-

210 1252 409 1298 νοντες,
451 1235 529 1297 ὡς
572 1234 673 1288 οὒκ
717 1234 893 1305 ὀρθῶς
925 1234 1338 1301 ἐϐουλεύσαντο,
1373 1236 1786 1308 μεταμέλονται.

223 1327 279 1380 Ὀ
303 1327 360 1380 δὲ
390 1326 531 1389 Θεδς
571 1326 743 1389 οὕτως
784 1328 889 1398 ὁρᾷ
921 1327 990 1380 τὰ
1025 1329 1163 1398 μετά
1193 1327 1394 1393 πολλὰς
1432 1328 1667 1398 ἐσόμενα
1695 1345 1792 1397 γε-

213 1416 355 1479 νεὰς,
389 1416 472 1478 ὡς
511 1416 612 1487 ήδη
661 1417 1032 1486 γεγενημένα.
1078 1419 1164 1483 Ὠς
1208 1419 1461 1490 προορῶν
1487 1420 1666 1473 τοίνυν
1697 1420 1792 1473 κα)⁵

213 1506 629 1578 προγινώσκων,
659 1506 834 1573 οὔτως
862 1507 1079 1564 ἅπαντα
1103 1511 1456 1583 πρυτανεύει.
1498 1513 1563 1565 Τί
1591 1512 1794 1583 δήποτε

211 1601 390 1653 τοίνυν
445 1600 857 1672 μεταμελεϊται,
907 1601 1125 1657 ἅπαντα
1173 1603 1311 1671 πρὸς
1340 1603 1438 1671 τὴν
1486 1604 1795 1674 πρόγνωσιν

212 1691 307 1763 τὴν
344 1690 559 1746 οἰκείαν
584 1692 915 1762 οίκονομῶν;
947 1692 1144 1747 οὐκοῦν
1184 1694 1276 1748 ἐπὶ
1315 1692 1449 1747 Θεοῦ
1481 1694 1590 1764 (56)
1626 1711 1795 1765 μετα-

216 1783 410 1855 μέλεια
468 1783 784 1854 οἰκονομίας
813 1786 930 1837 ἐστὶ
964 1784 1257 1856 μεταϐολή.
1315 1803 1333 1837 ι
1388 1784 1793 1856 Μεταμεμέληο

218 1893 312 1946 μαι
342 1875 461 1946 (57)
493 1875 624 1945 γὰρ,
658 1876 845 1946 φησὶν,
877 1876 961 1929 ὅτι
984 1877 1221 1947 κέχρικα
1249 1876 1362 1947 (58)
1389 1876 1479 1929 τὸν
1509 1876 1684 1929 Σαοὺλ
1714 1878 1795 1940 είς

218 1965 467 2037 βασιλέα,
496 1985 515 2018 ι
561 1966 681 2020 ἀντὶ
714 1966 832 2033 τοῦ,
860 1966 1188 2037 Ἐδοκίμασα
1213 1966 1315 2037 μὲν
1346 1967 1555 2021 παῦσαι
1578 1966 1795 2032 τοῦτον,

215 2057 403 2129 ἕτερον
445 2058 504 2111 δὲ
536 2057 935 2128 χειροτονῆσαι.
973 2057 1131 2112 Οῦτω
1177 2056 1480 2123 κάνταῦθα,
1529 2056 1800 2129 ἐνεθυμή-

217 2151 316 2222 θην
352 2152 442 2205 ὅτι
478 2151 711 2222 ἐποίησα
756 2151 847 2206 τὸν
878 2150 1188 2221 ἄνθρωπον,
1221 2149 1522 2220 ὲδοκίμασα
1561 2149 1799 2204 διολέσαι

218 2243 328 2298 τῶν
376 2242 690 2314 ἀνθρώπων
740 2242 802 2305 τὸ
852 2243 1007 2311 γένος
1031 2259 1046 2273 ·
1104 2242 1240 2296 ἀλλὰ
1291 2241 1677 2314 φιλάνθρωπος
1726 2244 1803 2299 ὢν

220 2335 453 2406 σπέρμα
485 2334 574 2389 τὸν
620 2334 746 2388 Νῶε
774 2336 844 2405 τῇ
891 2333 1052 2403 φύσει
1084 2333 1194 2405 (59)
1226 2335 1549 2405 τετήρηκεν.
1592 2335 1806 2408 Ἐπειδὴ

220 2424 277 2478 δὲ
312 2425 410 2479 καὶ
465 2424 579 2479 τῶν
640 2424 855 2493 ἀλόγων
903 2425 974 2478 τὰ
1013 2426 1144 2495 γένη
1201 2425 1302 2494 τῆς
1349 2425 1458 2478 τῶν
1502 2425 1808 2496 ἀνθρώπων

221 2515 385 2569 ἓνεκα
442 2514 911 2587 δεδημιούργηται
953 2517 1164 2588 χρείας,
1209 2517 1303 2570 καὶ
1346 2516 1522 2572 ταῦτα
1556 2521 1668 2582 τοῖς
1709 2519 1806 2572 άνο

225 2607 473 2679 θρώποις
517 2608 902 2677 συνδιεφθάρη,
939 2608 1079 2679 πλὴν
1122 2607 1231 2661 τῶν
1270 2611 1330 2662 έν
1357 2611 1424 2679 τῇ
1461 2608 1679 2679 κιϐωτῷ
1712 2610 1810 2664 σὺν

224 2698 301 2771 τῷ
331 2700 464 2753 Νῶε
498 2697 872 2753 διασωθέντων
902 2700 967 2755 ⁸⁸.
1014 2698 1300 2753 Ἐκέλευσε
1333 2700 1376 2731 ⁸³
1410 2699 1518 2771 γὰρ
1550 2700 1579 2751 ὁ
1608 2699 1811 2752 Δεσπό-

226 2807 323 2857 της
372 2789 518 2852 Θεὸς
544 2789 650 2843 άνά
699 2788 794 2842 δύο
831 2789 930 2859 μὲν
981 2790 1041 2855 ἐξ
1074 2789 1307 2843 ἑκάστου
1357 2789 1548 2857 γένους
1589 2788 1697 2841 τῶν
1724 2787 1812 2840 δο-

224 2880 479 2936 κούντων
520 2881 850 2952 ἀκαθάρτων
893 2881 1245 2952 διασωθῆναι,
1279 2881 1383 2935 ἀνὰ
1429 2881 1569 2934 ἑπτά
1602 2880 1664 2934 δὲ
1703 2879 1813 2933 τῶν

226 2973 519 3045 καθαρῶν.
562 2972 781 3044 Ἐπειδὴ
830 2973 940 3046 γὰρ
976 2973 1180 3045 ἡμελλε
1234 2975 1535 3045 συγχωρεῖν
1582 2976 1693 3031 τοῖς
1723 2974 1815 3026 άν-

226 3065 479 3136 θρὼποις
510 3064 951 3134 μεταλαμϐάνειν
988 3066 1187 3135 κρεῶν,
1222 3064 1455 3136 ἤμελλον
1497 3064 1554 3117 δὲ
1599 3065 1692 3118 καὶ
1725 3063 1818 3117 θυ-

1886 594 2111 662 quitatis
2141 607 2358 648 summo
2391 594 2518 648 odio
2546 593 2798 649 habebat.
2819 592 2938 649 Non
2970 605 3172 662 autem,
3202 608 3262 650 ut
3287 594 3468 652 ferunt

1885 685 2130 755 quidam,
2164 685 2239 739 ira
2269 685 2506 754 quadam
2538 695 2591 738 et
2615 685 2934 754 poenitentia
2959 685 3157 741 ductus
3182 684 3326 741 Deus
3354 687 3471 743 haec

1885 777 2012 844 egit.
2050 773 2143 829 liae
2172 784 2301 829 sunt
2343 775 2490 828 enim
2538 773 2792 828 humanae
2833 775 3154 844 passiones.
3192 788 3222 826 a
3269 776 3471 845 quibus

1888 878 2085 923 natura
2117 866 2299 921 divina
2334 880 2561 934 prorsus
2599 874 2684 920 est
2717 865 2909 919 libera.
2946 864 3179 920 Maxime
3200 881 3323 922 cum
3358 880 3473 936 pm—

1889 959 2118 1015 nitcntia
2167 957 2458 1013 conveniat
2505 955 2620 1022 eis,
2660 956 2755 1025 qui
2804 955 3050 1024 periculo
3097 955 3245 1011 facto
3289 971 3472 1011 rerum

1889 1051 2255 1107 conditionem
2290 1047 2619 1104 didicerunt.
2658 1046 2981 1118 lgnorantes
3016 1048 3161 1102 enim
3197 1047 3344 1118 quod
3386 1045 3474 1101 l‘u-

1892 1158 2072 1200 turum
2109 1151 2231 1207 est,
2263 1152 2421 1197 antea
2463 1140 2779 1197 consultant
2810 1157 2824 1194 :
2860 1148 2974 1193 tum
3031 1138 3276 1208 periculo
3329 1137 3474 1194 facto

1890 1236 2163 1291 discentes
2185 1234 2328 1305 quod
2362 1249 2468 1288 non
2500 1240 2647 1287 recte
2674 1230 3122 1297 deliberaverint,
3155 1230 3476 1299 pmnitentia

1891 1328 2186 1383 ducuntur.
2218 1324 2360 1381 Deus
2385 1333 2565 1379 autem
2599 1321 2822 1393 perinde
2847 1321 2994 1375 videt
3022 1336 3086 1374 ea
3116 1336 3237 1389 qua:
3272 1321 3476 1376 multas

1892 1432 2015 1490 post
2041 1419 2418 1490 generationes
2444 1415 2629 1470 futura
2657 1422 2805 1479 sunt,
2831 1427 2895 1467 ac
2918 1412 2965 1468 si
2997 1411 3109 1482 jam
3145 1410 3473 1466 evenissent.

1894 1509 2035 1565 Hinc
2069 1509 2129 1564 lit
2178 1517 2238 1564 ut
2263 1518 2527 1578 tanquam
2560 1505 2860 1576 praevidens
2887 1511 2942 1558 et
2972 1502 3264 1573 praesciens
3291 1503 3475 1556 omnia

1894 1602 2190 1672 dispenset.
2205 1599 2495 1667 Quomodo
2517 1614 2648 1669 ergo
2674 1602 2689 1620 ‘
2720 1597 3040 1668 paenitentia
3062 1594 3221 1650 cadat
3245 1593 3300 1646 in
3322 1608 3474 1656 eum,

1895 1696 1988 1765 qui
2020 1710 2117 1750 sua
2140 1692 2478 1764 praescicntia
2506 1690 2645 1761 regit
2673 1691 2926 1744 universa
2960 1702 2974 1739 :
3012 1701 3183 1756 quare
3217 1684 3479 1754 poeniten-

1898 1790 1972 1843 tia
2008 1788 2098 1842 Dei
2139 1787 2276 1840 nihil
2304 1784 2449 1839 aliud
2480 1792 2599 1850 est,
2636 1796 2801 1852 quam
2846 1779 3078 1833 mutatio
3115 1775 3481 1846 dispensatio-

1900 1880 1985 1935 nis
2021 1879 2182 1948 ejus:
2231 1896 2250 1928 ι
2286 1876 2519 1931 Paenitet
2546 1889 2660 1937 me,
2701 1872 2813 1944 64
2841 1871 3058 1939 inquit,
3095 1868 3244 1940 quod
3277 1866 3479 1921 consti-

1900 1970 2097 2025 tuerim
2126 1968 2254 2023 Saul
2278 1982 2459 2038 regem
2480 1967 2510 2007 ιι
2536 2007 2551 2031 ,
2587 1979 2690 2035 pro
2719 1980 2785 2020 eo
2816 1963 2962 2033 quod
2991 1971 3076 2017 est
3094 2004 3109 2029 ,
3133 1960 3297 2015 statui
3328 1959 3481 2013 illum

1901 2063 2206 2131 deponere,
2235 2069 2288 2115 et
2310 2060 2540 2114 alterum
2568 2071 2777 2112 creare.
2816 2054 2908 2111 Sic
2962 2063 3018 2109 et
3072 2053 3127 2107 in
3191 2053 3295 2106 hoc
3325 2052 3480 2117 loco,

1911 2164 1929 2199 ι
1954 2144 2188 2199 Paenitet
2246 2159 2333 2198 me
2380 2142 2575 2198 fecisse
2601 2141 2874 2195 hominem
2900 2179 2916 2204 ,
2948 2156 2968 2191 ι
3000 2137 3107 2191 hoc
3132 2145 3249 2200 est,
3269 2134 3484 2189 decrevi

1904 2235 2131 2307 perdere
2156 2234 2440 2288 hominum
2481 2246 2674 2303 genus.
2713 2229 2915 2284 Verum
2939 2269 2954 2294 ,
2981 2223 3107 2283 cum
3129 2226 3398 2296 benignus
3433 2231 3490 2279 et

1907 2328 2147 2384 clemens
2184 2334 2367 2392 esset,
2412 2339 2598 2380 semen
2641 2323 2810 2378 totius
2854 2320 3090 2390 generis,
3147 2320 3324 2386 ipsum
3374 2314 3490 2369 Noe

1907 2423 2116 2471 natura:
2137 2416 2391 2469 humanae
2414 2412 2781 2469 conservavit.
2797 2411 2865 2465 Et
2884 2409 3142 2480 quoniam
3167 2406 3488 2461 animalium

1910 2505 2312 2559 irrationalium
2371 2518 2570 2573 genera
2628 2502 2685 2556 in
2747 2516 2910 2556 usum
2974 2498 3257 2553 hominum
3308 2503 3491 2551 creata

1910 2602 2067 2648 erant
2090 2632 2106 2657 ,
2136 2592 2301 2645 etiam
2331 2592 2447 2645 lucc
2479 2605 2605 2645 cum
2636 2588 2953 2643 hominibus
2986 2586 3163 2642 deleta
3196 2593 3364 2649 sunt,
3393 2599 3494 2638 ex-

1913 2684 2083 2753 ceptis
2110 2684 2214 2748 his,
2245 2698 2367 2752 qua:
2398 2683 2453 2736 in
2483 2696 2612 2736 arca
2637 2695 2762 2735 cum
2790 2677 2905 2733 Noe
2930 2685 3145 2734 servata
3172 2685 3322 2732 sunt.
3342 2673 3496 2729 Han-

1913 2776 2062 2831 davit
2089 2776 2232 2829 cnim
2269 2773 2531 2829 Dominus
2563 2772 2708 2828 Deus
2761 2772 2889 2826 bina
2917 2785 2981 2825 ex
3017 2783 3344 2839 unaquaque
3372 2781 3496 2836 spe-

1914 2869 1999 2924 cie
2032 2866 2374 2931 animalium,
2403 2881 2525 2936 qnaa
2556 2864 2896 2919 habebantur
2926 2860 3228 2923 immunda,
3263 2857 3494 2920 servari,

1915 2969 1969 3014 et
1998 2958 2324 3013 mundorum
2359 2956 2678 3010 animalium
2708 2964 2952 3024 septena.
2982 2949 3120 3005 Nam
3159 2964 3282 3004 cum
3322 2946 3498 3001 homi-

1919 3052 2081 3107 nibus
2106 3056 2252 3105 esset
2284 3048 2656 3117 pcrmissurus
2684 3046 3018 3100 manducare
3050 3055 3268 3105 carnes,
3303 3046 3357 3093 et
3394 3038 3498 3091 ho-

230 3153 350 3216 σίας
402 3150 560 3220 αὑτῷ
604 3153 934 3222 προσφέρειν
978 3153 1080 3223 τῆς
1120 3153 1404 3217 εὐσεϐείας
1442 3154 1490 3207 οί
1538 3152 1817 3224 τρόφιμοι,

1923 3147 2097 3200 mines
2119 3144 2193 3215 pii
2213 3141 2568 3199 sacriﬁcaturi
2589 3149 2776 3195 essent
2798 3139 2897 3206 illi,
2920 3138 3182 3207 majorem
3209 3146 3498 3189 numerum

229 3243 462 3298 πλείονα
518 3242 590 3297 τὰ
644 3243 863 3316 καθαρὰ
928 3244 1271 3316 φυλαχθῆναι
1327 3245 1663 3316 προσέταξε·
1716 3246 1818 3309 τὰς

230 3335 330 3405 μὲν
358 3338 525 3407 τρεῖς
552 3335 818 3404 συζυγίας
853 3338 933 3400 εις
968 3337 1069 3409 τὴν
1107 3334 1334 3408 αὖξησιν
1371 3336 1465 3391 τοῦ
1497 3338 1723 3407 γένους·
1755 3336 1819 3390 τδ

227 3424 285 3478 δὲ
309 3424 372 3479 ἓν
390 3425 460 3479 τὺ
490 3426 751 3496 περιττὸν
778 3427 860 3491 εις
885 3426 1098 3482 θυσίαν.
1131 3428 1308 3492 Εὐθὺς
1334 3428 1444 3499 γὰρ
1464 3430 1492 3483 ὁ
1513 3428 1660 3492 Νῶε,
1681 3428 1820 3499 μετὰ

228 3517 329 3588 τὴν
362 3516 592 3570 παῦλαν
627 3517 730 3586 τῆς
753 3518 1048 3590 τιμωρίας,
1085 3517 1279 3573 θυσίαν
1310 3517 1389 3588 τῷ
1414 3518 1534 3589 Θεῷ
1561 3519 1820 3590 χαριστή-

235 3625 352 3681 ριον
381 3609 792 3682 προσενήνοχεν
810 3622 827 3639 ⁸
861 3610 970 3664 άπὸ
1000 3609 1239 3677 πάντων,
1280 3610 1440 3682 φησὶ,
1471 3609 1579 3663 τῶν
1607 3610 1821 3682 κτηνῶν

230 3702 344 3756 τῶν
386 3700 680 3772 καθαρῶν,
718 3702 812 3755 καὶ
857 3702 964 3756 άπὸ
1006 3703 1225 3758 πάντων
1270 3702 1379 3757 τῶν
1417 3703 1681 3757 πετεινῶν
1712 3702 1822 3756 τῶν

232 3791 524 3864 καθαρῶν.
566 3791 657 3855 Ὠς
701 3787 844 3846 εῖναι
891 3792 1068 3865 δῆλον,
1119 3795 1201 3848 ὅτι
1234 3794 1491 3864 τούτουγε
1521 3795 1684 3866 χάριν
1720 3793 1825 3849 ἀνὰ

232 3884 380 3938 ἑπτὰ
414 3883 758 3954 προσέταξεν
805 3884 865 3949 ἐξ
901 3885 1130 3940 ἑκάστου
1180 3885 1377 3953 γένους
1421 3885 1530 3940 τῶν
1565 3885 1823 3956 καθαρῶν

233 3977 315 4038 εἰς
344 3974 453 4045 τὴν
486 3974 719 4029 κιϐωτὸν
754 3976 1095 4048 εἰσαχθῆναι,
1129 3976 1216 4031 ῐνα
1254 3975 1318 4030 τὸ
1353 3974 1412 4029 ἐν
1448 3975 1587 4040 ζῶον
1626 3975 1685 4042 ἐξ
1701 3974 1826 4030 ἐκά-

239 4081 368 4119 στου
406 4065 610 4134 γένους
641 4066 671 4120 6
714 4065 839 4121 Νῶε
884 4067 1210 4139 προσφέρων
1252 4067 1329 4139 μὴ
1373 4066 1661 4140 διαφθείρῃ
1725 4065 1827 4131 τάς

240 4154 540 4226 συζυγίας.

744 4308 755 4316 “
855 4295 1056 4352 ΕΡΩΤ.
1095 4295 1227 4351 NA'.

464 4456 529 4509 Τί
556 4452 771 4523 ἤσθιεν
808 4454 880 4508 ἐν
915 4452 991 4524 τῇ
1034 4453 1256 4520 κιϐωτῷ
1296 4454 1369 4510 τὰ
1413 4453 1587 4524 θηρία
1608 4470 1629 4520 ;

315 4548 499 4617 Δῆλον
525 4508 617 4600 ὅτι
636 4508 787 4618 χιλόν
813 4565 875 4600 τε
902 4508 998 4601 ita").
1027 4508 1359 4619 σπέρματα.
1376 4508 1520 4618 Ἔφτη
1556 4508 1667 4619 γάρ
1695 4546 1832 4618 πρὸς
1863 4508 1909 4565 D

1918 3238 2247 3292 mundorum
2280 3235 2603 3295 animalium
2637 3231 2905 3287 custodiri
2939 3229 3142 3298 jussit;
3176 3240 3369 3295 nempe
3403 3238 3500 3279 sex

1918 3328 2195 3385 connubio
2210 3327 2422 3397 juncta,
2449 3325 2514 3379 ad
2537 3321 3034 3393 augmentationcm
3063 3317 3300 3386 generis,
3331 3326 3500 3368 unum

1918 3436 2048 3477 vero
2083 3418 2288 3474 animal
2328 3416 2636 3486 reliquum,
2687 3414 2755 3468 ad
2805 3410 3250 3469 sacriﬁcandum.
3303 3404 3500 3460 Statim

1918 3510 2063 3563 enim
2094 3508 2186 3561 ubi
2215 3506 2450 3562 cessavit
2475 3503 2630 3570 ultio,
2656 3501 2769 3557 Noe
2790 3500 3120 3557 sacriﬁcium
3144 3496 3341 3554 obtulit
3370 3494 3502 3559 Deo,

1921 3599 2218 3671 gratiarum
2264 3594 2876 3654 actioni-conveniens:
2924 3610 2943 3645 ι
2976 3589 3054 3644 Ex
3088 3587 3349 3645 omnibus
3371 3625 3384 3648 ,
3419 3584 3507 3638 in-

1921 3695 2040 3765 quit
2064 3732 2079 3757 ,
2110 3691 2403 3763 pecoribus
2433 3688 2653 3744 mundis
2672 3727 2689 3754 ,
2723 3695 2779 3743 et
2807 3701 2875 3741 ex
2902 3682 3164 3739 omnibus
3192 3677 3505 3735 volatilibus

1922 3788 2144 3843 mundis
2168 3789 2212 3843 ί.
2249 3804 2267 3837 ι
2308 3785 2385 3840 lta
2423 3792 2485 3839 ut
2519 3791 2729 3838 certum
2760 3779 2834 3834 sit
2885 3780 2987 3832 hac
3032 3775 3101 3829 de
3141 3788 3304 3827 causa
3335 3769 3505 3823 Deum

1919 3879 2152 3950 iussisse
2169 3895 2234 3933 ex
2259 3890 2586 3945 unaquaque
2610 3873 2791 3944 specie
2825 3871 3155 3925 mundorum
3187 3862 3506 3919 animalium

1925 3980 2144 4041 septena
2187 3969 2243 4024 in
2285 3982 2467 4022 arcam
2508 3962 2805 4026 introduci,
2857 3969 2920 4015 ut
2950 3957 3066 4012 Noe
3105 3971 3277 4011 unum
3304 3951 3506 4007 animal

1928 4061 2182 4121 oﬁ'erens,
2221 4072 2287 4111 ex
2341 4066 2670 4124 unaquaque
2705 4049 2927 4120 specie,
2977 4060 3087 4101 non
3150 4043 3363 4099 tolleret
3390 4053 3514 4111 quae

1929 4150 2206 4211 connubio
2236 4148 2426 4220 juncta
2455 4150 2638 4201 erant.

2522 4274 2807 4334 INTERR.
2848 4273 2936 4330 ιι.

2206 4444 2348 4512 Quid
2377 4440 2766 4502 manducabant
2800 4439 2854 4492 in
2884 4452 3013 4491 arca
3045 4431 3260 4488 bestia?

2012 4541 2240 4598 Constat
2298 4538 2481 4593 fenum
2543 4544 2595 4589 et
2657 4531 2867 4587 semina
2933 4525 3318 4583 manducasse.
3374 4515 3520 4572 Dixit

244 4615 418 4694 αὐτὸν
465 4641 499 4694 δ
530 4615 696 4703 Θεόςο
737 4657 756 4692 ι
803 4640 875 4692 Σὺ
918 4639 975 4693 δὲ
1027 4615 1187 4711 λήψῃ⁷
1229 4615 1584 4709 σεαυτῷίάγπδ
1616 4615 1829 4694 πάντων

1945 4636 2091 4693 enim
2123 4633 2266 4689 Deus
2309 4631 2378 4686 ad
2406 4627 2563 4683 Noe:
2610 4645 2629 4678 ι
2665 4623 2746 4678 Τιι
2783 4636 2912 4678 vcro
2947 4633 3132 4676 sumes
3168 4615 3264 4670 tibi
3299 4627 3364 4667 ex
3397 4624 3519 4664 om-

316 4836 354 4879 Ιι
387 4838 411 4893 ι
440 4838 578 4909 Reg.
606 4852 700 4903 xv,
723 4838 812 4893 ll.
893 4839 912 4879 ί
946 4836 1084 4893 Gen.
1112 4851 1232 4901 vui,
1256 4833 1352 4889 20.

1111 4987 1345 5046 VABIA'I
1397 4983 1783 5043 LECTIONES
1825 4981 1919 5038 EX
1963 4977 2244 5037 CATENA
2292 4972 2645 5032 LlPSlENSI.

329 5181 380 5213 ⁸ο
402 5179 531 5234 Cat.
567 5191 624 5247 p.
658 5175 782 5247 I35.
819 5173 918 5228 σὺν
948 5170 1027 5247 τῷ
1153 5166 1653 5247 διαφυλαχθέντων.
1719 5162 1761 5247 ⁶η¹
1796 5161 1829 5227 ί]

1911 5175 1930 5247 ς
1949 5159 2010 5247 in
2040 5159 2128 5215 ed.
2160 5163 2354 5247 nostra
2393 5159 2717 5225 sequuntur,
2761 5148 3038 5215 ἐκέλευσε,
3069 5155 3203 5206 etc..
3226 5150 3443 5199 exstant
3470 5143 3525 5195 in

256 5259 372 5307 cat.
408 5226 630 5321 E143,
653 5226 720 5302 ad
734 5226 795 5302 ἶ.
827 5226 925 5312 vn,
952 5226 1010 5298 ἓξ
1052 5226 1319 5298 Praecedit
1351 5226 1534 5295 autem
1572 5237 1626 5291 in
1649 5227 1776 5289 Icat.
1816 5226 1871 5302 p.
1902 5231 2007 5286 M5
2032 5228 2263 5299 quaestio
2295 5226 2385 5281 5i.

1778 5412 2011 5471 ΝΟΤᾹ..

333 5584 461 5657 (56)
499 5579 633 5657 Ἐπὶ
656 5575 838 5657 ocos.
860 5534 1076 5657 Cod.
1105 5568 1571 5657 ρξοημετάρεοῡ.

338 5637 465 5726 ἰέἥ
494 5637 1117 5726 Μεταμεμέληέιαιᾼιθ
1134 5637 1340 5726 issit":
1352 5643 1632 5726 etiam!!!
1659 5637 1853 5726 FP‘IIP-

262 5705 684 5783 Βοῖἶεέἶέιυέ,
721 5705 777 5774 in
824 5705 957 5789 ed'it.
989 5705 1270 5789 Complut.
1300 5714 1435 5773 Cod.
1475 5705 1629 5766 Alex.
1664 5718 1720 5766 et
1749 5705 1856 5762 Va-

262 5797 367 5853 tie.
403 5792 612 5851 habent
635 5788 1085 5863 παρακέκλημαι.

2032 5563 2144 5633 (58)
2201 5560 2475 5633 Κέχρικα.
2526 5556 2762 5625 Recepta
2796 5552 2956 5610 lectio
3005 5557 3126 5613 est,
3177 5543 3527 5601 ιϐασίλιυσα.

1960 5630 2066 5688 Alii
2102 5630 2288 5703 legunt
2324 5630 2578 5703 Ἐχρισα.

2036 5689 2260 5775 (59)”Τῇ
2284 5689 2487 5771 φύάὲι.
2520 5696 2654 5753 Cod.
2683 5703 2740 5752 et
2759 5693 2874 5750 Pic.
2913 5692 2994 5746 ἔτι
3033 5689 3211 5759 φύσει.
