3920 6316
404 335 510 405 155

1385 335 1875 397 ΤΗΕΟΒΟΒΕΤΙ
1915 337 2258 400 EPISCOPI
2317 339 2686 412 CYRENSIS

3563 341 3668 409 156

400 453 564 508 nibus
605 450 742 506 cibis
777 464 920 521 quos
965 447 1247 505 comeditis
1272 489 1286 514 ,
1335 457 1390 504 ct
1433 451 1786 508 coacervabis
1836 453 2010 523 apud.

2097 453 2187 509 τῶν
2223 452 2528 525 βρωμάτων
2573 446 2652 508 ὧν
2683 454 2889 520 ἕδεσθε,
2923 454 3018 511 καὶ
3051 456 3318 522 ’συνάξεις
3358 457 3498 529 πρὸς
3540 459 3668 511 ἑαυ-

402 546 677 615 teipsum:
729 553 783 598 et
823 550 984 596 erunt
1031 541 1124 595 tibi
1174 550 1226 596 et
1272 541 1381 597 illis
1418 544 1534 598 esui
1564 555 1611 598 1.
1644 564 1664 597 ι
1712 544 1820 615 65
1867 545 1982 603 Hoc

403 646 580 692 autem
623 635 797 702 ipsum
839 633 1002 687 etiam
1046 632 1356 688 hominibus
1395 635 1555 690 edere
1607 636 1725 706 lege
1776 653 1979 707 praece-

404 732 516 798 pit:
555 748 572 778 ι
605 726 740 781 Ecce
769 726 912 779 enim
949 725 1072 779 dedi
1099 727 1257 781 vobis
1285 741 1501 782 omnem
1545 729 1768 784 herbam
1812 731 1979 785 semi-

401 822 614 883 nalem,
646 819 926 874 seminans
967 834 1189 882 semen,
1240 820 1386 888 quod
1436 829 1521 875 est
1565 837 1727 891 super
1763 822 1983 877 univcr-

401 925 515 963 sam
545 919 765 970 terram,
801 917 856 962 et
887 925 1048 964 omne
1081 910 1285 980 lignum
1319 911 1524 966 habens
1557 912 1606 966 in
1647 929 1704 966 se
1738 912 1979 968 fructum

401 997 626 1052 seminis
659 996 980 1051 seminalem
1011 998 1114 1050 erit
1143 997 1298 1052 vobis
1333 998 1386 1050 in
1416 998 1598 1052 cibum
1630 1009 1680 1054 et
1713 1001 1982 1057 universis

402 1091 590 1145 bestiis
615 1102 806 1155 terrae,
840 1100 894 1143 et
923 1089 1178 1144 omnibus
1208 1090 1521 1146 volatilibus
1552 1091 1672 1146 coeli
1699 1133 1713 1157 ,
1763 1103 1818 1148 et
1862 1093 1984 1147 uni-

403 1198 563 1238 verso
595 1181 774 1250 reptili
805 1181 1014 1251 repenti
1048 1197 1213 1251 super
1243 1191 1476 1251 terram,
1517 1184 1663 1254 quod
1703 1185 1756 1238 in
1793 1200 1852 1241 se
1883 1186 1981 1240 ha-

403 1276 493 1328 bet
533 1274 768 1328 animam
799 1274 923 1328 vitae
955 1291 968 1328 :
1002 1282 1057 1328 et
1085 1289 1301 1329 omnem
1333 1276 1557 1331 herbam
1589 1277 1816 1330 viridem
1857 1279 1980 1333 dedi

403 1363 562 1416 vobis
595 1363 648 1414 in
680 1377 859 1416 escam
893 1362 938 1416 ιε,
984 1380 1002 1413 ι
1038 1360 1115 1416 Ita
1150 1369 1208 1416 ut
1246 1362 1595 1419 manifestum
1627 1365 1718 1431 sit,
1753 1367 1896 1435 quod
1930 1375 1984 1421 et

403 1454 656 1508 homines
691 1461 746 1506 et
778 1453 1033 1507 animalia
1067 1454 1136 1508 ab
1173 1469 1268 1510 esu
1302 1456 1547 1510 carnium
1589 1456 1979 1512 abstinebant:

404 1559 505 1614 pro
547 1544 806 1598 alimento
847 1559 1013 1610 vero,
1053 1543 1326 1602 fructibus
1382 1561 1412 1601 e
1451 1555 1596 1601 terra
1635 1549 1984 1604 nascentibus

406 1636 717 1689 utebantur.
751 1635 888 1689 Illud
907 1639 923 1658 ¹
949 1645 1154 1700 autem,
1175 1655 1194 1688 ι
1216 1637 1496 1694 seminans
1521 1654 1729 1706 semen,
1751 1659 1768 1692 ι
1788 1640 1983 1711 Aquila

406 1725 796 1794 interpretatus
825 1735 934 1792 est,
983 1746 1002 1779 ι
1035 1726 1344 1796 producens
1382 1744 1590 1784 semen.
1621 1748 1640 1782 ι

967 1835 1249 1894 INTERR.
1306 1839 1417 1894 LII.

409 1949 680 2015 Quomodo
706 1949 1102 2022 intelligendum
1139 1964 1217 2008 est
1258 1955 1394 2009 illud
1425 1972 1444 2010 :
1490 1974 1508 2007 ι
1557 1955 1628 2010 Et
1673 1958 1984 2012 recordatus

885 2033 964 2076 est
1003 2023 1260 2078 Dominus
1301 2025 1455 2082 Noe!
1489 2045 1508 2078 ›

474 2109 754 2182 Scriptura
781 2114 963 2169 divina
990 2116 1253 2184 loquitur,
1281 2125 1446 2187 prout
1469 2119 1788 2175 hominibus
1818 2135 1986 2190 expe-

404 2205 511 2268 dit,
545 2217 598 2260 et
627 2222 724 2275 pro
754 2215 916 2276 captu
959 2208 1273 2263 auditorum
1307 2211 1488 2265 varias
1522 2211 1684 2266 habet
1723 2212 1985 2282 loquendi

401 2296 629 2353 formas.
674 2297 1146 2362 Quemadmodum
1195 2314 1328 2370 ergo
1398 2301 1721 2370 paenitentia
1768 2303 1820 2354 in
1876 2301 1986 2356 Deo

403 2396 485 2440 est
513 2385 1004 2441 administrationis
1035 2386 1376 2442 adversitas:
1414 2405 1432 2437 ι
1470 2387 1704 2443 Paenitet
1729 2388 1872 2442 enim
1903 2403 1988 2442 ιιιο

403 2477 549 2546 quod
582 2479 830 2531 unxerim
869 2477 998 2532 Saul
1031 2479 1083 2532 in
1116 2495 1297 2550 regem
1323 2485 1371 2543 ³,
1410 2498 1428 2531 ι
1466 2495 1566 2548 pro
1595 2493 1660 2534 eo
1689 2481 1834 2550 quod
1868 2489 1946 2535 est
1969 2521 1984 2547 ,

401 2573 618 2626 decrevi
665 2573 830 2627 alium
877 2573 930 2626 in
978 2573 1097 2642 ejus
1138 2573 1319 2627 locum
1367 2574 1700 2628 conSIituere
1740 2591 1754 2627 :
1803 2573 1885 2629 sic
1935 2583 1989 2628 et

401 2663 491 2719 hic
542 2683 556 2718 :
607 2684 625 2716 ι
660 2665 894 2720 Paenitet
934 2679 1021 2718 me
1070 2665 1217 2732 quod
1265 2663 1365 2718 feci
1413 2663 1687 2719 hominem
1707 2676 1777 2730 ω,
1817 2683 1835 2716 ›
1890 2679 1988 2734 pro

403 2772 470 2811 eo
523 2757 669 2826 quod
729 2767 849 2821 est,
908 2757 1073 2811 statui
1131 2757 1446 2812 hominibus
1486 2756 1685 2812 inferre
1734 2757 1984 2812 exitium.

404 2846 518 2902 IIoc
548 2849 744 2915 igitur:
788 2868 808 2899 ι
837 2849 1171 2903 Recordatus
1201 2859 1284 2904 est
1313 2848 1573 2904 Dominus
1603 2848 1718 2904 Noe
1735 2857 1782 2914 ιι,
1821 2869 1839 2900 ι
1879 2865 1988 2905 non

402 2939 640 3009 priorem
673 2938 843 2994 fuisse
866 2940 1192 2994 oblivionem
1227 2941 1507 3010 designat,
1551 2940 1644 2995 sed
1690 2943 1986 2996 maximam

405 3031 580 3100 ipsius
632 3029 1024 3083 humanitatem
1067 3032 1288 3083 denotat
1319 3047 1345 3102 ,ε
1399 3030 1546 3099 quod
1594 3045 1813 3085 summo
1863 3047 1991 3102 erga

2081 547 2192 611 τὸν,
2229 547 2322 600 καὶ
2353 547 2506 599 ἔσται
2544 547 2626 598 σολ⁵
2657 547 2748 599 καὶ
2795 546 3024 610 ἐκείνοις
3063 549 3276 615 φαγεῖν.
3330 566 3349 599 ι
3386 546 3565 600 Ταυτὸ
3604 549 3668 601 δὲ

2083 641 2178 695 καὶ
2217 643 2330 703 τοῖς
2372 638 2684 710 ἀνθρώποις
2730 638 3393 710 ἐσθίειν¹ὲνομοθέτησενο
3444 657 3464 692 ι
3529 639 3667 695 Ἰδοὺ

2082 732 2212 803 γὰρ,
2262 733 2418 802 φησὶ,
2471 732 2682 786 δέδωκα
2733 733 2862 802 ὑμῖν
2914 733 3094 786 πάντα
3146 733 3338 802 χόρτον
3389 733 3669 801 σπόριμον

2084 827 2305 895 σπεῖρον
2343 825 2563 895 σπέρμα
2593 825 2620 877 ὅ
2648 823 3006 877 ὲστιν.ὲπάνω
3046 824 3226 894 πάσης
3263 825 3363 893 τῆς
3395 826 3531 895 γῆς·
3568 827 3666 878 καὶ

2083 917 2192 970 πᾶν
2224 915 2399 982 ξύλον,
2432 917 2460 968 ὃ
2495 916 2607 987 ἔχει
2643 917 2699 969 ὲν
2733 915 2910 986 ἑαυτῷ
2941 914 3154 985 καρπὸν
3182 915 3493 984 σπέρματος
3527 917 3668 969 σπο-

2087 1026 2264 1079 ριμον,
2298 1011 2426 1078 ὑμῖν
2454 1008 2605 1062 ἔσται
2635 1009 2716 1072 είς
2747 1007 2971 1080 βρῶσιν,
2996 1007 3092 1060 καὶ
3127 1008 3262 1060 πᾶσι
3289 1010 3400 1070 τοῖς
3444 1007 3670 1075 θηρίοις

2081 1098 2183 1166 τῆς
2208 1098 2330 1167 γῆς,
2364 1098 2458 1149 καὶ
2488 1098 2620 1150 πᾶσι
2670 1098 2780 1159 τοῖς
2827 1096 3094 1156 πετεινοῖς
3125 1092 3220 1146 τοῦ
3269 1093 3525 1162 οὐρανοῦ,
3566 1094 3668 1145 καὶ

2084 1187 2298 1256 ἑρπετῷ
2324 1187 2544 1257 ἕρποντι
2572 1187 2663 1238 ἐπὶ
2687 1187 2788 1256 τῆς
2817 1187 2939 1255 γῆς,
2967 1185 2995 1238 ὃ
3026 1184 3139 1255 ἔχει
3181 1186 3241 1236 ὲν
3282 1181 3459 1252 ἑαυτῷ
3485 1181 3670 1252 ψυχὴν

2085 1279 2248 1350 ζωῆς,
2278 1281 2371 1332 καὶ
2401 1280 2575 1332 πάντα
2604 1279 2796 1349 χόρτον
2826 1275 3032 1347 χλωρὸν
3054 1278 3132 1339 είς
3165 1274 3387 1344 βρῶσιν.
3413 1292 3432 1324 ι
3471 1273 3561 1336 Ὦς
3591 1268 3673 1324 εἷς

2083 1393 2172 1429 ναι
2193 1374 2464 1447 δῆλον,ὃτι
2496 1374 2587 1426 καὶ
2607 1375 2655 1426 οἱ
2679 1372 2953 1442 ἄνθρωποι
2970 1370 3064 1423 καὶ
3081 1369 3148 1422 τά
3172 1368 3289 1431 ζῶα
3313 1365 3670 1437 κρεωφαγίας

2084 1467 2388 1536 ἀπείχοντο,
2419 1465 2623 1534 τροφὴν
2649 1463 2708 1517 δὲ
2732 1459 2877 1534 εῐχον
2905 1463 3029 1526 τοὺς
3071 1459 3180 1514 ἀπὸ
3226 1460 3329 1528 γῆς
3359 1457 3672 1526 φυομένους

2085 1546 2349 1628 καρπούς.
2374 1558 2447 1611 Τὸ
2465 1557 2522 1611 δὲ
2539 1577 2556 1608 ι
2571 1558 2791 1627 σπεῖρον
2814 1553 3057 1624 σπέρμα,
3073 1571 3091 1604 ι
3119 1571 3136 1604 ι
3151 1553 3482 1622 σπερμαίνον
3500 1547 3643 1617 σπέρ

2089 1665 2164 1719 μα
2196 1647 2338 1720 (60).
2375 1648 2402 1700 ὁ
2450 1646 2680 1709 Ἀκύλας
2707 1645 3071 1716 ήρμήνευσεν.

2684 1837 2884 1896 ΕΡΩΤ.
2928 1837 3060 1892 NB'.

2087 1959 2220 2026 Πῶς
2251 1953 2502 2026 νοητέον
2527 1956 2617 2021 τὸ,
2653 1974 2672 2008 ι
2725 1954 3024 2024 Ἐμνήσθη
3057 1952 3272 2021 Κύριος
3293 1949 3401 2004 τοῦ
3427 1945 3562 2000 Νῶε
3589 1963 3607 2010 ;
3648 1963 3669 1998 ι

2160 2114 2493 2185 Προσφόρως
2537 2113 2650 2174 τοῖς
2683 2109 2992 2180 ἀνθρώποις
3038 2109 3071 2178 ή
3105 2105 3222 2159 θεία
3256 2102 3447 2174 Γραφὴ
3498 2097 3678 2152 διαλέο

2087 2224 2243 2277 γεται
2260 2224 2276 2239 ·
2303 2207 2396 2260 καὶ
2414 2204 2490 2266 ὡς
2517 2201 2738 2256 ἀκούειν
2765 2200 3019 2253 δύνανται
3054 2192 3524 2269 μετασχηματίζει
3544 2192 3678 2252 τοὺς

2086 2299 2298 2368 λόγους.
2331 2297 2544 2365 Ὠσπερ
2584 2292 2767 2346 τοίνυν
2805 2291 2899 2344 ἐπὶ
2927 2288 3063 2342 Θεοῦ
3095 2289 3128 2357 ή
3162 2283 3499 2356 μεταμέλεια
3529 2283 3679 2333 οἰκοο

2087 2389 2279 2458 νομίας
2314 2384 2432 2439 ἐστὶ
2452 2382 2688 2454 διαφορά
2717 2398 2730 2412 ο
2766 2399 2784 2431 ι
2818 2377 3296 2448 Μεταμεμέλημαι
3325 2371 3432 2443 γάρ
3463 2372 3549 2424 ὅτι
3587 2368 3682 2422 κέ-

2087 2497 2253 2552 χρικα
2280 2479 2371 2532 τὸν
2393 2476 2568 2531 Σαοὺλ
2596 2477 2677 2538 είς
2703 2472 2948 2543 βασιλέα,
2976 2489 2994 2522 ι
3028 2469 3151 2523 ἀντὶ
3178 2467 3296 2531 τοῦ,
3339 2463 3681 2531 Ἐδοκίματα

2088 2571 2248 2626 ἀλλον
2289 2570 2405 2624 ἀντ’
2451 2566 2619 2620 αὐτοῦ
2653 2563 3026 2634 καταστῆσαιο
3073 2559 3218 2614 οὓτω
3296 2556 3388 2610 καὶ
3435 2553 3681 2609 ἐνταῦθα

2089 2658 2329 2730 νοητέον,
2353 2676 2372 2709 ι
2415 2654 2788 2725 Ἐνεθυμήθην
2808 2653 2891 2706 ὄτι
2920 2649 3154 2720 ὲποίησα
3179 2647 3270 2699 τὸν
3309 2643 3622 2715 ἄνθρωπον,
3653 2663 3672 2694 ι

2089 2752 2210 2806 ἀντὶ
2237 2749 2355 2814 τοῦ,
2398 2744 2734 2818 Έδοκίμασα
2779 2747 2861 2809 είς
2902 2743 3102 2804 αὐτοὺς
3162 2737 3541 2808 πανωλεθρίαν
3585 2737 3681 2788 ὲπ-

2092 2845 2341 2913 αγαγεῖν.
2375 2841 2486 2895 Καὶ
2524 2840 2685 2894 τοῦτο
2705 2839 2884 2893 τοίνυν
2912 2837 3023 2898 τὸ,ι
3063 2831 3343 2903 Ἐμνήσθη
3365 2832 3394 2882 ὁ
3417 2829 3555 2891 Θεὸς
3581 2826 3680 2881 τοῦ

2091 2933 2268 2998 Nais,»
2288 2933 2349 2985 οὐ
2375 2931 2649 3003 προτέραν
2681 2927 2852 2998 λήθην
2868 2925 3186 2986 αἰνίττεται,
3209 2919 3344 2974 ἀλλὰ
3369 2919 3470 2987 τὴν
3501 2919 3684 2987 ἀρρη-

2090 3045 2183 3082 τον
2225 3023 2392 3081 αὐτοῦ
2435 3020 2848 3094 φιλανθρωπίαν
2894 3016 3076 3088 δηλοῖ·
3125 3015 3206 3067 ὅτι
3259 3010 3348 3064 διὰ
3399 3010 3498 3080 τὴν
3550 3009 3685 3080 περὶ

405 3139 531 3178 eum
584 3138 770 3176 amore
804 3121 1032 3190 jusserit
1069 3121 1338 3176 inﬁnitam
1375 3123 1522 3176 illam
1573 3132 1628 3178 et
1667 3124 1988 3178 immensam

2097 3119 2301 3172 ἐκεῖνον
2344 3109 2725 3184 φιλοστοργίαν
2766 3105 3099 3179 προσέταξεν
3134 3103 3210 3167 ὡς
3247 3103 3478 3172 τάχιστα
3505 3117 3684 3207 κατα-

406 3215 618 3284 c0piam
675 3229 940 3284 aquarum
1000 3229 1163 3284 quam
1227 3214 1492 3270 citissime
1541 3215 1653 3286 66
1689 3216 1990 3270 exhauriri.

407 3305 584 3374 Atque
631 3313 692 3357 ut
740 3304 1020 3360 immensae
1073 3321 1187 3361 sum
1238 3305 1498 3361 bonitatis
1541 3306 1992 3376 signiﬁcationem

408 3397 711 3468 praeberet,
761 3397 1015 3451 addidit:
1081 3416 1099 3448 ι
1136 3397 1294 3463 Quod
1347 3398 1514 3452 etiam
1567 3398 1884 3452 recordatus
1924 3399 1998 3454 sit

410 3489 658 3544 omnium
707 3504 966 3559 pecorum
1026 3499 1079 3545 et
1132 3490 1518 3545 universorum
1574 3491 1880 3545 volatilium
1943 3499 1998 3546 et

412 3582 715 3650 reptilium,
747 3598 868 3651 qua}
904 3591 1060 3637 erant
1102 3597 1230 3636 cum
1275 3583 1368 3637 illo
1411 3583 1466 3636 in
1509 3598 1637 3637 arca
1672 3583 1715 3636 °.
1749 3601 1766 3634 ι
1801 3580 1998 3637 Nostra

413 3683 594 3730 autem
625 3689 789 3729 causa
817 3675 978 3728 etiam
1006 3675 1093 3730 his
1118 3675 1404 3730 consulere
1425 3676 1678 3747 dignatus
1699 3684 1819 3731 est:
1852 3676 1999 3745 quod

411 3776 468 3824 et
497 3783 729 3838 magnus
757 3766 851 3821 ille
878 3765 1046 3821 David
1078 3767 1279 3821 clamat
1303 3784 1317 3820 :
1356 3785 1374 3818 ι
1400 3765 1504 3832 Qui
1534 3766 1784 3836 producit
1810 3764 1998 3821 fenum

409 3859 703 3931 jumentis,
763 3867 817 3914 et
865 3859 1088 3914 herbam
1145 3859 1394 3914 servituti
1453 3859 1739 3914 hominum
1779 3870 1828 3913 P.
1862 3877 1882 3912 ›
1935 3857 2002 3914 Et

415 3947 610 4001 iterum
635 3963 650 4000 :
681 3965 701 3999 ι
725 3946 985 4002 Homines
1007 3955 1060 4001 et
1083 3946 1333 4016 jumenta
1361 3945 1620 4014 salvabis,
1652 3947 1882 4003 Domine
1904 3956 1954 4000 ει.
1975 3965 1995 3999 ι

414 4038 642 4112 Propter
672 4056 772 4097 nos
800 4042 946 4097 enim
976 4041 1142 4096 etiam
1173 4049 1362 4096 nostra
1395 4050 1573 4096 curat.

975 4155 1257 4213 INTERR.
1292 4155 1430 4210 LIII.

517 4270 659 4338 Quid
691 4284 767 4328 est
797 4288 817 4327 :
852 4291 871 4324 ι
909 4266 1099 4332 Olfecit
1123 4270 1263 4324 Deus
1290 4269 1504 4322 odorem
1525 4267 1806 4321 suavitatis
1827 4267 1852 4318 ?
1876 4284 1894 4316 ι

484 4411 953 4492 Suscepitipsius
977 4417 1092 4474 Noe
1134 4419 1623 4490 promptitudinem
1660 4420 1827 4476 animi
1849 4461 1864 4486 ,
1895 4435 2002 4474 non

2099 3211 2330 3280 ποθῆναι
2381 3206 2442 3260 τὸ
2495 3205 2722 3274 ἄπειρον
2774 3203 2951 3254 έκεῖνο
2997 3199 3093 3251 καὶ
3148 3195 3455 3265 ἀμέτρητον
3511 3191 3683 3261 ὕδωρ.

2097 3303 2274 3374 Δήλην
2329 3301 2386 3353 δὲ
2440 3295 2607 3351 αὐτοῦ
2649 3291 2818 3348 ποιῶν
2867 3291 2967 3359 τὴν
3014 3289 3291 3357 ἄφραστον
3339 3281 3683 3374 ἀγαθὸτητα,

2099 3371 2469 3466 προσέθηκεν,
2516 3389 2600 3441 ὅτι
2647 3405 2667 3438 ι
2721 3383 2834 3438 Καὶ
2883 3381 3100 3435 πάντων
3142 3375 3252 3430 τῶν
3298 3371 3537 3466 κτηνῶν,
3585 3371 3686 3466 καὶ

2099 3463 2320 3539 πάντων
2338 3481 2446 3536 τῶν
2469 3475 2753 3540 πετεινῶν,
2776 3474 2874 3529 καὶ
2903 3473 3121 3525 πάντων
3145 3468 3257 3521 τῶν
3285 3463 3554 3536 ἑρπετῶν,
3581 3463 3688 3515 ὅσα

2099 3575 2169 3649 ἦν
2201 3575 2314 3647 μετ’
2345 3571 2510 3627 αὑτοῦ
2543 3574 2600 3626 ὲν
2629 3572 2695 3640 τῇ
2727 3565 2966 3636 κιϐωτῷ.
3004 3583 3022 3615 ι
3071 3561 3263 3631 Ἦμῶν
3291 3559 3348 3612 δὲ
3390 3555 3686 3649 χάριν-καὶ

2099 3647 2272 3724 ταῦτα
2307 3663 2650 3737 προμηθείας
2681 3659 2934 3730 ἠξίωσεν.
2970 3653 3143 3708 Τοῦτο
3173 3652 3281 3722 γὰρ
3311 3649 3408 3703 καὶ
3441 3651 3469 3701 ὁ
3511 3647 3688 3716 μέγας

2101 3761 2264 3816 Δαϐὶδ
2305 3759 2436 3829 βοᾷο
2485 3774 2504 3808 ι
2553 3755 2612 3808 Ὀ
2655 3748 3022 3818 ἐξανατέλλων
3065 3745 3256 3816 χόρτον
3288 3744 3402 3803 τοῖς
3433 3740 3686 3808 κτήνεσι,

2101 3855 2198 3908 καὶ
2227 3852 2390 3922 χλόην
2419 3850 2484 3919 τῇ
2519 3845 2733 3916 δουλείᾳ
2764 3842 2872 3896 τῶν
2913 3836 3238 3910 ἀνθρώπων.
3289 3851 3308 3887 t
3340 3833 3452 3886 Καὶ
3482 3829 3686 3922 πάλινο

2108 3963 2129 3998 ι
2162 3921 2512 4014 Ἀνίθρώπους
2543 3939 2639 3991 καὶ
2671 3936 2848 4006 κτήνη
2879 3931 3098 3994 σώσεις,
3121 3927 3296 3999 Κύριε
3311 3926 3378 3979 ⁸³.
3399 3943 3418 3977 ι
3436 3923 3514 3976 Δι’
3537 3921 3690 3991 ἡμᾶς

2101 4037 2212 4109 γὰρ
2242 4036 2337 4090 καὶ
2364 4033 2474 4088 τῶν
2502 4030 2791 4104 ἡμετέρων
2829 4023 3192 4095 ἐπιμελεῖται.

2655 4141 2853 4196 ΕΡΩΤ.
2895 4139 3021 4192 NI".

2109 4261 2171 4316 Τί
2209 4260 2416 4322 ἐστιν,
2465 4274 2484 4308 ι
2546 4251 2946 4386 Ὠσφράέἓῖιας
2964 4248 3182 4370 ξύριος
3225 4245 3271 4277 ⁸³
3343 4240 3548 4310 ὀσμὴν
3591 4240 3691 4293 εὑ-

2187 4417 2514 4484 Ὑπεδέξατο
2551 4413 2646 4469 τοῦ
2692 4413 2817 4467 Νῶε
2855 4413 2917 4465 τὸ
2947 4409 3250 4478 εὔγνωμον,
3280 4405 3344 4458 οὐ
3372 4406 3438 4473 τῇ
3489 4399 3690 4471 κνίσσῃ

417 4512 636 4582 quidem
661 4489 818 4568 _hoc—
843 4510 1037 4567 nidore
1072 4489 1370 4566 delectatus
1395 4553 1410 4577 ,
1472 4510 1608 4564 nihil
1652 4511 1799 4566 enim
1851 4510 2006 4580 pejus

2108 4511 2391 4583 τερφθείς·
2434 4506 2608 4562 ὀστῶν
2655 4505 2766 4577 γὰρ
2813 4503 3120 4573 καιομένων
3161 4498 3312 4553 οὐδὲν
3357 4492 3690 4548 δυσωδέστε-

420 4605 558 4670 olet,
584 4621 748 4676 quam
776 4620 900 4660 ossa
923 4614 1114 4660 exusta
1133 4644 1148 4671 ,
1190 4605 1284 4659 sed
1311 4603 1588 4658 olIerentis
1615 4602 1858 4657 animum
1893 4603 2010 4657 lau-

2113 4621 2204 4677 ρον
2226 4621 2239 4635 ·
2292 4601 2430 4656 ἀλλὰ
2474 4599 2572 4672 τὴν
2605 4597 2699 4652 τοῦ
2732 4593 3192 4668 προσενηνοχότος
3222 4587 3520 4648 ἐπαινέσας
3549 4583 3689 4650 γνὼ-

419 4696 576 4751 dans.
619 4694 740 4751 Non
785 4695 930 4750 enim
971 4703 1154 4765 partes
1194 4708 1491 4765 corporeas
1536 4693 1701 4749 habet
1744 4693 1915 4760 Deus,
1949 4703 2009 4750 ut

2113 4713 2242 4768 μην.
2283 4695 2356 4748 Οὐ
2391 4693 2502 4763 γὰρ
2540 4687 2828 4761 σωματικά
2874 4687 2987 4756 ἔχει
3025 4686 3209 4755 μόρια,
3260 4681 3350 4734 ἵνα
3397 4677 3493 4731 καὶ
3536 4677 3691 4768 ῥῖνας

419 4792 499 4850 illi
525 4809 684 4864 pares
712 4793 877 4848 etiam
917 4764 1159 4849 tribuere
1198 4791 1496 4862 possimus.
1532 4789 1670 4846 Nam
1713 4806 1808 4861 per
1843 4807 2006 4847 nares

2109 4764 2257 4859 αὺτῷ
2291 4784 2604 4857 περιθῶμεν
2623 4797 2637 4814 °
2670 4781 2760 4836 διὰ
2788 4779 2951 4853 ῥινῶν
2978 4778 3087 4848 γάρ
3117 4779 3150 4846 ή
3177 4774 3465 4844 ὄσφρησις.
3508 4764 3692 4837 Ἀμεί-

494 4961 511 5010 l
547 4956 685 5014 Gen.
753 4972 828 5024 vt,
887 4956 978 5012 21.
1082 4957 1110 4996 ιι
1141 4955 1277 5010 Gen.
1310 4970 1362 5017 I,
1415 4951 1508 5024 29,
1551 4952 1643 5008 50.
1753 4951 1774 4993 ι
1807 4951 1826 5006 I
1863 4949 1994 5022 Reg.
2046 4967 2138 5017 xv,
2165 4949 2255 5008 II.
2331 4959 2372 4982 ἰ
2404 4948 2540 5005 Gen.
2572 4962 2649 5013 vr,
2681 4945 2734 5000 7.
2842 4950 2872 4979 ³³
2904 4940 3042 4997 Gen.
3071 4951 3188 5002 VIII,
3218 4935 3273 4990 I.
3383 4940 3406 4962 °
3441 4926 3577 4984 ibid.
3632 4925 3689 4978 1ο

422 5037 453 5078 P
481 5027 626 5085 Psal.
663 5043 780 5095 cm,
817 5027 906 5082 M.
978 5036 1008 5078 ιι
1041 5025 1187 5083 Psal.
1225 5039 1386 5088 xxxv,
1417 5023 1470 5075 7.

1275 5114 1508 5173 VABIE
1537 5109 1946 5170 ‘LECTIONES
1990 5107 2086 5164 EX
2119 5107 2404 5166 CATENA
2445 5100 2802 5162 LIPSIENSI.

497 5244 542 5276 ⁶²
565 5241 677 5365 ξοέ
709 5256 780 5365 όι).
814 5238 938 5307 148,
975 5245 1100 5310 post
1136 5233 1311 5306 Κύριε
1349 5232 1597 5304 sequitur
1621 5231 1697 5295 ὡς
1723 5227 2010 5300 ὲπλήθυναι

497 5329 546 5365 οε
681 5329 704 5364 Ξ
740 5329 787 5365 ς.

2097 5225 2134 5280 εδ
2166 5225 2315 5290 ἔλεός
2359 5241 2453 5279 σου
2491 5220 2578 5294 ἐφ’
2608 5220 2807 5294 mach
2875 5215 2924 5250 “
2951 5213 3071 5272 Cat.
3100 5227 3153 5284 p.
3197 5211 3322 5268 155.
3358 5209 3539 5284 ὠσφρ.
3574 5207 3694 5265 Κύ-

2878 5331 2934 5365 ιν.

432 5329 546 5385 ριος
576 5315 604 5366 ὁ
634 5315 787 5374 Θεός.
2878 5331 2934 5378 ι

1925 5385 2156 5444 NOTAE.

2120 5495 2429 5571 μεν-.-Ηθςιιι
2473 5491 2627 5571 satis,
2653 5497 3084 5571 ορηειξενβῖξιωη
3105 5484 3244 5571 1‘03-
3275 5477 3694 5571 ‘992-.S‘.‘.If.'3

2116 5545 2780 5639 Κῖιὶιῖιῖἑῖῇἷιεὶᾖὲἐιεέιξο,
2803 5545 2916 5639 Pici
2943 5545 3280 5639 :lectione‘m‘
3300 5545 3690 5639 haustuum.

2117 5615 2629 5706 Ῑίῖἶ-ρῗίέῖεοῖίρ.
2647 5615 2741 5706 ιε,
2769 5631 2822 5706 in
2847 5629 2979 5706 ipso
2999 5633 3149 5706 testu
3167 5621 3354 5680 Graeco
3396 5619 3558 5688 longe
3587 5615 3691 5670 alia

2115 5719 2197 5765 est
2224 5696 2423 5770 versio,
2465 5696 2627 5774 quam
2661 5696 3104 5770 Aquilm’tribuit.

1753 4951 1774 4993 ι
1807 4951 1826 5006 I
1863 4949 1994 5022 Reg.
2046 4967 2138 5017 xv,
2165 4949 2255 5008 II.
2331 4959 2372 4982 ἰ
2404 4948 2540 5005 Gen.
2572 4962 2649 5013 vr,
2681 4945 2734 5000 7.

510 5515 620 5587 (69)
649 5513 1026 5587 Σπερμαῖνοιτ
1053 5510 1311 5587 σπέρμα.
1341 5507 1478 5564 Cod.
1515 5504 1826 5587 σπαρμένον
1849 5500 2010 5587 σππέρ-

421 5573 539 5658 ιμαξ
566 5573 746 5658 Picus,
768 5573 1395 5658 Eauappévovarééfpa,
1425 5578 1588 5658 et_sic
1625 5573 1844 5658 quoq-ue
1871 5573 2009 5658 Dru-

438 5641 576 5720 sius,
607 5655 641 5709 l.
671 5641 816 5725 cfp.
860 5641 1090 5726 Iflianc
1116 5641 1329 5726 Aquila:
1360 5641 1662 5726 versionem
1686 5641 2009 5726 CHTIICOtlg'

438 5711 780 5782 reto'nostro'
797 5711 1043 5795 protulit,
1077 5711 1198 5795 qui'
1224 5733 1403 5795 tamen
1438 5719 1494 5772 in
1518 5715 1794 5771 Addendis
1833 5728 1887 5780 p.
1915 5711 2004 5795 εξ,

435 5779 726 5870 perperam
749 5779 762 5781 ἡ
787 5779 1075 5854 substituit
1096 5779 1109 5794 ’
1127 5793 1412 5850 lectionem
1441 5797 1754 5856 corruptam
1791 5779 2008 5848 σπειρό-
