3920 6316
473 353 574 417 ιδῃ
1452 351 1942 415 THEODORETI
1980 352 2320 418 EPISCOPI
2388 359 2755 424 CYRENSIS
3632 363 3736 429 160

473 462 627 518 misit
660 462 878 517 illorum
910 477 1061 517 esum
1083 503 1097 525 .
1148 470 1208 517 ut
1258 463 1587 533 impietatem
1636 466 1782 521 illam
1822 466 2043 521 cobibe—
2074 475 2090 523 Α

2181 488 2245 541 ην
2304 473 2529 541 ἀλογίαν
2560 476 3009 542 ἐκπεπτωκότες,
3062 478 3333 548 συγχωρεῖ
3363 475 3458 550 τὴν
3506 477 3734 549 βρῶσιν,

472 561 577 609 ret.
608 552 833 607 Summa
860 552 1005 608 enim
1033 560 1117 608 est
1141 553 1351 608 insania
1377 595 1393 620 ,
1426 554 1652 610 adorare
1711 558 1853 625 quo:l
1893 575 2047 613 com-

2181 581 2242 618 να
2269 565 2369 636 τὴν
2398 566 2652 621 ἀσέὸειαν
2685 569 2884 640 παύσῃ.
2925 567 3279 640 Ἀϐελτηρίας
3317 570 3425 641 γὰρ
3475 571 3736 642 ἐσχάτης,

471 644 674 700 editur.
719 643 1007 713 Propterea
1029 658 1158 699 vero
1187 645 1442 699 animalia
1477 646 1725 716 qua-dam
1770 648 2048 704 immunda

2181 656 2218 708 τὸ
2263 657 2579 724 ἐσθιόμενον
2621 663 2968 728 προσκυνεῖν.
3016 662 3116 715 Διά
3160 677 3242 715 τοι
3284 661 3466 727 τοῦτο,
3520 665 3591 718 τὰ
3643 664 3740 733 μὲν

470 737 630 798 dixit,
671 736 778 790 alia
818 750 947 790 vero
988 736 1239 792 munda:
1286 744 1349 792 ut
1395 738 1485 791 illa
1535 738 1753 807 quidem
1797 750 2054 810 tanquam

2181 746 2445 817 ικάθαρτα
2488 749 2597 803 τῶν
2642 749 2797 813 ζώων
2846 750 3030 819 λέγει,
3063 753 3131 805 τὰ
3156 752 3211 805 δὲ
3253 753 3476 823 καθαρά
3503 770 3517 784 ·
3551 753 3641 807 ἵνα
3674 757 3741 810 τὰ

471 825 756 879 immunda
794 825 1195 889 exhorrentes,
1241 841 1355 882 non
1400 826 1691 895 dciticent;
1738 827 1854 883 haec
1891 843 2056 894 vero,

469 930 594 987 quae
621 917 1029 981 comeduntur,
1063 932 1172 970 non
1206 918 1457 973 adorent.

1025 1028 1310 1084 INTERR.
1360 1029 1497 1087 LVI.

475 1142 582 1210 Qui
625 1145 687 1214 ﬁt
713 1183 729 1211 ,
775 1153 835 1198 ut
879 1142 998 1199 Noe
1042 1147 1261 1268 nanbsit
1298 1147 1647 1255 regargutus,
1685 1151 1826 1220 quod
1855 1168 1908 1206 se
1945 1153 2061 1208 ine-

1184 1229 1366 1268 nam.

1184 1229 1334 1270 narrt
1353 1229 1366 1273 Ξ

548 1306 632 1361 Ab
659 1307 932 1373 imperitia
955 1309 1404 1378 proficiscebatur
1432 1310 1549 1367 haec
1581 1313 1767 1382 passio
1793 1356 1809 1370 .
1853 1331 1960 1372 non
1993 1316 2063 1372 ab

477 1396 923 1467 intemperantia.
953 1397 1090 1454 Nam
1122 1400 1212 1455 ille
1239 1401 1449 1471 primus
1480 1418 1545 1458 ex
1580 1403 1893 1461 hominibus
1915 1422 2081 1461 com-»

478 1502 673 1558 presso
703 1488 831 1545 vitis
856 1489 1058 1557 fructu,
1092 1491 1354 1562 ignorans
1388 1509 1498 1548 non
1529 1495 1709 1550 solum
1752 1505 2020 1567 quantum
2044 1500 2064 1521 ¹

478 1590 625 1636 esset
653 1581 945 1637 bibendum
969 1623 984 1646 ,
1037 1584 1132 1639 sed
1180 1585 1343 1640 etiam
1386 1588 1663 1656 quomodo
1697 1590 2023 1645 sumendum
2046 1633 2063 1659 ,

481 1686 678 1741 nempe
707 1675 855 1743 quod
886 1674 1038 1744 prius
1073 1676 1368 1745 temperari
1400 1677 1628 1745 debeat,
1665 1690 1717 1735 et
1745 1682 1824 1736 sic
1850 1682 2026 1752 potari
2048 1721 2063 1747 ,

481 1761 676 1817 incidit
705 1764 757 1818 in
789 1766 1127 1821 ebrietatem.
1160 1765 1316 1832 Quod
1352 1783 1482 1822 vero
1520 1770 1757 1826 nudatus
1785 1780 1899 1837 est,
1929 1770 2064 1826 nihil

481 1855 613 1908 novi
645 1857 887 1924 pertulit.
929 1858 1140 1914 Etenim
1176 1861 1338 1914 etiam
1370 1877 1516 1915 nunc
1541 1862 1759 1931 quidam
1788 1863 2067 1918 dormien-

2164 842 2264 911 μὲν
2296 842 2370 906 ὡς
2406 844 2695 916 ἀκάθαρτα
2743 845 3153 917 βδελυττόμενοι
3206 848 3280 919 μὴ
3309 848 3640 915 θεοποιῶσι,
3676 853 3745 904 τά

2159 931 2214 985 δὲ
2247 933 2322 1005 μὴ
2353 935 2735 1007 προσκυνῶσιν
2765 936 3057 1008 ἐσθιόμενα
3077 938 3144 993 ⁸⁸.

2759 1050 2956 1108 ΕΡΩΤ.
2995 1050 3140 1120 Nq'.

2168 1160 2229 1214 Τί
2275 1159 2501 1228 δήποτε
2543 1164 2658 1218 οὐκ
2689 1163 2959 1233 ἐμέμφθη
3007 1164 3138 1220 Νῶε
3166 1164 3326 1233 μέθῃ
3369 1168 3747 1235 περιπεσών,

2247 1311 2531 1384 ’Δπειρίας
2558 1309 2626 1385 ἦν
2655 1316 2754 1368 οὐκ
2784 1314 3054 1385 ἀκρασίας
3079 1315 3140 1369 τὸ
3164 1315 3358 1380 πάθος.
3384 1317 3613 1388 Πρῶτος
3643 1323 3755 1390 γάρ

2165 1402 2468 1475 ἀνθρώπων
2500 1405 2810 1475 ἀποθλίψας
2836 1406 2926 1460 τὸν
2955 1407 3056 1477 τῆς
3106 1408 3353 1478 ἀμπέλου
3386 1410 3629 1480 καρπὸν,
3661 1412 3756 1465 καὶ

2166 1495 2377 1563 ἀγνοῶν
2409 1497 2470 1550 οὑ
2504 1497 2663 1568 μόνον
2688 1497 2749 1550 τὸ
2774 1497 2943 1550 ποσὸν
2971 1499 3070 1568 τῆς
3105 1498 3338 1563 πόσεως,
3367 1499 3508 1553 ἀλλὰ
3536 1502 3638 1555 καὶ
3664 1502 3757 1556 τὸν

2165 1584 2366 1657 τρόπον
2396 1586 2496 1654 τῆς
2533 1585 2911 1658 μεταλήψεως,
2947 1586 3030 1639 ὅτι
3069 1585 3153 1639 δεῖ
3181 1587 3414 1658 κεράσαι
3459 1589 3755 1659 πρότερον,

2167 1670 2266 1729 εἶθ’
2295 1674 2437 1729 οὕτω
2466 1678 2631 1739 πιεῖν,
2656 1676 2748 1729 τὸν
2774 1676 2944 1745 κάρον
2974 1676 3257 1746 ὑπέμεινε.
3285 1677 3488 1730 Καινὸν
3514 1677 3576 1730 δέ
3600 1678 3758 1731 οὐδὲν

2168 1766 2405 1821 πέπονθε
2431 1766 2763 1839 γυμνωθείς.
2791 1768 2903 1821 Καὶ
2925 1768 3033 1839 γὰρ
3064 1769 3159 1820 καὶ
3185 1767 3282 1822 νῦν
3306 1786 3452 1833 τινες
3485 1774 3763 1841 γυμνοῦν-

2167 1877 2260 1914 ται
2284 1859 2660 1924 καθεύδοντες,
2686 1860 3097 1931 ἀφαιρουμένου
3123 1860 3218 1914 τοῦ
3242 1858 3415 1915 ὕπνου
3440 1861 3540 1931 τὴν
3569 1862 3764 1933 αῖσθη-

484 1954 568 2002 tes
602 1948 909 2014 nudantur,
958 1966 1153 2006 somno
1190 1969 1409 2010 sensum
1445 1954 1726 2023 eripiente.
1758 1954 1894 2010 Cum
1935 1972 2063 2012 vero

2181 1969 2260 2005 σιν
2281 1967 2293 1980 ·
2323 1951 2400 2024 τῷ
2424 1950 2579 2023 ὕπνῳ
2603 1951 2713 2022 δὲή
2739 1950 2879 2022 μέθη
2907 1951 3340 2023 προσγινομένη,
3372 1952 3761 2026 πιθανωτέραν

484 2050 683 2092 somno
714 2039 875 2095 etiam
901 2042 1111 2097 accedit
1144 2045 1401 2109 ebrietas,
1434 2045 1605 2101 multo
1639 2046 2061 2117 probabiliorem

485 2126 749 2184 nuditatis
771 2132 1178 2189 excusationem
1213 2136 1411 2194 reddit.

1037 2249 1317 2308 INTERR.
1376 2252 1535 2310 LVII.

486 2361 619 2419 Cum
646 2363 877 2417 nondum
918 2364 1031 2418 ulla
1065 2375 1198 2419 esset
1234 2365 1349 2420 lata
1378 2366 1482 2431 lex,
1519 2383 1635 2438 quae
1652 2369 1861 2437 jubere!
1899 2369 2067 2424 hono-

560 2443 914 2507 rarepatrent
963 2443 1013 2488 et
1057 2447 1311 2507 matrem,
1356 2438 1616 2507 quomodo
1647 2438 1813 2493 Cham
1860 2449 1919 2493 ut
1948 2456 2066 2494 reus

557 2504 835 2573 parricidii
872 2503 1205 2558 damnatur?

561 2595 730 2662 Leges
770 2598 1113 2650 necessarias
1142 2613 1237 2662 per
1263 2605 1511 2652 naturam
1548 2599 1779 2656 sancivit
1800 2600 2065 2657 Creator:

501 2694 553 2736 et
578 2684 647 2736 ita
670 2683 896 2739 Cainum
933 2683 1330 2744 condemnavit,
1368 2682 1623 2749 quoniam
1664 2682 1840 2752 ipsum
1877 2692 2073 2738 natura

502 2775 727 2827 docebat
761 2774 960 2828 caedem
997 2787 1117 2826 esse
1141 2781 1327 2825 contra
1368 2772 1558 2842 legem.
1604 2770 1755 2826 Unde
1790 2773 1880 2825 ille
1901 2812 1915 2835 ,
1938 2787 2073 2827 usus

503 2865 648 2925 dolo,
671 2862 890 2917 fratrem
936 2878 966 2915 a
1006 2862 1319 2931 parentibus
1358 2863 1546 2931 procul
1577 2863 1868 2916 abductum
1902 2862 2073 2915 inter-

506 2954 649 3006 fvcit.
689 2952 797 3007 Deo
826 2962 1004 3006 autem
1035 2954 1397 3022 interrogante
1427 2972 1440 3007 :
1489 2953 1600 3023 69
1636 2972 1654 3003 ι
1694 2953 1795 3008 L'bi
1830 2962 1912 3009 cst
1939 2953 2071 3008 Abel

506 3042 671 3095 frater
698 3053 823 3097 tuus
850 3044 914 3095 ³2
942 3062 960 3094 ι
997 3045 1230 3113 negavit.
1251 3044 1441 3098 Sciens
1470 3044 1657 3112 procul
1684 3043 1850 3099 dubio
1868 3045 2072 3098 malum

505 3133 556 3185 id
593 3147 749 3195 esse,
795 3132 939 3201 quod
985 3131 1183 3186 fecerat
1206 3172 1222 3197 ,
1250 3132 1563 3202 pernegavit
1598 3130 1732 3185 illud
1777 3147 1834 3186 se
1864 3132 2073 3187 facinus

503 3224 830 3279 admisisse:
867 3225 1149 3279 convictus
1170 3235 1349 3279 autem
1382 3239 1411 3276 a
1432 3223 1582 3291 justo
1606 3224 1789 3293 judice
1813 3263 1828 3289 ,
1859 3223 2074 3278 confes-

2169 2045 2269 2117 τῆς
2296 2061 2364 2115 γυ
2372 2045 2632 2117 μνώσεως
2663 2043 2775 2116 (6'5)
2802 2043 2902 2098 τὴν
2931 2043 3226 2114 ἀπολογίαν
3253 2045 3423 2100 ποιεῖ.

2781 2246 2982 2300 ΕΡΩΤ.
3021 2245 3150 2301 NZ’.

2178 2353 2316 2424 Toii_
2335 2354 2527 2424 νόμου
2563 2352 2810 2424 μηδέπω
2855 2352 3152 2424 τεθέντος,
3189 2352 3257 2424 δς
3299 2351 3641 2424 διαγορεύει
3677 2371 3765 2408 τι-

2241 2422 2365 2494 μᾷν
2390 2421 2498 2477 ἐὸν
2530 2421 2775 2494 πατέρα,
2800 2421 2899 2494 καὶ
2927 2421 3042 2487 τὴν
3070 2421 3321 2491 μητέρα,
3349 2421 3449 2478 διὰ
3471 2421 3535 2478 τί
3564 2429 3601 2478 ό
3632 2426 3766 2494 Χὰμ

2244 2492 2324 2562 ὡς
2356 2492 2722 2561 πατραλοίας
2754 2492 3014 2557 κρίνεται
3029 2506 3051 2553 ;

2245 2585 2327 2657 Τῇ
2383 2583 2547 2653 φύσει
2586 2583 2716 2646 τοὺς
2743 2581 3078 2651 ἀναγκαίους
3107 2580 3323 2637 τέθεικε
3363 2583 3563 2653 νόμους
3586 2583 3620 2636 ὁ
3653 2584 3764 2654 (66)

2179 2666 2428 2737 ποιητής.
2460 2664 2616 2719 οὕτω
2639 2666 2730 2720 τὸν
2759 2668 2902 2721 Κάῖν
2935 2668 3258 2741 κατέκρινεν
3277 2712 3292 2737 ,
3326 2674 3634 2747 ἐπειδήπερ
3659 2677 3761 2733 αὖ·

2177 2754 2268 2808 τὸν
2297 2757 2330 2826 ἠ
2364 2755 2525 2825 φύσις
2555 2757 2861 2824 ἐδίδασκεν,
2897 2759 2972 2823 ὡς
3006 2760 3035 2812 ό
3069 2761 3231 2830 φόνος
3256 2764 3598 2835 παράνομος.
3647 2767 3762 2821 Δύ-
3816 2809 3820 2812 .

2177 2846 2305 2899 τίκα
2334 2846 2468 2915 γοῦν
2508 2848 2645 2919 δόλῳ
2681 2851 3029 2921 χρησάμενος
3083 2852 3360 2924 συνεργῷ,
3402 2854 3599 2926 πόρρω
3649 2857 3764 2913 τῶν

2178 2940 2587 3009 γεγεννηκότων
2618 2941 2920 3011 ἀπαγαγὼν
2939 2981 2956 3007 ,
3009 2943 3189 2996 ἀνεῖλε
3223 2945 3314 2997 τὸν
3356 2945 3587 3015 ἀδελφὸν
3608 2988 3625 3011 ,
3662 2953 3764 3003 καὶ

2178 3029 2273 3082 τοῦ
2323 3029 2461 3084 Θεοῦ
2514 3031 2958 3102 πυνθανομένου,
3010 3053 3030 3084 α
3081 3033 3192 3087 Ποῦ
3237 3034 3403 3088 Ἀϐελ
3446 3038 3474 3089 ό
3522 3037 3764 3107 ἀδελφός

2181 3135 2309 3185 σου;
2346 3139 2363 3171 ι
2405 3121 2636 3193 ἠρνήθη.
2672 3123 2841 3193 Δῆλον
2870 3123 2927 3176 δὲ
2956 3122 3031 3186 ὡς
3064 3124 3427 3195 ἐπιστάμενος
3462 3126 3548 3179 ὅτι
3583 3130 3766 3184 κακὸν

2177 3210 2237 3263 τὸ
2267 3213 2652 3282 γεγενημένον,
2686 3214 2962 3285 ἠρνήσατο
3001 3213 3111 3286 (67)
3136 3215 3197 3268 τὸ
3223 3216 3515 3286 τολμηθὲν.
3559 3219 3764 3290 Ἐλεγ-

504 3332 600 3371 sus
628 3324 710 3370 est
744 3331 804 3371 se
841 3317 1060 3386 gravius
1087 3330 1342 3385 peccasse
1362 3356 1378 3382 ,
1410 3331 1574 3385 quam
1615 3324 1676 3369 ut
1704 3314 1912 3369 veniam
1961 3331 2072 3369 me-

2181 3302 2323 3370 χθεὶς
2348 3303 2402 3356 δὲ
2426 3304 2530 3357 ὑπὸ
2552 3304 2647 3357 τοῦ
2676 3304 2884 3358 δικαίου
2912 3307 3099 3376 κριτοῦ
3116 3308 3186 3371 ⁷⁰,
3217 3307 3575 3379 ὡμολόγησεν
3613 3312 3765 3383 ὑπὲρ

503 3416 712 3462 reretur
738 3425 751 3462 :
791 3425 811 3460 ι
844 3407 1014 3478 Major
1042 3417 1124 3463 est
1153 3409 1296 3462 enim
1324 3449 1338 3473 ,
1373 3407 1590 3477 inquit,
1627 3406 1888 3476 iniquitas
1919 3423 2071 3475 mea,

503 3514 668 3567 quam
697 3508 758 3553 ut
783 3499 917 3552 mihi
952 3498 1287 3554 condonetur
1307 3508 1356 3554 1.
1387 3518 1406 3550 ι
1442 3499 1639 3553 Verum
1662 3498 1834 3553 Adam
1858 3514 2075 3570 quoque

503 3600 628 3639 cum
660 3586 896 3640 divinam
932 3588 1275 3657 praesentiam
1310 3587 1607 3650 sensisset,
1647 3587 1815 3642 latere
1845 3598 2074 3644 conatus

504 3688 620 3744 est,
670 3679 825 3747 quasi
872 3693 1208 3750 cognoscens
1248 3681 1417 3734 furari
1461 3681 1664 3735 malum
1711 3695 1851 3736 esse.
1895 3679 1971 3734 lta
2021 3688 2075 3735 et

502 3767 672 3823 Citam
723 3769 997 3839 parricidii
1044 3786 1169 3826 reus
1205 3771 1423 3826 habitus
1446 3779 1529 3827 est
1553 3812 1569 3838 ,
1605 3779 1863 3841 tanquam
1896 3781 2075 3827 trans-

503 3877 724 3933 gressus
758 3862 926 3932 legem
973 3871 1198 3917 uaturaa.
1229 3863 1365 3917 Nam
1401 3864 1544 3933 quod
1585 3873 1779 3918 natura
1814 3864 1928 3934 ipsa
1970 3864 2070 3918 do-

504 3966 648 4010 ceret
673 3957 917 4011 venerari
957 3964 1010 4010 et
1045 3957 1222 4011 colere
1261 3965 1512 4026 parentes
1551 3964 1836 4027 oportere,
1880 3956 2073 4012 testiﬁ~

502 4057 696 4100 cantur
727 4045 923 4101 fratres
953 4047 1124 4116 ipsius
1153 4047 1323 4104 Cham
1355 4065 1371 4102 :
1402 4064 1432 4101 a
1463 4064 1574 4118 quo
1605 4063 1728 4103 cum
1766 4047 2069 4102 intellexis-

501 4142 645 4200 seut,
661 4135 801 4205 quod
831 4136 971 4205 patri
993 4137 1302 4205 acciderat,
1332 4137 1506 4192 multo
1531 4153 1657 4193 cum
1685 4137 1893 4206 pudore
1918 4145 2069 4192 retro

502 4227 808 4296 gradientes
839 4237 1045 4298 patrem
1078 4238 1451 4299 operuerunt,
1483 4240 1545 4284 ut
1573 4229 1795 4284 minime
1828 4229 2071 4284 viderent

502 4318 646 4373 unde
683 4329 841 4375 erant
878 4321 1147 4391 prognati.
1183 4321 1371 4392 Itaque
1405 4322 1598 4375 merito
1635 4320 2068 4377 benedictionem

502 4427 533 4466 a
563 4420 714 4482 patre
752 4420 1099 4468 acceperunt.

569 4588 892 4644 OlthENlS
925 4591 992 4643 ⁷³.
1021 4590 1132 4646 Cur
1163 4587 1463 4659 Scriptura,
1498 4604 1621 4645 cum
1651 4588 1909 4646 dixisset:
1947 4610 1965 4644 ι
2002 4590 2067 4648 Et

2096 4631 2143 4688 D

2172 3395 2504 3466 συγγνώμην
2550 3397 2951 3467 ἡμαρτηκέναι.
2994 3416 3013 3448 ι
3071 3397 3284 3463 Μείζων
3316 3399 3446 3472 γὰρ,
3486 3404 3688 3471 φησὶν,
3728 3406 3763 3476 ὴ

2170 3487 2415 3557 ἁμαρτία
2455 3505 2555 3557 μου
2582 3487 2677 3541 τοῦ
2715 3489 2984 3559 ἀφεθῆναί
3030 3508 3121 3560 με.
3172 3510 3192 3542 ι
3224 3492 3337 3547 Καὶ
3374 3493 3561 3563 μέντοι
3595 3496 3703 3549 καὶ
3736 3498 3767 3551 ὁ

2183 3579 2355 3650 Ἀδὰμ
2403 3580 2501 3650 τῆς
2548 3580 2698 3644 θείας
2740 3582 3065 3651 ἐπιφανείας
3104 3583 3430 3655 αἰσθόμενος
3471 3586 3760 3659 ἐπειράθη

2169 3671 2386 3736 λαθεῖν,
2417 3672 2495 3737 ὡς
2536 3671 2696 3738 εἰδὼς
2739 3675 2822 3728 ὅτι
2862 3674 2926 3746 δὴ
2960 3675 3022 3728 τὸ
3055 3674 3313 3730 κλέπτειν
3352 3677 3558 3732 κακόν·
3610 3679 3766 3734 οὕτω

2170 3764 2265 3818 καὶ
2291 3765 2319 3817 ὁ
2347 3765 2476 3836 Χὰμ
2500 3765 2598 3837 τὴν
2625 3765 2719 3820 τοῦ
2755 3767 3087 3838 πατραλοίου
3124 3768 3462 3840 κατηγορίαν
3501 3770 3763 3837 ἐδέξατο,

2168 3856 2246 3920 ὼς
2276 3856 2528 3927 παραϐὰς
2557 3857 2650 3911 τδν
2675 3858 2773 3930 τῆς
2799 3857 3018 3928 φύσεως
3044 3860 3230 3931 νόμον.
3267 3861 3388 3915 Ὀτι
3417 3861 3528 3930 γὰρ
3564 3865 3677 3917 καὶ
3702 3864 3768 3918 σεδ

2167 3947 2445 4018 γεραίρειν
2479 3949 2607 4011 τοὺς
2634 3950 3032 4022 γεγεννηκότας
3053 3953 3087 4022 ή
3118 3950 3280 4021 φύσις
3304 3951 3573 4018 ἐδίδασκε,
3611 3973 3765 4028 μαρ-

2169 4038 2423 4110 τυροῦσιν
2463 4041 2513 4093 οἱ
2557 4041 2652 4094 τοῦ
2699 4041 2829 4112 Χὰμ
2867 4041 3109 4112 ἀδελφοὶ,
3160 4042 3211 4095 οἳ
3256 4043 3389 4114 παρ’
3433 4044 3663 4099 ἐκείνου
3699 4047 3767 4101 τὸ
3815 4100 3821 4104 _

2169 4130 2341 4194 πάθος
2366 4131 2747 4202 μεμαθηκότες
2769 4130 2863 4185 τοῦ
2895 4132 3124 4203 πατρὸς,
3156 4133 3298 4203 μετὰ
3321 4132 3523 4204 πολλῆς
3558 4136 3768 4200 αίδοῦς

2168 4223 2249 4287 είς
2275 4223 2515 4277 τούπίσω
2537 4222 2846 4294 βαδίζοντες
2868 4224 3244 4293 συνεκάλυψαν
3267 4222 3360 4277 τδν
3381 4223 3605 4294 πατέρα
3627 4265 3648 4292 ,
3681 4227 3767 4291 ὡς

2166 4313 2234 4368 ἂν
2259 4314 2458 4386 ἥκιστα
2479 4314 2640 4369 ἴδοιεν
2671 4314 2793 4370 ὅθεν
2817 4315 3118 4387 σπαρέντες
3140 4315 3500 4387 ἐϐλάστησαν.
3532 4315 3767 4388 Τοιγάρ

2166 4421 2251 4459 τοι
2281 4405 2377 4458 καὶ
2419 4404 2565 4475 μάλα
2590 4405 2816 4470 εἰκότως
2850 4406 2947 4459 καὶ
2977 4403 3074 4458 τοῦ
3116 4405 3325 4476 πατρὸς
3348 4405 3449 4476 τὴν
3484 4405 3764 4475 εὐλογίαν

2167 4496 2457 4567 ἐδρέψαντο
2481 4495 2613 4567 (68).

2234 4587 2637 4642 ΩΡΙΓΕΝΟΥΣ.
2673 4586 2738 4640 Τί
2766 4586 2831 4657 δή
2858 4603 2989 4642 ποτε
3015 4576 3301 4657 εἰποῦσαή
3330 4584 3547 4656 Γραφὴ,
3583 4606 3608 4638 ‹
3641 4589 3765 4641 Καὶ

497 4693 653 4736 erant
677 4682 768 4734 lilii
794 4680 924 4745 Noe,
950 4684 1042 4752 qui
1064 4683 1132 4735 ab
1155 4698 1277 4735 arca
1301 4681 1507 4751 egressi
1548 4689 1697 4746 sunt,
1723 4680 1870 4745 Sem,
1894 4682 2065 4737 Cham

2181 4673 2310 4750 ἦσαν
2332 4681 2381 4732 οἱ
2399 4678 2510 4731 υίοὶ
2536 4677 2661 4731 Νῶε
2686 4678 3032 4749 ἐξερχόμενοι
3059 4678 3168 4732 άπὸ
3191 4678 3290 4747 τῆς
3315 4676 3576 4741 κιϐωτοῦ,
3599 4680 3763 4751 Σὴμ,

498 4785 549 4827 ct
583 4773 1041 4843 Japhemaddidit
1070 4792 1083 4828 :
1128 4793 1146 4825 ι
1186 4773 1251 4828 Et
1278 4774 1449 4829 Cham
1484 4774 1600 4844 ipse
1624 4783 1708 4830 est
1734 4783 1890 4847 pater
1921 4776 2067 4833 Cha-

568 4965 597 4993 ι
625 4951 760 5008 Gen.
798 4968 874 5017 tv,
919 4951 971 5010 9.
1045 4959 1077 5000 1
1113 4951 1248 5008 ibid.
1306 4952 1377 5008 15

2171 4770 2322 4840 Χὰμ,
2361 4767 2560 4839 ἰάφεθ,
2592 4787 2613 4821 ι
2644 4768 2974 4841 προσέθηκε,
3014 4787 3035 4821 ι
3072 4770 3183 4823 Καὶ
3216 4768 3347 4839 Χὰμ
3374 4762 3531 4832 οὗτος
3558 4771 3764 4841 πατὴρ

1335 5086 1571 5145 ἾΑΒΙΔΕ
1636 5088 2024 5148 LECTIONES
2053 5089 2147 5147 EX
2184 5089 2465 5148 CATENA
2512 5088 2872 5148 LIPSIENSI.

591 5224 636 5257 ⁶⁹
657 5223 776 5279 Cat.

591 5237 636 5257 "
657 5237 776 5279 ιλιι.
844 5262 859 5277 .
890 5237 1012 5278 156.
1040 5237 1115 5287 ως
1142 5237 1449 5293 εσυιομενα.
1521 5237 1543 5264 ⁷

492 5301 602 5349 cat.
664 5308 719 5363 p.
766 5237 862 5350 ig!
919 5295 1207 5363 quaestioni
1260 5295 1329 5352 56
1368 5302 1422 5351 et
1455 5294 1543 5352 57.

890 5223 1012 5278 156.
1040 5224 1115 5300 ὼς
1142 5224 1571 5300 ἐσθιόμενα.ψ”
1595 5227 1715 5285 Cat.
1772 5244 1829 5300 p.
1866 5228 1989 5285 164.
2045 5229 2090 5282 ΰτ

2184 5226 2278 5282 τοῦ
2347 5227 2735 5299 δικαιοκρίτου.

2843 5226 2889 5260 ⁷¹
2919 5223 3019 5283 Hic
3073 5225 3225 5282 locus
3270 5225 3625 5298 prmmittitur
3704 5230 3767 5285 in

2007 5428 2243 5485 NOTA‘J.

568 5547 682 5618 (65)
716 5546 1132 5618 Fvywbaswc._
1163 5545 1318 5618 Cod.
1349 5544 1624 5618 γνώσεως.
1675 5542 1840 5618 Picus
1872 5550 2051 5618 autem

494 5611 624 5689 legit
653 5611 1027 5687 πιθανωτέραν
1063 5611 1178 5688 τῆς
1222 5611 1475 5687 γνώσεως
1506 5611 1622 5687 ’τὴν
1673 5614 1849 5670 αἰτίαν
1904 5611 2057 5682 φθείο

497 5705 680 5831 ρεξὶῑϐ)
703 5756 836 5814 Cod.
864 5764 918 5813 et
938 5753 1048 5813 Pic.
1098 5756 1194 5820 ὡς.

2226 5539 2340 5613 (67)
2380 5541 2732 5614 Ἦρνήσατο.
2764 5539 2899 5614 Cod.
2931 5540 3160 5613 ἠρνήθη.
3182 5539 3335 5611 Apud
3349 5539 3539 5597 Picum
3566 5540 3765 5606 desit].

2159 5612 2219 5663 τδ
2244 5610 2443 5682 verm
2453 5611 2521 5681 μέ
2532 5610 2946 5682 θον-ἠρνήςταῖο·

2235 5677 2345 5751 (68)
2377 5677 2510 5735 (16d.
2541 5689 2594 5736 et
2621 5677 2732 5735 Pic.
2766 5677 3037 5744 ἐδέξαντο.
