  <div class='ocr_page' id='page_1' title='image "/cluster/home/n/w/nwhite01/storage/ocr_20150623/80/pst.000005712793/090.png"; bbox 0 0 3928 6316; ppageno 0'>
   <div class='ocr_carea' id='block_1_1' title="bbox 207 289 2314 406">
    <p class='ocr_par' dir='ltr' id='par_1_1' title="bbox 207 289 2314 406">
     <span class='ocr_line' id='line_1_1' title="bbox 207 289 2314 406; baseline -0.003 -5"><span class='ocrx_word' id='word_1_1' title='bbox 207 337 290 403; x_wconf 74' lang='lat'><strong>131</strong></span> <span class='ocrx_word' id='word_1_2' title='bbox 1256 289 1535 406; x_wconf 70' lang='lat' dir='ltr'><strong>QU.EsT.</strong></span> <span class='ocrx_word' id='word_1_3' title='bbox 1570 333 1650 394; x_wconf 90' lang='lat' dir='ltr'><strong>IN</strong></span> <span class='ocrx_word' id='word_1_4' title='bbox 1703 332 1971 392; x_wconf 84' lang='lat' dir='ltr'><strong>GENES.</strong></span> <span class='ocrx_word' id='word_1_5' title='bbox 2014 334 2170 393; x_wconf 81' lang='lat' dir='ltr'><strong>CAP.</strong></span> <span class='ocrx_word' id='word_1_6' title='bbox 2210 334 2314 394; x_wconf 81' lang='lat' dir='ltr'><strong>1x.</strong></span> 
     </span>
    </p>
   </div>
   <div class='ocr_carea' id='block_1_2' title="bbox 3365 337 3468 407">
    <p class='ocr_par' dir='ltr' id='par_1_2' title="bbox 3365 337 3468 407">
     <span class='ocr_line' id='line_1_2' title="bbox 3365 337 3468 407; baseline 0.049 -4"><span class='ocrx_word' id='word_1_7' title='bbox 3365 337 3468 407; x_wconf 77' lang='lat'><strong>162</strong></span> 
     </span>
    </p>
   </div>
   <div class='ocr_carea' id='block_1_3' title="bbox 203 438 1819 511">
    <p class='ocr_par' dir='ltr' id='par_1_3' title="bbox 203 438 1819 511">
     <span class='ocr_line' id='line_1_3' title="bbox 203 438 1819 511; baseline -0.005 -11"><span class='ocrx_word' id='word_1_8' title='bbox 203 443 454 509; x_wconf 80' lang='grc' dir='ltr'>Χαναάν;</span> <span class='ocrx_word' id='word_1_9' title='bbox 494 459 513 493; x_wconf 75' lang='grc' dir='ltr'><strong>ι</strong></span> <span class='ocrx_word' id='word_1_10' title='bbox 569 441 630 493; x_wconf 79' lang='lat' dir='ltr'><strong>Ei</strong></span> <span class='ocrx_word' id='word_1_11' title='bbox 679 441 793 511; x_wconf 75' lang='grc' dir='ltr'><strong>γάρ</strong></span> <span class='ocrx_word' id='word_1_12' title='bbox 840 440 1010 511; x_wconf 75' lang='grc' dir='ltr'>ἐχρῆν</span> <span class='ocrx_word' id='word_1_13' title='bbox 1047 440 1418 510; x_wconf 78' lang='grc' dir='ltr'>μνημονεῦσαι</span> <span class='ocrx_word' id='word_1_14' title='bbox 1461 438 1569 492; x_wconf 89' lang='grc' dir='ltr'><strong>τῶν</strong></span> <span class='ocrx_word' id='word_1_15' title='bbox 1612 439 1819 506; x_wconf 45' lang='grc' dir='ltr'>υἱῶνμ</span> 
     </span>
    </p>
   </div>
   <div class='ocr_carea' id='block_1_4' title="bbox 1907 438 3466 511">
    <p class='ocr_par' dir='ltr' id='par_1_4' title="bbox 1907 441 3466 510">
     <span class='ocr_line' id='line_1_4' title="bbox 1907 441 3466 510; baseline 0.006 -18"><span class='ocrx_word' id='word_1_16' title='bbox 1907 455 2030 495; x_wconf 85' lang='lat' dir='ltr'><strong>iaan</strong></span> <span class='ocrx_word' id='word_1_17' title='bbox 2069 442 2137 495; x_wconf 56' lang='lat' dir='ltr'><strong>t?</strong></span> <span class='ocrx_word' id='word_1_18' title='bbox 2172 460 2190 492; x_wconf 76' lang='grc' dir='ltr'><strong>ι</strong></span> <span class='ocrx_word' id='word_1_19' title='bbox 2229 441 2362 494; x_wconf 81' lang='lat' dir='ltr'><strong>Nam</strong></span> <span class='ocrx_word' id='word_1_20' title='bbox 2396 457 2439 495; x_wconf 76' lang='grc' dir='ltr'><strong>ει</strong></span> <span class='ocrx_word' id='word_1_21' title='bbox 2483 457 2620 510; x_wconf 87' lang='lat' dir='ltr'><strong>opus</strong></span> <span class='ocrx_word' id='word_1_22' title='bbox 2659 451 2778 496; x_wconf 86' lang='lat' dir='ltr'><strong>erat</strong></span> <span class='ocrx_word' id='word_1_23' title='bbox 2821 443 3149 499; x_wconf 73' lang='lat' dir='ltr'><strong>mentionem</strong></span> <span class='ocrx_word' id='word_1_24' title='bbox 3194 441 3375 502; x_wconf 84' lang='lat' dir='ltr'><strong>facere</strong></span> <span class='ocrx_word' id='word_1_25' title='bbox 3399 450 3466 502; x_wconf 70' lang='grc' dir='ltr'><strong>ίὶο</strong></span> 
     </span>
    </p>
   </div>
   <div class='ocr_carea' id='block_1_5' title="bbox 205 530 1781 602">
    <p class='ocr_par' dir='ltr' id='par_1_5' title="bbox 205 530 1781 602">
     <span class='ocr_line' id='line_1_5' title="bbox 205 530 1781 602; baseline -0.004 -14"><span class='ocrx_word' id='word_1_26' title='bbox 205 535 314 588; x_wconf 72' lang='grc' dir='ltr'>ἔδει</span> <span class='ocrx_word' id='word_1_27' title='bbox 347 534 575 595; x_wconf 86' lang='grc' dir='ltr'>πάντων,</span> <span class='ocrx_word' id='word_1_28' title='bbox 613 532 710 584; x_wconf 69' lang='grc' dir='ltr'><strong>καὶ</strong></span> <span class='ocrx_word' id='word_1_29' title='bbox 745 532 819 602; x_wconf 83' lang='grc' dir='ltr'><strong>μὴ</strong></span> <span class='ocrx_word' id='word_1_30' title='bbox 865 533 1027 600; x_wconf 81' lang='grc' dir='ltr'><strong>μόνου</strong></span> <span class='ocrx_word' id='word_1_31' title='bbox 1056 531 1295 584; x_wconf 86' lang='grc' dir='ltr'>Χαναάν.</span> <span class='ocrx_word' id='word_1_32' title='bbox 1333 531 1393 583; x_wconf 85' lang='lat'><strong>&#39;0</strong></span> <span class='ocrx_word' id='word_1_33' title='bbox 1426 531 1645 584; x_wconf 75' lang='grc' dir='ltr'>Χαναὰν</span> <span class='ocrx_word' id='word_1_34' title='bbox 1686 530 1781 583; x_wconf 76' lang='grc' dir='ltr'>κα).</span> 
     </span>
    </p>
   </div>
   <div class='ocr_carea' id='block_1_6' title="bbox 207 622 1782 693">
    <p class='ocr_par' dir='ltr' id='par_1_6' title="bbox 207 622 1782 693">
     <span class='ocr_line' id='line_1_6' title="bbox 207 622 1782 693; baseline -0.001 -16"><span class='ocrx_word' id='word_1_35' title='bbox 207 625 370 688; x_wconf 73' lang='grc' dir='ltr'>αὐτὸς</span> <span class='ocrx_word' id='word_1_36' title='bbox 406 623 604 693; x_wconf 77' lang='grc' dir='ltr'>ἀσεϐὴς</span> <span class='ocrx_word' id='word_1_37' title='bbox 651 623 872 690; x_wconf 83' lang='grc' dir='ltr'>ἐγένετο</span> <span class='ocrx_word' id='word_1_38' title='bbox 894 661 908 685; x_wconf 96' lang='grc'><strong>,</strong></span> <span class='ocrx_word' id='word_1_39' title='bbox 948 623 1025 686; x_wconf 86' lang='grc' dir='ltr'>ὡς</span> <span class='ocrx_word' id='word_1_40' title='bbox 1063 625 1094 693; x_wconf 82' lang='grc' dir='ltr'><strong>ὴ</strong></span> <span class='ocrx_word' id='word_1_41' title='bbox 1137 623 1346 692; x_wconf 80' lang='grc' dir='ltr'><strong>ἱστορία</strong></span> <span class='ocrx_word' id='word_1_42' title='bbox 1374 622 1540 692; x_wconf 77' lang='grc' dir='ltr'>δηλοῖ.</span> <span class='ocrx_word' id='word_1_43' title='bbox 1586 623 1782 676; x_wconf 84' lang='grc' dir='ltr'>Βουλό-</span> 
     </span>
    </p>
   </div>
   <div class='ocr_carea' id='block_1_7' title="bbox 209 713 1780 785">
    <p class='ocr_par' dir='ltr' id='par_1_7' title="bbox 209 713 1780 785">
     <span class='ocr_line' id='line_1_7' title="bbox 209 713 1780 785; baseline -0.001 -18"><span class='ocrx_word' id='word_1_44' title='bbox 209 733 366 785; x_wconf 90' lang='grc' dir='ltr'>μενον</span> <span class='ocrx_word' id='word_1_45' title='bbox 397 714 488 767; x_wconf 85' lang='grc' dir='ltr'><strong>οὖν</strong></span> <span class='ocrx_word' id='word_1_46' title='bbox 517 715 576 766; x_wconf 83' lang='grc' dir='ltr'><strong>τὸ</strong></span> <span class='ocrx_word' id='word_1_47' title='bbox 604 713 829 784; x_wconf 82' lang='grc' dir='ltr'>πνεῦμα</span> <span class='ocrx_word' id='word_1_48' title='bbox 867 713 1036 780; x_wconf 79' lang='grc' dir='ltr'>δεῖξαι</span> <span class='ocrx_word' id='word_1_49' title='bbox 1068 715 1167 784; x_wconf 85' lang='grc' dir='ltr'><strong>τὴν</strong></span> <span class='ocrx_word' id='word_1_50' title='bbox 1199 715 1510 784; x_wconf 77' lang='grc' dir='ltr'>οἰκειότητα</span> <span class='ocrx_word' id='word_1_51' title='bbox 1548 715 1661 781; x_wconf 83' lang='grc'>(69)</span> <span class='ocrx_word' id='word_1_52' title='bbox 1687 713 1780 767; x_wconf 82' lang='grc' dir='ltr'>τοῦ</span> 
     </span>
    </p>
   </div>
   <div class='ocr_carea' id='block_1_8' title="bbox 208 805 1786 878">
    <p class='ocr_par' dir='ltr' id='par_1_8' title="bbox 208 805 1786 878">
     <span class='ocr_line' id='line_1_8' title="bbox 208 805 1786 878; baseline 0 -19"><span class='ocrx_word' id='word_1_53' title='bbox 208 807 407 878; x_wconf 73' lang='grc' dir='ltr'>πατρὸς</span> <span class='ocrx_word' id='word_1_54' title='bbox 426 806 473 837; x_wconf 80' lang='grc'><strong>⁷³</strong></span> <span class='ocrx_word' id='word_1_55' title='bbox 518 806 656 876; x_wconf 71' lang='grc' dir='ltr'>πρὸς</span> <span class='ocrx_word' id='word_1_56' title='bbox 697 805 790 859; x_wconf 70' lang='grc' dir='ltr'>τὸν</span> <span class='ocrx_word' id='word_1_57' title='bbox 837 806 990 872; x_wconf 77' lang='grc' dir='ltr'>υἱὸν,</span> <span class='ocrx_word' id='word_1_58' title='bbox 1031 807 1230 876; x_wconf 81' lang='grc' dir='ltr'>τρόπον</span> <span class='ocrx_word' id='word_1_59' title='bbox 1280 806 1402 858; x_wconf 87' lang='grc' dir='ltr'><strong>τινά</strong></span> <span class='ocrx_word' id='word_1_60' title='bbox 1435 807 1786 870; x_wconf 81' lang='grc' dir='ltr'>ἀπαλλοτριοϊ</span> 
     </span>
    </p>
   </div>
   <div class='ocr_carea' id='block_1_9' title="bbox 204 897 1785 968">
    <p class='ocr_par' dir='ltr' id='par_1_9' title="bbox 204 897 1785 968">
     <span class='ocr_line' id='line_1_9' title="bbox 204 897 1785 968; baseline 0 -18"><span class='ocrx_word' id='word_1_61' title='bbox 204 900 298 968; x_wconf 82' lang='grc' dir='ltr'>τῆς</span> <span class='ocrx_word' id='word_1_62' title='bbox 326 898 434 951; x_wconf 90' lang='grc' dir='ltr'><strong>τῶν</strong></span> <span class='ocrx_word' id='word_1_63' title='bbox 468 898 715 966; x_wconf 79' lang='grc' dir='ltr'><strong>ἀδελφῶν</strong></span> <span class='ocrx_word' id='word_1_64' title='bbox 746 899 1064 960; x_wconf 75' lang='grc' dir='ltr'>εὐσεϐείας,</span> <span class='ocrx_word' id='word_1_65' title='bbox 1099 897 1387 968; x_wconf 80' lang='grc' dir='ltr'><strong>προσθήκῃ</strong></span> <span class='ocrx_word' id='word_1_66' title='bbox 1424 899 1536 961; x_wconf 78' lang='grc' dir='ltr'>τοῦ,</span> <span class='ocrx_word' id='word_1_67' title='bbox 1585 919 1602 949; x_wconf 81' lang='grc' dir='ltr'><strong>ι</strong></span> <span class='ocrx_word' id='word_1_68' title='bbox 1655 899 1785 967; x_wconf 87' lang='grc' dir='ltr'><strong>Χάμ</strong></span> 
     </span>
    </p>
   </div>
   <div class='ocr_carea' id='block_1_10' title="bbox 203 987 1783 1061">
    <p class='ocr_par' dir='ltr' id='par_1_10' title="bbox 203 987 1783 1061">
     <span class='ocr_line' id='line_1_10' title="bbox 203 987 1783 1061; baseline -0.001 -18"><span class='ocrx_word' id='word_1_69' title='bbox 203 987 267 1059; x_wconf 79' lang='grc' dir='ltr'><strong>ἦν</strong></span> <span class='ocrx_word' id='word_1_70' title='bbox 300 990 414 1061; x_wconf 86' lang='grc'>(70)</span> <span class='ocrx_word' id='word_1_71' title='bbox 451 989 635 1060; x_wconf 79' lang='grc' dir='ltr'>πατὴρ</span> <span class='ocrx_word' id='word_1_72' title='bbox 664 990 909 1042; x_wconf 86' lang='grc' dir='ltr'>Χαναάν.</span> <span class='ocrx_word' id='word_1_73' title='bbox 949 1008 967 1040; x_wconf 76' lang='grc' dir='ltr'><strong>ι</strong></span> <span class='ocrx_word' id='word_1_74' title='bbox 1001 987 1124 1042; x_wconf 76' lang='grc' dir='ltr'><strong>Υἱοὶ</strong></span> <span class='ocrx_word' id='word_1_75' title='bbox 1161 989 1258 1060; x_wconf 87' lang='grc' dir='ltr'>μὲν</span> <span class='ocrx_word' id='word_1_76' title='bbox 1299 991 1408 1060; x_wconf 82' lang='grc' dir='ltr'><strong>γὰρ</strong></span> <span class='ocrx_word' id='word_1_77' title='bbox 1449 991 1649 1049; x_wconf 82' lang='grc' dir='ltr'>πάντες</span> <span class='ocrx_word' id='word_1_78' title='bbox 1689 989 1783 1042; x_wconf 83' lang='grc' dir='ltr'>τοῦ</span> 
     </span>
    </p>
   </div>
   <div class='ocr_carea' id='block_1_11' title="bbox 205 1074 1780 1150">
    <p class='ocr_par' dir='ltr' id='par_1_11' title="bbox 205 1074 1780 1150">
     <span class='ocr_line' id='line_1_11' title="bbox 205 1074 1780 1150; baseline -0.003 -18"><span class='ocrx_word' id='word_1_79' title='bbox 205 1080 326 1132; x_wconf 80' lang='grc' dir='ltr'>Νῶε</span> <span class='ocrx_word' id='word_1_80' title='bbox 361 1081 437 1148; x_wconf 82' lang='grc' dir='ltr'>τῷ</span> <span class='ocrx_word' id='word_1_81' title='bbox 472 1080 621 1146; x_wconf 82' lang='grc' dir='ltr'>γένει</span> <span class='ocrx_word' id='word_1_82' title='bbox 642 1096 658 1110; x_wconf 88' lang='grc'><strong>·</strong></span> <span class='ocrx_word' id='word_1_83' title='bbox 695 1081 854 1150; x_wconf 82' lang='grc' dir='ltr'>μόνος</span> <span class='ocrx_word' id='word_1_84' title='bbox 885 1080 942 1132; x_wconf 81' lang='grc' dir='ltr'>δὲ</span> <span class='ocrx_word' id='word_1_85' title='bbox 983 1074 1138 1140; x_wconf 76' lang='grc' dir='ltr'>οὗτος</span> <span class='ocrx_word' id='word_1_86' title='bbox 1167 1079 1268 1147; x_wconf 82' lang='grc' dir='ltr'>οὐχ</span> <span class='ocrx_word' id='word_1_87' title='bbox 1306 1079 1419 1140; x_wconf 74' lang='grc' dir='ltr'>υίὸς</span> <span class='ocrx_word' id='word_1_88' title='bbox 1450 1079 1528 1148; x_wconf 81' lang='grc' dir='ltr'>τῷ</span> <span class='ocrx_word' id='word_1_89' title='bbox 1561 1079 1780 1146; x_wconf 83' lang='grc' dir='ltr'>τρόπῳ·</span> 
     </span>
    </p>
   </div>
   <div class='ocr_carea' id='block_1_12' title="bbox 203 1169 1787 1240">
    <p class='ocr_par' dir='ltr' id='par_1_12' title="bbox 203 1169 1787 1240">
     <span class='ocr_line' id='line_1_12' title="bbox 203 1169 1787 1240; baseline -0.001 -17"><span class='ocrx_word' id='word_1_90' title='bbox 203 1172 340 1224; x_wconf 85' lang='grc' dir='ltr'><strong>ἀλλά</strong></span> <span class='ocrx_word' id='word_1_91' title='bbox 370 1170 468 1223; x_wconf 81' lang='grc' dir='ltr'><strong>τοῦ</strong></span> <span class='ocrx_word' id='word_1_92' title='bbox 498 1171 687 1240; x_wconf 78' lang='grc' dir='ltr'>ὁμοίου</span> <span class='ocrx_word' id='word_1_93' title='bbox 731 1169 924 1233; x_wconf 84' lang='grc' dir='ltr'>παιδὸς</span> <span class='ocrx_word' id='word_1_94' title='bbox 953 1171 1160 1240; x_wconf 82' lang='grc' dir='ltr'>πατήρ.</span> <span class='ocrx_word' id='word_1_95' title='bbox 1207 1170 1405 1240; x_wconf 85' lang='grc' dir='ltr'><strong>Διόπερ</strong></span> <span class='ocrx_word' id='word_1_96' title='bbox 1437 1171 1787 1237; x_wconf 78' lang='grc' dir='ltr'><strong>ἐμφαντικῶς</strong></span> 
     </span>
    </p>
   </div>
   <div class='ocr_carea' id='block_1_13' title="bbox 205 1262 1789 1332">
    <p class='ocr_par' dir='ltr' id='par_1_13' title="bbox 205 1262 1789 1332">
     <span class='ocr_line' id='line_1_13' title="bbox 205 1262 1789 1332; baseline 0.001 -18"><span class='ocrx_word' id='word_1_97' title='bbox 205 1266 414 1330; x_wconf 81' lang='grc' dir='ltr'>κεῖται,</span> <span class='ocrx_word' id='word_1_98' title='bbox 470 1281 490 1314; x_wconf 70' lang='grc' dir='ltr'><strong>ι</strong></span> <span class='ocrx_word' id='word_1_99' title='bbox 549 1263 724 1326; x_wconf 78' lang='grc' dir='ltr'>Αὐτὸς</span> <span class='ocrx_word' id='word_1_100' title='bbox 778 1262 963 1332; x_wconf 81' lang='grc' dir='ltr'>πατὴρ</span> <span class='ocrx_word' id='word_1_101' title='bbox 1016 1263 1258 1316; x_wconf 89' lang='grc' dir='ltr'>Χαναάν.</span> <span class='ocrx_word' id='word_1_102' title='bbox 1320 1280 1339 1313; x_wconf 77' lang='grc' dir='ltr'><strong>ι</strong></span> <span class='ocrx_word' id='word_1_103' title='bbox 1401 1263 1603 1332; x_wconf 82' lang='grc' dir='ltr'>Ἔφερε</span> <span class='ocrx_word' id='word_1_104' title='bbox 1651 1263 1708 1315; x_wconf 83' lang='grc' dir='ltr'>δὲ</span> <span class='ocrx_word' id='word_1_105' title='bbox 1761 1265 1789 1315; x_wconf 97' lang='lat'><strong>6</strong></span> 
     </span>
    </p>
   </div>
   <div class='ocr_carea' id='block_1_14' title="bbox 219 1353 1783 1424">
    <p class='ocr_par' dir='ltr' id='par_1_14' title="bbox 219 1353 1783 1424">
     <span class='ocr_line' id='line_1_14' title="bbox 219 1353 1783 1424; baseline -0.001 -18"><span class='ocrx_word' id='word_1_106' title='bbox 219 1355 473 1424; x_wconf 76' lang='grc' dir='ltr'><strong>Ἐϐραῖος</strong></span> <span class='ocrx_word' id='word_1_107' title='bbox 515 1355 545 1406; x_wconf 93' lang='lat'><strong>6</strong></span> <span class='ocrx_word' id='word_1_108' title='bbox 583 1353 755 1408; x_wconf 80' lang='grc' dir='ltr'>ταῦτα</span> <span class='ocrx_word' id='word_1_109' title='bbox 805 1354 975 1406; x_wconf 77' lang='grc' dir='ltr'>εἰπὼν</span> <span class='ocrx_word' id='word_1_110' title='bbox 1013 1354 1108 1407; x_wconf 78' lang='grc' dir='ltr'>καὶ</span> <span class='ocrx_word' id='word_1_111' title='bbox 1153 1354 1451 1424; x_wconf 81' lang='grc' dir='ltr'>παράδοσιν</span> <span class='ocrx_word' id='word_1_112' title='bbox 1495 1353 1783 1424; x_wconf 85' lang='grc' dir='ltr'><strong>τοιαύτην,</strong></span> 
     </span>
    </p>
   </div>
   <div class='ocr_carea' id='block_1_15' title="bbox 210 1445 1788 1518">
    <p class='ocr_par' dir='ltr' id='par_1_15' title="bbox 210 1445 1788 1518">
     <span class='ocr_line' id='line_1_15' title="bbox 210 1445 1788 1518; baseline -0.002 -17"><span class='ocrx_word' id='word_1_113' title='bbox 210 1447 526 1515; x_wconf 86' lang='grc' dir='ltr'>ἐπενεγκὼν</span> <span class='ocrx_word' id='word_1_114' title='bbox 558 1445 834 1512; x_wconf 80' lang='grc' dir='ltr'>ἀπόδειξιν</span> <span class='ocrx_word' id='word_1_115' title='bbox 875 1451 942 1518; x_wconf 82' lang='grc' dir='ltr'>τῇ</span> <span class='ocrx_word' id='word_1_116' title='bbox 986 1447 1284 1517; x_wconf 83' lang='grc' dir='ltr'>παραδόσει</span> <span class='ocrx_word' id='word_1_117' title='bbox 1309 1463 1322 1476; x_wconf 80' lang='lat'>&#39;</span> <span class='ocrx_word' id='word_1_118' title='bbox 1363 1447 1438 1510; x_wconf 85' lang='grc' dir='ltr'><strong>ὼς</strong></span> <span class='ocrx_word' id='word_1_119' title='bbox 1470 1448 1577 1518; x_wconf 75' lang='grc' dir='ltr'>ἄρα</span> <span class='ocrx_word' id='word_1_120' title='bbox 1620 1450 1648 1500; x_wconf 97' lang='lat'><strong>6</strong></span> <span class='ocrx_word' id='word_1_121' title='bbox 1676 1449 1788 1499; x_wconf 81' lang='lat' dir='ltr'><strong>Xa-</strong></span> 
     </span>
    </p>
   </div>
   <div class='ocr_carea' id='block_1_16' title="bbox 207 1531 1786 1607">
    <p class='ocr_par' dir='ltr' id='par_1_16' title="bbox 207 1531 1786 1607">
     <span class='ocr_line' id='line_1_16' title="bbox 207 1531 1786 1607; baseline -0.002 -18"><span class='ocrx_word' id='word_1_122' title='bbox 207 1537 343 1589; x_wconf 81' lang='grc' dir='ltr'>ναάν</span> <span class='ocrx_word' id='word_1_123' title='bbox 378 1537 646 1607; x_wconf 77' lang='grc' dir='ltr'>πρότερος</span> <span class='ocrx_word' id='word_1_124' title='bbox 693 1531 801 1587; x_wconf 80' lang='grc' dir='ltr'>εῐδε</span> <span class='ocrx_word' id='word_1_125' title='bbox 834 1535 932 1604; x_wconf 82' lang='grc' dir='ltr'>τὴν</span> <span class='ocrx_word' id='word_1_126' title='bbox 974 1534 1364 1605; x_wconf 81' lang='grc' dir='ltr'><strong>ἀσχημοσύνην</strong></span> <span class='ocrx_word' id='word_1_127' title='bbox 1402 1534 1497 1587; x_wconf 81' lang='grc' dir='ltr'><strong>τοῦ</strong></span> <span class='ocrx_word' id='word_1_128' title='bbox 1538 1535 1786 1599; x_wconf 87' lang='grc' dir='ltr'>πάππου,</span> 
     </span>
    </p>
   </div>
   <div class='ocr_carea' id='block_1_17' title="bbox 206 1623 1789 1695">
    <p class='ocr_par' dir='ltr' id='par_1_17' title="bbox 206 1623 1789 1695">
     <span class='ocr_line' id='line_1_17' title="bbox 206 1623 1789 1695; baseline -0.001 -18"><span class='ocrx_word' id='word_1_129' title='bbox 206 1627 300 1678; x_wconf 78' lang='grc' dir='ltr'>καὶ</span> <span class='ocrx_word' id='word_1_130' title='bbox 326 1625 652 1695; x_wconf 78' lang='grc' dir='ltr'>ἀνήγγειλεν</span> <span class='ocrx_word' id='word_1_131' title='bbox 677 1624 842 1677; x_wconf 81' lang='grc' dir='ltr'>αὑτοῦ</span> <span class='ocrx_word' id='word_1_132' title='bbox 869 1623 946 1695; x_wconf 84' lang='grc' dir='ltr'>τῷ</span> <span class='ocrx_word' id='word_1_133' title='bbox 981 1625 1148 1695; x_wconf 72' lang='grc' dir='ltr'>πατρὶ</span> <span class='ocrx_word' id='word_1_134' title='bbox 1177 1625 1344 1694; x_wconf 86' lang='grc' dir='ltr'><strong>μόνῳ,</strong></span> <span class='ocrx_word' id='word_1_135' title='bbox 1373 1642 1512 1678; x_wconf 89' lang='grc' dir='ltr'>κατα</span> <span class='ocrx_word' id='word_1_136' title='bbox 1521 1624 1789 1695; x_wconf 84' lang='grc' dir='ltr'>μωκώμε-</span> 
     </span>
    </p>
   </div>
   <div class='ocr_carea' id='block_1_18' title="bbox 205 1715 1786 1789">
    <p class='ocr_par' dir='ltr' id='par_1_18' title="bbox 205 1715 1786 1789">
     <span class='ocr_line' id='line_1_18' title="bbox 205 1715 1786 1789; baseline 0.001 -21"><span class='ocrx_word' id='word_1_137' title='bbox 205 1733 295 1780; x_wconf 91' lang='grc' dir='ltr'>νος</span> <span class='ocrx_word' id='word_1_138' title='bbox 311 1715 506 1786; x_wconf 87' lang='grc' dir='ltr'>ῶσπερ</span> <span class='ocrx_word' id='word_1_139' title='bbox 530 1716 624 1768; x_wconf 82' lang='grc' dir='ltr'>τοῦ</span> <span class='ocrx_word' id='word_1_140' title='bbox 647 1717 923 1789; x_wconf 83' lang='grc' dir='ltr'>γέροντος.</span> <span class='ocrx_word' id='word_1_141' title='bbox 963 1717 1020 1768; x_wconf 85' lang='grc' dir='ltr'>Ὀ</span> <span class='ocrx_word' id='word_1_142' title='bbox 1043 1716 1098 1769; x_wconf 86' lang='grc' dir='ltr'>δὲ</span> <span class='ocrx_word' id='word_1_143' title='bbox 1121 1716 1252 1787; x_wconf 86' lang='grc' dir='ltr'><strong>Χάμ</strong></span> <span class='ocrx_word' id='word_1_144' title='bbox 1273 1716 1427 1781; x_wconf 86' lang='grc' dir='ltr'><strong>δέων,</strong></span> <span class='ocrx_word' id='word_1_145' title='bbox 1449 1716 1652 1786; x_wconf 84' lang='grc' dir='ltr'>ὁμοίως</span> <span class='ocrx_word' id='word_1_146' title='bbox 1675 1717 1786 1786; x_wconf 69' lang='lat'><strong>(7|)</strong></span> 
     </span>
    </p>
   </div>
   <div class='ocr_carea' id='block_1_19' title="bbox 1888 531 3470 602">
    <p class='ocr_par' dir='ltr' id='par_1_19' title="bbox 1888 531 3470 602">
     <span class='ocr_line' id='line_1_19' title="bbox 1888 531 3470 602; baseline 0.006 -18"><span class='ocrx_word' id='word_1_147' title='bbox 1888 531 2106 597; x_wconf 90' lang='lat' dir='ltr'><strong>liorum,</strong></span> <span class='ocrx_word' id='word_1_148' title='bbox 2165 534 2408 585; x_wconf 90' lang='lat' dir='ltr'><strong>omnlum</strong></span> <span class='ocrx_word' id='word_1_149' title='bbox 2466 534 2651 600; x_wconf 80' lang='lat' dir='ltr'><strong>utique</strong></span> <span class='ocrx_word' id='word_1_150' title='bbox 2697 534 2998 602; x_wconf 80' lang='lat' dir='ltr'><strong>oportebat,</strong></span> <span class='ocrx_word' id='word_1_151' title='bbox 3049 545 3103 590; x_wconf 89' lang='lat' dir='ltr'><strong>et</strong></span> <span class='ocrx_word' id='word_1_152' title='bbox 3133 551 3242 591; x_wconf 90' lang='lat' dir='ltr'><strong>non</strong></span> <span class='ocrx_word' id='word_1_153' title='bbox 3294 539 3470 595; x_wconf 83' lang='lat' dir='ltr'><strong>solius</strong></span> 
     </span>
    </p>
   </div>
   <div class='ocr_carea' id='block_1_20' title="bbox 1888 623 3470 697">
    <p class='ocr_par' dir='ltr' id='par_1_20' title="bbox 1888 623 3470 697">
     <span class='ocr_line' id='line_1_20' title="bbox 1888 623 3470 697; baseline 0.008 -22"><span class='ocrx_word' id='word_1_154' title='bbox 1888 623 2168 677; x_wconf 83' lang='lat' dir='ltr'><strong>Chanaan.</strong></span> <span class='ocrx_word' id='word_1_155' title='bbox 2193 625 2452 677; x_wconf 83' lang='lat' dir='ltr'><strong>Chanaan</strong></span> <span class='ocrx_word' id='word_1_156' title='bbox 2492 627 2604 692; x_wconf 84' lang='lat' dir='ltr'><strong>ipse</strong></span> <span class='ocrx_word' id='word_1_157' title='bbox 2629 627 2791 679; x_wconf 86' lang='lat' dir='ltr'><strong>etiam</strong></span> <span class='ocrx_word' id='word_1_158' title='bbox 2824 638 2940 682; x_wconf 78' lang='lat' dir='ltr'><strong>erat</strong></span> <span class='ocrx_word' id='word_1_159' title='bbox 2967 630 3189 697; x_wconf 89' lang='lat' dir='ltr'><strong>impius,</strong></span> <span class='ocrx_word' id='word_1_160' title='bbox 3219 643 3278 685; x_wconf 88' lang='lat' dir='ltr'><strong>ut</strong></span> <span class='ocrx_word' id='word_1_161' title='bbox 3301 634 3470 687; x_wconf 89' lang='lat' dir='ltr'><strong>histo-</strong></span> 
     </span>
    </p>
   </div>
   <div class='ocr_carea' id='block_1_21' title="bbox 1889 715 3469 786">
    <p class='ocr_par' dir='ltr' id='par_1_21' title="bbox 1889 715 3469 786">
     <span class='ocr_line' id='line_1_21' title="bbox 1889 715 3469 786; baseline 0.006 -18"><span class='ocrx_word' id='word_1_162' title='bbox 1889 715 1970 768; x_wconf 86' lang='lat' dir='ltr'><strong>ria</strong></span> <span class='ocrx_word' id='word_1_163' title='bbox 2024 716 2282 769; x_wconf 88' lang='lat' dir='ltr'><strong>declarat.</strong></span> <span class='ocrx_word' id='word_1_164' title='bbox 2337 715 2531 768; x_wconf 84' lang='lat' dir='ltr'><strong>Volens</strong></span> <span class='ocrx_word' id='word_1_165' title='bbox 2568 718 2731 784; x_wconf 80' lang='lat' dir='ltr'><strong>igitur</strong></span> <span class='ocrx_word' id='word_1_166' title='bbox 2761 719 2988 786; x_wconf 81' lang='lat' dir='ltr'><strong>spiritus</strong></span> <span class='ocrx_word' id='word_1_167' title='bbox 3024 721 3244 775; x_wconf 84' lang='lat' dir='ltr'><strong>divinus</strong></span> <span class='ocrx_word' id='word_1_168' title='bbox 3280 731 3469 777; x_wconf 82' lang='lat' dir='ltr'><strong>osten-</strong></span> 
     </span>
    </p>
   </div>
   <div class='ocr_carea' id='block_1_22' title="bbox 1890 805 3468 880">
    <p class='ocr_par' dir='ltr' id='par_1_22' title="bbox 1890 805 3468 880">
     <span class='ocr_line' id='line_1_22' title="bbox 1890 805 3468 880; baseline 0.007 -22"><span class='ocrx_word' id='word_1_169' title='bbox 1890 805 2017 858; x_wconf 87' lang='lat' dir='ltr'><strong>dere</strong></span> <span class='ocrx_word' id='word_1_170' title='bbox 2052 807 2461 859; x_wconf 86' lang='lat' dir='ltr'><strong>similitudinem</strong></span> <span class='ocrx_word' id='word_1_171' title='bbox 2491 809 2658 875; x_wconf 80' lang='lat' dir='ltr'><strong>patris</strong></span> <span class='ocrx_word' id='word_1_172' title='bbox 2684 818 2737 861; x_wconf 90' lang='lat' dir='ltr'><strong>et</strong></span> <span class='ocrx_word' id='word_1_173' title='bbox 2761 809 2876 871; x_wconf 91' lang='lat' dir='ltr'><strong>lilii,</strong></span> <span class='ocrx_word' id='word_1_174' title='bbox 2911 826 3034 863; x_wconf 88' lang='lat' dir='ltr'><strong>eum</strong></span> <span class='ocrx_word' id='word_1_175' title='bbox 3062 815 3468 880; x_wconf 91' lang='lat' dir='ltr'><strong>quodammodo</strong></span> 
     </span>
    </p>
   </div>
   <div class='ocr_carea' id='block_1_23' title="bbox 1892 897 3464 972">
    <p class='ocr_par' dir='ltr' id='par_1_23' title="bbox 1892 897 3464 972">
     <span class='ocr_line' id='line_1_23' title="bbox 1892 897 3464 972; baseline 0.008 -23"><span class='ocrx_word' id='word_1_176' title='bbox 1892 912 1920 949; x_wconf 92' lang='lat' dir='ltr'><strong>a</strong></span> <span class='ocrx_word' id='word_1_177' title='bbox 1970 912 2195 950; x_wconf 83' lang='lat' dir='ltr'><strong>suorum</strong></span> <span class='ocrx_word' id='word_1_178' title='bbox 2263 897 2490 950; x_wconf 82' lang='lat' dir='ltr'><strong>fratrum</strong></span> <span class='ocrx_word' id='word_1_179' title='bbox 2550 899 2748 966; x_wconf 85' lang='lat' dir='ltr'><strong>pietate</strong></span> <span class='ocrx_word' id='word_1_180' title='bbox 2798 900 3109 970; x_wconf 81' lang='lat' dir='ltr'><strong>distinguit,</strong></span> <span class='ocrx_word' id='word_1_181' title='bbox 3151 905 3464 972; x_wconf 75' lang='lat' dir='ltr'><strong>adjiciens:</strong></span> 
     </span>
    </p>
   </div>
   <div class='ocr_carea' id='block_1_24' title="bbox 1899 988 3468 1066">
    <p class='ocr_par' dir='ltr' id='par_1_24' title="bbox 1899 988 3468 1066">
     <span class='ocr_line' id='line_1_24' title="bbox 1899 988 3468 1066; baseline 0.008 -27"><span class='ocrx_word' id='word_1_182' title='bbox 1899 1007 1916 1039; x_wconf 79' lang='grc' dir='ltr'><strong>ι</strong></span> <span class='ocrx_word' id='word_1_183' title='bbox 1955 989 2072 1056; x_wconf 87' lang='lat' dir='ltr'><strong>Ipse</strong></span> <span class='ocrx_word' id='word_1_184' title='bbox 2101 988 2269 1041; x_wconf 76' lang='lat' dir='ltr'><strong>Cham</strong></span> <span class='ocrx_word' id='word_1_185' title='bbox 2305 1000 2457 1057; x_wconf 90' lang='lat' dir='ltr'><strong>paler</strong></span> <span class='ocrx_word' id='word_1_186' title='bbox 2489 1001 2570 1043; x_wconf 89' lang='lat' dir='ltr'><strong>est</strong></span> <span class='ocrx_word' id='word_1_187' title='bbox 2596 990 2876 1044; x_wconf 86' lang='lat' dir='ltr'><strong>Chanaan.</strong></span> <span class='ocrx_word' id='word_1_188' title='bbox 2910 1012 2928 1042; x_wconf 78' lang='grc' dir='ltr'><strong>ι</strong></span> <span class='ocrx_word' id='word_1_189' title='bbox 2959 992 3170 1049; x_wconf 86' lang='lat' dir='ltr'><strong>Genere</strong></span> <span class='ocrx_word' id='word_1_190' title='bbox 3200 999 3468 1066; x_wconf 76' lang='lat' dir='ltr'><strong>siquidem</strong></span> 
     </span>
    </p>
   </div>
   <div class='ocr_carea' id='block_1_25' title="bbox 1892 1076 3469 1142">
    <p class='ocr_par' dir='ltr' id='par_1_25' title="bbox 1892 1076 3469 1142">
     <span class='ocr_line' id='line_1_25' title="bbox 1892 1076 3469 1142; baseline 0.006 -11"><span class='ocrx_word' id='word_1_191' title='bbox 1892 1089 2048 1132; x_wconf 87' lang='lat' dir='ltr'><strong>erant</strong></span> <span class='ocrx_word' id='word_1_192' title='bbox 2069 1093 2258 1131; x_wconf 90' lang='lat' dir='ltr'><strong>omnes</strong></span> <span class='ocrx_word' id='word_1_193' title='bbox 2285 1078 2377 1131; x_wconf 85' lang='lat' dir='ltr'><strong>filii</strong></span> <span class='ocrx_word' id='word_1_194' title='bbox 2410 1076 2551 1134; x_wconf 85' lang='lat' dir='ltr'><strong>Noe.</strong></span> <span class='ocrx_word' id='word_1_195' title='bbox 2581 1079 2729 1133; x_wconf 88' lang='lat' dir='ltr'><strong>solus</strong></span> <span class='ocrx_word' id='word_1_196' title='bbox 2760 1091 2940 1135; x_wconf 90' lang='lat' dir='ltr'><strong>autem</strong></span> <span class='ocrx_word' id='word_1_197' title='bbox 2971 1082 3071 1136; x_wconf 90' lang='lat' dir='ltr'><strong>iste</strong></span> <span class='ocrx_word' id='word_1_198' title='bbox 3101 1087 3469 1142; x_wconf 90' lang='lat' dir='ltr'><strong>muribusnon</strong></span> 
     </span>
    </p>
   </div>
   <div class='ocr_carea' id='block_1_26' title="bbox 1894 1171 3469 1243">
    <p class='ocr_par' dir='ltr' id='par_1_26' title="bbox 1894 1171 3469 1243">
     <span class='ocr_line' id='line_1_26' title="bbox 1894 1171 3469 1243; baseline 0.006 -20"><span class='ocrx_word' id='word_1_199' title='bbox 1894 1180 2011 1223; x_wconf 89' lang='lat' dir='ltr'><strong>erat</strong></span> <span class='ocrx_word' id='word_1_200' title='bbox 2067 1171 2232 1234; x_wconf 80' lang='lat' dir='ltr'><strong>(ilius,</strong></span> <span class='ocrx_word' id='word_1_201' title='bbox 2273 1171 2364 1224; x_wconf 85' lang='lat' dir='ltr'><strong>sed</strong></span> <span class='ocrx_word' id='word_1_202' title='bbox 2407 1173 2490 1224; x_wconf 77' lang='lat' dir='ltr'><strong>sui</strong></span> <span class='ocrx_word' id='word_1_203' title='bbox 2525 1173 2720 1225; x_wconf 89' lang='lat' dir='ltr'><strong>similis</strong></span> <span class='ocrx_word' id='word_1_204' title='bbox 2755 1173 2848 1226; x_wconf 82' lang='lat' dir='ltr'><strong>filii</strong></span> <span class='ocrx_word' id='word_1_205' title='bbox 2895 1185 3062 1243; x_wconf 86' lang='lat' dir='ltr'><strong>pater.</strong></span> <span class='ocrx_word' id='word_1_206' title='bbox 3101 1177 3469 1241; x_wconf 80' lang='lat' dir='ltr'><strong>Quamobrem</strong></span> 
     </span>
    </p>
   </div>
   <div class='ocr_carea' id='block_1_27' title="bbox 1894 1262 3467 1334">
    <p class='ocr_par' dir='ltr' id='par_1_27' title="bbox 1894 1262 3467 1334">
     <span class='ocr_line' id='line_1_27' title="bbox 1894 1262 3467 1334; baseline 0.006 -18"><span class='ocrx_word' id='word_1_207' title='bbox 1894 1262 1960 1316; x_wconf 88' lang='lat' dir='ltr'><strong>ad</strong></span> <span class='ocrx_word' id='word_1_208' title='bbox 2011 1263 2273 1330; x_wconf 85' lang='lat' dir='ltr'><strong>majorem</strong></span> <span class='ocrx_word' id='word_1_209' title='bbox 2321 1263 2842 1318; x_wconf 80' lang='lat' dir='ltr'><strong>demonstrationem</strong></span> <span class='ocrx_word' id='word_1_210' title='bbox 2879 1269 3115 1334; x_wconf 88' lang='lat' dir='ltr'><strong>positum</strong></span> <span class='ocrx_word' id='word_1_211' title='bbox 3162 1281 3243 1321; x_wconf 81' lang='lat' dir='ltr'><strong>est</strong></span> <span class='ocrx_word' id='word_1_212' title='bbox 3286 1273 3467 1326; x_wconf 85' lang='lat' dir='ltr'><strong>istud.</strong></span> 
     </span>
    </p>
   </div>
   <div class='ocr_carea' id='block_1_28' title="bbox 1900 1351 3473 1421">
    <p class='ocr_par' dir='ltr' id='par_1_28' title="bbox 1900 1351 3473 1421">
     <span class='ocr_line' id='line_1_28' title="bbox 1900 1351 3473 1421; baseline 0.008 -19"><span class='ocrx_word' id='word_1_213' title='bbox 1900 1369 1919 1402; x_wconf 74' lang='grc' dir='ltr'><strong>ι</strong></span> <span class='ocrx_word' id='word_1_214' title='bbox 1970 1351 2088 1421; x_wconf 87' lang='lat' dir='ltr'><strong>Ipse</strong></span> <span class='ocrx_word' id='word_1_215' title='bbox 2119 1362 2270 1421; x_wconf 88' lang='lat' dir='ltr'><strong>pater</strong></span> <span class='ocrx_word' id='word_1_216' title='bbox 2303 1362 2387 1407; x_wconf 88' lang='lat' dir='ltr'><strong>est</strong></span> <span class='ocrx_word' id='word_1_217' title='bbox 2423 1355 2705 1409; x_wconf 87' lang='lat' dir='ltr'><strong>Chanaan.</strong></span> <span class='ocrx_word' id='word_1_218' title='bbox 2736 1373 2756 1408; x_wconf 71' lang='grc' dir='ltr'><strong>ι</strong></span> <span class='ocrx_word' id='word_1_219' title='bbox 2797 1355 2899 1421; x_wconf 85' lang='lat' dir='ltr'><strong>Qui</strong></span> <span class='ocrx_word' id='word_1_220' title='bbox 2951 1372 3081 1410; x_wconf 91' lang='lat' dir='ltr'><strong>vero</strong></span> <span class='ocrx_word' id='word_1_221' title='bbox 3126 1364 3140 1378; x_wconf 88' lang='lat'>&#39;</span> <span class='ocrx_word' id='word_1_222' title='bbox 3177 1359 3291 1412; x_wconf 64' lang='lat' dir='ltr'><strong>haec</strong></span> <span class='ocrx_word' id='word_1_223' title='bbox 3337 1364 3473 1414; x_wconf 74' lang='lat' dir='ltr'><strong>dixit</strong></span> 
     </span>
    </p>
   </div>
   <div class='ocr_carea' id='block_1_29' title="bbox 1895 1442 3475 1512">
    <p class='ocr_par' dir='ltr' id='par_1_29' title="bbox 1895 1442 3475 1512">
     <span class='ocr_line' id='line_1_29' title="bbox 1895 1442 3475 1512; baseline 0.006 -16"><span class='ocrx_word' id='word_1_224' title='bbox 1895 1442 2176 1508; x_wconf 73' lang='lat' dir='ltr'><strong>Heliraeus,</strong></span> <span class='ocrx_word' id='word_1_225' title='bbox 2224 1445 2363 1498; x_wconf 87' lang='lat' dir='ltr'><strong>hanc</strong></span> <span class='ocrx_word' id='word_1_226' title='bbox 2392 1447 2554 1498; x_wconf 90' lang='lat' dir='ltr'><strong>etiam</strong></span> <span class='ocrx_word' id='word_1_227' title='bbox 2605 1448 2948 1501; x_wconf 90' lang='lat' dir='ltr'><strong>traditionem</strong></span> <span class='ocrx_word' id='word_1_228' title='bbox 2985 1449 3260 1512; x_wconf 73' lang='lat' dir='ltr'><strong>afferebat,</strong></span> <span class='ocrx_word' id='word_1_229' title='bbox 3289 1462 3342 1504; x_wconf 86' lang='lat' dir='ltr'><strong>et</strong></span> <span class='ocrx_word' id='word_1_230' title='bbox 3365 1464 3475 1505; x_wconf 81' lang='lat' dir='ltr'><strong>Ira-</strong></span> 
     </span>
    </p>
   </div>
   <div class='ocr_carea' id='block_1_30' title="bbox 1895 1536 3470 1607">
    <p class='ocr_par' dir='ltr' id='par_1_30' title="bbox 1895 1536 3470 1607">
     <span class='ocr_line' id='line_1_30' title="bbox 1895 1536 3470 1607; baseline 0.004 -19"><span class='ocrx_word' id='word_1_231' title='bbox 1895 1536 2154 1590; x_wconf 87' lang='lat' dir='ltr'><strong>ditionem</strong></span> <span class='ocrx_word' id='word_1_232' title='bbox 2187 1537 2397 1592; x_wconf 90' lang='lat' dir='ltr'><strong>ratione</strong></span> <span class='ocrx_word' id='word_1_233' title='bbox 2429 1538 2538 1607; x_wconf 81' lang='lat'><strong>70</strong></span> <span class='ocrx_word' id='word_1_234' title='bbox 2553 1541 2927 1593; x_wconf 78' lang='lat' dir='ltr'><strong>c0nlirmabat.</strong></span> <span class='ocrx_word' id='word_1_235' title='bbox 2954 1539 3195 1594; x_wconf 90' lang='lat' dir='ltr'><strong>Primum</strong></span> <span class='ocrx_word' id='word_1_236' title='bbox 3217 1544 3470 1597; x_wconf 86' lang='lat' dir='ltr'><strong>Chanaan</strong></span> 
     </span>
    </p>
   </div>
   <div class='ocr_carea' id='block_1_31' title="bbox 1895 1629 3472 1704">
    <p class='ocr_par' dir='ltr' id='par_1_31' title="bbox 1895 1629 3472 1704">
     <span class='ocr_line' id='line_1_31' title="bbox 1895 1629 3472 1704; baseline 0.007 -25"><span class='ocrx_word' id='word_1_237' title='bbox 1895 1629 2130 1680; x_wconf 87' lang='lat' dir='ltr'><strong>verenda</strong></span> <span class='ocrx_word' id='word_1_238' title='bbox 2189 1630 2270 1680; x_wconf 91' lang='lat' dir='ltr'><strong>avi</strong></span> <span class='ocrx_word' id='word_1_239' title='bbox 2308 1632 2392 1683; x_wconf 92' lang='lat' dir='ltr'><strong>sui</strong></span> <span class='ocrx_word' id='word_1_240' title='bbox 2444 1631 2644 1684; x_wconf 87' lang='lat' dir='ltr'><strong>vidisse</strong></span> <span class='ocrx_word' id='word_1_241' title='bbox 2689 1648 2900 1700; x_wconf 87' lang='lat' dir='ltr'><strong>suoque</strong></span> <span class='ocrx_word' id='word_1_242' title='bbox 2951 1638 3125 1686; x_wconf 89' lang='lat' dir='ltr'><strong>solum</strong></span> <span class='ocrx_word' id='word_1_243' title='bbox 3167 1647 3302 1704; x_wconf 87' lang='lat' dir='ltr'><strong>patri</strong></span> <span class='ocrx_word' id='word_1_244' title='bbox 3346 1653 3472 1690; x_wconf 84' lang='lat' dir='ltr'><strong>nar—</strong></span> 
     </span>
    </p>
   </div>
   <div class='ocr_carea' id='block_1_32' title="bbox 1897 1722 3470 1789">
    <p class='ocr_par' dir='ltr' id='par_1_32' title="bbox 1897 1722 3470 1789">
     <span class='ocr_line' id='line_1_32' title="bbox 1897 1722 3470 1789; baseline 0.006 -19"><span class='ocrx_word' id='word_1_245' title='bbox 1897 1733 2050 1772; x_wconf 89' lang='lat' dir='ltr'><strong>rasse</strong></span> <span class='ocrx_word' id='word_1_246' title='bbox 2084 1729 2340 1789; x_wconf 91' lang='lat' dir='ltr'><strong>tanquam</strong></span> <span class='ocrx_word' id='word_1_247' title='bbox 2383 1736 2568 1775; x_wconf 87' lang='lat' dir='ltr'><strong>senem</strong></span> <span class='ocrx_word' id='word_1_248' title='bbox 2600 1722 2934 1777; x_wconf 89' lang='lat' dir='ltr'><strong>irridentem.</strong></span> <span class='ocrx_word' id='word_1_249' title='bbox 2969 1724 3136 1778; x_wconf 89' lang='lat' dir='ltr'><strong>Cham</strong></span> <span class='ocrx_word' id='word_1_250' title='bbox 3171 1743 3322 1788; x_wconf 83' lang='lat' dir='ltr'><strong>vero,</strong></span> <span class='ocrx_word' id='word_1_251' title='bbox 3348 1745 3470 1782; x_wconf 88' lang='lat' dir='ltr'><strong>cum</strong></span> 
     </span>
    </p>
   </div>
   <div class='ocr_carea' id='block_1_33' title="bbox 204 1805 1819 1887">
    <p class='ocr_par' dir='ltr' id='par_1_33' title="bbox 204 1806 1790 1878">
     <span class='ocr_line' id='line_1_33' title="bbox 204 1806 1790 1878; baseline 0.001 -19"><span class='ocrx_word' id='word_1_252' title='bbox 204 1809 320 1868; x_wconf 78' lang='grc' dir='ltr'>τοῖς</span> <span class='ocrx_word' id='word_1_253' title='bbox 351 1806 602 1875; x_wconf 75' lang='grc' dir='ltr'><strong>ἀδελφοῖς</strong></span> <span class='ocrx_word' id='word_1_254' title='bbox 633 1808 706 1878; x_wconf 82' lang='grc' dir='ltr'>μὴ</span> <span class='ocrx_word' id='word_1_255' title='bbox 736 1807 1053 1877; x_wconf 82' lang='grc' dir='ltr'>προσελθεῖν</span> <span class='ocrx_word' id='word_1_256' title='bbox 1078 1807 1157 1877; x_wconf 82' lang='grc' dir='ltr'>τῷ</span> <span class='ocrx_word' id='word_1_257' title='bbox 1188 1809 1356 1878; x_wconf 73' lang='grc' dir='ltr'>πατρὶ</span> <span class='ocrx_word' id='word_1_258' title='bbox 1389 1808 1623 1871; x_wconf 73' lang='grc' dir='ltr'>ἀσεϐῶς,</span> <span class='ocrx_word' id='word_1_259' title='bbox 1654 1808 1790 1861; x_wconf 91' lang='grc' dir='ltr'><strong>ἀλλά</strong></span> 
     </span>
    </p>
   </div>
   <div class='ocr_carea' id='block_1_34' title="bbox 1907 1805 3471 1887">
    <p class='ocr_par' dir='ltr' id='par_1_34' title="bbox 1907 1808 3471 1887">
     <span class='ocr_line' id='line_1_34' title="bbox 1907 1808 3471 1887; baseline 0.007 -25"><span class='ocrx_word' id='word_1_260' title='bbox 1907 1808 2144 1863; x_wconf 70' lang='lat' dir='ltr'><strong>similiter</strong></span> <span class='ocrx_word' id='word_1_261' title='bbox 2188 1825 2253 1864; x_wconf 92' lang='lat' dir='ltr'><strong>ac</strong></span> <span class='ocrx_word' id='word_1_262' title='bbox 2295 1810 2489 1866; x_wconf 79' lang='lat' dir='ltr'><strong>fratres</strong></span> <span class='ocrx_word' id='word_1_263' title='bbox 2542 1829 2647 1866; x_wconf 91' lang='lat' dir='ltr'><strong>non</strong></span> <span class='ocrx_word' id='word_1_264' title='bbox 2693 1815 2914 1868; x_wconf 87' lang='lat' dir='ltr'><strong>deberet</strong></span> <span class='ocrx_word' id='word_1_265' title='bbox 2953 1816 3116 1885; x_wconf 77' lang='lat' dir='ltr'><strong>impie</strong></span> <span class='ocrx_word' id='word_1_266' title='bbox 3164 1821 3227 1871; x_wconf 91' lang='lat' dir='ltr'><strong>ad</strong></span> <span class='ocrx_word' id='word_1_267' title='bbox 3264 1831 3471 1887; x_wconf 86' lang='lat' dir='ltr'><strong>patrem</strong></span> 
     </span>
    </p>
   </div>
   <div class='ocr_carea' id='block_1_35' title="bbox 207 1897 1798 1970">
    <p class='ocr_par' dir='ltr' id='par_1_35' title="bbox 207 1897 1798 1970">
     <span class='ocr_line' id='line_1_35' title="bbox 207 1897 1798 1970; baseline 0.002 -19"><span class='ocrx_word' id='word_1_268' title='bbox 207 1899 304 1952; x_wconf 76' lang='grc' dir='ltr'><strong>καὶ</strong></span> <span class='ocrx_word' id='word_1_269' title='bbox 351 1897 654 1969; x_wconf 78' lang='grc' dir='ltr'>ἐπιπλῆξαι</span> <span class='ocrx_word' id='word_1_270' title='bbox 703 1898 781 1969; x_wconf 82' lang='grc' dir='ltr'>τῷ</span> <span class='ocrx_word' id='word_1_271' title='bbox 830 1899 1030 1969; x_wconf 84' lang='grc' dir='ltr'>πρώτῳ</span> <span class='ocrx_word' id='word_1_272' title='bbox 1085 1899 1407 1970; x_wconf 82' lang='grc' dir='ltr'>θεασαμένῳ</span> <span class='ocrx_word' id='word_1_273' title='bbox 1445 1901 1539 1953; x_wconf 74' lang='grc' dir='ltr'>καὶ</span> <span class='ocrx_word' id='word_1_274' title='bbox 1583 1901 1798 1955; x_wconf 77' lang='grc' dir='ltr'>διαϐάλ-</span> 
     </span>
    </p>
   </div>
   <div class='ocr_carea' id='block_1_36' title="bbox 207 1990 1800 2062">
    <p class='ocr_par' dir='ltr' id='par_1_36' title="bbox 207 1990 1800 2062">
     <span class='ocr_line' id='line_1_36' title="bbox 207 1990 1800 2062; baseline 0.001 -20"><span class='ocrx_word' id='word_1_275' title='bbox 207 1990 394 2056; x_wconf 84' lang='grc' dir='ltr'>λοντι,</span> <span class='ocrx_word' id='word_1_276' title='bbox 437 1992 602 2054; x_wconf 80' lang='grc' dir='ltr'>αὐτὸς</span> <span class='ocrx_word' id='word_1_277' title='bbox 653 1991 709 2045; x_wconf 80' lang='grc' dir='ltr'>δὲ</span> <span class='ocrx_word' id='word_1_278' title='bbox 749 1993 845 2045; x_wconf 71' lang='grc' dir='ltr'><strong>καὶ</strong></span> <span class='ocrx_word' id='word_1_279' title='bbox 894 1991 1224 2056; x_wconf 84' lang='grc' dir='ltr'>πέπεισται,</span> <span class='ocrx_word' id='word_1_280' title='bbox 1270 1993 1365 2045; x_wconf 83' lang='grc' dir='ltr'>καὶ</span> <span class='ocrx_word' id='word_1_281' title='bbox 1409 1993 1658 2062; x_wconf 76' lang='grc' dir='ltr'>εἰσῆλθε,</span> <span class='ocrx_word' id='word_1_282' title='bbox 1703 1993 1800 2046; x_wconf 71' lang='grc' dir='ltr'><strong>κα)⁵</strong></span> 
     </span>
    </p>
   </div>
   <div class='ocr_carea' id='block_1_37' title="bbox 193 2079 1797 2154">
    <p class='ocr_par' dir='ltr' id='par_1_37' title="bbox 193 2079 1797 2154">
     <span class='ocr_line' id='line_1_37' title="bbox 193 2079 1797 2154; baseline 0.002 -19"><span class='ocrx_word' id='word_1_283' title='bbox 193 2079 342 2148; x_wconf 73' lang='grc' dir='ltr'>εἶδε,</span> <span class='ocrx_word' id='word_1_284' title='bbox 387 2084 486 2136; x_wconf 78' lang='grc' dir='ltr'>καὶ</span> <span class='ocrx_word' id='word_1_285' title='bbox 511 2083 781 2154; x_wconf 79' lang='grc' dir='ltr'>ἀνήνεγκε</span> <span class='ocrx_word' id='word_1_286' title='bbox 801 2085 934 2146; x_wconf 76' lang='grc' dir='ltr'>’τοῖς</span> <span class='ocrx_word' id='word_1_287' title='bbox 968 2083 1238 2152; x_wconf 75' lang='grc' dir='ltr'>ἀδελφοῖς.</span> <span class='ocrx_word' id='word_1_288' title='bbox 1277 2084 1386 2137; x_wconf 74' lang='grc' dir='ltr'>Καὶ</span> <span class='ocrx_word' id='word_1_289' title='bbox 1419 2083 1590 2138; x_wconf 83' lang='grc' dir='ltr'>ταῦτα</span> <span class='ocrx_word' id='word_1_290' title='bbox 1624 2085 1680 2137; x_wconf 86' lang='grc' dir='ltr'>δὲ</span> <span class='ocrx_word' id='word_1_291' title='bbox 1708 2085 1797 2138; x_wconf 86' lang='grc' dir='ltr'><strong>δο-</strong></span> 
     </span>
    </p>
   </div>
   <div class='ocr_carea' id='block_1_38' title="bbox 207 2169 1801 2246">
    <p class='ocr_par' dir='ltr' id='par_1_38' title="bbox 207 2169 1801 2246">
     <span class='ocr_line' id='line_1_38' title="bbox 207 2169 1801 2246; baseline 0.003 -20"><span class='ocrx_word' id='word_1_292' title='bbox 207 2175 294 2226; x_wconf 78' lang='grc' dir='ltr'><strong>κεῖ</strong></span> <span class='ocrx_word' id='word_1_293' title='bbox 338 2172 511 2243; x_wconf 81' lang='grc' dir='ltr'>μῦθος</span> <span class='ocrx_word' id='word_1_294' title='bbox 555 2169 714 2240; x_wconf 74' lang='grc' dir='ltr'>εἶναι,</span> <span class='ocrx_word' id='word_1_295' title='bbox 756 2175 803 2226; x_wconf 92' lang='grc' dir='ltr'><strong>εί</strong></span> <span class='ocrx_word' id='word_1_296' title='bbox 832 2174 906 2245; x_wconf 79' lang='grc' dir='ltr'>μὴ</span> <span class='ocrx_word' id='word_1_297' title='bbox 946 2173 1008 2227; x_wconf 85' lang='grc' dir='ltr'>τὺ</span> <span class='ocrx_word' id='word_1_298' title='bbox 1041 2175 1141 2245; x_wconf 84' lang='grc' dir='ltr'><strong>τῆς</strong></span> <span class='ocrx_word' id='word_1_299' title='bbox 1175 2174 1504 2240; x_wconf 82' lang='grc' dir='ltr'>ἀποδείξεως</span> <span class='ocrx_word' id='word_1_300' title='bbox 1542 2171 1609 2246; x_wconf 87' lang='grc' dir='ltr'><strong>ἦν</strong></span> <span class='ocrx_word' id='word_1_301' title='bbox 1652 2177 1801 2246; x_wconf 79' lang='grc' dir='ltr'>ἰσχυ-</span> 
     </span>
    </p>
   </div>
   <div class='ocr_carea' id='block_1_39' title="bbox 213 2264 1799 2336">
    <p class='ocr_par' dir='ltr' id='par_1_39' title="bbox 213 2264 1799 2336">
     <span class='ocr_line' id='line_1_39' title="bbox 213 2264 1799 2336; baseline 0.004 -20"><span class='ocrx_word' id='word_1_302' title='bbox 213 2264 327 2334; x_wconf 88' lang='grc' dir='ltr'>ρόν.</span> <span class='ocrx_word' id='word_1_303' title='bbox 366 2283 386 2316; x_wconf 72' lang='grc' dir='ltr'><strong>ι</strong></span> <span class='ocrx_word' id='word_1_304' title='bbox 422 2265 532 2318; x_wconf 80' lang='grc' dir='ltr'><strong>Καὶ</strong></span> <span class='ocrx_word' id='word_1_305' title='bbox 567 2264 865 2335; x_wconf 79' lang='grc' dir='ltr'>ἐξυπνισθη</span> <span class='ocrx_word' id='word_1_306' title='bbox 900 2266 1027 2334; x_wconf 83' lang='grc' dir='ltr'>γὰρ,</span> <span class='ocrx_word' id='word_1_307' title='bbox 1074 2266 1228 2336; x_wconf 79' lang='grc' dir='ltr'>φησὶ,</span> <span class='ocrx_word' id='word_1_308' title='bbox 1257 2265 1382 2319; x_wconf 90' lang='grc' dir='ltr'>Νῶε</span> <span class='ocrx_word' id='word_1_309' title='bbox 1421 2269 1484 2320; x_wconf 82' lang='grc' dir='ltr'><strong>ἐκ</strong></span> <span class='ocrx_word' id='word_1_310' title='bbox 1509 2268 1601 2319; x_wconf 80' lang='grc' dir='ltr'><strong>τοῦ</strong></span> <span class='ocrx_word' id='word_1_311' title='bbox 1631 2267 1799 2322; x_wconf 84' lang='grc' dir='ltr'>ὕπνου</span> 
     </span>
    </p>
   </div>
   <div class='ocr_carea' id='block_1_40' title="bbox 212 2358 1800 2429">
    <p class='ocr_par' dir='ltr' id='par_1_40' title="bbox 212 2358 1800 2429">
     <span class='ocr_line' id='line_1_40' title="bbox 212 2358 1800 2429; baseline 0 -17"><span class='ocrx_word' id='word_1_312' title='bbox 212 2358 407 2426; x_wconf 71' lang='grc' dir='ltr'>αὐτοῦ,</span> <span class='ocrx_word' id='word_1_313' title='bbox 454 2361 548 2412; x_wconf 73' lang='grc' dir='ltr'>καὶ</span> <span class='ocrx_word' id='word_1_314' title='bbox 582 2359 726 2427; x_wconf 85' lang='grc' dir='ltr'>ἐγνω</span> <span class='ocrx_word' id='word_1_315' title='bbox 755 2360 856 2412; x_wconf 83' lang='grc' dir='ltr'><strong>ὅσα</strong></span> <span class='ocrx_word' id='word_1_316' title='bbox 889 2359 1147 2429; x_wconf 81' lang='grc' dir='ltr'>ἐποίησεν</span> <span class='ocrx_word' id='word_1_317' title='bbox 1171 2359 1319 2428; x_wconf 76' lang='grc' dir='ltr'>αὐτῷ</span> <span class='ocrx_word' id='word_1_318' title='bbox 1357 2361 1385 2412; x_wconf 93' lang='lat'><strong>6</strong></span> <span class='ocrx_word' id='word_1_319' title='bbox 1421 2360 1534 2421; x_wconf 80' lang='grc' dir='ltr'>υἱὸς</span> <span class='ocrx_word' id='word_1_320' title='bbox 1571 2360 1734 2412; x_wconf 77' lang='grc' dir='ltr'>αὐτοῦ</span> <span class='ocrx_word' id='word_1_321' title='bbox 1771 2363 1800 2412; x_wconf 90' lang='lat'><strong>6</strong></span> 
     </span>
    </p>
   </div>
   <div class='ocr_carea' id='block_1_41' title="bbox 212 2448 1802 2520">
    <p class='ocr_par' dir='ltr' id='par_1_41' title="bbox 212 2448 1802 2520">
     <span class='ocr_line' id='line_1_41' title="bbox 212 2448 1802 2520; baseline 0.001 -20"><span class='ocrx_word' id='word_1_322' title='bbox 212 2448 506 2519; x_wconf 81' lang='grc' dir='ltr'>νεώτερος.</span> <span class='ocrx_word' id='word_1_323' title='bbox 556 2468 576 2500; x_wconf 75' lang='grc' dir='ltr'><strong>ι</strong></span> <span class='ocrx_word' id='word_1_324' title='bbox 612 2450 954 2519; x_wconf 85' lang='grc' dir='ltr'>Μικρότερος</span> <span class='ocrx_word' id='word_1_325' title='bbox 1001 2449 1112 2520; x_wconf 74' lang='grc'>(72)</span> <span class='ocrx_word' id='word_1_326' title='bbox 1157 2449 1254 2518; x_wconf 81' lang='grc' dir='ltr'>μὲν</span> <span class='ocrx_word' id='word_1_327' title='bbox 1281 2449 1390 2518; x_wconf 85' lang='grc' dir='ltr'>γὰρ</span> <span class='ocrx_word' id='word_1_328' title='bbox 1433 2449 1546 2512; x_wconf 69' lang='grc' dir='ltr'>υίὸς</span> <span class='ocrx_word' id='word_1_329' title='bbox 1577 2448 1740 2501; x_wconf 73' lang='grc' dir='ltr'>αὑτοῦ</span> <span class='ocrx_word' id='word_1_330' title='bbox 1773 2451 1802 2502; x_wconf 92' lang='lat'><strong>6</strong></span> 
     </span>
    </p>
   </div>
   <div class='ocr_carea' id='block_1_42' title="bbox 215 2535 1802 2610">
    <p class='ocr_par' dir='ltr' id='par_1_42' title="bbox 215 2535 1802 2610">
     <span class='ocr_line' id='line_1_42' title="bbox 215 2535 1802 2610; baseline 0 -18"><span class='ocrx_word' id='word_1_331' title='bbox 215 2540 350 2610; x_wconf 75' lang='grc' dir='ltr'>Χὰμ</span> <span class='ocrx_word' id='word_1_332' title='bbox 382 2541 486 2593; x_wconf 81' lang='grc' dir='ltr'>οὒκ</span> <span class='ocrx_word' id='word_1_333' title='bbox 520 2535 615 2610; x_wconf 76' lang='grc' dir='ltr'>ἦν,</span> <span class='ocrx_word' id='word_1_334' title='bbox 641 2539 777 2593; x_wconf 87' lang='grc' dir='ltr'><strong>ἀλλά</strong></span> <span class='ocrx_word' id='word_1_335' title='bbox 805 2540 1076 2610; x_wconf 80' lang='grc' dir='ltr'>δεύτερος.</span> <span class='ocrx_word' id='word_1_336' title='bbox 1126 2558 1144 2590; x_wconf 83' lang='grc' dir='ltr'><strong>ι</strong></span> <span class='ocrx_word' id='word_1_337' title='bbox 1198 2540 1318 2609; x_wconf 70' lang='grc' dir='ltr'><strong>Σὴμμ</strong></span> <span class='ocrx_word' id='word_1_338' title='bbox 1345 2541 1471 2610; x_wconf 86' lang='grc' dir='ltr'>γὰρ,</span> <span class='ocrx_word' id='word_1_339' title='bbox 1512 2541 1663 2609; x_wconf 63' lang='grc' dir='ltr'>φησι,</span> <span class='ocrx_word' id='word_1_340' title='bbox 1709 2541 1802 2592; x_wconf 77' lang='grc' dir='ltr'><strong>καὶ</strong></span> 
     </span>
    </p>
   </div>
   <div class='ocr_carea' id='block_1_43' title="bbox 215 2628 1800 2700">
    <p class='ocr_par' dir='ltr' id='par_1_43' title="bbox 215 2628 1800 2700">
     <span class='ocr_line' id='line_1_43' title="bbox 215 2628 1800 2700; baseline -0.001 -18"><span class='ocrx_word' id='word_1_341' title='bbox 215 2630 372 2700; x_wconf 76' lang='grc' dir='ltr'><strong>Χάμ,</strong></span> <span class='ocrx_word' id='word_1_342' title='bbox 412 2629 511 2683; x_wconf 81' lang='grc' dir='ltr'><strong>καὶ</strong></span> <span class='ocrx_word' id='word_1_343' title='bbox 555 2628 753 2698; x_wconf 80' lang='grc' dir='ltr'>Ἰάφεθ.</span> <span class='ocrx_word' id='word_1_344' title='bbox 792 2649 812 2682; x_wconf 67' lang='grc' dir='ltr'><strong>ι</strong></span> <span class='ocrx_word' id='word_1_345' title='bbox 850 2631 959 2684; x_wconf 73' lang='grc' dir='ltr'><strong>Καὶ</strong></span> <span class='ocrx_word' id='word_1_346' title='bbox 983 2631 1030 2681; x_wconf 86' lang='grc' dir='ltr'>εἰ</span> <span class='ocrx_word' id='word_1_347' title='bbox 1069 2629 1160 2681; x_wconf 78' lang='grc' dir='ltr'><strong>τὸν</strong></span> <span class='ocrx_word' id='word_1_348' title='bbox 1194 2629 1388 2698; x_wconf 82' lang='grc' dir='ltr'>μικρὸν</span> <span class='ocrx_word' id='word_1_349' title='bbox 1425 2629 1582 2700; x_wconf 72' lang='grc' dir='ltr'>ἤθελε</span> <span class='ocrx_word' id='word_1_350' title='bbox 1611 2629 1800 2693; x_wconf 78' lang='grc' dir='ltr'>δεῖξαι,</span> 
     </span>
    </p>
   </div>
   <div class='ocr_carea' id='block_1_44' title="bbox 216 2721 1802 2791">
    <p class='ocr_par' dir='ltr' id='par_1_44' title="bbox 216 2721 1802 2791">
     <span class='ocr_line' id='line_1_44' title="bbox 216 2721 1802 2791; baseline -0.002 -16"><span class='ocrx_word' id='word_1_351' title='bbox 216 2723 306 2776; x_wconf 76' lang='grc' dir='ltr'>τὸν</span> <span class='ocrx_word' id='word_1_352' title='bbox 349 2721 535 2791; x_wconf 83' lang='grc' dir='ltr'>Ἰάφεθ</span> <span class='ocrx_word' id='word_1_353' title='bbox 565 2722 631 2776; x_wconf 81' lang='grc' dir='ltr'>ἂν</span> <span class='ocrx_word' id='word_1_354' title='bbox 655 2723 862 2790; x_wconf 73' lang='grc' dir='ltr'>ἔλεγεν.</span> <span class='ocrx_word' id='word_1_355' title='bbox 914 2721 1132 2790; x_wconf 82' lang='grc' dir='ltr'>Ἐπειδὴ</span> <span class='ocrx_word' id='word_1_356' title='bbox 1163 2721 1219 2773; x_wconf 85' lang='grc' dir='ltr'>δὲ</span> <span class='ocrx_word' id='word_1_357' title='bbox 1249 2721 1375 2783; x_wconf 78' lang='grc' dir='ltr'>τοὺς</span> <span class='ocrx_word' id='word_1_358' title='bbox 1405 2721 1660 2789; x_wconf 74' lang='grc' dir='ltr'>ἐκγόνους</span> <span class='ocrx_word' id='word_1_359' title='bbox 1691 2722 1802 2790; x_wconf 80' lang='grc'>(75)</span> 
     </span>
    </p>
   </div>
   <div class='ocr_carea' id='block_1_45' title="bbox 219 2813 1804 2882">
    <p class='ocr_par' dir='ltr' id='par_1_45' title="bbox 219 2813 1804 2882">
     <span class='ocr_line' id='line_1_45' title="bbox 219 2813 1804 2882; baseline -0.001 -17"><span class='ocrx_word' id='word_1_360' title='bbox 219 2816 375 2878; x_wconf 76' lang='grc' dir='ltr'>υἱοὺς</span> <span class='ocrx_word' id='word_1_361' title='bbox 411 2815 500 2868; x_wconf 76' lang='grc' dir='ltr'>ἀεὶ</span> <span class='ocrx_word' id='word_1_362' title='bbox 533 2815 785 2882; x_wconf 88' lang='grc' dir='ltr'>λέγουσιν</span> <span class='ocrx_word' id='word_1_363' title='bbox 831 2815 881 2866; x_wconf 82' lang='grc' dir='ltr'>οἱ</span> <span class='ocrx_word' id='word_1_364' title='bbox 914 2814 1164 2879; x_wconf 83' lang='grc' dir='ltr'>πάπποι,</span> <span class='ocrx_word' id='word_1_365' title='bbox 1210 2813 1304 2865; x_wconf 80' lang='grc' dir='ltr'>καὶ</span> <span class='ocrx_word' id='word_1_366' title='bbox 1354 2813 1479 2876; x_wconf 77' lang='grc' dir='ltr'>τοὺς</span> <span class='ocrx_word' id='word_1_367' title='bbox 1533 2813 1804 2882; x_wconf 78' lang='grc' dir='ltr'>μακρόθεν</span> 
     </span>
    </p>
   </div>
   <div class='ocr_carea' id='block_1_46' title="bbox 218 2901 1806 2974">
    <p class='ocr_par' dir='ltr' id='par_1_46' title="bbox 218 2901 1806 2974">
     <span class='ocr_line' id='line_1_46' title="bbox 218 2901 1806 2974; baseline -0.003 -16"><span class='ocrx_word' id='word_1_368' title='bbox 218 2905 566 2972; x_wconf 72' lang='grc' dir='ltr'>ἀπογόνους,</span> <span class='ocrx_word' id='word_1_369' title='bbox 608 2905 700 2958; x_wconf 82' lang='grc' dir='ltr'><strong>τὸν</strong></span> <span class='ocrx_word' id='word_1_370' title='bbox 745 2903 1083 2974; x_wconf 83' lang='grc' dir='ltr'>βραχύτατον</span> <span class='ocrx_word' id='word_1_371' title='bbox 1125 2903 1238 2955; x_wconf 86' lang='grc' dir='ltr'><strong>τῶν</strong></span> <span class='ocrx_word' id='word_1_372' title='bbox 1269 2903 1508 2970; x_wconf 78' lang='grc' dir='ltr'><strong>ἐκγόνων</strong></span> <span class='ocrx_word' id='word_1_373' title='bbox 1555 2902 1664 2973; x_wconf 73' lang='grc'>(74)</span> <span class='ocrx_word' id='word_1_374' title='bbox 1717 2901 1806 2955; x_wconf 79' lang='grc' dir='ltr'><strong>τὸν</strong></span> 
     </span>
    </p>
   </div>
   <div class='ocr_carea' id='block_1_47' title="bbox 217 2991 1803 3066">
    <p class='ocr_par' dir='ltr' id='par_1_47' title="bbox 217 2991 1803 3066">
     <span class='ocr_line' id='line_1_47' title="bbox 217 2991 1803 3066; baseline -0.003 -18"><span class='ocrx_word' id='word_1_375' title='bbox 217 2995 470 3059; x_wconf 81' lang='grc' dir='ltr'>Χαναὰν,</span> <span class='ocrx_word' id='word_1_376' title='bbox 516 2996 735 3065; x_wconf 73' lang='grc' dir='ltr'>εἴρηκεν</span> <span class='ocrx_word' id='word_1_377' title='bbox 768 2997 802 3066; x_wconf 81' lang='grc' dir='ltr'>ἡ</span> <span class='ocrx_word' id='word_1_378' title='bbox 826 2992 1018 3065; x_wconf 82' lang='grc' dir='ltr'>Γραφὴ</span> <span class='ocrx_word' id='word_1_379' title='bbox 1045 2991 1314 3061; x_wconf 74' lang='grc' dir='ltr'>ἐγνῶσθαι</span> <span class='ocrx_word' id='word_1_380' title='bbox 1345 2992 1496 3062; x_wconf 87' lang='grc' dir='ltr'><strong>παρά</strong></span> <span class='ocrx_word' id='word_1_381' title='bbox 1524 2993 1615 3045; x_wconf 79' lang='grc' dir='ltr'>τοῦ</span> <span class='ocrx_word' id='word_1_382' title='bbox 1647 2992 1767 3045; x_wconf 82' lang='grc' dir='ltr'>Νῶε</span> <span class='ocrx_word' id='word_1_383' title='bbox 1789 3031 1803 3056; x_wconf 89' lang='grc'><strong>,</strong></span> 
     </span>
    </p>
   </div>
   <div class='ocr_carea' id='block_1_48' title="bbox 220 3081 1803 3156">
    <p class='ocr_par' dir='ltr' id='par_1_48' title="bbox 220 3081 1803 3156">
     <span class='ocr_line' id='line_1_48' title="bbox 220 3081 1803 3156; baseline -0.003 -16"><span class='ocrx_word' id='word_1_384' title='bbox 220 3088 300 3140; x_wconf 79' lang='grc' dir='ltr'>ὅτι</span> <span class='ocrx_word' id='word_1_385' title='bbox 338 3087 506 3150; x_wconf 73' lang='grc' dir='ltr'>αὐτὸς</span> <span class='ocrx_word' id='word_1_386' title='bbox 545 3085 770 3156; x_wconf 78' lang='grc' dir='ltr'>ἐποίησε</span> <span class='ocrx_word' id='word_1_387' title='bbox 803 3085 998 3138; x_wconf 79' lang='grc' dir='ltr'>ταῦτα.</span> <span class='ocrx_word' id='word_1_388' title='bbox 1034 3085 1144 3137; x_wconf 73' lang='grc' dir='ltr'><strong>Καὶ</strong></span> <span class='ocrx_word' id='word_1_389' title='bbox 1170 3085 1250 3137; x_wconf 83' lang='grc' dir='ltr'><strong>ὅτι</strong></span> <span class='ocrx_word' id='word_1_390' title='bbox 1272 3081 1429 3136; x_wconf 82' lang='grc' dir='ltr'>τοῦτο</span> <span class='ocrx_word' id='word_1_391' title='bbox 1458 3082 1630 3146; x_wconf 80' lang='grc' dir='ltr'>οὕτως</span> <span class='ocrx_word' id='word_1_392' title='bbox 1659 3083 1803 3154; x_wconf 74' lang='grc' dir='ltr'>ἔχει,</span> 
     </span>
    </p>
   </div>
   <div class='ocr_carea' id='block_1_49' title="bbox 224 3169 1804 3246">
    <p class='ocr_par' dir='ltr' id='par_1_49' title="bbox 224 3169 1804 3246">
     <span class='ocr_line' id='line_1_49' title="bbox 224 3169 1804 3246; baseline -0.002 -15"><span class='ocrx_word' id='word_1_393' title='bbox 224 3179 393 3241; x_wconf 74' lang='grc' dir='ltr'>εὐθὺς</span> <span class='ocrx_word' id='word_1_394' title='bbox 438 3178 635 3246; x_wconf 83' lang='grc' dir='ltr'>ἐπάγει</span> <span class='ocrx_word' id='word_1_395' title='bbox 668 3177 728 3230; x_wconf 82' lang='grc' dir='ltr'><strong>τὸ</strong></span> <span class='ocrx_word' id='word_1_396' title='bbox 761 3176 903 3230; x_wconf 88' lang='grc' dir='ltr'>θεῖον</span> <span class='ocrx_word' id='word_1_397' title='bbox 927 3175 1107 3244; x_wconf 90' lang='grc' dir='ltr'>λόγιον</span> <span class='ocrx_word' id='word_1_398' title='bbox 1129 3214 1143 3239; x_wconf 93' lang='grc'><strong>,</strong></span> <span class='ocrx_word' id='word_1_399' title='bbox 1173 3173 1267 3227; x_wconf 76' lang='grc' dir='ltr'><strong>καὶ</strong></span> <span class='ocrx_word' id='word_1_400' title='bbox 1301 3169 1474 3227; x_wconf 74' lang='grc' dir='ltr'>εἶπεν.</span> <span class='ocrx_word' id='word_1_401' title='bbox 1513 3193 1532 3226; x_wconf 78' lang='grc' dir='ltr'><strong>ι</strong></span> <span class='ocrx_word' id='word_1_402' title='bbox 1580 3175 1804 3228; x_wconf 86' lang='grc' dir='ltr'>Ἐπικα-</span> 
     </span>
    </p>
   </div>
   <div class='ocr_carea' id='block_1_50' title="bbox 222 3264 1808 3341">
    <p class='ocr_par' dir='ltr' id='par_1_50' title="bbox 222 3264 1808 3341">
     <span class='ocr_line' id='line_1_50' title="bbox 222 3264 1808 3341; baseline -0.002 -21"><span class='ocrx_word' id='word_1_403' title='bbox 222 3270 464 3341; x_wconf 85' lang='grc' dir='ltr'>τάρατος</span> <span class='ocrx_word' id='word_1_404' title='bbox 518 3267 776 3332; x_wconf 81' lang='grc' dir='ltr'>Χαναὰν,</span> <span class='ocrx_word' id='word_1_405' title='bbox 833 3265 1017 3328; x_wconf 79' lang='grc' dir='ltr'>δοῦλος</span> <span class='ocrx_word' id='word_1_406' title='bbox 1073 3264 1274 3319; x_wconf 83' lang='grc' dir='ltr'>δούλων</span> <span class='ocrx_word' id='word_1_407' title='bbox 1320 3264 1434 3333; x_wconf 79' lang='grc'>(75)</span> <span class='ocrx_word' id='word_1_408' title='bbox 1484 3265 1636 3317; x_wconf 79' lang='grc' dir='ltr'>ἔσται</span> <span class='ocrx_word' id='word_1_409' title='bbox 1697 3268 1808 3328; x_wconf 89' lang='grc' dir='ltr'>τοῖς</span> 
     </span>
    </p>
   </div>
   <div class='ocr_carea' id='block_1_51' title="bbox 228 3354 1809 3428">
    <p class='ocr_par' dir='ltr' id='par_1_51' title="bbox 228 3354 1809 3428">
     <span class='ocr_line' id='line_1_51' title="bbox 228 3354 1809 3428; baseline -0.004 -14"><span class='ocrx_word' id='word_1_410' title='bbox 228 3360 487 3428; x_wconf 77' lang='grc' dir='ltr'><strong>ἀδελφοῖς</strong></span> <span class='ocrx_word' id='word_1_411' title='bbox 532 3358 720 3414; x_wconf 78' lang='grc' dir='ltr'>αὑτοῦ.</span> <span class='ocrx_word' id='word_1_412' title='bbox 772 3357 833 3410; x_wconf 79' lang='lat' dir='ltr'><strong>Et</strong></span> <span class='ocrx_word' id='word_1_413' title='bbox 885 3355 942 3408; x_wconf 78' lang='grc' dir='ltr'>δέ</span> <span class='ocrx_word' id='word_1_414' title='bbox 985 3373 1071 3419; x_wconf 85' lang='grc' dir='ltr'><strong>τις</strong></span> <span class='ocrx_word' id='word_1_415' title='bbox 1120 3354 1427 3425; x_wconf 80' lang='grc' dir='ltr'>θαυμάζοι,</span> <span class='ocrx_word' id='word_1_416' title='bbox 1458 3355 1509 3407; x_wconf 86' lang='grc' dir='ltr'><strong>τί</strong></span> <span class='ocrx_word' id='word_1_417' title='bbox 1548 3355 1748 3425; x_wconf 86' lang='grc' dir='ltr'>δήποτε</span> <span class='ocrx_word' id='word_1_418' title='bbox 1780 3355 1809 3408; x_wconf 90' lang='lat'><strong>6</strong></span> 
     </span>
    </p>
   </div>
   <div class='ocr_carea' id='block_1_52' title="bbox 229 3445 1811 3524">
    <p class='ocr_par' dir='ltr' id='par_1_52' title="bbox 229 3445 1811 3524">
     <span class='ocr_line' id='line_1_52' title="bbox 229 3445 1811 3524; baseline -0.002 -21"><span class='ocrx_word' id='word_1_419' title='bbox 229 3452 388 3522; x_wconf 81' lang='grc' dir='ltr'><strong>Χάμ,</strong></span> <span class='ocrx_word' id='word_1_420' title='bbox 418 3451 513 3504; x_wconf 70' lang='grc' dir='ltr'><strong>καὶ</strong></span> <span class='ocrx_word' id='word_1_421' title='bbox 549 3449 711 3524; x_wconf 70' lang='grc' dir='ltr'>αὐτὸς</span> <span class='ocrx_word' id='word_1_422' title='bbox 743 3447 947 3518; x_wconf 75' lang='grc' dir='ltr'>ἀσεϐὴς</span> <span class='ocrx_word' id='word_1_423' title='bbox 977 3445 1074 3512; x_wconf 83' lang='grc' dir='ltr'>ὢν,</span> <span class='ocrx_word' id='word_1_424' title='bbox 1100 3447 1202 3519; x_wconf 78' lang='grc' dir='ltr'>τὴν</span> <span class='ocrx_word' id='word_1_425' title='bbox 1228 3447 1400 3517; x_wconf 79' lang='grc' dir='ltr'>αὐτὴν</span> <span class='ocrx_word' id='word_1_426' title='bbox 1427 3447 1674 3518; x_wconf 83' lang='grc' dir='ltr'>κατάραν</span> <span class='ocrx_word' id='word_1_427' title='bbox 1711 3448 1811 3500; x_wconf 83' lang='grc' dir='ltr'>οὐκ</span> 
     </span>
    </p>
   </div>
   <div class='ocr_carea' id='block_1_53' title="bbox 230 3535 1807 3612">
    <p class='ocr_par' dir='ltr' id='par_1_53' title="bbox 230 3535 1807 3612">
     <span class='ocr_line' id='line_1_53' title="bbox 230 3535 1807 3612; baseline -0.003 -17"><span class='ocrx_word' id='word_1_428' title='bbox 230 3543 361 3612; x_wconf 74' lang='grc' dir='ltr'>ἔσχε</span> <span class='ocrx_word' id='word_1_429' title='bbox 391 3541 467 3612; x_wconf 83' lang='grc' dir='ltr'>τῷ</span> <span class='ocrx_word' id='word_1_430' title='bbox 489 3541 615 3612; x_wconf 79' lang='grc' dir='ltr'>υίῷ,</span> <span class='ocrx_word' id='word_1_431' title='bbox 641 3539 928 3610; x_wconf 81' lang='grc' dir='ltr'>ἐπιγνώτω</span> <span class='ocrx_word' id='word_1_432' title='bbox 948 3538 1024 3602; x_wconf 84' lang='grc' dir='ltr'>ὡς</span> <span class='ocrx_word' id='word_1_433' title='bbox 1044 3541 1092 3592; x_wconf 76' lang='grc' dir='ltr'>εἰ</span> <span class='ocrx_word' id='word_1_434' title='bbox 1118 3535 1186 3610; x_wconf 81' lang='grc' dir='ltr'><strong>ἦν</strong></span> <span class='ocrx_word' id='word_1_435' title='bbox 1205 3537 1534 3608; x_wconf 82' lang='grc' dir='ltr'>λελεγμένον</span> <span class='ocrx_word' id='word_1_436' title='bbox 1555 3537 1632 3608; x_wconf 85' lang='grc' dir='ltr'>τῷ</span> <span class='ocrx_word' id='word_1_437' title='bbox 1659 3539 1807 3608; x_wconf 73' lang='grc' dir='ltr'>Χάμ,</span> 
     </span>
    </p>
   </div>
   <div class='ocr_carea' id='block_1_54' title="bbox 235 3629 1811 3700">
    <p class='ocr_par' dir='ltr' id='par_1_54' title="bbox 235 3629 1811 3700">
     <span class='ocr_line' id='line_1_54' title="bbox 235 3629 1811 3700; baseline -0.003 -14"><span class='ocrx_word' id='word_1_438' title='bbox 235 3653 252 3685; x_wconf 79' lang='grc' dir='ltr'><strong>ι</strong></span> <span class='ocrx_word' id='word_1_439' title='bbox 290 3631 493 3695; x_wconf 79' lang='grc' dir='ltr'>Δοῦλος</span> <span class='ocrx_word' id='word_1_440' title='bbox 526 3630 732 3685; x_wconf 83' lang='grc' dir='ltr'>δούλων</span> <span class='ocrx_word' id='word_1_441' title='bbox 763 3630 915 3683; x_wconf 73' lang='grc' dir='ltr'>ἔσται</span> <span class='ocrx_word' id='word_1_442' title='bbox 936 3672 950 3696; x_wconf 85' lang='grc'><strong>,</strong></span> <span class='ocrx_word' id='word_1_443' title='bbox 990 3647 1010 3681; x_wconf 72' lang='grc' dir='ltr'><strong>ι</strong></span> <span class='ocrx_word' id='word_1_444' title='bbox 1043 3630 1140 3700; x_wconf 84' lang='grc' dir='ltr'>τῆς</span> <span class='ocrx_word' id='word_1_445' title='bbox 1170 3629 1413 3693; x_wconf 75' lang='grc' dir='ltr'>δουλείας</span> <span class='ocrx_word' id='word_1_446' title='bbox 1449 3629 1712 3700; x_wconf 80' lang='grc' dir='ltr'>μετέσχον</span> <span class='ocrx_word' id='word_1_447' title='bbox 1746 3630 1811 3682; x_wconf 82' lang='grc' dir='ltr'>ἂν</span> 
     </span>
    </p>
   </div>
   <div class='ocr_carea' id='block_1_55' title="bbox 232 3719 1813 3791">
    <p class='ocr_par' dir='ltr' id='par_1_55' title="bbox 232 3719 1813 3791">
     <span class='ocr_line' id='line_1_55' title="bbox 232 3719 1813 3791; baseline -0.003 -14"><span class='ocrx_word' id='word_1_448' title='bbox 232 3727 325 3778; x_wconf 77' lang='grc' dir='ltr'><strong>καὶ</strong></span> <span class='ocrx_word' id='word_1_449' title='bbox 356 3725 408 3776; x_wconf 77' lang='grc' dir='ltr'><strong>οἱ</strong></span> <span class='ocrx_word' id='word_1_450' title='bbox 435 3723 657 3791; x_wconf 75' lang='grc' dir='ltr'>ἀδελφοὶ</span> <span class='ocrx_word' id='word_1_451' title='bbox 686 3720 871 3786; x_wconf 80' lang='grc' dir='ltr'>αὐτοῦ,</span> <span class='ocrx_word' id='word_1_452' title='bbox 901 3723 978 3785; x_wconf 83' lang='grc' dir='ltr'><strong>ὡς</strong></span> <span class='ocrx_word' id='word_1_453' title='bbox 1011 3723 1058 3775; x_wconf 72' lang='grc' dir='ltr'><strong>οἱ</strong></span> <span class='ocrx_word' id='word_1_454' title='bbox 1083 3719 1178 3773; x_wconf 82' lang='grc' dir='ltr'><strong>τοῦ</strong></span> <span class='ocrx_word' id='word_1_455' title='bbox 1210 3719 1434 3775; x_wconf 78' lang='grc' dir='ltr'>Χαναὰν</span> <span class='ocrx_word' id='word_1_456' title='bbox 1459 3720 1674 3790; x_wconf 77' lang='grc' dir='ltr'><strong>άδελιρο)⁸</strong></span> <span class='ocrx_word' id='word_1_457' title='bbox 1694 3720 1813 3773; x_wconf 80' lang='grc' dir='ltr'><strong>δοῦ-</strong></span> 
     </span>
    </p>
   </div>
   <div class='ocr_carea' id='block_1_56' title="bbox 231 3805 1812 3885">
    <p class='ocr_par' dir='ltr' id='par_1_56' title="bbox 231 3805 1812 3885">
     <span class='ocr_line' id='line_1_56' title="bbox 231 3805 1812 3885; baseline -0.002 -18"><span class='ocrx_word' id='word_1_458' title='bbox 231 3817 308 3869; x_wconf 77' lang='grc' dir='ltr'><strong>λοι</strong></span> <span class='ocrx_word' id='word_1_459' title='bbox 341 3817 594 3883; x_wconf 80' lang='grc' dir='ltr'>ἐγένοντο</span> <span class='ocrx_word' id='word_1_460' title='bbox 620 3815 760 3868; x_wconf 83' lang='grc' dir='ltr'>κατὰ</span> <span class='ocrx_word' id='word_1_461' title='bbox 784 3812 880 3885; x_wconf 76' lang='grc' dir='ltr'>τὴν</span> <span class='ocrx_word' id='word_1_462' title='bbox 905 3812 1154 3884; x_wconf 81' lang='grc' dir='ltr'>κατάραν</span> <span class='ocrx_word' id='word_1_463' title='bbox 1174 3852 1191 3882; x_wconf 82' lang='grc'><strong>,</strong></span> <span class='ocrx_word' id='word_1_464' title='bbox 1213 3805 1288 3867; x_wconf 81' lang='grc' dir='ltr'><strong>ὧν</strong></span> <span class='ocrx_word' id='word_1_465' title='bbox 1317 3811 1500 3877; x_wconf 83' lang='grc' dir='ltr'>δοῦλος</span> <span class='ocrx_word' id='word_1_466' title='bbox 1525 3811 1812 3882; x_wconf 84' lang='grc' dir='ltr'>ἀπεφάνθη</span> 
     </span>
    </p>
   </div>
   <div class='ocr_carea' id='block_1_57' title="bbox 231 3907 476 3962">
    <p class='ocr_par' dir='ltr' id='par_1_57' title="bbox 231 3907 476 3962">
     <span class='ocr_line' id='line_1_57' title="bbox 231 3907 476 3962; baseline 0.008 -2"><span class='ocrx_word' id='word_1_467' title='bbox 231 3907 476 3962; x_wconf 81' lang='grc' dir='ltr'>Χαναάν.</span> 
     </span>
    </p>
   </div>
   <div class='ocr_carea' id='block_1_58' title="bbox 840 4103 1216 4158">
    <p class='ocr_par' dir='ltr' id='par_1_58' title="bbox 840 4103 1216 4158">
     <span class='ocr_line' id='line_1_58' title="bbox 840 4103 1216 4158; baseline 0.005 -2"><span class='ocrx_word' id='word_1_468' title='bbox 840 4103 1036 4156; x_wconf 85' lang='grc' dir='ltr'><strong>ΕΡΩΤ.</strong></span> <span class='ocrx_word' id='word_1_469' title='bbox 1080 4103 1216 4158; x_wconf 82' lang='lat' dir='ltr'><strong>NH&#39;.</strong></span> 
     </span>
    </p>
   </div>
   <div class='ocr_carea' id='block_1_59' title="bbox 1898 1899 3476 1974">
    <p class='ocr_par' dir='ltr' id='par_1_59' title="bbox 1898 1899 3476 1974">
     <span class='ocr_line' id='line_1_59' title="bbox 1898 1899 3476 1974; baseline 0.007 -23"><span class='ocrx_word' id='word_1_470' title='bbox 1898 1899 2176 1964; x_wconf 87' lang='lat' dir='ltr'><strong>accedere,</strong></span> <span class='ocrx_word' id='word_1_471' title='bbox 2213 1901 2306 1954; x_wconf 88' lang='lat' dir='ltr'><strong>sed</strong></span> <span class='ocrx_word' id='word_1_472' title='bbox 2338 1901 2629 1972; x_wconf 89' lang='lat' dir='ltr'><strong>ohjurgare</strong></span> <span class='ocrx_word' id='word_1_473' title='bbox 2659 1920 2783 1957; x_wconf 86' lang='lat' dir='ltr'><strong>eum</strong></span> <span class='ocrx_word' id='word_1_474' title='bbox 2817 1905 2906 1974; x_wconf 91' lang='lat' dir='ltr'><strong>qui</strong></span> <span class='ocrx_word' id='word_1_475' title='bbox 2935 1907 3144 1973; x_wconf 86' lang='lat' dir='ltr'><strong>primus</strong></span> <span class='ocrx_word' id='word_1_476' title='bbox 3173 1908 3398 1972; x_wconf 84' lang='lat' dir='ltr'><strong>viderat,</strong></span> <span class='ocrx_word' id='word_1_477' title='bbox 3423 1923 3476 1964; x_wconf 85' lang='lat' dir='ltr'><strong>et</strong></span> 
     </span>
    </p>
   </div>
   <div class='ocr_carea' id='block_1_60' title="bbox 1900 1987 3476 2061">
    <p class='ocr_par' dir='ltr' id='par_1_60' title="bbox 1900 1987 3476 2061">
     <span class='ocr_line' id='line_1_60' title="bbox 1900 1987 3476 2061; baseline 0.007 -21"><span class='ocrx_word' id='word_1_478' title='bbox 1900 1987 2199 2052; x_wconf 90' lang='lat' dir='ltr'><strong>illudebat;</strong></span> <span class='ocrx_word' id='word_1_479' title='bbox 2239 1989 2353 2058; x_wconf 89' lang='lat' dir='ltr'><strong>ipse</strong></span> <span class='ocrx_word' id='word_1_480' title='bbox 2399 2005 2618 2060; x_wconf 87' lang='lat' dir='ltr'><strong>quoque</strong></span> <span class='ocrx_word' id='word_1_481' title='bbox 2666 2008 2984 2061; x_wconf 87' lang='lat' dir='ltr'><strong>persuasus,</strong></span> <span class='ocrx_word' id='word_1_482' title='bbox 3029 2005 3082 2048; x_wconf 89' lang='lat' dir='ltr'><strong>et</strong></span> <span class='ocrx_word' id='word_1_483' title='bbox 3133 1999 3381 2060; x_wconf 86' lang='lat' dir='ltr'><strong>accessit,</strong></span> <span class='ocrx_word' id='word_1_484' title='bbox 3421 2007 3476 2051; x_wconf 89' lang='lat' dir='ltr'><strong>et</strong></span> 
     </span>
    </p>
   </div>
   <div class='ocr_carea' id='block_1_61' title="bbox 1901 2078 3477 2148">
    <p class='ocr_par' dir='ltr' id='par_1_61' title="bbox 1901 2078 3477 2148">
     <span class='ocr_line' id='line_1_61' title="bbox 1901 2078 3477 2148; baseline 0.006 -17"><span class='ocrx_word' id='word_1_485' title='bbox 1901 2078 2056 2144; x_wconf 88' lang='lat' dir='ltr'><strong>vidit,</strong></span> <span class='ocrx_word' id='word_1_486' title='bbox 2094 2078 2462 2148; x_wconf 86' lang='lat' dir='ltr'><strong>fratribusque</strong></span> <span class='ocrx_word' id='word_1_487' title='bbox 2492 2084 2848 2136; x_wconf 81' lang='lat' dir='ltr'><strong>renuntiavit.</strong></span> <span class='ocrx_word' id='word_1_488' title='bbox 2883 2083 2984 2138; x_wconf 87' lang='lat' dir='ltr'><strong>Sed</strong></span> <span class='ocrx_word' id='word_1_489' title='bbox 3024 2085 3137 2138; x_wconf 65' lang='lat' dir='ltr'><strong>haec</strong></span> <span class='ocrx_word' id='word_1_490' title='bbox 3161 2088 3477 2141; x_wconf 82' lang='lat' dir='ltr'><strong>viderentur</strong></span> 
     </span>
    </p>
   </div>
   <div class='ocr_carea' id='block_1_62' title="bbox 1899 2169 3474 2242">
    <p class='ocr_par' dir='ltr' id='par_1_62' title="bbox 1899 2169 3474 2242">
     <span class='ocr_line' id='line_1_62' title="bbox 1899 2169 3474 2242; baseline 0.005 -20"><span class='ocrx_word' id='word_1_491' title='bbox 1899 2184 2021 2224; x_wconf 89' lang='lat' dir='ltr'><strong>esse</strong></span> <span class='ocrx_word' id='word_1_492' title='bbox 2074 2169 2345 2232; x_wconf 87' lang='lat' dir='ltr'><strong>fabulosa,</strong></span> <span class='ocrx_word' id='word_1_493' title='bbox 2383 2171 2487 2224; x_wconf 92' lang='lat' dir='ltr'><strong>nisi</strong></span> <span class='ocrx_word' id='word_1_494' title='bbox 2523 2173 2628 2226; x_wconf 87' lang='lat' dir='ltr'><strong>hoc</strong></span> <span class='ocrx_word' id='word_1_495' title='bbox 2671 2175 2814 2241; x_wconf 89' lang='lat' dir='ltr'><strong>quod</strong></span> <span class='ocrx_word' id='word_1_496' title='bbox 2852 2175 3098 2242; x_wconf 78' lang='lat' dir='ltr'><strong>sequitur</strong></span> <span class='ocrx_word' id='word_1_497' title='bbox 3129 2177 3474 2230; x_wconf 84' lang='lat' dir='ltr'><strong>demonstra-</strong></span> 
     </span>
    </p>
   </div>
   <div class='ocr_carea' id='block_1_63' title="bbox 1901 2261 3476 2323">
    <p class='ocr_par' dir='ltr' id='par_1_63' title="bbox 1901 2261 3476 2323">
     <span class='ocr_line' id='line_1_63' title="bbox 1901 2261 3476 2323; baseline 0.006 -9"><span class='ocrx_word' id='word_1_498' title='bbox 1901 2261 2068 2316; x_wconf 91' lang='lat' dir='ltr'><strong>tionis</strong></span> <span class='ocrx_word' id='word_1_499' title='bbox 2116 2262 2225 2314; x_wconf 92' lang='lat' dir='ltr'><strong>vim</strong></span> <span class='ocrx_word' id='word_1_500' title='bbox 2266 2263 2533 2316; x_wconf 87' lang='lat' dir='ltr'><strong>haberet:</strong></span> <span class='ocrx_word' id='word_1_501' title='bbox 2579 2282 2595 2313; x_wconf 82' lang='grc' dir='ltr'><strong>ι</strong></span> <span class='ocrx_word' id='word_1_502' title='bbox 2630 2263 2693 2316; x_wconf 83' lang='grc' dir='ltr'>Ει</span> <span class='ocrx_word' id='word_1_503' title='bbox 2740 2266 3035 2318; x_wconf 83' lang='lat' dir='ltr'><strong>suscitatus</strong></span> <span class='ocrx_word' id='word_1_504' title='bbox 3084 2275 3164 2319; x_wconf 89' lang='lat' dir='ltr'><strong>est</strong></span> <span class='ocrx_word' id='word_1_505' title='bbox 3206 2284 3234 2319; x_wconf 90' lang='lat' dir='ltr'><strong>a</strong></span> <span class='ocrx_word' id='word_1_506' title='bbox 3283 2282 3476 2323; x_wconf 89' lang='lat' dir='ltr'><strong>somno</strong></span> 
     </span>
    </p>
   </div>
   <div class='ocr_carea' id='block_1_64' title="bbox 1901 2349 3476 2421">
    <p class='ocr_par' dir='ltr' id='par_1_64' title="bbox 1901 2349 3476 2421">
     <span class='ocr_line' id='line_1_64' title="bbox 1901 2349 3476 2421; baseline 0.005 -18"><span class='ocrx_word' id='word_1_507' title='bbox 1901 2365 2023 2414; x_wconf 89' lang='lat' dir='ltr'><strong>suo,</strong></span> <span class='ocrx_word' id='word_1_508' title='bbox 2056 2349 2254 2418; x_wconf 87' lang='lat' dir='ltr'><strong>inquit,</strong></span> <span class='ocrx_word' id='word_1_509' title='bbox 2284 2360 2336 2404; x_wconf 91' lang='lat' dir='ltr'><strong>et</strong></span> <span class='ocrx_word' id='word_1_510' title='bbox 2364 2351 2618 2420; x_wconf 80' lang='lat' dir='ltr'><strong>cognovit</strong></span> <span class='ocrx_word' id='word_1_511' title='bbox 2649 2367 2989 2421; x_wconf 84' lang='lat' dir='ltr'><strong>quaecunque</strong></span> <span class='ocrx_word' id='word_1_512' title='bbox 3020 2353 3221 2407; x_wconf 78' lang='lat' dir='ltr'><strong>fecerat</strong></span> <span class='ocrx_word' id='word_1_513' title='bbox 3250 2357 3299 2408; x_wconf 90' lang='lat' dir='ltr'><strong>ei</strong></span> <span class='ocrx_word' id='word_1_514' title='bbox 3332 2356 3476 2411; x_wconf 83' lang='lat' dir='ltr'><strong>filius</strong></span> 
     </span>
    </p>
   </div>
   <div class='ocr_carea' id='block_1_65' title="bbox 1903 2443 3476 2514">
    <p class='ocr_par' dir='ltr' id='par_1_65' title="bbox 1903 2443 3476 2514">
     <span class='ocr_line' id='line_1_65' title="bbox 1903 2443 3476 2514; baseline 0.004 -20"><span class='ocrx_word' id='word_1_515' title='bbox 1903 2457 2035 2495; x_wconf 92' lang='lat' dir='ltr'><strong>suus</strong></span> <span class='ocrx_word' id='word_1_516' title='bbox 2065 2443 2254 2511; x_wconf 87' lang='lat' dir='ltr'><strong>junior</strong></span> <span class='ocrx_word' id='word_1_517' title='bbox 2282 2455 2330 2496; x_wconf 76' lang='grc' dir='ltr'>α.</span> <span class='ocrx_word' id='word_1_518' title='bbox 2373 2462 2390 2493; x_wconf 85' lang='grc'>›</span> <span class='ocrx_word' id='word_1_519' title='bbox 2430 2443 2600 2497; x_wconf 88' lang='lat' dir='ltr'><strong>Cham</strong></span> <span class='ocrx_word' id='word_1_520' title='bbox 2640 2456 2819 2497; x_wconf 84' lang='lat' dir='ltr'><strong>autem</strong></span> <span class='ocrx_word' id='word_1_521' title='bbox 2871 2460 2978 2498; x_wconf 93' lang='lat' dir='ltr'><strong>non</strong></span> <span class='ocrx_word' id='word_1_522' title='bbox 3019 2454 3137 2498; x_wconf 89' lang='lat' dir='ltr'><strong>erat</strong></span> <span class='ocrx_word' id='word_1_523' title='bbox 3165 2445 3284 2514; x_wconf 84' lang='lat' dir='ltr'><strong>ejus</strong></span> <span class='ocrx_word' id='word_1_524' title='bbox 3331 2448 3476 2502; x_wconf 84' lang='lat' dir='ltr'><strong>[ilius</strong></span> 
     </span>
    </p>
   </div>
   <div class='ocr_carea' id='block_1_66' title="bbox 1898 2532 3474 2606">
    <p class='ocr_par' dir='ltr' id='par_1_66' title="bbox 1898 2532 3474 2606">
     <span class='ocr_line' id='line_1_66' title="bbox 1898 2532 3474 2606; baseline 0.006 -23"><span class='ocrx_word' id='word_1_525' title='bbox 1898 2532 2106 2601; x_wconf 90' lang='lat' dir='ltr'><strong>junior,</strong></span> <span class='ocrx_word' id='word_1_526' title='bbox 2155 2534 2245 2587; x_wconf 83' lang='lat' dir='ltr'><strong>sed</strong></span> <span class='ocrx_word' id='word_1_527' title='bbox 2290 2535 2752 2588; x_wconf 73' lang='lat' dir='ltr'><strong>seculitltis.cS-Iii</strong></span> <span class='ocrx_word' id='word_1_528' title='bbox 2785 2537 2953 2595; x_wconf 84' lang='lat' dir='ltr'><strong>enim,</strong></span> <span class='ocrx_word' id='word_1_529' title='bbox 2979 2537 3176 2606; x_wconf 86' lang='lat' dir='ltr'><strong>inquit,</strong></span> <span class='ocrx_word' id='word_1_530' title='bbox 3207 2550 3258 2592; x_wconf 87' lang='lat' dir='ltr'><strong>et</strong></span> <span class='ocrx_word' id='word_1_531' title='bbox 3280 2538 3474 2606; x_wconf 89' lang='lat' dir='ltr'><strong>Cham,</strong></span> 
     </span>
    </p>
   </div>
   <div class='ocr_carea' id='block_1_67' title="bbox 1903 2623 3478 2693">
    <p class='ocr_par' dir='ltr' id='par_1_67' title="bbox 1903 2623 3478 2693">
     <span class='ocr_line' id='line_1_67' title="bbox 1903 2623 3478 2693; baseline 0.006 -16"><span class='ocrx_word' id='word_1_532' title='bbox 1903 2634 1955 2677; x_wconf 91' lang='lat' dir='ltr'><strong>et</strong></span> <span class='ocrx_word' id='word_1_533' title='bbox 1983 2623 2176 2693; x_wconf 86' lang='lat' dir='ltr'><strong>Japhet</strong></span> <span class='ocrx_word' id='word_1_534' title='bbox 2198 2626 2247 2678; x_wconf 72' lang='grc' dir='ltr'><strong>ι).</strong></span> <span class='ocrx_word' id='word_1_535' title='bbox 2284 2645 2302 2677; x_wconf 67' lang='grc' dir='ltr'><strong>ι</strong></span> <span class='ocrx_word' id='word_1_536' title='bbox 2331 2625 2483 2690; x_wconf 84' lang='lat' dir='ltr'><strong>Quod</strong></span> <span class='ocrx_word' id='word_1_537' title='bbox 2517 2626 2560 2678; x_wconf 82' lang='lat' dir='ltr'><strong>si</strong></span> <span class='ocrx_word' id='word_1_538' title='bbox 2597 2627 2761 2679; x_wconf 90' lang='lat' dir='ltr'><strong>lilium</strong></span> <span class='ocrx_word' id='word_1_539' title='bbox 2790 2629 3072 2682; x_wconf 91' lang='lat' dir='ltr'><strong>minimum</strong></span> <span class='ocrx_word' id='word_1_540' title='bbox 3100 2631 3478 2687; x_wconf 88' lang='lat' dir='ltr'><strong>demonstrare</strong></span> 
     </span>
    </p>
   </div>
   <div class='ocr_carea' id='block_1_68' title="bbox 1906 2715 3477 2785">
    <p class='ocr_par' dir='ltr' id='par_1_68' title="bbox 1906 2715 3477 2785">
     <span class='ocr_line' id='line_1_68' title="bbox 1906 2715 3477 2785; baseline 0.003 -17"><span class='ocrx_word' id='word_1_541' title='bbox 1906 2717 2137 2778; x_wconf 87' lang='lat' dir='ltr'><strong>volebat,</strong></span> <span class='ocrx_word' id='word_1_542' title='bbox 2168 2715 2365 2785; x_wconf 75' lang='lat' dir='ltr'><strong>Japhet</strong></span> <span class='ocrx_word' id='word_1_543' title='bbox 2395 2717 2750 2772; x_wconf 80' lang='lat' dir='ltr'><strong>nominasset.</strong></span> <span class='ocrx_word' id='word_1_544' title='bbox 2787 2717 3056 2784; x_wconf 87' lang='lat' dir='ltr'><strong>Quoniam</strong></span> <span class='ocrx_word' id='word_1_545' title='bbox 3100 2736 3228 2773; x_wconf 90' lang='lat' dir='ltr'><strong>vero</strong></span> <span class='ocrx_word' id='word_1_546' title='bbox 3257 2722 3342 2773; x_wconf 87' lang='lat' dir='ltr'><strong>avi</strong></span> <span class='ocrx_word' id='word_1_547' title='bbox 3381 2734 3477 2775; x_wconf 79' lang='lat' dir='ltr'><strong>ne-</strong></span> 
     </span>
    </p>
   </div>
   <div class='ocr_carea' id='block_1_69' title="bbox 1906 2809 3478 2878">
    <p class='ocr_par' dir='ltr' id='par_1_69' title="bbox 1906 2809 3478 2878">
     <span class='ocr_line' id='line_1_69' title="bbox 1906 2809 3478 2878; baseline 0.003 -17"><span class='ocrx_word' id='word_1_548' title='bbox 1906 2819 2077 2876; x_wconf 84' lang='lat' dir='ltr'><strong>potes,</strong></span> <span class='ocrx_word' id='word_1_549' title='bbox 2111 2821 2175 2859; x_wconf 89' lang='lat' dir='ltr'><strong>ac</strong></span> <span class='ocrx_word' id='word_1_550' title='bbox 2204 2822 2299 2860; x_wconf 90' lang='lat' dir='ltr'><strong>eos</strong></span> <span class='ocrx_word' id='word_1_551' title='bbox 2328 2809 2490 2860; x_wconf 87' lang='lat' dir='ltr'><strong>etiam</strong></span> <span class='ocrx_word' id='word_1_552' title='bbox 2527 2809 2618 2876; x_wconf 92' lang='lat' dir='ltr'><strong>qui</strong></span> <span class='ocrx_word' id='word_1_553' title='bbox 2652 2809 2718 2862; x_wconf 89' lang='lat' dir='ltr'><strong>ab</strong></span> <span class='ocrx_word' id='word_1_554' title='bbox 2760 2809 2844 2861; x_wconf 91' lang='lat' dir='ltr'><strong>his</strong></span> <span class='ocrx_word' id='word_1_555' title='bbox 2881 2811 3034 2878; x_wconf 88' lang='lat' dir='ltr'><strong>longa</strong></span> <span class='ocrx_word' id='word_1_556' title='bbox 3067 2811 3207 2864; x_wconf 90' lang='lat' dir='ltr'><strong>serie</strong></span> <span class='ocrx_word' id='word_1_557' title='bbox 3238 2826 3478 2865; x_wconf 89' lang='lat' dir='ltr'><strong>nascun-</strong></span> 
     </span>
    </p>
   </div>
   <div class='ocr_carea' id='block_1_70' title="bbox 1908 2899 3480 2972">
    <p class='ocr_par' dir='ltr' id='par_1_70' title="bbox 1908 2899 3480 2972">
     <span class='ocr_line' id='line_1_70' title="bbox 1908 2899 3480 2972; baseline 0.003 -18"><span class='ocrx_word' id='word_1_558' title='bbox 1908 2909 2014 2963; x_wconf 89' lang='lat' dir='ltr'><strong>tur,</strong></span> <span class='ocrx_word' id='word_1_559' title='bbox 2058 2899 2233 2954; x_wconf 88' lang='lat' dir='ltr'><strong>solent</strong></span> <span class='ocrx_word' id='word_1_560' title='bbox 2277 2899 2416 2954; x_wconf 86' lang='lat' dir='ltr'><strong>lilios</strong></span> <span class='ocrx_word' id='word_1_561' title='bbox 2455 2903 2746 2969; x_wconf 82' lang='lat' dir='ltr'><strong>appellare,</strong></span> <span class='ocrx_word' id='word_1_562' title='bbox 2778 2901 3035 2955; x_wconf 87' lang='lat' dir='ltr'><strong>Chanaan</strong></span> <span class='ocrx_word' id='word_1_563' title='bbox 3076 2914 3331 2972; x_wconf 89' lang='lat' dir='ltr'><strong>nepotum</strong></span> <span class='ocrx_word' id='word_1_564' title='bbox 3373 2905 3480 2958; x_wconf 75' lang='lat' dir='ltr'><strong>mi-</strong></span> 
     </span>
    </p>
   </div>
   <div class='ocr_carea' id='block_1_71' title="bbox 1907 2989 3482 3060">
    <p class='ocr_par' dir='ltr' id='par_1_71' title="bbox 1907 2989 3482 3060">
     <span class='ocr_line' id='line_1_71' title="bbox 1907 2989 3482 3060; baseline 0.004 -17"><span class='ocrx_word' id='word_1_565' title='bbox 1907 2990 2116 3044; x_wconf 88' lang='lat' dir='ltr'><strong>nimum</strong></span> <span class='ocrx_word' id='word_1_566' title='bbox 2151 2990 2282 3043; x_wconf 88' lang='lat' dir='ltr'><strong>dicit</strong></span> <span class='ocrx_word' id='word_1_567' title='bbox 2314 2989 2601 3058; x_wconf 83' lang='lat' dir='ltr'><strong>Scriptura</strong></span> <span class='ocrx_word' id='word_1_568' title='bbox 2635 2993 2910 3060; x_wconf 88' lang='lat' dir='ltr'><strong>cognitum</strong></span> <span class='ocrx_word' id='word_1_569' title='bbox 2935 2991 3102 3045; x_wconf 88' lang='lat' dir='ltr'><strong>fuisse</strong></span> <span class='ocrx_word' id='word_1_570' title='bbox 3137 3010 3164 3045; x_wconf 90' lang='lat' dir='ltr'><strong>a</strong></span> <span class='ocrx_word' id='word_1_571' title='bbox 3193 2992 3325 3059; x_wconf 87' lang='lat' dir='ltr'><strong>Noe,</strong></span> <span class='ocrx_word' id='word_1_572' title='bbox 3363 3010 3482 3049; x_wconf 86' lang='lat' dir='ltr'><strong>sce-</strong></span> 
     </span>
    </p>
   </div>
   <div class='ocr_carea' id='block_1_72' title="bbox 1909 3081 3482 3152">
    <p class='ocr_par' dir='ltr' id='par_1_72' title="bbox 1909 3081 3482 3152">
     <span class='ocr_line' id='line_1_72' title="bbox 1909 3081 3482 3152; baseline 0.004 -18"><span class='ocrx_word' id='word_1_573' title='bbox 1909 3081 2036 3135; x_wconf 90' lang='lat' dir='ltr'><strong>leris</strong></span> <span class='ocrx_word' id='word_1_574' title='bbox 2072 3081 2234 3149; x_wconf 91' lang='lat' dir='ltr'><strong>hujus</strong></span> <span class='ocrx_word' id='word_1_575' title='bbox 2269 3091 2546 3133; x_wconf 88' lang='lat' dir='ltr'><strong>anclorem</strong></span> <span class='ocrx_word' id='word_1_576' title='bbox 2585 3083 2877 3136; x_wconf 82' lang='lat' dir='ltr'><strong>exstitisse.</strong></span> <span class='ocrx_word' id='word_1_577' title='bbox 2910 3082 2975 3136; x_wconf 86' lang='lat' dir='ltr'><strong>Et</strong></span> <span class='ocrx_word' id='word_1_578' title='bbox 3011 3084 3156 3152; x_wconf 88' lang='lat' dir='ltr'><strong>quod</strong></span> <span class='ocrx_word' id='word_1_579' title='bbox 3189 3084 3292 3138; x_wconf 89' lang='lat' dir='ltr'><strong>hoc</strong></span> <span class='ocrx_word' id='word_1_580' title='bbox 3319 3086 3390 3140; x_wconf 88' lang='lat' dir='ltr'><strong>ita</strong></span> <span class='ocrx_word' id='word_1_581' title='bbox 3422 3101 3482 3142; x_wconf 86' lang='lat' dir='ltr'><strong>se</strong></span> 
     </span>
    </p>
   </div>
   <div class='ocr_carea' id='block_1_73' title="bbox 1911 3166 3480 3238">
    <p class='ocr_par' dir='ltr' id='par_1_73' title="bbox 1911 3166 3480 3238">
     <span class='ocr_line' id='line_1_73' title="bbox 1911 3166 3480 3238; baseline 0.008 -19"><span class='ocrx_word' id='word_1_582' title='bbox 1911 3166 2123 3230; x_wconf 89' lang='lat' dir='ltr'><strong>habeat,</strong></span> <span class='ocrx_word' id='word_1_583' title='bbox 2181 3168 2461 3238; x_wconf 85' lang='lat' dir='ltr'><strong>subjungit</strong></span> <span class='ocrx_word' id='word_1_584' title='bbox 2514 3170 2694 3223; x_wconf 87' lang='lat' dir='ltr'><strong>statim</strong></span> <span class='ocrx_word' id='word_1_585' title='bbox 2751 3171 2966 3225; x_wconf 89' lang='lat' dir='ltr'><strong>divinus</strong></span> <span class='ocrx_word' id='word_1_586' title='bbox 3015 3170 3230 3238; x_wconf 87' lang='lat' dir='ltr'><strong>Sermo,</strong></span> <span class='ocrx_word' id='word_1_587' title='bbox 3261 3183 3315 3227; x_wconf 90' lang='lat' dir='ltr'><strong>et</strong></span> <span class='ocrx_word' id='word_1_588' title='bbox 3359 3176 3480 3232; x_wconf 90' lang='lat' dir='ltr'><strong>ait:</strong></span> 
     </span>
    </p>
   </div>
   <div class='ocr_carea' id='block_1_74' title="bbox 1916 3261 3484 3327">
    <p class='ocr_par' dir='ltr' id='par_1_74' title="bbox 1916 3261 3484 3327">
     <span class='ocr_line' id='line_1_74' title="bbox 1916 3261 3484 3327; baseline 0.008 -16"><span class='ocrx_word' id='word_1_589' title='bbox 1916 3278 1934 3311; x_wconf 78' lang='grc' dir='ltr'><strong>ι</strong></span> <span class='ocrx_word' id='word_1_590' title='bbox 1982 3261 2294 3317; x_wconf 84' lang='lat' dir='ltr'><strong>Maledictus</strong></span> <span class='ocrx_word' id='word_1_591' title='bbox 2342 3262 2623 3327; x_wconf 84' lang='lat' dir='ltr'><strong>Chanaan,</strong></span> <span class='ocrx_word' id='word_1_592' title='bbox 2665 3281 2856 3320; x_wconf 86' lang='lat' dir='ltr'><strong>servus</strong></span> <span class='ocrx_word' id='word_1_593' title='bbox 2895 3281 3180 3321; x_wconf 88' lang='lat' dir='ltr'><strong>servorum</strong></span> <span class='ocrx_word' id='word_1_594' title='bbox 3231 3269 3333 3323; x_wconf 88' lang='lat' dir='ltr'><strong>erit</strong></span> <span class='ocrx_word' id='word_1_595' title='bbox 3373 3268 3484 3323; x_wconf 85' lang='lat' dir='ltr'><strong>fra-</strong></span> 
     </span>
    </p>
   </div>
   <div class='ocr_carea' id='block_1_75' title="bbox 1910 3354 3483 3431">
    <p class='ocr_par' dir='ltr' id='par_1_75' title="bbox 1910 3354 3483 3431">
     <span class='ocr_line' id='line_1_75' title="bbox 1910 3354 3483 3431; baseline 0.006 -23"><span class='ocrx_word' id='word_1_596' title='bbox 1910 3354 2083 3408; x_wconf 87' lang='lat' dir='ltr'><strong>tribus</strong></span> <span class='ocrx_word' id='word_1_597' title='bbox 2115 3356 2227 3408; x_wconf 90' lang='lat' dir='ltr'><strong>suis</strong></span> <span class='ocrx_word' id='word_1_598' title='bbox 2255 3366 2301 3409; x_wconf 78' lang='lat'><strong>¢.</strong></span> <span class='ocrx_word' id='word_1_599' title='bbox 2342 3375 2360 3406; x_wconf 73' lang='grc' dir='ltr'><strong>ι</strong></span> <span class='ocrx_word' id='word_1_600' title='bbox 2399 3356 2554 3422; x_wconf 90' lang='lat' dir='ltr'><strong>Quod</strong></span> <span class='ocrx_word' id='word_1_601' title='bbox 2587 3357 2631 3412; x_wconf 89' lang='lat' dir='ltr'><strong>si</strong></span> <span class='ocrx_word' id='word_1_602' title='bbox 2662 3359 2786 3428; x_wconf 87' lang='lat' dir='ltr'><strong>quis</strong></span> <span class='ocrx_word' id='word_1_603' title='bbox 2831 3361 3079 3424; x_wconf 86' lang='lat' dir='ltr'><strong>miretur,</strong></span> <span class='ocrx_word' id='word_1_604' title='bbox 3126 3363 3483 3431; x_wconf 87' lang='lat' dir='ltr'><strong>quamobrem</strong></span> 
     </span>
    </p>
   </div>
   <div class='ocr_carea' id='block_1_76' title="bbox 1909 3443 3482 3519">
    <p class='ocr_par' dir='ltr' id='par_1_76' title="bbox 1909 3443 3482 3519">
     <span class='ocr_line' id='line_1_76' title="bbox 1909 3443 3482 3519; baseline 0.007 -21"><span class='ocrx_word' id='word_1_605' title='bbox 1909 3443 2102 3509; x_wconf 89' lang='lat' dir='ltr'><strong>Cham,</strong></span> <span class='ocrx_word' id='word_1_606' title='bbox 2135 3461 2257 3500; x_wconf 91' lang='lat' dir='ltr'><strong>cum</strong></span> <span class='ocrx_word' id='word_1_607' title='bbox 2287 3446 2400 3516; x_wconf 87' lang='lat' dir='ltr'><strong>ipse</strong></span> <span class='ocrx_word' id='word_1_608' title='bbox 2423 3464 2638 3518; x_wconf 89' lang='lat' dir='ltr'><strong>quoque</strong></span> <span class='ocrx_word' id='word_1_609' title='bbox 2667 3459 2810 3504; x_wconf 87' lang='lat' dir='ltr'><strong>esset</strong></span> <span class='ocrx_word' id='word_1_610' title='bbox 2835 3450 3054 3519; x_wconf 90' lang='lat' dir='ltr'><strong>impius,</strong></span> <span class='ocrx_word' id='word_1_611' title='bbox 3083 3453 3329 3506; x_wconf 89' lang='lat' dir='ltr'><strong>eamdem</strong></span> <span class='ocrx_word' id='word_1_612' title='bbox 3355 3468 3482 3509; x_wconf 90' lang='lat' dir='ltr'><strong>cum</strong></span> 
     </span>
    </p>
   </div>
   <div class='ocr_carea' id='block_1_77' title="bbox 1913 3533 3482 3613">
    <p class='ocr_par' dir='ltr' id='par_1_77' title="bbox 1913 3533 3482 3613">
     <span class='ocr_line' id='line_1_77' title="bbox 1913 3533 3482 3613; baseline 0.008 -26"><span class='ocrx_word' id='word_1_613' title='bbox 1913 3533 2024 3588; x_wconf 86' lang='lat' dir='ltr'><strong>ﬁlio</strong></span> <span class='ocrx_word' id='word_1_614' title='bbox 2074 3537 2508 3594; x_wconf 90' lang='lat' dir='ltr'><strong>maledictionem</strong></span> <span class='ocrx_word' id='word_1_615' title='bbox 2567 3556 2675 3594; x_wconf 92' lang='lat' dir='ltr'><strong>non</strong></span> <span class='ocrx_word' id='word_1_616' title='bbox 2736 3542 2805 3596; x_wconf 90' lang='lat' dir='ltr'><strong>sit</strong></span> <span class='ocrx_word' id='word_1_617' title='bbox 2854 3543 3102 3607; x_wconf 90' lang='lat' dir='ltr'><strong>sortitus,</strong></span> <span class='ocrx_word' id='word_1_618' title='bbox 3169 3553 3482 3613; x_wconf 83' lang='lat' dir='ltr'><strong>cognoscat,</strong></span> 
     </span>
    </p>
   </div>
   <div class='ocr_carea' id='block_1_78' title="bbox 1912 3626 3485 3695">
    <p class='ocr_par' dir='ltr' id='par_1_78' title="bbox 1912 3626 3485 3695">
     <span class='ocr_line' id='line_1_78' title="bbox 1912 3626 3485 3695; baseline 0.005 -15"><span class='ocrx_word' id='word_1_619' title='bbox 1912 3626 2055 3694; x_wconf 87' lang='lat' dir='ltr'><strong>quod</strong></span> <span class='ocrx_word' id='word_1_620' title='bbox 2097 3628 2142 3682; x_wconf 92' lang='lat' dir='ltr'><strong>si</strong></span> <span class='ocrx_word' id='word_1_621' title='bbox 2171 3630 2310 3683; x_wconf 92' lang='lat' dir='ltr'><strong>hanc</strong></span> <span class='ocrx_word' id='word_1_622' title='bbox 2343 3631 2570 3685; x_wconf 89' lang='lat' dir='ltr'><strong>sortitus</strong></span> <span class='ocrx_word' id='word_1_623' title='bbox 2601 3641 2764 3695; x_wconf 90' lang='lat' dir='ltr'><strong>esset,</strong></span> <span class='ocrx_word' id='word_1_624' title='bbox 2801 3634 3051 3688; x_wconf 85' lang='lat' dir='ltr'><strong>videlicet</strong></span> <span class='ocrx_word' id='word_1_625' title='bbox 3089 3651 3108 3684; x_wconf 77' lang='grc' dir='ltr'><strong>ι</strong></span> <span class='ocrx_word' id='word_1_626' title='bbox 3142 3650 3332 3690; x_wconf 89' lang='lat' dir='ltr'><strong>servus</strong></span> <span class='ocrx_word' id='word_1_627' title='bbox 3365 3651 3485 3690; x_wconf 83' lang='lat' dir='ltr'><strong>ser-</strong></span> 
     </span>
    </p>
   </div>
   <div class='ocr_carea' id='block_1_79' title="bbox 1913 3718 3486 3793">
    <p class='ocr_par' dir='ltr' id='par_1_79' title="bbox 1913 3718 3486 3793">
     <span class='ocr_line' id='line_1_79' title="bbox 1913 3718 3486 3793; baseline 0.009 -27"><span class='ocrx_word' id='word_1_628' title='bbox 1913 3729 2103 3768; x_wconf 89' lang='lat' dir='ltr'><strong>vorum</strong></span> <span class='ocrx_word' id='word_1_629' title='bbox 2152 3718 2276 3781; x_wconf 89' lang='lat' dir='ltr'><strong>erit,</strong></span> <span class='ocrx_word' id='word_1_630' title='bbox 2312 3737 2330 3770; x_wconf 77' lang='grc' dir='ltr'><strong>ι</strong></span> <span class='ocrx_word' id='word_1_631' title='bbox 2372 3721 2652 3776; x_wconf 90' lang='lat' dir='ltr'><strong>servitutis</strong></span> <span class='ocrx_word' id='word_1_632' title='bbox 2695 3723 2856 3776; x_wconf 89' lang='lat' dir='ltr'><strong>etiam</strong></span> <span class='ocrx_word' id='word_1_633' title='bbox 2909 3724 3198 3793; x_wconf 88' lang='lat' dir='ltr'><strong>participes</strong></span> <span class='ocrx_word' id='word_1_634' title='bbox 3249 3725 3486 3781; x_wconf 86' lang='lat' dir='ltr'><strong>fuissent</strong></span> 
     </span>
    </p>
   </div>
   <div class='ocr_carea' id='block_1_80' title="bbox 1915 3803 3488 3884">
    <p class='ocr_par' dir='ltr' id='par_1_80' title="bbox 1915 3803 3488 3884">
     <span class='ocr_line' id='line_1_80' title="bbox 1915 3803 3488 3884; baseline 0.008 -26"><span class='ocrx_word' id='word_1_635' title='bbox 1915 3803 2110 3860; x_wconf 83' lang='lat' dir='ltr'><strong>fratres</strong></span> <span class='ocrx_word' id='word_1_636' title='bbox 2158 3808 2297 3878; x_wconf 80' lang='lat' dir='ltr'><strong>ejus.</strong></span> <span class='ocrx_word' id='word_1_637' title='bbox 2341 3810 2476 3865; x_wconf 87' lang='lat' dir='ltr'><strong>Nam</strong></span> <span class='ocrx_word' id='word_1_638' title='bbox 2530 3827 2594 3867; x_wconf 81' lang='lat' dir='ltr'><strong>ex</strong></span> <span class='ocrx_word' id='word_1_639' title='bbox 2631 3815 3008 3868; x_wconf 88' lang='lat' dir='ltr'><strong>maledictione</strong></span> <span class='ocrx_word' id='word_1_640' title='bbox 3045 3815 3242 3869; x_wconf 84' lang='lat' dir='ltr'><strong>fratres</strong></span> <span class='ocrx_word' id='word_1_641' title='bbox 3270 3831 3488 3884; x_wconf 85' lang='lat' dir='ltr'><strong>quoque</strong></span> 
     </span>
    </p>
   </div>
   <div class='ocr_carea' id='block_1_81' title="bbox 1915 3896 3490 3975">
    <p class='ocr_par' dir='ltr' id='par_1_81' title="bbox 1915 3896 3490 3975">
     <span class='ocr_line' id='line_1_81' title="bbox 1915 3896 3490 3975; baseline 0.009 -25"><span class='ocrx_word' id='word_1_642' title='bbox 1915 3896 2173 3953; x_wconf 88' lang='lat' dir='ltr'><strong>Chanaan</strong></span> <span class='ocrx_word' id='word_1_643' title='bbox 2229 3901 2368 3954; x_wconf 92' lang='lat' dir='ltr'><strong>servi</strong></span> <span class='ocrx_word' id='word_1_644' title='bbox 2406 3903 2624 3957; x_wconf 89' lang='lat' dir='ltr'><strong>fuerunt</strong></span> <span class='ocrx_word' id='word_1_645' title='bbox 2665 3920 2875 3968; x_wconf 90' lang='lat' dir='ltr'><strong>eorum,</strong></span> <span class='ocrx_word' id='word_1_646' title='bbox 2912 3922 3142 3975; x_wconf 90' lang='lat' dir='ltr'><strong>quorum</strong></span> <span class='ocrx_word' id='word_1_647' title='bbox 3179 3921 3367 3963; x_wconf 87' lang='lat' dir='ltr'><strong>servus</strong></span> <span class='ocrx_word' id='word_1_648' title='bbox 3394 3908 3490 3963; x_wconf 85' lang='lat' dir='ltr'><strong>de-</strong></span> 
     </span>
    </p>
   </div>
   <div class='ocr_carea' id='block_1_82' title="bbox 1918 3988 2582 4064">
    <p class='ocr_par' dir='ltr' id='par_1_82' title="bbox 1918 3988 2582 4064">
     <span class='ocr_line' id='line_1_82' title="bbox 1918 3988 2582 4064; baseline 0.006 -22"><span class='ocrx_word' id='word_1_649' title='bbox 1918 3988 2152 4064; x_wconf 83' lang='lat' dir='ltr'><strong>claratus</strong></span> <span class='ocrx_word' id='word_1_650' title='bbox 2191 4001 2273 4047; x_wconf 91' lang='lat' dir='ltr'><strong>est</strong></span> <span class='ocrx_word' id='word_1_651' title='bbox 2305 3992 2582 4046; x_wconf 88' lang='lat' dir='ltr'><strong>Chanaan.</strong></span> 
     </span>
    </p>
   </div>
   <div class='ocr_carea' id='block_1_83' title="bbox 2376 4105 3028 4176">
    <p class='ocr_par' dir='ltr' id='par_1_83' title="bbox 2376 4105 3028 4176">
     <span class='ocr_line' id='line_1_83' title="bbox 2376 4105 3028 4176; baseline 0.008 -19"><span class='ocrx_word' id='word_1_652' title='bbox 2376 4107 2478 4176; x_wconf 82' lang='lat'><strong>71</strong></span> <span class='ocrx_word' id='word_1_653' title='bbox 2526 4105 2802 4159; x_wconf 75' lang='lat' dir='ltr'><strong>INTERR.</strong></span> <span class='ocrx_word' id='word_1_654' title='bbox 2849 4107 3028 4162; x_wconf 86' lang='lat' dir='ltr'><strong>Lvm.</strong></span> 
     </span>
    </p>
   </div>
   <div class='ocr_carea' id='block_1_84' title="bbox 243 4213 1819 4296">
    <p class='ocr_par' dir='ltr' id='par_1_84' title="bbox 243 4213 1818 4296">
     <span class='ocr_line' id='line_1_84' title="bbox 243 4213 1818 4296; baseline -0.002 -26"><span class='ocrx_word' id='word_1_655' title='bbox 243 4219 301 4270; x_wconf 82' lang='grc' dir='ltr'><strong><em>Τί</em></strong></span> <span class='ocrx_word' id='word_1_656' title='bbox 351 4215 582 4282; x_wconf 78' lang='grc' dir='ltr'>δήποτε</span> <span class='ocrx_word' id='word_1_657' title='bbox 628 4215 893 4296; x_wconf 40' lang='grc' dir='ltr'><strong>τοῦ.</strong></span> <span class='ocrx_word' id='word_1_658' title='bbox 940 4216 1312 4296; x_wconf 53' lang='grc' dir='ltr'>ἐπεςαικᾴτορ,</span> <span class='ocrx_word' id='word_1_659' title='bbox 1341 4216 1377 4270; x_wconf 84' lang='grc' dir='ltr'><em>ὁ</em></span> <span class='ocrx_word' id='word_1_660' title='bbox 1409 4213 1644 4268; x_wconf 79' lang='grc' dir='ltr'>ἐκείνου</span> <span class='ocrx_word' id='word_1_661' title='bbox 1677 4214 1818 4281; x_wconf 78' lang='grc' dir='ltr'>παῖς</span> 
     </span>
    </p>
   </div>
   <div class='ocr_carea' id='block_1_85' title="bbox 1907 4213 3488 4296">
    <p class='ocr_par' dir='ltr' id='par_1_85' title="bbox 1920 4221 3488 4296">
     <span class='ocr_line' id='line_1_85' title="bbox 1920 4221 3488 4296; baseline 0.003 -20"><span class='ocrx_word' id='word_1_662' title='bbox 1920 4222 2117 4288; x_wconf 84' lang='lat' dir='ltr'><strong>Quare,</strong></span> <span class='ocrx_word' id='word_1_663' title='bbox 2174 4236 2294 4274; x_wconf 86' lang='lat' dir='ltr'><strong>cum</strong></span> <span class='ocrx_word' id='word_1_664' title='bbox 2343 4221 2508 4278; x_wconf 85' lang='lat' dir='ltr'><strong>Cham</strong></span> <span class='ocrx_word' id='word_1_665' title='bbox 2563 4223 2893 4296; x_wconf 79' lang='lat' dir='ltr'><strong>deliquisset,</strong></span> <span class='ocrx_word' id='word_1_666' title='bbox 2936 4225 3080 4292; x_wconf 76' lang='lat' dir='ltr'><strong>ﬁlius</strong></span> <span class='ocrx_word' id='word_1_667' title='bbox 3117 4227 3229 4296; x_wconf 81' lang='lat' dir='ltr'><strong>ejus</strong></span> <span class='ocrx_word' id='word_1_668' title='bbox 3263 4226 3488 4280; x_wconf 79' lang='lat' dir='ltr'><strong>maledi-</strong></span> 
     </span>
    </p>
   </div>
   <div class='ocr_carea' id='block_1_86' title="bbox 727 4283 1333 4353">
    <p class='ocr_par' dir='ltr' id='par_1_86' title="bbox 727 4283 1333 4353">
     <span class='ocr_line' id='line_1_86' title="bbox 727 4283 1333 4353; baseline 0 -15"><span class='ocrx_word' id='word_1_669' title='bbox 727 4283 971 4350; x_wconf 76' lang='grc' dir='ltr'>ἐδέξατο</span> <span class='ocrx_word' id='word_1_670' title='bbox 1002 4283 1118 4353; x_wconf 80' lang='grc' dir='ltr'><strong>τὴν</strong></span> <span class='ocrx_word' id='word_1_671' title='bbox 1143 4284 1333 4353; x_wconf 78' lang='grc' dir='ltr'><strong>ἀρὰν;</strong></span> 
     </span>
    </p>
   </div>
   <div class='ocr_carea' id='block_1_87' title="bbox 311 4371 1818 4447">
    <p class='ocr_par' dir='ltr' id='par_1_87' title="bbox 311 4371 1818 4447">
     <span class='ocr_line' id='line_1_87' title="bbox 311 4371 1818 4447; baseline -0.002 -18"><span class='ocrx_word' id='word_1_672' title='bbox 311 4379 482 4447; x_wconf 77' lang='grc' dir='ltr'>Κοινῇ</span> <span class='ocrx_word' id='word_1_673' title='bbox 513 4375 717 4439; x_wconf 88' lang='grc' dir='ltr'>πάντες</span> <span class='ocrx_word' id='word_1_674' title='bbox 764 4375 902 4445; x_wconf 88' lang='grc' dir='ltr'><strong>μετά</strong></span> <span class='ocrx_word' id='word_1_675' title='bbox 925 4375 1023 4444; x_wconf 80' lang='grc' dir='ltr'><strong>τὴν</strong></span> <span class='ocrx_word' id='word_1_676' title='bbox 1058 4371 1154 4426; x_wconf 79' lang='grc' dir='ltr'><strong>τοῦ</strong></span> <span class='ocrx_word' id='word_1_677' title='bbox 1185 4371 1572 4444; x_wconf 80' lang='grc' dir='ltr'>κατακλυσμοῦ</span> <span class='ocrx_word' id='word_1_678' title='bbox 1604 4371 1818 4426; x_wconf 84' lang='grc' dir='ltr'>παῦλαν</span> 
     </span>
    </p>
   </div>
   <div class='ocr_carea' id='block_1_88' title="bbox 2447 4295 2968 4364">
    <p class='ocr_par' dir='ltr' id='par_1_88' title="bbox 2447 4295 2968 4364">
     <span class='ocr_line' id='line_1_88' title="bbox 2447 4295 2968 4364; baseline 0.008 -18"><span class='ocrx_word' id='word_1_679' title='bbox 2447 4295 2668 4347; x_wconf 82' lang='lat' dir='ltr'><strong>ctionem</strong></span> <span class='ocrx_word' id='word_1_680' title='bbox 2696 4295 2917 4364; x_wconf 78' lang='lat' dir='ltr'><strong>suscepit</strong></span> <span class='ocrx_word' id='word_1_681' title='bbox 2942 4298 2968 4350; x_wconf 72' lang='lat'><strong>.9</strong></span> 
     </span>
    </p>
   </div>
   <div class='ocr_carea' id='block_1_89' title="bbox 1989 4383 3490 4455">
    <p class='ocr_par' dir='ltr' id='par_1_89' title="bbox 1989 4383 3490 4455">
     <span class='ocr_line' id='line_1_89' title="bbox 1989 4383 3490 4455; baseline -0.001 -16"><span class='ocrx_word' id='word_1_682' title='bbox 1989 4383 2253 4440; x_wconf 88' lang='lat' dir='ltr'><strong>Cessante</strong></span> <span class='ocrx_word' id='word_1_683' title='bbox 2294 4385 2499 4440; x_wconf 87' lang='lat' dir='ltr'><strong>diluvio</strong></span> <span class='ocrx_word' id='word_1_684' title='bbox 2526 4401 2714 4441; x_wconf 82' lang='lat' dir='ltr'><strong>omnes</strong></span> <span class='ocrx_word' id='word_1_685' title='bbox 2745 4387 2946 4455; x_wconf 89' lang='lat' dir='ltr'><strong>pariter</strong></span> <span class='ocrx_word' id='word_1_686' title='bbox 2982 4385 3374 4442; x_wconf 84' lang='lat' dir='ltr'><strong>benedictionis</strong></span> <span class='ocrx_word' id='word_1_687' title='bbox 3412 4385 3490 4439; x_wconf 84' lang='lat' dir='ltr'><strong>di-</strong></span> 
     </span>
    </p>
   </div>
   <div class='ocr_carea' id='block_1_90' title="bbox 243 4464 1819 4542">
    <p class='ocr_par' dir='ltr' id='par_1_90' title="bbox 243 4464 1814 4538">
     <span class='ocr_line' id='line_1_90' title="bbox 243 4464 1814 4538; baseline -0.004 -15"><span class='ocrx_word' id='word_1_688' title='bbox 243 4471 339 4538; x_wconf 83' lang='grc' dir='ltr'><strong>τῆς</strong></span> <span class='ocrx_word' id='word_1_689' title='bbox 403 4469 554 4532; x_wconf 85' lang='grc' dir='ltr'>θείας</span> <span class='ocrx_word' id='word_1_690' title='bbox 618 4467 916 4538; x_wconf 83' lang='grc' dir='ltr'>μετέλαχον</span> <span class='ocrx_word' id='word_1_691' title='bbox 967 4466 1236 4535; x_wconf 82' lang='grc' dir='ltr'>εὐλογίας.</span> <span class='ocrx_word' id='word_1_692' title='bbox 1295 4464 1578 4534; x_wconf 82' lang='grc' dir='ltr'>Τολμηρὸν</span> <span class='ocrx_word' id='word_1_693' title='bbox 1634 4464 1814 4518; x_wconf 85' lang='grc' dir='ltr'>τοίνυν</span> 
     </span>
    </p>
   </div>
   <div class='ocr_carea' id='block_1_91' title="bbox 1907 4464 3490 4542">
    <p class='ocr_par' dir='ltr' id='par_1_91' title="bbox 1918 4471 3490 4542">
     <span class='ocr_line' id='line_1_91' title="bbox 1918 4471 3490 4542; baseline 0.001 -17"><span class='ocrx_word' id='word_1_694' title='bbox 1918 4471 2057 4526; x_wconf 65' lang='lat' dir='ltr'><strong>vina?</strong></span> <span class='ocrx_word' id='word_1_695' title='bbox 2095 4471 2385 4540; x_wconf 88' lang='lat' dir='ltr'><strong>participes</strong></span> <span class='ocrx_word' id='word_1_696' title='bbox 2420 4473 2545 4528; x_wconf 89' lang='lat' dir='ltr'><strong>facti</strong></span> <span class='ocrx_word' id='word_1_697' title='bbox 2588 4483 2733 4528; x_wconf 91' lang='lat' dir='ltr'><strong>sunt.</strong></span> <span class='ocrx_word' id='word_1_698' title='bbox 2770 4473 3146 4529; x_wconf 90' lang='lat' dir='ltr'><strong>Temerarium</strong></span> <span class='ocrx_word' id='word_1_699' title='bbox 3189 4474 3348 4542; x_wconf 80' lang='lat' dir='ltr'><strong>igitur</strong></span> <span class='ocrx_word' id='word_1_700' title='bbox 3374 4474 3490 4526; x_wconf 72' lang='lat' dir='ltr'><strong>exi-</strong></span> 
     </span>
    </p>
   </div>
   <div class='ocr_carea' id='block_1_92' title="bbox 247 4555 1815 4629">
    <p class='ocr_par' dir='ltr' id='par_1_92' title="bbox 247 4555 1815 4629">
     <span class='ocr_line' id='line_1_92' title="bbox 247 4555 1815 4629; baseline -0.003 -17"><span class='ocrx_word' id='word_1_701' title='bbox 247 4559 516 4613; x_wconf 79' lang='grc' dir='ltr'>ὑπέλαϐεν</span> <span class='ocrx_word' id='word_1_702' title='bbox 543 4562 571 4612; x_wconf 91' lang='lat'><strong>6</strong></span> <span class='ocrx_word' id='word_1_703' title='bbox 591 4558 738 4623; x_wconf 86' lang='grc' dir='ltr'>Νῶε,</span> <span class='ocrx_word' id='word_1_704' title='bbox 762 4558 1063 4626; x_wconf 78' lang='grc' dir='ltr'>ἐπαγαγεῖν</span> <span class='ocrx_word' id='word_1_705' title='bbox 1087 4557 1228 4629; x_wconf 85' lang='grc' dir='ltr'>ἀράν</span> <span class='ocrx_word' id='word_1_706' title='bbox 1253 4555 1330 4626; x_wconf 85' lang='grc' dir='ltr'>τῷ</span> <span class='ocrx_word' id='word_1_707' title='bbox 1358 4556 1458 4626; x_wconf 86' lang='grc' dir='ltr'>τῆς</span> <span class='ocrx_word' id='word_1_708' title='bbox 1488 4555 1639 4619; x_wconf 87' lang='grc' dir='ltr'>θείας</span> <span class='ocrx_word' id='word_1_709' title='bbox 1663 4556 1815 4609; x_wconf 85' lang='grc' dir='ltr'>εὐλο-</span> 
     </span>
    </p>
   </div>
   <div class='ocr_carea' id='block_1_93' title="bbox 1925 4557 3489 4630">
    <p class='ocr_par' dir='ltr' id='par_1_93' title="bbox 1925 4557 3489 4630">
     <span class='ocr_line' id='line_1_93' title="bbox 1925 4557 3489 4630; baseline 0.001 -18"><span class='ocrx_word' id='word_1_710' title='bbox 1925 4559 2166 4612; x_wconf 88' lang='lat' dir='ltr'><strong>stimavit</strong></span> <span class='ocrx_word' id='word_1_711' title='bbox 2195 4557 2308 4614; x_wconf 88' lang='lat' dir='ltr'><strong>Noe</strong></span> <span class='ocrx_word' id='word_1_712' title='bbox 2360 4562 2793 4616; x_wconf 86' lang='lat' dir='ltr'><strong>maledictionem</strong></span> <span class='ocrx_word' id='word_1_713' title='bbox 2826 4563 2903 4616; x_wconf 90' lang='lat' dir='ltr'><strong>illi</strong></span> <span class='ocrx_word' id='word_1_714' title='bbox 2936 4561 3159 4624; x_wconf 88' lang='lat' dir='ltr'><strong>inferre,</strong></span> <span class='ocrx_word' id='word_1_715' title='bbox 3193 4561 3285 4630; x_wconf 90' lang='lat' dir='ltr'><strong>qui</strong></span> <span class='ocrx_word' id='word_1_716' title='bbox 3327 4562 3489 4614; x_wconf 82' lang='lat' dir='ltr'><strong>bene-</strong></span> 
     </span>
    </p>
   </div>
   <div class='ocr_carea' id='block_1_94' title="bbox 249 4645 1819 4723">
    <p class='ocr_par' dir='ltr' id='par_1_94' title="bbox 249 4645 1819 4721">
     <span class='ocr_line' id='line_1_94' title="bbox 249 4645 1819 4721; baseline -0.004 -16"><span class='ocrx_word' id='word_1_717' title='bbox 249 4650 373 4718; x_wconf 82' lang='grc' dir='ltr'>γίας</span> <span class='ocrx_word' id='word_1_718' title='bbox 425 4650 802 4721; x_wconf 78' lang='grc' dir='ltr'>μετειληχότιο</span> <span class='ocrx_word' id='word_1_719' title='bbox 846 4647 1040 4703; x_wconf 83' lang='grc' dir='ltr'>τούτου</span> <span class='ocrx_word' id='word_1_720' title='bbox 1074 4648 1236 4719; x_wconf 87' lang='grc' dir='ltr'>χάριν</span> <span class='ocrx_word' id='word_1_721' title='bbox 1285 4645 1362 4713; x_wconf 84' lang='grc' dir='ltr'>τῷ</span> <span class='ocrx_word' id='word_1_722' title='bbox 1408 4647 1617 4700; x_wconf 88' lang='grc' dir='ltr'>ἐκείνου</span> <span class='ocrx_word' id='word_1_723' title='bbox 1667 4646 1819 4700; x_wconf 78' lang='grc' dir='ltr'>παιδὶ</span> 
     </span>
    </p>
   </div>
   <div class='ocr_carea' id='block_1_95' title="bbox 1907 4645 3484 4723">
    <p class='ocr_par' dir='ltr' id='par_1_95' title="bbox 1927 4649 3484 4723">
     <span class='ocr_line' id='line_1_95' title="bbox 1927 4649 3484 4723; baseline 0.001 -19"><span class='ocrx_word' id='word_1_724' title='bbox 1927 4649 2220 4706; x_wconf 85' lang='lat' dir='ltr'><strong>dictionem</strong></span> <span class='ocrx_word' id='word_1_725' title='bbox 2279 4652 2521 4708; x_wconf 86' lang='lat' dir='ltr'><strong>divinam</strong></span> <span class='ocrx_word' id='word_1_726' title='bbox 2571 4664 2894 4712; x_wconf 86' lang='lat' dir='ltr'><strong>consecutus</strong></span> <span class='ocrx_word' id='word_1_727' title='bbox 2937 4664 3055 4711; x_wconf 88' lang='lat' dir='ltr'><strong>erat</strong></span> <span class='ocrx_word' id='word_1_728' title='bbox 3086 4674 3099 4710; x_wconf 93' lang='lat'><strong>:</strong></span> <span class='ocrx_word' id='word_1_729' title='bbox 3131 4653 3484 4723; x_wconf 84' lang='lat' dir='ltr'><strong>quamobrem</strong></span> 
     </span>
    </p>
   </div>
   <div class='ocr_carea' id='block_1_96' title="bbox 320 4811 2007 4880">
    <p class='ocr_par' dir='ltr' id='par_1_96' title="bbox 320 4811 2007 4880">
     <span class='ocr_line' id='line_1_96' title="bbox 320 4811 2007 4880; baseline 0 -12"><span class='ocrx_word' id='word_1_730' title='bbox 320 4821 346 4850; x_wconf 79' lang='grc'>⁸</span> <span class='ocrx_word' id='word_1_731' title='bbox 385 4811 516 4868; x_wconf 87' lang='lat' dir='ltr'><strong>Gen.</strong></span> <span class='ocrx_word' id='word_1_732' title='bbox 560 4829 638 4878; x_wconf 78' lang='lat' dir='ltr'><strong>lx,</strong></span> <span class='ocrx_word' id='word_1_733' title='bbox 696 4812 782 4869; x_wconf 82' lang='grc'><strong>18.</strong></span> <span class='ocrx_word' id='word_1_734' title='bbox 856 4823 885 4853; x_wconf 76' lang='grc' dir='ltr'>ι</span> <span class='ocrx_word' id='word_1_735' title='bbox 924 4811 1079 4880; x_wconf 88' lang='lat' dir='ltr'><strong>ibid.,</strong></span> <span class='ocrx_word' id='word_1_736' title='bbox 1116 4812 1206 4866; x_wconf 70' lang='grc'><strong>24.</strong></span> <span class='ocrx_word' id='word_1_737' title='bbox 1282 4812 1312 4852; x_wconf 70' lang='grc' dir='ltr'><strong>δ</strong></span> <span class='ocrx_word' id='word_1_738' title='bbox 1340 4811 1471 4868; x_wconf 89' lang='lat' dir='ltr'><strong>ibid.</strong></span> <span class='ocrx_word' id='word_1_739' title='bbox 1523 4811 1610 4866; x_wconf 76' lang='lat' dir='ltr'><strong>i8.</strong></span> <span class='ocrx_word' id='word_1_740' title='bbox 1690 4823 1712 4852; x_wconf 73' lang='grc' dir='ltr'><strong>ο</strong></span> <span class='ocrx_word' id='word_1_741' title='bbox 1747 4813 1879 4869; x_wconf 85' lang='lat' dir='ltr'><strong>ibid.</strong></span> <span class='ocrx_word' id='word_1_742' title='bbox 1918 4814 2007 4870; x_wconf 75' lang='grc'>25.</span> 
     </span>
    </p>
   </div>
   <div class='ocr_carea' id='block_1_97' title="bbox 1097 4946 2639 5011">
    <p class='ocr_par' dir='ltr' id='par_1_97' title="bbox 1097 4946 2639 5011">
     <span class='ocr_line' id='line_1_97' title="bbox 1097 4946 2639 5011; baseline 0.005 -8"><span class='ocrx_word' id='word_1_743' title='bbox 1097 4946 1335 5004; x_wconf 66' lang='lat' dir='ltr'><strong>VARIE</strong></span> <span class='ocrx_word' id='word_1_744' title='bbox 1393 4946 1776 5005; x_wconf 80' lang='lat' dir='ltr'><strong>LECTIONES</strong></span> <span class='ocrx_word' id='word_1_745' title='bbox 1822 4951 1913 5005; x_wconf 85' lang='lat' dir='ltr'><strong>EX</strong></span> <span class='ocrx_word' id='word_1_746' title='bbox 1953 4951 2230 5008; x_wconf 81' lang='lat' dir='ltr'><strong>CATENA</strong></span> <span class='ocrx_word' id='word_1_747' title='bbox 2279 4953 2639 5011; x_wconf 80' lang='lat' dir='ltr'><strong>LlPSlENSl.</strong></span> 
     </span>
    </p>
   </div>
   <div class='ocr_carea' id='block_1_98' title="bbox 327 5063 1604 5141">
    <p class='ocr_par' dir='ltr' id='par_1_98' title="bbox 327 5063 1604 5141">
     <span class='ocr_line' id='line_1_98' title="bbox 327 5063 1604 5141; baseline -0.008 -14"><span class='ocrx_word' id='word_1_748' title='bbox 327 5074 372 5104; x_wconf 84' lang='lat'>&quot;</span> <span class='ocrx_word' id='word_1_749' title='bbox 402 5070 521 5126; x_wconf 81' lang='lat' dir='ltr'><strong>Cat.</strong></span> <span class='ocrx_word' id='word_1_750' title='bbox 544 5086 600 5141; x_wconf 86' lang='lat' dir='ltr'><strong>p.</strong></span> <span class='ocrx_word' id='word_1_751' title='bbox 627 5067 750 5123; x_wconf 74' lang='grc'><strong>161.</strong></span> <span class='ocrx_word' id='word_1_752' title='bbox 783 5064 881 5136; x_wconf 79' lang='grc' dir='ltr'>τὴν</span> <span class='ocrx_word' id='word_1_753' title='bbox 911 5063 1206 5136; x_wconf 83' lang='grc' dir='ltr'>ὁμοιότητα</span> <span class='ocrx_word' id='word_1_754' title='bbox 1245 5063 1338 5118; x_wconf 74' lang='grc' dir='ltr'><strong>τοῦ</strong></span> <span class='ocrx_word' id='word_1_755' title='bbox 1368 5063 1604 5133; x_wconf 87' lang='grc' dir='ltr'>Πατρός.</span> 
     </span>
    </p>
   </div>
   <div class='ocr_carea' id='block_1_99' title="bbox 1787 5177 2019 5234">
    <p class='ocr_par' dir='ltr' id='par_1_99' title="bbox 1787 5177 2019 5234">
     <span class='ocr_line' id='line_1_99' title="bbox 1787 5177 2019 5234; baseline 0 -2"><span class='ocrx_word' id='word_1_756' title='bbox 1787 5177 2019 5234; x_wconf 73' lang='grc' dir='ltr'><strong>ΝΟΤιΕ.</strong></span> 
     </span>
    </p>
   </div>
   <div class='ocr_carea' id='block_1_100' title="bbox 331 5322 1606 5398">
    <p class='ocr_par' dir='ltr' id='par_1_100' title="bbox 331 5322 1606 5398">
     <span class='ocr_line' id='line_1_100' title="bbox 331 5322 1606 5398; baseline -0.006 -16"><span class='ocrx_word' id='word_1_757' title='bbox 331 5327 442 5398; x_wconf 86' lang='grc'>(69)</span> <span class='ocrx_word' id='word_1_758' title='bbox 475 5325 848 5398; x_wconf 71' lang='grc' dir='ltr'>ρὶκειότητα.</span> <span class='ocrx_word' id='word_1_759' title='bbox 880 5323 1016 5398; x_wconf 76' lang='lat' dir='ltr'><strong>Cod.</strong></span> <span class='ocrx_word' id='word_1_760' title='bbox 1042 5334 1100 5398; x_wconf 71' lang='lat' dir='ltr'><strong>et</strong></span> <span class='ocrx_word' id='word_1_761' title='bbox 1145 5322 1258 5398; x_wconf 66' lang='lat' dir='ltr'><strong>Pic.</strong></span> <span class='ocrx_word' id='word_1_762' title='bbox 1292 5322 1606 5394; x_wconf 81' lang='grc' dir='ltr'>ὁμοιότητα.</span> 
     </span>
    </p>
   </div>
   <div class='ocr_carea' id='block_1_101' title="bbox 337 5392 1226 5467">
    <p class='ocr_par' dir='ltr' id='par_1_101' title="bbox 337 5392 1226 5467">
     <span class='ocr_line' id='line_1_101' title="bbox 337 5392 1226 5467; baseline -0.003 -19"><span class='ocrx_word' id='word_1_763' title='bbox 337 5392 443 5467; x_wconf 77' lang='lat'><strong>(70)</strong></span> <span class='ocrx_word' id='word_1_764' title='bbox 475 5392 613 5450; x_wconf 75' lang='grc' dir='ltr'><strong>Ἦν.</strong></span> <span class='ocrx_word' id='word_1_765' title='bbox 645 5395 796 5467; x_wconf 60' lang='lat' dir='ltr'><strong>Cod.</strong></span> <span class='ocrx_word' id='word_1_766' title='bbox 813 5407 866 5450; x_wconf 89' lang='lat' dir='ltr'><strong>et</strong></span> <span class='ocrx_word' id='word_1_767' title='bbox 898 5396 1008 5467; x_wconf 87' lang='lat' dir='ltr'><strong>Pic.</strong></span> <span class='ocrx_word' id='word_1_768' title='bbox 1032 5393 1226 5467; x_wconf 75' lang='lat' dir='ltr'><strong>_a6-:6&lt;;_.</strong></span> 
     </span>
    </p>
   </div>
   <div class='ocr_carea' id='block_1_102' title="bbox 340 5456 1823 5538">
    <p class='ocr_par' dir='ltr' id='par_1_102' title="bbox 340 5456 1823 5538">
     <span class='ocr_line' id='line_1_102' title="bbox 340 5456 1823 5538; baseline -0.003 -17"><span class='ocrx_word' id='word_1_769' title='bbox 340 5456 445 5538; x_wconf 58' lang='lat' dir='ltr'><strong>i7!)</strong></span> <span class='ocrx_word' id='word_1_770' title='bbox 473 5467 630 5538; x_wconf 73' lang='grc' dir='ltr'><strong>Δέωγ</strong></span> <span class='ocrx_word' id='word_1_771' title='bbox 663 5465 895 5534; x_wconf 74' lang='grc' dir='ltr'><strong>ὁμοίως.</strong></span> <span class='ocrx_word' id='word_1_772' title='bbox 932 5463 1067 5538; x_wconf 72' lang='lat' dir='ltr'><strong>Cod.</strong></span> <span class='ocrx_word' id='word_1_773' title='bbox 1094 5473 1154 5538; x_wconf 56' lang='lat' dir='ltr'><strong>et</strong></span> <span class='ocrx_word' id='word_1_774' title='bbox 1191 5463 1304 5518; x_wconf 86' lang='lat' dir='ltr'><strong>Pic.</strong></span> <span class='ocrx_word' id='word_1_775' title='bbox 1334 5456 1708 5538; x_wconf 53' lang='lat' dir='ltr'><strong>ei_6p.0toc_fjv.</strong></span> <span class='ocrx_word' id='word_1_776' title='bbox 1744 5462 1823 5516; x_wconf 80' lang='lat' dir='ltr'><strong>Ad</strong></span> 
     </span>
    </p>
   </div>
   <div class='ocr_carea' id='block_1_103' title="bbox 1993 5318 2810 5389">
    <p class='ocr_par' dir='ltr' id='par_1_103' title="bbox 1993 5318 2810 5389">
     <span class='ocr_line' id='line_1_103' title="bbox 1993 5318 2810 5389; baseline 0.001 -16"><span class='ocrx_word' id='word_1_777' title='bbox 1993 5322 2106 5389; x_wconf 83' lang='grc'>(75)</span> <span class='ocrx_word' id='word_1_778' title='bbox 2141 5319 2275 5374; x_wconf 90' lang='lat' dir='ltr'><strong>Cod.</strong></span> <span class='ocrx_word' id='word_1_779' title='bbox 2311 5328 2364 5374; x_wconf 92' lang='lat' dir='ltr'><strong>et</strong></span> <span class='ocrx_word' id='word_1_780' title='bbox 2393 5318 2504 5374; x_wconf 89' lang='lat' dir='ltr'><strong>Pic.</strong></span> <span class='ocrx_word' id='word_1_781' title='bbox 2530 5319 2810 5388; x_wconf 85' lang='grc' dir='ltr'>ἐγγόνους.</span> 
     </span>
    </p>
   </div>
   <div class='ocr_carea' id='block_1_104' title="bbox 1995 5391 3408 5464">
    <p class='ocr_par' dir='ltr' id='par_1_104' title="bbox 1995 5391 3408 5464">
     <span class='ocr_line' id='line_1_104' title="bbox 1995 5391 3408 5464; baseline 0 0"><span class='ocrx_word' id='word_1_782' title='bbox 1995 5391 2788 5464; x_wconf 55' lang='lat' dir='ltr'><strong>(2:1)Cod-et13iC:,éwévse?o</strong></span> <span class='ocrx_word' id='word_1_783' title='bbox 2932 5457 2983 5464; x_wconf 87' lang='lat'><strong>-.</strong></span> <span class='ocrx_word' id='word_1_784' title='bbox 3117 5456 3130 5464; x_wconf 90' lang='lat'><strong>.</strong></span> <span class='ocrx_word' id='word_1_785' title='bbox 3282 5453 3295 5464; x_wconf 83' lang='lat'><strong>.</strong></span> <span class='ocrx_word' id='word_1_786' title='bbox 3397 5452 3408 5464; x_wconf 91' lang='lat'><strong>.</strong></span> 
     </span>
    </p>
   </div>
   <div class='ocr_carea' id='block_1_105' title="bbox 1993 5453 3481 5527">
    <p class='ocr_par' dir='ltr' id='par_1_105' title="bbox 1993 5453 3481 5527">
     <span class='ocr_line' id='line_1_105' title="bbox 1993 5453 3481 5527; baseline -0.003 -16"><span class='ocrx_word' id='word_1_787' title='bbox 1993 5453 2103 5527; x_wconf 76' lang='grc'>(75)</span> <span class='ocrx_word' id='word_1_788' title='bbox 2131 5460 2356 5524; x_wconf 78' lang='grc' dir='ltr'><strong>Δοῦλος</strong></span> <span class='ocrx_word' id='word_1_789' title='bbox 2389 5453 2642 5512; x_wconf 51' lang='grc' dir='ltr'><strong>δούλιόν.</strong></span> <span class='ocrx_word' id='word_1_790' title='bbox 2695 5457 2790 5512; x_wconf 82' lang='lat' dir='ltr'><strong>llis</strong></span> <span class='ocrx_word' id='word_1_791' title='bbox 2838 5457 3016 5513; x_wconf 87' lang='lat' dir='ltr'><strong>verbis</strong></span> <span class='ocrx_word' id='word_1_792' title='bbox 3056 5456 3224 5511; x_wconf 91' lang='lat' dir='ltr'><strong>utitur</strong></span> <span class='ocrx_word' id='word_1_793' title='bbox 3268 5453 3481 5527; x_wconf 77' lang='lat' dir='ltr'><strong>Aquila.</strong></span> 
     </span>
    </p>
   </div>
   <div class='ocr_carea' id='block_1_106' title="bbox 269 5523 1819 5604">
    <p class='ocr_par' dir='ltr' id='par_1_106' title="bbox 269 5523 1819 5604">
     <span class='ocr_line' id='line_1_106' title="bbox 269 5523 1819 5604; baseline -0.005 -12"><span class='ocrx_word' id='word_1_794' title='bbox 269 5523 558 5604; x_wconf 71' lang='lat' dir='ltr'><strong>marginem</strong></span> <span class='ocrx_word' id='word_1_795' title='bbox 588 5523 775 5604; x_wconf 72' lang='lat' dir='ltr'><strong>itaque</strong></span> <span class='ocrx_word' id='word_1_796' title='bbox 836 5523 1043 5588; x_wconf 76' lang='lat' dir='ltr'><strong>notavit</strong></span> <span class='ocrx_word' id='word_1_797' title='bbox 1094 5534 1255 5590; x_wconf 89' lang='lat' dir='ltr'><strong>Picus</strong></span> <span class='ocrx_word' id='word_1_798' title='bbox 1285 5549 1298 5588; x_wconf 89' lang='lat'><strong>:</strong></span> <span class='ocrx_word' id='word_1_799' title='bbox 1330 5551 1349 5585; x_wconf 76' lang='grc' dir='ltr'><strong>ι</strong></span> <span class='ocrx_word' id='word_1_800' title='bbox 1390 5523 1546 5588; x_wconf 78' lang='lat' dir='ltr'><strong>Deest</strong></span> <span class='ocrx_word' id='word_1_801' title='bbox 1584 5523 1699 5583; x_wconf 74' lang='grc' dir='ltr'>ἔδέι</span> <span class='ocrx_word' id='word_1_802' title='bbox 1731 5542 1819 5585; x_wconf 88' lang='lat' dir='ltr'><strong>aut</strong></span> 
     </span>
    </p>
   </div>
   <div class='ocr_carea' id='block_1_107' title="bbox 1907 5523 3490 5604">
    <p class='ocr_par' dir='ltr' id='par_1_107' title="bbox 1921 5523 3490 5604">
     <span class='ocr_line' id='line_1_107' title="bbox 1921 5523 3490 5604; baseline -0.003 -22"><span class='ocrx_word' id='word_1_803' title='bbox 1921 5523 2046 5582; x_wconf 78' lang='lat' dir='ltr'><strong>oiO’</strong></span> <span class='ocrx_word' id='word_1_804' title='bbox 2079 5523 2278 5583; x_wconf 87' lang='lat' dir='ltr'><strong>habent</strong></span> <span class='ocrx_word' id='word_1_805' title='bbox 2325 5523 2451 5604; x_wconf 68' lang='grc' dir='ltr'>παῖς</span> <span class='ocrx_word' id='word_1_806' title='bbox 2478 5529 2714 5604; x_wconf 57' lang='grc' dir='ltr'>οἰκέτης,</span> <span class='ocrx_word' id='word_1_807' title='bbox 2754 5543 2895 5596; x_wconf 88' lang='lat' dir='ltr'><strong>quos</strong></span> <span class='ocrx_word' id='word_1_808' title='bbox 2937 5529 3041 5604; x_wconf 54' lang='lat' dir='ltr'><strong>alio</strong></span> <span class='ocrx_word' id='word_1_809' title='bbox 3073 5529 3192 5604; x_wconf 73' lang='lat' dir='ltr'><strong>loco</strong></span> <span class='ocrx_word' id='word_1_810' title='bbox 3242 5523 3490 5590; x_wconf 84' lang='lat' dir='ltr'><strong>sequitur</strong></span> 
     </span>
    </p>
   </div>
   <div class='ocr_carea' id='block_1_108' title="bbox 272 5610 506 5661">
    <p class='ocr_par' dir='ltr' id='par_1_108' title="bbox 272 5610 506 5661">
     <span class='ocr_line' id='line_1_108' title="bbox 272 5610 506 5661; baseline -0.013 0"><span class='ocrx_word' id='word_1_811' title='bbox 272 5610 454 5661; x_wconf 73' lang='lat' dir='ltr'><strong>simile.</strong></span> <span class='ocrx_word' id='word_1_812' title='bbox 488 5626 506 5658; x_wconf 74' lang='grc' dir='ltr'><strong>ι</strong></span> 
     </span>
    </p>
   </div>
   <div class='ocr_carea' id='block_1_109' title="bbox 341 5673 1080 5748">
    <p class='ocr_par' dir='ltr' id='par_1_109' title="bbox 341 5673 1080 5748">
     <span class='ocr_line' id='line_1_109' title="bbox 341 5673 1080 5748; baseline -0.003 -19"><span class='ocrx_word' id='word_1_813' title='bbox 341 5677 441 5748; x_wconf 76' lang='grc'>(72)</span> <span class='ocrx_word' id='word_1_814' title='bbox 475 5677 612 5732; x_wconf 89' lang='lat' dir='ltr'><strong>Cod.</strong></span> <span class='ocrx_word' id='word_1_815' title='bbox 631 5684 687 5731; x_wconf 87' lang='lat' dir='ltr'><strong>et</strong></span> <span class='ocrx_word' id='word_1_816' title='bbox 711 5673 826 5729; x_wconf 89' lang='lat' dir='ltr'><strong>Pic.</strong></span> <span class='ocrx_word' id='word_1_817' title='bbox 865 5673 1080 5744; x_wconf 84' lang='grc' dir='ltr'>μικρός.</span> 
     </span>
    </p>
   </div>
   <div class='ocr_carea' id='block_1_110' title="bbox 1923 5592 3413 5666">
    <p class='ocr_par' dir='ltr' id='par_1_110' title="bbox 1923 5592 3413 5666">
     <span class='ocr_line' id='line_1_110' title="bbox 1923 5592 3413 5666; baseline -0.005 -12"><span class='ocrx_word' id='word_1_818' title='bbox 1923 5600 2319 5655; x_wconf 81' lang='lat' dir='ltr'><strong>Theodorctus.</strong></span> <span class='ocrx_word' id='word_1_819' title='bbox 2353 5599 2471 5653; x_wconf 67' lang='grc' dir='ltr'>νῆα.</span> <span class='ocrx_word' id='word_1_820' title='bbox 2498 5592 2923 5666; x_wconf 64' lang='grc' dir='ltr'>ἰιιῐινιιίιιιοι-ιυς.</span> <span class='ocrx_word' id='word_1_821' title='bbox 2970 5597 3028 5648; x_wconf 75' lang='grc'><strong>12</strong></span> <span class='ocrx_word' id='word_1_822' title='bbox 3073 5598 3124 5649; x_wconf 93' lang='lat' dir='ltr'><strong>in</strong></span> <span class='ocrx_word' id='word_1_823' title='bbox 3158 5592 3413 5648; x_wconf 80' lang='lat' dir='ltr'><strong>Josuam.</strong></span> 
     </span>
    </p>
   </div>
  </div>
