3928 6316
492 314 596 382 163

1476 317 1961 378 TIlEODORETI
1991 312 2334 381 EPISCOPI
2375 321 2747 382 CYRENSIS

3634 324 3744 390 164

483 427 610 498 ejus
649 429 760 485 lilio
801 423 1231 485 maledictionem
1275 429 1473 483 intulit.
1511 428 1608 484 Est
1647 437 1826 484 autem
1857 429 2057 498 suppli-

2167 433 2506 502 περιτέθεικε
2539 437 2640 506 τὴν
2688 435 2848 505 ἀράν.
2886 436 3043 505 Ἔχει
3075 435 3131 489 δὲ
3183 437 3274 490 καὶ
3325 438 3359 508 ἡ
3411 437 3652 511 τιμωρία
3681 441 3748 495 τὸ

487 519 633 574 cium
681 519 906 588 justum.
943 519 1078 583 Quia
1109 518 1274 578 enim,
1309 532 1433 570 cum
1471 518 1614 572 lilins
1646 525 1823 581 esset,
1863 518 1918 570 in
1956 532 2052 586 pa-

485 617 622 664 trem
654 609 899 677 deliquit.
939 611 1007 661 ob
1050 609 1100 662 id
1143 623 1234 676 per
1268 607 1360 660 ﬁlii
1401 607 1836 662 maledictionem
1866 623 2057 677 poenas

484 698 603 752 luit.
651 700 727 750 Ad
767 700 878 752 haec
901 696 1355 751 considerandum
1390 707 1474 752 est
1504 698 1658 763 illud,
1690 699 1833 767 quod
1867 700 1911 753 si
1941 700 2054 768 ipse

479 787 648 841 Cham
702 788 1134 841 malcdictionem
1185 789 1533 856 suscepisset,
1577 790 1628 842 in
1675 797 1848 844 totum
1882 805 2054 859 genus

480 879 789 933 maledictio
830 895 891 933 ea
932 889 1217 949 pervagata
1252 879 1461 934 fuisset.
1506 880 1730 945 Verum,
1763 882 2051 935 minimum

479 970 646 1024 lilium
683 970 951 1038 ejusmodi
983 971 1338 1039 castigatione
1375 972 1695 1041 increpavit.
1729 970 1844 1026 Iloc
1870 981 2051 1026 autem

478 1061 779 1126 sciendum,
829 1063 975 1130 quod
1026 1065 1188 1117 verba
1231 1063 1387 1133 justi,
1428 1079 1535 1117 non
1591 1065 1920 1130 maledictio,
1954 1065 2050 1120 sed

477 1152 757 1220 prephetia
799 1163 942 1207 sunt.
978 1152 1110 1206 Nam
1148 1170 1271 1208 cum
1303 1153 1463 1210 Israel
1499 1170 1567 1209 ex
1603 1154 1728 1210 Sem
1753 1171 1925 1226 genus
1950 1157 2051 1212 duo

475 1255 625 1302 cens,
666 1239 1004 1296 Palaestinam
1053 1245 1070 1262 '
1109 1254 1476 1312 occupaturus
1520 1255 1683 1311 esset,
1725 1261 1888 1315 quam
1922 1248 2049 1302 olim

476 1332 835 1397 incoluerant,
868 1335 959 1402 qui
999 1350 1065 1389 ex
1105 1336 1360 1390 Chanaan
1395 1338 1808 1402 descenderant,
1843 1339 1895 1392 in
1937 1354 2052 1393 ma-

475 1420 780 1476 ledictionis
837 1421 1069 1476 formam
1117 1425 1455 1493 prophetiam
1509 1425 1698 1492 ellert;
1750 1428 2048 1496 praedicens

474 1509 693 1575 quidem
742 1508 944 1571 futura.
981 1513 1264 1565 deterrens
1314 1520 1494 1566 autem
1535 1523 1801 1580 posteros,
1832 1529 1897 1567 ne
1923 1528 2049 1582 pec-

474 1607 597 1652 cent
637 1601 690 1651 in
724 1609 998 1667 parentes.
1044 1601 1098 1654 Id
1135 1600 1279 1670 quod
1322 1616 1423 1654 nos
1464 1611 1648 1669 aperte
1691 1601 1846 1656 docet
1888 1602 2049 1654 licue-

473 1689 642 1743 dictio
681 1689 804 1744 Scm
845 1708 860 1744 :
905 1709 922 1741 ι
961 1690 1310 1755 Benedictus,
1358 1693 1554 1760 inquit,
1597 1692 1862 1746 Dominus
1905 1693 2044 1746 Deus

475 1777 623 1841 Sem,
667 1788 721 1834 et
759 1781 860 1834 erit
903 1779 1160 1842 Chanaan
1208 1797 1394 1837 servus
1441 1783 1557 1851 ejus
1594 1781 1643 1834 ἀ.
1681 1802 1699 1834 ι
1743 1781 1861 1837 Non
1899 1783 2046 1836 enim
2083 1769 2120 1823 Β

472 1872 686 1925 duobus
706 1874 846 1926 hunc
864 1873 1111 1942 s-hjecit,
1149 1874 1243 1928 sed
1266 1876 1364 1929 soli
1392 1874 1538 1929 Scin.
1571 1873 1635 1926 Et
1655 1873 1885 1944 Japhcth
1921 1875 2045 1943 qui-

471 1963 594 2016 dem
628 1963 977 2031 multiplicem
1005 1963 1312 2032 progeniem
1338 1963 1606 2034 praedixit,
1639 1961 1763 2017 Sent
1795 1977 1921 2016 vero
1942 1966 2051 2030 pie-

471 2059 658 2105 tatem.
691 2053 826 2105 Nam
897 2051 1067 2112 Deum
1099 2053 1439 2122 prophetavit
1469 2053 1834 2107 habitatorum
1861 2053 1910 2103 in
1945 2060 2052 2104 ten-

472 2142 628 2196 toriis
665 2141 826 2196 Seni:
861 2143 1127 2197 habitavit
1167 2154 1347 2198 autem
1383 2145 1524 2213 apud
1557 2143 1918 2213 patriarchas,
1954 2143 2047 2211 qui

470 2249 539 2288 ex
579 2233 700 2287 Sem
749 2234 853 2288 Ot‘li
895 2245 1057 2290 sunt:
1107 2246 1160 2289 et
1189 2237 1329 2304 apud
1371 2236 1684 2304 prophetas,
1723 2237 1812 2303 qui
1843 2249 1907 2288 ex
1943 2235 2049 2288 illis

469 2324 912 2380 descenderunt:
964 2335 1019 2380 et
1068 2326 1222 2394 prius
1258 2326 1310 2378 in
1353 2326 1724 2388 tabernaculo,
1772 2323 2048 2393 posterius

467 2414 882 2483 Hierosolymis.
921 2415 988 2468 Et
1019 2416 1131 2470 hare
1165 2416 1451 2484 prophetia
1485 2416 1850 2470 certissimum
1886 2413 2045 2466 linem

465 2504 676 2568 habuit,
708 2507 1022 2575 mysterium
1051 2506 1470 2574 dispensationis
1502 2505 1640 2574 :72
1657 2504 1871 2572 quando
1907 2502 2043 2558 Deus

463 2596 714 2660 verbum,
770 2595 860 2649 Dei
905 2607 958 2651 et
1005 2596 1182 2650 Patris
1223 2596 1394 2650 Filius
1446 2596 1781 2665 unigenitus,
1821 2609 2041 2648 carnem

366 2700 376 2707 ·
465 2689 768 2756 assumpsit
795 2697 849 2740 et
881 2687 1044 2740 homo
1071 2687 1247 2742 lactus
1270 2694 1376 2750 est,
1403 2694 1457 2740 et
1489 2701 1729 2751 carnem,
1758 2701 1920 2754 quam
1951 2701 2042 2739 ac-

463 2777 606 2844 cepit
634 2793 700 2831 ex
735 2777 946 2831 semine
975 2775 1140 2830 David
1166 2786 1221 2830 et
1238 2777 1510 2831 Abraham
1528 2814 1546 2842 ,
1591 2775 1848 2844 templum
1876 2790 2036 2829 suum

464 2866 788 2919 nominavit.
825 2865 962 2919 Nam
991 2881 1056 2919 ex
1093 2864 1216 2918 Sem
1245 2866 1297 2918 hi
1323 2879 1541 2935 quoque
1571 2864 1834 2932 originem
1865 2864 2038 2917 duxe-

463 2962 630 3007 runt:
677 2962 735 3022 at
793 2957 1026 3010 servitus
1079 2953 1339 3010 Chanaan
1402 2954 1456 3009 in
1501 2953 1819 3010 Gabaonitis
1873 2955 2034 3008 linem

461 3043 625 3113 cepit.

1019 3284 1297 3340 INTERR.
1339 3283 1475 3340 LIX.

465 3394 721 3452 Dixerunt
771 3383 981 3470 quidam
1033 3416 1098 3454 ea:
1129 3400 1398 3478 magistris
1436 3396 1668 3452 bitumen
1696 3413 1806 3452 esse
1837 3398 2033 3452 calcem

1154 3485 1342 3521 vtvum.

529 3584 875 3652 Ignorantes,
925 3592 983 3636 ut
1033 3581 1326 3635 verisimile
1361 3590 1466 3643 est,
1507 3578 1684 3634 fontes
1719 3580 1770 3632 in
1813 3578 2032 3648 Assyria

456 3678 800 3737 exsistentes,
844 3681 1168 3742 putaverunt
1210 3688 1274 3726 ex
1313 3672 1460 3726 calce
1500 3672 1621 3724 viva
1668 3670 1859 3724 turrim
1899 3669 2030 3722 aedi-

455 3770 670 3821 licatam
717 3782 858 3821 esse.
901 3765 1011 3836 Ego
1051 3781 1178 3820 vero
1207 3765 1492 3834 diligenter
1531 3761 1696 3816 didici
1729 3761 1798 3815 ab
1833 3761 1898 3814 iis
1935 3761 2029 3830 qui

453 3856 605 3910 illinc
637 3856 882 3919 veniunt,
915 3869 1036 3909 esse
1065 3853 1263 3917 fontes,
1297 3852 1392 3922 qui
1420 3853 1563 3905 hanc
1595 3850 1874 3904 materiam
1903 3864 2028 3904 cum

454 3961 597 4014 aqua
629 3944 955 3999 ell’undunt:
1001 3952 1055 3998 et
1091 3943 1241 4013 quod
1280 3939 1525 3995 aaditiciis
1562 3938 1940 3993 construendis
1965 3938 2029 3992 il-

452 4037 560 4090 Iam
599 4038 934 4106 adaptantes,
987 4035 1239 4089 coctilem
1285 4048 1408 4088 cum
1447 4047 1509 4086 ea
1547 4031 1770 4086 laterem
1810 4046 2030 4101 compo-

455 4136 613 4192 nunt,
647 4135 807 4196 atque
830 4127 934 4180 hoc
958 4136 1118 4195 pacto
1147 4125 1340 4178 turrim
1369 4124 1690 4178 aediﬁcatam
1711 4137 1832 4178 esse
1853 4123 2024 4177 aiunt.

454 4215 520 4269 Et
549 4217 750 4271 oculati
789 4227 956 4272 testes
992 4215 1270 4270 allirmant
1319 4229 1377 4269 se
1406 4213 1682 4283 eth-egisse
1703 4213 2022 4284 particulam

452 4309 713 4376 aliquam,
761 4317 815 4362 et
851 4309 1020 4376 probe
1055 4307 1276 4360 novisse
1308 4306 1552 4360 bitumen
1586 4320 1708 4359 esse
1733 4305 2024 4359 coctilibus

2161 524 2386 579 δίκαιον.
2429 527 2650 598 Ἐπειδὴ
2682 527 2790 599 γὰρ
2815 528 2928 592 υίὸς
2957 527 3030 581 ὢν
3053 529 3364 600 ἐξήμαρτεν
3390 533 3472 594 είς
3504 535 3744 604 πατέρα,

2157 615 2244 669 διὰ
2292 615 2394 685 τῆς
2425 617 2519 670 τοῦ
2555 618 2745 680 παιδὸς
2788 619 2952 672 αὐτοῦ
2986 621 3126 688 ἀρᾶς
3158 620 3374 689 δέχεται
3422 623 3523 692 τὴν
3567 641 3746 693 τιμωο

2161 706 2302 776 ρίαν.
2337 709 2476 778 Πρὸς
2510 710 2567 761 δὲ
2599 709 2812 774 τούτοις
2843 711 3144 780 σκοπητέον
3180 713 3421 778 κάκεῖνο,
3451 715 3526 777 ὡς
3558 718 3608 769 εί
3637 717 3741 768 αὐ-

2155 796 2244 858 τὸς
2270 797 2299 848 ὁ
2330 795 2459 866 Χάμ
2498 797 2713 863 ἐδέξατο
2749 801 2846 870 τὴν
2873 800 3010 869 ἀρὰν
3032 838 3047 863 ,
3083 802 3164 862 είς
3205 800 3324 853 ὅλον
3370 801 3436 854 ἂν
3487 801 3638 871 διέὸη
3677 803 3742 854 τὸ

2154 889 2310 956 γένος
2342 890 2375 958 ὴ
2403 889 2644 958 τιμωρία
2663 906 2680 921 θ
2711 891 2788 953 είς
2818 890 2874 942 δὲ
2904 891 2993 943 τὸν
3019 890 3288 944 νεώτατον
3320 890 3436 944 υίὸν
3463 891 3564 963 τὴν
3602 911 3738 946 παι-

2152 980 2299 1034 δείαν
2347 981 2673 1052 παρέπεμψε
2703 981 2770 1044 ⁷⁸,
2811 983 2904 1036 καὶ
2948 982 3105 1036 τοῦτο
3158 983 3214 1037 δὲ
3258 983 3337 1037 δεῖ
3397 984 3613 1052 ειδέναι,
3658 985 3745 1047 ὡς

2154 1069 2460 1140 πρόῤῥησίς
2492 1073 2659 1135 ἐστιν,
2694 1071 2795 1125 οὐκ
2823 1072 2952 1142 ἀρὰ,
2976 1072 3085 1126 ’τοῦ
3117 1072 3324 1127 δικαίου
3367 1074 3435 1128 τὰ
3466 1076 3690 1146 ῥήματα
3719 1090 3734 1104 ·

2153 1163 2341 1234 ἐπειδὴ
2368 1165 2475 1236 γὰρ
2506 1164 2740 1234 ἤμελλεν
2767 1167 2796 1218 ὸ
2839 1166 3058 1237 Ἰσραὴλ
3093 1167 3157 1220 ὲκ
3185 1167 3277 1220 τοῦ
3317 1168 3438 1238 Σὴμ
3473 1169 3737 1236 κατάγων

2152 1254 2212 1307 τὸ
2249 1255 2427 1321 γένος,
2471 1257 2568 1325 τῆς
2615 1257 2978 1328 Παλαιστίνης
3011 1260 3468 1331 παραλαμϐάνειν
3501 1263 3599 1332 τὴν
3639 1264 3732 1317 δε-

2153 1347 2445 1400 σποτείαν·
2482 1349 2684 1419 ταύτην
2715 1349 2770 1401 δὲ
2802 1351 2971 1404 πάλαι
3003 1350 3179 1421 ᾧκουν
3210 1354 3260 1405 οἱ
3290 1354 3353 1405 ἐκ
3382 1353 3474 1406 τοῦ
3504 1355 3733 1408 Χαναὰν

2153 1440 2580 1510 βεδλαστηκότες
2604 1456 2616 1470 ·
2645 1442 2724 1504 εἰς
2754 1441 2892 1511 ἀρὰν
2917 1444 3241 1513 σχηματίζει
3263 1443 3362 1514 τὴν
3393 1445 3729 1516 πρόρρησιν,

2151 1531 2540 1602 προαγορεύων
2573 1531 2669 1600 μὲν
2701 1533 2768 1586 τά
2796 1533 3052 1604 ἐσόμενα,
3095 1534 3469 1604 δεδιττόμενος
3502 1537 3557 1588 δὲ
3598 1536 3732 1599 τοὺς

2151 1623 2374 1692 ὕστερον
2415 1623 2740 1692 ἐσομένους,
2770 1625 2845 1694 μὴ
2879 1625 3221 1693 πλημμελεῖν
3247 1627 3326 1692 είς
3363 1627 3574 1692 γονέας.
3617 1628 3730 1679 Καὶ

2150 1718 2306 1772 τοῦτο
2356 1717 2542 1786 σαφῶς
2592 1717 2742 1786 ἡμᾶς
2783 1717 2815 1785 ή
2864 1715 2960 1768 τοῦ
3019 1715 3138 1786 Σὴμ
3190 1715 3409 1782 εὐλογία
3457 1716 3728 1770 διδάσκει.

2157 1830 2176 1861 ι
2216 1809 2518 1877 Εὐλογητὸς
2545 1809 2652 1878 γὰρ
2674 1849 2689 1872 ,
2744 1809 2900 1878 φησὶ,
2930 1807 3133 1879 Κύριος
3171 1810 3199 1861 ὁ
3227 1808 3356 1872 Θεὸς
3377 1807 3470 1860 τοῦ
3501 1799 3660 1878 Σῆμ·
3705 1825 3724 1858 ι

2151 1903 2247 1956 καὶ
2292 1901 2445 1954 ἔσται
2497 1900 2720 1954 Χαναὰν
2757 1901 2890 1963 παῖς
2935 1899 3123 1952 αὑτοῦ.
3165 1918 3182 1949 ι
3220 1898 3293 1951 Οὐ
3331 1901 3441 1968 γὰρ
3477 1901 3591 1962 τοῖς
3632 1897 3730 1952 δύο

2149 1993 2338 2047 τοῦτον
2369 1993 2632 2056 ὑπέταξεν
2665 1991 2778 2064 (76)
2827 1992 2964 2046 ἀλλά
2999 1993 3144 2063 μόνῳ
3172 1991 3248 2062 τῷ
3289 1993 3432 2063 Σήμ.
3476 1993 3586 2046 Καὶ
3627 1992 3726 2046 τοῦ

2152 2086 2250 2155 μὲν
2292 2084 2468 2153 Ἰἀφεθ
2507 2083 2604 2154 τὴν
2645 2084 2971 2152 πολυγονίαν
3012 2084 3331 2157 προείρηκε,
3370 2085 3463 2138 τοῦ
3507 2086 3562 2138 δὲ
3600 2085 3730 2156 Σὴμ

2146 2178 2244 2247 τὴν
2277 2177 2557 2230 εὐσέϐειαν
2578 2191 2590 2204 ’
2621 2177 2714 2230 τὸν
2745 2176 2852 2246 γὰρ
2887 2176 3020 2230 Θεὸν
3047 2177 3106 2231 ὲν
3127 2180 3240 2240 τοῖς
3275 2176 3597 2248 σκηνώμασι
3626 2176 3726 2231 τοῦ

2147 2269 2268 2338 Σὴμ
2306 2270 2656 2338 κατοικήσειν
2695 2269 3013 2339 προείρηκε.
3066 2267 3372 2339 Κατῴκησε
3413 2269 3470 2322 δὲ
3517 2270 3574 2322 ὲν
3606 2272 3727 2332 τοῖς

2145 2361 2209 2411 ἐκ
2245 2359 2339 2411 τοῦ
2367 2358 2489 2428 Σὴμ
2517 2359 2912 2428 πατριάρχαις,
2945 2361 3039 2412 καὶ
3067 2361 3125 2411 ὲν
3157 2363 3269 2422 τοῖς
3308 2361 3372 2412 ὲκ
3396 2359 3602 2413 τούτων
3633 2359 3726 2428 βε-

2145 2449 2476 2519 ϐλαστηκόσι
2519 2450 2856 2520 προφήταις·
2901 2451 2996 2502 καὶ
3035 2451 3092 2502 ἐν
3117 2453 3180 2522 τῇ
3215 2453 3387 2520 σκηνῇ
3417 2451 3721 2521 πρότερον

2144 2539 2236 2591 καὶ
2286 2540 2343 2589 ὲν
2393 2538 2785 2608 Ἱεροσολύμοις
2835 2537 3080 2612 ὕστερον.
3152 2539 3405 2609 Ἀκριϐὲς
3447 2539 3502 2591 δὲ
3562 2539 3724 2603 τέλος

2142 2629 2298 2700 ἔσχεν
2319 2633 2352 2698 ἡ
2388 2630 2691 2700 προφητεία
2715 2632 2775 2683 τὸ
2803 2631 2903 2699 τῆς
2935 2632 3245 2701 οἰκονομίας
3271 2633 3599 2702 μυστήριον
3629 2634 3722 2685 ὅτε

2140 2723 2304 2784 αὐτὸς
2334 2724 2362 2774 ὁ
2385 2721 2518 2786 Θεὸς
2545 2722 2735 2788 Λόγος,
2764 2723 2792 2775 ὁ
2819 2721 2910 2774 τοῦ
2941 2723 3076 2774 Θεοῦ
3110 2725 3201 2775 καὶ
3229 2724 3438 2791 Πατρὸς
3466 2723 3588 2784 Υἱὸς
3623 2741 3720 2793 μο-

2139 2816 2382 2884 νογενὴς,
2413 2814 2704 2884 ὲσαρκώθη
2739 2815 2831 2867 καὶ
2861 2813 3250 2885 ἐνηνθρὼπησε
3284 2817 3377 2867 καὶ
3405 2814 3531 2868 ναὸν
3576 2817 3717 2867 ἑαυο

2137 2908 2230 2960 τοῦ
2280 2907 2752 2976 προσηγόρευσεν,
2812 2906 2878 2976 ἦν
2928 2907 2991 2957 ἐκ
3034 2907 3349 2976 σπέρματος
3400 2907 3564 2960 Δαῦὶδ
3619 2910 3719 2962 καὶ

2150 2995 2402 3067 Ἀϐραὰμ
2447 2995 2609 3048 ἔλαϐε
2656 2996 2856 3064 σάρκα.
2914 2997 3009 3049 Ἐκ
3033 2996 3127 3048 τοῦ
3157 2996 3277 3066 Σὴμ
3303 2996 3411 3066 γὰρ
3443 2997 3538 3049 καὶ
3564 2993 3716 3051 οὗτοι

2060 3090 2103 3148 C
2137 3087 2375 3156 κατῆγον
2405 3085 2466 3139 τὸ
2491 3086 2665 3154 γένος.
2712 3087 2778 3138 Ἠ
2811 3085 2868 3139 δὲ
2891 3085 2986 3138 τοῦ
3022 3086 3240 3140 Χαναὰν
3264 3085 3480 3140 δουλεία
3510 3088 3568 3139 ὲν
3597 3090 3717 3151 τοῖς

2137 3176 2506 3240 Γαϐαωνίταις
2536 3176 2600 3229 τὸ
2625 3175 2777 3238 τέλος
2805 3175 3042 3241 ἐδέξατο.

2696 3286 2890 3339 ΕΡΩΤ.
2922 3287 3026 3340 ΝΘ⁹
3043 3285 3109 3340 ⁷⁸.

2141 3399 2260 3468 Τὴν
2289 3397 2607 3468 ἇσςοαλτόν
2633 3415 2792 3471 τινες
2838 3398 2956 3471 τῶν
2996 3397 3380 3471 διδασκάλων
3558 3399 3708 3469 ἔφη..

2579 3481 2703 3520 σαν
2732 3468 3035 3521 ᾶσϐεστον
3065 3465 3237 3522 εἶναι.

2203 3584 2264 3656 Oi
2295 3581 2635 3650 ἀγνοοῦντες,
2663 3581 2737 3644 ὡς
2765 3583 2932 3646 εἰκὸς,
2967 3582 3068 3645 τὰς
3104 3583 3162 3635 ὲν
3199 3586 3266 3654 τῇ
3309 3583 3568 3654 Ἀσσυρίᾳ
3602 3601 3714 3653 πη-

2131 3672 2268 3739 γὰς,
2317 3669 2573 3742 ᾠήθησαν
2612 3669 2861 3740 ἀσϐέστῳ
2897 3669 2988 3724 τὸν
3034 3670 3242 3741 πύργον
3287 3672 3706 3743 ᾠκοδομεῖσθαι.
3766 3683 3775 3688 “

2143 3758 2411 3828 Ἀκριόὦς
2443 3757 2502 3811 δὲ
2549 3758 2698 3827 παρά
2739 3758 2849 3811 τῶν
2888 3759 3098 3813 ἐκεῖθεν
3142 3761 3489 3830 ἀφικομένων
3524 3765 3709 3832 μεμά-

2130 3847 2292 3919 θηκα,
2325 3847 2400 3910 ὥς
2429 3847 2535 3900 είσὶ
2575 3849 2747 3918 πηγαὶ
2775 3848 2978 3919 ταύτην
3009 3849 3408 3913 ἀναϐλύζουσαι
3443 3853 3541 3922 τὴν
3567 3851 3708 3922 ὕλην

2131 3939 2252 4010 μεθ’
2302 3933 2526 4002 Maro}:
2587 3940 2683 3992 καὶ
2709 3940 2788 3993 ὅτι
2819 3940 3022 4011 ταύτην
3065 3943 3186 4005 ταῖς
3213 3943 3545 4012 οἰκοδομίαις
3586 3944 3705 4014 (78)

2130 4029 2570 4098 συνυφαίνοντες,
2609 4030 2705 4082 ἐπὶ
2734 4030 2934 4101 ταύτης
2973 4033 3074 4101 τὴν
3112 4031 3445 4103 ὠπτημένην
3482 4037 3704 4086 συνετί-

2127 4121 2290 4176 θεσαν
2327 4122 2566 4176 πλίνθον.
2603 4121 2760 4175 Οὕτω
2795 4123 2891 4176 καὶ
2924 4124 3016 4176 τὸν
3062 4125 3270 4194 πύργον
3308 4125 3703 4195 ᾠκοδομῆσθαι

2127 4229 2285 4282 φασι,
2310 4214 2407 4266 καὶ⁴
2430 4213 2479 4267 oi
2502 4212 2770 4268 αὐτόπται
2806 4213 2994 4268 τούτου
3033 4214 3337 4286 διαρρῆξαί,
3360 4234 3413 4268 τι
3456 4217 3622 4288 μέρος
3651 4220 3700 4249 ⁷⁵

2128 4302 2510 4372 ίσχυρίσαντο,
2542 4304 2636 4355 καὶ
2676 4303 2921 4373 ἀκριϐῶς
2946 4304 3273 4371 διαγνῶναι,
3309 4306 3383 4368 ὡς
3417 4307 3698 4376 ἄσφαλτος

453 4399 710 4453 lateribus
741 4399 1075 4453 substratum
1107 4416 1119 4450 :
1153 4406 1460 4452 asserentes
1505 4397 1710 4464 alioqui
1739 4396 2018 4464 penuriam
2053 4411 2057 4464 1

2145 4396 2243 4454 ταῖς
2276 4393 2632 4462 ὠπτημέναις
2679 4395 3024 4463 ὑπέστρωται
3079 4395 3339 4459 πλίνθοις.
3391 4397 3599 4462 Ἀλλως
3635 4417 3697 4452 τε

450 4505 573 4544 esse
608 4491 848 4559 lapidum
887 4491 940 4542 in
978 4489 1220 4559 Assyria,
1251 4497 1305 4544 et
1343 4489 1414 4543 ob
1453 4503 1572 4543 eam
1615 4503 1731 4541 rem
1760 4487 2020 4542 lateribus

2124 4484 2219 4537 καὶ
2268 4483 2430 4535 λίθων
2475 4479 2614 4537 εἷναι
2663 4485 2860 4537 σπάνιν
2890 4486 2948 4537 ἐν
2979 4487 3047 4556 τῇ
3104 4486 3364 4557 Ἀσσυρίᾳ
3403 4489 3554 4554 φασὶ,
3595 4490 3696 4542 καὶ

453 4581 528 4634 uti
568 4597 664 4651 pro
715 4582 1010 4651 lapidibus.
1059 4580 1224 4650 Atqui
1270 4581 1388 4636 sine
1430 4579 1700 4649 lapidibus
1745 4579 2020 4649 quomodo

2145 4575 2209 4628 ῑιά
2231 4574 2388 4628 τοῦτο
2413 4577 2533 4638 ταῖς
2561 4575 2804 4639 πλίνθοις
2823 4578 2945 4629 ἀντὶ
2970 4577 3134 4632 λίθων
3155 4580 3456 4651 κεχρῆσθαι
3476 4596 3490 4610 ·
3523 4579 3694 4634 λίθων

449 4672 568 4725 calx
599 4673 718 4727 viva
757 4672 953 4726 conlici
981 4673 1198 4741 possit?

514 4819 545 4860 ἀ
584 4819 719 4875 Gen.
782 4837 857 4886 Ix,
911 4820 1004 4874 26.

2119 4667 2177 4720 δὲ
2205 4666 2329 4737 δίχα
2363 4665 2477 4729 πῶς
2505 4666 2574 4719 ἂν
2597 4667 2808 4734 γένοιτο
2832 4668 3126 4736 ἄσϐεστος

1296 4929 1527 4986 VARIAS
1559 4929 1945 4988 LEC'I‘IONES
1991 4932 2079 4988 EX
2119 4934 2396 4990 CATENA
2447 4935 2809 4994 LIPSIENSI.

513 5075 560 5106 ⁸1³

513 5075 560 5106 ’³³
593 5075 712 5129 Cat.
765 5090 818 5142 p.
851 5075 971 5130 165.
994 5075 1093 5145 τὴν
1122 5075 1269 5128 παιδ.
1299 5076 1386 5129 διὰ
1420 5077 1574 5130 τοῦτο
1605 5076 1886 5149 παρέπεμψ

443 5143 512 5200 60
543 5155 595 5199 et
615 5145 704 5199 6|.
772 5146 818 5176 ⁷⁵
852 5145 973 5200 Cat.
1003 5161 1058 5214 p.
1103 5145 1223 5200 I75.
1250 5147 1344 5200 καὶ
1363 5147 1605 5219 διορύξαι
1628 5165 1681 5200 τι
1705 5147 1886 5218 μέρος.

765 5090 818 5158 I9;
851 5074 971 5158 165-
994 5074 1269 5158 τὴνεειδ-
1299 5076 1392 5158 i“:
1420 5077 1574 5158 τοξεο
1605 5076 1955 5158 παρέπεμψε.
2035 5078 2056 5109 τ

2145 5083 2315 5145 Iumst.
2380 5082 2450 5140 59
2503 5083 2558 5138 in
2609 5092 2718 5139 eat.
2767 5099 2823 5154 p.
2885 5084 2990 5141 I75
3033 5086 3254 5156 ponitur
3304 5096 3430 5158 post
3484 5100 3683 5157 quaest.

1970 5263 2196 5320 ΝΟΤᾸΞ.

660 5373 796 5446 Cod.
836 5385 890 5431 et
908 5376 1020 5432 Pic.
1049 5377 1349 5442 ὑπέδειξεν.

513 5444 625 5516 (η)
662 5445 824 5511 Τινὲς
881 5446 1002 5500 τῶν
1043 5447 1444 5506 διδασκάλων.
1485 5448 1739 5506 Hebraeus
1773 5449 1996 5516 scilicet,

441 5513 530 5588 ut
563 5513 735 5588 Syrus
800 5519 1089 5588 interpres,
1147 5529 1208 5572 ut
1246 5533 1283 5588 7e
1339 5519 1600 5588 Diodoro,
1636 5521 1821 5588 liquet.
1866 5513 1998 5575 Vide

2109 5380 2428 5450 gineautem
2476 5379 2619 5434 hanc
2661 5380 2899 5436 uotulam
2957 5380 3211 5450 apposuit
3262 5379 3472 5450 Picus;
3513 5396 3533 5429 ι
3582 5374 3686 5433 IIic

2105 5448 2322 5504 videtur
2363 5451 2608 5517 ponenda
2648 5452 2752 5504 alia
2786 5448 3044 5518 quaestio,
3076 5451 3128 5503 τί
3163 5452 3280 5503 ἐστι
3311 5448 3604 5518 ἄσφαλτος.
3655 5465 3675 5497 ι

2179 5519 2292 5589 (78)
2320 5518 2452 5584 Ταῖς
2489 5519 2675 5574 οὶκοδ.
2706 5517 2841 5574 Cod.
2873 5524 2992 5583 ταῖς
3019 5523 3074 5575 ὲν
3103 5520 3289 5575 ὕδασιν
3312 5517 3675 5588 οἰκοδομίαις.

441 5580 634 5660 Illontf.
686 5584 909 5660 Hexapl.
943 5580 1108 5660 'Orig’.
1141 5604 1191 5657 p.
1235 5587 1322 5638 27.
1376 5587 1431 5640 In
1479 5580 1714 5660 editione
1746 5589 1931 5660 Graeca
1967 5591 1988 5642 I

2150 5580 2216 5642 ie.
2243 5580 2339 5649 τὰς
2371 5580 2443 5641 ἐν’
2460 5589 2648 5642 ὕδασιν
2670 5580 3001 5660 οἰκοδομίας.

439 5648 554 5706 Pici
589 5656 701 5711 haec
735 5648 1085 5726 interrogatio
1111 5648 1194 5710 est
1219 5671 1343 5724 pars
1373 5659 1743 5726 praecedentis,
1769 5659 1820 5713 in
1851 5676 1994 5713 mar-
