3878 6312
448 326 552 391 -ΠΙ
1441 319 1931 383 TIIEODORETI
1959 313 2299 377 EPISCOPI
2339 312 2705 375 CYRENSIS

982 431 1256 487 INTER“.
1318 433 1499 488 LXIV.

720 545 868 601 Unde
916 546 1291 600 Melchisedech
1348 562 1508 616 genua
1551 548 1772 601 traxit?

530 639 666 694 Cum
699 639 917 694 divinus
962 639 1053 693 ille
1082 640 1285 694 Paulus
1314 639 1458 693 dicat
1489 657 1502 693 :
1543 659 1561 690 ι
1600 640 1717 693 sine
1745 647 1916 707 patre,
1950 638 2023 691 si-

460 747 528 785 ne
576 740 783 797 matre,
835 739 889 785 et
916 731 1047 787 'sine
1096 731 1411 802 genealogia
1441 740 1489 796 η,
1531 750 1549 781 ›
1584 733 1705 800 quis
1746 731 2023 784 veritatem

3590 314 3699 384 ⁵17ίὲ

2735 424 2929 481 ΕΡΩΤ.
2972 424 3090 481 ΞΜ.

2274 542 2329 594 '0
2354 541 2727 610 Μελχισεδὲκ
2759 545 2945 596 πόθεν
2973 541 3197 611 κατῆγε
3226 544 3293 598 τὸ
3338 545 3554 614 γένος-ς

2196 627 2302 684 Τοῦ
2330 625 2619 679 Θεσπεσίου
2643 626 2895 695 λέγοντος
2918 627 3156 694 Παύλου,
3197 647 3215 679 ι
3240 629 3515 702 ’Δπάτωρ,
3550 632 3668 704 ἀμή
3689 662 3702 674 -

2128 734 2267 785 τωρ,
2310 716 2764 788 ἀγενεαλόγητος,
2814 735 2834 768 ι
2880 718 2963 780 τίς
3027 718 3094 773 ἀν
3137 719 3293 789 γνοίη
3346 720 3408 773 τὸ
3458 720 3699 792 ἀληθὲςς

465 822 631 893 hujus
663 824 737 877 rei
777 839 939 878 nosse
970 823 1187 893 potest?
1228 823 1529 877 Verisimile
1549 833 1633 876 est
1665 830 1843 876 autem
1874 822 2025 874 illum

2153 810 2290 873 Εἰκὸς
2321 809 2377 863 δὲ
2407 809 2571 864 αὐτὸν
2599 810 2664 863 ὲκ
2693 810 2804 864 τῶν
2834 809 3004 865 ἐθνῶν
3035 811 3265 865 ἐκείνων
3294 807 3435 867 εῖναι
3459 815 3569 868 τῶν
3600 815 3704 887 τὴν

460 928 580 970 esse
642 930 705 968 ex
768 915 875 969 illis
925 915 1196 984 gentibus,
1246 929 1367 983 (pne
1428 912 1763 968 Palaestinam
1825 912 2027 967 incole-

461 1006 612 1061 bant.
644 1005 778 1060 Nam
812 1005 1021 1059 illarum
1052 1022 1162 1059 tum
1184 1023 1297 1067 rex,
1330 1015 1438 1059 tum
1471 1007 1724 1061 sacerdos
1753 1015 1908 1061 erat:
1942 1019 2029 1059 sa-

463 1095 657 1150 cerdos
714 1105 892 1148 autem
956 1093 1047 1148 Dei
1094 1095 1358 1148 omnium.
1397 1113 1415 1144 σ
1454 1092 1581 1148 Erat
1624 1093 1790 1157 enim,
1832 1093 2026 1162 inquit,

2130 901 2498 971 Παλαιστίνην
2532 899 2846 955 οἰκούντων.
2904 901 3161 956 Ἐκείνων
3189 902 3298 974 γάρ
3323 903 3436 977 (97)
3461 909 3556 961 καὶ
3581 906 3707 980 βα·-

2133 990 2313 1055 σιλεὺς
2344 991 2437 1043 καὶ
2467 991 2644 1062 ἱερεὺς
2677 989 2973 1061 ἐτύγχανεν
2996 990 3096 1055 ὣν,
3143 994 3326 1064 ἱερεὺς
3373 995 3431 1050 δὲ
3464 995 3560 1049 τοῦ
3588 999 3706 1052 τῶν

2132 1081 2269 1134 ὅλων
2320 1080 2477 1134 Θεοῦ.
2520 1101 2538 1132 ι
2573 1076 2682 1134 Ἦν
2731 1081 2860 1152 γὰρ,
2911 1083 3096 1154 φησιν,
3138 1084 3317 1155 ἱερεὺς
3366 1086 3459 1140 τοῦ
3494 1087 3636 1140 θεοῦ
3653 1085 3705 1118 eo

458 1186 720 1243 sacerdos
763 1184 857 1240 Dei
909 1186 1155 1241 altissimi
1189 1193 1235 1239 ο.
1283 1204 1301 1236 ι
1357 1186 1511 1241 Unde
1551 1185 1715 1240 etiam
1757 1184 2029 1239 Abraham

2153 1174 2226 1228 τοῦ
2272 1175 2525 1245 ὑψίστου.
2564 1193 2586 1225 ι
2645 1173 2810 1228 Ὅθεν
2845 1174 2995 1245 αὐτῷ
3038 1177 3135 1229 καὶ¹
3189 1177 3440 1248 Ἀϐραὰμ
3498 1179 3527 1234 ὁ
3591 1197 3708 1233 πα-

466 1277 773 1347 patriarcha
804 1277 1001 1331 obtulit
1025 1277 1074 1329 ei
1105 1277 1403 1353 spoliorum
1425 1276 1685 1341 decimas,
1704 1286 1760 1331 et
1788 1291 1912 1330 cum
1939 1276 2031 1345 ju-

2132 1265 2399 1338 τριάρχης
2449 1266 2816 1337 προσενήνοχε
2849 1266 2953 1330 τὰς
2992 1268 3103 1340 τῶν
3150 1268 3411 1340 λαφύρων
3440 1271 3706 1334 δεκάτας.

467 1377 585 1422 stus
631 1376 807 1432 esset,
842 1375 896 1421 et
942 1367 1154 1422 amicus
1193 1366 1309 1430 Dei,
1353 1368 1421 1421 ab
1465 1366 1556 1421 illo
1602 1366 2032 1421 benedictionem

2153 1359 2243 1412 {al
2273 1358 2483 1422 δίκαιος
2509 1357 2619 1424 ὢν,⁵
2641 1359 2737 1413 καὶ
2766 1359 2864 1413 τοῦ
2912 1359 3047 1413 Θεοῦ
3082 1358 3257 1430 φίλος,
3298 1364 3446 1433 παρ’
3488 1362 3707 1417 ἐκείνου

468 1459 725 1528 percepit.
751 1459 960 1529 'l‘ypum
990 1457 1135 1514 enim
1162 1459 1382 1528 gerebat
1410 1459 1698 1515 sacerdotii
1742 1457 2030 1513 Dominici.

466 1548 700 1619 Ideoque
732 1557 787 1603 et
816 1550 1048 1605 Abrahae
1075 1565 1244 1620 panes
1279 1559 1334 1605 et
1366 1549 1550 1605 vinum
1581 1548 1822 1606 vicissim
1865 1547 2030 1614 dedit,

469 1650 526 1694 ut
542 1640 634 1708 qui
657 1637 890 1703 fortasse
911 1639 1105 1717 solitus
1120 1651 1236 1693 erat
1261 1636 1373 1693 Deo
1394 1639 1636 1694 omnium
1662 1636 1790 1692 talia
1815 1635 2030 1692 oﬂerre.

468 1733 764 1803 Oportebat
797 1731 940 1801 enim
966 1741 1020 1786 et
1053 1731 1104 1784 in
1140 1730 1243 1784 hoc
1277 1740 1462 1801 typum
1487 1728 1749 1800 patefieri.

1033 1927 1313 1985 INTEBB.
1341 1927 1503 1985 LXV.

472 2042 741 2107 Quomodo
786 2041 958 2105 ﬁdeli:
1002 2040 1299 2108 appellatur
1344 2040 1633 2104 Abraham,
1679 2057 1797 2095 cum
1844 2041 2033 2095 dixerit

541 2113 682 2194 Deo,
727 2111 811 2232 Ea;
847 2127 948 2180 quo
987 2126 1296 2183 cognoscam
1337 2111 1470 2176 hac,
1512 2112 1651 2181 quod
1699 2126 2034 2181 possessurus

541 2198 633 2232 ιιηι
660 2188 797 2232 eam'

533 2188 633 2236 sint
660 2188 797 2234 eam:

540 2272 685 2328 Istud
716 2293 729 2327 :
769 2292 788 2324 ι
825 2270 903 2326 Ex
953 2287 1063 2343 quo
1106 2287 1435 2344 cognoscam
1472 2272 1577 2327 hoc
1605 2289 1654 2336 ι),
1694 2291 1712 2323 ι
1748 2287 1855 2327 non
1898 2270 2036 2327 diﬂl-

469 2364 650 2419 dentis
675 2372 779 2428 est,
811 2362 904 2418 sed
941 2362 1158 2419 modum
1190 2360 1502 2432 possidendi
1538 2361 1680 2416 scire
1723 2361 2039 2416 desideran-

471 2458 559 2511 tis.
584 2456 719 2511 Cum
751 2453 896 2510 enim
932 2454 1142 2509 videret
1166 2453 1336 2508 multa
1368 2453 1648 2508 hominum
1681 2452 1846 2507 millia
1870 2450 2041 2506 Palat-

471 2547 670 2600 stinam
705 2545 1083 2615 incolentium,
1113 2542 1323 2597 discere
1356 2540 1591 2607 volebat,
1621 2556 1730 2612 quo
1761 2550 1919 2612 pacto
1941 2542 2041 2596 do-

476 2639 705 2695 minium
758 2639 904 2692 illius
950 2644 1111 2690 terrm
1159 2643 1484 2705 accepturus
1528 2642 1874 2690 essetznum
1921 2634 2044 2704 jure

471 2733 618 2797 belli,
649 2747 717 2785 an
742 2730 860 2784 sine
889 2729 1057 2785 armis
1092 2746 1104 2782 :
1138 2736 1193 2782 et
1221 2742 1288 2782 an
1325 2727 1630 2783 viventibus
1658 2726 1785 2791 illis,
1813 2741 1881 2780 an
1910 2726 2042 2781 sub-

472 2825 615 2886 latis,
655 2831 749 2875 aut
791 2835 1015 2888 prorsus
1044 2818 1252 2888 ejectis.
1291 2816 1403 2873 Hac
1435 2817 1501 2873 de
1539 2832 1705 2874 causa
1737 2817 1847 2888 78
1877 2818 2038 2873 sacri—

2153 2824 2556 2895 ἀναιρουμένων
2574 2825 2672 2895 (2),
2701 2823 2735 2895 ἦ
2768 2823 3208 2894 ἐξελαυνομένων
3222 2824 3291 2879 ".
3317 2822 3520 2877 Τούτου
3550 2824 3727 2894 χάριν
3774 2818 3780 2823 ⁷
3872 2835 3878 2855 τ

471 2916 595 2968 ﬁcio
642 2914 794 2969 linito
841 2910 983 2968 Deus
1012 2900 1255 2966 omnium
1282 2910 1419 2965 dixit
1448 2927 1461 2965 :
1499 2927 1519 2961 ι
1567 2909 1913 2979 Cognoscens
1946 2923 2043 2963 co-

472 3020 724 3075 gnosces,
753 3003 898 3074 quod
922 3017 1107 3057 semen
1141 3011 1292 3055 tuum
1333 3000 1507 3055 incola
1535 3002 1639 3054 erit
1669 2999 1721 3053 in
1768 3008 1909 3053 terra
1937 3013 2043 3053 non

2052 1802 2055 1807 ι
2067 1774 2106 1828 Β

2134 1450 2234 1520 τὴν
2261 1450 2516 1518 εὐλογίαν
2543 1449 2874 1521 καρποῦται.
2906 1451 3019 1522 Τῆς
3049 1452 3157 1524 γὰρ
3191 1453 3530 1524 Δεσποτικῆς
3553 1451 3709 1522 εἶχεν

2140 1540 2442 1614 ἱερωσύνης
2458 1541 2551 1598 τὸν
2572 1541 2762 1597 τύπον.
2784 1543 2960 1613 Διδδὴ
2980 1544 3074 1597 καὶ
3092 1543 3290 1615 ἄρτους
3317 1543 3398 1615 τῷ
3428 1544 3709 1616 Ἀϐραὰμ,

2135 1634 2231 1689 καὶ
2245 1628 2387 1687 οῐνον
2407 1632 2521 1704 (98)
2544 1633 2866 1687 ἀντέδωκεν·
2882 1633 2957 1698 ὡς
2970 1633 3196 1691 τοιαῦτα
3230 1635 3390 1707 τυχὸν
3407 1635 3519 1705 (99)
3533 1653 3711 1708 προσ-

2146 1723 2359 1795 φέρειν,
2391 1723 2600 1787 είωθὼς
2651 1724 2731 1795 τῷ
2785 1723 2898 1777 τῶν
2931 1724 3067 1778 ὅλων
3103 1724 3243 1795 Θεῷ.
3294 1725 3443 1779 Ἔδει
3472 1726 3565 1795 (1)
3595 1727 3713 1797 γὰρ

2136 1817 2240 1870 κάν
2266 1813 2442 1886 τούτῳ
2479 1814 2788 1887 δειχθῆναι,
2818 1816 2912 1870 τὸν
2943 1815 3113 1870 τύπον
3139 1815 3211 1870 δί.

2753 1928 3110 1997 ΕΡοΤ,ΞΕκ

2139 2041 2271 2108 Πῶς
2309 2043 2366 2097 Ἀ
2376 2042 2565 2112 ϐραὰμ
2581 2043 2797 2109 πιστὸς
2820 2042 3161 2112 ὀνομάζεται
3180 2043 3433 2112 εἰρηκὼς
3451 2042 3532 2109 τῷ
3560 2043 3712 2110 Θεῷ,

2208 2114 2369 2251 Keue;
2418 2113 2477 2166 τι
2521 2111 2824 2183 γνώσομαι
2862 2112 3058 2179 τοῦτο,
3121 2111 3241 2167 an
3271 2111 3717 2184 κληρονομήσω

2208 2199 2345 2237 auri
2369 2198 2443 2246 r;

2211 2274 2306 2340 Τὸ,
2353 2292 2373 2325 ι
2410 2272 2568 2327 Κατά
2599 2274 2654 2327 τί
2693 2271 2973 2345 γνώσομαι
3003 2272 3184 2339 τοῦτο,
3224 2292 3242 2326 ι
3278 2275 3378 2327 οὐκ
3411 2275 3717 2330 ἀπιστοῦν-

2131 2366 2230 2429 .τός
2255 2366 2423 2432 ἐστιν,
2459 2364 2600 2420 ἀλλὰ
2646 2365 2839 2436 μαθεῖν
2868 2364 3164 2429 ποθοῦντος
3204 2366 3303 2437 τῆς
3344 2365 3720 2440 κληρονομίας

2141 2458 2232 2513 τὸν
2266 2459 2489 2531 τρόπον.
2533 2457 2754 2528 Ἐπειδὴ
2803 2458 2914 2529 γὰρ
2957 2456 3106 2530 ἑώρα
3154 2457 3332 2529 πλήθη
3387 2457 3584 2530 μυρία·
3613 2460 3722 2530 τὴν

2142 2550 2508 2619 Παλαιστίνην
2524 2550 2800 2615 οἰκοῦντα,
2837 2550 3033 2619 μαθεῖν
3083 2547 3343 2619 ἠϐούλετο
3373 2550 3478 2604 τίνι
3522 2550 3724 2621 τρόπῳ

2143 2642 2525 2714 παραλήψεται
2553 2642 2654 2715 τῆς
2679 2642 2782 2713 γῆς
2804 2642 3016 2713 ἐκείνης
3034 2642 3132 2713 τὴν
3161 2640 3479 2694 δεσποτείαν
3503 2656 3517 2670 ο
3553 2642 3726 2695 τεολέ-

2147 2753 2249 2806 μου
2279 2735 2453 2805 νόμῳ,
2515 2735 2550 2806 ἦ
2595 2726 2717 2805 δίχα
2770 2734 3044 2805 πολέμουο
3098 2733 3318 2797 ζώντων
3367 2733 3629 2800 ἐκείνων,
3683 2733 3725 2803 ἢ

2149 2917 2288 2988 μετά
2316 2917 2415 2987 τὴν
2443 2915 2692 2969 θυσίανηό
2724 2916 2835 2969 τῶν
2862 2915 3000 2971 ὅλων
3028 2915 3163 2979 Θεὸς
3195 2914 3301 2985 ἔφη
3323 2929 3340 2947 ο
3371 2933 3391 2965 t
3421 2913 3730 2968 Γινώσκων

2146 3006 2352 3080 γνώσῃ,
2388 3008 2470 3060 ὅτι
2521 3006 2786 3077 πάροικον
2832 3005 2989 3061 ἔσται
3031 3006 3096 3059 τὸ
3149 3006 3369 3077 σπέρμα
3417 3021 3511 3060 σου
3551 3006 3613 3058 ὲν
3646 3009 3728 3077 τῇ

473 3112 607 3163 sua;
639 3106 693 3151 et
730 3094 973 3151 servituti
1017 3093 1309 3164 subjicient
1355 3106 1472 3156 eos,
1516 3100 1569 3145 et
1614 3089 1850 3162 aﬂligent
1901 3089 2038 3150 illos.

2153 3100 2216 3169 γῇ
2237 3100 2312 3168 (3)
2337 3099 2436 3151 οὐκ
2470 3096 2600 3169 ἰδίᾳο
2641 3098 2735 3150 καὶ
2756 3096 3120 3155 δουλώσουσιν
3152 3098 3371 3162 αὐτοὺς,
3404 3097 3501 3150 καὶ
3527 3097 3732 3151 κακῶ-

473 3198 637 3257 atque
688 3186 1054 3241 humiliabunt
1106 3182 1529 3254 quadringentos
1584 3196 1779 3237 annos.
1813 3180 2038 3256 Gentem

474 3291 623 3339 vero,
661 3275 748 3350 cui
777 3264 1356 3343 servieriiiu'jtid’lcabo
1383 3285 1503 3342 ego.
1525 3270 1718 3325 Postea
1742 3284 1871 3325 vero
1892 3284 2041 3339 egre-

474 3370 687 3421 dieutur
709 3367 817 3419 huc
849 3380 972 3419 cum
1013 3372 1276 3433 apparatu
1308 3363 1501 3416 multo.
1530 3360 1610 3415 Tu
1654 3377 1785 3416 vero
1813 3361 2042 3416 decedes

475 3452 539 3513 ad
568 3467 747 3527 patres
786 3467 907 3512 tuos
931 3455 983 3509 in
1016 3470 1169 3525 pace,
1203 3455 1439 3509 nutritus
1474 3453 1525 3507 in
1554 3460 1833 3507 senectute
1877 3452 2038 3507 bona.

476 3551 681 3616 Quarta
705 3556 884 3601 autem
913 3545 1261 3617 generatione
1283 3552 1621 3598 revertentur
1645 3542 1767 3596 huc.
1792 3539 2040 3596 Nondum

475 3641 618 3695 enim
690 3639 970 3708 completa:
1033 3626 1161 3693 sunt
1233 3636 1544 3706 iniquitates
1603 3635 2042 3689 Amorrhteorum

476 3748 653 3803 usque
702 3748 850 3787 nunc
876 3744 924 3785 ιι.
966 3751 983 3783 ι
1046 3731 1117 3785 Ex
1184 3730 1534 3805 responsione
1580 3729 1764 3783 divina
1812 3726 2041 3782 formam

472 3825 922 3894 interrogationis
974 3839 1300 3894 cognoscere
1356 3822 1501 3901 licet.
1560 3816 1693 3873 Nam
1757 3806 2039 3890 postquam

476 3917 611 3969 dixit
641 3935 654 3970 :
695 3937 712 3968 ι
756 3915 835 3969 Ex
866 3931 976 3985 quo
1004 3930 1352 3986 cognoscam,
1386 3913 1530 3982 quod
1555 3927 1909 3982 possessurus
1939 3912 2040 3967 sim

476 4009 656 4064 cam'?
690 4028 708 4059 ι
759 3998 965 4074 didicit,
998 4016 1263 4079 quantum
1320 3990 1579 4076 temporis
1634 4005 1823 4059 incolae
1876 4003 2044 4058 futuri

476 4112 679 4164 essent,
710 4109 763 4156 et
789 4110 952 4171 quam
985 4101 1180 4155 misere
1206 4099 1492 4162 tractandi,
1525 4107 1577 4152 et
1599 4106 1800 4167 quanta
1830 4097 2041 4163 tandem

478 4193 818 4263 providentia
849 4192 941 4247 Dei
974 4191 1301 4260 excipiendi,
1339 4201 1451 4245 tum
1482 4189 1750 4259 supplicio
1781 4186 2045 4243 sumendo

478 4288 545 4342 de
578 4287 686 4350 his,
716 4287 809 4355 qui
844 4286 951 4339 illis
997 4284 1197 4341 bellum
1222 4282 1424 4338 inferre
1456 4281 1679 4347 vellent,
1711 4288 1831 4341 tum.
1854 4293 2043 4333 eorum

478 4380 638 4433 bonis
675 4377 905 4432 fruendo
941 4386 1033 4431 :et
1071 4376 1213 4446 quod
1238 4374 1512 4429 Abraham
1538 4372 1686 4426 nulla
1714 4372 1907 4425 horum
1950 4387 2047 4428 ex-

2150 3207 2332 3243 σουσιν
2363 3188 2582 3253 αὐτοὺς,
2618 3184 2719 3242 καὶ
2762 3188 3192 3243 ταπεινὼσουσιν
3227 3188 3320 3260 ἔτη
3365 3191 3729 3262 τετρακόσια.

2149 3281 2222 3333 Τὸ
2257 3282 2312 3333 δὲ
2343 3273 2595 3348 ἔθνοςγῷ
2626 3280 2722 3335 ἐὰν
2770 3279 3123 3346 δουλεύσωσι,
3172 3280 3346 3351 κρινῶ
3388 3282 3520 3350 ἐγώ.
3561 3283 3735 3339 Μετὰ

2146 3372 2204 3425 δὲ
2235 3371 2408 3425 ταῦτα
2445 3370 2815 3436 ἐξελεύσονται
2837 3364 2941 3426 ὦδε
2966 3371 3107 3442 μετά
3139 3373 3456 3443 ἀποσκευῆς
3479 3373 3690 3444 πολλῆς
3709 3393 3728 3409 ·

2150 3463 2214 3517 σὺ
2241 3460 2299 3514 δὲ
2319 3461 2609 3515 ἀπελεύσει
2649 3462 2788 3532 πρὸς
2821 3463 2950 3526 τοὺς
2978 3463 3223 3534 πατέρας
3278 3481 3372 3519 σου
3419 3466 3477 3519 ὲν
3500 3468 3728 3539 είρήνῃ,

2146 3553 2376 3624 τραφεὶς
2399 3555 2458 3606 ἐν
2487 3554 2650 3624 γήρει
2685 3553 2854 3626 καλῷ.
2912 3555 3158 3628 Τετάρτῃ
3180 3555 3239 3609 δὲ
3275 3559 3438 3628 γενεᾷ
3473 3562 3734 3631 στραφῆ-

2151 3661 2332 3701 σονται
2357 3639 2458 3700 ὧδε
2484 3662 2500 3677 ο
2530 3645 2682 3700 οὔπω
2701 3647 2810 3718 γὰρ
2838 3648 3126 3720 ἀναπεπλή
3137 3665 3337 3719 ρωνται
3363 3651 3418 3702 al
3440 3650 3723 3721 ἁμαρτίαι

2149 3736 2256 3790 τῶν
2317 3738 2663 3809 Ἀμορραίων
2721 3739 2825 3802 ἓως
2871 3737 2966 3792 τοῦ
3019 3738 3135 3795 νῦν.
3186 3757 3221 3791 r
3275 3741 3369 3793 Ἐκ
3426 3742 3526 3812 τῆς
3564 3741 3743 3807 θείας

2152 3829 2494 3899 ἀποκρίσεως
2519 3828 2635 3883 ἐστι
2667 3828 2873 3898 γνῶναι
2902 3830 2980 3901 (4)
3000 3832 3103 3885 τὸν
3137 3832 3337 3901 τρόπον
3379 3833 3476 3902 τῆς
3507 3834 3733 3905 ἐρωτή-

2138 3935 2310 3985 ησεως.
2359 3920 2574 3991 Ἐπειδὴ
2605 3915 2749 3985 εἶπε,
2782 3939 2801 3971 t
2830 3921 2983 3973 Κατὰ
3036 3921 3088 3973 τί
3121 3920 3401 3992 γνώσομαι
3455 3922 3538 3975 ὅτι
3584 3925 3732 3992 κλη-

2152 4011 2439 4081 ρονομήσω
2468 4011 2656 4079 αὐτὴν,
2692 4031 2711 4063 ι
2745 4011 2992 4082 ἐδιδάχθη
3025 4012 3149 4066 ὅσον
3180 4012 3279 4083 μὲν
3317 4012 3731 4083 παροικήσουσι

2151 4102 2364 4170 χρόνον,
2396 4103 2490 4155 καὶ
2531 4103 2680 4166 ὅπως
2721 4101 3254 4174 ταλαιπωρήσουσιν,
3290 4105 3421 4173 ὅσης
3455 4120 3512 4156 τε
3544 4100 3713 4168 ἀξιω-

2153 4190 2407 4266 Θήσονται
2437 4192 2800 4263 προμηθείας,
2835 4191 2943 4246 τῶν
2979 4193 3079 4262 μὲν
3131 4193 3460 4266 πολεμήσειν
3499 4192 3722 4247 ἐθελόν-

2149 4262 3013 4353 των.αὐτοῖς-ἀκολασθησομένων,
3059 4262 3273 4338 τούτων
3390 4284 3455 4339 τὰ
3490 4285 3730 4339 ἐκείνων

2151 4375 2632 4446 καρπωσαμὲνων·
2663 4376 2756 4428 καὶ
2779 4377 2864 4429 ὃτι
2886 4378 3089 4431 τούτων
3127 4376 3288 4441 αὐτὸς
3320 4377 3577 4446 οὐδεμίαν
3604 4380 3733 4430 πεῖ-

480 4469 741 4539 perientia
772 4476 1013 4538 accepta,
1043 4468 1095 4520 in
1124 4481 1256 4536 pace
1285 4481 1315 4519 e
1344 4466 1451 4518 vita
1491 4463 1839 4518 discessurus
1884 4472 2038 4517 esset.

2158 4439 2254 4531 ραν
2277 4439 2479 4526 λαϐὼν,
2513 4462 2571 4516 ὲν
2621 4463 2813 4536 εἰρήνῃ
2845 4463 3138 4519 καταλύσει
3166 4439 3422 4534 τὸννβίον.
3447 4439 3459 4446 ’
3480 4465 3729 4530 Ἐδίδαξε

483 4556 678 4610 Docuit
708 4556 910 4625 pariter
941 4554 1206 4608 rationem
1253 4552 1669 4631 dilationis,_ne
1709 4552 1830 4619 quis
1870 4552 2048 4621 suspi-

482 4656 730 4716 caretur,
782 4648 853 4702 Ob
900 4644 1250 4702 numerosam
1293 4645 1596 4698 incolarum
1646 4644 2048 4698 multitudinem
2098 4636 2107 4643 ⁴

484 4740 774 4794 Dominum
805 4736 973 4792 Deum
1029 4750 1137 4789 non
1171 4734 1414 4802 potuisse
1463 4732 1570 4787 illis
1610 4720 1825 4787 tradere
1876 4733 2051 4788 domi-

536 4892 562 4919 η
596 4881 759 4936 llebr.
788 4895 885 4943 vn,
913 4879 968 4933 5.

2154 4550 2211 4602 δὲ
2244 4551 2336 4604 καὶ
2362 4551 2462 4620 τῆς
2488 4552 2755 4623 ἀναϐολῆς
2778 4554 2877 4623 τῂν
2917 4556 3119 4621 αἰτίαν,
3171 4555 3259 4608 ἴνα
3290 4556 3367 4627 μή
3396 4573 3479 4619 τις
3508 4557 3727 4628 τοπὰσῃ

2157 4641 2244 4693 διὰ
2275 4641 2335 4693 τὸ
2381 4641 2582 4713 πλῆθος
2625 4644 2733 4695 τῶν
2780 4645 3130 4699 ἐνοικούντων
3186 4646 3262 4717 μὴ
3289 4646 3586 4717 δυνηθῆναι
3634 4648 3729 4703 τὸν

2160 4734 2434 4803 Δεσπότην
2463 4735 2596 4788 Θεὸν
2626 4735 2725 4804 τῆς
2757 4736 2859 4806 γῆς
2898 4738 3114 4807 ἐκείνην
3169 4738 3355 4802 αὐτοῖς
3387 4738 3728 4810 παραδοῦναι

1048 4885 1072 4913 °
1096 4876 1230 4932 Gen.
1259 4891 1368 4938 xw,
1400 4875 1483 4930 18.
1562 4887 1590 4926 ρ
1618 4875 1752 4930 Gen.
1777 4892 1864 4941 xv,
1891 4876 1944 4929 8.
2023 4886 2048 4926 (ι
2079 4876 2214 4932 Gen.
2244 4892 2335 4941 xv,
2370 4877 2549 4931 1546.
2621 4887 2642 4916 ι·
2678 4875 2813 4931 Gen.
2840 4892 2930 4940 xv,
2958 4876 3012 4931 8.

1374 5039 1607 5094 νΑιιιΑι
1632 5038 2009 5096 LECTIONES
2038 5040 2126 5094 EX
2170 5040 2445 5097 CATENA
2476 5032 2824 5096 LIPSIENSI.

558 5188 608 5222 ⁸⁸
639 5188 759 5244 Cat.
785 5201 838 5256 p.
873 5183 992 5239 I98.
1019 5181 1113 5235 τοῦ
1145 5179 1280 5235 Θεοῦ
1309 5195 1418 5234 om.
1494 5180 1536 5211 ⁸¹
1560 5178 1731 5248 δειχθ.
1757 5178 1846 5231 τὸν
1877 5179 2038 5249 τράπε

2176 5180 2219 5210 ⁸⁸
2263 5179 2380 5234 Cat.
2419 5195 2470 5249 p.
2504 5181 2628 5235 20L
2663 5179 3149 5250 ἢὲξελαυνομένων
3175 5196 3287 5237 om.

1990 5341 2222 5400 NOTAE.

563 5487 677 5551 (97)
708 5485 838 5539 Cod.
877 5493 928 5551 et
971 5481 1349 5551 Ρὶοεὲκείνοςς

561 5550 673 5626 (98)
707 5555 815 5609 Kal
837 5550 1024 5626 οἶνον.
1065 5550 1198 5626 God.
1243 5561 1295 5604 et
1327 5550 1443 5626 Pic.
1465 5550 1698 5626 addunt,
1733 5551 1827 5626 καὶ
1861 5550 2047 5626 στέαρ.

562 5621 672 5693 (09)
709 5623 917 5691 Τυχόν.
950 5624 1002 5675 In
1029 5622 1175 5693 cod:
1191 5631 1242 5693 et
1273 5621 1413 5693 apud
1465 5621 1576 5676 l’ic.
1634 5621 1879 5690 sequitur
1906 5622 2049 5673 nvi.

564 5687 663 5761 αι’
698 5687 874 5747 Ἔδει.
908 5694 1037 5749 Cod.
1069 5701 1121 5747 et
1150 5690 1263 5750 Pic.
1292 5687 1454 5745 εἶδεν.

2235 5482 2310 5561 (ἓ)
2359 5482 2849 5561 Ἀτάιρουίιέιὲυιτ.
2895 5485 3030 5561 Co‘d.
3083 5498 3137 5542 et
3159 5488 3285 5561 Pic.
3318 5489 3721 5561 ἐλαυνομένων.

2345 5553 2460 5631 iliis
2491 5553 2562 5618 τῇ
2718 5553 2851 5631 God.
2881 5568 2933 5610 et
2953 5557 3070 5631 Pic.
3106 5559 3335 5631 addunt,
3374 5553 3657 5631 ἀλλοτρίᾳ.

2233 5622 2547 5693 (4)7()οι1.01
2612 5622 2721 5693 Pie.
2775 5627 3095 5693 ἐπιγνῶναι.
3150 5622 3329 5683 Minus
3373 5622 3729 5685 benefl’icus

2164 5692 2414 5762 supplere
2454 5692 2621 5746 voluit
2650 5692 2848 5761 ἔξεστι,
2880 5692 2973 5751 aut
3002 5697 3196 5753 simile.
