3824 6318
88 161 111 218 ι
125 151 236 220 981

167 269 208 297 νυ

81 359 300 431 ψὰλατε
329 359 406 432 τῷ
425 361 546 433 Θεῴ
576 362 734 433 ήμῶν
777 367 836 419 ὲν
865 368 1090 442 κιθάρα.
1127 387 1149 421 ι
1186 369 1409 444 Ταύτην
1440 374 1616 429 τοίνυν
1634 375 1681 409 ⁸³

85 452 299 515 εἰδότες
339 452 437 507 τοῦ
478 452 617 508 Θεοῦ
661 456 762 527 τὴν
808 458 1144 532 ἁγαθότητα,
1186 463 1281 517 καὶ
1327 464 1542 533 σοφίαν,
1586 467 1682 521 καὶ

84 542 358 617 δύναμιν,
393 544 629 618 ἄρχεσθε
661 548 764 619 τῆς
798 552 1070 623 ὑμνῳδίας
1098 555 1351 626 ὀργάνοις
1399 560 1513 622 τοῖς
1558 575 1683 612 συν-

86 632 252 705 ήθεσι
281 633 582 706 χρώμενοι.

167 732 237 797 η’.
274 744 295 780 ι
330 726 423 799 Τῷ
468 730 855 802 περιϐάλλοντι
898 732 993 788 τὸν
1033 735 1265 808 οὐρανὸν
1306 738 1365 790 ἐν
1405 739 1680 809 νεφέλαις,

87 815 175 888 τῷ
197 818 543 890 ἑτοιμάζοντι
586 824 652 893 τῇ
686 825 757 895 γῇ
795 824 970 878 ὑετόν.
1011 844 1030 878 ι
1079 827 1391 900 Ἀμφότερα
1441 831 1535 884 καί⁵
1583 830 1686 898 τῆς

88 908 401 981 δυνάμεως,
439 912 535 966 καὶ
573 912 675 984 τῆς
716 915 1058 987 ἀγαθότητος
1101 917 1386 989 δείγματα.
1432 920 1520 985 Ὠς
1548 923 1688 991 ἁγα-

92 998 194 1064 οδς
240 999 340 1071 μὲν
391 1002 526 1074 γὰρ,
576 1003 673 1058 καὶ
716 1006 1119 1078 φιλάνθρωπος,
1170 1009 1533 1083 προμηθεῖται
1578 1012 1689 1067 τῶν

97 1093 198 1145 ἐπὶ
226 1092 330 1163 γῆς
357 1109 374 1126 ο
409 1093 487 1158 ὡς
530 1095 937 1168 παντοδύναμος
963 1098 1042 1165 δὲ,
1092 1103 1369 1176 μετέωρον
1396 1102 1551 1175 φέρει
1580 1104 1690 1157 τῶν

102 1184 319 1240 ὑδάτων
363 1182 464 1258 τὴν
510 1187 707 1257 φύσιν,
757 1190 851 1244 καὶ
906 1190 999 1245 τοῦ
1045 1193 1275 1265 οὐρανοῦ
1320 1195 1690 1264 συγκαλύπτει

95 1276 201 1350 τὴν
241 1276 392 1343 θέαν,
441 1277 640 1352 δροφόν
682 1297 804 1335 τινα
838 1283 1005 1352 μέσον
1046 1285 1280 1355 οὐρανοῦ
1321 1288 1416 1349 καὶ
1458 1287 1566 1356 γῆς
1603 1287 1692 1340 διὰ,

95 1367 216 1421 τῶν
258 1368 438 1439 νεφῶν
486 1373 923 1442 τεκταινόμενος,
978 1373 1075 1428 καὶ
1121 1377 1243 1441 ταῖς
1289 1376 1443 1431 ὠδῖσι
1486 1378 1692 1431 τούτων

97 1456 286 1527 ἄρδων
314 1458 412 1528 τὴν
439 1458 565 1529 γῆν.
595 1456 728 1513 Εἶτα
755 1459 852 1532 τήν
877 1463 1128 1519 ἐντεῦθεν
1153 1467 1430 1538 φυομένην
1453 1466 1691 1522 δείκνυσι

100 1548 323 1620 χρείαν.
364 1565 384 1602 ι
431 1549 523 1621 Τῷ
554 1549 961 1616 ὲξανατέλλοντι
1004 1556 1064 1610 ἐν
1092 1556 1245 1629 ὄρεσι
1277 1559 1493 1630 χόρτον,
1525 1561 1620 1614 καὶ
1642 1560 1689 1593 ⁸³

1399 167 1481 230 ΙΝ
1501 168 1706 233 PSAL.
1744 170 2027 237 CXLVII.

162 269 229 335 ζ’.
288 286 309 322 ι
379 268 674 344 Ἐξάρξατε
724 272 804 346 τῷ
864 275 1057 349 Κυρίῳ
1111 277 1170 332 ὲν
1228 276 1619 352 ἐξομολογήσει
1647 300 1663 317 ’

1853 285 2024 343 Vitas.
2071 288 2133 348 7.-
2173 308 2192 342 ι
2223 289 2513 348 Praecinite
2540 291 2776 348 Domino
2816 304 2942 347 cum
2984 288 3357 358 confessione,

3225 172 3363 242 1982

1784 379 1998 449 psallite
2022 378 2132 436 Deo
2153 389 2342 437 nostro
2361 396 2489 438 cum
2510 383 2740 439 cithara.
2767 401 2786 435 ι
2814 379 2966 438 lianc
2995 382 3164 453 igitur
3181 384 3363 439 scien-

1785 480 1869 528 tes
1900 471 1990 526 Dei
2022 472 2346 541 bonitatem,
2387 484 2444 530 et
2489 474 2839 545 sapientiam,
2883 484 2939 529 et
2969 475 3251 536 virtutem,
3283 473 3367 528 in-

1785 558 1951 628 cipite
1988 562 2315 630 hymnorum
2345 562 2676 619 cantilenam
2707 563 2931 618 usitatis
2976 562 3368 618 instrumentis

1788 660 2024 709 utentes.

1858 746 1874 764 '
1900 744 2064 801 Vsus.
2095 745 2149 802 8.
2196 764 2217 799 ι
2243 744 2348 813 Qui
2386 747 2563 817 operit
2587 750 2788 804 calum
2829 747 3093 811 nubibus,
3126 758 3181 802 et
3211 755 3367 817 parat

1788 847 1947 893 terra:
1976 837 2232 908 pluviam.
2267 857 2287 890 ι
2322 836 2566 910 Utraque
2611 848 2742 896 sunt
2777 840 2958 910 signa,
3003 848 3061 895 et
3086 839 3362 910 potentiae.

1787 937 1842 984 et
1871 928 2147 984 bonitatis.
2179 928 2314 985 Nam
2344 939 2404 985 ut
2428 931 2607 987 bonus
2632 939 2687 987 et
2714 932 3002 1004 benignus,
3027 946 3217 987 eorum
3242 946 3368 1001 qua:

1789 1036 1959 1091 supra
2006 1027 2211 1075 terram
2266 1030 2397 1075 sunt
2436 1037 2624 1077 curam
2677 1024 2817 1093 gerit
2845 1062 2860 1087 ,
2904 1032 2966 1077 ut
3016 1023 3367 1091 omnipotens

1790 1121 1995 1179 autem,
2033 1128 2297 1184 aquarum
2344 1123 2597 1168 naturam
2641 1115 2699 1168 in
2733 1114 2970 1170 sublime
3003 1114 3175 1175 tollit,
3223 1114 3368 1169 rmli-

1791 1222 1897 1277 qne
1925 1221 2205 1276 aspecunn
2237 1206 2433 1276 operit,
2481 1222 2577 1276 per
2609 1206 2833 1262 nebulas
2876 1205 3155 1262 fabricatis
3191 1205 3360 1260 voluti

1794 1299 2067 1370 quoddam
2088 1307 2286 1354 tectum
2316 1298 2457 1352 inter
2488 1299 2688 1353 caelum
2735 1307 2792 1353 et
2820 1307 3043 1362 terram,
3090 1307 3145 1353 et
3172 1298 3371 1351 harum

1794 1392 2056 1463 partubus
2086 1400 2286 1446 terram
2311 1390 2567 1459 irrigans.
2604 1389 2811 1446 Deinde
2835 1389 3095 1454 fructum,
3124 1389 3219 1459 qui
3245 1390 3373 1444 hinc

1792 1484 2006 1549 oritur,
2049 1483 2307 1539 ostendit.
2346 1501 2364 1534 ι
2394 1482 2498 1549 Qui
2548 1481 2799 1549 producit
2863 1482 2920 1536 in
2978 1482 3256 1536 montibus
3294 1478 3373 1535 fe-

1798 1592 1950 1641 num,
1988 1585 2044 1632 et
2089 1576 2315 1630 herbam
2363 1573 2611 1630 servituti
2658 1573 2967 1628 hominum.
2999 1592 3018 1624 ι
3072 1572 3208 1627 Nam
3263 1587 3372 1626 non

303 1642 370 1735 τῇ
394 1641 615 1735 δουλεία
637 1644 747 1698 τῶν
770 1645 1128 1717 ἀνθρώπων.»
1154 1648 1232 1705 Οὐ
1257 1650 1367 1720 γὰρ
1399 1651 1559 1723 μόνον
1593 1653 1684 1724 τήν

1808 1638 1975 1726 solum
2004 1677 2204 1724 terram
2238 1668 2306 1723 ab
2340 1667 2661 1723 hominibus
2684 1666 2884 1720 cultam
2917 1664 3131 1735 1572
3159 1663 3371 1735 irrigat,

100 1730 540 1823 61-3‘ﬁVOPtilﬂwV
576 1737 1004 1810 γεωργουμένην
1050 1738 1208 1812 ἄρδει
1247 1742 1373 1812 γῆν,
1415 1742 1550 1797 ἀλλὰ
1600 1746 1684 1799 καὶ

1808 1758 1889 1812 sed
1933 1756 2095 1810 etiam
2127 1765 2341 1810 montes
2384 1762 2439 1809 et
2472 1754 2687 1810 deserta
2720 1753 2860 1818 loca,
2894 1752 3154 1823 pabulum
3189 1767 3254 1805 ex
3288 1751 3374 1805 his

97 1820 335 1919 ti-opq,
378 1824 473 1879 καὶ
516 1827 643 1890 τοὺς
683 1824 923 1899 ἐρήμους
969 1828 1204 1904 χώρους,
1245 1833 1339 1885 τὸν
1387 1835 1453 1888 ὲκ
1490 1834 1684 1890 τούτων

1808 1862 1980 1906 ortum
2023 1848 2356 1904 animalibus
2401 1848 2669 1919 praebens.
2719 1846 2787 1901 Et
2829 1820 2934 1900 hoc
2965 1845 3186 1915 quidem
3223 1843 3374 1908 facit,

103 1912 380 1983 φυόμενον
415 1916 566 1986 χιλὸν
595 1918 923 1993 προσφέρων
955 1924 1065 1986 τοῖς
1104 1925 1350 1995 κτήνεσι.
1391 1926 1503 1981 Καὶ
1538 1926 1684 1981 τοῦτι

1808 1950 1859 1995 ιιι
1900 1938 2177 1995 beneﬁciis
2229 1912 2480 1993 homines
2514 1936 2751 1991 alliciat:
2785 1912 3048 1990 animalia
3088 1935 3234 1991 enim
3277 1934 3377 1990 ho-

108 2004 218 2098 μὲν
250 2004 336 2098 διὰ
368 2006 466 2079 τήν
496 2009 575 2072 είς
623 2010 950 2082 ἀνθρώπους
994 2015 1316 2087 εὐεργεσίαν
1363 2021 1530 2072 ποιεῖ·
1581 2022 1684 2085 τοῖς

1808 2031 2042 2086 minibus
2073 2028 2282 2084 servire
2306 2026 2496 2098 jussit.

106 2094 421 2167 ἀνθρώποις
451 2101 563 2172 γὰρ
593 2101 891 2173 ὑπουργεῖν
921 2104 991 2157 τὰ
1018 2106 1192 2176 κτήνη
1229 2108 1588 2178 προσέταξεν.

181 2187 252 2244 θ’.
306 2192 416 2244 Καὶ
436 2191 483 2223 ιδ
531 2191 728 2247 διδόντι
801 2199 1026 2267 κτήνεσι
1086 2198 1296 2270 τροφὴν
1343 2199 1546 2267 αὐτῶν,
1603 2201 1684 2255 καί

1871 2205 2036 2262 Vsus.
2070 2206 2126 2262 9.
2170 2224 2190 2257 ι
2224 2204 2328 2272 Qui
2355 2204 2451 2260 dat
2484 2203 2752 2275 iumentis
2779 2215 2965 2259 eseam
3003 2200 3276 2271 ipsorum,
3318 2207 3376 2256 et

104 2282 228 2343 τοῖς
279 2285 520 2347 νεοσσοῖς
586 2284 698 2339 τῶν
765 2287 1022 2359 κοράκων
1078 2290 1193 2354 τοῖς
1251 2291 1684 2363 ἐπικαλουμένοις

1808 2300 1967 2371 pullis
2009 2314 2301 2355 corvorum
2349 2297 2737 2353 invocantibus
2777 2311 2927 2352 eum.
2957 2313 2978 2348 ι
3011 2291 3130 2350 Νοη
3169 2300 3256 2348 est
3289 2306 3379 2348 ra-

108 2369 299 2462 αὑτόν.
337 2389 358 2424 ι
403 2372 479 2426 οὐ
508 2373 703 2446 λογική
736 2374 845 2429 τῶν
886 2378 1138 2449 κοράκων
1169 2382 1203 2452 ἡ
1245 2379 1428 2450 φύσις,
1467 2383 1577 2436 οὐδ’
1612 2384 1684 2438 ὅτι

1808 2369 1963 2450 tionis
2002 2392 2275 2462 particeps
2320 2405 2614 2448 corvorum
2659 2398 2879 2455 natura,
2922 2402 3101 2458 neque
3147 2385 3377 2442 rationis

108 2461 351 2530 λογικῶς
398 2463 743 2520 ἐπικαλεῖται
792 2466 885 2520 τὸν
931 2470 1163 2542 ποιητήν
1194 2486 1210 2500 ο
1242 2471 1359 2526 ἀλλ’
1394 2475 1428 2543 ή
1463 2473 1551 2528 διὰ
1600 2473 1684 2545 τὴι

1808 2485 1964 2541 ductu
1998 2461 2251 2554 opiﬁcem
2304 2483 2542 2545 invocat,
2577 2482 2677 2537 sed
2718 2480 2931 2535 clamor
2973 2479 3044 2536 ob
3078 2476 3378 2533 necessita-

109 2553 305 2625 χρείαν
352 2556 572 2627 κραυγὴ
630 2561 883 2628 μιμεῖται
939 2559 1037 2631 τὴν
1100 2561 1338 2634 αἴτησιν.
1417 2564 1684 2619 Ἐντεῦθει

1808 2587 1909 2629 tem
1931 2553 2171 2631 emissus
2195 2571 2511 2643 petitionem
2540 2572 2805 2627 imitatur.
2836 2569 2975 2626 Hinc
2996 2569 3193 2640 opinor
3210 2567 3376 2623 etiam

111 2645 359 2716 ἠγοῦμαι
388 2648 482 2701 καὶ
503 2648 595 2702 τὸν
627 2650 906 2721 Δεσπότην
928 2652 1189 2723 Χριστὸν,
1221 2654 1330 2708 τῶν
1357 2655 1533 2711 ἄλλων
1563 2676 1672 2729 πτη

1808 2664 2092 2720 Dominum
2123 2663 2426 2732 Christum,
2454 2664 2688 2718 aliarum
2726 2662 2909 2718 avium
2953 2660 3215 2716 memoria
3241 2674 3379 2729 prte-

109 2739 225 2792 νῶν
268 2739 640 2795 καταλιπόντα
687 2743 787 2814 τήν
836 2746 1078 2817 μνήμην,
1123 2747 1234 2801 τῶν
1268 2750 1520 2819 κοράκων
1567 2769 1684 2822 μνη-

1808 2759 1981 2824 terita,
2013 2771 2303 2812 corvorum
2334 2755 2692 2821 meminisse,
2720 2762 2775 2808 et
2803 2751 3092 2823 discipulis
3122 2751 3330 2806 dixisse
3357 2766 3373 2804 :

111 2828 334 2899 σθῆναι,
358 2831 584 2894 καὶτοῖς
611 2833 880 2905 μαθηταῖς
911 2835 1524 2908 εἰπεῖν,ιἈποϐλέψατε
1546 2841 1592 2872 ⁴⁵
1620 2841 1684 2903 είς

1808 2866 1826 2900 ι
1861 2846 2136 2917 Respicite
2175 2847 2243 2900 ad
2291 2860 2509 2908 corvos,
2547 2843 2679 2913 quia
2710 2856 2818 2897 non
2871 2843 3164 2902 seminam,
3201 2854 3379 2909 neque

109 2923 245 2984 τοὺς
273 2922 541 2993 κόρακας,
565 2925 649 2978 ὅτι
683 2925 744 2977 οὐ
769 2924 814 2955 ’⁵⁸
844 2926 1182 2996 σπείρουσιν,
1216 2927 1338 2982 οὐδὲ
1380 2929 1684 2998 συνάγουσα

1808 2934 2136 3010 congregant
2158 2939 2215 2994 in
2234 2937 2450 3002 horrea,
2475 2944 2532 2992 et
2556 2917 2716 2990 Pater
2740 2942 2920 2992 vester
2942 2932 3182 2990 cralestis
3206 2930 3379 3003 pascit

112 3014 202 3076 εἰς
231 3012 545 3086 ἀποθήκας,
580 3017 678 3069 καὶ
702 3017 731 3069 6
766 3018 958 3089 Πατὴρ
992 3019 1145 3088 ὑμῶν
1171 3022 1202 3074 ό
1234 3020 1486 3091 οὐράνιος
1507 3020 1694 3091 τρέφει

107 3102 332 3169 αὐτούς.
375 3125 397 3157 ι

189 3202 241 3261 ι’,
271 3195 360 3250 ια’.
410 3213 430 3248 ι
466 3196 581 3251 Οὐκ
626 3199 686 3253 ὲν
706 3200 773 3270 τῇ
808 3198 1100 3275 δυναστεία
1124 3201 1217 3256 τοῦ
1249 3203 1418 3257 ἵππου
1459 3204 1697 3277 θελήσει,

107 3286 237 3341 οὐδὲ
264 3290 324 3342 ἑν
359 3290 481 3353 ταῖς
527 3291 767 3361 κνήμαις
818 3291 913 3346 τοῦ
958 3295 1151 3364 ἀνὸρδς
1195 3297 1427 3354 εὐδοκεῖ.
1474 3300 1702 3354 Εὑδοκεῖ

110 3378 325 3449 Κύριος
378 3383 438 3435 ὲν
470 3384 584 3445 τοῖς
634 3382 999 3454 φοϐουμένοις
1049 3388 1232 3453 αὑτὸν,
1268 3390 1363 3443 καὶ
1408 3392 1468 3446 ὲν
1520 3395 1631 3457 τοῖς
1654 3392 1699 3425 ⁸τ

109 3471 430 3535 ἐλπίζουσιν
455 3473 549 3525 ἐπὶ
577 3474 637 3527 τὸ
666 3475 812 3540 ἔλεος
842 3476 1028 3531 αὑτοῦ.
1065 3497 1084 3532 ι
1119 3480 1194 3532 Οὐ
1224 3479 1392 3554 ῥώμῃ
1425 3480 1700 3554 σώματος,

109 3566 257 3633 φησι
288 3603 304 3630 ,
352 3565 449 3619 καὶ
488 3566 689 3638 ἱππικῇ
739 3568 907 3639 τέχνῃ
934 3610 948 3630 ,
1000 3571 1097 3624 καὶ
1140 3572 1408 3645 ταχύτητι
1449 3576 1627 3632 ποδῶν
1672 3578 1703 3631 6

108 3653 251 3719 Θεὸς
274 3655 634 3727 ἐπιτέρπεται
661 3673 676 3686 ·
708 3657 848 3712 ἀλλὰ
878 3660 1074 3724 καλαῖς
1111 3661 1383 3731 πράξεσιν
1403 3665 1471 3731 ⁵⁸,
1506 3660 1581 3721 ὧν
1606 3666 1702 3739 δη-

112 3747 382 3817 μιουργὸς
414 3749 448 3813 ἡ
480 3748 755 3803 εὐλάϐεια.
802 3751 877 3804 Οὐ
922 3752 1086 3821 μόνον
1130 3753 1187 3806 δὲ
1233 3756 1439 3810 τούτων
1486 3775 1705 3830 προμη-

110 3838 294 3891 θείται
342 3838 676 3903 σπουδαίως,
709 3840 846 3895 ἀλλὰ
897 3843 993 3896 καὶ
1040 3836 1150 3898 τῶν
1204 3849 1705 3918 περιπεπτωκότων

108 3929 439 4000 ἁμαρτίαις,
477 3932 813 4004 μεταμελείᾳ
858 3933 915 3987 δὲ
955 3938 1344 4008 χρησαμένων,
1382 3943 1475 3995 καὶ
1515 3959 1705 4014 στηρι-

110 4019 358 4094 χθέντων
389 4026 456 4094 τῇ
494 4023 592 4093 τῆς
618 4023 1036 4096 φιλανθρωπίας
1060 4028 1258 4085 ἑλπίδι.
1295 4032 1370 4084 Οὐ
1402 4032 1512 4103 γὰρ
1543 4034 1706 4102 μόνον

110 4116 238 4178 τοῖς
284 4115 511 4180 τελείοις
557 4116 659 4187 τῆς
710 4116 911 4189 ἀρετῆς
969 4119 1228 4192 ἀθληταῖς
1285 4123 1390 4197 ἔφη
1433 4126 1527 4178 τὸν
1574 4127 1706 4181 Θεὸν

111 4206 388 4273 εὐδοκεῖν,
417 4208 556 4262 ἀλλὰ
590 4211 684 4261 καὶ
716 4210 811 4263 ἐπὶ
852 4212 965 4272 τοῖς
1004 4212 1095 4267 τὸν
1129 4213 1276 4270 θεῖον
1307 4217 1706 4289 προσμένουσιν

109 4296 292 4357 ἔλεον.

404 4416 668 4473 EPMHN.
712 4420 852 4474 ΤΟΥ
900 4420 1063 4475 PMZ'
1101 4423 1420 4479 ΨΑΛΜΟΥ.

205 4527 569 4597 Ἀνίληλούὶϊι
589 4530 653 4587 ⁸⁸.
689 4531 912 4604 ’Υμνεϊν
934 4533 981 4565 ⁵⁸
1034 4532 1131 4587 καὶ
1190 4533 1426 4589 ἐνταῦθα
1454 4553 1705 4607 παρακε-

116 4617 341 4672 λεύεται
372 4619 402 4673 6
433 4621 770 4692 προφητικὺς
812 4623 989 4694 λόγος.
1051 4623 1317 4695 Προλέγει
1362 4623 1420 4678 δὲ
1460 4627 1556 4680 καὶ
1601 4627 1702 4699 τήν

121 4708 268 4780 μετὰ
309 4709 409 4781 τὴν
462 4712 722 4767 ὲπὶινοδον
768 4716 1145 4788 γεγενημένην
1211 4716 1391 4789 νίκην.
1449 4718 1592 4791 Πρὸς
1644 4720 1701 4773 δὲ

118 4800 317 4876 ταύτῃ,
339 4803 433 4856 καὶ
468 4803 538 4857 τὰ
573 4802 684 4857 τῶν
722 4804 1038 4862 ἀποστόλων
1086 4807 1442 4880 προθεσπίζει
1494 4812 1708 4885 κηρύγ-

123 4909 275 4963 ματα
298 4933 313 4958 ,
349 4893 532 4947 πᾶσαν
564 4894 648 4948 ὅτι
684 4895 918 4966 τάχιστα
961 4897 1324 4970 διαδραμόντα
1372 4901 1472 4972 τὴν
1525 4905 1706 4976 οἰκου-

122 4985 320 5057 μένην.

200 5132 226 5162 ι
250 5121 384 5179 Luc.
420 5140 516 5191 an,
560 5124 643 5178 l4.

1801 3030 1925 3085 illos
1950 3038 1994 3083 ⁸.
2031 3047 2051 3081 ι

1877 3208 2038 3265 Vsus.
2074 3208 2160 3275 ίθ,
2197 3208 2287 3263 ll.
2316 3227 2334 3260 t
2361 3206 2479 3262 Non
2504 3208 2559 3262 iu
2595 3207 2920 3263 fortitudine
2937 3206 3065 3277 equi
3086 3205 3381 3263 delectabi-

1801 3313 1912 3367 tur,
1944 3318 2052 3357 nec
2096 3301 2151 3355 in
2201 3299 2351 3355 tibiis
2378 3299 2480 3354 viri
2521 3298 2924 3368 beneplacitum
2957 3297 3065 3352 erit
3103 3297 3173 3352 ei.
3211 3296 3383 3353 Bene-

1807 3395 2065 3465 placitum
2099 3403 2182 3449 est
2208 3392 2442 3448 Domino
2498 3393 2554 3445 in
2597 3391 2679 3446 eis
2706 3390 2804 3461 qui
2832 3386 3043 3444 timent
3064 3404 3214 3457 eum,
3242 3388 3383 3444 etin

1803 3486 1906 3552 eis,
1955 3484 2052 3555 qui
2108 3492 2331 3553 sperant
2389 3497 2558 3551 super
2603 3481 2985 3536 misericordia
3024 3480 3163 3552 ejus.
3193 3499 3214 3532 ›
3263 3477 3383 3535 Νοη

1803 3575 2048 3645 corporis
2080 3575 2299 3638 robore,
2332 3572 2429 3637 ait,
2461 3580 2517 3626 et
2539 3571 2781 3641 equestri
2812 3579 2948 3637 arte,
2982 3578 3039 3626 et
3069 3571 3267 3643 pedum
3293 3584 3385 3627 ce-

1804 3667 2017 3723 leritate
2050 3664 2193 3720 Deus
2225 3662 2549 3728 delectatur,
2587 3661 2681 3716 sed
2712 3661 2871 3717 bonis
2900 3663 3208 3719 actionibus
3230 3662 3384 3719 oble-

1805 3767 2004 3823 ctatnr,
2056 3769 2293 3825 quarum
2339 3761 2532 3808 auctor
2583 3761 2669 3807 est
2715 3752 2925 3821 religio.
2963 3753 3231 3808 Caeterum
3270 3769 3384 3809 non

1806 3848 1969 3904 modo
1998 3849 2197 3902 horum
2243 3845 2490 3902 studiose
2527 3843 2667 3914 gerit
2695 3858 2907 3909 curam,
2954 3844 3049 3899 sed
3078 3844 3240 3899 etiam
3273 3844 3389 3900 illo—

1806 3957 1953 4007 rum,
2001 3940 2096 4012 qui
2144 3940 2200 3994 in
2232 3946 2455 4009 peccata
2494 3936 2733 4007 prolapsi
2772 3945 2919 4003 sunt,
2971 3944 3027 3991 et
3066 3938 3385 4007 poenitentia

1807 4014 2056 4096 utuntitr,
2085 4039 2140 4087 et
2164 4029 2520 4100 benignitatis
2548 4043 2646 4097 spe
2691 4028 3106 4084 confirmantur.
3142 4026 3259 4082 Non
3293 4043 3385 4084 so-

1809 4127 1921 4181 lum
1948 4123 2093 4179 enim
2131 4119 2389 4192 perfectis
2416 4120 2634 4174 virtutis
2668 4120 2893 4176 athletis
2927 4119 3184 4175 delectari
3216 4121 3386 4174 Deum

1808 4217 1958 4280 dicit,
1991 4214 2085 4271 sed
2113 4215 2278 4270 etiam
2315 4213 2421 4277 his,
2450 4213 2547 4283 qui
2577 4211 2822 4268 divinam
2864 4220 3184 4284 exspectant
3219 4212 3389 4268 mise-

1738 4313 1783 4368 D
1813 4307 2128 4364 ricordiam.

2032 4417 2245 4490 1573
2284 4415 2560 4473 lNTERP.
2598 4415 2850 4471 PSALMI
2892 4415 3148 4473 CXLVII.

1880 4535 2132 4591 Alleluia.
2170 4530 2347 4586 Etiam
2381 4530 2489 4585 hoc
2531 4530 2587 4585 in
2633 4530 2754 4586 loco
2807 4545 2991 4586 sermo
3036 4528 3390 4600 prapht-ticus

1810 4628 2066 4684 hortatur
2090 4632 2150 4677 ut
2181 4620 2347 4676 Deum
2388 4619 2696 4676 laudemus.
2728 4619 2983 4675 Praedicit
3010 4629 3192 4673 autem
3224 4617 3387 4673 etiam

1812 4727 1936 4792 post
1978 4716 2260 4772 obtentum
2303 4713 2322 4733 ‘
2372 4712 2603 4766 reditum
2643 4711 2953 4767 victoriam.
3002 4713 3085 4766 Ac
3130 4721 3390 4779 praetcrea

1814 4808 2227 4886 praedicationes
2244 4819 2467 4875 quoque
2490 4803 2863 4874 apostolorqu
2888 4803 3240 4866 vaticinatur,
3264 4815 3392 4872 qua)

1814 4916 1991 4962 totum
2018 4911 2290 4958 tz-rrarnm
2321 4897 2510 4955 orbem
2563 4911 2734 4969 quam
2776 4896 3063 4952 celerrime
3106 4908 3395 4965 percurre.

1815 5005 1960 5052 runt.

1231 5258 1470 5316 γΑιιιΑῑ
1507 5261 1890 5317 LECTIONES
1924 5259 2012 5315 ΕΤ
2042 5259 2276 5314 NOTAE.

201 5378 251 5412 “
284 5377 519 5433 Τοίνυν.
554 5379 719 5431 Abest
753 5393 780 5430 ιι
819 5377 938 5431 cod.
978 5376 1027 5431 Ι.

128 5454 301 5510 Abest
332 5467 359 5503 ιι
391 5449 512 5503 cod.
547 5451 598 5503 i.
674 5451 717 5481 ⁸⁵
740 5452 837 5502 ιὀίΙ
876 5449 894 5500 1
937 5446 1263 5515 ὲςιὸλὲψατε.

1142 5377 1187 5409 ⁸³
1212 5377 1323 5432 Kal
1351 5409 1420 5419 ——-
1457 5378 1684 5448 dropo'm

1848 5379 1968 5434 Des.
2007 5380 2059 5432 in
2118 5389 2258 5432 luxui
2314 5376 2475 5431 llohr.
2532 5386 2585 5431 ct
2634 5376 2687 5429 in
2740 5376 2863 5431 cod.
2918 5376 3073 5448 Alex.

1332 5448 1380 5479 “
1408 5451 1527 5504 coal.
1570 5451 1592 5504 1
1627 5449 1753 5503 οὔτε

130 5524 271 5596 κατι.
304 5519 617 5596 πρᾴξεσιν.
640 5519 777 5596 _cod.
812 5517 1004 5596 ρΔὰλλὰ
1035 5517 1265 5596 ἀγαθαῖς
1290 5519 1647 5596 επιτέρπεται
1678 5519 1962 5596 πράξεσιν.

3188 5373 3235 5407 ιι

1849 5379 1968 5434 Des.
2007 5380 2059 5432 in
2118 5389 2258 5432 luxui
2314 5376 2475 5431 Hebr.
2532 5386 2585 5431 ct
2634 5376 2687 5429 in
2740 5376 2863 5431 cod.
2918 5376 3073 5430 Alex.
3188 5374 3235 5407 “
3259 5374 3392 5433 Kal.

1849 5449 1893 5481 ”
1932 5450 2078 5514 Τοῖς.
2120 5450 2174 5502 1η
2238 5458 2382 5501 textu
2432 5448 2538 5499 τῶν
2568 5448 2624 5499 0'
2663 5461 2849 5509 prtem.
2894 5446 3049 5498 πᾶσι.
3103 5443 3397 5514 7⁸⁸Ἀ4λιί

2047 5522 2089 5550 ⁸³
2118 5517 2458 5583 ‘A.l.1n.1.ln
2494 5526 2641 5572 textu
2684 5515 2795 5569 τῶν
2844 5516 2899 5570 0'
2957 5513 3216 5584 sequitur.
3267 5513 3395 5583 Ἆγ⁴

130 5591 291 5664 γαίου
325 5583 418 5644 καὶ
447 5588 735 5660 Ζαχαρίου.
811 5587 858 5620 ⁸ο
902 5583 1140 5656 ’Υμνεῖν
1162 5617 1230 5628 -
1260 5583 1641 5660 οἰκουμένην.
1677 5633 1684 5646 .

1808 5588 1936 5660 )rig.
1971 5589 2085 5644 tunc
2118 5589 2433 5644 referuntur
2483 5588 2629 5658 apud
2679 5585 2849 5641 (Iord.
2886 5586 2923 5641 Ι.
2954 5599 3005 5639 e.
3040 5583 3096 5656 p.
3126 5583 3253 5640 819.
