3940 6318
513 202 653 267 1983

584 312 750 369 Vens.
780 313 864 382 1‘2,
895 317 1230 381 ll’mLauda,
1263 330 1296 368 0
1325 313 1727 385 Hierosolyma,
1762 316 2054 371 Dominum
2084 330 2163 385 ,Α

509 403 672 457 lauda
689 404 856 459 Deum
879 417 1057 472 tuum,
1081 406 1236 461 Sion.
1260 405 1530 472 Quoniam
1559 409 1888 462 confortavit
1911 418 2089 462 vectes

510 505 793 562 portarum
823 506 1064 550 tuarum.
1105 515 1123 547 ι
1175 495 1278 550 Per
1329 497 1751 566 inexpugnabile
1795 497 1886 552 Dei
1939 499 2094 552 auxi-

511 584 642 636 lium
670 626 685 650 ,
733 594 788 639 et
829 587 898 639 ab
935 587 1188 643 hostibus
1234 588 1485 653 liberata,
1534 598 1590 642 et
1628 603 1736 643 non
1786 602 2090 661 expugnata

511 689 761 738 manens,
796 689 829 728 o
863 674 1242 747 Hierosolyma
1271 719 1285 743 ,
1319 679 1554 747 hymnos
1593 679 1840 732 beneficii
1877 680 2092 734 auctori

509 766 768 834 repende.
805 766 1229 840 Hierosolymam
1269 780 1449 824 autem
1485 785 1593 824 non
1633 770 1858 825 aedilicia
1901 780 2090 838 vocat,

511 857 609 910 sed
647 858 767 927 ejus
800 861 1027 914 incolas.
1071 880 1089 910 σ
1126 860 1408 915 Bcnedixit
1446 861 1570 916 liliis
1598 861 1780 916 tuisin
1815 870 1920 915 te.»
1958 861 2092 916 Nam

511 949 893 1005 benedictione
943 959 1165 1021 accepta
1217 952 1286 1006 de
1342 951 1700 1021 procreandis
1755 951 1984 1016 liberis,
2037 961 2093 1007 et

513 1041 724 1106 multis,
757 1041 810 1095 in
847 1044 1255 1098 multitudinem
1288 1052 1446 1098 aucta
1478 1058 1558 1098 es.

583 1139 754 1194 Vens.
789 1135 878 1188 M.
920 1153 938 1186 ι
970 1133 1075 1200 Qui
1110 1137 1266 1205 ponit
1297 1135 1431 1190 lines
1463 1145 1588 1190 tuos
1623 1151 1829 1204 pacem.
1864 1154 1883 1187 ι
1923 1134 2094 1190 Undi-

512 1239 620 1290 que
655 1224 751 1278 tibi
781 1240 970 1294 pacem
1005 1227 1249 1281 donavit.
1290 1225 1546 1280 Exterriti
1580 1228 1722 1279 enim
1753 1242 1967 1292 eorum,
1998 1229 2092 1298 qui

512 1312 568 1366 in
606 1314 745 1368 bello
775 1316 1191 1380 occubuerunt,
1223 1324 1392 1382 metu,
1421 1316 1606 1370 czeteri
1641 1317 1820 1371 redire
1846 1332 1956 1372 non
1989 1318 2093 1371 ite-

516 1420 638 1457 rum
679 1406 902 1460 audent.
955 1425 973 1457 ι
1003 1407 1070 1460 Et
1103 1407 1262 1477 adipe
1311 1405 1570 1462 frumenti
1620 1407 1782 1461 satiat
1825 1418 1894 1463 te.
1930 1429 1949 1461 ι
1987 1409 2094 1464 Co-

514 1497 668 1564 piosc
705 1497 870 1551 etiam
915 1497 1063 1552 dedit
1105 1499 1204 1552 tibi
1252 1498 1396 1554 bona
1439 1515 1470 1553 e
1515 1510 1657 1554 terra
1695 1511 1836 1556 orta.
1875 1499 2095 1570 Adipem

1535 206 2026 266 TIIEODORETI
2060 208 2399 268 EPISCOPI
2461 207 2829 269 CYRENSIS

2277 318 2365 387 ιβ’,
2387 325 2477 385 ιγ’.
2500 340 2518 370 ι
2543 321 2810 382 Ἐπαίνει,
2859 315 3241 388 Ἰερουσαλὴμ,
3277 311 3368 366 τὸν
3398 311 3627 383 Κύριον,
3645 313 3796 365 αἴνει

2202 409 2294 462 τὸν
2318 409 2451 463 Θεόν
2483 428 2598 474 σου,
2634 410 2923 463 Σιών.”οτι
2966 408 3218 478 ἐνίσχυσε
3260 406 3383 468 τοὺς
3417 403 3647 474 μοχλοὺς
3679 405 3794 458 τῶν

2199 500 2384 553 πυλῶν
2419 517 2535 553 σου.
2565 521 2581 552 ι
2622 500 2720 553 Διά
2753 501 2852 570 τὴν
2899 499 3114 569 ἄμαχον
3143 496 3240 551 τοῦ
3273 495 3410 550 Θεοῦ
3455 495 3650 566 ῥοπὴν,
3694 498 3793 548 καὶ

2194 591 2304 644 τῶν
2355 591 2632 660 πολεμίων
2683 587 3222 657 ἀπαλλαγεῖσα,καὶ
3272 586 3696 657 ἀπολιόρκητος,
3745 580 3791 638 ὦ

2206 684 2580 755 Ἰερουσαλὴμ,
2605 685 2855 754 μείνασα,
2883 683 3074 753 ὕμνοις
3096 681 3324 751 ἀμείϐου
3349 679 3441 733 τὸν
3464 680 3785 750 εὐεργέτην.

2209 777 2608 844 Ἰερουσαλὴμ
2641 776 2699 829 δὲ
2747 776 2808 828 ού
2838 774 2937 838 τὰς
2962 773 3279 844 οἰκοδομίας
3305 772 3478 837 καλεῖ,
3500 771 3635 824 ἁλλά
3665 772 3790 834 τοὺς

2192 869 2396 940 ταύτης
2443 871 2751 941 οἰκήτορας.
2811 888 2829 920 ι
2864 867 3144 936 Εύλόγησε
3194 866 3320 928 τοὺς
3368 863 3522 928 υίούς
3586 880 3679 916 σου
3728 865 3787 916 ἐν

2196 960 2299 1014 σοί.
2338 979 2356 1011 ι
2396 961 2698 1024 Εὐπαιδίας
2733 960 2842 1029 γὰρ
2873 959 2968 1012 καὶ
3000 956 3369 1019 πολυπαιδίας
3402 954 3655 1024 εὐλογίαν
3686 954 3782 1006 λα-

2195 1051 2364 1104 ϐοῦσα
2399 1052 2478 1112 είς
2509 1049 2716 1119 πλῆθος
2748 1047 3016 1120 ηὑξήθης.

2266 1140 2346 1193 ιδ’.
2394 1159 2412 1192 ι
2435 1140 2494 1192 Ὀ
2527 1139 2696 1202 τιθεὶς
2729 1138 2796 1191 τά
2820 1138 2946 1208 ὃριά
2987 1154 3081 1190 σου
3116 1137 3361 1207 εἰρήνην.
3395 1154 3412 1185 ι
3466 1134 3782 1205 Δεδὼρηταί

2197 1249 2280 1285 σοι
2312 1232 2409 1286 καὶ
2451 1230 2791 1302 πανταχόθεν
2835 1230 3080 1300 είρήνην.
3107 1226 3633 1298 Ἐκδειματωθέντες
3673 1225 3785 1295 γὰρ

2194 1323 2273 1394 τῷ
2313 1324 2420 1377 δέει
2471 1323 2581 1376 τῶν
2623 1322 3233 1394 ἀναιρεθέντων-ἕτεροι
3262 1319 3424 1374 πάλιν
3464 1319 3784 1372 ἐπανελθεῖν

2195 1416 2257 1468 ού
2302 1413 2595 1485 τολμῶσιν.
2628 1432 2647 1466 ι
2701 1414 2815 1467 Kai.
2861 1414 3029 1484 στέαρ
3081 1413 3260 1483 πυροῦ
3316 1409 3608 1481 ἐμπιπλῶν
3638 1426 3720 1463 σε.
3759 1429 3778 1461 ι

2210 1505 2506 1558 Ἐπέκλυσέ
2534 1522 2594 1558 τε
2627 1505 2720 1557 καὶ
2753 1505 2867 1567 τοῖς
2901 1503 3009 1557 ἀπὸ
3039 1505 3143 1573 γῆς
3169 1502 3414 1570 ἀγαθοῖς.
3449 1501 3636 1568 Στέαρ
3670 1500 3784 1571 γὰρ

514 1588 659 1640 enim
685 1589 938 1654 frumenti
965 1589 1243 1645 fructuum
1269 1590 1602 1646 aﬂluentiam
1626 1593 1861 1658 vocavit,
1889 1609 1919 1646 a
1941 1602 2091 1662 parte

2203 1597 2392 1665 πυροῦ
2424 1596 2534 1649 τῶν
2563 1597 2792 1667 καρπῶν
2815 1597 2914 1668 τὴν
2939 1595 3200 1664 ἀφθονίαν
3232 1593 3513 1659 ἐκάλεσεν,
3542 1591 3652 1645 ἀπὸ
3682 1591 3783 1644 τοῦ

517 1689 689 1733 totum
719 1695 954 1746 vocans;
989 1698 1111 1736 nam
1143 1682 1468 1750 frumentum
1497 1692 1581 1738 est
1619 1684 1862 1738 triticum
1884 1725 1900 1749 ,
1931 1685 2090 1753 adeps

2203 1659 2396 1761 μέρους
2418 1690 2478 1743 τὸ
2517 1659 2944 1760 πᾶν-ὀνομάσας.
2978 1659 3175 1756 ίΙυρὸς
3206 1686 3314 1756 γάρ
3346 1687 3494 1738 ἐστιν
3543 1686 3571 1737 6
3615 1686 3782 1747 σῖτος,

513 1779 697 1823 autem
731 1771 985 1839 frumenti
1017 1783 1100 1828 est
1135 1774 1539 1843 pulcherrimus
1575 1776 1754 1844 panis.
1796 1777 1901 1831 Per
1946 1777 2092 1832 hunc

515 1869 700 1914 autem
735 1862 951 1918 fructus
984 1864 1123 1920 alios
1153 1865 1468 1920 declaravit.
1509 1867 1709 1921 Verum
1757 1867 1858 1922 hac
1908 1867 2091 1938 provi-

512 1953 696 2006 dentia
725 1952 852 2006 olim
887 1952 1059 2008 Judaei
1097 1956 1255 2025 potiti
1285 1964 1416 2012 sunt
1443 1975 1457 2012 :
1501 1967 1624 2028 post
1670 1958 1880 2013 rabiem
1913 1974 2042 2014 vero
2071 1999 2087 2023 ,

513 2059 620 2111 qua
649 2044 701 2096 in
745 2043 1086 2099 Salvatorem
1117 2047 1308 2115 perciti
1340 2047 1602 2114 fuerunt,
1638 2049 1897 2105 omnibus
1930 2050 2091 2106 bonis

513 2135 689 2188 orbati
736 2145 882 2191 sunt.
929 2136 1222 2206 Propterea
1267 2155 1450 2194 sermo
1491 2141 1846 2209 propheticus
1883 2143 1947 2198 de
1984 2144 2091 2199 illis

513 2225 628 2280 haec
659 2225 876 2292 effatus,
905 2228 1149 2298 gentium
1166 2230 1495 2286 vaticinatur
1527 2231 1781 2286 salutem.

579 2398 744 2456 Vens.
781 2403 868 2458 15.
917 2422 936 2455 ι
972 2404 1077 2471 Qui
1124 2406 1292 2462 mittit
1337 2408 1621 2478 eloquium
1676 2427 1839 2466 suum
1889 2422 2084 2478 terrae,

509 2493 769 2547 velociter
799 2496 972 2551 currit
1003 2512 1187 2553 sermo
1227 2499 1366 2569 ejus.
1407 2520 1427 2552 ι
1467 2500 1769 2556 Sermonem
1819 2504 1925 2558 hoc
1966 2503 2087 2558 loco

509 2581 788 2652 Evangelii
823 2587 1266 2655 praedicationem
1291 2592 1526 2648 vocavit.
1557 2593 1713 2646 Hanc
1751 2592 1965 2665 1575.
1989 2610 2087 2648 au-

516 2683 625 2726 tem
657 2690 766 2729 non
797 2674 999 2732 Judaeis
1026 2680 1202 2734 solum
1224 2723 1240 2748 ,
1284 2683 1379 2737 sed
1422 2682 1586 2736 etiam
1621 2684 1878 2752 gentibus
1911 2687 2088 2739 omni-

513 2763 615 2819 bus
659 2766 826 2822 misit.
882 2788 900 2821 ι
936 2769 1144 2827 Euntes
1176 2773 1322 2828 enim
1349 2813 1364 2838 ,
1413 2774 1631 2844 inquit,
1667 2775 1860 2832 docete
1895 2792 2090 2832 omnes

511 2863 699 2922 gentes
721 2869 770 2911 ει.
791 2878 810 2908 ι
848 2858 1094 2917 Ostendit
1116 2879 1247 2919 vero
1269 2880 1486 2935 quoque
1505 2866 1837 2923 celeritatem
1869 2883 2087 2924 cursus.

2193 1780 2375 1848 στέαρ
2401 1779 2458 1831 δὲ
2485 1779 2678 1848 πυροῦ
2707 1781 2736 1833 6
2767 1779 3052 1842 κάλλιστος
3085 1779 3268 1850 ἄρτος.
3297 1776 3579 1846 Δεδήλωκε
3609 1775 3664 1826 δέ
3691 1773 3786 1826 διὰ

2193 1870 2380 1924 τούτου
2409 1871 2504 1924 καὶ
2528 1871 2652 1932 τοὺς
2676 1869 2870 1933 ἀλλους
2894 1869 3164 1940 καρπούς.
3184 1866 3345 1920 Ἀλλά
3377 1867 3585 1935 ταύτης
3611 1864 3783 1918 πάλαι

2191 1962 2292 2033 τῆς
2313 1961 2569 2034 προνοίας
2603 1961 2885 2032 ἀπήλαυον
2911 1959 3185 2014 Ἰουδαῖοι·
3212 1958 3352 2012 κατά
3376 1957 3434 2011 δὲ
3461 1956 3555 2010 τοῦ
3587 1953 3780 2023 Σωτῆ-

2195 2070 2285 2124 ρος
2321 2052 2679 2121 λυττήσαντες
2709 2050 2905 2122 ἔρημοι
2951 2051 3167 2104 πάντων
3198 2049 3444 2116 ἐγένοντο
3489 2046 3599 2098 τῶν
3645 2045 3783 2113 ἀγα-

2193 2145 2322 2198 θῶν.
2350 2145 2450 2198 Διά
2477 2144 2634 2198 τοῦτο
2674 2145 2770 2198 καὶ
2817 2143 2846 2195 ὁ
2890 2140 3230 2212 προφητικδς
3261 2140 3416 2209 λόγος
3447 2138 3621 2192 ταῦτα
3649 2139 3784 2209 περὶ

2193 2233 2412 2287 ἐκείνων
2439 2231 2748 2298 διεξελθὼν,
2779 2230 2888 2283 τῶν
2935 2229 3110 2283 ἐθνῶν
3159 2226 3517 2299 προθεσπίζει
3545 2227 3647 2296 τὴν
3675 2243 3784 2279 σω-

2190 2341 2256 2394 τη
2266 2324 2409 2395 ρίαν.
2603 2385 2606 2387 _

2263 2421 2346 2470 ιε’.
2392 2434 2410 2467 ι
2431 2417 2492 2467 '0
2522 2412 2871 2468 ἀποστέλλων
2916 2409 2978 2463 τὸ
3029 2407 3212 2477 λόγιον
3255 2405 3423 2460 αὐτοῦ
3451 2408 3514 2476 τῇ
3547 2407 3643 2475 γῇ,
3673 2403 3781 2467 ἓως

2193 2509 2392 2579 τάχους
2431 2508 2718 2578 δραμεῖται
2760 2507 2788 2559 ὁ
2819 2505 2979 2573 λόγος
3013 2503 3199 2557 αὐτοῦ.
3233 2522 3250 2555 ›
3304 2503 3501 2570 Λόγον
3545 2495 3782 2554 ἐνταῦθα

2194 2599 2545 2669 εύαγγελικὸν
2565 2598 2789 2652 ἐκάλεσε
2811 2599 3094 2670 κήρυγμα.
3114 2594 3285 2648 Τοῦτο
3307 2593 3364 2646 δὲ
3382 2593 3481 2646 οὐκ
3500 2591 3783 2654 Ἰουδαίοις

2194 2693 2372 2762 μόνον,
2422 2690 2557 2745 ἀλλά
2599 2690 2695 2743 καὶ
2735 2692 2849 2752 τοῖς
2881 2689 3061 2751 ἄλλοις
3093 2688 3259 2740 πᾶσιν
3305 2684 3619 2754 ἀνθρώποις
3671 2683 3781 2735 ἀπ-

2190 2781 2420 2834 έστειλε.
2477 2798 2496 2831 ι
2539 2777 2906 2850 Πορευθέντες
2945 2776 3099 2847 γὰρ,
3156 2775 3291 2844 φησὶ
3323 2816 3335 2838 ,
3396 2771 3780 2842 μαθητεύσατε

2193 2873 2371 2926 πάντα
2393 2870 2462 2924 τὰ
2481 2870 2630 2941 ἔθνη.
2655 2888 2675 2922 ι
2709 2868 2916 2933 Ἔδειξε
2947 2868 3001 2921 δὲ
3029 2871 3122 2920 καὶ
3147 2867 3244 2938 τὴν
3269 2866 3504 2935 ὀξύτητα
3529 2864 3774 2936 τοῦδρό-

513 2944 668 3000 Brevi
698 2949 843 3003 enim
873 2959 1119 3022 tempore
1151 2952 1320 3010 tot'am
1345 2966 1545 3012 terram
1574 2968 1630 3014 et
1663 2975 1814 3015 mare
1839 2960 2089 3016 doctrina

2203 2980 2319 3033 μου.
2340 2963 2428 3015 Ἐν
2461 2961 2628 3031 ὀλίγῳ
2669 2959 2779 3031 γὰρ
2816 2959 2992 3030 χρόνῳ
3024 2960 3205 3011 πᾶσαν
3235 2957 3336 3028 γῆν
3368 2956 3462 3009 καὶ
3492 2956 3781 3007 θάλασσαν

512 3036 894 3106 impleverunt.
927 3043 1040 3100 Hoc
1065 3049 1374 3117 pravidens
1395 3048 1666 3120 Propheta
1687 3053 1819 3108 dicit
1842 3071 1856 3108 :
1885 3071 1906 3105 ‹
1939 3053 2094 3109 Velo-

510 3129 648 3184 citer
680 3136 856 3188 currit
889 3151 1074 3192 sermo
1101 3140 1242 3210 ejus.
1274 3160 1292 3192 »
1332 3139 1392 3198 ld
1421 3158 1552 3199 vero
1586 3160 1697 3199 non
1736 3160 1962 3212 novum,
1997 3163 2097 3203 nec

512 3237 675 3290 supra
713 3225 876 3281 fidem
904 3238 987 3285 est
1015 3269 1031 3295 ,
1061 3234 1255 3287 omnia
1290 3235 1440 3289 enim
1468 3235 1666 3292 divina:
1696 3239 1965 3294 voluntati
2005 3256 2095 3295 ce-

510 3311 666 3366 dunt.
702 3314 888 3386 Itaque
916 3335 1183 3388 aquarum
1220 3336 1496 3395 naturam,
1529 3344 1655 3384 cum
1695 3346 1800 3386 una
1834 3332 1942 3397 sit,
1967 3348 2095 3388 mox

509 3411 571 3458 ut
603 3405 792 3472 voluit,
828 3409 882 3462 in
911 3409 1155 3466 intinitas
1177 3416 1391 3484 species
1423 3419 1706 3475 transfert.

577 3583 745 3641 Vens.
772 3587 875 3654 16,
910 3589 995 3644 17.
1042 3609 1060 3642 ι
1088 3593 1191 3656 Qui
1219 3593 1312 3649 dat
1341 3595 1524 3650 nivem
1566 3597 1710 3652 sicut
1738 3598 1918 3656 lanam
1941 3642 1956 3667 ,
1993 3617 2094 3657 ne-

511 3674 697 3730 bulam
728 3679 873 3734 sicut
895 3682 1136 3738 cinerem
1161 3686 1387 3755 spargit.
1405 3686 1572 3744 Mittit
1587 3691 1906 3761 crystallum
1931 3709 2090 3750 suam

504 3767 646 3822 sicut
665 3769 962 3828 buecellas.
985 3792 1004 3825 ι
1030 3773 1164 3829 Nam
1202 3792 1269 3832 ex
1297 3793 1402 3832 una
1437 3795 1708 3850 aquarum
1740 3791 1935 3838 natura
1952 3785 2013 3840 ﬁt
2039 3795 2096 3841 et

505 3859 708 3923 glacies
735 3863 905 3918 solida
937 3872 993 3920 et
1021 3867 1306 3934 resistens,
1343 3878 1397 3923 et
1429 3871 1521 3924 nix
1550 3887 1674 3928 rara
1707 3882 1764 3929 et
1797 3876 1998 3943 mollis,
2033 3893 2096 3947 ει

505 3950 643 4005 lanae
668 3951 961 4008 fracturam
996 3956 1240 4012 imitans.
1271 3957 1356 4014 Fit
1380 3961 1543 4015 etiam
1574 3964 1753 4032 pulvis
1786 3967 2086 4024 humidus:

507 4039 628 4096 talis
653 4042 798 4096 enim
825 4055 906 4099 cst
931 4046 1140 4103 nebula:
1168 4058 1387 4105 natura.
1424 4069 1442 4102 ι
1462 4051 1660 4108 Coram
1691 4053 1896 4125 frigore
1927 4060 1944 4078 '
1967 4059 2089 4129 ejus

508 4129 634 4196 quis
671 4134 977 4189 consistet?
1023 4138 1257 4193 «Aerem
1298 4142 1464 4196 etiam
1502 4142 1661 4200 facile
1700 4146 1990 4212 immutat,
2035 4157 2092 4205 et

505 4236 630 4274 eum
670 4223 764 4292 qui
811 4227 974 4282 modo
1020 4229 1232 4286 calidus
1260 4244 1411 4300 erat,
1453 4237 1618 4303 paulo
1654 4247 1776 4292 oost
1827 4241 2083 4310 frigidum

510 4312 659 4365 facit.

580 4483 744 4542 Vens.
771 4490 858 4544 18.
898 4509 918 4538 ι
951 4492 1176 4549 Emittet
1202 4496 1426 4550 verbum
1460 4513 1656 4565 suum,
1687 4512 1740 4557 et
1768 4503 2082 4574 liquefaciet

505 4591 593 4640 ea,
625 4577 778 4633 ﬂabit
807 4582 1029 4649 Spiritus
1058 4583 1202 4652 ejus,
1227 4593 1280 4638 et
1303 4584 1472 4640 fluent
1499 4603 1709 4658 aquae,»
1747 4592 1851 4647 Sed
1885 4611 2079 4652 rursus

504 4683 627 4723 cum
650 4671 763 4722 vult
789 4686 985 4740 aquam
1012 4675 1402 4742 conglaciatam
1431 4677 1591 4735 facile
1615 4683 1882 4750 dissolvit,
1909 4696 1963 4740 et
1989 4703 2083 4757 per

505 4755 653 4808 rivos
685 4771 906 4811 currere
937 4757 1084 4815 facit.
1115 4759 1250 4816 Nam
1282 4765 1524 4834 spirante
1555 4781 1762 4837 austro,
1790 4783 1843 4828 et
1873 4755 2003 4844 nix,
2028 4789 2083 4834 et

504 4845 707 4914 glacies
735 4849 984 4904 solvitur.
1007 4850 1124 4908 Non
1159 4864 1362 4913 temere
1386 4871 1564 4916 autem
1598 4864 1663 4918 de
1697 4866 1780 4922 his
1809 4872 2086 4926 narratio-

505 4952 628 4991 nem
663 4938 940 5008 instituit,
985 4943 1082 4998 sed
1115 4947 1218 5000 alia
1261 4965 1354 5019 per
1396 4953 1508 5006 haec
1544 4956 1814 5013 indicans.
1876 4959 2085 5027 Quem-

505 5026 800 5084 admodum
829 5032 976 5088 enim
1007 5038 1099 5091 nix
1127 5039 1380 5096 deorsum
1414 5045 1588 5100 deleta
1616 5060 1832 5105 montes
1869 5053 2083 5123 implet,

577 5242 604 5270 ι
639 5229 823 5285 Matth.
862 5249 1049 5299 xxvnt,
1090 5239 1170 5294 l9.

2198 3054 2296 3122 τῆς
2327 3051 2675 3114 διδασκαλίας
2702 3051 3052 3120 ἐπλήρωσαν.
3087 3049 3257 3101 Τοῦτο
3293 3046 3542 3117 προορῶν
3569 3047 3596 3097 6
3637 3045 3782 3113 Προ-

2199 3145 2375 3216 φήτης
2403 3143 2528 3215 ἔφη,
2568 3142 2742 3204 (Ἕως
2769 3141 2968 3211 τάχους
2991 3139 3282 3211 δραμεῖται
3305 3139 3334 3190 ὁ
3358 3137 3515 3205 λόγος
3550 3134 3774 3190 αὐτοῦ.»

2197 3237 2308 3290 Καὶ
2347 3236 2532 3290 καινὸν
2575 3233 2748 3296 οὐδὲν,
2774 3233 2896 3286 ούδέ
2930 3230 3251 3303 παράδοξον.
3293 3228 3477 3282 Ηάντα
3505 3228 3613 3298 γάρ
3637 3226 3782 3278 εἴκει

2196 3327 2273 3396 τῷ
2313 3327 2440 3397 θείῳ
2469 3325 2792 3396 βουλήματι.
2829 3324 3039 3378 Αὐτίκα
3078 3322 3256 3377 τοίνυν
3284 3321 3393 3374 τῶν
3435 3319 3645 3372 ὑδάτων
3677 3318 3780 3385 τὴν

2197 3415 2359 3484 φύσιν
2386 3414 2514 3487 μίαν
2537 3411 2703 3468 οὖσαν
2734 3417 2814 3478 είς
2844 3413 3045 3484 μυρίας
3091 3411 3234 3475 ίδέας
3269 3409 3552 3482 βουληθεὶς
3605 3423 3778 3478 μετα-

2197 3507 2403 3561 ϐάλλει.

2268 3601 2365 3665 ις’,
2395 3599 2480 3664 ιζ’.
2529 3621 2547 3652 ι
2583 3598 2827 3661 Διδόντος
2846 3598 2888 3629 ⁵¹
2916 3597 3070 3666 χιόνα
3100 3591 3266 3648 αὑτοῦ
3300 3591 3432 3645 ὡσεὶ
3467 3590 3635 3660 ἔριον,
3661 3587 3781 3657 ὁμί-

2195 3693 2329 3764 χλην
2360 3693 2491 3746 ὡσεὶ
2523 3691 2716 3746 σποδὸν
2753 3690 3072 3751 πάσσοντος.
3103 3686 3400 3748 Βάλλοντος
3438 3682 3780 3754 κρύσταλλον

2195 3783 2357 3836 αὐτοῦ
2372 3784 2416 3815 ⁵⁸
2451 3781 2584 3835 ὡσεὶ
2615 3779 2864 3851 ψωμούς.
2898 3798 2916 3831 ι
2954 3779 3048 3831 Ἐκ
3076 3779 3184 3850 γὰρ
3209 3776 3308 3845 τῆς
3356 3775 3485 3846 μιᾶς
3509 3773 3619 3826 τῶν
3657 3771 3779 3825 ὑδά-

2194 3891 2300 3928 των
2322 3874 2507 3935 ούσίας
2536 3856 2746 3941 γίνεται
2776 3869 2874 3941 μὲν
2901 3868 3190 3928 ἀντίτυπος
3227 3864 3595 3936 κρύσταλλοςο
3626 3862 3778 3929 γίνε-

2193 3984 2284 4019 ται
2316 3967 2371 4018 δὲ
2393 3965 2526 4034 χιὼν
2552 3964 2696 4034 μανή
2727 3979 2787 4015 τε
2820 3961 2915 4014 καὶ
2947 3957 3188 4030 μαλακὴ,
3214 3959 3311 4010 καὶ
3340 3955 3490 4025 ἐρίου
3511 3954 3776 4023 κάταγμα

2198 4057 2508 4128 μιμουμένη
2529 4070 2544 4084 ο
2577 4054 2786 4121 γίνεται
2812 4052 2868 4104 δὲ
2900 4051 2997 4104 καὶ
3027 4049 3172 4112 κόνις
3201 4048 3365 4118 ὑγρά.
3399 4044 3636 4114 Τοιαύτη
3665 4044 3776 4114 γάρ

2191 4148 2289 4216 τῆς
2320 4146 2547 4216 ὁμίχλης
2577 4146 2610 4214 ἡ
2652 4144 2833 4212 φύσις.
2886 4161 2907 4194 ι
2939 4141 3096 4195 Κατά
3127 4140 3419 4210 πρόσωπον
3446 4137 3541 4190 τοῦ
3569 4135 3775 4205 ψύχους

2193 4235 2358 4291 αὑτοῦ
2392 4238 2474 4298 τίς
2503 4236 2897 4306 {imm-ﬁderat;
2934 4251 2953 4284 ι
2991 4231 3104 4285 Καὶ
3131 4231 3222 4284 τὸν
3250 4229 3388 4300 ἀέρα
3414 4228 3472 4280 δὲ
3501 4227 3776 4298 μεταϐάλ-

2117 4329 2273 4412 Diis:
2306 4327 2525 4400 ῥᾳδίως,
2551 4327 2647 4380 καὶ
2693 4327 2783 4378 τὸν
2827 4326 2952 4395 ἄρτι
2982 4320 3230 4394 φλογώδη
3270 4321 3390 4392 μετ’
3420 4319 3604 4388 ὀλίγον
3640 4335 3774 4386 κρυ-

2193 4418 2345 4490 μὼδη
2376 4420 2543 4471 ποιεῖ.

2263 4506 2352 4580 ιη’.
2399 4507 2820 4576 (Ἐξαποστελεῖ
2837 4507 2883 4539 ⁸³
2937 4505 3026 4560 τὸν
3075 4505 3234 4573 λόγον
3284 4501 3472 4568 αὑτοῦ,
3501 4499 3773 4569 καὶτήξει

2189 4599 2332 4654 αύτά
2352 4614 2365 4629 ⁸
2395 4599 2620 4652 πνεύσει
2650 4599 2711 4651 τὸ
2744 4597 2962 4668 πνεῦμα
2993 4595 3158 4650 αὑτοῦ
3180 4637 3195 4662 ,
3229 4596 3323 4650 xa‘t
3353 4595 3616 4666 ρυήσεται
3646 4592 3769 4645 ὓδα-

2187 4708 2279 4743 τα.
2312 4707 2330 4740 ι
2369 4689 2530 4743 Ἀλλά
2568 4689 2731 4759 πάλιν
2759 4687 3041 4760 βουληθεὶς
3080 4686 3140 4740 τὸ
3178 4686 3354 4753 παγὲν
3385 4683 3530 4755 ὕδωρ
3562 4682 3768 4736 διαλύει

2194 4781 2408 4852 ῥᾳδίως,
2441 4781 2538 4834 καὶ
2567 4779 2861 4852 κρουνηδδν
2883 4777 3146 4850 φέρεσθαι
3170 4777 3330 4831 τοῦτο
3353 4779 3516 4829 ποιεῖ.
3534 4774 3642 4827 Τοῦ
3665 4774 3770 4843 γὰρ

2195 4878 2348 4926 νότου
2398 4873 2670 4938 πνέοντος,
2704 4874 2799 4926 καὶ
2845 4871 3000 4942 χιὼν,
3031 4871 3126 4925 καὶ
3170 4869 3506 4940 κρύσταλλος
3561 4867 3766 4922 λύεται.

2195 4964 2308 5034 Ούχ
2335 4963 2522 5026 ἁπλῶς
2552 4964 2610 5016 δὲ
2637 4962 2840 5016 τούτων
2870 4962 3169 5031 ἐποιήσατο
3202 4961 3300 5029 τὴν
3328 4959 3607 5029 διήγησιν,
3636 4956 3768 5010 ἀλλά

2194 5054 2356 5126 ἕτερα
2400 5055 2489 5109 διὰ
2518 5055 2726 5109 τούτων
2757 5053 3056 5125 σημαίνων.
3100 5051 3368 5123 Καθάπερ
3398 5051 3508 5120 γὰρ
3542 5047 3588 5121 ’ή
3639 5046 3767 5119 χιὼν

1525 5425 1538 5436 ,
1614 5362 1841 5416 VARUS
1884 5365 2266 5421 Ll-SL‘TIONES
2300 5365 2385 5420 ET
2418 5364 2651 5423 noras.

553 5521 912 5612 δ’ριδᾷνζος.
991 5532 1230 5612 ln_le\'tu
1264 5542 1369 5594 τῶν
1401 5544 1453 5596 0'
1497 5559 1679 5612 pran
1707 5546 1817 5598 τοῦ.
1895 5546 1939 5575 ⁵³
1969 5546 2091 5612 Κρύ

2203 5545 2593 5601 ιλλοναύτοῦ.
2629 5545 2792 5601 Hebr.
2828 5543 3058 5600 Glaciem
3088 5561 3257 5598 suam.
3345 5544 3391 5576 ⁵³
3426 5544 3555 5600 Hec.
3609 5543 3756 5599 lectio

513 5596 572 5652 Ιι.
614 5595 652 5651 l.
678 5609 758 5654 est
786 5595 1091 5660 ἀποστελεῖ.
