3824 6318
73 251 195 313 1985

1360 257 1444 318 IN
1498 257 1704 318 PSAL.

1734 257 2039 319 CXLVIII.
3179 252 3314 320 I986

66 365 472 438 καταφερομένη
501 365 567 419 τὰ
596 364 699 437 ὅρη
727 364 955 435 πληροῖ·
987 364 1265 435 τηκομένη
1294 366 1352 420 δέ
1393 369 1472 431 είς
1509 369 1635 432 τοὺς
1668 376 1688 430 Α

1745 368 2030 438 liquefacta
2060 382 2185 421 vero
2226 368 2279 420 in
2318 365 2599 436 proximos
2629 365 2824 421 ﬂuvios
2860 364 3038 421 fertur
3058 405 3074 429 ,
3109 376 3165 421 et
3195 370 3319 424 aliis

64 457 494 529 παρακειμένους
525 458 695 528 χωρεί
721 456 1022 525 ποταμοὺς,
1055 456 1151 508 καί
1186 457 1407 527 χωρίοις
1425 458 1638 529 ἑτέροις

61 546 245 619 ἁρδεία
286 546 694 617 προσφέρεται·
734 542 878 598 οὕτω
915 543 1027 596 τῶν
1071 543 1369 599 θεοσδὸτων
1415 546 1636 614 ἀγαθῶν

59 643 87 709 η
130 638 267 708 φορά
317 635 559 708 πρώτοις
610 636 712 706 μὲν
770 634 1117 706 προσηνέχθη
1160 637 1272 698 τοῖς
1317 636 1634 699 Ἰουδαίοις·

60 731 275 784 ἐκείνων
316 730 373 782 δέ
405 728 934 799 παραπεμψαμένων
968 726 1066 799 τὴν
1089 727 1270 798 χάριν,
1296 727 1384 782 διὰ
1415 728 1524 782 τῶν
1559 730 1636 783 Is-

64 822 167 892 ρῶν
212 821 543 882 ἀποστόλων,
578 819 769 890 ῶσπερ
815 818 904 872 διά
955 835 1115 872 τινων
1145 818 1429 889 ποταμῶν,
1457 821 1492 892 ὴ
1538 821 1634 890 τῆς

58 912 397 976 διδασκαλίας
422 911 615 984 ἀρδεία
643 910 990 982 προσηνέχθη
1018 911 1130 973 τοῖς
1157 908 1385 964 ἔθνεσιν.

128 1025 210 1078 ιϐ’.
249 1044 267 1077 ι
300 1020 358 1078 '0
380 1023 428 1055 “
458 1022 803 1076 ἀποστέλλων
828 1022 890 1075 τὸ
914 1021 1092 1090 λόγιον
1113 1021 1278 1074 αὑτοῦ
1310 1020 1388 1092 τῷ
1416 1022 1631 1077 Ἰακώϐ·

1739 459 1875 513 loeis
1919 459 2297 529 irrigationem
2337 456 2525 519 αἰτίη-ι,
2589 457 2673 512 sic
2722 458 2993 513 bonorum
3040 458 3317 515 alIluentia

1735 549 2002 609 divinitus
2040 550 2205 613 data,
2255 547 2462 603 ludatis
2505 548 2700 617 primis
2744 563 2879 603 sane
2936 549 3118 604 oblata
3178 549 3317 616 fuit,

1742 640 1954 712 1575
1993 642 2100 697 illis
2127 656 2256 697 vero
2282 643 2512 710 gratiam
2553 640 2949 706 renuentibus,
2992 655 3090 712 per
3127 657 3319 697 sacros

1736 736 2050 804 apostolos,
2103 734 2272 789 veluti
2318 749 2414 800 per
2453 733 2724 803 quosdam
2773 733 3011 801 ﬂuvios,
3050 734 3321 791 doctrinae

1738 825 1988 896 irrigatio
2017 825 2274 894 gentibus
2307 832 2391 880 est
2421 825 2632 881 oblata.

1806 1019 1970 1075 Vsus.
2004 1022 2119 1076 I94
2153 1021 2566 1088 Quiannuntiat
2594 1021 2823 1076 verbum
2861 1038 3022 1080 suum
3060 1021 3269 1080 Iacobo
3299 1043 3312 1081 :

30 1120 31 1127 ‘
58 1114 398 1184 δικαιώματα
427 1112 523 1166 καί
554 1112 797 1183 κρίματα
827 1110 994 1165 αὑτοῦ
1020 1111 1098 1182 τῷ
1130 1112 1366 1183 Ἰσραήλ.
1403 1131 1422 1165 ι
1457 1114 1633 1167 Πάλαι
1666 1141 1673 1147 ι

1745 1113 1978 1179 iustitias
2010 1113 2288 1181 ctjudicia
2311 1128 2410 1168 sua
2434 1112 2671 1169 Israeli.»
2694 1113 2835 1169 Olim
2858 1114 3084 1185 quidem
3112 1116 3280 1186 legem
3297 1157 3312 1180 .

30 1236 31 1241 η
62 1205 155 1273 μὲν
199 1206 289 1257 τὸν
325 1203 509 1275 νόμον,
548 1202 687 1273 μετά
729 1203 786 1255 δὲ
818 1202 993 1255 ταὺτσι
1025 1203 1120 1256 καί
1150 1203 1250 1272 τὴν
1294 1203 1488 1274 χάριν·
1516 1204 1632 1258 ἀλλ’

30 1330 31 1335 η
60 1298 258 1363 ἀνάξιοι
286 1296 565 1365 ἑκατέρων
600 1295 943 1365 ἐδείχθησαν.

126 1412 193 1463 κ’.
233 1430 251 1461 ι
280 1410 393 1462 Οὐκ
419 1408 677 1477 ἐποίησεν
699 1405 871 1469 οὑτως
905 1406 1069 1459 παντί
1095 1406 1256 1471 ξθνει,
1282 1407 1379 1460 καὶ
1409 1406 1478 1459 τὰ
1509 1406 1632 1478 κρί-

61 1519 203 1573 ματα
220 1501 383 1555 αὑτοῦ
417 1500 519 1553 οὐκ
538 1499 805 1569 ἐδήλωσεν
830 1496 896 1552 ⁵⁸.
927 1516 946 1550 ι
985 1497 1176 1551 Οὐδενί
1193 1497 1302 1568 γὰρ
1328 1498 1437 1551 τῶν
1462 1496 1630 1551 ἐθνῶν

58 1600 144 1648 τὸν
171 1595 259 1648 διὰ
286 1592 486 1649 Μωσοῦ
521 1591 721 1646 δέδωκε
742 1591 931 1661 νόμον,
965 1589 1090 1645 οὔτε
1117 1590 1218 1662 τὴν
1246 1590 1336 1645 διὰ
1363 1591 1471 1645 τῶν
1495 1609 1629 1665 προ-

59 1688 241 1759 φητῶν
292 1684 688 1757 προσενήνοχεν
730 1682 1023 1751 ὠφέλειαν.
1050 1682 1288 1746 Τούτους
1328 1681 1387 1737 δὲ
1436 1682 1631 1753 μόνους

1733 1212 1920 1272 postea
1957 1218 2087 1258 vero
2134 1212 2189 1259 et
2221 1203 2452 1274 gratiam
2491 1220 2505 1257 :
2551 1206 2646 1261 sed
2682 1216 2917 1275 utroque
2970 1206 3179 1278 indigni
3217 1222 3315 1264 co-

1733 1290 1869 1361 gniti
1894 1300 2045 1347 sunt.
2080 1332 2087 1339 .

1804 1404 1971 1459 Vsus.
1999 1404 2088 1460 20.
2127 1423 2146 1456 ι
2176 1402 2298 1458 Non
2331 1404 2457 1460 l'eeit
2488 1405 2564 1461 ila
2599 1406 2699 1460 ulli
2730 1407 2980 1473 nationi,
3013 1418 3068 1463 et
3105 1408 3313 1479 judicia

1733 1508 1830 1549 sua
1844 1509 1954 1547 non
1976 1492 2368 1550 manifestavit.
2391 1512 2408 1546 ι
2432 1493 2573 1549 Nulli
2595 1496 2742 1551 enim
2764 1498 3003 1568 gentium
3020 1514 3116 1569 per
3129 1499 3316 1555 Mosen

1734 1585 1905 1655 legem
1929 1586 2094 1647 dedit,
2122 1600 2299 1656 neque
2323 1601 2420 1656 per
2440 1575 2735 1657 prophetas
2763 1589 3056 1645 utilitatem
3088 1593 3274 1647 attulit
3300 1613 3314 1648 :

1735 1675 1836 1732 hos
1887 1685 2071 1731 autem
2124 1676 2273 1733 solos
2326 1677 2432 1733 hac
2486 1678 2804 1749 irrigatione
2850 1682 3044 1752 dignos
3101 1684 3314 1739 habuit.

56 1780 154 1849 τῆς
188 1777 445 1846 τοιαύτης
476 1776 700 1846 ἀρδείας
730 1774 962 1845 ἠξίωσεν
986 1792 1000 1805 ·
1047 1774 1161 1828 ἀλλ’
1187 1775 1472 1845 ἀχάριστοι
1508 1777 1635 1847 περὶ
1669 1765 1688 1819 ί

1745 1765 1945 1822 Tamen
1994 1768 2189 1838 ingrati
2241 1784 2371 1841 erga
2419 1770 2670 1826 benelicii
2726 1782 3008 1828 auctorem
3069 1773 3316 1831 fuerunt.

56 1870 145 1922 τὸν
169 1867 463 1939 εὐεργέτην
515 1866 784 1935 ἐγένοντο.
815 1866 895 1918 Τὰ
921 1866 979 1919 δὲ
1008 1865 1158 1937 ἔθνη,
1190 1864 1282 1919 διὰ
1318 1865 1427 1919 τῶν
1472 1867 1635 1937 ίερῶν

55 1960 374 2013 ἀποστόλων
408 1958 503 2012 τοῦ
532 1955 723 2028 νοεροῦ
757 1956 936 2025 φωτὸς
981 1956 1081 2029 τὴν
1112 1956 1309 2028 αἴγλην
1341 1957 1633 2028 δεξάμενα,

55 2053 146 2105 τὸν
177 2052 379 2105 οἰκεῖον
405 2043 621 2115 ἐπέγνω
645 2045 1001 2117 δημιουργὸν,
1024 2046 1119 2100 καὶ
1141 2045 1315 2117 τούτῳ
1338 2047 1636 2119 προσφέρει

55 2143 115 2195 τὸ
151 2140 315 2209 σέϐας
337 2138 627 2211 διηνεκῶς.

352 2277 619 2331 EPMHN.
656 2277 796 2331 ΤΟΥ
823 2280 988 2334 PMH'
1012 2278 1336 2333 ΨᾹΛΜΟΥ.

127 2390 195 2445 α’.
225 2412 243 2443 ι
279 2392 654 2458 Ἀ.ἳ.1ηλούῖα,
671 2392 1013 2460 (illm/102522:
1026 2394 1093 2448 ⁸⁸.
1120 2392 1324 2465 Διπλῆν
1344 2395 1637 2467 ἐποιήσατο

55 2485 155 2555 τὴν
179 2482 581 2554 παρακέλευσιν
603 2483 631 2536 ὁ
646 2483 961 2556 Προφήτης,
985 2485 1066 2548 είς
1090 2482 1306 2538 πλείονα
1326 2484 1638 2557 προθυμίαν

52 2576 156 2637 τὰς
179 2572 357 2643 ψυχὰς
390 2571 748 2643 παραθήγων.
786 2572 995 2643 ’Υμνος
1030 2574 1087 2627 δὲ
1118 2574 1214 2628 καὶ
1260 2568 1414 2638 οὗτος
1451 2574 1638 2646 ἔτερος

52 2667 156 2736 τὴν
188 2665 364 2719 κτίσιν
391 2664 632 2730 ἀπασαν,
659 2666 858 2735 νοητήν
885 2682 947 2717 τε
975 2665 1069 2718 καὶ
1092 2665 1378 2738 αἰσθητὴν,
1412 2666 1637 2738 λογικήν

54 2773 114 2809 τε
149 2755 241 2807 καί
267 2755 479 2820 ἄλογον,
511 2752 755 2823 ἔμψυχόν
777 2770 839 2805 τε
866 2753 961 2808 καὶ
986 2753 1212 2824 ἄψυχον,
1231 2755 1311 2818 είς
1339 2755 1471 2825 μίαν
1494 2773 1636 2827 συμ-

53 2845 267 2916 φωνίαν
293 2844 394 2914 τῆς
425 2842 699 2915 ὑμνῳδίας
719 2843 1025 2915 διεγείρων.
1059 2829 1299 2915 Οὐρανὸν
1331 2834 1514 2916 μέντοι
1544 2849 1640 2902 καὶ

52 2941 184 3008 γῆν,
237 2936 332 2989 καὶ
378 2933 671 2999 ἀϐύσσους,
708 2935 803 2989 καί
843 2936 972 2998 τοὺς
1012 2935 1133 2988 κατ’
1159 2936 1387 3006 οὐρανὸν
1422 2940 1640 3009 φωστῆ-

55 3014 181 3098 ρσις,
227 3030 322 3081 καί
356 3029 481 3098 ὅρη.
518 3027 614 3082 xui.
656 3026 821 3097 φυτὰ,
868 3026 962 3080 καὶ
1006 3028 1055 3080 τ’
1083 3028 1219 3082 ἄλλα
1252 3031 1352 3083 ὅσα
1382 3032 1634 3096 τοιαῦτα,

1736 1860 1935 1915 Gentes
1960 1870 2141 1915 autem
2163 1903 2179 1926 ,
2207 1875 2331 1915 cum
2365 1875 2462 1931 per
2498 1871 2719 1918 sanctos
2748 1867 3027 1935 apostolos
3056 1867 3319 1937 spiritua-

1736 1950 1805 2005 lis
1851 1950 2079 2006 luminis
2111 1951 2323 2005 radium
2367 1953 2747 2022 accepissent,
2797 1964 3099 2010 creatorem
3154 1972 3315 2015 suum

1736 2038 2117 2110 agnoverunt,
2152 2050 2205 2095 et
2243 2041 2372 2096 huic
2404 2043 2666 2098 continue
2701 2042 2907 2099 cultum
2935 2044 3210 2102 deferunt.

2086 2258 2363 2316 lNTEliP.
2406 2258 2660 2315 PSALMI
2699 2258 2980 2317 CXLVIII.

1808 2371 1977 2428 Vsus.
2014 2373 2066 2429 I.
2121 2372 2352 2427 Alleluia
2381 2411 2397 2435 ,
2440 2373 2691 2428 Alleluia.
2738 2373 3018 2443 Duplicem
3062 2376 3316 2433 admoni-

1738 2461 1940 2515 tionem
1991 2460 2260 2530 Propheta
2300 2459 2464 2523 l'ceit,
2520 2469 2581 2515 ut
2639 2461 2707 2516 ad
2752 2459 3020 2530 majorem
3061 2461 3319 2516 alacrita-

1738 2560 1848 2621 tem
1900 2551 2115 2606 animos
2171 2551 2516 2606 accenderet.
2556 2548 2655 2606 Hic
2692 2550 2836 2606 alius
2896 2559 2981 2605 est
3040 2552 3313 2623 hymnus,

1738 2655 1956 2696 omnem
2017 2648 2361 2702 creaturam,
2431 2647 2487 2694 et
2541 2654 2665 2708 qua:
2734 2639 2839 2695 sub
2899 2640 3313 2710 intelligentiam

1738 2732 1928 2794 cadit,
1988 2741 2044 2787 et
2087 2746 2214 2802 quae
2287 2730 2391 2787 sub
2459 2745 2725 2792 sensum,
2790 2730 3024 2785 rationis
3086 2745 3317 2800 compo-

1741 2832 1882 2889 tem,
1913 2831 1968 2877 et
1997 2823 2230 2878 rationis
2263 2833 2579 2893 expertem,
2621 2822 2921 2876 animatam
2955 2831 3011 2877 et
3043 2821 3317 2876 inanima-

1740 2923 1874 2978 tam,
1902 2913 1973 2969 ad
1999 2929 2171 2968 unum
2214 2913 2374 2983 quasi
2403 2922 2726 2969 concentum
2761 2912 3132 2967 canendorum
3165 2912 3320 2984 hym-

1739 3020 1936 3060 norum
1962 3005 2228 3061 excitans.
2256 3005 2467 3061 Caelum
2506 3004 2693 3075 igitur,
2727 3014 2785 3058 et
2817 3012 3042 3070 terram,
3072 3013 3124 3058 ct
3156 3006 3320 3076 ahys-

51 3096 160 3172 δσα
193 3119 238 3150 ⁸⁷
265 3096 455 3188 ψυχῆςί
476 3118 572 3171 καί
600 3096 760 3184 λόγου
803 3116 1123 3187 μετέχοντα,
1174 3120 1508 3190 προσφέρειν
1545 3122 1637 3176 τὸν
1664 3101 1688 3159 ί

1745 3111 1860 3163 sos,
1900 3107 1955 3151 et
1986 3096 2277 3152 luminaria
2307 3112 2429 3167 quas
2459 3097 2513 3150 in
2544 3096 2685 3151 ctelo
2714 3103 2863 3158 sunt,
2896 3102 2951 3150 et
2985 3106 3196 3150 montes
3222 3135 3238 3159 ,
3267 3106 3322 3149 et

51 3209 229 3278 ὕμνον
290 3206 599 3277 παρεγγυᾷ.
644 3203 784 3261 Ἀλλ’
816 3206 896 3267 είς
947 3204 1121 3258 ταῦτα
1165 3205 1261 3258 τοῦ
1305 3205 1464 3275 λόγου
1508 3225 1637 3278 μετ.

50 3301 348 3369 ειληχότας
379 3296 712 3351 ἀποϐλέπειν
746 3295 982 3358 κελεύει,
1034 3296 1131 3350 καὶ
1171 3297 1274 3368 τὴν
1321 3297 1381 3349 ἐν
1427 3297 1638 3373 τούτοις

50 3390 397 3461 φαινομένην
451 3387 644 3457 σοφίαν
700 3386 1217 3457 καταμανθάνοντας
1263 3387 1355 3441 τὸν
1400 3388 1638 3460 Ποιητὴν

49 3482 339 3551 ἀνυμνεῖν.
383 3497 402 3530 ι
437 3480 647 3531 Αἰνεῖτε
706 3476 800 3530 τὸν
851 3477 1055 3548 Κύριον
1100 3479 1165 3531 ἐκ
1210 3477 1319 3530 τῶν
1368 3479 1636 3549 οὐρανῶν,

47 3577 260 3629 αἰνεϊτε
290 3572 451 3627 αὑτὸν
480 3572 539 3625 ἐν
569 3573 684 3634 τοῖς
716 3569 981 3641 ὑψίστοις.
1016 3588 1037 3622 ι
1080 3570 1184 3623 Δύο
1242 3572 1503 3642 οὐρανοὺς
1533 3572 1638 3627 ὑπὸ

44 3664 153 3719 τοῦ
186 3661 323 3716 Ε)εοῦ
352 3659 681 3732 γεγενῆσθαι
720 3661 748 3712 ὁ
779 3659 956 3730 μέγας
984 3661 1132 3731 ἡμᾶς
1160 3660 1368 3724 ἐδίδαξε
1399 3662 1628 3732 Μωσῆς.

44 3757 211 3812 τόνδε
254 3756 351 3808 σὺν
383 3756 452 3824 τῆ
506 3755 575 3823 γῇ
610 3752 999 3822 γεγενημένον,
1025 3750 1123 3805 καὶ
1159 3750 1249 3804 τὸν
1278 3750 1501 3822 ὕστερον
1545 3752 1639 3823 μέ-

44 3868 154 3905 σον
178 3849 288 3902 τῶν
311 3847 520 3901 ὑδάτων
548 3843 961 3916 προσταχθέντα
991 3843 1267 3912 γενέσθαι,
1303 3844 1362 3898 ὃν
1389 3844 1486 3899 καὶ
1516 3862 1637 3899 στε-

43 3943 252 4015 ρέωμα
285 3936 721 4011 προσηγόρευσε.
758 3934 856 3989 Διὰ
908 3934 1074 3988 τοῦτο
1111 3935 1177 3988 ἐκ
1214 3935 1321 3988 τῶν
1366 3936 1635 4005 οὐρανῶν,

41 4032 153 4086 καὶ
174 4031 240 4083 ἐκ
264 4030 375 4083 τῶν
406 4026 668 4097 ὑψίστων,
703 4023 990 4096 ὑμνεῖσθαι
1024 4024 1327 4095 προσέταξε
1356 4026 1450 4078 τὸν
1479 4024 1632 4079 Θεόψ

38 4125 182 4181 ἀντὶ
205 4121 323 4185 τοῦ,
351 4121 445 4176 καί
481 4119 609 4182 τοὺς
647 4118 706 4170 ἐν
744 4116 918 4186 τούτῳ
956 4116 1199 4178 καὶτοὺς
1239 4117 1298 4169 ἐν
1332 4114 1526 4187 ἐκείνῳ
1559 4116 1637 4169 δι-

39 4219 296 4283 άγοντας
349 4211 457 4264 τῶν
507 4207 817 4279 ἀσωμάτων
864 4203 1077 4276 χορούς.
1118 4205 1339 4275 Ἐπειδὴ
1395 4205 1558 4259 καὶ⁸⁸
1604 4206 1635 4259 ὸ

39 4307 200 4367 Θεῖος
243 4301 451 4371 Μωσῆς
487 4299 639 4352 οὐδὲν
681 4297 830 4367 ἡμᾶς
861 4296 992 4367 περὶ
1027 4296 1126 4366 τῆς
1157 4295 1266 4349 τῶν
1298 4296 1502 4369 νοερῶν
1528 4295 1633 4366 φύ-

40 4414 201 4453 σεων
230 4391 598 4463 δημιουργίας
626 4388 885 4454 ἐδίδαξεν,
926 4386 1240 4456 ἀναγκαίως
1278 4389 1307 4440 ὀ
1340 4389 1635 4460 Προφήτης

37 4485 294 4544 ἐνταῦθα
321 4483 415 4535 καὶ
447 4481 547 4551 τὴν
575 4479 781 4534 τούτων
816 4479 1113 4550 ἐποιήσατο
1149 4478 1392 4548 μνήμην.
1416 4478 1509 4532 Διὸ
1539 4483 1637 4535 καὶ

39 4576 398 4651 προσφέρειν
425 4573 504 4643 τῷ
555 4572 765 4642 Ποιητῇ
794 4571 887 4624 τὸν
921 4570 1091 4642 ὕμνον
1122 4571 1431 4641 παρεγγυᾷ.
1466 4568 1640 4641 Τοῦτο
1674 4582 1675 4585 ‘

36 4674 164 4743 γὰρ
196 4666 351 4738 αὐτῷ
383 4663 530 4735 παρά
559 4662 668 4716 τῶν
693 4663 1014 4733 ποιημάτων
1054 4661 1117 4715 τὸ
1146 4661 1305 4733 χρέος
1338 4660 1636 4732 ὀφείλεται,

40 4769 150 4824 καὶ
175 4765 288 4817 πᾶν
316 4761 405 4815 ὑπ’
431 4758 597 4813 αὑτοῦ
627 4758 939 4828 γενόμενον,
968 4759 1061 4811 καί
1087 4756 1230 4828 λόγῳ
1252 4751 1635 4825 τετιμημένον,

39 4854 333 4926 προσήκει
361 4846 521 4901 τοῦτο
568 4845 657 4900 διὰ
705 4847 905 4911 παντὸς
935 4846 1169 4900 ἐκτίνειν
1207 4844 1268 4899 τὸ
1296 4842 1539 4914 ὄφλημα.
1573 4838 1639 4895 Εί

35 4948 101 5002 δὲ
129 4942 208 4996 τὰ
238 4939 467 5008 κτιστὴν
485 4936 676 5006 ἔχοντα
697 4936 860 5005 φύσιν
883 4939 1063 5009 ὑμνεῖ,
1092 4937 1217 4993 οὑτε
1242 4937 1301 4991 δὲ
1321 4940 1350 4991 ὁ
1372 4936 1500 5000 Υἱὸς
1525 4936 1640 4998 τοῖς

37 5028 350 5108 ὑμνοῦσιν,
374 5027 499 5082 οὕτε
539 5028 598 5080 to
624 5028 886 5096 πανάγιον
903 5029 1257 5086 συντέτακται
1286 5027 1530 5099 Πνεῦμα,
1551 5026 1642 5098 δῆο

37 5132 142 5183 λον
183 5122 271 5176 ὅτι
306 5118 406 5188 τῆς
438 5116 663 5187 κτιστῆς
695 5116 792 5187 οὐχ
822 5116 1127 5187 ὑπάρχουσι
1160 5117 1374 5188 φύσεως
1394 5132 1406 5144 ·
1450 5115 1483 5187 ἢ
1531 5117 1640 5186 γὰρ

41 5220 146 5284 ἂν,
185 5212 298 5286 πρὸ
327 5209 436 5265 τῶν
458 5207 634 5263 ἀλλων
662 5193 752 5261 τὸν
780 5209 1010 5280 ποιητὴν
1038 5209 1309 5281 ὕμνησαν,
1334 5209 1407 5273 ὡς
1430 5208 1637 5262 δικαιο-

1744 3187 1994 3257 planus,
2026 3196 2081 3243 et
2116 3188 2223 3242 alia
2265 3188 2581 3258 huiusmodi
2613 3202 2956 3258 quaecunque
2984 3188 3225 3242 animam
3267 3200 3323 3242 et

1742 3280 2013 3334 rationem
2043 3279 2267 3347 habent,
2293 3279 2555 3350 hymnum
2584 3277 2781 3333 offerre
2812 3279 3081 3349 praecipit.
3116 3277 3318 3333 Verum

1745 3370 1800 3424 in
1824 3370 1944 3441 haec
1961 3384 2058 3426 eos
2082 3371 2177 3441 qui
2202 3371 2442 3427 ratione‘
2466 3372 2681 3441 praediti
2705 3366 3067 3436 sunt,intueri
3086 3370 3323 3439 jubet,et

1744 3462 2067 3532 sapientiam
2095 3478 2218 3531 qua:
2246 3478 2299 3517 tn
2323 3463 2407 3518 his
2427 3464 2671 3517 cernitur
2692 3464 2984 3527 discentes,
3003 3464 3318 3518 Creatorem

1743 3554 2040 3609 celebrare.
2087 3572 2106 3603 ‹
2135 3552 2380 3608 Laudate
2429 3552 2644 3624 1576
2697 3555 2985 3610 Dominum
3027 3555 3091 3610 de
3124 3556 3318 3614 coe'is.

1744 3641 1961 3705 laudate
1984 3656 2121 3703 eum
2158 3641 2213 3695 in
2238 3641 2496 3697 excelsis.
2525 3661 2546 3692 ι
2586 3643 2731 3698 Duos
2757 3644 2927 3698 caelos
2951 3659 2981 3698 a
3008 3645 3117 3699 Deo
3149 3646 3320 3700 factos

1743 3748 1867 3791 esse
1895 3748 2127 3804 magnus
2153 3731 2335 3788 Moses
2361 3747 2461 3787 nos
2498 3734 2758 3799 edocuit,
2788 3750 2958 3789 unum
3002 3735 3161 3791 simul
3191 3751 3316 3790 cun:

1746 3836 1889 3882 terra
1912 3825 2217 3890 conditum,
2245 3825 2477 3880 alterum
2505 3835 2693 3895 postea
2720 3828 2961 3882 medium
2985 3828 3125 3882 inter
3147 3843 3321 3899 aquas

1744 3918 1859 3973 ﬁeri
1893 3917 2134 3988 iussum.
2161 3916 2305 3986 quod
2331 3925 2387 3971 et
2414 3917 2815 3972 ﬁrmamentum
2840 3918 3154 3988 appellavit.
3187 3920 3321 3973 Pro-

1742 4021 1926 4082 pterea
1944 4014 2013 4066 de
2036 4010 2191 4066 caelis
2210 4020 2262 4064 et
2283 4010 2351 4065 de
2372 4005 2607 4064 CXCt‘lSiS
2627 4008 2790 4065 Deum
2813 4010 3023 4066 laudari
3042 4011 3291 4081 praecepit
3311 4047 3326 4069 ν

1745 4101 1850 4156 hoc
1877 4108 1997 4165 est,
2028 4113 2125 4155 eos
2153 4098 2249 4168 qui
2285 4106 2340 4153 et
2389 4098 2443 4152 in
2486 4098 2629 4164 hoc,
2684 4103 2746 4153 et
2798 4097 2855 4154 in
2925 4100 3017 4158 illo
3067 4098 3312 4175 degunt,

1743 4192 2192 4261 incorporeorum
2254 4188 2481 4243 choros.
2546 4187 2825 4254 Quoniam
2883 4191 3030 4246 enim
3101 4193 3320 4248 divinus

1742 4281 1920 4339 Moses
1956 4280 2095 4336 nihil
2126 4280 2196 4335 de
2238 4287 2452 4335 natura:
2490 4281 2809 4349 emlestium
2833 4284 3127 4353 spirituum
3164 4300 3322 4339 crea-

1742 4376 1888 4430 tione
1927 4389 2026 4429 nos
2064 4372 2255 4428 docuit
2277 4413 2291 4435 ,
2315 4373 2629 4429 necessario
2668 4374 2758 4429 hic
2795 4373 3070 4444 Propheta
3115 4376 3317 4431 horum

1668 4444 1712 4499 θ
1739 4464 1903 4519 etiam
1938 4461 2064 4519 fecit
2101 4463 2771 4534 mentionem,.Pr0pterea
2804 4475 2865 4520 ut
2894 4464 3125 4534 oﬂ'erant
3156 4467 3321 4521 Crea-

1744 4554 1848 4609 tori
1886 4553 2151 4624 hymnum
2182 4553 2447 4609 mandat:
2498 4555 2945 4626 quandoquidem
2977 4556 3083 4613 hoc
3117 4558 3194 4611 illi
3229 4559 3323 4613 de-

1742 4647 1920 4703 bitum
1948 4660 1979 4701 a
2013 4646 2586 4713 creaturisdebetur,
2635 4657 2692 4704 et
2732 4649 2884 4704 omni
2925 4649 3072 4721 quod
3104 4651 3174 4706 ab
3204 4651 3325 4722 ipso

1745 4739 2029 4796 conditum
2066 4747 2121 4793 et
2158 4738 2375 4794 ratione
2404 4738 2735 4795 honoratum
2771 4751 2889 4808 est,
2942 4742 3049 4798 hoc
3075 4743 3319 4799 debitum

1745 4850 1961 4907 semper
1990 4833 2272 4890 exsolvere
2299 4834 2577 4891 convenit.
2606 4833 2763 4901 Quod
2817 4836 2864 4893 si
2898 4846 3078 4893 autem
3109 4854 3173 4895 ea
3203 4856 3325 4908 qua:

1746 4938 1982 4983 creatam
2014 4934 2267 4981 naturam
2300 4925 2504 4981 habent
2529 4926 2756 4981 laudant
2776 4966 2792 4991 ,
2829 4938 2883 4983 et
2911 4942 3090 5000 neque
3121 4929 3287 4985 Filius
3309 4970 3325 4995 ,

1747 5035 1926 5090 neque
1959 5025 2185 5075 sanctus
2219 5015 2457 5088 Spiritus
2485 5035 2612 5076 cum
2646 5021 2998 5078 laudantibus
3023 5035 3329 5076 connume-

1749 5122 1900 5167 ratus
1925 5118 2038 5177 est,
2076 5118 2254 5181 patet,
2299 5111 2398 5168 hos
2429 5122 2626 5169 creatae
2665 5123 2873 5169 natura:
2902 5113 3329 5184 haudquaquam

1744 5220 1866 5261 esse
1890 5222 1903 5257 :
1932 5203 2176 5274 alioquin
2200 5211 2326 5258 ante
2349 5219 2541 5261 omnes
2565 5205 2704 5262 alios
2730 5205 2982 5277 opiﬁcem
3019 5206 3327 5271 laudarent,

1134 5388 1367 5444 VAIIIE
1409 5383 1798 5444 LECTIONES
1835 5384 1924 5440 ET
1960 5384 2199 5441 NOTAE.

110 5543 163 5629 ξξ
204 5540 593 5629 ξφ-ηίιξγιον,
628 5543 943 5629 Recz‘lectio
977 5554 1071 5629 est
1099 5544 1606 5629 ’fiﬁawglorttev
1633 5543 1688 5596 λό

1745 5561 1811 5629 ιν.
1857 5542 1933 5629 ,⁵⁵
1953 5539 2172 5628 ⁹Ἑδῇλ.
2204 5540 2383 5629 cgdzrl
2402 5538 2538 5629 ’add.
2558 5541 2840 5629 chd‘foiiut
2862 5540 2914 5595 in
2948 5546 3091 5595 textu
3121 5536 3228 5593 τῶν
3250 5535 3330 5594 θ’.

45 5622 374 5690 ιε’μληλ.
424 5617 542 5672 Non
596 5616 854 5686 repetitur
916 5616 968 5668 in
1023 5615 1204 5668 cod.l

1323 5615 1366 5646 ⁸⁷
1436 5614 1610 5667 Ὅσα.
1681 5610 1802 5669 cod.
1856 5611 1875 5664 I
1914 5611 2012 5680 οὐχ
2051 5610 2146 5676 ὡς·
2229 5613 2275 5643 ⁵⁸
2301 5612 2432 5695 Κθίο
2479 5611 2601 5665 οοάο
2647 5610 2834 5680 ’γάρο
