3940 6318
451 307 466 366 l
479 307 580 369 987

1481 301 1987 362 THEODORETI
2015 299 2355 360 EPISCOPI
2389 301 2758 362 CYRENSIS

3577 301 3719 366 1988

436 419 694 472 ntt'ontes
715 411 1168 484 jnstitimjnstum
1204 412 1557 465 honorantes.
1597 412 1702 465 Sed
1737 427 1837 467 nec
1863 411 2025 466 Filios

2137 409 2302 480 σύνης
2331 411 2505 480 πηγαὶ
2537 409 2777 481 τιμῶσαι
2817 411 2878 463 τό
2908 410 3138 465 δίκαιον.
3189 412 3331 465 Ἀλλ’
3365 410 3489 466 οὔτε
3522 413 3552 466 6
3583 415 3718 477 Ytb;

438 510 622 564 laudat
649 547 664 571 ,
709 521 806 559 nec
851 503 1093 574 Spiritus
1145 511 1412 557 sanctus:
1456 517 1566 559 non
1611 503 1778 572 igitur
1823 512 2024 556 ereatze

439 613 650 658 naturae
674 607 760 653 est
787 607 882 652 aut
913 595 1120 660 Filius,
1159 603 1250 649 aut
1294 595 1532 664 Spiritus
1564 604 1809 650 sanctus.
1851 593 2023 648 Nimi-

441 708 561 746 rum
588 689 840 744 laudatur
865 696 922 742 et
951 687 1066 756 ipse
1085 725 1100 750 ,
1132 695 1186 740 et
1216 685 1455 754 Spiritus
1482 695 1705 740 sanctus
1731 727 1745 750 ,
1774 687 2025 757 quando-

436 781 664 853 quidem
705 794 813 833 non
856 787 935 833 est
973 777 1124 830 aliud
1155 777 1284 846 quid
1334 777 1576 831 medium
1619 777 1763 832 inter
1791 791 1886 830 eos
1928 775 2022 844 qui

440 875 684 936 laudant,
717 879 770 924 et
795 870 889 940 qui
928 870 1221 923 laudantur
1251 887 1264 922 :
1308 868 1404 923 sed
1437 869 1624 922 laudat
1647 878 1897 923 creatura
1920 907 1936 932 ,
1967 874 2023 922 ct

439 963 666 1018 Creator
683 959 961 1013 laudatur.
980 956 1037 1011 Si
1055 967 1238 1012 autem
1257 957 1455 1027 aliquis
1485 973 1643 1012 suum
1665 957 2018 1012 Conditorem

440 1071 545 1108 non
560 1055 772 1117 laudat,
793 1061 1055 1121 tanquam
1078 1051 1322 1119 ingratus
1337 1065 1444 1104 non
1462 1050 1665 1105 laudat.
1689 1050 1887 1105 Verum
1907 1051 2022 1104 haec

443 1146 724 1217 cepiosius
769 1145 822 1198 in
864 1142 1020 1196 libris
1054 1141 1121 1194 de
1159 1140 1365 1210 Spiritu
1416 1150 1608 1196 sancto
1639 1143 2016 1210 exposuimus.

438 1239 582 1308 Ergo
599 1238 663 1290 ad
678 1235 1144 1290 continuationem
1168 1231 1630 1301 interpretationis
1653 1241 2017 1288 transeamus.

512 1328 681 1383 Vens.
730 1328 786 1381 ‘2.
841 1345 860 1378 ι
911 1325 1158 1379 Laudate
1207 1339 1354 1388 eum,
1407 1338 1595 1377 omnes
1645 1324 1821 1393 angeli
1859 1324 2016 1392 ejus,

440 1421 659 1475 laudate
690 1435 838 1479 eum,
867 1432 1058 1471 omnes
1093 1415 1323 1469 virtutes
1361 1415 1574 1485 1577
1606 1415 1748 1484 ejus.
1784 1435 1804 1468 ι
1837 1417 2022 1484 Ange-

439 1511 520 1563 los
557 1519 608 1562 et
653 1507 884 1560 Virtutes
927 1505 1291 1575 intelligentes
1319 1514 1545 1558 naturas
1583 1514 1762 1558 vocat.
1792 1504 2020 1574 Angelos

441 1600 689 1668 quidem,
724 1607 780 1650 ut
807 1598 898 1666 qui
929 1597 1111 1651 divina
1145 1595 1308 1648 verba
1345 1595 1741 1648 transmittant.
1785 1591 2018 1647 Virtutes

2125 502 2303 573 ὑμνεῖ,
2326 502 2448 555 οὔτε
2472 501 2532 554 τὸ
2555 501 2821 570 πανάγιον
2857 501 3081 572 Πνεῦμα
3099 503 3165 535 ⁸⁹·
3191 503 3252 555 οὑ
3278 502 3458 556 τοίνυν
3482 507 3719 574 κτιστῆς

2126 597 2244 648 ἐστι
2270 594 2506 664 φύσεως,
2521 593 2642 646 οὒτε
2660 597 2687 648 6
2703 595 2852 661 Υἱὸς,
2875 593 2998 648 οὔτε
3024 596 3082 647 τὸ
3105 595 3369 662 πανάγιον
3391 595 3622 666 Πνεῦμα
3638 596 3689 634 ⁵⁸

2135 689 2419 759 ’Υμνεῖται
2442 687 2683 757 δηλονότι
2719 689 2813 742 καὶ
2837 689 3020 753 αὐτὸς,
3041 689 3135 742 καὶ
3155 689 3215 740 τὸ
3246 688 3513 756 πανάγιον
3538 688 3718 743 Πνεῦ.

2126 794 2233 850 μα’
2266 780 2327 831 οὐ
2359 777 2468 846 γάρ
2499 781 2647 832 ἐστιν
2672 778 2800 832 ἄλλο
2827 797 2878 832 τι
2911 780 3077 849 μέσον
3112 780 3222 832 τῶν
3261 780 3575 850 ὑμνούντων
3614 784 3718 835 καὶ

2125 870 2501 940 ὑμνουμένων,
2537 869 2654 923 ἀλλ’
2685 871 2719 940 ἠ
2771 869 2869 940 μὲν
2910 870 3087 929 κτίσις
3117 870 3308 940 ὑμνεῖ,
3335 873 3362 925 6
3391 871 3448 924 δὲ
3463 871 3714 943 Κτίστης

2123 960 2394 1030 ὑμνεῖται.
2413 961 2476 1014 Εἰ
2499 961 2554 1014 δέ
2590 977 2673 1024 τις
2699 960 2788 1016 τὸν
2813 961 3052 1031 κτίστην
3075 962 3176 1031 οὑχ
3207 962 3237 1014 ὑ
3246 964 3385 1030 μνεϊ,
3408 962 3485 1026 ὡς
3509 963 3709 1035 ἀχάρι-

2126 1071 2250 1116 στος
2273 1055 2372 1124 οὐχ
2398 1055 2577 1124 ὑμνεῖ.
2615 1052 2778 1106 Ἀλλὰ
2800 1054 2978 1106 ταῦτα
3007 1054 3341 1126 πλατύτερον
3363 1058 3422 1110 ὲν
3443 1061 3556 1121 τοῖς
3577 1060 3714 1128 περὶ

2121 1142 2218 1195 τοῦ
2250 1143 2406 1210 ἁγίου
2434 1141 2574 1196 Πνεύ
2585 1160 2752 1212 ματος
2775 1141 3125 1213 διεξήλθομεν
3147 1143 3350 1212 λόγοις.
3373 1146 3586 1200 Οὐκοῦν
3613 1148 3714 1199 ἐπὶ

2121 1233 2191 1286 τὰ
2215 1235 2412 1304 συνεχῆ
2435 1236 2533 1304 τῆς
2559 1234 2858 1304 ἑρμηνείας
2893 1235 3220 1307 βαδίσωμεν.

2195 1326 2260 1396 β’.
2315 1347 2334 1378 ι
2377 1328 2590 1379 Αἰνεῖτε
2638 1325 2830 1388 αὐτὸν,
2869 1328 3070 1390 πάντες
3125 1330 3172 1380 οἱ
3225 1327 3444 1397 ἄγγελοι
3500 1330 3709 1384 αὐτοῦ’

2122 1418 2323 1471 αἰνεῖτε
2358 1416 2545 1482 αὐτὸν,
2573 1419 2746 1470 πᾶσαι
2775 1417 2832 1470 αί
2859 1417 3116 1486 δυνάμεις
3134 1418 3300 1471 αὑτοῦ
3335 1438 3355 1472 s
3397 1420 3713 1489 Ἀγγέλους

2123 1509 2219 1563 καὶ
2275 1507 2561 1578 δυνάμεις
2607 1509 2704 1572 τὰς
2747 1509 2939 1579 νοεράς
2967 1510 3156 1577 φύσεις
3180 1514 3352 1564 καλεῖ.
3394 1511 3711 1582 Ἀγγέλοινς

2125 1605 2246 1676 μὲν,
2277 1604 2353 1668 ὡς
2379 1605 2450 1658 τὰ
2474 1605 2594 1658 θεῖα
2621 1604 3125 1677 διαπορθμεύοντας
3159 1607 3205 1638 ⁶⁶
3236 1609 3482 1676 ῥήματα·
3519 1607 3710 1662 δυνά-

441 1707 605 1746 vero.
653 1687 782 1756 quia
833 1685 1111 1754 corporeis
1155 1682 1441 1738 allectibus
1488 1691 1713 1746 carent,
1766 1692 1820 1737 et
1863 1683 2016 1752 jussa

2135 1711 2249 1758 [ιεις
2277 1693 2358 1756 δὲ,
2409 1693 2485 1756 ὡς
2516 1693 2624 1746 τῶν
2659 1694 2989 1762 σωματικῶν
3034 1693 3224 1746 παθῶν
3269 1694 3584 1766 ἐλευθέρας,
3612 1697 3713 1748 καὶ

443 1783 708 1850 perlicere
735 1785 984 1846 possunt.
1040 1794 1058 1826 ι
1097 1776 1351 1829 Potentes
1386 1774 1554 1834 enim.
1593 1775 1788 1843 inquit,
1819 1774 2019 1827 virtute

2135 1785 2364 1856 πληροῦν
2400 1785 2470 1839 τὰ
2507 1760 2843 1852 κελευόμενα
2885 1785 3213 1856 δυναμένας.
3259 1805 3278 1838 ι
3315 1760 3543 1840 Δυνατοὶ
3576 1788 3709 1857 γὰρ,

445 1871 713 1925 facientes
747 1868 973 1921 verbum
1017 1868 1137 1936 ejus
1180 1865 1228 1919 δ.
1259 1883 1277 1916 ι
1333 1863 1526 1919 Totam
1570 1867 1714 1919 enim
1765 1874 2018 1918 naturam

445 1960 871 2029 intelligibilium
950 1973 1044 2026 per
1109 1959 1223 2012 haec
1296 1958 1520 2010 nomina
1584 1957 2018 2026 comprehendit.

443 2055 713 2107 Cmterum
761 2051 1056 2104 admodum
1106 2059 1469 2119 congruenter
1515 2049 1767 2103 ccelestes
1824 2049 2023 2102 choros

447 2146 688 2215 primas,
727 2144 780 2197 in
813 2145 1138 2213 hymnorum
1169 2142 1500 2196 cantilenam
1532 2141 1768 2194 vocavit.

519 2235 751 2290 Vens.5.
779 2254 795 2285 ι
825 2235 1068 2288 Laudate
1095 2249 1244 2296 euin,
1269 2235 1350 2287 sol
1376 2243 1430 2288 et
1453 2235 1576 2288 luna
1599 2253 1612 2299 ;
1635 2235 1851 2290 laudate
1869 2249 2018 2296 cum,

445 2325 628 2378 omnia
671 2333 818 2378 astra
859 2332 914 2377 et
953 2323 1156 2376 lumen.
1201 2342 1219 2374 ι
1255 2329 1274 2346 ⁹
1315 2323 1676 2394 Symmachus
1722 2325 1836 2378 sic:
1881 2323 2024 2376 Lun-

447 2418 568 2470 date
599 2431 736 2478 cura,
773 2431 952 2470 omnes
985 2415 1153 2468 stella?
1183 2415 1406 2469 lmm'uis
1439 2433 1462 2470 :
1497 2419 1575 2470 sic
1607 2416 1770 2469 etiam
1817 2415 2019 2469 creteri.

446 2512 514 2562 At
570 2507 870 2562 secundum
923 2507 1278 2576 Septuaginta
1330 2509 1410 2562 sic
1459 2517 1545 2562 est
1589 2508 2019 2578 intelligendum.

449 2599 635 2668 Primo
657 2599 744 2652 die
771 2599 943 2652 lncem
973 2600 1114 2654 Deus
1139 2599 1286 2658 fecit.
1309 2611 1509 2669 quarto
1536 2613 1664 2652 vero
1697 2599 2020 2654 luminaria:

448 2697 505 2742 et
537 2697 820 2756 propterea
853 2703 1106 2743 seorsum
1141 2689 1362 2744 luminis
1387 2689 1719 2742 mentionem
1744 2687 1892 2754 fecit,
1913 2701 2020 2741 non

445 2780 592 2846 quod
622 2794 718 2847 per
743 2780 985 2847 seipsum
1016 2781 1286 2834 consistat
1307 2821 1322 2846 ,
1379 2779 1472 2835 sed
1502 2783 1632 2849 quia
1706 2780 1758 2833 in
1789 2780 2024 2834 lumina-

453 2871 604 2924 ribus
655 2870 1007 2925 distributum
1054 2881 1156 2926 est.
1212 2872 1337 2926 lla-c
1375 2885 1534 2936 vero,
1581 2881 1640 2925 nt
1693 2871 1806 2941 jam
1858 2886 2021 2940 supra

449 2961 724 3025 diximus,
768 2961 1033 3030 propheta
1081 2971 1382 3026 convocat,
1437 2976 1543 3016 non
1581 2962 1748 3016 veluti
1784 2962 2021 3016 animata

2124 1876 2311 1946 φησὶν,
2343 1874 2486 1946 ἰσχύϊ
2514 1876 2795 1939 ποιοῦντες
2815 1877 2906 1930 τὸν
2935 1877 3091 1944 λόγον
3115 1877 3300 1930 αὑτοῦ.
3335 1896 3352 1927 ›
3381 1879 3572 1932 Πᾶσαν
3608 1883 3712 1946 μέν

2121 1984 2204 2022 τοι
2238 1967 2348 2021 τῶν
2376 1967 2580 2038 νοερῶν
2607 1969 2705 2038 τὴν
2745 1968 2907 2038 φύσιν
2937 1969 3257 2039 διατούτων
3284 1969 3576 2044 περιέλαϐε
3599 1969 3713 2022 τῶν

2123 2061 2423 2129 ὀνομάτων.
2455 2059 2619 2114 Μάλα
2649 2060 2705 2112 δὲ
2740 2061 3015 2130 ἁρμοδίως
3045 2063 3171 2124 τοὺς
3204 2059 3568 2132 ὲπουρανίους
3613 2075 3711 2129 χο-

2127 2154 2253 2223 ροὺς
2288 2151 2536 2222 πρώτους
2567 2153 2608 2183 ⁸⁸
2641 2153 2721 2212 εἰς
2751 2152 3025 2222 ὑμνῳδίαν
3056 2154 3302 2207 ἐκάλεσε.

2193 2250 2263 2311 γ’.
2297 2260 2315 2294 ι
2352 2245 2560 2296 Αἰνεῖτε
2593 2244 2782 2308 αὑτὸν,
2811 2243 2960 2312 ἥλιος
2991 2246 3088 2298 καὶ
3125 2244 3346 2315 σελήνη,
3377 2245 3576 2298 αἰνεῖτε
3611 2245 3714 2296 αύ-

2122 2335 2237 2401 τὸν,
2267 2334 2444 2386 πάντα
2478 2334 2546 2386 τά
2576 2335 2750 2406 ἄστρα
2783 2335 2877 2387 καὶ
2902 2335 2963 2387 τὸ
2991 2336 3125 2404 φῶς.
3162 2355 3180 2387 ι
3223 2337 3283 2389 Ὀ
3317 2335 3374 2388 δὲ
3411 2337 3710 2406 Σύμμαχος

2123 2425 2316 2488 οὑτως,
2365 2425 2620 2495 Ὑμνεῖτε
2665 2426 2874 2488 αὑτὸν,
2915 2426 3134 2492 πάντες
3184 2427 3434 2494 ἀστέρες
3475 2428 3706 2496 φωτός·

2123 2517 2266 2570 οὓτω
2310 2517 2368 2569 δὲ
2416 2518 2510 2570 καὶ
2542 2519 2589 2570 οἱ
2622 2517 2791 2572 ἄλλοι.
2825 2518 2979 2570 Κατὰ
3028 2521 3154 2580 τοὺς
3207 2517 3610 2586 Ἑϐδομήκοντα
3652 2519 3712 2572 δὲ

2123 2611 2266 2666 οὑτω
2294 2615 2511 2682 νοητέον
2530 2628 2544 2642 ·
2575 2613 2654 2684 Τῇ
2691 2612 2882 2684 πρώτῃ
2908 2615 3090 2683 ἡμέρα
3120 2613 3178 2665 τὺ
3207 2613 3322 2682 φῶς
3346 2612 3713 2684 ἐδημιούργη-

2127 2720 2216 2757 σεν
2251 2706 2279 2757 6
2307 2705 2459 2768 θεὸς,
2491 2706 2556 2775 τῇ
2583 2706 2820 2777 τετάρτῃ
2851 2705 2907 2758 δὲ
2942 2707 3068 2768 τοὺς
3108 2705 3403 2774 φωστῆρας
3423 2722 3436 2733 ο
3481 2704 3577 2757 καὶ
3616 2705 3712 2758 διὰ

2121 2794 2282 2847 τοῦτο
2309 2793 2405 2858 τοῦ
2441 2795 2619 2864 φωτὸς
2652 2797 2823 2865 χωρὶς
2865 2796 3294 2866 ἐμνημόνευσεν,
3323 2796 3419 2864 οὑχ
3461 2795 3536 2858 ὡς
3582 2795 3708 2848 καθ’

2123 2887 2286 2940 ἑαυτὸ
2314 2887 2648 2956 ὑφεστῶτος.
2674 2887 2788 2939 ἀλλ’
2814 2887 2888 2951 ὡς
2910 2890 2966 2940 ἐν
2989 2891 3102 2951 τοῖς
3135 2888 3420 2958 φωστῆρσι
3446 2889 3711 2959 διανεμη-

2124 2977 2330 3039 θέντος.
2356 2974 2540 3028 Ταῦτα
2569 2975 2647 3040 δὲ,
2677 2977 2752 3040 ὡς
2780 2977 2873 3030 καὶ
2897 2977 2995 3047 ἤδη
3017 2979 3451 3048 προειρήκαμεν,
3480 2981 3581 3032 οὑκ
3609 2980 3711 3048 ἔμε

450 3057 505 3108 et
529 3049 795 3103 rationem
823 3050 1075 3104 habentia
1098 3068 1111 3104 :
1141 3051 1236 3105 sed
1264 3059 1324 3105 ut
1353 3067 1452 3106 nos
1475 3051 1530 3105 in
1558 3051 1672 3106 haec
1691 3051 2020 3114 intueamur,

2135 3067 2276 3138 ᾦυχα
2303 3069 2348 3099 ⁶²
2383 3067 2476 3120 καὶ
2505 3067 2698 3134 λογικά
2725 3068 3017 3134 συγκαλεῖ·
3046 3069 3160 3122 ἀλλ’
3189 3071 3337 3141 ἡμᾶς
3367 3072 3581 3141 ἀφορᾷν
3624 3072 3710 3133 εἰς

454 3139 662 3211 Deique
691 3139 1017 3210 sapientiam
1047 3139 1360 3208 discamus,
1390 3153 1445 3197 et
1468 3156 1565 3211 per
1603 3143 1788 3198 omnia
1825 3153 1886 3198 ut
1922 3142 2024 3213 ipsi

453 3232 644 3296 laudes
671 3242 941 3297 texamus,
969 3232 1314 3291 adhortatur.

527 3416 694 3474 Vens.
717 3417 770 3472 4.
801 3435 819 3469 ι
847 3416 1086 3472 Laudato
1113 3431 1263 3484 eum,
1294 3417 1420 3472 cmli
1450 3417 1742 3483 caelorum,
1773 3427 1828 3473 et
1850 3432 2026 3488 aquae,

457 3527 580 3583 quae
603 3527 767 3582 super
797 3511 954 3568 ctelis
988 3519 1136 3566 sunt.
1178 3528 1197 3561 ι
1232 3507 1604 3563 Firmamento
1630 3523 1894 3577 aquarum
1931 3524 2031 3562 na-

459 3613 639 3659 turam
692 3602 840 3658 Deus
878 3601 1098 3664 divisit,
1138 3598 1509 3669 inexplicabili
1551 3598 1817 3668 sapientia
1851 3599 2029 3652 maxi-

460 3707 602 3745 mam
628 3691 764 3761 ipsis
787 3690 1192 3746 distinctionem
1221 3687 1562 3758 impertiens.
1579 3686 1646 3741 Et
1671 3703 1837 3757 super
1859 3704 2032 3758 aquas

455 3790 772 3850 compactas
807 3781 1128 3835 immensum
1183 3777 1540 3832 luminarium
1601 3778 1781 3848 ignem
1835 3779 2033 3833 decur-

460 3886 577 3927 rere
597 3870 781 3941 jussit.
807 3869 963 3940 Aqua
990 3877 1172 3923 autem
1200 3875 1255 3922 et
1279 3866 1422 3936 ignis
1445 3866 1552 3922 sibi
1584 3866 1814 3921 invicem
1841 3869 2034 3921 adver-

459 3975 650 4017 santur
677 3983 693 4014 -.
729 3963 822 4016 sed
863 3971 1044 4015 tamen
1079 3975 1258 4030 neque
1298 3959 1440 4030 ignis
1476 3974 1616 4029 aqua
1643 3961 2031 4030 exstinguitur,

457 4071 633 4123 neque
656 4063 842 4107 coacta
864 4052 954 4106 illa
984 4066 1125 4121 aqua
1156 4050 1372 4121 1578
1395 4051 1662 4106 immenso
1691 4052 1815 4122 igne
1833 4053 2036 4108 dissol-

457 4147 622 4200 vitur.
643 4147 812 4201 Porro
830 4144 945 4200 hazc
968 4143 1060 4198 Dei
1078 4143 1512 4212 inexplicabilem
1533 4145 1829 4216 potentiam
1852 4155 2036 4199 osten-

459 4238 615 4290 dunt.
652 4235 820 4291 leos
866 4245 1049 4290 autem
1098 4233 1469 4293 multitudinis
1501 4248 1735 4288 numero
1776 4237 2030 4295 vocarit,

459 4341 568 4380 non
599 4328 742 4394 quod
775 4325 976 4380 multos
996 4339 1094 4378 eos
1117 4338 1239 4378 esse
1264 4321 1453 4385 sciret,
1473 4321 1568 4376 sed
1587 4322 1730 4391 quod
1752 4321 2031 4377 llebra'atn

2129 3157 2323 3221 ταῦτα,
2356 3157 2452 3210 καὶ⁸
2485 3155 2580 3209 τοῦ
2602 3156 2738 3208 Θεοῦ
2768 3156 2865 3226 τὴν
2896 3158 3088 3226 σοφίαν
3114 3160 3580 3229 καταμανθάνειν,
3611 3163 3710 3214 καὶ

2129 3249 2219 3306 διὰ
2293 3249 2510 3305 πάντων
2574 3247 2725 3322 αὑτῷ
2784 3247 3006 3303 πλέκειν
3064 3250 3163 3321 τὴν
3226 3250 3499 3321 ὑμνῳδίαν
3565 3268 3709 3323 παρ-

2132 3344 2328 3415 εγγυᾷ.

2198 3433 2261 3488 δ’.
2298 3451 2317 3484 ι
2343 3433 2551 3486 Αἰνεῖτε
2580 3431 2828 3500 αὑτὸν,οἰ
2857 3432 3072 3504 οὐρανοὶ
3099 3433 3205 3486 τῶν
3227 3433 3493 3503 οὐρανῶν,
3525 3435 3618 3488 καὶ
3647 3436 3708 3488 τὸ

2133 3526 2277 3597 ὕδωρ
2337 3525 2397 3578 τὸ
2429 3525 2682 3596 ὑπεράνω
2731 3525 2840 3578 τῶν
2869 3525 3135 3596 οὐρανῶν.
3171 3545 3188 3577 ι
3221 3526 3314 3596 Τῷ
3362 3527 3708 3598 στερεώματι

2130 3617 2447 3689 διεχώρισεν
2476 3620 2503 3670 6
2529 3617 2660 3680 Θεὸς
2688 3617 2795 3670 τῶν
2818 3617 3025 3672 ὑδάτων
3051 3619 3150 3688 τὴν
3173 3617 3354 3686 φύσιν,
3387 3621 3455 3690 τῇ
3479 3621 3709 3691 άρῤήτῳ

2135 3709 2299 3778 σοφίᾳ
2327 3707 2428 3777 τὴν
2458 3706 2552 3759 ἐπὶ
2586 3706 2832 3759 πλεῖστον
2860 3707 3044 3771 αὐτοῖς
3065 3707 3350 3777 διανομίαν
3372 3709 3418 3740 ⁸³
3451 3710 3707 3779 μηχανὼ-

2135 3816 2317 3869 μενος.
2349 3798 2462 3851 Καὶ
2496 3797 2589 3850 ἐπὶ
2621 3799 2732 3850 τῶν
2773 3799 3101 3869 πεπηγότων
3132 3799 3339 3853 ὑδάτων
3376 3799 3438 3853 τὸ
3481 3801 3709 3870 ἄπειρον

2131 3891 2241 3944 τῶν
2269 3891 2573 3962 φωστήρων
2601 3891 2808 3944 ὁδεύειν
2839 3892 3138 3963 προσέταξε
3179 3891 3320 3964 πῦρο
3355 3894 3498 3965 ὕδωρ
3525 3895 3581 3948 δὲ
3615 3898 3711 3950 καὶ

2136 3981 2246 4054 πῦρ
2280 3981 2498 4035 ἐναντία
2528 3980 2779 4052 ἀλλήλοις
2803 3999 2817 4012 ·
2857 3981 2970 4038 ἀλλ’
2992 3984 3140 4054 ὅμως
3159 3982 3282 4036 οὔτε
3320 3986 3432 4048 τοῖς
3459 3985 3617 4039 ὕδασι
3650 3987 3710 4040 τὸ

2135 4071 2246 4142 πῦρ
2276 4072 2320 4103 ⁸⁸
2365 4070 2816 4138 κατασϐέννυται,
2875 4072 2997 4125 οὔτε
3039 4073 3099 4126 τὸ
3146 4076 3392 4144 πεπηγὸς
3436 4075 3583 4146 ὓδωρ
3632 4078 3710 4146 τῷ

2134 4162 2348 4234 ἀπείρῳ
2398 4162 2533 4232 πυρὶ
2580 4164 2970 4234 κατατήκεται.
3015 4164 3266 4217 Δείκνυσι
3305 4167 3362 4218 δὲ
3404 4167 3577 4220 ταῦτα
3612 4168 3706 4221 τοῦ

2133 4250 2270 4303 Θεοῦ
2312 4251 2412 4320 τὴν
2455 4251 2693 4322 ἄρρητον
2737 4251 2985 4322 δύναμιν.
3038 4252 3424 4322 Πληθυντικῶς
3473 4254 3531 4308 δὲ
3584 4259 3709 4318 τοὺς

2135 4341 2431 4410 οὐρανοὺς
2457 4343 2757 4414 ὠνόμασεν,
2787 4345 2848 4398 οὑ
2873 4345 3098 4410 πολλοὺς
3125 4346 3344 4411 τούτους
3368 4348 3545 4412 εἰδὼς,
3573 4349 3710 4402 ἀλλὰ

461 4418 704 4488 linguam
749 4428 974 4472 secutus
999 4417 1107 4479 sit,
1158 4413 1428 4484 siquidem
1461 4428 1692 4468 numero
1729 4415 2025 4469 Imdtitndi-

2135 4436 2198 4504 τῇ
2242 4433 2511 4505 Ἐϐραίων
2553 4413 2925 4506 ἀκολουθήσας
2958 4441 3145 4508 φωνῇ’
3179 4438 3558 4508 πληθυντικῶς
3602 4441 3710 4510 γὰρ

459 4494 652 4566 ιιὶεἹΙΙὶ
698 4511 798 4566 hos
844 4519 1074 4574 vocant,
1119 4508 1262 4574 sicut
1323 4521 1424 4562 nos
1458 4507 1701 4563 Athenas
1735 4519 1790 4563 et
1818 4508 2033 4565 Thebas

459 4603 721 4658 dicimus.
757 4602 1000 4671 Denique
1023 4614 1165 4670 quos
1197 4599 1286 4653 hic
1315 4599 1472 4652 talos
1510 4600 1758 4654 caelorum
1783 4602 1994 4656 vocavit
2018 4643 2032 4668 ,

459 4697 588 4750 alibi
621 4696 809 4750 caelum
829 4694 943 4750 caeli
971 4690 1324 4761 nuncupavit.
1357 4708 1377 4742 ι
1407 4691 1616 4746 Caelum
1643 4693 1812 4760 enim,
1839 4694 2035 4764 inquit,

460 4787 583 4842 (ταιιὶ
618 4786 852 4841 Domino
879 4796 928 4839 ε.
960 4803 977 4834 ι

540 4959 703 5017 Vens.
734 4962 786 5016 5.
848 4981 866 5010 α
899 4960 1146 5016 Laudent
1193 4976 1392 5017 nomen
1448 4961 1698 5029 Domini,
1749 4967 1877 5034 quia
1917 4968 2034 5040 ipse

461 5050 602 5107 dixit
630 5062 684 5107 et
711 5053 856 5106 facta
880 5059 1008 5106 sunt
1034 5068 1050 5106 :
1081 5049 1197 5120 ipse
1227 5051 1506 5108 mandarit
1539 5062 1593 5108 et
1622 5065 1801 5109 creata
1833 5069 1979 5113 sunt.
2007 5079 2025 5110 ι

465 5142 695 5215 Dignum
726 5152 810 5197 est
846 5142 990 5196 enim
1028 5141 1254 5196 laudare
1278 5140 1467 5206 illum,
1509 5143 1601 5211 qui
1639 5157 1835 5200 cuncta
1867 5148 2032 5203 verbo

459 5235 756 5290 fabricatus
785 5245 886 5289 est.

532 5344 560 5384 δ
589 5342 734 5398 Psal.
767 5360 837 5398 cn
861 5385 876 5407 ,
917 5344 1006 5398 20.
1073 5355 1093 5383 ε
1129 5343 1271 5400 Psal.
1299 5360 1454 5407 cxm,
1488 5347 1569 5400 l6.

2134 4523 2356 4588 τούτους
2386 4527 2580 4579 ἐκεῖνοι
2607 4525 2883 4593 καλοῦσιν,
2914 4528 2990 4590 ὡς
3021 4529 3180 4599 ἡμεῖς
3221 4530 3468 4600 Ἀθήνας,
3498 4531 3710 4594 καὶτὰς

2137 4615 2340 4686 Θήϐας.
2389 4617 2605 4686 Ἀμέλει
2633 4613 2726 4680 οὓς
2755 4618 2798 4649 ⁸³
2829 4618 3063 4672 ἐνταῦθα
3102 4621 3399 4688 οὐρανοὺς
3440 4621 3711 4689 οὐρανῶν

2137 4704 2418 4768 ἐκάλεσεν,
2445 4705 2670 4777 ἑτέρωθι
2692 4707 2736 4738 ⁸⁸
2763 4709 3022 4776 στεφανόν
3047 4709 3306 4776 οἰφανοῦ
3337 4711 3712 4782 προσηγόρευε

2138 4811 2250 4846 σεν.
2289 4813 2307 4846 ι
2353 4795 2410 4848 '0
2451 4795 2678 4868 οὑρανδς
2723 4797 2856 4867 γὰρ,
2884 4798 3039 4868 φησί,
3067 4799 3162 4852 τοῦ
3209 4800 3442 4871 ούρανοῦ
3489 4801 3568 4872 τῷ
3600 4805 3707 4856 Κυ-

2144 4887 2264 4956 ρίῳ.
2300 4905 2318 4936 ι
2990 4907 2994 4910 ·

2213 4983 2274 5031 ε’.
2313 4997 2330 5029 ι
2367 4979 2746 5033 Αἰνεσάτωσαν
2778 4981 2838 5033 τὸ
2863 4980 3030 5050 ὖνομα
3063 4981 3265 5052 Κυρίου
3287 4998 3300 5012 ο
3328 4981 3411 5035 ὅτι
3442 4982 3604 5047 αὐτὸς
3638 4978 3712 5037 εἷο

2141 5087 2210 5123 πε
2245 5071 2341 5123 καὶ
2370 5072 2742 5141 ἐγενήθησαν·
2770 5072 2932 5136 αὑτὸς
2958 5075 3000 5104 ⁸⁷
3023 5073 3323 5126 ἐνετείλατο
3347 5075 3440 5126 καὶ
3463 5076 3713 5145 ἐκτίσθη-

2141 5177 2261 5214 σαν.
2290 5179 2308 5211 ο
2373 5159 2558 5223 Ἀξιον
2602 5159 2732 5230 γὰρ,
2765 5162 2950 5231 φησιν,
2986 5163 3174 5231 ὑμνεῖν
3216 5162 3306 5215 τὸν
3352 5161 3497 5234 λόγῳ
3537 5166 3713 5220 πάντα

2138 5251 2309 5304 ταῦτα
2338 5251 2759 5322 τεκτηνάμενον.

1557 5462 1788 5518 VABl/E
1823 5465 2206 5524 LECTIONES
2248 5471 2335 5526 ΕΤ
2375 5470 2607 5527 ΝΟΤΕ.

545 5576 591 5609 ιο
625 5573 881 5642 Πνεῦμα.
912 5575 1031 5629 eod.
1072 5577 1089 5628 ι
1125 5577 1246 5630 add.
1275 5577 1337 5629 El
1371 5576 1426 5629 δὲ
1460 5577 1532 5648 μὴ
1566 5579 1725 5648 ὑμνεῖ
1775 5584 1803 5634 ὁ
1835 5581 2004 5648 Υἱὸς,

459 5649 503 5684 ιι
536 5644 804 5684 "miluum
851 5645 948 5684 Ιὶμς
997 5645 1048 5684 in
1081 5647 1178 5684 pml
1226 5648 1245 5684 Ι
1353 5647 1397 5678 σι
1431 5649 1717 5684 ’ἰτιηιρηυη
1761 5654 1858 5684 ...ιιι
1916 5654 1936 5684 ι
1963 5669 2024 5684 η..

2135 5587 2267 5674 τεοτδ
2321 5589 2600 5684 τὶοξνάγξον¹
2628 5591 2872 5684 ξινεῦμα.
2951 5594 2995 5624 ⁸ο
3028 5597 3150 5684 εδει.
3207 5597 3231 5650 1
3284 5599 3710 5684 πορθμεύοντας.

459 5649 503 5684 ⁵⁸
531 5645 818 5714 Πρώτους.
850 5645 970 5698 Des.
997 5645 1048 5698 in
1081 5647 1202 5699 cod.
1226 5648 1274 5699 l.
1353 5647 1397 5678 ⁸³
1431 5645 1735 5718 ’Ἑλιψινχω
1761 5654 1884 5705 cod.
1916 5645 2024 5722 17er

459 5718 506 5748 "
540 5715 616 5768 Τὸ
641 5713 782 5768 πῦο.
817 5713 871 5766 In
896 5716 1017 5767 eod.
1051 5717 1072 5767 ἰ
1107 5717 1324 5768 ponitur
1355 5727 1475 5768 nost
1506 5720 1953 5768 κατασϐέννυται-

2136 5697 2148 5709 .
2177 5657 2274 5721 ὡς.
2352 5659 2397 5690 ⁸³
2424 5661 2545 5714 cod.
2581 5661 2604 5714 1
2633 5645 2917 5731 διαμονὴν,
2956 5680 3054 5732 pro
3079 5645 3709 5737 διανομὴιιῖιιῗνίᾱσξιιίῖξ

2135 5727 2244 5768 “in-
2288 5727 2388 5768 ('an
2455 5731 2469 5768 Ι
2518 5745 2682 5768 ηνεπιηι
2741 5731 2816 5768 οἶν*
2852 5733 3074 5768 ἑι-έηωη.
3176 5737 3220 5768 σε
3267 5738 3431 5768 Ἶροι..
3494 5741 3594 5768 “ne
3650 5735 3678 5768 Ι-

641 5720 782 5806 πίξρο
809 5720 871 5806 ξδ’
896 5720 1072 5806 “plut
1107 5720 1324 5806 ponitur
1355 5727 1487 5806 pos't‘
1506 5720 1977 5774 κατασϐέννυται.-

2135 5720 2246 5792 mc.
2288 5727 2412 5782 cod.
2454 5731 2470 5782 l
2518 5720 2816 5799 prmmfob;
2852 5720 3102 5803 ἑτέρωθι.
3176 5720 3450 5806 «"ér'ép.
3488 5720 3699 5795 'oés‘l'hl

459 5780 512 5834 in
538 5802 604 5840 co
625 5788 662 5837 Ι.
700 5787 748 5837 l.
809 5785 850 5815 θ’
877 5786 1068 5850 Αὐτός
1099 5780 1166 5824 ὲ-
1191 5780 1421 5840 ὲκτιόὍ.
1449 5786 1569 5842 Des.
1599 5790 1650 5842 in
1683 5799 1828 5845 textu
1858 5792 1964 5846 τῶν
1989 5796 2063 5850 (γ,
