3824 6318
116 250 239 314 1989

179 367 246 425 ς’.
279 378 296 411 ‹
333 358 601 425 Ἐστησεν
651 353 791 406 αὐτὰ
837 355 916 416 εἰς
950 353 1041 405 τὸν
1079 352 1276 414 αἰῶνα,
1323 355 1419 407 καὶ
1457 356 1536 418 είς
1585 354 1676 406 τὸν
1711 362 1749 412 Α

108 451 267 505 αἰῶνα
311 446 403 500 τοῦ
427 445 625 508 αἰῶνος
654 461 668 475 ο
705 443 1035 514 πρόσταγμα
1085 440 1258 506 ἔθετο,
1291 445 1382 496 καὶ
1424 443 1486 495 ού
1535 461 1674 514 παρ-

105 543 389 596 ελεύσεται.
424 557 443 590 ›
476 539 552 591 υύ
607 535 769 606 μόνον
819 536 877 589 δὲ
921 536 1380 606 ἐδημιούργησεν,
1415 536 1552 589 ἀλλὰ
1579 536 1674 589 καὶ

107 632 544 707 προμηθούμενος
573 629 752 682 αὐτῶν
785 628 1050 682 διατελείο
1085 628 1210 680 ὅθεν
1242 628 1335 681 καὶ
1369 629 1428 680 τὸ
1453 627 1674 698 διαρκὲς

107 727 328 794 ἔχουσιν,
363 722 439 784 ὡς
465 720 508 752 ⁸⁸
535 719 601 773 ἂν
633 719 796 781 αὐτὸς
827 717 1081 788 ἐθελήσῃ.
1113 717 1245 770 osa:
1276 718 1384 788 γὰρ
1417 718 1542 780 τοὺς
1581 715 1673 768 ὑπ’

107 811 260 865 αὑτοῦ
301 809 551 871 τεθέντας
599 806 759 879 ὅρους
803 804 1121 876 παραόῆναι
1171 804 1461 875 δυνήσεται
1488 805 1553 856 ‘9.
1593 803 1677 856 Τὰ

112 907 206 976 μὲν
233 899 318 958 οὖν
347 901 550 973 ἀψυχα,
586 899 682 952 καὶ
717 898 906 968 μέντοι
936 897 1032 950 καὶ
1061 897 1170 949 τῶν
1209 896 1384 950 ἄλλων
1411 897 1454 927 τ’
1487 897 1556 949 τὰ
1584 897 1676 963 γέ-

107 1015 194 1070 νη,
231 997 349 1059 τοὺς
373 995 628 1056 τεθέντας
664 990 981 1061 αἰσχύνεται
1027 991 1254 1060 νόμους·
1314 989 1448 1060 μόνη
1482 989 1539 1042 δὲ
1569 990 1676 1042 τῶν

109 1091 398 1165 ἀνθρώπων
437 1091 468 1160 ἡ
501 1088 686 1158 φύσις,
712 1088 746 1155 ἡ
780 1085 924 1153 λόγῳ
955 1082 1322 1154 τετιμημένη,
1346 1081 1676 1153 παραϐαίνει

108 1188 230 1251 τοὺς
249 1187 460 1255 νόμους.
493 1183 600 1237 Καὶ
626 1183 660 1253 ἡ
695 1181 794 1251 μὲν
823 1178 1073 1233 θάλασσα
1095 1180 1223 1238 τοὺς
1255 1178 1416 1247 ὅρους
1451 1177 1678 1229 ἐπίστα-

110 1297 220 1344 ται,
243 1281 329 1332 καὶ
350 1278 447 1346 τὴν
472 1277 699 1345 ψάμμον
725 1270 1060 1342 αἰσχύνεται,
1094 1270 1188 1322 καὶ
1221 1269 1318 1333 νὺξ
1360 1270 1452 1321 καὶ
1493 1268 1679 1337 ἡμέρα

113 1372 182 1423 τὰ
225 1368 440 1422 τεθέντα
497 1366 824 1434 φυλάττουσι
877 1363 1082 1432 μέτρα·
1141 1359 1417 1430 ἂνθρωποι
1463 1360 1518 1412 δὲ
1570 1360 1679 1411 τῶν

120 1463 272 1516 θείων
302 1462 480 1530 νόμων
513 1456 970 1528 καταψρονοῦσιν.
998 1453 1154 1508 Οὕτω
1193 1455 1249 1507 δὲ
1293 1454 1385 1506 καὶ
1415 1452 1456 1484 ⁷¹
1484 1452 1552 1505 τὰ
1579 1454 1678 1504 ἐπ-

113 1554 330 1624 ουράνια
354 1551 445 1604 καὶ
471 1550 699 1621 οὐράνια
725 1549 806 1611 εἰς
831 1546 1117 1600 κοινωνίαν
1146 1544 1245 1614 τῆς
1283 1542 1554 1612 ύμνῳδίας
1581 1558 1681 1594 κα-

111 1646 285 1710 λέσας,
326 1645 402 1707 είς
455 1643 554 1712 τὴν
595 1641 699 1710 γῆν
740 1637 1056 1710 μεταϐαίνει
1093 1636 1192 1707 τὴν
1223 1634 1410 1706 κοινὴν
1444 1633 1553 1686 τῶν
1582 1635 1677 1687 ἁν-

112 1737 359 1808 ῡρώπων,
394 1736 489 1789 καὶ
521 1734 633 1786 τῶν
663 1733 876 1799 ἀλόγων
905 1730 1138 1801 μητέρα.

182 1827 244 1890 ζ’.
274 1846 290 1878 ι
321 1827 530 1878 Αἰνεῖτε
582 1827 673 1877 τὸν
705 1822 910 1892 Κύριον
942 1823 1004 1874 ὲκ
1029 1820 1128 1889 τῆς
1155 1820 1281 1889 γῆς.
1320 1838 1338 1871 ι
1371 1813 1506 1871 Εἶτα
1543 1815 1685 1870 κατὰ

111 1920 291 1990 μέρος,
330 1918 683 1986 Apri/tortae,
717 1915 817 1967 καί
840 1912 1030 1967 πᾶσαι
1057 1912 1338 1966 ἄϐυσσοι.
1371 1909 1552 1981 Μέρος
1585 1909 1684 1980 τῆς

109 2011 212 2079 γῆς
237 2011 266 2078 ἡ
291 2008 558 2072 Θάλασσα,
592 2009 649 2058 ὲν
675 2006 731 2060 δὲ
760 2004 933 2075 ταύτῃ
963 2003 1033 2057 τὰ
1055 2004 1217 2074 κήτη.
1252 1999 1604 2070 Ἀξιάγαστος
1624 2002 1683 2054 δὲ

106 2099 204 2152 τοῦ
227 2097 567 2169 Δημιουργοῦ
591 2097 684 2149 καὶ
713 2096 851 2164 αὕτη
884 2096 918 2166 ἡ
952 2094 1203 2166 πρόνοια,
1235 2095 1318 2147 ὃτι
1345 2094 1412 2146 τὰ
1441 2093 1685 2163 ὑπερμε-

107 2191 246 2259 γέθη
270 2190 360 2242 καὶ
387 2190 670 2260 ὑπέρογκα
700 2187 816 2252 ζῶα
834 2187 880 2218 ⁷⁸
902 2186 1337 2257 δημιουργήσας,
1364 2185 1476 2248 τοῖς
1503 2182 1686 2236 ἀπλώ-

105 2291 220 2336 τοις
248 2274 559 2343 ἐγκαθεῖρξε
590 2274 880 2341 πελάγεσι·
903 2273 1084 2338 δείξας
1111 2273 1209 2344 μὲν
1234 2275 1298 2344 τῇ
1327 2271 1681 2343 δημιουργίᾳ,

105 2361 156 2394 ⁷³
179 2363 267 2414 καὶ
296 2366 358 2434 τῇ
387 2363 594 2417 τούτων
630 2363 824 2433 μνήμῃ
878 2361 1250 2432 δεδιττόμενος
1299 2363 1424 2424 τοὺς
1474 2360 1686 2430 ἀνθρώ-

106 2474 261 2523 πους,
290 2458 366 2528 τῷ
400 2458 455 2511 δὲ
493 2459 594 2530 τὴν
633 2458 882 2512 ἐντεῦθεν
913 2457 1158 2514 κωλύσαι
1182 2457 1364 2528 λώϐην
1396 2456 1684 2528 κηρύττων

103 2548 208 2620 τὴν
237 2549 473 2621 ἀγαθὸτη
484 2567 566 2604 τα.

183 2733 244 2797 η’.
277 2745 296 2778 ι
323 2728 464 2799 Πύρ,
493 2727 723 2799 χάλαζα,
749 2727 906 2798 χιὼν,
931 2728 1288 2801 κρύσταλλος,
1311 2729 1528 2800 πνεῦμα
1550 2745 1684 2784 κατ-

99 2823 330 2890 αιγίδος.
365 2841 385 2874 ι
418 2823 526 2875 Καὶ
557 2822 604 2854 ⁷⁸
651 2821 827 2876 ταῦτα
877 2823 936 2889 ἐξ
969 2822 1180 2876 ὑδάτων
1222 2820 1335 2891 ἔχει
1375 2820 1474 2892 τὴν
1516 2823 1686 2893 ἀφορ-

103 2917 239 2985 μήν.
287 2917 373 2968 Ἐν
403 2915 526 2987 ἀέρι
551 2915 609 2969 δὲ
641 2918 851 2984 γίνεται
886 2916 983 2969 καὶ
1010 2914 1241 2986 χάλαζα,
1279 2914 1372 2967 καὶ
1403 2914 1559 2985 χιὼν,
1588 2913 1684 2967 καὶ

98 3004 454 3076 κρύσταλλος,
501 3007 595 3058 καὶ
634 3007 702 3059 τὰ
749 3005 954 3076 σφοδρά
1001 3003 1305 3075 πνεύματα.
1339 3002 1524 3058 Ταῦτα
1574 3003 1683 3074 γὰρ

96 3096 447 3163 stanter/duc
503 3097 752 3153 ἐκάλεσε.
815 3098 927 3151 Καὶ
975 3096 1034 3149 τὸ
1079 3095 1190 3167 πῦρ
1223 3095 1281 3148 δὲ
1321 3095 1585 3159 ὡσαύτως
1619 3096 1683 3148 οὐ

97 3185 266 3256 μόνον
285 3187 342 3239 ἐν
364 3189 458 3254 γῇ,
488 3187 624 3240 ἀλλά
647 3187 743 3240 καὶ
767 3187 826 3240 ἐν
849 3186 971 3257 ἀέρι
998 3186 1327 3256 φαινόμενον
1357 3184 1504 3239 ἔστιν
1531 3185 1680 3240 ἰδεῖν.

94 3276 214 3330 Καὶ
241 3277 347 3346 γάρ
373 3275 674 3346 ἀστραπαὶ,
699 3277 794 3328 καὶ
821 3275 1099 3347 κεραυνοὶ,
1127 3275 1224 3329 καὶ⁵
1255 3274 1595 3347 πρηστῆρες,
1624 3274 1685 3342 ἐξ

91 3367 264 3435 ἀέρος
291 3367 663 3439 ἐπιφέρονται.
704 3387 724 3419 ι
753 3368 834 3421 Τὰ
858 3367 1117 3422 ποιοῦντα
1142 3368 1237 3422 τὸν
1260 3368 1418 3438 λόγον
1445 3366 1630 3422 αὑτοῦ.
1659 3385 1677 3420 ι

96 3457 218 3511 Καὶ
249 3457 424 3511 ταῦτα
455 3458 536 3522 δὲ,
568 3459 720 3530 φησὶ,
757 3461 871 3522 τοϊς
906 3458 1075 3513 αὑτοῦ
1101 3460 1365 3532 νεύμασιν
1397 3463 1554 3527 είκει,
1586 3463 1685 3533 ούχ

91 3549 179 3610 ὡς
213 3547 433 3620 ἔμψυχα
462 3551 559 3603 καὶ
589 3548 809 3619 λογικὰ,
841 3548 960 3604 ἀλλ’
983 3549 1060 3614 ὡς
1089 3551 1334 3622 ἑπόμενα
1379 3553 1458 3622 τῷ
1488 3552 1685 3624 βουλή-

95 3659 260 3714 ματι.
293 3643 564 3708 Νεύοντος
607 3644 717 3715 γὰρ
767 3644 862 3697 τοῦ
894 3642 1029 3697 Θεοῦ
1074 3643 1279 3697 τούτων
1329 3643 1560 3698 ἕκαστον
1597 3645 1684 3712 γί-

93 3751 275 3788 νεῖαι.

171 3825 236 3878 θ’.
276 3845 295 3877 ς
338 3826 421 3880 Τὰ
451 3827 552 3897 ὅρη
584 3827 679 3881 καὶ
707 3827 909 3890 πάντες
961 3829 1011 3881 οί
1053 3827 1254 3898 βουνοὶ,
1290 3824 1424 3891 ξύλα
1475 3844 1684 3898 καρπο-

89 3919 267 3988 φόρα,
325 3919 424 3971 καί⁵
471 3919 642 3971 πᾶσαι
701 3917 908 3990 κέδροι.
945 3937 965 3971 t
1009 3918 1194 3974 Ἱκανά
1237 3919 1333 3973 καὶ
1378 3917 1553 3972 ταῦτα
1604 3921 1683 3984 είς

83 4010 454 4080 εὐχαριστίαν
485 4013 708 4080 κινῆσαι
743 4010 902 4082 ἡμῶν
928 4010 1029 4074 τὰς
1050 4009 1316 4080 γλώττας.
1349 4010 1424 4064 Ού
1454 4009 1562 4082 γὰρ
1596 4011 1684 4083 p.6-

81 4117 188 4153 νον
243 4100 306 4155 τὸ
367 4099 576 4155 τούτων
635 4102 866 4173 μέγεθος
920 4102 1272 4170 ἀξιάγαστον,
1320 4100 1459 4156 ἀλλά
1513 4104 1606 4155 καὶ
1647 4104 1681 4174 η

77 4191 350 4246 ἐντεῦθεν
389 4195 634 4266 φυομένη
681 4193 878 4266 χρεία·
923 4193 1152 4264 πλείστη
1185 4193 1294 4267 γὰρ
1341 4193 1440 4248 καὶ
1482 4210 1682 4248 παντο-

69 4283 262 4355 δαπή.

161 4392 217 4450 ι’.
258 4414 278 4448 ι
317 4395 400 4450 Τά
435 4397 622 4469 θηρία,
665 4400 762 4453 καὶ
793 4401 972 4456 πάντα
1016 4399 1087 4456 τὰ
1132 4400 1327 4473 κτήνη.
1355 4419 1374 4452 ι
1412 4400 1569 4455 Κατά
1596 4400 1679 4454 δι-

66 4481 305 4552 αίρεσιν
336 4484 432 4538 καὶ
467 4487 661 4542 ταῦτα.
689 4489 765 4542 Ού
793 4490 902 4562 γάρ
935 4490 1126 4554 ἁπλῶς
1155 4485 1280 4545 εἷπε
1313 4489 1382 4544 τά
1409 4491 1678 4560 τετράποο

63 4573 190 4637 δα,Δ
217 4573 361 4626 ἀλλὰ
397 4575 638 4652 ,διέκρινε
684 4577 795 4631 τῶν
839 4581 1063 4652 ἡμέρων
1100 4581 1168 4635 τὰ
1208 4581 1397 4652 ἄγρια.
1443 4583 1555 4636 Καὶ
1589 4583 1678 4638 διὰ

64 4661 299 4715 τούτων
334 4664 542 4734 μέντοι,
568 4669 662 4722 καὶ
691 4668 760 4722 δι’
786 4669 1033 4737 ἐκείνων,
1065 4671 1278 4726 κελεύει
1318 4672 1410 4727 τὸν
1439 4675 1676 4747 Ποιητὴν

65 4753 372 4835 ἁνυμνετν.
422 4756 592 4811 Οὐδὲν
637 4759 748 4831 γὰρ
793 4762 1050 4832 περιττὸν
1077 4766 1171 4818 καὶ
1201 4765 1498 4837 ἀχάριστον
1526 4768 1593 4833 ⁷⁸,
1627 4768 1677 4821 εί

65 4843 198 4898 καὶ
221 4845 329 4928 τὴν
353 4847 648 4921 ,ἡμετέραν
678 4851 966 4924 διαφεύγει
997 4856 1221 4924 γνῶσιν.
1256 4876 1275 4908 ι
1311 4857 1550 4930 Ἑρπετά
1583 4859 1680 4912 καὶ

64 4934 317 4989 πετεινά
371 4941 648 5011 πτερωτά.
683 4961 703 4994 ι
744 4945 824 5015 Τῇ
881 4947 1074 5020 μνήμῃ
1130 4948 1240 5001 τῶν
1289 4949 1538 5020 ἑρπετῶν
1583 4950 1682 5005 καὶ

56 5025 192 5078 τῶν
223 5028 449 5096 νηκτῶν
478 5033 511 5101 ἡ
542 5033 706 5102 φύσις
743 5036 1117 5102 συνέζευκταιο
1152 5041 1314 5113 ἕρπει
1345 5042 1454 5114 γὰρ
1479 5044 1537 5098 ὲν
1566 5045 1682 5108 τοῖς

59 5114 303 5170 ὕδασιν.
341 5118 498 5176 οὕτω
530 5123 589 5178 δὲ
619 5125 762 5180 αὐτὰ
815 5127 911 5183 καὶ
959 5131 987 5183 ὁ
1033 5128 1168 5196 Θεὸς
1210 5133 1679 5204 προσηγόρευσεν.

1361 243 1444 302 IN
1501 241 1705 302 PSAL.
1752 240 2066 301 CXLVIII.

3229 240 3371 310 1990

1861 353 2024 405 Vens.
2051 350 2104 406 6.
2144 370 2162 401 ι
2201 351 2401 406 Statuit
2435 367 2497 407 ea
2532 350 2586 404 in
2616 362 2904 416 internum,
2934 361 2987 406 et
3017 352 3069 410 in
3107 357 3365 412 meulum

1781 443 2016 497 steeuli:
2069 451 2402 513 praeceptum
2451 445 2668 512 posuit,
2718 455 2774 497 et
2814 459 2920 497 non
2970 444 3288 512 praeteribit.
3343 465 3364 499 ι

1780 533 1897 588 Non
1941 536 2106 590 modo
2143 547 2326 589 autem
2378 536 2663 598 condidit,
2698 550 2886 588 verum
2917 538 3085 590 etiam
3119 537 3186 590 de
3233 537 3370 607 ipsis

1780 643 1970 681 curam
2017 643 2207 697 gerere
2252 628 2460 698 pergit:
2497 629 2638 681 unde
2675 635 2730 680 et
2766 628 3230 696 perseverantiam
3273 629 3371 684 ha-

1781 720 1933 783 bent,
1965 729 2130 786 prout
2159 719 2275 788 ipse
2307 720 2562 774 voluerit.
2597 719 2806 772 Etenim
2854 735 2957 774 nec
2999 722 3260 776 terminos
3301 726 3371 778 ab

1784 808 1906 878 ipso
1944 810 2150 877 positos
2184 810 2494 880 transgredi
2547 812 2764 880 poterit.
2821 813 3121 867 lnanimata
3176 812 3370 882 igitur.

1781 909 1836 954 et
1865 900 2097 953 aliorum
2132 915 2330 970 genera
2360 901 2563 964 omnia,
2601 901 2747 970 leges
2777 905 2986 970 positas
3015 913 3368 957 reverentur:

1784 991 1900 1046 sola
1927 1001 2110 1044 autem
2142 991 2426 1046 hominum
2456 1002 2675 1056 natura,
2701 995 2912 1048 ratione
2944 993 3192 1063 prmdita.
3225 996 3372 1061 leges

1786 1084 2208 1153 transgreditur.
2250 1082 2318 1136 Et
2360 1099 2509 1139 mare
2550 1086 2772 1154 quidem
2821 1087 3087 1142 terminos
3135 1087 3272 1148 scit,
3315 1096 3372 1140 et

1785 1189 2006 1229 arenam
2047 1184 2266 1229 veretur
2290 1217 2306 1244 ,
2335 1186 2390 1230 et
2423 1192 2529 1229 nox
2563 1186 2726 1246 atque
2753 1177 2868 1231 dies
2902 1194 3190 1233 mensuras
3221 1179 3370 1246 posi-

1786 1278 1868 1322 tas
1909 1278 2286 1322 conservant:
2351 1268 2602 1322 homines
2655 1281 2783 1320 vero
2825 1268 3040 1322 divinas
3089 1269 3233 1336 leges
3274 1282 3372 1336 pio

1787 1358 1962 1414 nihilo
1998 1361 2229 1415 dttcuut.
2283 1357 2374 1414 Sic
2403 1369 2586 1413 autem
2614 1399 2630 1423 ,
2677 1368 2967 1428 postquam
3012 1361 3254 1415 tmlestia
3275 1401 3291 1424 ,
3318 1368 3374 1412 et

1786 1469 1848 1507 ca
1884 1469 2005 1524 qua:
2033 1468 2197 1522 snpra
2219 1453 2389 1507 caelos
2409 1463 2560 1517 sunt,
2591 1455 2642 1505 in
2669 1453 3109 1506 communionem
3140 1453 3372 1522 hymno-

1789 1561 1910 1600 rum
1954 1545 2206 1607 vocavit,
2251 1544 2316 1596 ad
2354 1553 2554 1597 terram
2583 1558 2925 1598 communem
2957 1547 2972 1562 ⁶
3011 1553 3237 1597 matrem
3272 1544 3372 1596 bo-

1790 1638 1999 1690 tninum
2042 1648 2096 1692 ct
2144 1635 2462 1689 animalium
2516 1633 2730 1688 ratione
2772 1636 3078 1689 carentium
3131 1652 3191 1689 se
3235 1651 3372 1690 con-

1715 1717 1756 1774 Β
1787 1731 1968 1785 vertit.

1862 1822 2021 1874 Vens.
2052 1820 2103 1872 7.
2151 1838 2170 1870 ι
2206 1819 2449 1873 Landate
2483 1817 2776 1873 Dominum
2814 1817 2882 1870 de
2921 1825 3084 1872 terra.
3117 1837 3134 1870 ι
3171 1817 3374 1873 Deinde

1787 1911 2178 1983 particulatim,
2213 1909 2504 1976 Dracones,
2537 1920 2584 1963 et
2615 1925 2794 1962 omnes
2823 1909 3019 1978 abyssi.
3046 1910 3183 1965 Pars
3217 1922 3373 1966 terrm

1785 2009 1870 2059 est
1891 2017 2062 2066 mare,
2087 2011 2140 2056 ct
2161 2003 2212 2055 in
2244 2001 2347 2055 hoc
2374 2010 2502 2055 sunt
2523 2010 2659 2055 cete.
2683 1998 3016 2053 Admiranda
3051 1999 3266 2071 1579
3289 2018 3375 2055 ve-

1786 2108 1849 2149 ro
1894 2095 2012 2148 haec
2046 2091 2384 2162 providentia
2414 2088 2670 2162 Opiﬂcis,
2721 2091 2868 2160 quod
2907 2091 3144 2144 maxima
3184 2102 3238 2145 et
3266 2091 3370 2144 im-

1787 2199 1991 2239 mensa:
2027 2182 2189 2237 molis
2219 2182 2479 2236 animalia
2513 2182 2582 2235 ab
2616 2182 2734 2250 ipso
2760 2180 2981 2234 condita
3018 2181 3070 2233 in
3104 2181 3370 2247 maribus,

1785 2289 1909 2346 qua:
1946 2273 2192 2345 navigari
2236 2287 2344 2326 non
2391 2283 2660 2342 possunt,
2712 2270 3099 2334 concluserit,
3150 2271 3371 2339 opilii-io

1785 2366 2005 2436 quidem
2035 2365 2151 2420 haec
2191 2365 2574 2420 demonstrans
2594 2401 2610 2426 ,
2642 2370 2698 2418 et
2727 2361 2925 2416 horum
2960 2375 3370 2416 commemora-

1787 2457 1934 2512 tione
1963 2457 2214 2512 homines
2246 2464 2458 2511 terrens
2488 2471 2502 2508 :
2545 2469 2701 2510 suam
2735 2469 2864 2510 vero
2899 2454 3195 2508 bonitatem
3237 2470 3374 2522 νηυ-

1786 2547 1978 2612 dicans
1998 2586 2014 2612 ,
2054 2561 2181 2601 cum
2212 2545 2624 2611 detrimentum,
2653 2543 2801 2614 quod
2843 2544 2973 2598 hinc
2998 2544 3134 2598 oriri
3159 2551 3367 2613 posset,

1787 2637 2156 2708 impediverit.

1864 2731 2027 2786 Vens.
2063 2731 2117 2786 8.
2169 2748 2188 2780 ι
2230 2729 2396 2802 Ignis,
2450 2730 2677 2798 grando,
2729 2729 2842 2792 nix,
2898 2728 3125 2797 glacies,
3175 2739 3373 2783 ventus

1784 2820 2176 2888 procellarum.
2210 2839 2229 2872 ι
2280 2820 2346 2872 Et
2379 2823 2494 2873 haec
2527 2835 2593 2872 ex
2627 2819 2785 2887 aquis
2823 2833 3005 2872 ortum
3057 2819 3278 2873 habent.
3314 2821 3370 2873 In

1786 2927 1914 2967 aere
1949 2921 2130 2966 autem
2168 2919 2223 2967 et
2277 2913 2509 2982 grando,
2545 2920 2597 2965 et
2629 2911 2744 2975 nix,
2774 2920 2828 2964 et
2860 2911 3062 2980 glacies
3090 2913 3168 2977 tit,
3198 2923 3253 2966 et
3277 2926 3373 2966 ve-

1787 3002 2070 3059 hementes
2103 3004 2249 3058 venti
2300 3021 2314 3057 :
2367 3004 2468 3058 bos
2513 3005 2657 3057 enim
2699 3003 2961 3071 procellas
3012 3005 3370 3073 nuncupavit.

1711 3066 1756 3126 θ
1787 3093 1856 3149 Et
1889 3095 2032 3166 ignis
2062 3096 2315 3151 similiter
2348 3110 2454 3150 non
2486 3094 2665 3150 solum
2699 3066 2755 3148 iu
2792 3104 2956 3158 terra,
2994 3093 3089 3150 sed
3117 3066 3282 3150 etiam
3314 3097 3371 3151 in

1785 3205 1913 3246 aere
1946 3205 2218 3262 apparens
2243 3191 2391 3247 cerni
2427 3199 2605 3260 potest
2633 3207 2647 3244 :
2679 3190 2882 3245 etenim
2912 3189 3153 3258 fulgttta,
3179 3198 3230 3243 et
3264 3189 3373 3245 ful-

1786 3285 1956 3348 mina,
1990 3292 2046 3340 et
2080 3284 2224 3356 ignei
2257 3284 2509 3339 turbines
2533 3298 2599 3338 ex
2635 3297 2762 3339 aere
2799 3281 3144 3338 deferuntur.
3183 3302 3202 3334 ι
3239 3284 3374 3350 Quae

1787 3374 1998 3431 l‘aciuut
2029 3377 2256 3431 verbum
2282 3375 2424 3444 ejus.
2467 3393 2488 3427 ι
2523 3372 2588 3428 Ει
2611 3374 2728 3429 haec
2758 3388 2947 3443 porro,
2980 3375 3076 3438 ait,
3117 3374 3238 3443 ejus
3267 3391 3370 3429 uu-

1787 3468 1933 3524 tibus
1963 3469 2183 3534 cedunt,
2228 3482 2340 3522 non
2393 3475 2654 3534 tanquam
2691 3465 2934 3520 animata
2986 3474 3040 3518 et
3094 3466 3368 3520 rationem

1788 3559 2064 3622 habentia,
2107 3558 2204 3613 sed
2237 3567 2299 3612 ut
2325 3557 2598 3612 voluntati
2648 3555 2772 3624 ejus
2804 3557 3188 3627 obsequentia.
3232 3556 3368 3614 Nam

1788 3648 1896 3704 Deo
1927 3657 2206 3704 annuente
2239 3649 2519 3719 quodlibet
2554 3661 2746 3704 eorum
2775 3646 2857 3703 lit.

1857 3828 2023 3886 Vens.
2062 3828 2116 3884 9.
2155 3849 2174 3882 ι
2206 3828 2438 3895 Montes,
2463 3839 2520 3886 et
2551 3843 2742 3884 omnes
2769 3827 2962 3892 colles,
2995 3829 3141 3901 ligna
3178 3829 3368 3886 fructi-

1786 3922 1923 3988 fera,
1961 3932 2017 3977 et
2038 3937 2229 3977 omnes
2258 3921 2433 3978 cedri.
2475 3941 2494 3974 ι
2540 3921 2604 3976 Ει
2633 3923 2748 3977 haec
2778 3921 2940 3977 etiam
2976 3923 3028 3976 in
3066 3924 3365 3993 gratiarum

1784 4013 2056 4068 actionem
2089 4013 2305 4084 linguas
2345 4020 2567 4069 nostras
2610 4010 2890 4083 impellere
2924 4023 3177 4084 possunt.
3225 4013 3364 4070 Nam

1784 4121 1892 4159 non
1948 4104 2113 4160 modo
2161 4105 2358 4159 horum
2411 4105 2736 4177 magnitudo
2792 4105 3160 4160 admiratione
3203 4106 3364 4175 digna

1781 4204 1887 4260 est,
1933 4194 2027 4250 scd
2085 4194 2250 4248 etiam
2290 4210 2445 4262 usus,
2497 4194 2592 4265 qui
2626 4194 2757 4252 hinc
2811 4197 2990 4251 oritur
3031 4213 3045 4251 :
3082 4196 3365 4267 multiplex

1779 4285 1926 4340 enim
1952 4295 2034 4341 est
2061 4295 2116 4341 et
2145 4285 2348 4342 diversi
2375 4286 2612 4356 generis.

1709 4395 1756 4451 Il
1853 4397 2021 4454 Vens.
2067 4399 2152 4454 lO.
2195 4418 2214 4451 ι
2267 4399 2481 4462 Bestia,
2529 4409 2582 4455 et
2635 4399 2891 4455 universa
2942 4415 3160 4470 pecora.
3196 4419 3214 4452 ι
3265 4399 3364 4456 Per

1784 4492 2110 4548 divisionem
2140 4493 2308 4547 etiam
2345 4494 2459 4548 haec
2492 4494 2650 4550 dixit.
2689 4491 2806 4548 Non
2843 4493 2988 4548 enim
3036 4493 3364 4562 simpliciter

1782 4595 2020 4656 quatuor
2050 4585 2246 4656 pedum
2275 4587 2530 4640 animalia
2567 4586 2728 4651 dixit,
2759 4586 2851 4642 sed
2879 4587 3118 4656 agrestia
3146 4601 3178 4641 a
3207 4602 3362 4640 tuan-

1783 4678 1957 4734 suetis
1995 4676 2252 4746 sejunxit.
2293 4675 2358 4731 Et
2398 4692 2494 4747 per
2523 4677 2639 4732 haec
2670 4676 2836 4747 igitur
2858 4685 2914 4731 et
2939 4685 3034 4745 per
3075 4676 3166 4730 illa
3191 4675 3362 4732 Deum

1783 4769 2060 4824 celebrare
2086 4769 2261 4839 jubet.
2293 4768 2439 4824 Nihil
2468 4769 2614 4824 enim
2659 4783 3128 4839 supervacaneum
3179 4769 3360 4822 etin-

1783 4861 1919 4916 utile
1962 4869 2068 4926 est,
2125 4861 2253 4916 licet
2305 4869 2545 4915 nostram
2591 4859 2878 4915 scientiam
2923 4859 3140 4931 1580
3167 4858 3360 4927 fugiat.

1788 4971 1807 5004 ι
1847 4951 2140 5022 Serpentes
2192 4963 2245 5009 et
2304 4952 2555 5006 volucres
2611 4961 2881 5022 pennalze.
2937 4970 2955 5004 ι
3012 4952 3360 5022 Serpentium

1782 5045 2288 5102 commemorationi
2314 5046 2478 5102 etiam
2507 5046 2811 5100 natantium
2843 5053 3038 5100 natura
3071 5045 3354 5115 conjungi-

1785 5146 1875 5190 tur
1911 5153 1924 5189 :
1959 5143 2189 5206 serpunt
2236 5137 2384 5191 enim
2422 5136 2475 5191 in
2511 5136 2692 5206 aquis.
2731 5135 2823 5193 Sic
2855 5145 3038 5194 autem
3075 5137 3166 5193 illa
3195 5136 3360 5194 etiam

1186 5308 1421 5364 VAlllAi'.
1462 5309 1850 5367 LECTlONES
1903 5311 1994 5366 ET
2024 5309 2258 5367 NOTE.

131 5441 185 5516 'f
230 5441 356 5516 Ὡς.
407 5441 530 5496 cod.
559 5440 732 5516 [ἕως.
784 5441 951 5516 fili.
1012 5440 1232 5516 δύναται
1265 5485 1280 5509 ,
1314 5447 1548 5516 ascripta
1584 5455 1682 5501 tam

1799 5448 1968 5504 altera
2005 5447 2260 5504 lectione.

2351 5450 2398 5482 ⁷⁸
2427 5449 2690 5504 Ἀλλωια
2711 5450 2834 5508 cod.
2880 5450 2901 5504 l
2927 5449 3157 5518 ἀλόγων.
3211 5449 3258 5482 ⁷⁸
3285 5447 3360 5502 Ad

46 5512 194 5591 ειμι.
238 5511 414 5591 {best
445 5526 476 5591 τε
507 5511 627 5591 cuti.
658 5511 710 5591 ρ.
754 5511 830 5591 ﬁ"
854 5508 1002 5591 ζῶςι.
1037 5511 1156 5566 cod.
1182 5508 1489 5591 ρ-μέρηείξ
1518 5519 1682 5591 Amm

1793 5519 1894 5586 Γίᾳ.
1923 5519 1995 5574 ib.
2028 5533 2183 5591 sequ.
2211 5517 2548 5591 ’το-δυνατόν.
2636 5521 2684 5552 ’⁵
2709 5521 2816 5576 Kal
2849 5551 2917 5562 --
2953 5508 3357 5590 ἑπὶφέρονται.

47 5583 206 5638 Hac
250 5579 478 5653 Origeni
511 5581 696 5638 tribuit
749 5579 912 5637 Cord.
941 5581 975 5636 Ι.
1003 5596 1053 5638 c.
1093 5598 1142 5654 p.
1179 5579 1334 5641 853."
1379 5579 1428 5619 '7'
1459 5579 1682 5656 ΚαΓάλ

1793 5579 1962 5642 οντων.
1995 5579 2122 5643 cod:
2157 5589 2180 5643 l
2209 5589 2329 5643 οὐδὲ
2361 5591 2652 5660 ἄχρηστον.
