3940 6318
233 256 247 316 l
261 251 368 317 993

1603 243 1684 304 ΙΝ
1734 244 1941 305 PSAL.
1983 243 2096 304 CL.

3359 249 3494 313 1994

289 361 370 426 γ’,
410 373 430 406 ι
477 349 854 423 Εὐφρανθήτω
890 346 1112 421 Ἰσραὴλ
1143 349 1236 404 ἐπὶ
1264 347 1342 420 τῷ
1390 350 1676 422 ποιήσαντι
1706 351 1806 406 αὐ-

1981 349 2146 405 Vsns.
2175 349 2229 404 ὃ.
2267 368 2284 402 ι
2320 351 2554 407 Laetetur
2579 350 2742 410 lsrael
2773 355 2840 412 de
2869 370 2935 412 eo
2961 356 3057 428 qui
3081 355 3208 414 fecit
3237 357 3410 426 illum,
3441 370 3495 416 et

221 454 340 513 τὸν,
388 447 486 502 καὶ
529 445 648 500 υἱοὶ
670 444 810 497 Σιὼν
842 442 1297 512 ἀγαλλιάσθωσαν
1343 444 1436 498 ἰπὶ
1481 443 1556 514 τῷ
1604 445 1814 516 βασιλεῖ

223 541 431 596 αὐτῶν.
473 557 493 592 ι
534 538 762 593 Πάντων
791 536 892 606 μὲν
932 534 1066 600 Θεὸς
1111 537 1140 591 6
1167 535 1276 590 τῶν
1313 536 1453 590 ὅλων
1476 535 1632 602 Θεὸς,
1670 536 1814 601 ἰδίως

223 634 281 686 δὲ
314 632 426 684 τῶν
492 628 846 702 Ἰσραηλιτῶν
891 626 1234 700 ἐχρημάτιζε
1282 627 1559 699 βασιλεύς.
1607 630 1815 684 Αὐτίκα

226 723 408 777 τοίνυν
437 720 536 792 τὴν
583 720 907 792 ἀχαριστίαν
944 721 1339 790 νενοσηκότων,
1371 721 1466 775 καὶ
1496 719 1684 792 ἕτερον
1717 722 1816 776 αὐ-

227 816 342 878 τοῖς
373 812 718 884 αἰτησάντων
765 812 990 883 βασιλέα
1019 811 1298 882 γενέσθαι,
1358 813 1492 884 φησὶ⁸
1541 813 1678 885 πρὸς
1725 811 1816 867 τὸν

228 905 490 976 Σαμουὴλ
508 907 536 959 6
554 904 826 972 Θεὸς,ιοὐ
846 904 906 958 σὲ
923 901 1492 978 ὲξουδενήκασιν,ἀλλ’
1510 905 1556 940 ⁸⁸
1578 905 1701 978 ἐμὲ,
1722 908 1816 961 τοῦ

227 997 309 1067 μὴ
341 995 652 1067 βασιλεΰειν
679 995 879 1052 αὐτῶν.
916 1017 935 1051 ι

300 1090 365 1144 δ’.
418 1107 438 1144 t
486 1091 874 1146 Δίνεσάτωσαν
921 1091 985 1146 τὸ
1016 1091 1190 1165 ὄνομα
1239 1092 1407 1147 αὐτοῦ
1457 1094 1517 1148 ὲν
1557 1095 1726 1167 χορῷ,
1760 1095 1819 1148 ὲν

230 1183 504 1254 τυμπάνῳ
558 1184 654 1238 καὶ
697 1181 986 1257 ψαλτηρίῳ
1031 1184 1361 1255 ψαλάτωσαν
1413 1185 1585 1258 αὐτῷ.
1645 1205 1664 1239 ι
1717 1185 1820 1242 Διά

230 1272 436 1336 παντὸς
467 1274 726 1344 ὀργάνου,
758 1276 914 1346 φησι,
947 1275 1092 1330 κατά
1117 1275 1212 1330 τὸν
1245 1275 1409 1348 νόμον
1433 1275 1524 1330 τὸν
1551 1277 1818 1349 ἡμέτερον

232 1362 572 1434 ὑμνήσωμεν
602 1363 695 1418 τὸν
722 1365 1040 1437 εὐεργέτην.

304 1453 369 1510 ε’.
406 1473 426 1508 t
455 1455 576 1509 Ὅτι
601 1455 814 1510 εὐδοκεῖ
841 1456 1047 1528 Κύριος
1076 1458 1135 1512 ὲν
1163 1457 1241 1529 τῷ
1263 1458 1380 1530 λαῷ
1410 1459 1598 1514 αὐτοῦ’.
1629 1478 1648 1513 ι
1679 1461 1817 1516 Πολ-

232 1546 331 1616 λῆς
378 1547 550 1620 ἡμᾶς,
589 1549 724 1620 φησι
772 1549 842 1617 ⁸⁷,
891 1550 1306 1620 φιλανθρωπίας
1335 1550 1556 1623 ἠξίωσε,
1593 1552 1690 1607 καὶ
1721 1541 1820 1625 τὴν

232 1639 444 1694 οίκείαν
491 1642 628 1711 ἡμῖν
673 1640 876 1708 ἔδειξεν
917 1642 1254 1714 ἀγαθότητα.
1302 1661 1322 1696 t
1375 1644 1487 1699 Kal
1533 1643 1738 1714 ὑψώσει
1772 1644 1818 1678 ⁸⁸

1914 442 2011 498 ﬁlii
2041 440 2229 498 Sionis
2255 442 2529 499 exsultent
2558 443 2614 498 in
2637 461 2764 518 rege
2788 463 2908 503 suo.
2947 467 2968 502 ι
2996 447 3252 504 Omnium
3275 451 3493 520 quidem

1919 537 2060 593 Deus
2089 537 2476 592 universorum
2499 546 2583 593 est
2610 539 2754 596 Deus
2782 558 2796 594 :
2824 542 3047 612 proprie
3073 552 3257 599 autem
3281 541 3498 600 Israeli-

1917 635 2095 683 tarum
2156 643 2252 685 rex
2322 631 2768 701 nuncupabatur.
2825 632 3015 704 itaque
3067 650 3194 692 cum
3241 638 3261 658 ⁹
3295 636 3497 708 ingrati

1916 720 2086 775 animi
2126 720 2318 776 morbo
2349 722 2688 790 laborarent,
2724 734 2780 781 et
2810 726 2981 782 alium
3012 743 3196 800 regem
3227 738 3493 800 peterent,

1921 811 2136 884 1582
2169 813 2310 870 dixit
2339 815 2488 872 Deus
2523 814 2765 873 Samueli
2812 835 2826 873 :
2866 836 2887 870 ι
2922 818 3043 877 Non
3074 830 3128 878 te
3163 823 3494 895 reiecerunt,

1918 904 2014 960 sed
2048 920 2154 971 me,
2181 920 2250 964 ne
2281 921 2502 978 regnem
2528 925 2692 980 super
2723 921 2818 967 eos
2851 909 2898 965 ί.
2943 929 2962 962 ι

1988 1077 2156 1138 Vens.
2201 1082 2258 1138 4.
2314 1103 2331 1136 ι
2363 1084 2608 1142 Laudent
2645 1105 2841 1146 nomen
2873 1092 2994 1163 ejus
3045 1094 3100 1149 in
3133 1095 3327 1162 choro,
3369 1113 3498 1155 cum

1918 1178 2179 1243 tympano
2203 1183 2258 1230 et
2285 1176 2546 1246 psalterio
2576 1180 2809 1248 psallant
2836 1183 2908 1238 ei.
2945 1202 2964 1236 ι
3005 1184 3115 1242 Per
3133 1202 3298 1245 omne
3323 1206 3497 1260 genus

1917 1278 2270 1334 organorum,
2297 1269 2395 1335 ait,
2424 1268 2583 1339 juxta
2612 1269 2786 1343 legem
2815 1273 3219 1335 benefactorem
3245 1292 3498 1340 nostrum

1918 1352 2174 1410 laudibus
2210 1355 2526 1414 eﬁ‘eramus.

1993 1444 2156 1502 Vens.
2187 1447 2239 1501 5.
2282 1467 2300 1499 ι
2330 1447 2469 1514 Quia
2498 1449 2904 1522 heneplacitum
2933 1465 3019 1513 est
3044 1459 3281 1518 Domino
3314 1463 3372 1518 in
3399 1480 3500 1537 po-

1919 1537 2050 1616 pulo
2087 1554 2210 1596 suo.
2242 1559 2260 1592 ι
2299 1541 2469 1598 Multa
2495 1543 2854 1615 benignitate,
2889 1548 3088 1619 inquit,
3121 1569 3222 1609 nos
3241 1555 3498 1627 dignatus

1918 1637 2024 1693 est,
2049 1638 2102 1684 et
2128 1629 2429 1687 bonitatem
2459 1647 2616 1688 suam
2643 1635 2803 1691 nobis
2831 1639 3065 1706 aperuit.
3102 1661 3122 1695 ι
3147 1641 3214 1699 Ει
3235 1647 3502 1704 exaltabit

234 1731 435 1800 πραεῖς
462 1731 520 1785 ὲν
541 1710 812 1804 σωτηρίᾳ.
850 1750 869 1784 ι
903 1710 1042 1796 Τοὺς
1067 1733 1125 1787 δὲ
1147 1710 1393 1806 έρήμους
1423 1710 1700 1806 βοηθείας,
1725 1735 1820 1789 καὶ

1942 1729 2236 1778 nansuelos
2263 1721 2316 1778 in
2362 1723 2558 1780 salute.
2595 1744 2614 1777 ο
2653 1725 2760 1782 Eos
2793 1737 2997 1797 autem,
3031 1734 3122 1804 qui
3173 1739 3378 1796 auxilio
3403 1741 3500 1797 de-

233 1821 459 1893 τρόποις
487 1821 715 1892 ἀγαθοῖς
737 1828 1133 1896 κεχρημένους,
1169 1825 1408 1898 ὑψηλοὺς
1430 1826 1702 1896 ἀποφανεῖ
1726 1828 1820 1882 καὶ

237 1911 662 1983 περιϐλέπτους.

309 2009 388 2068 ς’.
435 2022 454 2058 t
491 2005 876 2077 Καυχήσονται
926 2007 1064 2060 ὅσιοι
1107 2007 1167 2062 ἐν
1212 2005 1363 2079 δόξῃ,
1422 2005 1515 2060 καὶ
1561 2005 1821 2075 ἀγαλλιά-

239 2113 428 2150 σονται
475 2098 570 2151 ἐπὶ
611 2098 720 2152 τῶν
750 2099 947 2153 κοιτῶν
993 2097 1194 2158 αὐτῶν.
1243 2117 1264 2152 ›
1299 2097 1410 2153 Καὶ
1439 2099 1487 2152 οἱ
1522 2097 1582 2152 τὺ
1611 2098 1821 2153 δίκαιον

235 2187 534 2258 τιμῶντες,
570 2189 630 2242 ὲν
659 2189 883 2262 εὐκλείᾳ
916 2191 1262 2262 γενήσονται,
1293 2188 1494 2260 πολλῆς
1523 2189 1822 2244 ἀπολαύον-

237 2295 329 2343 τες
362 2281 701 2352 ἀναπαύλης.
733 2282 954 2351 Κοίτην
989 2281 1098 2353 γὰρ
1129 2281 1228 2354 τὴν
1271 2282 1592 2337 ἀνάπαυλαν
1617 2277 1663 2315 θ’
1693 2281 1820 2336 ἐκά-

237 2367 430 2424 λεσεν·
459 2371 782 2442 ἀναπαύλης
810 2372 979 2443 γὰρὴ
1013 2371 1171 2442 κλίνη
1200 2373 1536 2443 σημαντική.

316 2463 384 2528 ζ’.
426 2484 446 2518 t
480 2467 547 2519 Al
574 2463 812 2536 ὐψώσεις
829 2464 923 2518 τοῦ
945 2463 1082 2518 Θεοῦ
1115 2465 1174 2517 ὲν
1199 2462 1276 2534 τῷ
1300 2462 1538 2534 λάρυγγι
1563 2463 1764 2518 αὐτῶν.
1797 2483 1814 2514 ι

240 2556 522 2630 Διηνεκῶς
552 2555 611 2609 δὲ
641 2554 744 2618 τὰς
789 2553 941 2618 θείας
977 2551 1298 2624 εὐεργεσίας
1343 2550 1694 2623 κηρύττουσι,
1731 2553 1821 2607 τὸν

238 2650 450 2706 τούτων
477 2648 654 2704 αἴτιον
700 2644 1092 2716 ἀνυμνοῦντες.

317 2761 338 2796 t
394 2739 507 2796 Καὶ
532 2741 796 2813 ῥομφαῖαι
825 2739 1069 2811 δίστομοι
1112 2740 1173 2793 ὲν
1215 2742 1336 2806 ταῖς
1381 2740 1568 2812 χερσὶν
1619 2739 1816 2795 αὐτῶν.

245 2832 369 2906 [η’.]
391 2833 500 2887 Τοῦ
524 2833 748 2905 ποιῆσαι
779 2831 1057 2903 ἐκδίκησιν
1078 2833 1136 2887 έν
1160 2835 1272 2897 τοῖς
1300 2831 1531 2900 ἔθνεσιν,
1555 2833 1823 2906 ὲλεγμούς

243 2926 302 2978 ἐν
323 2926 435 2988 τοῖς
465 2923 637 2986 λαοῖς.
671 2943 689 2974 ι
707 2923 821 2976 Οὐκ
847 2923 1087 2977 ἐναντίον
1107 2925 1174 2994 τῇ
1192 2923 1478 2996 ἀναπαύλῃ
1497 2923 1557 2978 τὺ
1579 2927 1638 2979 έν
1666 2923 1824 2978 πολέ-

243 3034 371 3084 μοις
397 3017 577 3086 νικᾷν.
601 3015 792 3087 Πάσης
819 3015 928 3087 γὰρ
954 3014 1274 3086 ἀναπαύλης
1297 3017 1357 3070 τὸ
1379 3017 1537 3087 νικᾷν
1581 3014 1823 3088 θυμηρέ-
1849 3046 1894 3104 c

248 3121 464 3178 στερον.
492 3106 754 3177 Προλέγει
785 3105 968 3177 μέντοι
997 3107 1086 3162 διὰ
1115 3107 1323 3162 τούτων
1351 3107 1572 3180 τὴντῶν
1592 3108 1824 3162 Μακκα-

247 3196 420 3250 ϐαίων
440 3197 680 3268 ἀνδρίαν,
764 3198 1119 3269 χρησάμενοι,
1145 3202 1241 3255 καὶ
1259 3201 1385 3264 τοὺς
1414 3199 1825 3271 πλησιοχώρους

249 3287 635 3359 ἐχειρώσαντο,
664 3289 758 3342 καὶ
791 3290 917 3355 τοὺς
935 3291 1253 3355 Μακεδόνας
1281 3291 1774 3362 κατηγωνίσαντοᾷ

321 3380 386 3433 θ’.
424 3398 444 3432 t
481 3379 588 3433 Τοῠ
641 3380 798 3451 δῆσαι
843 3381 972 3445 τοὺς
1005 3381 1246 3452 βασιλεῖς
1294 3383 1475 3437 αὐτῶν
1507 3384 1566 3437 ὲν
1606 3383 1824 3450 πέδαις,

249 3467 345 3526 καὶ
373 3472 500 3536 τοὺς
535 3472 779 3538 ἐνδόξους
807 3472 985 3528 αὐτῶν
1015 3473 1072 3526 ὲν
1113 3473 1458 3544 χειροπέδαις
1493 3475 1761 3548 σιδηραῖς.
1799 3493 1819 3525 s

251 3563 432 3618 Πολλὰ
480 3563 707 3618 τοιαῦτα
739 3565 832 3618 ὑπ’
867 3564 1092 3618 ἐκείνων
1120 3565 1500 3637 κατορθῶσθαι
1532 3568 1565 3636 ἡ
1617 3565 1827 3639 ἱστορία

251 3654 516 3719 διδάσκει,
544 3655 637 3708 καὶ
686 3655 869 3727 ῥᾴδιον
909 3657 1023 3719 τοῖς
1067 3657 1309 3725 ἐντυχεῖν
1337 3655 1680 3726 βουλομένοις
1724 3655 1827 3725 τῆς

255 3747 592 3819 προφητείας
620 3748 960 3818 καταμαθεῖν
987 3747 1087 3818 τὴν
1118 3747 1399 3818 ἀλήθειαν.

333 3840 383 3894 ι’.
434 3858 453 3892 t
497 3839 604 3894 Τοῦ
642 3841 869 3910 ποιῆσαι
902 3841 962 3894 ὲν
1005 3841 1190 3905 αὐτοῖς
1219 3842 1395 3912 κρῖμα
1423 3839 1756 3911 ἔγγραπτον.
1802 3857 1822 3892 ι

259 3930 329 3984 Ἃ
360 3929 472 4001 γὰρ
490 3931 570 3994 είς
599 3930 844 3994 ἐκείνους
872 3930 1098 3995 ἐνδίκως
1127 3931 1475 4002 εἰργάσαντο,
1502 3931 1830 4002 ἀνάγραπτα

255 4022 468 4091 γέγονε,
508 4020 602 4075 καὶ
633 4021 796 4093 μέχρι
828 4021 1066 4094 τήμερον
1094 4022 1142 4057 ὀ
1180 4023 1511 4095 ἀείμνηστον
1557 4022 1740 4078 αὐτῶν
1767 4021 1830 4078 τὸ

256 4111 415 4175 κλέος
444 4112 708 4183 διέμεινε.
759 4110 932 4166 Τοῦτο
975 4111 1083 4184 γὰρ
1109 4112 1408 4184 ἐπήγαγε·
1446 4133 1466 4167 t
1508 4113 1648 4179 Δόξα
1689 4113 1828 4184 αὐτη

255 4197 412 4258 ἔσται
445 4205 488 4237 ³⁸
523 4206 658 4259 πᾶσι
685 4206 798 4271 τοῖς
844 4203 1012 4268 ὁσίοις
1060 4203 1254 4260 αὐτοῦ.
1290 4223 1310 4258 ι
1356 4207 1560 4278 Μήτηρ
1592 4206 1702 4280 γὰρ
1729 4207 1831 4278 τῆς

257 4296 511 4360 εὐκλείας
536 4297 570 4367 ὴ
600 4298 836 4368 ὁσιότης,
853 4297 948 4351 καὶ
968 4297 1018 4350 οἱ
1044 4295 1249 4368 ταύτης
1277 4298 1566 4368 ἒργάταιθι
1577 4297 1644 4354 δι’
1661 4297 1831 4372 αὐτὴν

257 4385 492 4457 ἀοίδιμοι
523 4385 784 4455 γίνονται.

565 4497 829 4556 ΕΡΜΗΝ.
868 4500 1007 4556 ΤΟΥ
1043 4497 1520 4572 ΡΝᾌΨΔΔΜΟΥ.

331 4609 399 4666 α’.
445 4611 833 4680 ’Aunlozita,
856 4611 1219 4680 ἀλληλούω.
1235 4612 1534 4678 Ἐπινίκιος
1558 4613 1656 4668 καὶ
1678 4607 1833 4688 οὗτος

259 4703 288 4754 6
329 4701 497 4773 ὕμνος
521 4719 536 4733 ·
577 4701 837 4774 προλέγει
863 4701 922 4756 δὲ
952 4702 1050 4774 τὴν
1078 4701 1350 4776 ἐσομένην
1405 4703 1574 4758 πᾶσιν
1622 4703 1835 4777 ἀνθρώο

260 4808 385 4855 ποις
410 4792 459 4825 ’³
487 4790 840 4860 θεογνωσίαν.

333 4893 399 4964 β’.
425 4911 444 4944 ι
467 4893 677 4947 Αἰνεῖτε
701 4894 794 4946 τδν
821 4890 954 4946 Θεὸν
980 4892 1038 4946 ἒν
1067 4891 1180 4957 τοῖς
1203 4891 1382 4961 άγίοις
1400 4887 1621 4944 αὐτοῦ.»
1653 4889 1837 4962 ἰκανὴ

260 4984 369 5056 γὰρ
412 4984 636 5056 ἀφορμὴ
683 4986 763 5048 είς
798 4983 1077 5062 ὑμνῳδίαν
1104 4983 1244 5054 αὐτη
1275 4985 1343 5036 ⁸⁸.
1394 5001 1414 5036 ι
1459 4981 1524 5036 El
1573 4980 1684 5053 γὰρ
1729 4981 1839 5038 ἀπὸ

339 5157 363 5200 ί
397 5157 416 5212 l
445 5157 582 5232 Reg.
615 5174 744 5224 vnn,
775 5159 834 5212 Ἰ.

1922 1813 2100 1868 stituti
2133 1822 2284 1880 sunt,
2320 1815 2590 1887 bonisque
2613 1819 2858 1877 moribus
2885 1830 3134 1892 utuntur,
3160 1829 3422 1888 sublimes
3445 1843 3501 1891 ct

1922 1902 2163 1960 illustres
2192 1907 2400 1962 reddet.

1994 1993 2158 2051 Vsus.
2197 1996 2251 2052 6.
2313 2015 2331 2049 ι
2369 1996 2735 2055 Exsultabunt
2787 2004 2964 2059 sancti
3005 2005 3058 2060 in
3099 2007 3295 2079 gloria,
3346 2013 3498 2069 heta-

1920 2082 2127 2139 buntur
2159 2085 2213 2138 in
2247 2085 2521 2143 cubilibus
2560 2087 2698 2146 suis.
2729 2107 2748 2141 ι
2781 2090 2849 2146 Ει
2887 2095 2981 2164 qui
3008 2094 3282 2164 justitiam
3321 2101 3499 2158 bono.

1921 2184 2068 2241 rant,
2114 2175 2169 2230 in
2225 2176 2397 2247 gloria
2445 2187 2628 2247 erunt,
2680 2182 2855 2238 multa
2907 2186 3091 2254 quiete
3129 2190 3498 2259 perfruentes.

1921 2267 2108 2412 ριέὁὶίε
2126 2269 2271 2324 enim
2302 2272 2536 2341 quietem
2564 2275 2874 2346 appellavit,
2899 2277 3025 2348 quia
3053 2277 3230 2339 lectus
3261 2285 3497 2354 quietem

1924 2371 1976 2410 In
2019 2357 2146 2412 icat.

1924 2357 2146 2412 indicat.

1995 2447 2160 2507 Vsus.
2195 2453 2247 2506 7.
2291 2470 2309 2504 ι
2345 2453 2723 2513 Exaltationes
2758 2457 2854 2515 Dei
2887 2459 2943 2516 in
2970 2470 3190 2534 gutture
3218 2480 3432 2524 eorum.
3476 2491 3496 2523 ι

1925 2541 2115 2598 Divina
2153 2552 2337 2601 autem
2363 2546 2624 2604 beneﬁcia
2662 2552 2922 2609 continue
2949 2556 3269 2626 pradicant,
3301 2560 3499 2617 borum

1925 2645 2202 2692 auctorem
2225 2637 2587 2696 celebrantes.

2000 2745 2018 2778 ι
2044 2726 2109 2782 Ει
2129 2728 2292 2797 gladii
2310 2731 2580 2801 ancipites
2598 2732 2652 2787 in
2680 2735 2936 2792 manibus
2955 2750 3166 2793 eorum.
3191 2738 3385 2810 ﬂens.
3415 2744 3498 2817 8.]

1924 2819 2006 2874 Ad
2053 2821 2417 2877 exercendam
2454 2823 2748 2881 vindictam
2784 2827 2838 2883 in
2871 2823 3208 2900 nationibus,
3247 2833 3502 2905 increpa-

1925 2911 2100 2968 tiones
2129 2911 2184 2967 in
2229 2913 2469 2984 populis.
2504 2932 2524 2968 ι
2576 2915 2695 2972 Non
2739 2926 2824 2974 est
2860 2920 3034 2990 quieti
3079 2939 3412 2996 repugnans,
3444 2928 3501 2982 in

1925 3002 2082 3060 bellis
2112 3004 2353 3064 vincere.
2383 3005 2546 3062 Omni
2571 3009 2719 3064 enim
2751 3010 2936 3081 quiete
2952 3012 3249 3082 jucundius
3272 3027 3356 3073 est
3380 3019 3503 3073 vin-

1930 3107 2073 3151 cere.
2111 3094 2367 3153 Praedicit
2398 3099 2566 3170 igitur
2599 3115 2694 3172 per
2729 3102 2844 3158 haec
2875 3103 3311 3164 Machabaeorum
3345 3109 3505 3167 forti-

1930 3187 2194 3254 tudinem,
2231 3202 2336 3260 qua
2364 3190 2471 3255 usi,
2497 3200 2551 3247 et
2570 3191 2833 3252 ﬁnitimos
2867 3196 3112 3266 captivos
3138 3210 3426 3270 ceperunt,
3449 3212 3506 3259 et

1928 3278 2250 3337 Macedones
2275 3279 2640 3339 debellarunt.

1999 3356 2162 3426 Vens.
2199 3371 2254 3426 9.
2291 3389 2312 3424 ι
2341 3370 2422 3427 Ad
2442 3371 2764 3430 vinciendos
2793 3389 2952 3447 reges
2989 3392 3178 3434 eorum
3203 3380 3258 3436 in
3281 3397 3508 3456 compe-

1928 3461 2114 3528 dibus,
2142 3471 2194 3518 et
2225 3463 2436 3518 nobiles
2460 3477 2651 3519 eorum
2678 3464 2736 3520 in
2763 3468 2998 3523 manicis
3027 3468 3236 3527 terreis.
3277 3489 3297 3524 ι
3337 3473 3506 3530 Multa

1929 3553 2248 3622 hujusmodi
2285 3554 2354 3609 ab
2393 3554 2501 3608 illis
2546 3555 2806 3624 praeclare
2848 3567 2999 3626 gesta
3058 3560 3285 3616 historia
3324 3564 3506 3631 docet,

1933 3643 2146 3713 1583
2181 3653 2236 3698 et
2289 3643 2454 3703 facile
2489 3655 2572 3704 est
2625 3645 2808 3716 legere
2858 3647 3167 3707 volentibus
3209 3653 3509 3726 prophetiae

1927 3735 2212 3790 veritatem
2236 3737 2503 3793 ediscere.

2005 3826 2166 3884 Vens.
2204 3828 2292 3884 l0.
2328 3846 2347 3880 ι
2389 3829 2460 3885 Ut
2504 3828 2712 3886 faciant
2742 3832 2797 3888 in
2842 3833 2923 3889 eis
2951 3833 3221 3902 judicium
3261 3840 3508 3895 conscri-

1931 3929 2103 3991 ptum.
2142 3939 2162 3974 ›
2197 3921 2330 3989 Quae
2357 3922 2504 3977 enim
2529 3923 2584 3978 in
2614 3922 2740 3980 illos
2765 3923 2915 3994 juste
2945 3934 3250 3996 gesserunt,
3288 3929 3510 4001 scriptis

1930 4015 2188 4071 mandata
2234 4021 2385 4077 sunt,
2417 4023 2471 4070 et
2513 4030 2690 4086 usque
2728 4016 2784 4072 in
2819 4016 3144 4074 hodiernum
3186 4018 3330 4075 diem
3365 4023 3510 4078 cele-

1930 4105 2170 4163 berrima
2202 4121 2392 4163 eorum
2425 4106 2597 4178 gloria
2628 4108 2954 4179 permansit.
2985 4111 3102 4166 Hoc
3131 4111 3278 4168 enim
3321 4110 3508 4170 infert.

1939 4217 1958 4252 ι
1988 4197 2174 4255 Gloria
2200 4199 2318 4256 haec
2343 4201 2448 4256 erit
2474 4199 2735 4256 omnibus
2766 4202 2972 4258 sanctis
3001 4202 3143 4273 ejus.
3181 4222 3200 4257 ι
3233 4202 3370 4260 Nam
3401 4206 3512 4277 glo-

1931 4291 2029 4349 ria:
2051 4300 2226 4348 mater
2250 4300 2334 4348 est
2362 4293 2648 4360 sanctitas,
2682 4301 2737 4349 et
2761 4292 2926 4363 hujus
2948 4296 3184 4366 operarii
3208 4311 3306 4369 per
3333 4298 3509 4369 ipsam

1867 4419 1912 4476 υ
1933 4384 2174 4442 celebres
2206 4385 2364 4440 ﬁunt.

2363 4493 2640 4551 INTERP.
2682 4494 2937 4554 PSALMI
2974 4497 3084 4554 CL.

2007 4607 2172 4663 Vens.
2248 4609 2302 4663 Ι.
2357 4607 2632 4674 Alleluia,
2684 4607 2942 4663 Alleluia.
2999 4607 3067 4663 Et
3125 4607 3216 4663 hic
3273 4607 3511 4680 hymnus

1931 4700 2280 4772 triumphalis
2299 4709 2402 4758 est.
2433 4699 2776 4758 Vaticinatur
2810 4709 2996 4758 autem
3041 4701 3299 4759 omnibus
3329 4702 3512 4758 homi-

1931 4793 2096 4850 nibus
2129 4792 2372 4850 l’uturam
2397 4791 2493 4848 Dei
2519 4793 2913 4865 cognitionem.

2006 4885 2174 4944 Vens.
2197 4887 2257 4941 2.
2283 4888 2331 4940 ἰ
2356 4887 2600 4943 Laudate
2637 4885 2930 4945 Dominum
2971 4887 3029 4944 in
3071 4889 3276 4945 sanctis
3313 4887 3460 4958 ejus.
3485 4904 3506 4940 ι

1935 4974 2072 5034 Nam
2096 4977 2314 5052 haecest
2339 4976 2618 5036 sufﬁciens
2637 4977 2856 5035 occasio
2880 4977 3254 5036 canendorum
3281 4979 3514 5051 hymno-

1354 5355 1590 5414 VARIA‘J
1619 5353 2008 5415 LECTIONES
2043 5355 2132 5414 ET
2169 5359 2404 5418 NOTAE.

333 5520 589 5578 ..Ἄλλη
626 5518 751 5575 cod.
819 5519 843 5572 l
903 5517 1028 5572 add.
1083 5515 1140 5586 ἦ.
1203 5516 1248 5549 ⁸⁷
1312 5517 1490 5585 ﬁnal.
1553 5515 1721 5586 Abest
1767 5531 1799 5571 a

1942 5519 1978 5573 I.
2042 5520 2095 5575 l.
2180 5519 2227 5553 ⁸³
2279 5521 2393 5576 Καὶ
2446 5521 2484 5576 ὑ

264 5593 588 5648 ἀνάπαυσιν.
654 5589 702 5621 ⁸⁸
730 5587 1011 5657 Τήμερον.
1033 5585 1171 5657 cod.
1205 5586 1230 5638 1
1261 5585 1592 5657 ριξιεωηκαί.
1655 5587 1700 5657 ξι
1731 5586 1821 5657 Ret

1942 5591 2064 5643 actio
2097 5593 2151 5645 h.
2193 5591 2228 5644 Ι.
2258 5599 2344 5645 est
2377 5585 2515 5644 ἐστ-ί.

2485 5517 2699 5588 Most.
2748 5516 2820 5575 Et
2868 5481 3112 5574 "ornabit.
3193 5517 3238 5550 ”
3287 5516 3408 5572 cod.
3482 5518 3505 5572 I

2599 5589 3134 5660 "’Eprdtat.rcod.
3185 5589 3210 5644 1
3257 5589 3511 5657 ἐραστιί.

266 5661 312 5694 οι
336 5660 702 5732 Ἀνθρώποις.
727 5655 850 5713 cod.
882 5655 912 5711 1
951 5655 1150 5723 ἁγίοις,
1183 5655 1421 5727 ascripta
1449 5664 1632 5712 tamen
1664 5655 1821 5713 lectio

1942 5657 2118 5717 litera.
2164 5661 2243 5741 _"_‘
2268 5659 2452 5728 Αὕτη.
2482 5659 2605 5716 cod.
2639 5660 2664 5715 l
2696 5655 2882 5732 praem.
2903 5659 3020 5716 καί.

561 5757 834 5820 ΡΛτ-ιιοι..
869 5751 988 5815 Gn.

3077 5750 3154 5812 63
