3878 6312
224 337 341 403 185

1203 335 1488 408 QUIEST.
1512 334 1595 396 IN
1643 332 1911 395 GENES.
1934 334 2090 395 CAP-
2126 334 2523 399 XXIV-XXV.

3389 339 3497 405 186
3577 321 3583 327 ’

213 449 353 521 γὰρ,
378 447 569 519 φησὶν,
615 438 981 520 ἡ’παρθένος,
1069 447 1138 503 ἂν
1176 448 1287 517 ἐγὼ
1316 449 1476 515 εῐπω,
1514 447 1818 502 Ἐπίκλινόν
1848 501 1850 508 λ

1941 468 1946 501 r
1984 449 2101 504 Erit
2130 451 2299 518 enim,
2335 450 2533 522 inquit,
2569 451 2722 524 virgo
2753 452 2864 520 illa,
2898 454 2986 510 cui
3019 469 3146 510 cum
3175 454 3388 523 dixero,
3416 459 3503 514 ln-

218 558 323 613 μοι
355 541 456 612 τὴν
485 540 681 612 ύδρίαν
716 558 819 595 σου
843 543 929 595 ἵνα
957 542 1085 604 πίω,
1121 543 1215 596 καὶ
1246 542 1376 611 εἴπῃ
1411 558 1523 611 μοι,
1561 541 1682 604 Πίε,
1716 541 1814 595 κύ-

222 649 337 704 ριε,
360 632 455 684 καὶ
480 631 584 695 τὰς
613 631 901 703 καμήλους
937 649 1031 687 σου
1061 633 1233 687 ποτιῶ
1261 632 1365 697 ἕως
1406 634 1472 687 ἂν
1500 632 1815 687 παύσωνται

221 723 375 775 πιεῖν
406 720 544 792 (37),
574 720 786 791 ταύτην
816 721 1120 793 ἡτοίμασας
1145 720 1224 793 τῷ
1263 722 1413 775 παιδί
1453 739 1546 775 σου
1591 722 1776 775 Ἰσαάκ
1797 736 1812 751 °

223 814 329 868 καὶ
370 814 431 868 ὲν
466 815 649 886 τούτῳ
683 813 987 886 γνώσομαι,
1035 815 1118 868 ὅτι
1167 814 1429 884 ἐποίησας
1480 814 1629 870 ἔλεον
1677 815 1817 885 μετὰ

221 904 327 958 τοῦ
370 905 569 976 κυρίου
622 922 727 975 μου
785 905 1055 977 Ἁϐραάμ.
1103 924 1122 958 ι
1182 905 1401 978 Ἐπειδὴ
1452 905 1561 976 γὰρ
1607 908 1819 969 τούτοις

222 998 527 1069 ἐκοσμεῖτο
574 998 691 1060 τοῖς
740 997 1177 1069 πλεονεκτήμασι
1229 998 1594 1067 διαφερόντως
1641 1000 1670 1051 6
1713 1014 1820 1049 πα-

224 1090 533 1161 τριάρχης,
569 1090 848 1161 ήὸουλήθη
894 1090 989 1144 καὶ
1018 1091 1118 1161 τὴν
1148 1090 1369 1161 νύμφην
1400 1089 1717 1162 συμὸαίνειν
1740 1087 1820 1158 τῷ

225 1185 426 1252 τρόπῳ
462 1181 556 1235 τοῦ
587 1182 868 1253 κηδεστοῦ,
903 1182 990 1235 ἵνα
1019 1182 1095 1253 μὴ
1124 1182 1238 1253 ἔριν
1281 1181 1405 1237 τινὰ
1448 1182 1545 1236 καὶ
1585 1181 1821 1249 φιλονει-

226 1275 358 1330 κίαν
387 1275 419 1327 6
442 1274 647 1338 σκοπὸς
681 1273 791 1344 (38)
826 1272 1152 1346 ἐργάσηται.
1186 1275 1307 1326 Ὀτι
1341 1273 1397 1326 δὲ
1423 1274 1482 1327 ού
1517 1272 1821 1343 συμϐολικά

225 1367 414 1422 ταῦτα
452 1362 544 1438 ἦν,
595 1366 733 1418 ἀλλὰ
778 1365 1013 1428 πίστεως
1059 1366 1153 1418 καὶ
1206 1365 1484 1428 εὐσεϐείας
1527 1364 1819 1435 δηλωτικὰ,

228 1464 459 1535 πρῶτον
527 1461 768 1515 διδάσκει
836 1459 896 1512 τὸ
967 1458 1251 1512 σπουδαῖον
1309 1457 1409 1527 τῆς
1476 1456 1818 1528 προσευχῆς·

232 1557 437 1611 ἔπειτα
476 1555 541 1608 τὸ
569 1550 895 1624 προσμένειν
933 1550 1094 1605 αὐτὸν
1123 1552 1223 1621 τὴν
1263 1549 1460 1621 βουλὴν
1507 1549 1602 1602 τοῦ
1648 1547 1820 1602 Θεοῦο

230 1648 400 1703 τοῦτο
421 1648 532 1718 γὰρ
565 1648 599 1717 ή
629 1645 749 1698 θεία
772 1643 1011 1698 διδάσκει
1037 1642 1230 1714 Γραφή
1260 1660 1274 1673 ·
1306 1662 1326 1695 ι
1375 1643 1432 1696 Ὀ
1459 1643 1516 1695 δὲ
1540 1642 1824 1711 ἄνθρωπος

233 1738 654 1808 κατεμάνθανεν
680 1735 871 1805 αὐτὴν,
907 1736 1002 1788 καὶ
1032 1734 1368 1798 παρεσιὼπα
1406 1733 1499 1787 τοῦ
1546 1734 1744 1803 γνῶναι
1774 1736 1823 1787 εί

541 1825 746 1897 Κύριος
921 1826 1039 1878 ὁδὸν
1072 1790 1261 1885 αύτοῦ,
1300 1823 1332 1894 ἢ
1373 1822 1455 1876 οὗ.
1499 1841 1518 1875 ι
1559 1790 1823 1893 .Ἐκείνης
1856 1790 1900 1849 Β

234 1918 356 1987 γὰρ
386 1915 448 1968 τὸ
492 1913 638 1985 ὕδωρ
674 1915 1005 1985 ἀρυομένης,
1054 1914 1149 1969 καὶ
1186 1916 1307 1978 ταῖς
1353 1914 1624 1985 καμήλοις
1657 1930 1827 1986 προσ-

236 2006 518 2078 φερούσης
566 2006 630 2058 τὸ
657 2008 827 2076 νᾶμα,
871 2004 1135 2076 ἀνέμενεν
1179 1998 1334 2070 οὗτος
1380 2005 1509 2059 ἰδεῖν
1545 2007 1594 2058 εἰ
1626 2005 1828 2070 πάσαις

239 2097 507 2166 παράσχῃ
541 2094 653 2166 (59)
685 2094 782 2166 τὴν
816 2094 1009 2166 χρείαν
1057 2095 1198 2149 κατὰ
1232 2096 1331 2167 τὴν
1377 2094 1618 2166 αίτησιν.
1666 2098 1831 2150 Brou-

243 2189 361 2243 σῶν
387 2188 449 2241 δὲ
476 2187 586 2240 τῶν
625 2187 910 2258 καμήλων,
944 2186 1105 2251 εὐθὺς
1152 2188 1521 2260 προσενήνοχε
1545 2188 1648 2258 τῆς
1694 2205 1831 2260 μνη-

242 2281 437 2346 στεξας
464 2280 535 2334 τὰ
570 2280 815 2349 σύμόολα
847 2280 977 2351 (40).
1009 2281 1174 2343 Γνοὺς
1205 2280 1260 2335 δὲ
1287 2281 1349 2334 τὸ
1388 2279 1566 2350 γένος,
1602 2281 1696 2336 καὶ
1731 2281 1831 2353 τὴν

240 2378 579 2449 δεσποτικὴν
614 2374 959 2445 συγγένειαν,
994 2372 1313 2444 εὐδοκήσας,
1347 2373 1531 2443 φησιν,
1563 2375 1592 2427 ό
1615 2373 1828 2443 ἄνθρωο

237 2488 344 2536 aco;
374 2467 754 2541 προσεκύνησε
779 2464 857 2537 τῷ
884 2464 1095 2538 Κυρίῳ,
1127 2465 1221 2518 καὶ
1250 2462 1405 2517 εἶπεν
1423 2481 1437 2495 ·
1472 2484 1491 2519 ι
1527 2465 1829 2536 Εὐλογητὸς

235 2560 450 2631 Κύριος
489 2561 521 2613 6
571 2558 705 2622 Θεὸς
749 2557 1084 2626 τοῦ,κυρίου
1135 2572 1238 2628 μου
1300 2555 1576 2627 Ἀϐραὰμ,
1621 2556 1681 2620 ὃς
1730 2558 1831 2612 οὐκ

239 2652 572 2720 ἐγκατέλιπε
624 2651 725 2723 τὴν
778 2650 1123 2722 δικαιοσύνην
1172 2652 1288 2720 ’(41)
1348 2650 1538 2719 αὐτοῦ,
1590 2651 1688 2705 καὶ
1737 2651 1830 2705 τὸν

238 2743 394 2796 ἔλεον
435 2742 547 2813 (42)
590 2739 757 2794 αὐτοῦ
787 2739 896 2793 άπὸ
933 2738 1026 2792 τοῦ
1056 2739 1248 2810 κυρίου
1284 2756 1406 2809 μου.
1440 2738 1600 2808 Κάμὲ
1631 2738 1743 2807 (45)
1773 2738 1831 2791 ὲν

239 2832 353 2904 ὁδῷ
374 2834 553 2904 ἤγαγε
586 2832 699 2903 (Η)
732 2831 923 2902 κύριος
949 2833 1028 2894 είς
1052 2830 1145 2885 τὸν
1177 2826 1326 2884 οἷκον
1355 2829 1450 2884 τοῦ
1478 2828 1708 2898 ἀδελφοῦ
1736 2827 1829 2882 τοῦ

242 2928 440 2998 κυρίου
486 2943 614 2996 μου.
680 2945 698 2978 ι
734 2925 847 2978 Καὶ
896 2925 1046 2978 πᾶσα
1093 2923 1150 2977 δὲ
1189 2921 1422 2995 αύτοῦή
1470 2921 1723 2990 διάλεξις,
1768 2920 1830 2999 τδ

240 3020 468 3082 εύσεσὲς
505 3016 768 3090 κηρύττει
797 3019 897 3088 τῆς
923 3015 1170 3086 γνώμης.
1204 3014 1315 3069 Καὶ
1346 3015 1527 3086 μέντοι
1566 3014 1662 3068 καὶ
1692 3012 1834 3084 μετὰ

1919 541 2062 596 clina
2095 543 2227 595 mihi
2261 552 2408 597 tuam
2458 545 2755 615 liydriam,'
2786 556 2845 601 ut
2902 546 3131 603 bibam:
3191 558 3245 603 et
3300 547 3499 602 dixerit

1919 638 2077 702 mihi,
2107 636 2256 701 Bibe,
2282 637 2521 704 domine,
2553 646 2607 693 et
2637 640 2875 694 camelos
2905 648 3027 694 tuos
3059 651 3245 710 potare
3276 640 3496 709 faciam,

1918 727 2092 782 donec
2119 726 2307 781 bibere
2336 726 2608 793 desinant,
2642 728 2782 783 hanc
2811 730 3129 798 praeparasti
3177 746 3346 799 puero
3401 732 3499 785 tuo

1917 821 2113 873 Isaac:
2146 827 2201 873 et
2230 819 2283 873 in
2315 819 2419 873 hoc
2449 833 2801 889 cognoscam,
2835 822 2980 890 quod
3031 820 3225 877 feceris
3264 822 3504 877 miseri-

1920 910 2164 963 cordiam
2193 923 2318 962 cum
2369 908 2594 963 domino
2648 923 2770 963 meo
2822 911 3135 964 Abraliamo
3195 911 3241 967 ί.
3280 928 3300 963 ι
3360 910 3497 966 Cum

1919 1002 2064 1055 enim
2098 1011 2207 1055 tam
2240 1000 2544 1070 insignibus
2599 1001 2940 1056 ornamentis
2988 1003 3302 1058 cumulatus
3358 1010 3500 1059 esset

1921 1094 2256 1166 patriarcha,
2288 1094 2504 1149 volebat
2529 1102 2587 1148 et
2615 1109 2878 1163 sponsam
2911 1111 3218 1166 congruere
3250 1096 3499 1151 moribus

1922 1186 2122 1252 soceri,
2152 1202 2222 1241 ne
2248 1186 2657 1242 contentionem
2690 1186 2933 1255 aliquam
2957 1187 3501 1243 autcontroversiam

1921 1287 2179 1351 parerent
2208 1293 2390 1334 mores
2420 1278 2706 1333 contrarii.
2738 1276 2896 1344 Quod
2928 1289 3109 1333 autem
3145 1278 3261 1334 haec
3317 1279 3505 1349 conje-

1924 1371 2076 1426 ctitia
2107 1386 2212 1425 non
2244 1379 2449 1435 essent,
2483 1369 2575 1424 sed
2609 1368 2734 1425 ﬁdei
2763 1377 2819 1424 et
2847 1369 3132 1439 religionis
3180 1377 3503 1437 argumenta

1924 1461 2163 1531 primum
2196 1461 2536 1516 demonstrat
2564 1470 2823 1515 accurata
2858 1460 3187 1530 compositio
3243 1460 3503 1536 depreca-

1927 1555 2113 1619 tionis,
2145 1555 2341 1609 deinde
2368 1555 2705 1625 exspectatio
2756 1554 3056 1608 voluntatis
3111 1551 3330 1607 divinat.
3389 1550 3505 1605 Hoc

1926 1647 2071 1702 enim
2102 1647 2263 1702 docet
2292 1646 2478 1702 divina
2510 1646 2789 1716 Scriptura
2819 1664 2833 1700 :
2886 1665 2905 1698 ι
2944 1644 3043 1699 Vir
3072 1652 3255 1699 autem
3313 1643 3505 1699 obser-

1927 1740 2090 1794 vabat
2119 1739 2288 1802 illam,
2320 1749 2374 1794 et
2405 1740 2638 1805 tacebat,
2672 1749 2731 1794 ut
2762 1739 2947 1802 sciret,
2967 1752 3036 1792 an
3069 1736 3336 1791 Dominus
3367 1750 3497 1805 pro-

1928 1837 2204 1900 spcrasset
2232 1830 2374 1883 viam
2406 1844 2584 1892 suam,
2618 1845 2685 1884 an
2720 1844 2827 1883 non
2863 1830 2909 1881 ε.
2949 1846 2967 1879 ι
3003 1827 3253 1896 Cumque
3282 1825 3507 1896 illam

1929 1921 2204 1976 hausisset
2233 1936 2453 1990 aquam,
2485 1931 2539 1977 et
2567 1921 2792 1975 camelis
2841 1919 3167 1990 przrbuisset
3218 1917 3504 1982 ﬂuentum,

1929 2010 2278 2078 exspectabat
2308 2011 2485 2075 ille,nt
2514 2011 2745 2075 videret,
2780 2025 2847 2065 an
2903 2010 3162 2064 omnibus
3220 2008 3506 2079 praeberet,

1929 2116 2193 2174 quantum
2227 2113 2533 2174 Opusprat,
2590 2101 3053 2173 quemadmodum
3116 2101 3505 2171 postulaverat.

1929 2171 2231 2263 lldaquatis
2262 2171 2460 2249 ante‘m.
2475 2171 2723 2255 camelis,
2758 2191 2940 2246 statim
2977 2190 3205 2258 protulit
3263 2189 3507 2257 despon-

1929 2282 2158 2339 sationis
2187 2282 2453 2353 symbola.
2484 2281 2620 2336 Cum
2653 2289 2834 2334 autem
2868 2278 3182 2349 agnovisset
3214 2293 3389 2347 genus
3455 2285 3511 2330 et

1929 2375 2310 2443 cognationem
2343 2372 2550 2427 domini
2583 2372 2691 2438 sui,
2724 2370 3039 2442 gratissimo
3070 2369 3255 2423 animo
3285 2368 3367 2420 vir
3397 2367 3508 2431 ille,

1931 2465 2128 2538 inquit,
2160 2466 2408 2521 adoravit
2436 2464 2753 2529 Dominum,
2802 2471 2857 2517 et
2887 2462 3063 2516 dixit:
3130 2480 3149 2513 ι
3188 2459 3512 2515 Benedictus

1930 2555 2199 2612 Dominus
2229 2555 2370 2611 Deus
2398 2555 2608 2610 domini
2640 2548 3098 2617 meiAbrahami,
3130 2551 3224 2621 qui
3255 2564 3364 2604 non
3413 2549 3513 2603 de-

1930 2651 2153 2721 reliquit
2177 2649 2447 2720 justitiam
2481 2665 2636 2705 suam
2667 2656 2722 2703 et
2776 2646 3208 2703 misericordiam
3266 2658 3423 2699 suam
3480 2658 3510 2695 a

1931 2742 2159 2799 domino
2191 2758 2343 2798 meo:
2376 2751 2431 2797 et
2459 2757 2546 2796 me
2576 2741 2803 2797 deduxit
2835 2741 2889 2795 in
2921 2739 3145 2795 domum
3179 2737 3367 2792 fratris
3413 2735 3512 2789 do-

1931 2837 2068 2892 mini
2098 2835 2206 2890 mei
2234 2835 2285 2890 h.
2323 2854 2344 2887 ι
2381 2832 2650 2890 Universa
2684 2844 2865 2889 autem
2899 2833 3016 2887 haec
3046 2830 3220 2901 ipsius
3268 2830 3513 2885 collocu-

1934 2930 2009 2985 tio
2040 2929 2297 2999 pietatem
2330 2927 2500 2982 animi
2531 2926 2795 2983 declarat.
2831 2924 3101 2980 Similiter
3152 2932 3209 2979 et
3239 2937 3362 2992 qua:
3392 2928 3515 2990 post

1933 3022 2080 3079 illam
2114 3020 2534 3075 collocationem
2602 3027 2930 3090 sequuntur,
2965 3016 3212 3073 eamdem
3255 3014 3518 3069 denotant

241 3113 344 3182 τὴν
369 3111 631 3177 διάλεξιν,
669 3110 765 3164 τὸν
798 3109 958 3164 αὑτὸν
1006 3107 1265 3179 σημαίνει
1296 3108 1517 3160 σκοπόν.
1559 3103 1832 3175 Συνθεμέ-

1941 3111 2324 3167 inlentionem.
2356 3110 2671 3166 Contractis
2698 3110 2844 3163 enim
2878 3107 3084 3177 nuptiis
3117 3120 3210 3173 per
3264 3110 3518 3173 parentes

243 3222 355 3259 νων
384 3205 496 3275 γὰρ
519 3202 630 3257 τῶν
658 3201 759 3274 τὴν
787 3201 956 3272 κόρην
978 3199 1388 3270 γεγεννηκότων
1426 3194 1519 3253 τὸν
1561 3198 1739 3268 γάμον
1761 3196 1832 3263 ’⁸,

245 3292 410 3355 εὐθὺς
436 3292 603 3356 αύτδς
641 3310 661 3344 ι
700 3289 1104 3362 Προσεκύνησε,
1135 3292 1323 3361 φησιν,
1350 3289 1441 3342 ἐπὶ
1460 3289 1560 3360 τὴν
1590 3291 1694 3359 γῆν
1722 3289 1833 3360 (45)

248 3386 329 3456 τῷ
358 3386 574 3457 Κυρίῳ.
610 3406 632 3437 ι
664 3385 777 3439 Καὶ
803 3383 873 3437 τὰ
901 3382 1027 3454 ἑξῆς
1069 3381 1129 3435 δὲ
1166 3380 1270 3451 τῆς
1305 3380 1474 3451 αὐτῆς
1507 3379 1689 3450 ἔχεται
1718 3380 1836 3435 δια-

249 3479 436 3543 νοίας’
483 3499 504 3532 ι
538 3479 631 3550 Μὴ
663 3479 926 3549 κατέχετε
954 3475 1065 3547 γάρ
1095 3490 1184 3546 με,
1216 3473 1372 3547 φησὶ,
1403 3474 1499 3528 καὶ⁹
1525 3475 1731 3546 Κύριος
1750 3472 1841 3526 εύ-

247 3568 440 3625 ώδωσε
469 3571 572 3644 τὴν
600 3570 720 3625 ὁδόν
760 3587 883 3642 μου.
926 3587 946 3621 ι

832 3663 1027 3718 ΕΡΩΤ.
1068 3663 1169 3719 οΕ’
1195 3661 1261 3714 ⁸⁸.

249 3755 417 3809 Arati
444 3753 565 3808 τῶν
590 3755 970 3824 πατριαρχῶν
1015 3757 1076 3809 al
1112 3752 1396 3824 γυναῖκες
1435 3748 1700 3824 στεῖρᾳω
1731 3748 1840 3824 Καὶ

322 3824 436 3895 γὰρ
461 3825 659 3894 Σάρῤα
688 3820 915 3893 amipli,
954 3827 1053 3879 καὶ
1083 3820 1131 3894 ἦ
1160 3822 1443 3895 Ῥεϐέκκα
1468 3820 1839 3895 dignitate",

322 3890 426 3950 ἑιιὶὶ
457 3896 498 3963 ἠ
542 3890 770 3964 Ῥαχὴλ
792 3890 1021 3963 μέντοι.
1051 3890 1151 3949 mil
1180 3894 1218 3962 τ’)
1250 3892 1413 3948 Λεία.
1453 3909 1473 3943 ι
1491 3961 1503 3964 _
1708 3890 1843 3964 γᾴρ,

324 3958 504 4046 φησί,
529 3958 776 4046 Κιξρἰοςι,
792 3958 899 4019 ’ὅτι
920 3965 1182 4035 μισεῖται
1277 3964 1444 4027 Λεία,
1472 3959 1698 4028 ἀνέῳξε
1730 3958 1843 4031 (46)

327 4034 526 4103 αὐτῆς
552 4035 669 4103 τὴν
692 4034 949 4105 μήτραν.

328 4126 407 4181 Τὸ
440 4127 838 4199 Ἰσραηλιτικδν
861 4126 1126 4196 συστῆσαι
1148 4125 1304 4195 γένος
1327 4121 1616 4196 βουληθεὶς
1642 4122 1670 4176 6
1691 4120 1846 4186 Θεὸς,

1939 3206 2156 3276 puellae,
2189 3204 2304 3274 ipse
2334 3219 2497 3259 mox:
2536 3223 2554 3255 ι
2590 3201 2914 3264 Procidens,
2966 3199 3165 3268 inquit,
3199 3198 3253 3251 in
3313 3204 3516 3249 terram

1939 3292 2186 3349 adoravit
2217 3291 2503 3347 Dominum
2542 3292 2586 3346 ὶ.
2629 3310 2648 3342 ι
2679 3290 2745 3346 Ει
2771 3305 2894 3360 quae
2922 3297 3245 3359 sequuntur,
3272 3283 3518 3355 ejusdem

1940 3396 2069 3442 sunt
2098 3384 2414 3442 sententizez
2453 3402 2472 3435 (
2510 3381 2590 3440 Ne
2620 3382 2924 3446 retineatis,
2963 3381 3159 3450 inquit,
3192 3392 3301 3433 me.
3336 3370 3523 3429 Domi-

1940 3494 2045 3534 nus
2072 3477 2218 3534 enim
2249 3476 2594 3548 prosperavit
2623 3476 2766 3531 viam
2800 3490 2975 3530 meam
3007 3473 3057 3528 i.
3095 3492 3114 3525 ι

2421 3647 2442 3669 ⁶
2459 3651 2740 3709 INTERR.
2773 3650 2986 3707 LXXV.

1946 3746 2299 3814 Quamobrem
2342 3760 2532 3798 uxores
2585 3745 3011 3813 patriarcharum
3072 3755 3222 3800 erant
3278 3745 3527 3801 steriles?

2020 3816 2164 3870 Nam
2199 3815 2336 3870 Sara
2366 3814 2563 3869 sterilis
2617 3825 2751 3877 erat,
2784 3824 2833 3867 et
2873 3815 3124 3878 Rebecca,
3166 3816 3414 3868 similiter
3474 3826 3524 3869 et

2015 3885 2212 3940 Rachel
2267 3897 2425 3955 atque
2455 3885 2580 3939 Lea.
2624 3903 2643 3935 ι
2690 3883 2878 3955 Videas
2918 3887 3080 3947 enim,
3111 3885 3303 3955 inquit,
3338 3884 3524 3938 Domi-

2016 3973 2137 4019 nus,
2167 3957 2343 4064 ltquod
2406 3955 2766 4024 despiceretur
2819 3954 2950 4020 Lea,
2981 3954 3187 4022 aperuit
3239 3954 3353 4022 ejus
3411 3963 3527 4007 ule-

2016 4043 2134 4064 ...ηιι
2254 4045 2271 4064 ι

2016 4043 2137 4080 rum
2168 4043 2217 4079 ⁸.
2252 4045 2271 4077 ι

2017 4116 2221 4174 Valens
2266 4116 2412 4171 Deus
2466 4114 2853 4170 commendare
2906 4129 3108 4186 genus.
3140 4114 3526 4183 lsraeliticum,

255 4218 533 4273 δείκνυσιν
565 4218 628 4271 ού
657 4219 801 4273 κατά
835 4216 1048 4288 φύσεως
1092 4216 1417 4271 ἀκολουθίαν
1442 4216 1510 4281 ⁸⁸,
1539 4213 1678 4268 ἀλλὰ
1703 4214 1850 4268 κατὰ

1947 4210 2184 4285 ostendit
2213 4208 2348 4264 illud
2377 4223 2488 4262 non
2521 4207 2757 4262 naturali
2791 4207 3164 4275 successione,
3197 4209 3292 4264 sed
3354 4209 3529 4280 gratia

258 4317 360 4384 τὴν
390 4311 493 4381 τῆς
524 4313 750 4382 χάριτος
784 4309 1098 4381 φιλοτιμίαν
1137 4310 1235 4380 τὴν
1264 4308 1590 4378 πολυγονίαν
1618 4304 1852 4389 ,δεξάμε-

261 4418 373 4459 νον.
410 4402 630 4470 Ταύτης
660 4403 717 4456 δὲ
762 4402 867 4472 τῆς
896 4400 1224 4472 κηδεμονίας
1254 4402 1432 4455 ἐκεῖνο
1467 4400 1528 4453 τὸ
1557 4399 1716 4469 γένος
1759 4415 1850 4451 τε·-

1946 4313 2001 4358 et
2030 4301 2217 4358 favore
2265 4299 2669 4356 fecunditatem
2714 4299 3016 4354 liberorum
3074 4300 3327 4370 adeptum
3386 4316 3527 4355 esse.

1949 4396 2104 4453 Hanc
2155 4402 2338 4449 autem
2363 4393 2758 4464 providentiam
2789 4392 3025 4447 obtinuit
3051 4392 3165 4463 89
3196 4408 3368 4462 genus
3399 4393 3530 4447 illud

262 4498 525 4568 τύχηκεν,
556 4495 861 4567 ἐπειδήπερ
881 4497 911 4549 6
948 4494 1227 4565 Δεσπότης
1259 4492 1517 4564 Χριστὸς,
1548 4493 1579 4546 6
1614 4483 1840 4562 μονοῨε-

1946 4488 2074 4558 quia
2104 4486 2358 4542 Christus
2386 4484 2655 4541 Dominus
2686 4484 3002 4556 unigenitus
3036 4486 3128 4541 Dei
3179 4485 3349 4539 Filius
3404 4484 3532 4538 inde

266 4590 363 4661 νὴς
395 4587 491 4643 τοῦ
524 4587 660 4642 Θεοῦ
694 4587 823 4651 Υἱὸς
856 4586 922 4654 ³⁸,
954 4585 1166 4641 ἐκεῖθεν
1192 4584 1384 4657 ἔμελλε
1409 4583 1473 4638 τὸ
1498 4584 1642 4638 κατὰ
1669 4583 1849 4654 σάρκα

1956 4580 2254 4637 secundum
2286 4594 2508 4635 carnem
2541 4577 2693 4634 nasci
2723 4577 2979 4633 debebat.

269 4678 619 4749 βλαστήσειν.

344 4787 830 4853 ποειι.ιχιγ,ιι.
913 4789 939 4828 ε
979 4785 1111 4842 ibid.
1151 4785 1244 4841 ει.
1315 4764 1617 4840 hibid.2‘l.
1697 4782 1850 4837 tum

1941 4780 2032 4835 ‘26.
2112 4777 2126 4830 i
2167 4778 2300 4834 ibid.
2329 4778 2418 4833 56.
2498 4779 2523 4817 ¹ι
2563 4776 2698 4833 Gen.
2736 4793 2888 4845 nix,
2927 4776 3018 4832 5i.

1047 4934 1061 4948 .
1155 4897 1393 4953 VARIE
1427 4894 1813 4952 LECTIONES
1842 4893 1933 4949 EX
1981 4893 2262 4950 CATENA
2288 4891 2643 4949 LIPSIENSI.

335 5005 381 5035 ’⁸
412 5002 537 5057 Cat.
573 5016 629 5070 p.
663 4999 791 5054 295.
825 4996 905 5067 τῷ
928 4997 1094 5070 γάμῳ

1100 5034 1113 5049 .
1189 4996 1237 5030 ⁸⁸
1263 4994 1367 5059 Qu.
1393 4993 1464 5048 75
1494 5000 1675 5048 exstat
1698 4993 1751 5047 in
1775 5002 1850 5048 cal

1941 5023 1964 5045 ›.
1996 4991 2122 5054 562,
2145 4991 2223 5062 ad
2251 4989 2387 5045 Gen.
2430 5006 2583 5057 χχιι,
2610 4990 2697 5044 51.
2776 4989 2822 5023 ⁸⁷
2855 4988 2973 5043 Cat.
3002 5005 3056 5059 ρ.
3091 4988 3226 5043 562.
3269 4989 3543 5059 ὡσαύτως

275 5088 384 5129 om.
447 5075 495 5105 ”
522 5061 762 5142 φύσικὴν
794 5061 1044 5124 άκὸλόυθ.
1066 5061 1078 5068 ’
1124 5067 1170 5101 θ’
1207 5064 1329 5122 Cat.
1359 5079 1414 5135 p.
1444 5063 1570 5120 562.
1600 5065 1629 5118 6
1657 5079 1845 5135 μονογ.

1958 5062 2024 5124 .8.
2060 5061 2188 5124 Υἱός
2219 5077 2332 5116 om.

1785 5177 2022 5234 NOTAE.

254 5262 260 5271 ’
343 5283 452 5352 (57)
477 5281 617 5337 Cod.
649 5288 706 5352 et
755 5278 873 5352 Pic.
921 5278 1198 5342 τείνουσαι,
1245 5291 1367 5347 quae
1416 5285 1501 5332 est
1540 5275 1854 5331 communis

279 5350 445 5409 lectio
464 5352 628 5419 hujus
667 5350 795 5406 loci.

345 5422 455 5491 (38)
503 5414 566 5475 ’ὁ
603 5422 860 5487 σκοπός.
902 5422 1036 5478 Cod.
1078 5418 1227 5477 addit
1257 5416 1524 5482 ἐναντίος.
1561 5414 1725 5472 Picus
1752 5414 1852 5469 ιη-

276 5493 358 5549 bet
383 5496 411 5548 6
434 5494 633 5564 τρόπος
658 5493 688 5545 6
711 5492 969 5564 ἐναντίος.

346 5561 630 5634 (59)(Ἰοά.
663 5571 719 5618 et
741 5562 857 5634 Dic.
885 5561 1141 5634 παρέχει.

347 5629 451 5705 (ιθ)
483 5634 621 5690 Cod.
653 5640 711 5688 et
741 5631 857 5705 Pio.
886 5629 1265 5705 τὸςσύμὸολοῃ

304 5772 315 5782 _
345 5694 449 5769 ιω
481 5703 912 5782 magnanimae.
948 5694 1196 5782 Cod.net‘
1229 5699 1344 5782 Dic.
1380 5694 1844 5782 διαθήξηγπμοο-

281 5767 468 5834 tionem
494 5767 780 5833 Sirmond.
833 5767 1060 5831 tuentur
1085 5769 1219 5828 Cod.
1249 5769 1401 5827 Alex.
1433 5777 1491 5825 et
1529 5767 1852 5824 Vaticanus.

2027 5270 2140 5344 (42)
2214 5271 2326 5325 Τὸν
2369 5271 2565 5325 ἔλεον.
2618 5267 2852 5340 Recepta
2908 5266 3066 5322 lectio
3107 5274 3209 5330 est,
3251 5266 3350 5337 τὴν
3399 5250 3535 5337 ὰλῆ.

1957 5343 2550 5494 θεξῗξὶέίρρρουιίουο
2572 5410 2707 5494 θοι
2742 5419 2798 5494 εξι
2826 5409 2950 5494 νίςς
2994 5405 3230 5494 ίιι¹ε¹ιξῐξξε
3259 5402 3538 5494 etea-

2027 5474 2311 5552 (44)Κά,ὰὲ
2333 5474 2632 5550 -ῖῆγατε,
2664 5481 2848 5536 Codex
2889 5479 3045 5535 Alex.
3071 5477 3235 5539 habet
3263 5474 3371 5547 ὲμὲ
3396 5474 3534 5531 sud)-

1953 5551 2114 5607 δωκε.
2152 5552 2464 5607 Vaticanus.
2507 5551 2607 5607 ἐμέ
2635 5552 2679 5602 τ’
2701 5548 2970 5604 εὐώδωκε.

2026 5569 2114 5612 ικε.
2158 5568 2464 5615 vaucanus,
2507 5568 2607 5620 εμε
2635 5568 2678 5602 τ’
2701 5568 2970 5604 ευωοωκε.

2161 5621 2366 5703 gnari?
2387 5620 2488 5703 ἐπ)
2515 5620 2633 5703 ch-7'
2652 5618 3001 5703 rrjrﬁDesid.

2024 5689 2136 5763 (46)
2164 5691 2295 5750 Cod.
2328 5690 2527 5762 ἤνοιξε,
2556 5689 2669 5749 Pic.
2698 5689 2902 5763 ἤνοιγε.
