3876 6310
314 329 424 398 1ῡ1

1333 334 1823 396 TI-IEODORETI
1854 335 2194 397 EPISCOPI
2230 336 2595 397 CYRENSIS

3478 332 3579 399 192

317 445 485 513 Deus,
524 459 647 500 cum
689 444 761 499 sit
794 443 1104 508 invisibilis,
1143 458 1239 514 per
1264 443 1496 513 )carucm
1545 449 1695 503 visus
1733 456 1819 503 est
1849 448 1902 503 in

2019 446 2160 518 Βήλη·
2191 447 2365 513 οὕτως
2404 450 2634 521 ἀόρατος
2675 446 2751 501 ὢν
2786 449 2814 501 6
2848 446 2981 511 Θεὸς
3005 447 3177 516 Λόγος
3210 446 3323 517 (61)
3356 445 3450 500 διὰ
3478 445 3580 517 τῆς

318 550 485 605 terra,
524 548 577 595 et
606 555 729 594 cum
762 538 1074 594 hominibus
1119 550 1473 597 conversatus
1505 552 1609 608 est,
1643 552 1698 597 et
1727 558 1893 613 appa-

317 631 432 686 ruit
496 632 549 685 in
608 646 790 694 carne,
848 631 1146 686 secundum
1211 633 1458 687 divinum
1519 635 1892 704 Apostolum‘.

316 724 670 780 Frumentum
718 731 899 778 autem
950 734 1004 778 et
1046 725 1232 777 vinum
1265 733 1390 779 sunt
1419 725 1647 793 aenigma
1686 727 1897 780 divino-

317 832 439 871 rum
479 815 881 880 mysteriorum.
937 816 1001 869 Et
1030 814 1156 869 huic
1188 815 1619 884 interpretationi
1673 831 1897 872 euuseuc
1930 887 1937 894 .

318 908 479 973 tiunt,
500 922 620 976 qua:
647 915 980 976 sequuntur:
1018 925 1036 956 ι
1068 905 1132 960 Ει
1161 905 1400 959 servient
1429 906 1523 961 tibi
1557 916 1744 975 gentes
1777 919 1896 961 ιι.-

319 995 520 1051 Omnes
565 995 709 1050 enim
756 1004 945 1064 gentes
982 995 1222 1050 servient
1265 996 1361 1055 illi.
1404 1015 1422 1049 ι
1468 1006 1530 1051 ut
1572 999 1647 1050 ait
1682 998 1898 1057 divinus

320 1085 486 1139 David
510 1092 557 1150 ν,
590 1103 609 1135 ‹
649 1083 712 1139 Et
739 1085 1045 1139 adorabunt
1094 1094 1146 1139 te
1192 1086 1484 1157 principes.
1528 1086 1701 1157 Reges
1731 1089 1897 1152 enim,

319 1176 516 1246 inquit,
548 1176 773 1231 Tharsis
802 1187 854 1230 et
896 1175 1087 1231 insulae
1138 1192 1362 1233 munera
1414 1178 1665 1234 olfereut‘.
1720 1179 1891 1249 Reges

320 1270 560 1323 Arabum
590 1276 645 1323 et
682 1267 838 1321 Saliae
866 1267 1004 1321 doua
1036 1267 1326 1335 adducent,
1351 1277 1406 1323 et
1435 1269 1740 1323 adorabunt
1769 1286 1892 1324 eum

321 1372 512 1413 omnes
543 1373 696 1428 reges
733 1366 901 1413 terrae.
945 1376 964 1409 ι
1014 1356 1163 1413 Hauc
1204 1374 1424 1428 quoque
1474 1360 1900 1415 benedictionem

279 1460 290 1504 ’ί
326 1448 688 1515 conﬁrmavit,
720 1449 937 1519 quando
984 1449 1133 1504 misit
1166 1465 1299 1518 eum
1334 1450 1386 1503 in
1428 1450 1900 1521 McSOpotamiam.

285 1534 293 1611 ί
334 1559 354 1594 ι
387 1540 514 1595 Fias
545 1541 709 1601 enim,
743 1541 937 1610 inquit,
986 1542 1434 1611 congregatioues
1478 1542 1820 1613 populorum,
1853 1551 1907 1597 et

330 1633 420 1687 det
468 1632 561 1686 tibi
614 1631 878 1686 Dominus
928 1633 1358 1703 benedictionem
1415 1634 1703 1688 Abraha‘mi
1736 1636 1906 1704 patris

330 1722 409 1776 tui
430 1729 479 1775 ι.
519 1740 538 1772 ιι
571 1720 829 1786 Quaenam
878 1731 1053 1776 autem
1086 1730 1233 1777 esset
1278 1722 1603 1785 benedictio,
1634 1722 1793 1778 facile
1824 1733 1909 1779 est

1999 538 2198 608 σαρκὸς
2243 538 2336 591 ἐπὶ
2366 537 2471 608 γῆς
2515 537 2695 608 ὤφθη,
2734 537 2830 591 καὶ
2860 540 2971 600 τοῖς
3013 535 3326 607 ἀνθρώποις
3389 552 3580 588 συναν-

2000 628 2273 698 εστράφη,
2309 629 2403 682 καὶ
2453 627 2771 700 ἐφανερώθη
2813 630 2870 681 ὲν
2913 628 3099 700 σαρκὶ,
3134 627 3274 681 κατά
3317 627 3410 680 τδν
3432 627 3581 679 θεῖον

2010 717 2348 797 Ἀπόστολον.
2382 718 2491 771 Καὶ
2519 720 2546 771 6
2569 720 2715 782 σῖτος
2732 718 2786 771 δὲ
2815 719 2910 772 καὶ
2929 720 2955 771 6
2987 714 3126 780 οἶνος
3148 717 3258 770 τῶν
3280 717 3442 770 θείων
3461 717 3582 769 ἐστὶ

2001 809 2317 880 μυστηρίων
2367 810 2599 880 αἴνιγμα
2618 828 2631 842 ο
2661 810 2835 881 τούτῳ
2882 814 3168 880 συμφωνεῖ
3195 810 3272 880 τῷ
3308 810 3455 880 λόγῳ
3483 809 3583 863 καὶ

1996 903 2065 955 τὰ
2084 902 2212 973 ἑξῆς
2233 920 2246 935 ⁸
2271 921 2290 954 ι
2312 896 2421 956 Καὶ
2453 903 2898 963 δουλευσάτωσάν
2932 919 3014 955 σοι
3051 901 3201 971 ἔθνη.
3251 902 3439 956 Πάντα
3468 902 3580 972 γὰρ

1997 992 2066 1045 τὰ
2088 991 2215 1065 ἔθνη
2239 992 2618 1046 δουλεύσουσιν
2647 991 2815 1063 αὐτῷ,
2843 1010 2861 1044 ι
2901 992 3069 1061 φησὶν
3100 990 3214 1062 (62)
3249 992 3277 1044 6
3309 991 3453 1055 θεῖος
3476 995 3580 1043 Δα-

2001 1082 2111 1137 ϐίδ..
2126 1103 2145 1135 ι
2168 1084 2278 1136 Καὶ
2300 1085 2773 1153 προσκυνήσουσιν
2791 1083 2839 1135 οί
2867 1082 3150 1154 ἀρχοντες.
3172 1081 3422 1144 Βασιλεῖς
3445 1082 3584 1152 γὰρ,

2003 1173 2156 1241 φησὶ,
2174 1171 2404 1242 Θαρσεῖς
2429 1172 2542 1243 (65)
2558 1173 2650 1224 καὶ
2666 1171 2819 1238 νῆσοι
2849 1169 2998 1240 δῶρα
3025 1169 3395 1236 προσοίσουσι.
3416 1169 3585 1222 Βασι-

2000 1264 2112 1327 λεῖς
2141 1264 2387 1335 Ἀράϐων
2421 1263 2517 1317 καὶ
2551 1262 2699 1316 Σαϐὰ
2723 1263 2871 1333 δῶρα
2905 1259 3259 1329 προσάξουσι,
3285 1260 3377 1313 καὶ
3406 1274 3584 1330 προσ-

2001 1356 2326 1427 κυνήσουσιν
2383 1353 2533 1425 αὐτῷ
2600 1354 2804 1417 πάντες
2855 1354 2905 1406 οἱ
2957 1353 3198 1423 βασιλεῖς
3253 1351 3355 1421 τῆς
3401 1351 3578 1422 γῆς.)

2003 1447 2219 1519 Ταύτην
2240 1447 2505 1518 ἐκράτυνε
2536 1446 2631 1517 τὴν
2661 1444 2933 1514 εὐλογίαν,
2979 1444 3075 1498 καὶ
3105 1444 3274 1514 ἡνίκα
3307 1442 3471 1496 αὐτὸν
3501 1444 3585 1506 είς

2002 1539 2101 1611 τὴν
2117 1538 2546 1608 Μεσοποταμίαν
2580 1536 2905 1606 ἐξέπεμψεν.
2935 1557 2953 1587 ‹
2978 1536 3116 1608 "Eon
3143 1535 3272 1605 γὰρ,
3292 1534 3482 1605 φησὶν,
3501 1534 3585 1596 είς

2007 1630 2328 1700 συναγωγὰς
2348 1629 2539 1694 ἐθνῶν,
2578 1631 2674 1683 καὶ
2706 1628 2819 1699 δῴη
2852 1645 2935 1681 σοι
2966 1626 3172 1697 Κύριος
3208 1627 3309 1696 τὴν
3331 1625 3587 1692 εὐλογίαν

2018 1722 2270 1794 Ἀδραάμ
2297 1720 2392 1774 τοῦ
2440 1722 2649 1792 πατρός
2695 1737 2789 1774 σου
2818 1719 2956 1789 (64).
2988 1738 3006 1769 ι
3042 1720 3138 1781 Τίς
3170 1719 3226 1772 δὲ
3262 1720 3295 1787 ἠ
3337 1718 3586 1783 εὐλογία,

327 1814 538 1870 discere
589 1813 811 1868 volenti.
869 1813 1182 1867 Abrahatno
1224 1815 1368 1868 enim
1419 1813 1560 1868 dixit
1601 1814 1744 1869 Deus
1788 1830 1905 1869 om-

2019 1815 2194 1887 ρᾁιον
2217 1813 2299 1884 τῷ
2335 1813 2642 1885 βουλομένῳ
2667 1812 3031 1883 καταμαθεῖν.
3056 1811 3146 1882 Τῷ
3179 1812 3289 1881 γὰρ
3329 1811 3589 1882 Ἀϐραάμ

329 1904 519 1957 nium:
551 1920 570 1954 ε
612 1902 667 1956 In
700 1902 906 1959 semine
953 1911 1047 1957 tuo
1076 1902 1464 1957 benedicentur
1497 1916 1687 1957 omnes
1722 1911 1907 1970 gentes

332 2005 490 2051 terra:
519 2003 569 2049 Υ.
609 2011 633 2048 ι

820 2083 1099 2161 INTERR.
1125 2103 1415 2160 LXXXIII.
1450 2184 1453 2189 η

333 2224 444 2281 Cur
470 2223 637 2279 Iacob
670 2233 846 2297 tanta:
881 2224 1260 2297 benedictione:
1300 2225 1540 2293 adeptus,
1574 2224 1791 2297 fratrem
1823 2221 1908 2291 fu-

401 2297 496 2366 git,
532 2305 580 2348 et
637 2293 800 2360 solus,
835 2293 985 2349 rebus
1015 2296 1323 2350 necessariis
1379 2311 1586 2362 carens,
1631 2294 1740 2348 abit
1789 2308 1909 2362 per-

400 2381 520 2435 egre
536 2368 562 2421 ?

404 2456 746 2512 Providentia
787 2458 968 2513 divina
1005 2457 1351 2513 manifestius
1394 2457 1707 2512 declaratur
1737 2458 1790 2512 in
1827 2473 1909 2512 re-

333 2548 481 2611 bus,
531 2564 653 2618 quae
694 2549 946 2604 videntur
996 2533 1258 2604 adversae.
1311 2547 1444 2603 Nam
1498 2550 1698 2619 quibus
1727 2550 1908 2604 omnia

336 2653 591 2710 prospere
613 2641 829 2702 cedunt,
862 2655 968 2693 non
1004 2638 1111 2708 93
1143 2637 1367 2708 perinde
1401 2638 1715 2708 intelligunt
1739 2654 1912 2708 quau-

337 2732 407 2786 tis
441 2730 599 2786 bonis
630 2729 900 2784 fruantur.
936 2728 1046 2784 llac
1076 2730 1142 2784 de
1189 2744 1350 2784 causa
1389 2728 1554 2784 Jacob
1590 2728 1820 2798 aufugit,
1859 2738 1912 2783 et

335 2823 488 2877 solus
529 2822 922 2892 peregrinatur,
981 2830 1037 2875 ut
1083 2821 1547 2889 locupletissimus
1602 2819 1815 2874 rediens
1858 2829 1912 2874 et

336 2910 455 2977 ipse
482 2908 791 2977 experiatur
813 2916 1016 2977 quanta
1050 2906 1121 2961 sit
1149 2907 1240 2960 Dei
1274 2907 1519 2960 omnium
1552 2906 1909 2975 providentia,

337 3010 391 3053 et
425 2998 564 3053 alios
612 2999 819 3052 doceat.
852 2996 1004 3051 Hauc
1043 2997 1466 3051 sollicitudinem
1508 3012 1660 3051 suam
1697 2997 1912 3066 appari-

2007 1908 2036 1959 6
2065 1905 2173 1960 τῶν
2196 1905 2331 1959 ὅλων
2358 1904 2463 1976 ἔφη
2485 1905 2638 1968 Θεός·
2677 1923 2696 1957 ι
2738 1905 2826 1957 Ἐν
2871 1903 2950 1973 τῷ
2984 1904 3260 1974 σπέρματί
3289 1920 3387 1957 σου
3428 1902 3585 1955 εὐλο-

2008 1998 2310 2071 γηθήσεται
2350 2000 2528 2053 πάντα
2552 1998 2623 2051 τὰ
2654 1996 2783 2067 ἔθνη
2818 1996 2920 2066 τῆς
2944 1995 3071 2066 γῆς.
3105 2014 3124 2046 ι

2615 2113 2811 2185 ΕΡοτ.
2840 2113 2963 2166 ιπν.

2014 2230 2075 2284 Τί
2117 2228 2341 2294 δήποτε
2379 2228 2680 2293 τοσαύτας
2725 2226 3014 2296 εὐλογίας
3047 2224 3270 2296 λαϐὼν
3306 2226 3341 2296 ό
3386 2223 3595 2296 Ἰᾳκὼᾷ

2052 2291 2502 2365 ,ἀποδιδράσκει
2524 2298 2632 2351 τὸν
2651 2291 2939 2365 ἀδελφοὶ,
2962 2294 3062 2349 καί
3079 2296 3269 2364 μόνος
3289 2291 3593 2363 ἀποδημεῖ

2077 2368 2200 2423 τῶν
2235 2368 2576 2437 ἀναγκαίων
2601 2366 3040 2436 ἐστερημένοςῐ

2091 2460 2514 2532 Ἐναργέστερον
2546 2460 2603 2514 ὲν
2635 2461 2757 2524 ταῖς
2798 2458 3084 2523 δοκούσαις
3122 2456 3534 2528 κακοπραγίαις
3554 2459 3591 2529 ἡ

2007 2553 2101 2608 τοῦ
2131 2554 2267 2607 Θεοῦ
2306 2553 2602 2623 κηδεμονία
2638 2551 2915 2624 δηλοῦται.
2968 2554 3030 2606 Οί
3071 2550 3182 2622 γὰρ
3222 2552 3281 2603 ἐν
3319 2549 3593 2621 εὐκληρίᾳ

2008 2644 2159 2707 ὄντες
2176 2643 2273 2713 οὐχ
2301 2642 2476 2706 οῦτως
2530 2642 2710 2696 ίσασιν
2764 2643 2905 2696 ὅσων
2946 2640 3167 2711 ἀγαθῶν
3228 2638 3590 2694 ἀπολαύουσι.

2009 2736 2212 2790 Τούτου
2256 2736 2416 2806 χάριν
2476 2735 2888 2806 ἀποδιδράσκει,
2934 2735 3032 2789 καὶ
3079 2733 3241 2804 μόνος
3291 2732 3590 2802 ἀποδημεῖ,

2010 2827 2097 2880 ἵνα
2129 2826 2269 2898 μετά
2290 2824 2490 2895 πολλῆς
2522 2826 2633 2897 (65)
2662 2827 2761 2895 τῆς
2791 2825 3109 2897 περιουσίας
3138 2820 3472 2886 επανελθὼν,
3493 2823 3595 2876 καὶ

2010 2918 2171 2980 αὐτὸς
2194 2917 2328 2987 γνῷ,
2352 2918 2448 2988 ὅση
2483 2916 2576 2970 τοῦ
2604 2915 2739 2970 Θεοῦ
2765 2916 2874 2970 τῶν
2898 2916 3037 2971 ὅλων
3064 2917 3096 2986 ἡ
3126 2913 3461 2985 προμήθεια,
3490 2911 3597 2965 καὶ

2009 3009 2134 3071 τοὺς
2149 3008 2339 3070 ἄλλους
2355 3005 2678 3080 διδάξῃ.Ταύ
2687 3024 2779 3078 την
2796 3007 2960 3060 αὐτοῦ
2980 3005 3079 3078 τὴν
3100 3004 3426 3075 κηδεμονίαν
3446 3020 3599 3072 παρ-

337 3092 484 3145 tione
512 3085 1144 3143 coul‘estim‘declaravit.
1177 3087 1426 3143 Ostendit
1452 3088 1596 3143 enim
1628 3090 1676 3143 ei
1707 3090 1908 3144 scalam

2019 3099 2213 3154 αυτίκα
2265 3098 2375 3171 (66)
2430 3098 2519 3152 διὰ
2576 3099 2676 3168 τῆς
2731 3096 3058 3167 ἐπιφανείας
3111 3096 3400 3167 ἐδήλωσεν.
3457 3095 3600 3149 Ἐπ-

339 3181 408 3236 ad
445 3182 642 3237 coelum
681 3181 857 3248 ipsum
911 3195 1083 3250 usque
1135 3181 1552 3251 pertingeutem,
1602 3191 1655 3236 et
1696 3192 1911 3237 sanctos

2021 3191 2193 3260 έδειξε
2229 3193 2330 3264 μὲν
2352 3191 2462 3261 γὰρ
2494 3190 2644 3261 αὐτῷ
2674 3190 2919 3261 κλίμακα
2950 3189 3143 3260 μέχρις
3158 3188 3323 3242 αὐτοῦ
3353 3187 3600 3241 διικνου-

340 3276 561 3347 angelos
607 3273 961 3329 ascendentes
1017 3282 1072 3328 et
1127 3272 1542 3329 descendentes.
1615 3273 1735 3344 ipse
1784 3289 1915 3330 vero

343 3367 605 3421 Dominus
651 3379 868 3420 sursum
926 3365 1235 3420 consistens
1273 3364 1632 3419 confirmabat
1668 3382 1815 3429 eum,
1866 3374 1921 3423 et

344 3467 548 3512 metum
594 3455 918 3526 expellebat.
950 3455 1308 3510 Declarabant
1336 3464 1516 3511 autem
1549 3456 1724 3526 angeli
1757 3457 1919 3511 mini-

344 3549 566 3604 sterium
601 3547 865 3612 divinum,
898 3547 965 3603 de
1009 3547 1211 3617 quibus
1245 3548 1436 3603 beatus
1467 3548 1668 3605 Paulus
1694 3532 1915 3620 inquit:

349 3657 369 3690 ι
430 3636 618 3692 Nonne
663 3647 791 3693 sunt
835 3653 1024 3693 omnes
1065 3637 1509 3694 administratorii
1565 3640 1808 3708 spiritus,
1855 3639 1922 3694 ad

347 3726 706 3783 ministerium
732 3727 884 3783 missi
914 3734 1134 3797 propter
1162 3742 1279 3794 eos,
1309 3729 1401 3799 qui
1444 3730 1807 3785 luereditatem
1841 3745 1927 3784 ca.

346 3820 495 3891 pient
521 3820 793 3876 salutis‘?
822 3838 842 3871 ι
876 3818 1081 3874 Horum
1111 3827 1291 3873 autem
1324 3821 1750 3890 unumquodque
1781 3830 1927 3891 pote-

341 3919 434 3966 rat
479 3925 732 3968 securum
775 3910 1004 3966 reddere
1046 3910 1435 3980 patriarcham.
1494 3910 1731 3966 Docetur
1776 3912 1922 3967 enim

348 4001 487 4056 nihil
516 4002 845 4072 negligenter
871 4009 926 4056 et
970 4002 1089 4056 sine
1135 4017 1266 4056 cura
1303 4003 1372 4057 ab
1412 4004 1656 4057 omnium
1691 4002 1800 4058 Deo
1828 4003 1924 4058 ad-

349 4092 688 4148 ministrari:
732 4093 826 4148 sed
868 4093 1045 4163 ipsum
1084 4094 1266 4169 omnia
1319 4094 1658 4164 dispensare.
1704 4105 1926 4152 sancto-

350 4197 473 4237 rum
540 4183 854 4254 angelorum
908 4192 1147 4239 utentem
1198 4185 1526 4240 ministerio.
1570 4184 1650 4238 ‘Ei
1707 4201 1926 4256 quoque

352 4274 579 4344 largitus
618 4282 703 4330 est
748 4275 1208 4339 benedictionem,
1252 4289 1416 4344 quam
1464 4284 1519 4329 et
1564 4277 1702 4344 patri
1731 4283 1785 4329 et
1824 4290 1926 4330 avo

352 4367 677 4436 praebuerat,
727 4376 839 4422 tum
888 4368 955 4421 de
1001 4367 1413 4436 multiplicando
1458 4368 1684 4433 semine,
1714 4376 1824 4421 tum
1860 4367 1927 4423 de

2024 3283 2190 3354 μένην
2215 3283 2309 3335 τοῦ
2339 3281 2571 3352 οὐρανοῦ
2598 3298 2612 3313 ·
2643 3282 2769 3344 τοὺς
2800 3281 2857 3334 δὲ
2884 3280 3074 3349 ἁγίους
3108 3279 3378 3348 ἀγγέλους
3409 3278 3599 3332 ἀνιόν-

2018 3389 2117 3436 τας
2146 3371 2241 3425 καὶ
2265 3372 2568 3435 κατιόντας.
2594 3371 2763 3436 Αὐτὸς
2802 3371 2859 3424 δὲ
2893 3372 3096 3449 ἀνωθεν
3136 3369 3382 3439 ἐφεστὼς
3447 3387 3602 3440 παρ-

2020 3463 2285 3535 εθάρρυνέ
2314 3481 2374 3517 τε
2403 3466 2496 3518 κα)⁵
2527 3464 2588 3518 τὸ
2625 3464 2740 3529 δέος
2763 3465 3053 3533 ἐξήλαυνεν
3080 3463 3211 3533 (67).
3250 3462 3498 3533 Ἐδήλουν
3537 3462 3605 3516 δὲ

2020 3555 2070 3607 ol.
2101 3553 2322 3621 ἄγγελοι
2342 3554 2440 3624 τὴν
2479 3553 2629 3606 θείαν
2657 3554 2950 3608 διακονίαν.
2984 3553 3119 3623 Περὶ⁸
3142 3553 3345 3607 τούτων
3366 3553 3469 3625 γὰρ
3496 3555 3605 3607 καὶ

2021 3644 2050 3697 6
2078 3642 2345 3714 μακάριος
2368 3642 2470 3714 ἔφη
2498 3643 2734 3707 Παῦλος,
2759 3663 2777 3695 ιι
2802 3644 2937 3714 Οὐχὶ
2971 3644 3173 3707 πάντες
3218 3645 3326 3697 sic).
3351 3643 3603 3713 λειτουρ-

2022 3734 2157 3803 γικὰ
2179 3733 2465 3805 πνεύματα
2483 3736 2564 3798 είς
2592 3735 2867 3789 διακονίαν
2893 3734 3333 3805 ἀποστελλόμενα
3353 3734 3440 3789 διὰ
3466 3734 3610 3800 τοὺς

2026 3828 2322 3898 μέλλοντας
2342 3827 2698 3899 κληρονομεῖν
2723 3829 3031 3900 σωτηρίαν;
3075 3847 3093 3880 ι
3134 3827 3356 3882 Τούτων
3374 3827 3430 3881 δὲ
3462 3826 3612 3880 ἔκα-

2026 3935 2151 3973 στον
2180 3910 2369 3973 ίκανὺνΔ
2388 3914 2455 3990 ἦν
2489 3919 2688 3989 θάρσος
2720 3921 2952 3974 ἐνθεῖναι
2983 3921 3095 3990 (68)
3126 3919 3203 3989 τῷ
3235 3918 3557 3990 πατριάρχῃ
3590 3935 3610 3950 ⁸

2024 4009 2332 4064 διδάσκεται
2362 4011 2492 4081 γὰρ,
2522 4010 2600 4074 ὡς
2639 4010 2789 4065 οὐδὲν
2823 4010 3188 4082 ἀτημέλητον,
3237 4010 3359 4064 οὐδὲ
3395 4008 3612 4078 ἀκηδε-

2028 4100 2282 4171 μόνευτον
2308 4102 2459 4173 παρὰ
2479 4102 2559 4173 τῷ
2580 4103 2687 4155 τῶν
2714 4103 2848 4156 ὅλων
2870 4101 2988 4173 Θεῷ
3007 4119 3021 4134 ·
3050 4102 3166 4156 ἀλλ’
3193 4100 3353 4164 αὐτὸς
3383 4100 3613 4155 ἅπαντα

2027 4192 2373 4263 πρυτανεύει,
2411 4194 2678 4257 διακόνοις
2714 4193 2995 4264 χρώμενος
3041 4196 3156 4257 τοῖς
3193 4193 3369 4260 ἁγίοις
3424 4192 3610 4260 ἀγγέ-

2026 4285 2157 4348 λοις.
2186 4285 2398 4340 Ἔδωκε
2432 4285 2490 4338 δὲ
2529 4285 2678 4356 αὐτῷ
2718 4286 2814 4338 κα)⁵
2855 4285 2954 4355 τὴν
2998 4284 3270 4354 εὐλογίαν,
3301 4288 3366 4357 ἣν
3397 4285 3491 4338 καὶ
3516 4284 3613 4355 τῷ

2027 4376 2197 4447 πατρὶ
2223 4378 2322 4430 καὶ
2351 4376 2430 4446 τῷ
2456 4377 2761 4448 προπάτορι
2795 4377 3070 4441 ἐδεδώκει,
3104 4378 3232 4448 περί
3278 4393 3338 4430 τε
3371 4380 3469 4446 τῆς
3501 4376 3610 4432 τοῦ

354 4465 477 4511 ortu
531 4456 744 4511 Domini
782 4457 949 4511 totius
986 4456 1216 4511 mundi:
1259 4475 1278 4508 ι
1314 4456 1708 4513 Benedicentur
1752 4458 1911 4512 enim.

2029 4469 2342 4539 σπέρματος
2370 4468 2711 4536 πολυγονίας,
2745 4469 2840 4522 καὶ
2872 4470 3000 4540 περὶ
3028 4470 3123 4523 τοῦ
3152 4469 3252 4540 τῆς
3271 4470 3612 4539 οἰκουμένης
3650 4460 3653 4465 ’

356 4544 531 4615 inquit
551 4557 601 4611 α,
632 4545 923 4600 insemine
949 4550 1041 4600 tuo
1070 4560 1257 4601 omnes
1282 4545 1454 4602 tribus
1486 4556 1659 4603 terrae.
1682 4567 1701 4599 ι
1732 4547 1922 4604 Postea

356 4636 431 4691 illi
467 4638 750 4706 pollicetur
796 4637 851 4691 in
893 4634 1248 4707 praesentibus
1291 4654 1510 4708 quoque
1541 4640 1701 4696 rebus
1733 4657 1921 4698 curam

356 4739 411 4784 et
466 4731 752 4785 auxilium.
803 4748 823 4781 ι
861 4729 1000 4785 Ecce
1046 4730 1213 4792 enim,
1269 4728 1514 4801 inquitb,
1547 4739 1721 4786 tecum
1775 4749 1920 4802 sum,

356 4821 669 4876 custodiens
702 4830 753 4876 te
783 4821 838 4876 in
868 4822 976 4886 via,
1012 4835 1121 4892 qua
1150 4821 1534 4877 ambulaveris.
1567 4822 1634 4877 Et
1665 4825 1920 4880 reducam

362 4921 415 4968 te
474 4913 528 4969 in
584 4922 785 4969 terram
844 4915 1022 4982 hanc,
1080 4914 1210 4985 quia
1261 4928 1374 4995 non
1426 4921 1479 4969 te
1531 4914 1923 4987 derelinquam,

433 5049 505 5103 ιι
556 5050 697 5106 Tim.
735 5067 818 5118 III,
891 5052 979 5107 16.
1054 5063 1082 5092 ιι
1119 5052 1257 5107 Gen.
1316 5066 1487 5119 xxvu,
1541 5052 1633 5108 29.

368 5129 392 5157 ι
433 5119 595 5176 Hebr.
631 5138 670 5187 ι,
707 5123 793 5177 14.
868 5135 895 5164 α
932 5121 1067 5177 Gen.
1103 5138 1297 5187 xxvut,
1344 5121 1429 5176 14.
1502 5121 1533 5162 δ
1575 5122 1708 5178 ibid.
1759 5124 1849 5180 15.

1744 5062 1775 5126 ﬁ
1798 5052 1961 5126 ,Psal.
2018 5074 2169 5126 LXXI,
2233 5061 2319 5117 10.

2027 4561 2319 4613 Δεσπότου.
2368 4577 2386 4611 ι
2431 4561 2977 4631 Ἐνευλογηθήσονται
3027 4564 3158 4634 γὰρ,
3199 4562 3383 4633 φησὶν,
3440 4563 3497 4615 ὲν
3521 4562 3615 4633 τῷ

2030 4649 2307 4718 σπέρματί
2337 4665 2430 4703 σου
2470 4651 2642 4703 πᾶσαι
2685 4651 2741 4702 αἱ
2774 4650 2940 4719 φυλαὶ
2963 4651 3064 4719 τῆς
3111 4653 3235 4723 γῆς.
3261 4671 3279 4703 ι
3321 4647 3452 4704 Εῐτα
3498 4653 3613 4705 ὐπ-

2031 4742 2296 4809 ισχνεῖται
2318 4739 2487 4811 αὐτῷ,
2519 4741 2617 4793 καὶ
2653 4741 2759 4811 τὴν
2794 4743 2983 4806 ἐντοῖς
3022 4744 3406 4814 προκειμένοις
3443 4743 3614 4813 κηδε-

2031 4831 2240 4901 μονίαν.
2276 4849 2295 4884 ι
2328 4832 2459 4885 ’1δού
2503 4831 2631 4904 γὰρ,
2670 4833 2825 4903 φησὶ,
2860 4834 2999 4903 μετὰ
3028 4835 3121 4887 σοῦ
3150 4836 3267 4905 εἰμι
3307 4833 3612 4903 διαφυλάσ-

2033 4937 2143 4975 σων
2165 4938 2227 4975 σε
2256 4923 2315 4976 ἐν
2344 4925 2411 5005 τῇ
2441 4922 2547 4994 όδῷ
2571 4917 2605 4997 ᾗ
2626 4924 2723 4977 ἐὰν
2748 4925 3044 4998 πορευθῇς,
3065 4926 3160 4979 καὶ
3181 4925 3511 4996 ἀποστρέψω
3540 4942 3609 4978 σε

2431 5070 2459 5099 ι
2494 5061 2629 5118 Gen.
2669 5079 2861 5131 xxvut,
2890 5063 2945 5129 5,
2977 5063 3029 5117 4.
3107 5073 3136 5113 1
3165 5062 3302 5121 Gen.
3336 5078 3473 5129 xm,
3512 5061 3606 5118 l8.

1875 5255 2105 5313 ΝΟΤᾸΞ.

406 5406 553 5473 ’(61)
584 5406 799 5473 Λόγος.
832 5404 956 5460 Des.
989 5404 1044 5459 in
1064 5403 1209 5473 _cod.
1235 5411 1289 5458 et
1323 5404 1443 5473 Pic.

465 5467 556 5543 62)
587 5467 821 5546 Φηοίκς
837 5473 1023 5546 Picus,
1121 5490 1303 5546 φησιν.
1335 5472 1499 5529 Bene.

467 5542 556 5608 65)
589 5543 862 5611 Θαρσεῖς.
903 5542 1091 5599 Abest"
1118 5542 1148 5598 a
1184 5542 1314 5599 cod.
1365 5553 1420 5599 et
1464 5542 1594 5597 edit.
1637 5542 1770 5597 Pici.
1830 5542 1933 5599 Sed

372 5615 655 5703 legendum
683 5622 766 5669 est
795 5614 1019 5686 Θαρσίς,
1055 5615 1376 5670 auctoritate
1433 5614 1637 5670 codicis
1663 5613 1819 5670 Alex.
1884 5622 1938 5669 et

372 5683 558 5823 ‘attliid
593 5756 733 5809 Σου.
769 5753 901 5810 Cod.
932 5764 985 5809 et
1010 5754 1120 5810 Pic.
1152 5772 1273 5825 μου.

2251 5407 2490 5483 [mark
2545 5408 2762 5483 C0d._et
2784 5407 2895 5465 Pic.
2931 5413 3277 5483 παμπολλῖκ.

2104 5477 2215 5547 (66)
2244 5481 2637 5547 Κηδεμονίαν.
2678 5478 2736 5534 lu
2758 5484 2881 5536 cod.
2911 5489 2967 5537 et
3017 5477 3167 5554 'apud
3200 5477 3314 5544 Pic.
3353 5486 3614 5558 sequitur

2030 5545 2212 5686 ἥνὶδτ)
2252 5616 2388 5672 Cod.
2417 5628 2468 5673 et
2507 5618 2620 5675 Pic.
2651 5619 2930 5684 ἐξ¹λασεν.

2102 5685 2212 5741 (68)
2243 5686 2372 5741 ϐοιι.
2408 5689 2592 5741 ctPic.
2632 5639 2920 5741 ὲπιᾌεὶναι.

2102 5685 2212 5756 (68)
2243 5686 2372 5743 ϐοιι.
2408 5689 2592 5744 clPic.
2632 5685 2920 5747 ἐπιθεῖναι.
