3876 6310
212 344 326 414 193

1274 339 1556 410 QUAEST.
1592 339 1675 400 IN
1717 339 1986 402 GENES.
2018 341 2175 403 CAP.
2209 320 2425 403 xxix.

3382 344 3482 410 191

212 458 299 516 et;
320 456 418 525 τὴν
448 452 556 523 γῆν
588 449 765 523 ταύτη
780 469 820 517 θ’,
860 451 943 505 ὅτι
978 450 1038 503 οὑ
1074 450 1147 521 μή
1193 466 1253 503 σε
1292 450 1671 520 ἐγκαταλείψω
1693 449 1799 513 ἕως

1913 453 2076 508 lonec
2145 467 2489 523 complevere
2564 451 2748 507 omnia
2828 467 3169 524 quaecunque
3257 454 3475 513 locutus

204 543 313 602 τοῦ
340 543 564 615 ποιῆσαί
601 560 671 615 με
700 542 880 598 πάντα
903 543 1006 597 ὅσα
1040 541 1294 611 ἐλάλησα.
1322 561 1339 592 ι

841 656 1034 709 ΕΡΩΤ.
1061 653 1180 709 [Μ’.

450 766 617 820 Atat!
640 767 749 819 τὸν
780 766 954 819 λίθον
982 765 1217 834 ἀλείφει
1247 768 1280 818 ὁ
1323 764 1565 827 ’1ακώ6;

285 854 383 921 Οἷς
407 851 522 926 εἶχε
556 857 650 907 τὸν
687 853 1063 924 μεγαλόδωρον
1109 853 1383 923 ἠμείψατο
1421 853 1642 924 Κύριον.
1681 852 1802 923 Ὀρ-

212 949 399 1010 θὼσας
422 947 533 1017 γὰρ
571 945 665 998 τὸν
700 945 867 1009 λίθον,
898 943 955 996 δν
983 942 1222 1013 ὑπέθηκε
1239 946 1303 1014 τῇ
1358 944 1631 1014 κεφαλῇ’,
1663 959 1799 996 κατ-

212 1042 373 1108 έχεεν
430 1037 599 1091 αὑτοῦ
639 1037 836 1091 ἔλαιον.
871 1033 1041 1088 Τοῦτο
1085 1035 1142 1088 δὲ
1179 1036 1274 1088 καὶ
1303 1035 1398 1088 νῦν
1432 1036 1579 1087 ἔστιν
1623 1035 1800 1104 εὑρεῖν

211 1133 369 1203 παρὰ
402 1130 616 1184 πολλῶν
644 1130 880 1200 γυναίων
912 1128 1025 1201 (69)
1053 1128 1159 1181 τῶν
1192 1129 1269 1198 τῷ
1291 1128 1480 1198 Κυρίῳ
1508 1145 1799 1182 πεπιστευο

212 1226 395 1278 κάτων
423 1224 733 1294 γινόμενον.
756 1220 994 1275 Είώϐασι
1038 1221 1144 1291 γὰρ
1171 1221 1228 1273 ὲν
1255 1223 1365 1284 τοῖς
1399 1220 1563 1283 θείοις
1610 1223 1801 1291 σηκοῖς

211 1312 386 1388 ἐλαίῳ
412 1317 593 1388 χρίειν
618 1314 716 1377 τὰς
741 1314 851 1366 τῶν
878 1314 1197 1383 ἀνακτόρων
1219 1314 1525 1381 κιγκλίδας,
1562 1317 1657 1367 καὶ
1692 1313 1801 1367 τῶν

216 1409 393 1476 ἁγίων
462 1406 759 1478 μαρτύρων
805 1406 902 1466 τὰς
947 1404 1142 1474 θήκας.
1198 1406 1370 1474 Δηλοῖ.
1409 1404 1467 1457 δὲ
1511 1404 1671 1458 τοῦτο
1706 1405 1802 1474 τῆς

211 1501 398 1570 ψυχῆς
419 1500 519 1567 τὴν
553 1496 833 1566 εὐγένειαν
860 1497 992 1567 (70).
1024 1498 1250 1566 Δέχεται
1286 1496 1341 1549 δὲ
1374 1497 1468 1548 καὶ
1494 1497 1561 1548 τὰ
1593 1486 1802 1566 σμικρὰ

213 1594 244 1645 ὁ
270 1590 657 1660 φιλάνθρωπος
708 1588 932 1660 Κύριος,
966 1588 1363 1659 ἀποδεχόμενος
1401 1589 1493 1641 τὸν
1524 1588 1618 1641 τοῦ
1654 1605 1801 1657 γινο-

218 1684 386 1754 μένου
417 1681 643 1736 σκοπόν.

842 1792 1041 1846 ΕΡΩΤ.
1068 1790 1194 1846 DE'.

213 1906 446 1962 Πολλοί
486 1907 795 1974 πρόφασιν
818 1904 1155 1967 ἀκολασίας
1173 1903 1195 1934 ⁸
1244 1901 1557 1974 ποιοῦνται
1583 1901 1650 1964 τὸ
1673 1903 1804 1971 τέτ-

378 1970 560 2047 ταρας
585 1970 905 2045 ἐσχηκέναι
944 1974 1231 2042 γυναῖκας
1262 1970 1372 2025 τὸν
1410 1973 1635 2027 Ἰακώϐ.

284 2068 395 2121 Τὸν
451 2066 656 2120 σκοπὸν
723 2066 954 2118 ἑκάστου
1006 2062 1115 2119 τῶν
1166 2062 1465 2134 γινομένων
1527 2061 1804 2128 ἐξετάζειν

214 2161 512 2231 προσήκει.
542 2156 699 2211 υὺτω
719 2156 827 2228 γὰρ
854 2157 1133 2226 κρίνοντες
1160 2154 1468 2225 εὑρήσομεν
1490 2156 1579 2207 καὶ
1612 2155 1803 2208 Ἰακὼϐ

211 2251 309 2304 τὸν
354 2249 738 2320 πατριάρχην,
794 2246 890 2319 τὴν
937 2247 1035 2317 μὲν
1088 2245 1289 2315 Ῥαχὴλ
1327 2245 1805 2314 μνηστευσάμενον

218 2343 415 2414 μόνην,
446 2341 598 2411 παρὰ
645 2340 872 2411 γνώμην
910 2337 966 2391 δὲ
1015 2336 1357 2405 συναφθέντα
1404 2338 1469 2406 τῇ
1504 2335 1657 2406 Λείᾳ.
1690 2338 1805 2389 Πα-

222 2434 498 2507 ραυτίκα⁹
536 2432 666 2503 γοῦν
694 2432 795 2501 τῆς
836 2430 1054 2498 ἀπάτης
1089 2427 1411 2498 αἰσθόμενος
1446 2426 1542 2479 καὶ
1576 2425 1802 2495 ἐδυσχέ-

218 2545 289 2599 ρα
310 2525 465 2600 [ι]νε,
497 2523 701 2591 καὶίτοῦ
720 2521 983 2594 κηδεστοῦ
1004 2520 1408 2589 κατεῦόησε.Τῇ
1427 2517 1802 2588 δὲβαλλᾲίἩ)

215 2622 279 2674 οὑ
319 2621 411 2674 διὰ
439 2617 776 2689 φιληδονίαν,
809 2615 946 2668 ἀλλὰ
973 2614 1061 2667 διὰ
1092 2613 1192 2683 τὴν
1214 2613 1310 2679 τῆς
1336 2610 1609 2682 ὁμοζύγου
1634 2627 1807 2683 παρα.

216 2714 421 2786 μυθίαν
475 2710 642 2783 ὲμίγη
714 2710 825 2779 Τῆς
860 2709 971 2779 γὰρ
1022 2707 1224 2777 Ῥαχὴλ
1265 2705 1356 2758 διὰ
1404 2706 1504 2774 τὴν
1544 2704 1805 2758 ἀπαιδίαν

211 2803 557 2875 ἀνιωμένης,
601 2792 1175 2881 καὶαλογίστωςίη)
1217 2796 1501 2866 λεγούσης·
1542 2816 1561 2848 ι
1585 2796 1683 2858 Δός
1716 2814 1806 2867 μοι
1852 2830 1857 2836 ι

210 2898 390 2952 τέκνα
434 2896 573 2965 (i3),
616 2896 666 2946 εί
704 2893 764 2946 δὲ
800 2891 875 2963 μή
911 2908 1000 2959 γε,
1036 2888 1452 2957 ἀποθανοῦμαι·
1496 2887 1804 2957 »ἐπέπληξε

214 2991 320 3060 μὲν
360 2986 605 3048 εὑσεὸὦς
641 2986 672 3037 ὁ
714 2982 1081 3054 πατριάρχης,
1122 2981 1216 3034 καὶ
1243 2979 1410 3043 ἔδειξε
1450 2978 1540 3033 τὸν
1565 2979 1665 3048 τῆς
1703 2979 1805 3047 φύ-

211 3097 363 3143 σεως
403 3079 658 3148 ποιητὴν,
716 3080 810 3131 καὶ
855 3077 939 3128 ὅτι
984 3075 1082 3144 οὑχ
1128 3075 1157 3125 ὁ
1202 3072 1379 3141 γάμος
1423 3068 1542 3122 ἐστὶ
1597 3068 1803 3122 παίδων

209 3172 574 3243 δημιουργὸς,
609 3170 743 3223 ἀλλὰ
766 3168 795 3220 ὁ
822 3169 916 3221 τοῦ
944 3167 1123 3237 γάμου
1155 3164 1450 3236 νομοθέτης
1479 3164 1631 3226 Θεός.
1658 3163 1804 3231 Ἐφη

212 3269 332 3337 γὰρ
363 3266 501 3335 πρὸς
552 3263 750 3333 αὑτήν·
783 3280 801 3312 ι
832 3262 924 3330 Μὴ
965 3259 1087 3313 ἀντὶ
1123 3258 1257 3311 Θεοῦ
1308 3257 1389 3310 σοί
1435 3258 1551 3325 είμι
1592 3251 1724 3322 ἐγὼ,
1750 3253 1808 3316 ὃς

213 3356 489 3428 ἐστέρησε
517 3372 577 3408 σε
618 3352 829 3425 καρπὸν
866 3352 1106 3418 κοιλίας;
1134 3370 1153 3403 ι
1189 3350 1548 3420 Ψυχαγωγῶν
1569 3348 1625 3401 δὲ
1659 3350 1809 3418 ὅμως

213 3448 415 3519 αὐτὴν,
446 3447 707 3517 ἠνέσχετο
738 3444 839 3514 τῆς
872 3444 1163 3515 αἰτήσεως,
1214 3442 1385 3514 ⁴ᾔτησε
1437 3441 1493 3494 δὲ
1532 3441 1694 3495 αὑτὸν
1738 3441 1804 3511 τῇ

216 3540 490 3611 παιδίσκῃ
524 3537 775 3609 μιγῆναι,
802 3536 889 3588 ἵνα
920 3535 980 3588 τὸ
1004 3535 1063 3600 ἐξ
1092 3534 1263 3603 αὐτῆς
1298 3532 1566 3602 φυόμενον
1608 3533 1807 3584 οἰκεῖον

218 3632 545 3701 ἁποκαλέσῃ
581 3627 809 3682 παιδίον.
846 3627 1019 3680 Τοῦτο
1066 3626 1162 3679 καὶ
1202 3625 1296 3677 ἐπὶ
1328 3625 1428 3692 τῆς
1458 3623 1669 3693 Ζέλφας
1692 3622 1804 3693 (74)

214 3726 465 3795 ἐγένετο.
492 3721 660 3776 Πάλιν
697 3719 808 3790 γὰρ
850 3720 885 3788 ἡ
912 3718 1048 3772 Λεία
1086 3717 1412 3786 παυσαμένη
1443 3713 1538 3768 τοῦ
1578 3715 1804 3776 τίκτειν,

212 3816 580 3891 mimum
610 3812 775 3865 αὑτὸν
810 3811 892 3873 είς
916 3808 1133 3880 ἐκείνην
1171 3798 1392 3879 σπεῖραι
1411 3806 1507 3878 τὴν
1545 3805 1804 3877 ἄρουραν.

210 3911 416 3965 Ταῦτα
450 3907 560 3977 (75)
587 3903 908 3975 φιληδονίαν
940 3901 1038 3971 μὲν
1066 3899 1322 3969 οὐδεμίαν
1360 3899 1678 3964 αἰνίττεται,
1707 3898 1807 3968 τὴν

209 4003 274 4057 δὲ
302 3999 406 4053 τοῦ
443 3998 635 4068 ἀνδρὸς
663 3996 966 4050 ἐπιείκειαν
981 3994 1244 4058 δείκνυσι,
1269 3993 1364 4045 καὶ
1397 3991 1545 4054 ὅπως
1572 3992 1671 4054 τὰς
1708 4007 1808 4059 γυ·-

211 4099 424 4155 ναῐκας
474 4088 777 4152 ἐσπούδαζε
829 4084 1177 4158 θεραπεύειν.
1230 4083 1371 4155 Πρὸς
1399 4083 1458 4136 δὲ
1502 4082 1677 4152 τούτῳ
1708 4082 1809 4136 κά-

213 4190 382 4243 κεῖνο
410 4183 733 4253 σκοπητέον,
756 4182 839 4234 ὅτι
892 4178 1053 4247 νόμος
1083 4176 1255 4239 οὐδεὶς
1287 4174 1589 4255 τηνικαῦτα
1614 4170 1684 4245 ἦν
1708 4174 1810 4244 τὴν

217 4280 445 4345 πολυγα
455 4278 586 4347 μίαν
607 4273 854 4328 κωλύων.
885 4274 995 4336 Καὶ
1021 4271 1097 4333 ὡς
1124 4267 1462 4341 τρισολὸίους
1494 4266 1810 4338 ὑπελάμβα-

215 4391 317 4428 νον
348 4371 469 4423 τότε
494 4368 625 4430 τοὺς
679 4364 889 4418 πολλῶν
918 4362 1123 4416 παίδων
1147 4362 1498 4431 γιγνομένους
1539 4360 1806 4431 πατέρας.

1900 557 2044 597 sum.
2096 562 2115 595 ι

2316 654 2427 726 94
2454 652 2729 709 INTERR.
2773 652 3054 709 LXXXIV.

2137 768 2491 835 Quamobrem
2517 768 2685 823 Iacob
2720 772 2927 839 iuungit
2958 770 3192 839 lapidem
3210 774 3237 827 7

1970 860 2181 927 Quibus
2227 861 2408 929 petuit
2453 861 2634 927 donis,
2688 863 3260 918 munilicentissimum
3292 864 3480 920 Domi-

1899 969 2030 1008 num
2064 964 2442 1007 remuneratus
2469 961 2572 1006 est.
2602 950 2735 1006 Nam
2767 971 2888 1006 cum
2925 956 3190 1010 erexisset
3217 957 3475 1026 lapidem,

1900 1060 2061 1115 quem
2092 1045 2254 1114 capiti
2284 1054 2668 1114 supposuerat,
2700 1046 2943 1114 perfudit
2981 1061 3104 1100 eum
3149 1049 3289 1103 oleo.
3323 1048 3480 1115 Quod

1901 1138 2063 1193 etiam
2093 1152 2238 1191 nunc
2268 1137 2381 1190 ﬁeri
2412 1138 2587 1192 solere
2609 1139 2971 1207 comperimus
2997 1155 3023 1191 a
3052 1142 3335 1209 permultis
3359 1157 3480 1195 mu-

1903 1231 2165 1298 lierculis,
2198 1246 2321 1301 qua:
2372 1230 2601 1285 Domino
2650 1231 3019 1287 crediderunt.
3061 1231 3195 1287 Nam
3247 1250 3482 1290 consue-

1903 1333 2100 1379 verunt
2145 1324 2198 1378 in
2253 1324 2468 1393 templis
2521 1324 2718 1378 divinis
2774 1325 2893 1377 oleo
2946 1341 3149 1391 ungere
3196 1327 3479 1396 adytorum

1904 1417 2278 1482 caneellos,.et
2304 1425 2617 1471 sanctorum
2675 1426 2976 1487 martyrum
3016 1421 3220 1484 thecas,
3264 1419 3318 1470 ld
3353 1433 3480 1473 vero

1903 1508 2243 1564 demonstrat
2308 1510 2475 1563 animi
2534 1510 2813 1578 pietatem.
2874 1510 2990 1563 Non
3041 1512 3246 1580 respuit
3297 1523 3481 1565 autem

1902 1601 2064 1655 etiam
2099 1600 2323 1653 minima
2348 1599 2775 1669 benignissimus
2804 1599 3090 1663 Dominus,
3128 1612 3337 1670 gratam
3380 1603 3482 1656 ba-

1902 1692 2038 1746 bcns
2081 1691 2261 1762 operis
2290 1690 2669 1745 intentionem.

2394 1802 2675 1861 INTERR.
2730 1802 2993 1860 LXXXV.

1908 1915 2069 1969 Mufti
2095 1916 2197 1970 sibi
2223 1927 2519 1987 prwtexuut
2552 1920 2874 1992 occqsiouem
2914 1920 3145 1974 lasciviis
3183 1920 3321 1992 quod
3352 1938 3485 1992 qua-

2258 1999 2378 2041 tuor
2424 2005 2611 2044 uxores
2645 1990 2812 2044 Jucob
2845 1992 3106 2044 habuerit.

1988 2077 2430 2149 Uniuscujusque
2458 2082 2582 2135 iacti
2614 2097 2812 2150 scepns
2852 2081 3210 2151 inquiremlns
3257 2095 3359 2137 est.
3394 2083 3487 2137 Sic

1905 2174 2048 2227 enim
2083 2173 2412 2241 judicantes,
2461 2173 2797 2241 reperiemus
2848 2174 3066 2243 quidem
3121 2174 3485 2242 patriarcham

1904 2259 2162 2315 Jacohum
2202 2261 2303 2315 sibi
2341 2255 2644 2316 'Rachelem
2689 2277 2876 2316 amore
2908 2262 3200 2331 impulsum
3250 2264 3488 2332 despon-

1906 2367 2080 2416 sasse,
2115 2362 2168 2407 et
2200 2362 2392 2421 praeter
2421 2352 2589 2406 animi
2644 2355 2979 2406 voluntatem
3011 2352 3174 2406 Leam
3210 2354 3478 2423 attigisse.

1904 2440 2029 2496 Mox
2065 2441 2248 2511 igitur,
2296 2450 2357 2496 ut
2410 2441 2595 2495 dolum
2635 2442 2827 2503 sensit,
2876 2457 3019 2511 aegre
3064 2443 3205 2507 tulit,
3263 2453 3316 2497 et
3357 2459 3486 2498 cum

1906 2548 2095 2589 socero
2147 2544 2378 2603 questus
2408 2541 2511 2587 est.
2563 2532 2704 2587 Bal-te
2740 2549 2867 2587 vero
2903 2535 3201 2602 permistus
3234 2542 3337 2600 est,
3376 2550 3487 2589 non

1907 2624 2197 2693 voluptatis
2244 2625 2437 2693 gratia,
2479 2625 2571 2679 sed
2601 2635 2660 2679 ut
2693 2625 2981 2695 coniugem
3028 2626 3316 2679 solaretur.
3353 2624 3487 2679 Nam

1906 2731 2030 2771 cum
2062 2715 2260 2770 Rachel
2298 2717 2806 2786 angeretur,‘qnod
2846 2717 3034 2772 liberis
3062 2729 3296 2779 careret,
3330 2718 3488 2772 stoli-

1906 2809 2081 2879 dcque
2135 2808 2382 2864 diceret:
2440 2826 2458 2859 ι
2495 2807 2570 2863 Da
2623 2810 2757 2864 mihi
2823 2810 3040 2874 liberos,
3111 2811 3317 2879 alioqui
3366 2826 3485 2865 mo-

1908 2900 2016 2952 riar
2045 2908 2067 2937 ο
2096 2913 2112 2965 ;
2157 2916 2174 2949 ι
2215 2899 2300 2967 pie
2328 2898 2548 2968 quidem
2574 2899 2882 2969 objurgaxit
2908 2900 3051 2953 illam
3080 2901 3409 2968 patriarcha,
3437 2908 3492 2954 et

1906 2988 2110 3054 docuit,
2167 2987 2421 3057 quisnam
2474 2998 2620 3043 esset
2678 2999 2887 3045 natura:
2918 2993 3146 3043 Greater
3190 3007 3203 3043 :
3240 2998 3296 3044 et
3341 2990 3489 3060 quod

1909 3081 2114 3150 nuptiae
2160 3096 2266 3133 non
2293 3080 2515 3134 -darent
2560 3080 2781 3147 liberos,
2820 3081 2913 3135 sed
2947 3083 3041 3151 qni
3077 3081 3488 3152 nuptiiS'legem

1908 3175 2073 3237 dedit,
2110 3171 2274 3228 Deus.
2305 3172 2450 3227 Dixit
2490 3173 2635 3226 enim
2663 3173 2730 3225 ad
2797 3172 2985 3227 illam:
3039 3191 3057 3225 ι
3096 3171 3351 3242 Nunquid
3387 3189 3491 3243 ego

1908 3280 2030 3320 sum
2067 3265 2160 3318 tibi
2193 3279 2289 3333 pro
2324 3263 2452 3326 Deo,
2485 3263 2577 3334 qui
2621 3273 2671 3318 te
2704 3263 2881 3318 fructu
2910 3265 3115 3319 ventris
3141 3263 3441 3334 privavitd?
3464 3283 3486 3317 ι

1906 3355 2159 3411 Attamen
2212 3355 2322 3426 95
2367 3356 2516 3409 illaut
2586 3356 2804 3425 piacare
2866 3357 3077 3423 volens,
3136 3356 3489 3426 postulationi

1908 3448 2121 3504 annuit.
2163 3445 2397 3501 Petierat
2423 3447 2566 3500 enim
2601 3446 2670 3500 ab
2695 3461 2781 3510 eo,
2809 3454 2867 3499 nt
2893 3447 3104 3501 ancilla:
3135 3448 3491 3513 misceretur,

1908 3547 1968 3592 ut
1996 3551 2245 3606 puerum,
2302 3537 2394 3605 qui
2431 3552 2496 3591 ex
2532 3534 2622 3589 illa
2674 3547 3021 3599 nasceretur,
3054 3552 3213 3591 suum
3247 3546 3488 3591 voearet.

1907 3628 2055 3683 Idem
2080 3636 2135 3681 et
2165 3628 2217 3681 in
2248 3625 2448 3697 Zelpha
2474 3625 2720 3697 contigit.
2747 3627 2985 3682 Rursum
3024 3627 3170 3682 enim
3200 3626 3331 3691 Lca,
3362 3642 3491 3682 cum

1908 3735 2103 3792 parere
2146 3719 2418 3782 desiisset,
2460 3721 2669 3789 rogavit
2716 3734 2839 3774 eum
2889 3727 2949 3774 ut
2991 3719 3043 3774 in
3098 3735 3289 3790 agrum
3336 3720 3489 3775 illum

1909 3831 2094 3872 semen
2127 3815 2480 3870 immitteret:
2529 3816 2673 3886 quod
2704 3815 2923 3886 quidem
2958 3816 3161 3870 nullam
3210 3816 3490 3871 libidinem

1908 3910 2166 3976 denotat,
2210 3910 2305 3964 sed
2364 3909 2463 3962 viri
2526 3908 3027 3970 mansuetudinem,
3080 3908 3170 3973 qui
3223 3909 3493 3965 uxoribus

1911 3996 2175 4051 inservire
2223 3996 2494 4051 studebat.
2547 3994 2629 4048 Ad
2663 3994 2780 4048 haec
2819 3995 2985 4048 etiam
3037 3994 3171 4049 illud
3211 3995 3495 4052 adverten-

1910 4089 2039 4143 dum
2073 4098 2174 4152 est,
2230 4095 2359 4141 tunc
2404 4085 2666 4155 temporis
2704 4086 2941 4139 nomium
2976 4085 3146 4141 fuisse
3195 4088 3359 4142 ullam
3418 4088 3493 4143 le-

1910 4196 2051 4250 gem,
2085 4195 2206 4249 quae
2240 4179 2564 4247 multiplices
2602 4177 2815 4245 nuptias
2865 4176 3199 4246 prohiberet,
3247 4189 3301 4235 et
3344 4180 3492 4251 quod

1912 4270 2215 4326 felicissimi
2246 4278 2375 4323 tunc
2408 4268 2881 4334 existimabantur,
2907 4269 2999 4337 qui
3033 4269 3326 4323 multorum
3360 4271 3495 4325 Iibe-

1911 4379 2098 4418 rorum
2133 4374 2314 4433 patres
2354 4370 2529 4416 erant.
2573 4361 2636 4416 Et
2672 4362 2817 4431 quod
2863 4362 2968 4417 hoc
3002 4377 3190 4416 verum
3226 4363 3317 4426 sit,
3353 4361 3493 4417 divi-

220 4464 347 4517 Καὶ
373 4464 455 4514 ὅτι
499 4459 661 4512 τοῦτό
716 4459 866 4511 ἐστιν
920 4454 1136 4523 ἀληθὲς,
1167 4454 1225 4505 αἱ
1270 4452 1409 4505 θεῖαι
1448 4453 1818 4523 μαρτυροῦσιν

1923 4473 2005 4511 na:
2032 4456 2394 4512 testiﬁcantur
2421 4453 2834 4525 promissiones.
2867 4451 3001 4508 Nam
3028 4454 3337 4509 Abrahamo
3356 4453 3494 4508 dixit

219 4553 578 4623 ἐπαγγελίαι.
616 4550 707 4620 Τῷ
729 4551 838 4620 γὰρ
874 4546 1125 4619 Ἀϐραὰμ
1147 4547 1175 4597 ὁ
1202 4544 1314 4596 τῶν
1353 4545 1490 4597 ὅλων
1517 4544 1622 4616 ἔφη
1655 4545 1809 4609 Θεόςο

225 4667 249 4701 ι
289 4643 626 4714 ’Δνάὄλεψον
652 4644 733 4705 είς
755 4640 848 4694 τὸν
879 4638 1127 4709 οὐρανὸν,
1176 4636 1268 4689 καὶ
1298 4636 1376 4688 ἴδε
1404 4638 1531 4700 τοὺς
1553 4637 1810 4708 ἀστέρας,

323 4794 350 4822 ε
382 4783 523 4838 Gen.
558 4794 691 4843 xxx,
731 4777 785 4833 1.
870 4774 899 4815 τι
939 4774 1073 4829 ibid.
1102 4789 1303 4829 comm.
1339 4773 1395 4826 2.

1495 4785 1519 4814 ο
1552 4773 1690 4829 Gen.
1721 4793 1813 4843 xv,
1859 4779 1914 4834 ὅ.

1915 4550 2058 4605 Dens
2105 4549 2384 4604 omnium:
2442 4565 2460 4597 ι
2495 4546 2720 4615 Respice
2780 4546 2833 4600 in
2886 4546 3126 4610 omium,
3175 4555 3231 4600 et
3284 4546 3494 4600 intuere

1915 4642 2117 4717 stellas,
2151 4655 2280 4695 num
2324 4638 2527 4709 poteris
2555 4653 2650 4694 eas
2696 4652 2985 4693 numerare
3005 4648 3051 4692 ο.
3089 4657 3109 4691 ι
3168 4636 3233 4692 Et
3263 4637 3494 4708 subjun-

1128 4891 1362 4947 VA“IAE
1404 4885 1785 4951 LECTIONES
1813 4896 1907 4953 EX
1954 4894 2232 4953 CATENA
2269 4890 2619 4947 LIPSlENSI.

301 5019 326 5051 ⁷
358 5017 482 5073 Cat.
504 5031 560 5085 ρ.
582 5013 707 5070 551.
732 5011 791 5085 δν
820 5008 1093 5085 ὑπέθηκεν
1116 5006 1174 5085 ἐν
1204 5008 1269 5076 τῇ
1301 5022 1426 5085 usq».
1490 5005 1746 5085 “ﬂuam.
1776 5008 1825 5062 εξ

1913 5017 2049 5062 icat.
2082 5023 2133 5075 p.
2168 5004 2272 5060 566
2304 5005 2523 5074 ponitur
2549 5012 2672 5075 post
2692 5019 2787 5075 qu.
2818 5003 2906 5059 86.
2977 5006 2998 5037 ⁹
3028 5004 3144 5059 Cat.
3180 5019 3234 5075 p.
3276 5001 3403 5059 566.
3440 5019 3491 5058 τ.

222 5107 403 5161 πατρ.
439 5075 915 5158 μνηστευσάμενον
947 5075 1101 5149 μίαν,
1130 5075 1481 5153 ἀπατηθέντα
1518 5075 1595 5130 δέ.
1631 5079 1725 5141 Ὃς
1755 5081 1847 5131 καὶ
1875 5093 2207 5148 παραυτικα,
2238 5087 2341 5133 etc.

1753 5216 1980 5272 NOTAE.

310 5323 422 5391 (69)
450 5320 587 5376 Cod.
618 5315 808 5391 et
843 5312 1144 5391 γυναικῶν.

304 5384 423 5463 (70)
454 5393 586 5445 (Ζοιί.
610 5400 664 5463 e_t
839 5384 1143 5463 εὐσέὸειαν.
1251 5450 1288 5463 ﬁ
1335 5452 1346 5463 ι
1404 5450 1435 5463 η

308 5450 422 5535 ξπ)
452 5457 683 5527 Balli.
710 5455 921 5511 Nomen
981 5454 1192 5508 ancilla:
1249 5450 1493 5517 Ralielis,
1522 5465 1645 5521 qua:
1674 5450 1811 5507 Gen.

228 5572 389 5621 xxnx,
421 5553 618 5608 dicitur

311 5618 427 5733 (τί)
466 5618 849 5733 may-[£09.
887 5651 1021 5733 Gell.
1052 5658 1106 5705 et
1129 5648 1252 5733 Pici.
1278 5647 1539 5720 ἀνοήτως.

313 5717 428 5803 iis)
465 5717 668 5787 τέκνὶι.
698 5717 838 5782 Cod.
871 5731 927 5799 et
952 5721 1065 5777 Pic.
1098 5717 1312 5774 παιδία.

1997 5309 2111 5383 (74)
2139 5309 2567 5383 _Zé.152a¢._C0d.
2595 5265 3009 5383 ἀδελφᾶςὲμΡίο.
3043 5306 3272 5383 Δ-ελφᾶς.
3300 5304 3495 5383 Minus
3565 5284 3591 5348 ‘-

1922 5376 2102 5435 benef
2139 5376 2366 5436 Praestat
2414 5380 2472 5435 b.
2530 5383 2567 5435 l.
2618 5376 2778 5435 lectio
2834 5377 3232 5431 Sirmondiana.
3285 5376 3495 5430 Ancilla

1920 5470 2065 5525 enim
2111 5469 2257 5537 Leaa,
2314 5487 2438 5542 quae.
2482 5471 2617 5525 Gen.
2662 5487 2787 5525 xxxx
2991 5470 3210 5534 dicitur,
3255 5484 3285 5522 a
3332 5465 3492 5530 LXX,

1922 5574 2313 5647 interpretibus
2368 5588 2632 5631 vocantur
2668 5576 2870 5646 Ζελφὰ.
2929 5575 3238 5647 Legendum
3280 5573 3494 5637 videtur

1920 5643 2153 5710 Ζελφᾶς.

1994 5714 2108 5784 (75)
2137 5713 2324 5772 Ταῦτα
2381 5713 2557 5769 Deest.
