3878 6312
401 277 501 344 195

1385 258 1873 325 THEODORETI
1912 254 2249 319 EPISCOPI
2270 250 2635 317 CYRENSIS

3531 246 3651 315 196

396 394 503 446 xit:
541 408 559 440 ι
617 375 709 443 Si‘c
745 386 850 442 erit
886 368 1070 439 semen
1120 376 1331 433 tuumf.
1383 394 1401 426 ι
1437 374 1501 427 Et
1529 373 1765 427 iterum:
1796 389 1814 422 ι
1852 368 2011 429 Edim

2100 369 2143 418 :l~
2186 364 2388 435 δυνήσῃ
2444 340 2812 431 ἐξαριθμῆσαι
2854 355 3083 419 αὐτούς,
3130 373 3148 407 ι
3199 354 3292 408 καὶ
3335 356 3623 425 ἐπήγαγεν
3648 371 3667 385 ·

398 484 539 538 ciam
601 495 786 535 semen
839 484 990 528 tuum
1042 479 1102 522 ut
1148 482 1390 532 arenam,
1441 478 1563 534 qua!
1591 473 1674 519 est
1716 464 1769 517 in
1796 464 1976 516 littore

398 577 584 637 maris,
603 585 724 640 quae
748 583 854 621 non
882 572 1059 634 potest
1077 559 1352 615 numerari
1377 573 1486 628 prae
1509 555 1853 610 multitudine
1871 563 1919 606 8.
1953 572 1970 604 ι

400 664 540 718 Nihil
595 671 772 715 autem
821 657 924 709 tale
970 654 1044 707 illi
1097 651 1468 721 promisisset,
1540 648 1641 702 nisi
1698 647 1974 716 copiosam

403 753 641 811 soboieni
677 749 974 805 maximum
1011 745 1213 798 bonum
1263 756 1385 796 esse
1413 739 1799 794 existimasset.

883 1000 1160 1057 INTERR.
1200 995 1484 1050 LXXXVI.

592 1095 698 1150 Cur
728 1107 916 1146 uxores
957 1098 1140 1142 mutua
1164 1084 1425 1153 zelotypia
1466 1078 1815 1135 tenebantur?

470 1189 806 1258 Itnpert'ectze
836 1190 1008 1243 erant,
1055 1189 1109 1234 et
1141 1176 1377 1233 hominis
1409 1174 1561 1244 impii
1593 1172 1751 1225 tilias:
1789 1182 1982 1237 nempe

405 1283 497 1352 qui
533 1278 825 1335 sinutlacra
857 1273 989 1327 deos
1020 1268 1357 1324 nominabat.
1389 1265 1500 1319 Hac
1531 1264 1598 1319 de
1621 1277 1789 1316 causa
1812 1259 1978 1324 Deus,

404 1350 526 1427 cum
566 1372 707 1439 leges
738 1366 1020 1426 conderet,
1056 1362 1190 1416 tales
1213 1359 1428 1428 nuptias
1454 1354 1769 1426 prohibuit:
1809 1371 1827 1404 ι
1862 1350 1979 1406 Non

404 1461 659 1528 accipies,
693 1457 892 1526 inquit,
934 1467 1160 1509 uxorem
1196 1465 1360 1519 super
1390 1452 1635 1502 sororem
1668 1446 1786 1514 ejus
1816 1459 1983 1499 armu-

405 1557 511 1609 lam
553 1553 671 1622 ejus
693 1549 743 1602 h.
761 1567 779 1598 ι

831 1628 1562 1709 96!NTERR.LXXXVI1.
1646 1669 1649 1671 μ

649 1734 827 1800 Quare
859 1731 1138 1799 Scriptura
1172 1725 1404 1781 meminit
1454 1721 1753 1792 fortunwi?
1860 1747 1863 1750 ν

479 1829 699 1898 Propria
738 1834 865 1880 sunt
911 1836 1081 1877 sacra:
1126 1818 1446 1886 Scriptum,
1485 1815 1699 1884 eloquia
1749 1811 1987 1882 Spiritus

408 1921 600 1984 sancti,
630 1920 811 1973 divina
842 1921 1130 1985 pracepta,
1170 1912 1384 1980 piorum
1442 1908 1723 1961 hominum
1777 1905 1978 1959 verba:

410 2015 612 2083 reliqua
669 2021 849 2066 autem
919 2005 1184 2061 historico
1238 2016 1394 2056 more
1443 1998 1817 2070 proferuntur.
1868 1994 1985 2049 Non

407 2106 584 2159 solum
625 2102 787 2172 igitur
821 2113 1001 2154 sermo
1040 2096 1159 2165 ipse
1207 2094 1536 2161 spectandus
1570 2098 1673 2153 est,
1704 2090 1795 2143 sed
1825 2087 1988 2142 etiam

407 2212 530 2265 quae
578 2194 818 2263 loquitur
883 2204 1135 2260 persona.
1211 2186 1382 2240 Porro
1435 2185 1660 2239 verbum
1716 2194 1991 2251 prosperae

411 2289 644 2341 l‘ortume
692 2299 798 2338 non
845 2292 929 2337 est
982 2282 1208 2336 verbum
1255 2276 1463 2341 Jacobi,
1511 2275 1607 2331 sed
1656 2272 1843 2328 uxoris
1871 2272 1991 2340 ejus

411 2379 573 2433 Lean:
634 2393 776 2446 quze,
813 2383 874 2429 ut
903 2374 1036 2437 dixi,
1076 2373 1128 2425 in
1182 2370 1458 2437 impietate
1510 2366 1690 2420 fuerat
1737 2366 1988 2425 educata,

410 2482 463 2524 et
490 2484 682 2539 parum
714 2469 768 2521 in
803 2465 1001 2519 divinis
1048 2465 1317 2517 instituta.
1356 2458 1448 2513 Sic
1479 2470 1533 2512 et
1585 2468 1734 2528 pater
1768 2459 1888 2525 ejus
1919 2456 1994 2508 di.

413 2563 528 2617 xit:
574 2581 591 2613 ι
630 2561 941 2629 Auguratus
971 2553 1167 2612 sumi.
1205 2573 1223 2606 ι
1277 2555 1345 2606 At
1388 2552 1571 2605 divina
1617 2552 1695 2604 lex
1746 2551 1994 2621 prohibet

413 2654 656 2727 auguriis
689 2649 836 2706 utii.
876 2649 1055 2714 Quare
1088 2658 1247 2701 nemo
1297 2652 1463 2713 putet,
1516 2641 1827 2710 bujusmodi
1876 2655 1994 2694 ser-

414 2763 604 2803 mones
636 2759 756 2800 esse
788 2742 1083 2810 Scriptura:
1107 2735 1358 2794 divinas.‘
1378 2735 1657 2805 Siquidem
1689 2743 1898 2798 auctor,
1936 2742 1994 2786 ut

413 2843 504 2909 qui
546 2840 828 2894 historiam
869 2835 1096 2899 scribat,
1139 2835 1302 2888 verba
1337 2834 1552 2891 inserit.
1614 2844 1735 2899 quae
1790 2830 1857 2883 ab
1892 2828 1993 2883 im-

415 2932 521 3001 piis
552 2929 756 2997 prolata
787 2932 932 2979 sunt.
966 2923 1043 2977 lta
1076 2922 1459 2975 divinissimus
1490 2916 1665 2971 Moses
1694 2916 1858 2970 verba
1893 2923 1992 2983 p‘o-

416 3020 496 3073 nit
533 3015 836 3071 Pharaonis
875 3013 1221 3082 blasphemiae
1268 3013 1465 3080 plena:
1520 3028 1538 3060 ι
1573 3004 1689 3062 Non
1727 3006 1852 3060 novi
1887 3004 1995 3082 Do-f

2089 456 2307 519 ιΟὓτως
2332 455 2489 507 ἔσται
2515 452 2577 506 τὸ
2607 451 2832 520 σπέρμα
2854 466 2972 503 σου.
2996 466 3015 499 ι
3047 446 3157 501 Καὶ
3181 446 3362 501 πάλιν·
3392 465 3409 498 ι
3438 447 3676 517 Ποιήσω

2081 551 2139 601 τὸ
2181 548 2402 618 σπέρμα
2432 543 2643 610 σου,ὡς
2675 545 2709 613 ἡ
2742 543 2930 610 ἄμμος
2966 538 3076 608 (76)
3100 541 3133 608 ἡ
3176 540 3325 609 παρὰ
3366 539 3427 590 τὸ
3481 539 3678 607 χεῖλος

2082 642 2181 712 τῆς
2223 639 2522 706 θαλάσσης,
2562 635 2686 705 ἥτις
2727 633 2827 685 οὐκ
2874 629 3373 700 ὲξαριθμηθήσεται
3412 629 3519 681 ἀπὸ
3557 629 3675 682 τοῦ

2084 732 2342 804 πλήθους.
2371 750 2390 783 ι
2426 731 2539 783 Οὐκ
2562 727 2627 782 ἂν
2654 727 2711 780 δὲ
2742 725 2890 796 αὐτῷ
2926 723 3131 795 ταύτην
3163 722 3328 776 ἔδωκε
3376 722 3475 790 τὴν
3522 723 3678 774 ὑπό-

2087 842 2290 895 σχεσιν,
2348 826 2396 876 εί
2440 822 2515 893 μὴ
2561 820 2662 891 τὴν
2716 819 3044 887 πολυγονίαν
3106 817 3363 888 μέγιστον
3409 816 3676 887 ἐνόμιζεν

2084 914 2223 970 εἶναι
2256 916 2306 986 (7
2315 915 2365 986 7)
2397 911 2621 982 ἀγαθόν.

2676 1002 2874 1056 EPnr.
2921 1004 3066 1071 nq'.

2092 1090 2262 1165 Τίνος
2288 1099 2468 1169 χάριν
2500 1101 2560 1153 αἱ
2594 1101 2880 1170 γυναῖκες
2903 1094 3315 1162 ἐζηλοτύπουν
3344 1090 3633 1158 ἀλλήλας
3658 1106 3680 1154 ;

2169 1187 2401 1251 Ἀτελείς
2443 1181 2606 1258 ἦσαν,
2637 1189 2733 1241 καὶ
2770 1184 3067 1251 δυσσεϐοῦς
3109 1183 3304 1254 ἀνδρὸς
3338 1183 3679 1254 θυγατέρες,

2086 1280 2155 1334 τὰ
2198 1280 2362 1345 ξόανα
2402 1278 2559 1341 θεοὺς
2611 1280 2984 1351 ὀνομάζοντος.
3018 1275 3220 1331 Τούτου
3278 1279 3464 1329 ’ἐνεκεν
3503 1292 3685 1347 νομο-

2089 1371 2261 1424 θετῶν
2282 1373 2310 1424 6
2338 1370 2469 1436 Θεὸς
2508 1372 2598 1424 τὸν
2627 1371 2868 1425 τοιοῦτον
2897 1367 3235 1439 ἀπαγορεύει
3280 1366 3456 1437 γάμον
3481 1382 3496 1394 ⁸
3538 1385 3556 1417 ι
3585 1366 3677 1418 UO

2087 1465 2231 1536 λήψη
2256 1464 2387 1535 γὰρ,
2414 1462 2568 1535 φησὶ,
2588 1465 2825 1532 γυναῖκα
2841 1464 2928 1515 ἐπ’
2951 1461 3153 1532 ἀδελφῇ
3185 1459 3354 1531 αὐτῆς
3383 1455 3685 1529 ἀντίζηλον

2088 1573 2278 1625 αυτης.
2301 1575 2319 1606 ι

2700 1645 2895 1701 ΕΡΩΤ.
2926 1646 3051 1699 ΠΖ’.

2338 1737 2500 1793 Acad
2533 1739 2571 1806 ἡ
2606 1738 2819 1807 Γραφὴ
2851 1737 3145 1806 μέμνηται
3177 1736 3398 1803 τύχης;

2161 1830 2297 1883 Ἴδια
2330 1830 2443 1901 (78)
2482 1831 2581 1900 τῆς
2622 1829 2871 1900 Γραφῆς,
2908 1829 2977 1880 τὰ
3002 1828 3096 1881 τοῦ
3142 1827 3454 1898 πνεύματος
3484 1825 3681 1894 λόγια,

2093 1922 2148 1975 αἱ
2183 1920 2326 1974 θεῖαι
2354 1919 2650 1986 διατάξεις,
2680 1919 2788 1972 τῶν
2836 1917 3078 1971 εὐσεὸῶν
3134 1917 3437 1989 ἀνθρώπων
3461 1918 3533 1971 τὰ
3575 1919 3683 1988 ῥη-

2093 2029 2239 2082 ματα
2259 2027 2274 2042 ⁸
2305 2002 2372 2064 τὰ
2400 2012 2458 2063 δὲ
2500 2011 2638 2065 ἄλλα
2677 2010 2966 2082 ίστορικῶς
3009 2002 3181 2079 λέγειῖ
3213 2011 3335 2081 Χρὴ
3363 2010 3546 2062 τοίνυν
3603 2008 3691 2083 μὴ

2092 2104 2251 2174 μόνον
2296 2103 2589 2176 προσέχειν
2627 2103 2705 2174 τῷ
2740 2103 2908 2173 λόγῳ,
2951 2101 3089 2156 ἀλλὰ
3128 2103 3223 2157 καὶ
3280 2103 3358 2172 τῷ
3393 2103 3690 2174 προσώπῳ

2088 2192 2183 2246 τοῦ
2212 2192 2491 2261 λέγοντος.
2536 2191 2608 2245 Τὸ
2637 2193 2817 2245 τοίνυν
2849 2192 3137 2261 εὐτύχημα
3172 2176 3308 2263 (79),
3334 2193 3393 2244 οὐ
3433 2191 3527 2244 τοῦ
3572 2192 3691 2244 Ἰα-

2090 2283 2206 2338 κώϐ
2233 2287 2352 2338 ἔστι
2385 2286 2557 2357 ῥῆμα,
2592 2284 2729 2338 ἀλλὰ
2764 2284 2863 2352 τῆς
2893 2284 3059 2346 Λείας
3082 2285 3359 2352 γυναικὸς,
3396 2285 3473 2348 ὡς
3508 2284 3688 2354 ἔφην,

2092 2378 2149 2428 ὲν
2185 2376 2475 2448 δυσσεϐείᾳ
2518 2376 2840 2447 τραφείσης,
2893 2376 2986 2428 καὶ
3045 2375 3188 2428 κατὰ
3234 2374 3408 2448 βραχὺ
3452 2376 3519 2429 τὰ
3551 2375 3692 2429 θεία

2092 2467 2510 2536 παιδευομένης.
2572 2464 2728 2519 Οὕτω
2775 2467 2916 2520 καὶὸ
2952 2465 3157 2537 ταύτης
3202 2468 3384 2537 πατὴρ
3434 2466 3536 2538 ἔφη
3592 2468 3688 2533 τὸ,

2098 2578 2115 2609 ι
2142 2559 2512 2628 Οἰωνισάμην.
2547 2576 2566 2610 ι
2609 2557 2750 2610 Ἀλλ’
2777 2560 2805 2610 6
2833 2559 2976 2621 θεῖος
3006 2558 3342 2630 ἀπαγορεύει
3370 2559 3532 2630 νόμος
3556 2562 3691 2623 τοῖς

2092 2650 2302 2711 οἰωνοῖς
2353 2648 2674 2720 κεχρῆσθαι.
2712 2648 2920 2717 Μηδεὶς
2951 2644 3043 2702 οὖν
3086 2649 3198 2721 (80)
3238 2651 3367 2714 τοὺς
3399 2650 3689 2716 τοιούτους

2093 2742 2285 2809 λόγους
2305 2742 2404 2812 τῆς
2422 2741 2573 2805 θείας
2603 2740 2873 2812 νομιζέτω
2904 2740 3281 2813 (81)-Γραφῆς.
3313 2743 3395 2796 Τὰ
3424 2742 3533 2814 γὰρ
3556 2760 3685 2797 πα-

2096 2829 2165 2899 ρὰ
2191 2830 2297 2881 τῶν
2324 2830 2425 2883 οὐκ
2457 2828 2699 2883 εὐσεϐῶν
2723 2828 2991 2900 εἰρημένα
3015 2831 3231 2902 τίθησιν
3249 2835 3278 2886 6
3298 2835 3689 2902 συγγραφεὺς,

2094 2920 2190 2973 διτε
2219 2920 2282 2989 δὴ
2312 2922 2554 2991 ἱστορίαν
2595 2915 3020 2992 συγγράφων¹⁶⁹’
3045 2922 3189 2978 οὕτω
3209 2918 3451 2979 τέθεικεν
3475 2927 3503 2978 6
3527 2926 3691 2980 θειό-

2094 3028 2254 3075 τατος
2281 3014 2484 3082 Μωσῆς
2526 3014 2618 3066 καὶ
2639 3012 2734 3066 τοῦ
2756 3010 2959 3084 Φαραὼ
2987 3014 3080 3069 τὸν
3123 3015 3446 3088 βλάσφημον
3474 3018 3647 3087 λόγον
3668 3036 3685 3051 ·

417 3110 645 3171 miuum,
679 3116 732 3161 et
775 3105 940 3160 Israel
972 3120 1077 3158 non
1114 3078 1380 3158 dimitto‘.
1426 3121 1444 3153 ι
1480 3101 1549 3154 At
1576 3115 1682 3153 non
1708 3105 1792 3152 est
1823 3080 1989 3151 divini

2103 3123 2121 3154 ι
2152 3105 2264 3157 Οὐκ
2292 3100 2408 3158 οἶδα
2438 3078 2545 3158 ίτὸν
2587 3105 2813 3175 Κύριον,
2841 3078 2943 3160 οιαὶ
2969 3107 3060 3161 τὸν
3087 3078 3304 3181 Ἰσραὴλ
3327 3078 3448 3165 ὀὐκ
3472 3078 3687 3176 ἐξαπο-

415 3201 650 3270 Spiritus
682 3199 770 3252 hic
818 3212 1019 3261 sermo,
1073 3196 1165 3250 sed
1202 3197 1344 3265 regis
1390 3193 1563 3262 impii.
1597 3190 1799 3245 Eodem
1832 3189 1991 3243 modo

417 3306 633 3346 rursum
686 3288 938 3343 audimus
994 3286 1365 3341 Scnnacberib
1417 3285 1728 3341 dicentem:
1787 3300 1805 3332 ι
1837 3278 1914 3332 Ne
1943 3289 1993 3333 te

418 3383 649 3452 decipiat
682 3382 823 3436 Deus
859 3390 1006 3444 tuus,
1042 3379 1096 3433 in
1136 3394 1247 3448 quo
1277 3377 1550 3433 conlidisti
1583 3377 1773 3430 dicens
1800 3391 1813 3428 :
1844 3373 1994 3426 Libe-

418 3479 559 3532 rabit
593 3477 853 3530 Dominus
881 3473 1180 3529 Jerusalem
1222 3472 1289 3525 de
1325 3486 1488 3523 manu
1518 3484 1636 3525 mea
1657 3480 1720 3522 ιιι.
1760 3485 1780 3519 ι
1818 3465 1992 3521 Cane-

421 3586 538 3625 rum
593 3584 700 3623 non
749 3569 1012 3623 discimus
1060 3565 1185 3619 inde
1231 3562 1627 3633 blasphemare,
1675 3560 1770 3615 sed
1814 3560 1994 3630 potius

420 3660 814 3737 blasphemiam
854 3660 1136 3714 damnare.

860 3829 1159 3894 ἸΝΤΕΒΒ.
1192 3833 1522 3889 LXXXVI“.

421 3934 578 4004 Atqui
610 3931 784 4004 Jacob_
810 3932 920 4000 ipse
948 3931 1090 4004 dixit
1110 3928 1177 3981 ad
1207 3927 1472 4004 Labanem
1495 3942 1513 3979 :
1550 3945 1570 3977 ι
1598 3923 1878 3981 Benedixit
1905 3926 1997 3981 tibi

757 4002 1009 4054 Dominus
1041 3999 1100 4052 ob
1131 4000 1308 4068 pedem
1337 4015 1506 4052 meum
1525 4005 1573 4052 ο.
1610 4016 1629 4049 ι

493 4098 649 4154 Clara
691 4105 773 4151 est
806 4096 969 4166 hujus
999 4094 1128 4149 dicti
1160 4092 1449 4147 Sententia.
1493 4090 1693 4146 Pedem
1725 4089 1873 4145 enim
1901 4108 1999 4147 vo-

422 4194 566 4245 cavit
594 4191 882 4244 adventum
910 4206 922 4242 :
948 4187 1171 4257 perinde
1199 4200 1264 4239 ac
1284 4186 1327 4238 si
1356 4184 1607 4249 dixisset,
1635 4183 1745 4253 97
1772 4183 2000 4254 Propter

423 4285 711 4337 adventum
768 4296 969 4346 meum,
1023 4288 1076 4332 et
1121 4276 1542 4333 sollicitudinem
1591 4291 1803 4343 meam,
1855 4276 1998 4334 Deus

424 4375 522 4429 tibi
554 4375 694 4430 bona
736 4371 1052 4441 impertivit.
1096 4370 1185 4423 llle
1234 4369 1380 4423 enim
1414 4368 1852 4425 animadvertens
1882 4370 1999 4441 pie-

424 4477 592 4522 tatem
635 4482 833 4529 meam,
881 4461 1197 4518 omnimoda
1242 4461 1622 4517 benedictione
1678 4471 2000 4532 prosecutus

422 4569 506 4617 est
533 4575 619 4625 ea,
653 4574 772 4629 quae
806 4557 904 4612 abs
934 4567 986 4609 te.
1006 4554 1139 4609 mihi
1169 4554 1464 4615 commissa
1496 4559 1646 4611 sunt.

2100 3196 2304 3249 στέλλω
2334 3195 2467 3263 (8:2).
2495 3216 2513 3248 ι
2559 3198 2701 3250 Ἀλλ’
2728 3198 2788 3251 οὐ
2818 3196 2914 3251 τοῦ
2937 3197 3084 3252 θείου
3124 3201 3441 3274 Πνεύματος
3461 3195 3626 3268 οὗτος
3657 3203 3688 3256 6

2097 3285 2272 3354 λόγος.
2315 3286 2454 3340 ἀλλὰ
2490 3287 2585 3341 τοῦ
2639 3287 2932 3352 δυσσεϐοῦς
2971 3288 3253 3358 βασιλέως.
3308 3291 3465 3346 Οὕτω
3509 3293 3688 3347 πάλιν

2098 3379 2370 3448 ἀκούομεν
2406 3377 2503 3432 τοῦ
2556 3380 2901 3451 Σεναχηρεὶμ
2944 3383 3216 3451 λέγοντος·
3253 3385 3386 3454 (Μή
3418 3400 3477 3436 σε
3530 3384 3690 3438 ἁπα-

2098 3469 2241 3522 τάτω
2271 3473 2299 3523 6
2329 3469 2460 3534 Θεός
2490 3487 2583 3524 σου
2613 3473 2699 3542 ἐφ’
2727 3467 2773 3540 ᾧ
2798 3477 2861 3530 σὺ
2893 3476 3164 3541 πέποιθας
3187 3477 3275 3530 ἐπ’
3295 3475 3466 3547 αὐτῷ,
3498 3476 3687 3544 λέγων

2099 3562 2180 3613 ὅτι
2210 3560 2459 3616 Ῥύσεται
2489 3563 2691 3636 Κύριος
2711 3566 3177 3641 τὴνῚερουσαλὴμ
3208 3570 3271 3622 ὲκ
3291 3567 3471 3639 χειρός
3501 3584 3636 3639 μου.
3661 3589 3681 3620 ι

2112 3652 2254 3705 Ἀλλ’
2299 3652 2360 3706 οὐ
2405 3648 2744 3726 βλασφημεῖν
2794 3660 3046 3714 ἐντεῦθεν
3112 3659 3477 3731 μανθάνομεν,
3533 3659 3687 3714 ἀλλὰ

2104 3742 2452 3816 βλασφημίας
2479 3752 2830 3819 κατηγορεῖν.

2701 3842 2898 3898 ΕΡΩΤ.
2935 3846 3066 3898 ΠΗθ.

2116 3926 2296 3982 Ἀλλὰ
2316 3927 2415 3983 καὶ
2444 3930 2626 3996 αὐτὸς
2651 3934 2684 3986 ό
2714 3933 2917 3989 Ἰακὼὸ
2940 3934 3058 4005 ἔφη
3091 3935 3173 4002 τῷ
3195 3932 3416 3990 Λάϐαν·
3453 3934 3686 3990 «E1516-

2112 4019 2133 4041 ⁵
2311 4021 2468 4091 γησέ
2490 4036 2563 4077 σε
2588 4025 2804 4093 Κύριος
2825 4026 2924 4080 ἐπὶ
2972 4027 3053 4094 τῷ
3093 4027 3235 4082 ποδί
3250 4044 3390 4096 μου.
3441 4044 3459 4076 ι

2173 4111 2316 4184 Δήλη
2354 4114 2447 4167 τοῦ
2485 4115 2652 4187 ῥητοῦ
2682 4119 2716 4188 ἡ
2755 4118 2985 4176 διάνοια.
3026 4122 3173 4175 Πόδα
3199 4122 3308 4191 γὰρ
3330 4119 3429 4188 τὴν
3466 4135 3685 4190 παρου-

2108 4201 2230 4257 σίαν
2269 4205 2562 4261 ὲκάλεσενυ
2595 4209 2717 4263 ἀντὶ
2754 4210 2872 4277 τοῦ,
2911 4212 3002 4266 διὰ
3036 4212 3136 4283 τῆς
3181 4213 3320 4282 ἐμῆς
3347 4210 3681 4281 παρουσίας.

2105 4295 2321 4366 καὶτῆς
2349 4297 2489 4368 ἐμῆς
2514 4300 2859 4372 κηδεμονίας,
2889 4302 2996 4356 τῶν
3037 4303 3330 4357 θεοσδότων
3355 4302 3686 4371 ἀπήλαυσας

2107 4385 2349 4454 ἀγαθῶν.
2383 4389 2476 4453 Εἰς
2497 4392 2607 4463 γὰρ
2635 4394 2737 4465 τὴν
2765 4392 2906 4466 ὲμὴν
2920 4395 3200 4450 εὐσέϐειαν
3225 4395 3444 4464 ἀφορῶν
3476 4395 3504 4447 6
3522 4394 3680 4458 Θεὸς,

2104 4477 2196 4636 ἐξ
2229 4480 2638 4549 ἐγχειρισθέντα
2687 4502 2776 4554 μοι
2830 4485 2982 4557 παρὰ
3047 4484 3144 4539 σοῦ
3191 4486 3373 4558 πάσης
3423 4485 3683 4553 εὐλογίας

2194 4585 2360 4624 ωσεν.

2194 4585 2360 4624 ιωσεν.

504 4694 525 4734 ί
555 4695 690 4780 Gen.
722 4708 893 4780 ιξτιι.
930 4692 1017 4780 ιβ.
1097 4689 1284 4780 GnGen.
1315 4706 1451 4780 IX‘XTIII‘,
1486 4690 1575 4744 i7.
1654 4691 1686 4732 h
1744 4691 1919 4780 luerit.
1956 4713 2011 4752 xv

2100 4705 2240 4780 .18.
2323 4709 2338 4748 ί
2373 4708 2506 4764 Gen.
2548 4726 2676 4773 xxx,
2720 4712 2804 4765 ii.
2888 4711 2902 4762 ι
2945 4711 3077 4767 Gen.
3114 4728 3244 4780 xxx,
3274 4712 3361 4768 Ξῖ.
3445 4709 3472 4750 ιτ
3506 4692 3682 4767 Levit.

428 4782 544 4832 xix,
601 4766 692 4823 5|.
773 4762 792 4803 ι
826 4763 998 4817 Exod.
1029 4778 1084 4826 ν,
1117 4761 1173 4815 2.
1246 4770 1284 4791 ιιι
1317 4759 1380 4813 IV
1398 4759 1531 4830 Reg.
1564 4777 1717 4827 xvut,
1746 4761 1816 4816 30
1841 4778 1993 4837 seqq.

2076 4779 2104 4807 ³³
2133 4773 2271 4832 Gen.
2302 4793 2434 4843 xxx,
2475 4780 2565 4834 50.

1313 4888 1550 4944 VARIE
1590 4886 1974 4950 LECTIONES
2003 4897 2097 4953 EX
2130 4902 2407 4962 CATENA
2440 4908 2796 4966 LlPSlENSl.

506 5037 548 5070 ⁶⁰
567 5036 684 5094 Cat.
712 5050 767 5105 p.
791 5032 917 5091 368.
948 5030 1451 5103 τὰ--συγγράφων
1482 5045 1593 5085 om.

526 5268 615 5339 76)
640 5266 776 5339 God.
801 5264 1122 5339 etAPieazijv
1144 5263 1350 5330 ἄμμον,
1376 5261 1497 5332 τήν.

525 5334 613 5403 Π)
641 5334 830 5393 Εἶναι.
859 5337 1039 5392 Desid.

430 5399 816 5536 ηὴεξῇιδια.
849 5407 984 5463 Cod.
1014 5415 1069 5461 et
1091 5404 1205 5462 Pic.
1225 5406 1334 5473 διά,
1365 5419 1431 5459 ex
1458 5414 1665 5467 errore,
1687 5399 1998 5470 utvidetnr,

454 5500 468 5535 ί
511 5496 664 5534 rant.

454 5496 664 5535 iurant.

504 5550 620 5618 (79)
651 5549 996 5617 Εὺτύχημα.
1043 5548 1123 5600 Ita
1167 5559 1391 5618 quoque
1430 5543 1562 5615 legit
1599 5541 1773 5618 Picus
1821 5557 1877 5618 ιι.

425 5615 627 5688 Codex,
648 5615 1023 5673 autemhabet
1052 5615 1355 5688 εὐτύχημα,
1391 5631 1513 5688 qua:
1539 5616 1817 5688 etiam_est
1842 5615 1999 5688 lectio

432 5704 569 5747 mss.
600 5687 929 5746 Oxoniensis
956 5679 1449 5757 etedit.Gdinplui.
1477 5687 1533 5741 in
1565 5687 1684 5741 loco
1710 5679 1817 5735 isto
1848 5681 1985 5741 Gen.

1934 5152 2169 5213 ΝΟΤΑΞ.

2101 5288 2232 5355 ειη,
2267 5288 2329 5355 u,
2359 5276 2763 5355 utLa_mb..Bos
2802 5282 2856 5337 in
2876 5298 2994 5338 var.
3027 5282 3152 5339 lect.
3179 5283 3247 5355 ad
3276 5283 3332 5338 Ιι.
3358 5282 3393 5338 1.
3426 5283 3659 5355 monuit.

2099 5340 2157 5424 In
2181 5346 2429 5424 versione
2458 5348 2568 5424 τῶν
2595 5349 2649 5424 Q’
2681 5355 3072 5424 exstantverba
3091 5355 3148 5424 ἐν
3168 5353 3326 5424 τύχῃ,
3350 5355 3490 5424 unde
3539 5354 3666 5410 iliu-

2099 5418 2527 5492 stranturverba
2544 5417 2705 5492 hujus
2733 5407 3081 5489 Questionis,
3108 5423 3194 5479 διὰ
3233 5407 3612 5492 ίέίῗ-’τύχηςέ-ἰ

2170 5483 2281 5552 (80)
2319 5480 2702 5545 061*.(Iod:et
2736 5480 2849 5546 Pic.
2885 5480 3087 5547 τοίνυν.

2307 5556 2619 5644 ἐξορίζει-τῳ..
2646 5562 2852 5644 Comet
2879 5562 2994 5644 Pio.
3008 5562 3353 5644 pramittunt
3388 5556 3555 5622 εἶναι,

2170 5622 2280 5693 (8:!)
2306 5622 2439 5680 Cod.
2473 5638 2526 5682 et
2552 5626 2668 5685 Pic.
2701 5622 3062 5697 ἐξαποστελῶ.
