  <div class='ocr_page' id='page_1' title='image "/cluster/home/n/w/nwhite01/storage/ocr_20150623/80/pst.000005712793/108.png"; bbox 0 0 3876 6310; ppageno 0'>
   <div class='ocr_carea' id='block_1_1' title="bbox 165 336 257 403">
    <p class='ocr_par' dir='ltr' id='par_1_1' title="bbox 165 336 257 403">
     <span class='ocr_line' id='line_1_1' title="bbox 165 336 257 403; baseline -0.033 -2"><span class='ocrx_word' id='word_1_1' title='bbox 165 336 257 403; x_wconf 79' lang='grc' dir='ltr'><strong>19Ί</strong></span> 
     </span>
    </p>
   </div>
   <div class='ocr_carea' id='block_1_2' title="bbox 761 448 1136 504">
    <p class='ocr_par' dir='ltr' id='par_1_2' title="bbox 761 448 1136 504">
     <span class='ocr_line' id='line_1_2' title="bbox 761 448 1136 504; baseline 0.003 -1"><span class='ocrx_word' id='word_1_2' title='bbox 761 448 957 503; x_wconf 75' lang='grc' dir='ltr'><strong>ΕΡΩΤ.</strong></span> <span class='ocrx_word' id='word_1_3' title='bbox 1007 448 1136 504; x_wconf 81' lang='grc' dir='ltr'><strong>ΙΙΘ’.</strong></span> 
     </span>
    </p>
   </div>
   <div class='ocr_carea' id='block_1_3' title="bbox 168 560 1753 634">
    <p class='ocr_par' dir='ltr' id='par_1_3' title="bbox 168 560 1753 634">
     <span class='ocr_line' id='line_1_3' title="bbox 168 560 1753 634; baseline -0.006 -11"><span class='ocrx_word' id='word_1_4' title='bbox 168 569 328 634; x_wconf 77' lang='grc' dir='ltr'>Τίνος</span> <span class='ocrx_word' id='word_1_5' title='bbox 387 563 607 621; x_wconf 76' lang='grc' dir='ltr'>ἕνεκεν</span> <span class='ocrx_word' id='word_1_6' title='bbox 658 560 766 631; x_wconf 69' lang='grc' dir='ltr'>τὰς</span> <span class='ocrx_word' id='word_1_7' title='bbox 801 562 1072 634; x_wconf 75' lang='grc' dir='ltr'>ῥάϐδους</span> <span class='ocrx_word' id='word_1_8' title='bbox 1112 562 1403 634; x_wconf 49' lang='grc' dir='ltr'><strong>Δᾳῑεπίσιις</strong></span> <span class='ocrx_word' id='word_1_9' title='bbox 1460 562 1753 616; x_wconf 76' lang='grc' dir='ltr'><strong>πίνουσιν</strong></span> 
     </span>
    </p>
   </div>
   <div class='ocr_carea' id='block_1_4' title="bbox 592 631 1336 703">
    <p class='ocr_par' dir='ltr' id='par_1_4' title="bbox 592 631 1336 703">
     <span class='ocr_line' id='line_1_4' title="bbox 592 631 1336 703; baseline 0.007 -13"><span class='ocrx_word' id='word_1_10' title='bbox 592 635 775 703; x_wconf 75' lang='grc' dir='ltr'>ἔθηκε</span> <span class='ocrx_word' id='word_1_11' title='bbox 808 631 948 699; x_wconf 71' lang='grc' dir='ltr'>τοῖς</span> <span class='ocrx_word' id='word_1_12' title='bbox 974 631 1292 699; x_wconf 78' lang='grc' dir='ltr'>προϐάτοις</span> <span class='ocrx_word' id='word_1_13' title='bbox 1316 647 1336 695; x_wconf 85' lang='grc'><em>;</em></span> 
     </span>
    </p>
   </div>
   <div class='ocr_carea' id='block_1_5' title="bbox 239 723 1756 801">
    <p class='ocr_par' dir='ltr' id='par_1_5' title="bbox 239 723 1756 801">
     <span class='ocr_line' id='line_1_5' title="bbox 239 723 1756 801; baseline -0.004 -18"><span class='ocrx_word' id='word_1_14' title='bbox 239 730 455 801; x_wconf 85' lang='grc' dir='ltr'>Ὠσπερ</span> <span class='ocrx_word' id='word_1_15' title='bbox 489 727 735 798; x_wconf 75' lang='grc' dir='ltr'><strong>ἠγάγετο</strong></span> <span class='ocrx_word' id='word_1_16' title='bbox 771 724 885 796; x_wconf 84' lang='grc'><strong>(85)</strong></span> <span class='ocrx_word' id='word_1_17' title='bbox 928 726 1030 796; x_wconf 72' lang='grc' dir='ltr'>μὲν</span> <span class='ocrx_word' id='word_1_18' title='bbox 1056 726 1324 792; x_wconf 81' lang='grc' dir='ltr'>γυναῖκας</span> <span class='ocrx_word' id='word_1_19' title='bbox 1363 723 1756 794; x_wconf 61' lang='grc' dir='ltr'>παιδοωιῆσαι</span> 
     </span>
    </p>
   </div>
   <div class='ocr_carea' id='block_1_6' title="bbox 172 813 1759 889">
    <p class='ocr_par' dir='ltr' id='par_1_6' title="bbox 172 813 1759 889">
     <span class='ocr_line' id='line_1_6' title="bbox 172 813 1759 889; baseline -0.008 -9"><span class='ocrx_word' id='word_1_20' title='bbox 172 823 360 888; x_wconf 73' lang='grc' dir='ltr'>ποθῶν,</span> <span class='ocrx_word' id='word_1_21' title='bbox 429 821 537 877; x_wconf 78' lang='grc' dir='ltr'><strong>οὐκ</strong></span> <span class='ocrx_word' id='word_1_22' title='bbox 575 822 638 873; x_wconf 82' lang='grc' dir='ltr'>ὲν</span> <span class='ocrx_word' id='word_1_23' title='bbox 694 817 773 889; x_wconf 82' lang='grc' dir='ltr'>τῷ</span> <span class='ocrx_word' id='word_1_24' title='bbox 823 818 990 888; x_wconf 82' lang='grc' dir='ltr'>γάμῳ</span> <span class='ocrx_word' id='word_1_25' title='bbox 1044 816 1103 870; x_wconf 86' lang='grc' dir='ltr'>δὲ</span> <span class='ocrx_word' id='word_1_26' title='bbox 1138 813 1253 886; x_wconf 81' lang='grc' dir='ltr'>εἶχε</span> <span class='ocrx_word' id='word_1_27' title='bbox 1303 815 1402 887; x_wconf 77' lang='grc' dir='ltr'>τὴν</span> <span class='ocrx_word' id='word_1_28' title='bbox 1434 815 1625 869; x_wconf 73' lang='grc' dir='ltr'>ἐλπίδα</span> <span class='ocrx_word' id='word_1_29' title='bbox 1657 816 1759 887; x_wconf 79' lang='grc' dir='ltr'>τῆς</span> 
     </span>
    </p>
   </div>
   <div class='ocr_carea' id='block_1_7' title="bbox 171 906 1750 987">
    <p class='ocr_par' dir='ltr' id='par_1_7' title="bbox 171 906 1750 987">
     <span class='ocr_line' id='line_1_7' title="bbox 171 906 1750 987; baseline -0.007 -17"><span class='ocrx_word' id='word_1_30' title='bbox 171 914 533 976; x_wconf 71' lang='grc' dir='ltr'>παιδοποιίας,</span> <span class='ocrx_word' id='word_1_31' title='bbox 589 910 710 965; x_wconf 83' lang='grc' dir='ltr'>ἀλλ’</span> <span class='ocrx_word' id='word_1_32' title='bbox 750 912 810 963; x_wconf 82' lang='grc' dir='ltr'><strong>ὲν</strong></span> <span class='ocrx_word' id='word_1_33' title='bbox 855 907 931 978; x_wconf 81' lang='grc' dir='ltr'>τῷ</span> <span class='ocrx_word' id='word_1_34' title='bbox 959 906 1054 960; x_wconf 82' lang='grc' dir='ltr'>τοῦ</span> <span class='ocrx_word' id='word_1_35' title='bbox 1083 908 1262 978; x_wconf 79' lang='grc' dir='ltr'>γάμου</span> <span class='ocrx_word' id='word_1_36' title='bbox 1315 906 1750 987; x_wconf 46' lang='grc' dir='ltr'>νομοθέτλθεῷ·</span> 
     </span>
    </p>
   </div>
   <div class='ocr_carea' id='block_1_8' title="bbox 170 997 1750 1073">
    <p class='ocr_par' dir='ltr' id='par_1_8' title="bbox 170 997 1750 1073">
     <span class='ocr_line' id='line_1_8' title="bbox 170 997 1750 1073; baseline -0.006 -14"><span class='ocrx_word' id='word_1_37' title='bbox 170 1005 302 1059; x_wconf 81' lang='grc' dir='ltr'>οὓτω</span> <span class='ocrx_word' id='word_1_38' title='bbox 337 1006 439 1058; x_wconf 72' lang='grc' dir='ltr'><strong>καὶ</strong></span> <span class='ocrx_word' id='word_1_39' title='bbox 460 1000 827 1073; x_wconf 68' lang='grc' dir='ltr'>τὰςαράϐδους</span> <span class='ocrx_word' id='word_1_40' title='bbox 862 999 1136 1064; x_wconf 82' lang='grc' dir='ltr'>ὲλέπισεν,</span> <span class='ocrx_word' id='word_1_41' title='bbox 1167 999 1230 1051; x_wconf 81' lang='grc' dir='ltr'>οὐ</span> <span class='ocrx_word' id='word_1_42' title='bbox 1251 998 1482 1061; x_wconf 81' lang='grc' dir='ltr'><strong>ταύταις</strong></span> <span class='ocrx_word' id='word_1_43' title='bbox 1513 997 1750 1068; x_wconf 70' lang='grc' dir='ltr'>θαρρῶν,</span> 
     </span>
    </p>
   </div>
   <div class='ocr_carea' id='block_1_9' title="bbox 171 1088 1756 1168">
    <p class='ocr_par' dir='ltr' id='par_1_9' title="bbox 171 1088 1756 1168">
     <span class='ocr_line' id='line_1_9' title="bbox 171 1088 1756 1168; baseline -0.009 -13"><span class='ocrx_word' id='word_1_44' title='bbox 171 1100 298 1155; x_wconf 75' lang='grc' dir='ltr'>ἀλλὰ</span> <span class='ocrx_word' id='word_1_45' title='bbox 327 1099 432 1168; x_wconf 79' lang='grc' dir='ltr'>τὴν</span> <span class='ocrx_word' id='word_1_46' title='bbox 490 1095 646 1150; x_wconf 88' lang='grc' dir='ltr'>θείαν</span> <span class='ocrx_word' id='word_1_47' title='bbox 694 1091 1022 1163; x_wconf 75' lang='grc' dir='ltr'>ἐπικουρίαν</span> <span class='ocrx_word' id='word_1_48' title='bbox 1076 1089 1424 1162; x_wconf 82' lang='grc' dir='ltr'><strong>προσμένων.</strong></span> <span class='ocrx_word' id='word_1_49' title='bbox 1454 1088 1617 1143; x_wconf 82' lang='grc' dir='ltr'><strong>’Ὅθεν</strong></span> <span class='ocrx_word' id='word_1_50' title='bbox 1662 1089 1756 1142; x_wconf 71' lang='grc' dir='ltr'><strong>καὶ</strong></span> 
     </span>
    </p>
   </div>
   <div class='ocr_carea' id='block_1_10' title="bbox 169 1181 1758 1263">
    <p class='ocr_par' dir='ltr' id='par_1_10' title="bbox 169 1181 1758 1263">
     <span class='ocr_line' id='line_1_10' title="bbox 169 1181 1758 1263; baseline -0.008 -17"><span class='ocrx_word' id='word_1_51' title='bbox 169 1194 259 1263; x_wconf 80' lang='grc' dir='ltr'><strong>τῆς</strong></span> <span class='ocrx_word' id='word_1_52' title='bbox 286 1191 441 1251; x_wconf 80' lang='grc' dir='ltr'>θείας</span> <span class='ocrx_word' id='word_1_53' title='bbox 489 1186 817 1257; x_wconf 70' lang='grc' dir='ltr'>ἐπιφανείας</span> <span class='ocrx_word' id='word_1_54' title='bbox 848 1185 1141 1254; x_wconf 84' lang='grc' dir='ltr'><strong>τετύχηκε,</strong></span> <span class='ocrx_word' id='word_1_55' title='bbox 1178 1183 1276 1235; x_wconf 75' lang='grc' dir='ltr'><strong>καὶ</strong></span> <span class='ocrx_word' id='word_1_56' title='bbox 1306 1181 1561 1251; x_wconf 79' lang='grc' dir='ltr'>λέγοντος</span> <span class='ocrx_word' id='word_1_57' title='bbox 1594 1181 1758 1252; x_wconf 73' lang='grc' dir='ltr'>ἠκου-</span> 
     </span>
    </p>
   </div>
   <div class='ocr_carea' id='block_1_11' title="bbox 174 1267 1759 1346">
    <p class='ocr_par' dir='ltr' id='par_1_11' title="bbox 174 1267 1759 1346">
     <span class='ocr_line' id='line_1_11' title="bbox 174 1267 1759 1346; baseline -0.009 -12"><span class='ocrx_word' id='word_1_58' title='bbox 174 1300 257 1334; x_wconf 79' lang='grc' dir='ltr'><strong>σεν</strong></span> <span class='ocrx_word' id='word_1_59' title='bbox 288 1298 302 1314; x_wconf 79' lang='grc' dir='ltr'><strong>ο</strong></span> <span class='ocrx_word' id='word_1_60' title='bbox 343 1300 362 1332; x_wconf 75' lang='grc' dir='ltr'><strong>ι</strong></span> <span class='ocrx_word' id='word_1_61' title='bbox 414 1276 893 1346; x_wconf 73' lang='grc' dir='ltr'>’Δνάϐλεψονιτοῖς</span> <span class='ocrx_word' id='word_1_62' title='bbox 915 1272 1218 1343; x_wconf 80' lang='grc' dir='ltr'><strong>ὀφθαλμοῖς</strong></span> <span class='ocrx_word' id='word_1_63' title='bbox 1249 1286 1368 1334; x_wconf 76' lang='grc' dir='ltr'>σου,</span> <span class='ocrx_word' id='word_1_64' title='bbox 1405 1271 1501 1323; x_wconf 71' lang='grc' dir='ltr'>καὶ</span> <span class='ocrx_word' id='word_1_65' title='bbox 1534 1269 1611 1322; x_wconf 84' lang='grc' dir='ltr'><strong>ῖδε</strong></span> <span class='ocrx_word' id='word_1_66' title='bbox 1633 1267 1759 1330; x_wconf 78' lang='grc' dir='ltr'>τοὺς</span> 
     </span>
    </p>
   </div>
   <div class='ocr_carea' id='block_1_12' title="bbox 172 1356 1760 1444">
    <p class='ocr_par' dir='ltr' id='par_1_12' title="bbox 172 1356 1760 1444">
     <span class='ocr_line' id='line_1_12' title="bbox 172 1356 1760 1444; baseline -0.009 -19"><span class='ocrx_word' id='word_1_67' title='bbox 172 1374 398 1444; x_wconf 77' lang='grc' dir='ltr'>τράγους</span> <span class='ocrx_word' id='word_1_68' title='bbox 429 1412 446 1435; x_wconf 86' lang='grc'><strong>,</strong></span> <span class='ocrx_word' id='word_1_69' title='bbox 491 1370 587 1423; x_wconf 71' lang='grc' dir='ltr'><strong>καὶ</strong></span> <span class='ocrx_word' id='word_1_70' title='bbox 638 1368 766 1430; x_wconf 80' lang='grc' dir='ltr'>τοὺς</span> <span class='ocrx_word' id='word_1_71' title='bbox 808 1356 1015 1437; x_wconf 75' lang='grc' dir='ltr'>κριοὺς</span> <span class='ocrx_word' id='word_1_72' title='bbox 1065 1361 1459 1425; x_wconf 68' lang='grc' dir='ltr'>ἀναϐαίνοντας</span> <span class='ocrx_word' id='word_1_73' title='bbox 1529 1361 1623 1413; x_wconf 74' lang='grc' dir='ltr'><strong>ἐπὶ</strong></span> <span class='ocrx_word' id='word_1_74' title='bbox 1659 1358 1760 1421; x_wconf 81' lang='grc' dir='ltr'>τὰς</span> 
     </span>
    </p>
   </div>
   <div class='ocr_carea' id='block_1_13' title="bbox 175 1448 1760 1531">
    <p class='ocr_par' dir='ltr' id='par_1_13' title="bbox 175 1448 1760 1531">
     <span class='ocr_line' id='line_1_13' title="bbox 175 1448 1760 1531; baseline -0.01 -13"><span class='ocrx_word' id='word_1_75' title='bbox 175 1462 326 1531; x_wconf 73' lang='grc' dir='ltr'>αἶγας</span> <span class='ocrx_word' id='word_1_76' title='bbox 349 1504 367 1528; x_wconf 88' lang='grc'><strong>,</strong></span> <span class='ocrx_word' id='word_1_77' title='bbox 409 1459 740 1522; x_wconf 86' lang='grc' dir='ltr'>διαλεύκους</span> <span class='ocrx_word' id='word_1_78' title='bbox 785 1457 883 1523; x_wconf 76' lang='grc' dir='ltr'><strong>καὶ</strong></span> <span class='ocrx_word' id='word_1_79' title='bbox 931 1455 1212 1521; x_wconf 80' lang='grc' dir='ltr'><strong>ποικίλους</strong></span> <span class='ocrx_word' id='word_1_80' title='bbox 1236 1448 1259 1523; x_wconf 62' lang='grc'>,’</span> <span class='ocrx_word' id='word_1_81' title='bbox 1291 1454 1387 1510; x_wconf 69' lang='grc' dir='ltr'>καὶ</span> <span class='ocrx_word' id='word_1_82' title='bbox 1432 1450 1760 1513; x_wconf 80' lang='grc' dir='ltr'>σποδοειδείς</span> 
     </span>
    </p>
   </div>
   <div class='ocr_carea' id='block_1_14' title="bbox 177 1543 1757 1628">
    <p class='ocr_par' dir='ltr' id='par_1_14' title="bbox 177 1543 1757 1628">
     <span class='ocr_line' id='line_1_14' title="bbox 177 1543 1757 1628; baseline -0.01 -17"><span class='ocrx_word' id='word_1_83' title='bbox 177 1554 416 1628; x_wconf 74' lang='grc' dir='ltr'>ῥαντούς.</span> <span class='ocrx_word' id='word_1_84' title='bbox 487 1551 753 1622; x_wconf 83' lang='grc' dir='ltr'>Ἑώρακα</span> <span class='ocrx_word' id='word_1_85' title='bbox 786 1548 899 1619; x_wconf 88' lang='grc' dir='ltr'>γὰρ</span> <span class='ocrx_word' id='word_1_86' title='bbox 918 1586 935 1612; x_wconf 88' lang='grc'><strong>,</strong></span> <span class='ocrx_word' id='word_1_87' title='bbox 982 1549 1085 1607; x_wconf 84' lang='grc' dir='ltr'>ὃσα</span> <span class='ocrx_word' id='word_1_88' title='bbox 1115 1547 1228 1619; x_wconf 74' lang='grc'><strong>(84)</strong></span> <span class='ocrx_word' id='word_1_89' title='bbox 1266 1565 1348 1601; x_wconf 88' lang='grc' dir='ltr'><strong>σοι</strong></span> <span class='ocrx_word' id='word_1_90' title='bbox 1378 1545 1566 1601; x_wconf 84' lang='grc' dir='ltr'>Λάϐαν</span> <span class='ocrx_word' id='word_1_91' title='bbox 1593 1543 1757 1597; x_wconf 77' lang='grc' dir='ltr'>ποιεῖ.</span> 
     </span>
    </p>
   </div>
   <div class='ocr_carea' id='block_1_15' title="bbox 190 1630 1756 1713">
    <p class='ocr_par' dir='ltr' id='par_1_15' title="bbox 190 1630 1756 1713">
     <span class='ocr_line' id='line_1_15' title="bbox 190 1630 1756 1713; baseline -0.01 -14"><span class='ocrx_word' id='word_1_92' title='bbox 190 1645 319 1713; x_wconf 83' lang='grc' dir='ltr'>Ἐγώ</span> <span class='ocrx_word' id='word_1_93' title='bbox 341 1644 462 1713; x_wconf 83' lang='grc'><strong>(85)</strong></span> <span class='ocrx_word' id='word_1_94' title='bbox 483 1644 601 1711; x_wconf 77' lang='grc' dir='ltr'>εἰμι</span> <span class='ocrx_word' id='word_1_95' title='bbox 630 1643 659 1693; x_wconf 99' lang='lat'><strong>6</strong></span> <span class='ocrx_word' id='word_1_96' title='bbox 680 1639 814 1700; x_wconf 83' lang='grc' dir='ltr'>Θεός</span> <span class='ocrx_word' id='word_1_97' title='bbox 844 1654 936 1691; x_wconf 88' lang='grc' dir='ltr'><strong>σου</strong></span> <span class='ocrx_word' id='word_1_98' title='bbox 962 1640 991 1692; x_wconf 90' lang='lat'><strong>6</strong></span> <span class='ocrx_word' id='word_1_99' title='bbox 1014 1637 1202 1706; x_wconf 83' lang='grc' dir='ltr'>ὀφθείς</span> <span class='ocrx_word' id='word_1_100' title='bbox 1221 1653 1304 1689; x_wconf 86' lang='grc' dir='ltr'><strong>σοι</strong></span> <span class='ocrx_word' id='word_1_101' title='bbox 1334 1638 1393 1689; x_wconf 81' lang='grc' dir='ltr'>ὲν</span> <span class='ocrx_word' id='word_1_102' title='bbox 1424 1634 1574 1704; x_wconf 82' lang='grc' dir='ltr'><strong>τόπῳ</strong></span> <span class='ocrx_word' id='word_1_103' title='bbox 1601 1630 1756 1693; x_wconf 79' lang='grc' dir='ltr'>Θεοῦ,</span> 
     </span>
    </p>
   </div>
   <div class='ocr_carea' id='block_1_16' title="bbox 174 1723 1755 1808">
    <p class='ocr_par' dir='ltr' id='par_1_16' title="bbox 174 1723 1755 1808">
     <span class='ocr_line' id='line_1_16' title="bbox 174 1723 1755 1808; baseline -0.011 -18"><span class='ocrx_word' id='word_1_104' title='bbox 174 1733 229 1792; x_wconf 71' lang='grc' dir='ltr'>οὗ</span> <span class='ocrx_word' id='word_1_105' title='bbox 249 1735 479 1808; x_wconf 64' lang='grc' dir='ltr'>ἧλειψὰς</span> <span class='ocrx_word' id='word_1_106' title='bbox 504 1750 595 1805; x_wconf 91' lang='grc' dir='ltr'><strong>μοι</strong></span> <span class='ocrx_word' id='word_1_107' title='bbox 617 1733 737 1786; x_wconf 70' lang='grc' dir='ltr'>ἐκεῖ</span> <span class='ocrx_word' id='word_1_108' title='bbox 749 1730 972 1802; x_wconf 80' lang='grc' dir='ltr'><strong>στήλην,</strong></span> <span class='ocrx_word' id='word_1_109' title='bbox 994 1731 1091 1783; x_wconf 79' lang='grc' dir='ltr'>καὶ</span> <span class='ocrx_word' id='word_1_110' title='bbox 1113 1728 1265 1799; x_wconf 73' lang='grc' dir='ltr'>ηὔξω</span> <span class='ocrx_word' id='word_1_111' title='bbox 1280 1745 1384 1799; x_wconf 88' lang='grc' dir='ltr'>,μοι</span> <span class='ocrx_word' id='word_1_112' title='bbox 1407 1728 1573 1797; x_wconf 83' lang='grc' dir='ltr'>εὐχήν</span> <span class='ocrx_word' id='word_1_113' title='bbox 1587 1723 1755 1795; x_wconf 67' lang='grc'><strong>(86).»</strong></span> 
     </span>
    </p>
   </div>
   <div class='ocr_carea' id='block_1_17' title="bbox 1112 333 2583 407">
    <p class='ocr_par' dir='ltr' id='par_1_17' title="bbox 1112 333 2583 407">
     <span class='ocr_line' id='line_1_17' title="bbox 1112 333 2583 407; baseline -0.001 -10"><span class='ocrx_word' id='word_1_114' title='bbox 1112 334 1398 407; x_wconf 71' lang='grc' dir='ltr'><strong>ΟΠΛΕΞΤ.</strong></span> <span class='ocrx_word' id='word_1_115' title='bbox 1437 335 1521 396; x_wconf 84' lang='grc' dir='ltr'><strong>ΙΝ</strong></span> <span class='ocrx_word' id='word_1_116' title='bbox 1552 333 1822 395; x_wconf 84' lang='lat' dir='ltr'><strong>GENES.</strong></span> <span class='ocrx_word' id='word_1_117' title='bbox 1873 333 2030 394; x_wconf 84' lang='lat' dir='ltr'><strong>CAP.</strong></span> <span class='ocrx_word' id='word_1_118' title='bbox 2070 334 2477 396; x_wconf 73' lang='lat' dir='ltr'><strong>XXX-XXXI.</strong></span> <span class='ocrx_word' id='word_1_119' title='bbox 2562 334 2583 359; x_wconf 89' lang='lat'><strong><em>&#39;</em></strong></span> 
     </span>
    </p>
   </div>
   <div class='ocr_carea' id='block_1_18' title="bbox 3340 335 3438 397">
    <p class='ocr_par' dir='ltr' id='par_1_18' title="bbox 3340 335 3438 397">
     <span class='ocr_line' id='line_1_18' title="bbox 3340 335 3438 397; baseline 0 0"><span class='ocrx_word' id='word_1_120' title='bbox 3340 335 3438 397; x_wconf 63' lang='lat'><strong>193</strong></span> 
     </span>
    </p>
   </div>
   <div class='ocr_carea' id='block_1_19' title="bbox 2327 447 2931 504">
    <p class='ocr_par' dir='ltr' id='par_1_19' title="bbox 2327 447 2931 504">
     <span class='ocr_line' id='line_1_19' title="bbox 2327 447 2931 504; baseline 0.002 -2"><span class='ocrx_word' id='word_1_121' title='bbox 2327 447 2610 504; x_wconf 80' lang='lat' dir='ltr'><strong>INTERR.</strong></span> <span class='ocrx_word' id='word_1_122' title='bbox 2641 447 2931 503; x_wconf 71' lang='lat' dir='ltr'><strong>LXXXIX.</strong></span> 
     </span>
    </p>
   </div>
   <div class='ocr_carea' id='block_1_20' title="bbox 1858 563 3442 669">
    <p class='ocr_par' dir='ltr' id='par_1_20' title="bbox 1858 563 3442 669">
     <span class='ocr_line' id='line_1_20' title="bbox 1858 563 3442 669; baseline 0.003 -53"><span class='ocrx_word' id='word_1_123' title='bbox 1858 567 1976 633; x_wconf 81' lang='lat' dir='ltr'><strong>Qua</strong></span> <span class='ocrx_word' id='word_1_124' title='bbox 2006 563 2070 617; x_wconf 86' lang='lat' dir='ltr'><strong>de</strong></span> <span class='ocrx_word' id='word_1_125' title='bbox 2093 580 2257 639; x_wconf 57' lang='lat' dir='ltr'><strong>causa</strong></span> <span class='ocrx_word' id='word_1_126' title='bbox 2290 566 2464 637; x_wconf 73' lang='lat' dir='ltr'><strong>virgas</strong></span> <span class='ocrx_word' id='word_1_127' title='bbox 2499 565 2852 669; x_wconf 48' lang='lat' dir='ltr'><strong>decortimtqus</strong></span> <span class='ocrx_word' id='word_1_128' title='bbox 2918 564 3209 621; x_wconf 72' lang='lat' dir='ltr'><strong>bibentibus</strong></span> <span class='ocrx_word' id='word_1_129' title='bbox 3264 568 3442 621; x_wconf 73' lang='lat' dir='ltr'><strong>oribus</strong></span> 
     </span>
     <span class='ocr_line' id='line_1_21' title="bbox 2511 638 2755 669; baseline 0 0"><span class='ocrx_word' id='word_1_130' title='bbox 2511 638 2755 669; x_wconf 58' lang='lat' dir='ltr'><strong>atumo...“</strong></span> 
     </span>
    </p>
   </div>
   <div class='ocr_carea' id='block_1_21' title="bbox 2509 638 2790 706">
    <p class='ocr_par' dir='ltr' id='par_1_21' title="bbox 2509 638 2790 706">
     <span class='ocr_line' id='line_1_22' title="bbox 2509 638 2790 706; baseline 0.004 -18"><span class='ocrx_word' id='word_1_131' title='bbox 2509 638 2755 706; x_wconf 76' lang='lat' dir='ltr'><strong>apposuit</strong></span> <span class='ocrx_word' id='word_1_132' title='bbox 2779 639 2790 689; x_wconf 75' lang='grc' dir='ltr'><em>Ξ</em></span> 
     </span>
    </p>
   </div>
   <div class='ocr_carea' id='block_1_22' title="bbox 1929 725 3444 795">
    <p class='ocr_par' dir='ltr' id='par_1_22' title="bbox 1929 725 3444 795">
     <span class='ocr_line' id='line_1_23' title="bbox 1929 725 3444 795; baseline 0 -13"><span class='ocrx_word' id='word_1_133' title='bbox 1929 727 2403 795; x_wconf 76' lang='lat' dir='ltr'><strong>Quemadmodum</strong></span> <span class='ocrx_word' id='word_1_134' title='bbox 2467 742 2664 781; x_wconf 76' lang='lat' dir='ltr'><strong>uxores</strong></span> <span class='ocrx_word' id='word_1_135' title='bbox 2720 725 2939 795; x_wconf 86' lang='lat' dir='ltr'><strong>quidem</strong></span> <span class='ocrx_word' id='word_1_136' title='bbox 2998 728 3171 791; x_wconf 77' lang='lat' dir='ltr'><strong>duxit,</strong></span> <span class='ocrx_word' id='word_1_137' title='bbox 3244 726 3444 782; x_wconf 82' lang='lat' dir='ltr'><strong>liberos</strong></span> 
     </span>
    </p>
   </div>
   <div class='ocr_carea' id='block_1_23' title="bbox 1858 817 3447 900">
    <p class='ocr_par' dir='ltr' id='par_1_23' title="bbox 1858 817 3447 900">
     <span class='ocr_line' id='line_1_24' title="bbox 1858 817 3447 900; baseline 0 -27"><span class='ocrx_word' id='word_1_138' title='bbox 1858 834 2153 889; x_wconf 82' lang='lat' dir='ltr'><strong>procreare</strong></span> <span class='ocrx_word' id='word_1_139' title='bbox 2181 819 2431 887; x_wconf 87' lang='lat' dir='ltr'><strong>cupiens,</strong></span> <span class='ocrx_word' id='word_1_140' title='bbox 2483 832 2632 885; x_wconf 86' lang='lat' dir='ltr'><strong>spem</strong></span> <span class='ocrx_word' id='word_1_141' title='bbox 2668 827 2849 871; x_wconf 88' lang='lat' dir='ltr'><strong>autem</strong></span> <span class='ocrx_word' id='word_1_142' title='bbox 2887 817 3093 873; x_wconf 81' lang='lat' dir='ltr'><strong>sobolis</strong></span> <span class='ocrx_word' id='word_1_143' title='bbox 3122 832 3230 872; x_wconf 88' lang='lat' dir='ltr'><strong>non</strong></span> <span class='ocrx_word' id='word_1_144' title='bbox 3259 819 3447 900; x_wconf 65' lang='lat' dir='ltr'><strong>posuit</strong></span> 
     </span>
    </p>
   </div>
   <div class='ocr_carea' id='block_1_24' title="bbox 1860 907 3447 981">
    <p class='ocr_par' dir='ltr' id='par_1_24' title="bbox 1860 907 3447 981">
     <span class='ocr_line' id='line_1_25' title="bbox 1860 907 3447 981; baseline 0 -15"><span class='ocrx_word' id='word_1_145' title='bbox 1860 913 1913 966; x_wconf 90' lang='lat' dir='ltr'><strong>in</strong></span> <span class='ocrx_word' id='word_1_146' title='bbox 1954 910 2179 981; x_wconf 89' lang='lat' dir='ltr'><strong>nuptiis,</strong></span> <span class='ocrx_word' id='word_1_147' title='bbox 2215 909 2310 963; x_wconf 87' lang='lat' dir='ltr'><strong>sed</strong></span> <span class='ocrx_word' id='word_1_148' title='bbox 2341 910 2395 962; x_wconf 92' lang='lat' dir='ltr'><strong>in</strong></span> <span class='ocrx_word' id='word_1_149' title='bbox 2428 907 2539 960; x_wconf 88' lang='lat' dir='ltr'><strong>Deo</strong></span> <span class='ocrx_word' id='word_1_150' title='bbox 2599 909 2690 977; x_wconf 88' lang='lat' dir='ltr'><strong>qui</strong></span> <span class='ocrx_word' id='word_1_151' title='bbox 2732 910 2949 978; x_wconf 75' lang='lat' dir='ltr'><strong>nuptias</strong></span> <span class='ocrx_word' id='word_1_152' title='bbox 2979 911 3244 964; x_wconf 83' lang='lat' dir='ltr'><strong>saucivit:</strong></span> <span class='ocrx_word' id='word_1_153' title='bbox 3280 912 3362 966; x_wconf 87' lang='lat' dir='ltr'><strong>sic</strong></span> <span class='ocrx_word' id='word_1_154' title='bbox 3393 923 3447 966; x_wconf 76' lang='lat' dir='ltr'><strong>ct</strong></span> 
     </span>
    </p>
   </div>
   <div class='ocr_carea' id='block_1_25' title="bbox 1860 1000 3447 1072">
    <p class='ocr_par' dir='ltr' id='par_1_25' title="bbox 1860 1000 3447 1072">
     <span class='ocr_line' id='line_1_26' title="bbox 1860 1000 3447 1072; baseline 0.002 -15"><span class='ocrx_word' id='word_1_155' title='bbox 1860 1003 2032 1072; x_wconf 82' lang='lat' dir='ltr'><strong>virgis</strong></span> <span class='ocrx_word' id='word_1_156' title='bbox 2087 1000 2347 1056; x_wconf 80' lang='lat' dir='ltr'><strong>corticem</strong></span> <span class='ocrx_word' id='word_1_157' title='bbox 2381 1000 2638 1064; x_wconf 85' lang='lat' dir='ltr'><strong>detraxit,</strong></span> <span class='ocrx_word' id='word_1_158' title='bbox 2704 1016 2810 1053; x_wconf 90' lang='lat' dir='ltr'><strong>non</strong></span> <span class='ocrx_word' id='word_1_159' title='bbox 2853 1001 2960 1055; x_wconf 84' lang='lat' dir='ltr'><strong>illis</strong></span> <span class='ocrx_word' id='word_1_160' title='bbox 2999 1003 3218 1071; x_wconf 84' lang='lat' dir='ltr'><strong>quidem</strong></span> <span class='ocrx_word' id='word_1_161' title='bbox 3271 1004 3447 1060; x_wconf 79' lang='lat' dir='ltr'><strong>cunti-</strong></span> 
     </span>
    </p>
   </div>
   <div class='ocr_carea' id='block_1_26' title="bbox 1869 1092 3443 1161">
    <p class='ocr_par' dir='ltr' id='par_1_26' title="bbox 1869 1092 3443 1161">
     <span class='ocr_line' id='line_1_27' title="bbox 1869 1092 3443 1161; baseline 0 -12"><span class='ocrx_word' id='word_1_162' title='bbox 1869 1096 2028 1160; x_wconf 87' lang='lat' dir='ltr'><strong>dens,</strong></span> <span class='ocrx_word' id='word_1_163' title='bbox 2060 1093 2152 1148; x_wconf 90' lang='lat' dir='ltr'><strong>sed</strong></span> <span class='ocrx_word' id='word_1_164' title='bbox 2201 1107 2356 1161; x_wconf 85' lang='lat' dir='ltr'><strong>opem</strong></span> <span class='ocrx_word' id='word_1_165' title='bbox 2399 1092 2638 1145; x_wconf 75' lang='lat' dir='ltr'><strong>divinam</strong></span> <span class='ocrx_word' id='word_1_166' title='bbox 2670 1103 3016 1161; x_wconf 79' lang='lat' dir='ltr'><strong>exspectans.</strong></span> <span class='ocrx_word' id='word_1_167' title='bbox 3050 1093 3204 1150; x_wconf 85' lang='lat' dir='ltr'><strong>Unde</strong></span> <span class='ocrx_word' id='word_1_168' title='bbox 3239 1096 3443 1151; x_wconf 80' lang='lat' dir='ltr'><strong>factum</strong></span> 
     </span>
    </p>
   </div>
   <div class='ocr_carea' id='block_1_27' title="bbox 1861 1170 3449 1255">
    <p class='ocr_par' dir='ltr' id='par_1_27' title="bbox 1861 1170 3449 1255">
     <span class='ocr_line' id='line_1_28' title="bbox 1861 1170 3449 1255; baseline -0.002 -13"><span class='ocrx_word' id='word_1_169' title='bbox 1861 1197 1965 1254; x_wconf 88' lang='lat' dir='ltr'><strong>est,</strong></span> <span class='ocrx_word' id='word_1_170' title='bbox 2008 1196 2069 1242; x_wconf 88' lang='lat' dir='ltr'><strong>ut</strong></span> <span class='ocrx_word' id='word_1_171' title='bbox 2090 1186 2332 1241; x_wconf 79' lang='lat' dir='ltr'><strong>divinam</strong></span> <span class='ocrx_word' id='word_1_172' title='bbox 2366 1185 2759 1254; x_wconf 87' lang='lat' dir='ltr'><strong>apparitionem</strong></span> <span class='ocrx_word' id='word_1_173' title='bbox 2792 1186 3024 1255; x_wconf 86' lang='lat' dir='ltr'><strong>adeptus</strong></span> <span class='ocrx_word' id='word_1_174' title='bbox 3055 1187 3147 1249; x_wconf 88' lang='lat' dir='ltr'><strong>sil,</strong></span> <span class='ocrx_word' id='word_1_175' title='bbox 3178 1197 3230 1242; x_wconf 87' lang='lat' dir='ltr'><strong>et</strong></span> <span class='ocrx_word' id='word_1_176' title='bbox 3265 1170 3449 1242; x_wconf 47' lang='lat' dir='ltr'><strong>au‘die-</strong></span> 
     </span>
    </p>
   </div>
   <div class='ocr_carea' id='block_1_28' title="bbox 1863 1278 3447 1344">
    <p class='ocr_par' dir='ltr' id='par_1_28' title="bbox 1863 1278 3447 1344">
     <span class='ocr_line' id='line_1_29' title="bbox 1863 1278 3447 1344; baseline 0.001 -10"><span class='ocrx_word' id='word_1_177' title='bbox 1863 1280 1935 1334; x_wconf 86' lang='lat' dir='ltr'><strong>rit</strong></span> <span class='ocrx_word' id='word_1_178' title='bbox 1966 1280 2275 1335; x_wconf 78' lang='lat' dir='ltr'><strong>dicentem:</strong></span> <span class='ocrx_word' id='word_1_179' title='bbox 2316 1296 2336 1329; x_wconf 78' lang='grc' dir='ltr'><strong>ι</strong></span> <span class='ocrx_word' id='word_1_180' title='bbox 2368 1278 2581 1331; x_wconf 87' lang='lat' dir='ltr'><strong>Intuere</strong></span> <span class='ocrx_word' id='word_1_181' title='bbox 2620 1278 2795 1332; x_wconf 90' lang='lat' dir='ltr'><strong>oculis</strong></span> <span class='ocrx_word' id='word_1_182' title='bbox 2830 1278 2956 1344; x_wconf 90' lang='lat' dir='ltr'><strong>tuis,</strong></span> <span class='ocrx_word' id='word_1_183' title='bbox 2996 1290 3049 1333; x_wconf 90' lang='lat' dir='ltr'><strong>et</strong></span> <span class='ocrx_word' id='word_1_184' title='bbox 3081 1280 3205 1334; x_wconf 86' lang='lat' dir='ltr'><strong>vide</strong></span> <span class='ocrx_word' id='word_1_185' title='bbox 3262 1283 3447 1335; x_wconf 85' lang='lat' dir='ltr'><strong>hircos</strong></span> 
     </span>
    </p>
   </div>
   <div class='ocr_carea' id='block_1_29' title="bbox 1862 1371 3447 1453">
    <p class='ocr_par' dir='ltr' id='par_1_29' title="bbox 1862 1371 3447 1453">
     <span class='ocr_line' id='line_1_30' title="bbox 1862 1371 3447 1453; baseline 0 -26"><span class='ocrx_word' id='word_1_186' title='bbox 1862 1379 1917 1428; x_wconf 84' lang='lat' dir='ltr'><strong>et</strong></span> <span class='ocrx_word' id='word_1_187' title='bbox 1943 1372 2141 1426; x_wconf 88' lang='lat' dir='ltr'><strong>arietes</strong></span> <span class='ocrx_word' id='word_1_188' title='bbox 2175 1371 2531 1425; x_wconf 83' lang='lat' dir='ltr'><strong>ascendentes</strong></span> <span class='ocrx_word' id='word_1_189' title='bbox 2564 1386 2731 1439; x_wconf 80' lang='lat' dir='ltr'><strong>super</strong></span> <span class='ocrx_word' id='word_1_190' title='bbox 2776 1386 2992 1439; x_wconf 82' lang='lat' dir='ltr'><strong>capras,</strong></span> <span class='ocrx_word' id='word_1_191' title='bbox 3019 1380 3073 1424; x_wconf 91' lang='lat' dir='ltr'><strong>et</strong></span> <span class='ocrx_word' id='word_1_192' title='bbox 3101 1386 3196 1453; x_wconf 69' lang='lat' dir='ltr'><strong>eos</strong></span> <span class='ocrx_word' id='word_1_193' title='bbox 3226 1372 3447 1441; x_wconf 78' lang='lat' dir='ltr'><strong>quidem</strong></span> 
     </span>
    </p>
   </div>
   <div class='ocr_carea' id='block_1_30' title="bbox 1864 1461 3449 1532">
    <p class='ocr_par' dir='ltr' id='par_1_30' title="bbox 1864 1461 3449 1532">
     <span class='ocr_line' id='line_1_31' title="bbox 1864 1461 3449 1532; baseline -0.002 -12"><span class='ocrx_word' id='word_1_194' title='bbox 1864 1466 2017 1521; x_wconf 89' lang='lat' dir='ltr'><strong>albos</strong></span> <span class='ocrx_word' id='word_1_195' title='bbox 2049 1474 2102 1519; x_wconf 89' lang='lat' dir='ltr'><strong>et</strong></span> <span class='ocrx_word' id='word_1_196' title='bbox 2135 1463 2337 1523; x_wconf 83' lang='lat' dir='ltr'><strong>varios,</strong></span> <span class='ocrx_word' id='word_1_197' title='bbox 2371 1462 2661 1517; x_wconf 85' lang='lat' dir='ltr'><strong>cinericios</strong></span> <span class='ocrx_word' id='word_1_198' title='bbox 2693 1470 2746 1516; x_wconf 90' lang='lat' dir='ltr'><strong>et</strong></span> <span class='ocrx_word' id='word_1_199' title='bbox 2804 1477 3044 1532; x_wconf 90' lang='lat' dir='ltr'><strong>sparsos.</strong></span> <span class='ocrx_word' id='word_1_200' title='bbox 3090 1461 3210 1515; x_wconf 87' lang='lat' dir='ltr'><strong>Vidi</strong></span> <span class='ocrx_word' id='word_1_201' title='bbox 3277 1463 3449 1522; x_wconf 77' lang='lat' dir='ltr'><strong>enim.</strong></span> 
     </span>
    </p>
   </div>
   <div class='ocr_carea' id='block_1_31' title="bbox 1863 1553 3452 1629">
    <p class='ocr_par' dir='ltr' id='par_1_31' title="bbox 1863 1553 3452 1629">
     <span class='ocr_line' id='line_1_32' title="bbox 1863 1553 3452 1629; baseline -0.004 -16"><span class='ocrx_word' id='word_1_202' title='bbox 1863 1573 1988 1629; x_wconf 60' lang='lat' dir='ltr'><strong>quae</strong></span> <span class='ocrx_word' id='word_1_203' title='bbox 2015 1558 2145 1612; x_wconf 80' lang='lat' dir='ltr'><strong>facit</strong></span> <span class='ocrx_word' id='word_1_204' title='bbox 2176 1557 2273 1612; x_wconf 88' lang='lat' dir='ltr'><strong>tibi</strong></span> <span class='ocrx_word' id='word_1_205' title='bbox 2306 1555 2513 1611; x_wconf 87' lang='lat' dir='ltr'><strong>Laban.</strong></span> <span class='ocrx_word' id='word_1_206' title='bbox 2566 1556 2681 1625; x_wconf 86' lang='lat' dir='ltr'><strong>Ego</strong></span> <span class='ocrx_word' id='word_1_207' title='bbox 2740 1555 2887 1609; x_wconf 88' lang='lat' dir='ltr'><strong>enim</strong></span> <span class='ocrx_word' id='word_1_208' title='bbox 2923 1570 3043 1607; x_wconf 86' lang='lat' dir='ltr'><strong>sum</strong></span> <span class='ocrx_word' id='word_1_209' title='bbox 3095 1553 3238 1609; x_wconf 89' lang='lat' dir='ltr'><strong>Deus</strong></span> <span class='ocrx_word' id='word_1_210' title='bbox 3302 1565 3452 1622; x_wconf 87' lang='lat' dir='ltr'><strong>tuus,</strong></span> 
     </span>
    </p>
   </div>
   <div class='ocr_carea' id='block_1_32' title="bbox 1864 1646 3451 1721">
    <p class='ocr_par' dir='ltr' id='par_1_32' title="bbox 1864 1646 3451 1721">
     <span class='ocr_line' id='line_1_33' title="bbox 1864 1646 3451 1721; baseline -0.003 -17"><span class='ocrx_word' id='word_1_211' title='bbox 1864 1651 1960 1721; x_wconf 91' lang='lat' dir='ltr'><strong>qui</strong></span> <span class='ocrx_word' id='word_1_212' title='bbox 1987 1648 2216 1720; x_wconf 86' lang='lat' dir='ltr'><strong>apparui</strong></span> <span class='ocrx_word' id='word_1_213' title='bbox 2321 1647 2415 1700; x_wconf 87' lang='lat' dir='ltr'><strong>tibi</strong></span> <span class='ocrx_word' id='word_1_214' title='bbox 2440 1647 2493 1700; x_wconf 91' lang='lat' dir='ltr'><strong>in</strong></span> <span class='ocrx_word' id='word_1_215' title='bbox 2524 1646 2645 1700; x_wconf 89' lang='lat' dir='ltr'><strong>loco</strong></span> <span class='ocrx_word' id='word_1_216' title='bbox 2675 1646 2792 1711; x_wconf 89' lang='lat' dir='ltr'><strong>Dei,</strong></span> <span class='ocrx_word' id='word_1_217' title='bbox 2830 1646 2921 1699; x_wconf 87' lang='lat' dir='ltr'><strong>ubi</strong></span> <span class='ocrx_word' id='word_1_218' title='bbox 2960 1646 3164 1701; x_wconf 82' lang='lat' dir='ltr'><strong>unxisti</strong></span> <span class='ocrx_word' id='word_1_219' title='bbox 3195 1646 3328 1700; x_wconf 88' lang='lat' dir='ltr'><strong>mihi</strong></span> <span class='ocrx_word' id='word_1_220' title='bbox 3364 1657 3451 1700; x_wconf 90' lang='lat' dir='ltr'><strong>tu-</strong></span> 
     </span>
    </p>
   </div>
   <div class='ocr_carea' id='block_1_33' title="bbox 1864 1735 3449 1803">
    <p class='ocr_par' dir='ltr' id='par_1_33' title="bbox 1864 1735 3449 1803">
     <span class='ocr_line' id='line_1_34' title="bbox 1864 1735 3449 1803; baseline -0.001 -11"><span class='ocrx_word' id='word_1_221' title='bbox 1864 1739 2096 1803; x_wconf 88' lang='lat' dir='ltr'><strong>mulum,</strong></span> <span class='ocrx_word' id='word_1_222' title='bbox 2126 1748 2179 1793; x_wconf 86' lang='lat' dir='ltr'><strong>et</strong></span> <span class='ocrx_word' id='word_1_223' title='bbox 2213 1746 2398 1791; x_wconf 84' lang='lat' dir='ltr'><strong>votum</strong></span> <span class='ocrx_word' id='word_1_224' title='bbox 2432 1736 2544 1791; x_wconf 90' lang='lat' dir='ltr'><strong>illic</strong></span> <span class='ocrx_word' id='word_1_225' title='bbox 2570 1735 2703 1790; x_wconf 90' lang='lat' dir='ltr'><strong>mihi</strong></span> <span class='ocrx_word' id='word_1_226' title='bbox 2741 1736 2937 1790; x_wconf 77' lang='lat' dir='ltr'><strong>vovisti</strong></span> <span class='ocrx_word' id='word_1_227' title='bbox 2967 1744 3015 1791; x_wconf 87' lang='lat'><strong>°.</strong></span> <span class='ocrx_word' id='word_1_228' title='bbox 3055 1755 3072 1786; x_wconf 77' lang='grc'><strong>»</strong></span> <span class='ocrx_word' id='word_1_229' title='bbox 3106 1735 3243 1791; x_wconf 88' lang='lat' dir='ltr'><strong>Cum</strong></span> <span class='ocrx_word' id='word_1_230' title='bbox 3303 1738 3449 1791; x_wconf 89' lang='lat' dir='ltr'><strong>enim</strong></span> 
     </span>
    </p>
   </div>
   <div class='ocr_carea' id='block_1_34' title="bbox 186 1813 1806 1898">
    <p class='ocr_par' dir='ltr' id='par_1_34' title="bbox 186 1813 1806 1898">
     <span class='ocr_line' id='line_1_35' title="bbox 186 1813 1806 1898; baseline -0.01 -16"><span class='ocrx_word' id='word_1_231' title='bbox 186 1829 398 1898; x_wconf 80' lang='grc' dir='ltr'><strong>Ἐπειδὴ</strong></span> <span class='ocrx_word' id='word_1_232' title='bbox 430 1828 545 1897; x_wconf 81' lang='grc' dir='ltr'><strong>γὰρ</strong></span> <span class='ocrx_word' id='word_1_233' title='bbox 576 1824 650 1877; x_wconf 83' lang='grc' dir='ltr'><strong>τὰ.</strong></span> <span class='ocrx_word' id='word_1_234' title='bbox 676 1822 814 1892; x_wconf 81' lang='grc' dir='ltr'>φαιὰ</span> <span class='ocrx_word' id='word_1_235' title='bbox 865 1824 962 1876; x_wconf 77' lang='grc' dir='ltr'>καὶ</span> <span class='ocrx_word' id='word_1_236' title='bbox 992 1822 1061 1876; x_wconf 84' lang='grc' dir='ltr'>τὰ</span> <span class='ocrx_word' id='word_1_237' title='bbox 1104 1819 1330 1876; x_wconf 84' lang='grc' dir='ltr'>ποικίλα</span> <span class='ocrx_word' id='word_1_238' title='bbox 1352 1821 1466 1881; x_wconf 80' lang='grc' dir='ltr'>τοῖς</span> <span class='ocrx_word' id='word_1_239' title='bbox 1503 1814 1642 1871; x_wconf 74' lang='grc' dir='ltr'>υἱέσι</span> <span class='ocrx_word' id='word_1_240' title='bbox 1664 1813 1759 1867; x_wconf 84' lang='grc' dir='ltr'>τοῦ</span> <span class='ocrx_word' id='word_1_241' title='bbox 1794 1828 1806 1889; x_wconf 85' lang='grc' dir='ltr'>ι</span> 
     </span>
    </p>
   </div>
   <div class='ocr_carea' id='block_1_35' title="bbox 1875 1813 3450 1898">
    <p class='ocr_par' dir='ltr' id='par_1_35' title="bbox 1875 1833 3450 1891">
     <span class='ocr_line' id='line_1_36' title="bbox 1875 1833 3450 1891; baseline 0.001 -3"><span class='ocrx_word' id='word_1_242' title='bbox 1875 1834 2126 1889; x_wconf 72' lang='lat' dir='ltr'><strong>animalia</strong></span> <span class='ocrx_word' id='word_1_243' title='bbox 2164 1833 2319 1889; x_wconf 83' lang='lat' dir='ltr'><strong>fusca</strong></span> <span class='ocrx_word' id='word_1_244' title='bbox 2350 1845 2404 1889; x_wconf 87' lang='lat' dir='ltr'><strong>et</strong></span> <span class='ocrx_word' id='word_1_245' title='bbox 2436 1833 2586 1888; x_wconf 90' lang='lat' dir='ltr'><strong>varia</strong></span> <span class='ocrx_word' id='word_1_246' title='bbox 2621 1833 2748 1887; x_wconf 87' lang='lat' dir='ltr'><strong>liliis</strong></span> <span class='ocrx_word' id='word_1_247' title='bbox 2772 1833 2957 1889; x_wconf 88' lang='lat' dir='ltr'><strong>Labau</strong></span> <span class='ocrx_word' id='word_1_248' title='bbox 3012 1836 3310 1891; x_wconf 78' lang='lat' dir='ltr'><strong>commissa</strong></span> <span class='ocrx_word' id='word_1_249' title='bbox 3358 1852 3450 1890; x_wconf 89' lang='lat' dir='ltr'><strong>es-</strong></span> 
     </span>
    </p>
   </div>
   <div class='ocr_carea' id='block_1_36' title="bbox 177 1908 1759 1988">
    <p class='ocr_par' dir='ltr' id='par_1_36' title="bbox 177 1908 1759 1988">
     <span class='ocr_line' id='line_1_37' title="bbox 177 1908 1759 1988; baseline -0.011 -11"><span class='ocrx_word' id='word_1_250' title='bbox 177 1920 351 1979; x_wconf 75' lang='grc' dir='ltr'>Δάϐαν</span> <span class='ocrx_word' id='word_1_251' title='bbox 402 1915 770 1988; x_wconf 69' lang='grc' dir='ltr'>ἐνεχειρίσθη,</span> <span class='ocrx_word' id='word_1_252' title='bbox 802 1915 896 1968; x_wconf 71' lang='grc' dir='ltr'><strong>καὶ</strong></span> <span class='ocrx_word' id='word_1_253' title='bbox 957 1913 1124 1985; x_wconf 83' lang='grc' dir='ltr'>τριῶν</span> <span class='ocrx_word' id='word_1_254' title='bbox 1170 1911 1395 1983; x_wconf 80' lang='grc' dir='ltr'>ἡμερῶν</span> <span class='ocrx_word' id='word_1_255' title='bbox 1455 1908 1576 1963; x_wconf 82' lang='grc' dir='ltr'>ὁδὸν</span> <span class='ocrx_word' id='word_1_256' title='bbox 1651 1909 1759 1973; x_wconf 83' lang='grc' dir='ltr'><strong>ἀφ-</strong></span> 
     </span>
    </p>
   </div>
   <div class='ocr_carea' id='block_1_37' title="bbox 182 1997 1761 2083">
    <p class='ocr_par' dir='ltr' id='par_1_37' title="bbox 182 1997 1761 2083">
     <span class='ocr_line' id='line_1_38' title="bbox 182 1997 1761 2083; baseline -0.008 -18"><span class='ocrx_word' id='word_1_257' title='bbox 182 2016 483 2083; x_wconf 76' lang='grc' dir='ltr'>εστήκεσαν</span> <span class='ocrx_word' id='word_1_258' title='bbox 503 2011 710 2062; x_wconf 77' lang='grc' dir='ltr'>ἐκεῖναι</span> <span class='ocrx_word' id='word_1_259' title='bbox 730 2005 937 2060; x_wconf 88' lang='grc' dir='ltr'>τούτων</span> <span class='ocrx_word' id='word_1_260' title='bbox 967 2005 1029 2060; x_wconf 74' lang='grc' dir='ltr'>αἱ</span> <span class='ocrx_word' id='word_1_261' title='bbox 1045 2005 1291 2074; x_wconf 68' lang='grc' dir='ltr'><strong>ποίμναν.⁸</strong></span> <span class='ocrx_word' id='word_1_262' title='bbox 1312 2002 1585 2057; x_wconf 84' lang='grc' dir='ltr'>δείκνυσιν</span> <span class='ocrx_word' id='word_1_263' title='bbox 1613 1997 1761 2070; x_wconf 82' lang='grc' dir='ltr'>αὐτῷ</span> 
     </span>
    </p>
   </div>
   <div class='ocr_carea' id='block_1_38' title="bbox 176 2091 1765 2171">
    <p class='ocr_par' dir='ltr' id='par_1_38' title="bbox 176 2091 1765 2171">
     <span class='ocr_line' id='line_1_39' title="bbox 176 2091 1765 2171; baseline -0.009 -13"><span class='ocrx_word' id='word_1_264' title='bbox 176 2096 276 2158; x_wconf 76' lang='grc' dir='ltr'><strong>τῶν</strong></span> <span class='ocrx_word' id='word_1_265' title='bbox 313 2101 700 2171; x_wconf 80' lang='grc' dir='ltr'>ἀδικουμένων</span> <span class='ocrx_word' id='word_1_266' title='bbox 730 2100 760 2153; x_wconf 94' lang='lat'><strong>6</strong></span> <span class='ocrx_word' id='word_1_267' title='bbox 818 2098 1101 2169; x_wconf 86' lang='grc' dir='ltr'>πρόμαχος</span> <span class='ocrx_word' id='word_1_268' title='bbox 1130 2095 1406 2158; x_wconf 83' lang='grc' dir='ltr'>ποικίλους</span> <span class='ocrx_word' id='word_1_269' title='bbox 1445 2092 1639 2162; x_wconf 83' lang='grc' dir='ltr'>κριοὺς</span> <span class='ocrx_word' id='word_1_270' title='bbox 1668 2091 1765 2144; x_wconf 75' lang='grc' dir='ltr'><strong>καὶ</strong></span> 
     </span>
    </p>
   </div>
   <div class='ocr_carea' id='block_1_39' title="bbox 175 2185 1765 2267">
    <p class='ocr_par' dir='ltr' id='par_1_39' title="bbox 175 2185 1765 2267">
     <span class='ocr_line' id='line_1_40' title="bbox 175 2185 1765 2267; baseline -0.01 -16"><span class='ocrx_word' id='word_1_271' title='bbox 175 2199 410 2267; x_wconf 72' lang='grc' dir='ltr'>τράγους</span> <span class='ocrx_word' id='word_1_272' title='bbox 453 2193 771 2264; x_wconf 82' lang='grc' dir='ltr'>ὀχεύοντας,</span> <span class='ocrx_word' id='word_1_273' title='bbox 821 2190 910 2267; x_wconf 84' lang='grc' dir='ltr'>ἵνα</span> <span class='ocrx_word' id='word_1_274' title='bbox 943 2194 1012 2261; x_wconf 78' lang='grc' dir='ltr'>τῇ</span> <span class='ocrx_word' id='word_1_275' title='bbox 1040 2188 1209 2259; x_wconf 80' lang='grc' dir='ltr'>πείρᾳ</span> <span class='ocrx_word' id='word_1_276' title='bbox 1258 2185 1409 2259; x_wconf 77' lang='grc' dir='ltr'>μάθῃ</span> <span class='ocrx_word' id='word_1_277' title='bbox 1457 2185 1590 2254; x_wconf 85' lang='grc' dir='ltr'>ὃσης</span> <span class='ocrx_word' id='word_1_278' title='bbox 1628 2185 1765 2238; x_wconf 82' lang='grc' dir='ltr'>ἀπο-</span> 
     </span>
    </p>
   </div>
   <div class='ocr_carea' id='block_1_40' title="bbox 180 2273 1764 2359">
    <p class='ocr_par' dir='ltr' id='par_1_40' title="bbox 180 2273 1764 2359">
     <span class='ocr_line' id='line_1_41' title="bbox 180 2273 1764 2359; baseline -0.011 -15"><span class='ocrx_word' id='word_1_279' title='bbox 180 2290 397 2343; x_wconf 75' lang='grc' dir='ltr'>λαύουσι</span> <span class='ocrx_word' id='word_1_280' title='bbox 439 2285 787 2359; x_wconf 77' lang='grc' dir='ltr'>προμηθείας</span> <span class='ocrx_word' id='word_1_281' title='bbox 827 2285 876 2337; x_wconf 76' lang='grc' dir='ltr'><strong>οἱ</strong></span> <span class='ocrx_word' id='word_1_282' title='bbox 907 2281 1317 2354; x_wconf 70' lang='grc' dir='ltr'>τεθαρρηκότες</span> <span class='ocrx_word' id='word_1_283' title='bbox 1349 2277 1425 2346; x_wconf 83' lang='grc' dir='ltr'>τῷ</span> <span class='ocrx_word' id='word_1_284' title='bbox 1467 2277 1576 2330; x_wconf 85' lang='grc' dir='ltr'><strong>τῶν</strong></span> <span class='ocrx_word' id='word_1_285' title='bbox 1624 2273 1764 2329; x_wconf 86' lang='grc' dir='ltr'>ὅλων</span> 
     </span>
    </p>
   </div>
   <div class='ocr_carea' id='block_1_41' title="bbox 179 2367 1766 2454">
    <p class='ocr_par' dir='ltr' id='par_1_41' title="bbox 179 2367 1766 2454">
     <span class='ocr_line' id='line_1_42' title="bbox 179 2367 1766 2454; baseline -0.012 -16"><span class='ocrx_word' id='word_1_286' title='bbox 179 2384 309 2454; x_wconf 75' lang='grc' dir='ltr'><strong>Θεῷ.</strong></span> <span class='ocrx_word' id='word_1_287' title='bbox 355 2378 845 2451; x_wconf 81' lang='grc' dir='ltr'>Ἐπισημήνασθαι</span> <span class='ocrx_word' id='word_1_288' title='bbox 889 2376 949 2430; x_wconf 81' lang='grc' dir='ltr'>δὲ</span> <span class='ocrx_word' id='word_1_289' title='bbox 984 2377 1026 2407; x_wconf 86' lang='lat'>“</span> <span class='ocrx_word' id='word_1_290' title='bbox 1076 2374 1367 2446; x_wconf 74' lang='grc' dir='ltr'>προσήκει,</span> <span class='ocrx_word' id='word_1_291' title='bbox 1411 2370 1488 2434; x_wconf 86' lang='grc' dir='ltr'>ὡς</span> <span class='ocrx_word' id='word_1_292' title='bbox 1536 2367 1766 2438; x_wconf 68' lang='grc' dir='ltr'>ἄγγελον</span> 
     </span>
    </p>
   </div>
   <div class='ocr_carea' id='block_1_42' title="bbox 182 2459 1768 2548">
    <p class='ocr_par' dir='ltr' id='par_1_42' title="bbox 182 2459 1768 2548">
     <span class='ocr_line' id='line_1_43' title="bbox 182 2459 1768 2548; baseline -0.012 -17"><span class='ocrx_word' id='word_1_293' title='bbox 182 2476 418 2548; x_wconf 74' lang='grc' dir='ltr'>εἰρηκὼς</span> <span class='ocrx_word' id='word_1_294' title='bbox 456 2476 548 2528; x_wconf 79' lang='grc' dir='ltr'><strong>τὸν</strong></span> <span class='ocrx_word' id='word_1_295' title='bbox 586 2474 702 2529; x_wconf 74' lang='grc' dir='ltr'>ἄνω</span> <span class='ocrx_word' id='word_1_296' title='bbox 754 2470 1021 2540; x_wconf 80' lang='grc' dir='ltr'>ὀφθέντα,</span> <span class='ocrx_word' id='word_1_297' title='bbox 1062 2466 1265 2531; x_wconf 72' lang='grc' dir='ltr'>ἔδειξεν</span> <span class='ocrx_word' id='word_1_298' title='bbox 1315 2464 1405 2522; x_wconf 69' lang='grc' dir='ltr'><strong>τὸν</strong></span> <span class='ocrx_word' id='word_1_299' title='bbox 1466 2462 1632 2520; x_wconf 81' lang='grc' dir='ltr'>αὑτὸν</span> <span class='ocrx_word' id='word_1_300' title='bbox 1673 2459 1768 2514; x_wconf 78' lang='grc' dir='ltr'>καὶ</span> 
     </span>
    </p>
   </div>
   <div class='ocr_carea' id='block_1_43' title="bbox 181 2555 1768 2636">
    <p class='ocr_par' dir='ltr' id='par_1_43' title="bbox 181 2555 1768 2636">
     <span class='ocr_line' id='line_1_44' title="bbox 181 2555 1768 2636; baseline -0.011 -13"><span class='ocrx_word' id='word_1_301' title='bbox 181 2571 330 2624; x_wconf 77' lang='grc' dir='ltr'>Θεόν·</span> <span class='ocrx_word' id='word_1_302' title='bbox 373 2588 396 2622; x_wconf 73' lang='grc' dir='ltr'><strong>α</strong></span> <span class='ocrx_word' id='word_1_303' title='bbox 450 2565 597 2636; x_wconf 83' lang='grc' dir='ltr'><strong>Ἐγὼ</strong></span> <span class='ocrx_word' id='word_1_304' title='bbox 624 2565 736 2636; x_wconf 80' lang='grc' dir='ltr'>γάρ</span> <span class='ocrx_word' id='word_1_305' title='bbox 773 2566 916 2635; x_wconf 81' lang='grc' dir='ltr'>ειμι,</span> <span class='ocrx_word' id='word_1_306' title='bbox 965 2561 1130 2633; x_wconf 67' lang='grc' dir='ltr'>φησὶν</span> <span class='ocrx_word' id='word_1_307' title='bbox 1176 2562 1209 2614; x_wconf 88' lang='lat'><strong>6</strong></span> <span class='ocrx_word' id='word_1_308' title='bbox 1248 2559 1381 2625; x_wconf 82' lang='grc' dir='ltr'>Θεὸς</span> <span class='ocrx_word' id='word_1_309' title='bbox 1407 2559 1473 2622; x_wconf 75' lang='grc'>⁸³,</span> <span class='ocrx_word' id='word_1_310' title='bbox 1515 2558 1544 2610; x_wconf 84' lang='lat'><strong>6</strong></span> <span class='ocrx_word' id='word_1_311' title='bbox 1579 2555 1768 2624; x_wconf 75' lang='grc' dir='ltr'>ὀφθείς</span> 
     </span>
    </p>
   </div>
   <div class='ocr_carea' id='block_1_44' title="bbox 184 2646 1770 2732">
    <p class='ocr_par' dir='ltr' id='par_1_44' title="bbox 184 2646 1770 2732">
     <span class='ocr_line' id='line_1_45' title="bbox 184 2646 1770 2732; baseline -0.011 -15"><span class='ocrx_word' id='word_1_312' title='bbox 184 2680 258 2717; x_wconf 80' lang='grc' dir='ltr'><strong>σοι</strong></span> <span class='ocrx_word' id='word_1_313' title='bbox 288 2665 343 2717; x_wconf 71' lang='grc' dir='ltr'>ἐν</span> <span class='ocrx_word' id='word_1_314' title='bbox 381 2665 456 2732; x_wconf 76' lang='grc' dir='ltr'>τῇ</span> <span class='ocrx_word' id='word_1_315' title='bbox 479 2660 606 2731; x_wconf 84' lang='grc' dir='ltr'>ὁδῷ.</span> <span class='ocrx_word' id='word_1_316' title='bbox 636 2679 657 2713; x_wconf 78' lang='grc' dir='ltr'><strong>ι</strong></span> <span class='ocrx_word' id='word_1_317' title='bbox 695 2654 818 2713; x_wconf 58' lang='lat' dir='ltr'><strong>Eme</strong></span> <span class='ocrx_word' id='word_1_318' title='bbox 866 2656 924 2713; x_wconf 79' lang='grc' dir='ltr'>δὲ</span> <span class='ocrx_word' id='word_1_319' title='bbox 946 2654 1215 2725; x_wconf 82' lang='grc' dir='ltr'><strong>ἀγγέλους</strong></span> <span class='ocrx_word' id='word_1_320' title='bbox 1249 2654 1350 2724; x_wconf 78' lang='grc' dir='ltr'>μὲν</span> <span class='ocrx_word' id='word_1_321' title='bbox 1383 2650 1634 2712; x_wconf 79' lang='grc' dir='ltr'>ἀνιόντας</span> <span class='ocrx_word' id='word_1_322' title='bbox 1671 2646 1770 2701; x_wconf 69' lang='grc' dir='ltr'>καὶ</span> 
     </span>
    </p>
   </div>
   <div class='ocr_carea' id='block_1_45' title="bbox 181 2741 1769 2821">
    <p class='ocr_par' dir='ltr' id='par_1_45' title="bbox 181 2741 1769 2821">
     <span class='ocr_line' id='line_1_46' title="bbox 181 2741 1769 2821; baseline -0.012 -10"><span class='ocrx_word' id='word_1_323' title='bbox 181 2758 464 2817; x_wconf 76' lang='grc' dir='ltr'>κατιόντας</span> <span class='ocrx_word' id='word_1_324' title='bbox 512 2754 603 2808; x_wconf 74' lang='grc' dir='ltr'>διὰ</span> <span class='ocrx_word' id='word_1_325' title='bbox 657 2752 758 2821; x_wconf 79' lang='grc' dir='ltr'>τῆς</span> <span class='ocrx_word' id='word_1_326' title='bbox 793 2749 1100 2821; x_wconf 82' lang='grc' dir='ltr'>κλίμακος,</span> <span class='ocrx_word' id='word_1_327' title='bbox 1155 2747 1250 2800; x_wconf 78' lang='grc' dir='ltr'><strong>τὸν</strong></span> <span class='ocrx_word' id='word_1_328' title='bbox 1296 2743 1355 2801; x_wconf 67' lang='grc' dir='ltr'>δὲ</span> <span class='ocrx_word' id='word_1_329' title='bbox 1401 2742 1609 2815; x_wconf 82' lang='grc' dir='ltr'>Κύριον</span> <span class='ocrx_word' id='word_1_330' title='bbox 1656 2741 1769 2795; x_wconf 80' lang='grc' dir='ltr'>ἀνω</span> 
     </span>
    </p>
   </div>
   <div class='ocr_carea' id='block_1_46' title="bbox 182 2832 1767 2913">
    <p class='ocr_par' dir='ltr' id='par_1_46' title="bbox 182 2832 1767 2913">
     <span class='ocr_line' id='line_1_47' title="bbox 182 2832 1767 2913; baseline -0.008 -17"><span class='ocrx_word' id='word_1_331' title='bbox 182 2842 580 2913; x_wconf 73' lang='grc' dir='ltr'>ἑστηριγμένον</span> <span class='ocrx_word' id='word_1_332' title='bbox 598 2857 616 2874; x_wconf 78' lang='grc' dir='ltr'><strong><em>ο</em></strong></span> <span class='ocrx_word' id='word_1_333' title='bbox 642 2839 832 2894; x_wconf 83' lang='grc' dir='ltr'>τοῦτον</span> <span class='ocrx_word' id='word_1_334' title='bbox 858 2836 1100 2892; x_wconf 76' lang='grc' dir='ltr'>ἐνταῦθα</span> <span class='ocrx_word' id='word_1_335' title='bbox 1121 2836 1216 2890; x_wconf 81' lang='grc' dir='ltr'>καὶ</span> <span class='ocrx_word' id='word_1_336' title='bbox 1246 2833 1477 2903; x_wconf 76' lang='grc' dir='ltr'>ἄγγελον</span> <span class='ocrx_word' id='word_1_337' title='bbox 1493 2832 1767 2902; x_wconf 77' lang='grc' dir='ltr'>ὠνόμασε,</span> 
     </span>
    </p>
   </div>
   <div class='ocr_carea' id='block_1_47' title="bbox 182 2922 1767 3005">
    <p class='ocr_par' dir='ltr' id='par_1_47' title="bbox 182 2922 1767 3005">
     <span class='ocr_line' id='line_1_48' title="bbox 182 2922 1767 3005; baseline -0.009 -15"><span class='ocrx_word' id='word_1_338' title='bbox 182 2938 269 2991; x_wconf 75' lang='grc' dir='ltr'><strong>καὶ</strong></span> <span class='ocrx_word' id='word_1_339' title='bbox 295 2937 434 2990; x_wconf 67' lang='grc' dir='ltr'>Θεὸν</span> <span class='ocrx_word' id='word_1_340' title='bbox 467 2951 483 2967; x_wconf 77' lang='grc' dir='ltr'><strong>ο</strong></span> <span class='ocrx_word' id='word_1_341' title='bbox 523 2934 659 2988; x_wconf 82' lang='grc' dir='ltr'>Θεὸν</span> <span class='ocrx_word' id='word_1_342' title='bbox 685 2933 816 3005; x_wconf 81' lang='grc' dir='ltr'>μὲν,</span> <span class='ocrx_word' id='word_1_343' title='bbox 851 2931 1011 2986; x_wconf 84' lang='grc' dir='ltr'>τοῦτο</span> <span class='ocrx_word' id='word_1_344' title='bbox 1035 2929 1081 2962; x_wconf 72' lang='grc'><strong>⁸⁸</strong></span> <span class='ocrx_word' id='word_1_345' title='bbox 1109 2929 1209 2999; x_wconf 82' lang='grc' dir='ltr'>τὴν</span> <span class='ocrx_word' id='word_1_346' title='bbox 1243 2927 1410 2997; x_wconf 85' lang='grc' dir='ltr'>φύσιν</span> <span class='ocrx_word' id='word_1_347' title='bbox 1455 2925 1587 2978; x_wconf 75' lang='grc' dir='ltr'>ὄντα</span> <span class='ocrx_word' id='word_1_348' title='bbox 1632 2922 1767 2995; x_wconf 87' lang='lat'><strong>(8&#39;7),</strong></span> 
     </span>
    </p>
   </div>
   <div class='ocr_carea' id='block_1_48' title="bbox 186 3015 1772 3098">
    <p class='ocr_par' dir='ltr' id='par_1_48' title="bbox 186 3015 1772 3098">
     <span class='ocr_line' id='line_1_49' title="bbox 186 3015 1772 3098; baseline -0.01 -17"><span class='ocrx_word' id='word_1_349' title='bbox 186 3026 453 3098; x_wconf 71' lang='grc' dir='ltr'><strong>¹Ἄγγελον</strong></span> <span class='ocrx_word' id='word_1_350' title='bbox 485 3026 566 3091; x_wconf 78' lang='grc' dir='ltr'><strong>δὲ,</strong></span> <span class='ocrx_word' id='word_1_351' title='bbox 629 3024 719 3077; x_wconf 77' lang='grc' dir='ltr'><strong>ἵνα</strong></span> <span class='ocrx_word' id='word_1_352' title='bbox 756 3021 975 3093; x_wconf 80' lang='grc' dir='ltr'>γνῶμεν</span> <span class='ocrx_word' id='word_1_353' title='bbox 1010 3020 1086 3090; x_wconf 86' lang='grc' dir='ltr'><strong>ώς</strong></span> <span class='ocrx_word' id='word_1_354' title='bbox 1141 3018 1240 3088; x_wconf 84' lang='grc' dir='ltr'><strong>οὐχ</strong></span> <span class='ocrx_word' id='word_1_355' title='bbox 1269 3019 1298 3070; x_wconf 88' lang='lat'><strong>6</strong></span> <span class='ocrx_word' id='word_1_356' title='bbox 1337 3016 1529 3085; x_wconf 81' lang='grc' dir='ltr'>Πατήρ</span> <span class='ocrx_word' id='word_1_357' title='bbox 1571 3015 1717 3067; x_wconf 76' lang='grc' dir='ltr'>ἐστιν</span> <span class='ocrx_word' id='word_1_358' title='bbox 1742 3015 1772 3066; x_wconf 94' lang='lat'><strong>6</strong></span> 
     </span>
    </p>
   </div>
   <div class='ocr_carea' id='block_1_49' title="bbox 180 3104 1771 3189">
    <p class='ocr_par' dir='ltr' id='par_1_49' title="bbox 180 3104 1771 3189">
     <span class='ocr_line' id='line_1_50' title="bbox 180 3104 1771 3189; baseline -0.009 -17"><span class='ocrx_word' id='word_1_359' title='bbox 180 3120 381 3189; x_wconf 67' lang='grc' dir='ltr'>ὀφθεὶς,</span> <span class='ocrx_word' id='word_1_360' title='bbox 419 3117 541 3173; x_wconf 78' lang='grc' dir='ltr'>ἀλλ’</span> <span class='ocrx_word' id='word_1_361' title='bbox 575 3119 604 3171; x_wconf 87' lang='lat'><strong>6</strong></span> <span class='ocrx_word' id='word_1_362' title='bbox 633 3113 931 3187; x_wconf 82' lang='grc' dir='ltr'>μονογενὴς</span> <span class='ocrx_word' id='word_1_363' title='bbox 977 3112 1127 3175; x_wconf 76' lang='grc' dir='ltr'><strong>Υἱός.</strong></span> <span class='ocrx_word' id='word_1_364' title='bbox 1174 3110 1334 3172; x_wconf 82' lang='grc' dir='ltr'>Τίνος</span> <span class='ocrx_word' id='word_1_365' title='bbox 1386 3106 1496 3178; x_wconf 88' lang='grc' dir='ltr'>γὰρ</span> <span class='ocrx_word' id='word_1_366' title='bbox 1539 3104 1771 3175; x_wconf 81' lang='grc' dir='ltr'>ἄγγελος</span> 
     </span>
    </p>
   </div>
   <div class='ocr_carea' id='block_1_50' title="bbox 1866 1927 3454 1998">
    <p class='ocr_par' dir='ltr' id='par_1_50' title="bbox 1866 1927 3454 1998">
     <span class='ocr_line' id='line_1_51' title="bbox 1866 1927 3454 1998; baseline -0.001 -15"><span class='ocrx_word' id='word_1_367' title='bbox 1866 1935 2012 1993; x_wconf 89' lang='lat' dir='ltr'><strong>sent,</strong></span> <span class='ocrx_word' id='word_1_368' title='bbox 2071 1936 2123 1981; x_wconf 89' lang='lat' dir='ltr'><strong>et</strong></span> <span class='ocrx_word' id='word_1_369' title='bbox 2158 1942 2348 1998; x_wconf 84' lang='lat' dir='ltr'><strong>greges</strong></span> <span class='ocrx_word' id='word_1_370' title='bbox 2384 1927 2461 1981; x_wconf 90' lang='lat' dir='ltr'><strong>illi</strong></span> <span class='ocrx_word' id='word_1_371' title='bbox 2495 1927 2564 1981; x_wconf 91' lang='lat' dir='ltr'><strong>ab</strong></span> <span class='ocrx_word' id='word_1_372' title='bbox 2607 1927 2730 1982; x_wconf 86' lang='lat' dir='ltr'><strong>istis</strong></span> <span class='ocrx_word' id='word_1_373' title='bbox 2770 1928 2938 1981; x_wconf 89' lang='lat' dir='ltr'><strong>trium</strong></span> <span class='ocrx_word' id='word_1_374' title='bbox 2997 1928 3210 1983; x_wconf 89' lang='lat' dir='ltr'><strong>dierum</strong></span> <span class='ocrx_word' id='word_1_375' title='bbox 3258 1929 3454 1984; x_wconf 89' lang='lat' dir='ltr'><strong>itinere</strong></span> 
     </span>
    </p>
   </div>
   <div class='ocr_carea' id='block_1_51' title="bbox 1863 2019 3456 2092">
    <p class='ocr_par' dir='ltr' id='par_1_51' title="bbox 1863 2019 3456 2092">
     <span class='ocr_line' id='line_1_52' title="bbox 1863 2019 3456 2092; baseline 0.003 -19"><span class='ocrx_word' id='word_1_376' title='bbox 1863 2019 2150 2086; x_wconf 84' lang='lat' dir='ltr'><strong>distarent,</strong></span> <span class='ocrx_word' id='word_1_377' title='bbox 2204 2019 2366 2084; x_wconf 86' lang='lat' dir='ltr'><strong>Deus,</strong></span> <span class='ocrx_word' id='word_1_378' title='bbox 2419 2020 2512 2090; x_wconf 91' lang='lat' dir='ltr'><strong>qui</strong></span> <span class='ocrx_word' id='word_1_379' title='bbox 2550 2028 2724 2074; x_wconf 88' lang='lat' dir='ltr'><strong>certat</strong></span> <span class='ocrx_word' id='word_1_380' title='bbox 2789 2036 2887 2090; x_wconf 89' lang='lat' dir='ltr'><strong>pro</strong></span> <span class='ocrx_word' id='word_1_381' title='bbox 2948 2021 3203 2091; x_wconf 88' lang='lat' dir='ltr'><strong>injuriam</strong></span> <span class='ocrx_word' id='word_1_382' title='bbox 3251 2022 3456 2092; x_wconf 78' lang='lat' dir='ltr'><strong>passis,</strong></span> 
     </span>
    </p>
   </div>
   <div class='ocr_carea' id='block_1_52' title="bbox 1863 2111 3452 2183">
    <p class='ocr_par' dir='ltr' id='par_1_52' title="bbox 1863 2111 3452 2183">
     <span class='ocr_line' id='line_1_53' title="bbox 1863 2111 3452 2183; baseline 0.003 -18"><span class='ocrx_word' id='word_1_383' title='bbox 1863 2112 2103 2167; x_wconf 79' lang='lat' dir='ltr'><strong>ostendit</strong></span> <span class='ocrx_word' id='word_1_384' title='bbox 2166 2111 2245 2165; x_wconf 90' lang='lat' dir='ltr'><strong>illi</strong></span> <span class='ocrx_word' id='word_1_385' title='bbox 2276 2114 2581 2183; x_wconf 84' lang='lat' dir='ltr'><strong>variegatos</strong></span> <span class='ocrx_word' id='word_1_386' title='bbox 2613 2114 2812 2168; x_wconf 87' lang='lat' dir='ltr'><strong>arietes</strong></span> <span class='ocrx_word' id='word_1_387' title='bbox 2844 2122 2899 2168; x_wconf 92' lang='lat' dir='ltr'><strong>et</strong></span> <span class='ocrx_word' id='word_1_388' title='bbox 2955 2114 3140 2169; x_wconf 87' lang='lat' dir='ltr'><strong>hircos</strong></span> <span class='ocrx_word' id='word_1_389' title='bbox 3190 2125 3452 2172; x_wconf 85' lang='lat' dir='ltr'><strong>coeuntes</strong></span> 
     </span>
    </p>
   </div>
   <div class='ocr_carea' id='block_1_53' title="bbox 1865 2202 3451 2275">
    <p class='ocr_par' dir='ltr' id='par_1_53' title="bbox 1865 2202 3451 2275">
     <span class='ocr_line' id='line_1_54' title="bbox 1865 2202 3451 2275; baseline 0.001 -17"><span class='ocrx_word' id='word_1_390' title='bbox 1865 2218 1991 2259; x_wconf 90' lang='lat' dir='ltr'><strong>cum</strong></span> <span class='ocrx_word' id='word_1_391' title='bbox 2025 2202 2305 2257; x_wconf 82' lang='lat' dir='ltr'><strong>femellis:</strong></span> <span class='ocrx_word' id='word_1_392' title='bbox 2362 2212 2421 2258; x_wconf 90' lang='lat' dir='ltr'><strong>ut</strong></span> <span class='ocrx_word' id='word_1_393' title='bbox 2459 2214 2816 2274; x_wconf 82' lang='lat' dir='ltr'><strong>cognosceret.</strong></span> <span class='ocrx_word' id='word_1_394' title='bbox 2876 2220 2972 2275; x_wconf 88' lang='lat' dir='ltr'><strong>per</strong></span> <span class='ocrx_word' id='word_1_395' title='bbox 3030 2206 3451 2274; x_wconf 63' lang='lat' dir='ltr'><strong>ex‘perientiam,</strong></span> 
     </span>
    </p>
   </div>
   <div class='ocr_carea' id='block_1_54' title="bbox 1866 2295 3453 2365">
    <p class='ocr_par' dir='ltr' id='par_1_54' title="bbox 1866 2295 3453 2365">
     <span class='ocr_line' id='line_1_55' title="bbox 1866 2295 3453 2365; baseline 0.004 -19"><span class='ocrx_word' id='word_1_396' title='bbox 1866 2303 2069 2365; x_wconf 86' lang='lat' dir='ltr'><strong>quanta</strong></span> <span class='ocrx_word' id='word_1_397' title='bbox 2100 2295 2441 2364; x_wconf 85' lang='lat' dir='ltr'><strong>providentia</strong></span> <span class='ocrx_word' id='word_1_398' title='bbox 2480 2296 2759 2359; x_wconf 79' lang='lat' dir='ltr'><strong>fruuntur,</strong></span> <span class='ocrx_word' id='word_1_399' title='bbox 2815 2296 2908 2365; x_wconf 90' lang='lat' dir='ltr'><strong>qui</strong></span> <span class='ocrx_word' id='word_1_400' title='bbox 2939 2296 3302 2365; x_wconf 68' lang='lat' dir='ltr'><strong>conﬁduntjn</strong></span> <span class='ocrx_word' id='word_1_401' title='bbox 3344 2296 3453 2352; x_wconf 89' lang='lat' dir='ltr'><strong>Deo</strong></span> 
     </span>
    </p>
   </div>
   <div class='ocr_carea' id='block_1_55' title="bbox 1867 2386 3454 2459">
    <p class='ocr_par' dir='ltr' id='par_1_55' title="bbox 1867 2386 3454 2459">
     <span class='ocr_line' id='line_1_56' title="bbox 1867 2386 3454 2459; baseline 0.002 -18"><span class='ocrx_word' id='word_1_402' title='bbox 1867 2387 2114 2441; x_wconf 88' lang='lat' dir='ltr'><strong>omnium</strong></span> <span class='ocrx_word' id='word_1_403' title='bbox 2146 2398 2392 2443; x_wconf 86' lang='lat' dir='ltr'><strong>auctore.</strong></span> <span class='ocrx_word' id='word_1_404' title='bbox 2426 2386 2736 2443; x_wconf 85' lang='lat' dir='ltr'><strong>Notandum</strong></span> <span class='ocrx_word' id='word_1_405' title='bbox 2773 2398 2859 2443; x_wconf 91' lang='lat' dir='ltr'><strong>est</strong></span> <span class='ocrx_word' id='word_1_406' title='bbox 2893 2398 3095 2451; x_wconf 86' lang='lat' dir='ltr'><strong>autem,</strong></span> <span class='ocrx_word' id='word_1_407' title='bbox 3131 2390 3275 2459; x_wconf 92' lang='lat' dir='ltr'><strong>quod</strong></span> <span class='ocrx_word' id='word_1_408' title='bbox 3327 2405 3454 2444; x_wconf 88' lang='lat' dir='ltr'><strong>cum</strong></span> 
     </span>
    </p>
   </div>
   <div class='ocr_carea' id='block_1_56' title="bbox 1869 2479 3454 2550">
    <p class='ocr_par' dir='ltr' id='par_1_56' title="bbox 1869 2479 3454 2550">
     <span class='ocr_line' id='line_1_57' title="bbox 1869 2479 3454 2550; baseline 0.003 -17"><span class='ocrx_word' id='word_1_409' title='bbox 1869 2479 2121 2550; x_wconf 76' lang='lat' dir='ltr'><strong>angelum</strong></span> <span class='ocrx_word' id='word_1_410' title='bbox 2152 2480 2350 2534; x_wconf 86' lang='lat' dir='ltr'><strong>dixerit</strong></span> <span class='ocrx_word' id='word_1_411' title='bbox 2378 2496 2529 2543; x_wconf 91' lang='lat' dir='ltr'><strong>eum,</strong></span> <span class='ocrx_word' id='word_1_412' title='bbox 2564 2480 2658 2549; x_wconf 92' lang='lat' dir='ltr'><strong>qui</strong></span> <span class='ocrx_word' id='word_1_413' title='bbox 2711 2488 2838 2535; x_wconf 85' lang='lat' dir='ltr'><strong>ante</strong></span> <span class='ocrx_word' id='word_1_414' title='bbox 2894 2480 3165 2550; x_wconf 85' lang='lat' dir='ltr'><strong>apparuit,</strong></span> <span class='ocrx_word' id='word_1_415' title='bbox 3200 2483 3454 2537; x_wconf 85' lang='lat' dir='ltr'><strong>eumdem</strong></span> 
     </span>
    </p>
   </div>
   <div class='ocr_carea' id='block_1_57' title="bbox 1868 2570 3450 2646">
    <p class='ocr_par' dir='ltr' id='par_1_57' title="bbox 1868 2570 3450 2646">
     <span class='ocr_line' id='line_1_58' title="bbox 1868 2570 3450 2646; baseline 0.001 -19"><span class='ocrx_word' id='word_1_416' title='bbox 1868 2573 2034 2627; x_wconf 88' lang='lat' dir='ltr'><strong>etiam</strong></span> <span class='ocrx_word' id='word_1_417' title='bbox 2066 2570 2232 2626; x_wconf 87' lang='lat' dir='ltr'><strong>Deum</strong></span> <span class='ocrx_word' id='word_1_418' title='bbox 2265 2588 2386 2627; x_wconf 76' lang='lat' dir='ltr'><strong>esse</strong></span> <span class='ocrx_word' id='word_1_419' title='bbox 2419 2571 2780 2627; x_wconf 89' lang='lat' dir='ltr'><strong>demonstrat.</strong></span> <span class='ocrx_word' id='word_1_420' title='bbox 2831 2590 2849 2624; x_wconf 79' lang='grc' dir='ltr'><strong>ι</strong></span> <span class='ocrx_word' id='word_1_421' title='bbox 2888 2573 2998 2643; x_wconf 81' lang='lat' dir='ltr'><strong>Ego</strong></span> <span class='ocrx_word' id='word_1_422' title='bbox 3031 2575 3201 2640; x_wconf 85' lang='lat' dir='ltr'><strong>enim,</strong></span> <span class='ocrx_word' id='word_1_423' title='bbox 3250 2575 3450 2646; x_wconf 87' lang='lat' dir='ltr'><strong>inquit.</strong></span> 
     </span>
    </p>
   </div>
   <div class='ocr_carea' id='block_1_58' title="bbox 1870 2665 3457 2736">
    <p class='ocr_par' dir='ltr' id='par_1_58' title="bbox 1870 2665 3457 2736">
     <span class='ocr_line' id='line_1_59' title="bbox 1870 2665 3457 2736; baseline 0.003 -15"><span class='ocrx_word' id='word_1_424' title='bbox 1870 2681 1990 2721; x_wconf 80' lang='lat' dir='ltr'><strong>Sum</strong></span> <span class='ocrx_word' id='word_1_425' title='bbox 2027 2667 2189 2731; x_wconf 87' lang='lat' dir='ltr'><strong>Deus,</strong></span> <span class='ocrx_word' id='word_1_426' title='bbox 2223 2668 2315 2736; x_wconf 92' lang='lat' dir='ltr'><strong>qui</strong></span> <span class='ocrx_word' id='word_1_427' title='bbox 2357 2666 2586 2735; x_wconf 84' lang='lat' dir='ltr'><strong>apparui</strong></span> <span class='ocrx_word' id='word_1_428' title='bbox 2625 2665 2723 2719; x_wconf 88' lang='lat' dir='ltr'><strong>tibi</strong></span> <span class='ocrx_word' id='word_1_429' title='bbox 2757 2666 2809 2720; x_wconf 91' lang='lat' dir='ltr'><strong>in</strong></span> <span class='ocrx_word' id='word_1_430' title='bbox 2850 2666 2958 2721; x_wconf 86' lang='lat' dir='ltr'><strong>via.</strong></span> <span class='ocrx_word' id='word_1_431' title='bbox 3000 2685 3019 2718; x_wconf 83' lang='grc'>›</span> <span class='ocrx_word' id='word_1_432' title='bbox 3060 2666 3284 2724; x_wconf 86' lang='lat' dir='ltr'><strong>Viderat</strong></span> <span class='ocrx_word' id='word_1_433' title='bbox 3343 2685 3457 2727; x_wconf 81' lang='lat' dir='ltr'><strong>au-</strong></span> 
     </span>
    </p>
   </div>
   <div class='ocr_carea' id='block_1_59' title="bbox 1872 2758 3458 2829">
    <p class='ocr_par' dir='ltr' id='par_1_59' title="bbox 1872 2758 3458 2829">
     <span class='ocr_line' id='line_1_60' title="bbox 1872 2758 3458 2829; baseline 0.002 -16"><span class='ocrx_word' id='word_1_434' title='bbox 1872 2766 1977 2813; x_wconf 92' lang='lat' dir='ltr'><strong>tem</strong></span> <span class='ocrx_word' id='word_1_435' title='bbox 2017 2759 2243 2828; x_wconf 77' lang='lat' dir='ltr'><strong>angelos</strong></span> <span class='ocrx_word' id='word_1_436' title='bbox 2275 2758 2499 2829; x_wconf 89' lang='lat' dir='ltr'><strong>quidem</strong></span> <span class='ocrx_word' id='word_1_437' title='bbox 2532 2760 2892 2814; x_wconf 69' lang='lat' dir='ltr'><strong>ascendentes</strong></span> <span class='ocrx_word' id='word_1_438' title='bbox 2954 2768 3009 2813; x_wconf 90' lang='lat' dir='ltr'><strong>et</strong></span> <span class='ocrx_word' id='word_1_439' title='bbox 3064 2760 3458 2817; x_wconf 80' lang='lat' dir='ltr'><strong>descendentes</strong></span> 
     </span>
    </p>
   </div>
   <div class='ocr_carea' id='block_1_60' title="bbox 1872 2844 3458 2923">
    <p class='ocr_par' dir='ltr' id='par_1_60' title="bbox 1872 2844 3458 2923">
     <span class='ocr_line' id='line_1_61' title="bbox 1872 2844 3458 2923; baseline 0.003 -19"><span class='ocrx_word' id='word_1_440' title='bbox 1872 2867 1969 2921; x_wconf 88' lang='lat' dir='ltr'><strong>per</strong></span> <span class='ocrx_word' id='word_1_441' title='bbox 2009 2853 2236 2915; x_wconf 88' lang='lat' dir='ltr'><strong>scalam,</strong></span> <span class='ocrx_word' id='word_1_442' title='bbox 2269 2849 2564 2905; x_wconf 90' lang='lat' dir='ltr'><strong>Dominum</strong></span> <span class='ocrx_word' id='word_1_443' title='bbox 2601 2849 2715 2920; x_wconf 77' lang='lat'><strong>98</strong></span> <span class='ocrx_word' id='word_1_444' title='bbox 2748 2844 3185 2907; x_wconf 70' lang='lat' dir='ltr'><strong>vero&#39;caeumiui</strong></span> <span class='ocrx_word' id='word_1_445' title='bbox 3218 2852 3338 2923; x_wconf 82' lang='lat' dir='ltr'><strong>ejus</strong></span> <span class='ocrx_word' id='word_1_446' title='bbox 3371 2857 3458 2908; x_wconf 89' lang='lat' dir='ltr'><strong>in-</strong></span> 
     </span>
    </p>
   </div>
   <div class='ocr_carea' id='block_1_61' title="bbox 1872 2941 3452 3013">
    <p class='ocr_par' dir='ltr' id='par_1_61' title="bbox 1872 2941 3452 3013">
     <span class='ocr_line' id='line_1_62' title="bbox 1872 2941 3452 3013; baseline 0.002 -17"><span class='ocrx_word' id='word_1_447' title='bbox 1872 2943 2078 2997; x_wconf 82' lang='lat' dir='ltr'><strong>ﬁxum:</strong></span> <span class='ocrx_word' id='word_1_448' title='bbox 2110 2956 2270 3013; x_wconf 87' lang='lat' dir='ltr'><strong>quem</strong></span> <span class='ocrx_word' id='word_1_449' title='bbox 2303 2941 2421 2997; x_wconf 84' lang='lat' dir='ltr'><strong>heic</strong></span> <span class='ocrx_word' id='word_1_450' title='bbox 2448 2952 2503 2996; x_wconf 88' lang='lat' dir='ltr'><strong>et</strong></span> <span class='ocrx_word' id='word_1_451' title='bbox 2528 2943 2781 3013; x_wconf 82' lang='lat' dir='ltr'><strong>angelum</strong></span> <span class='ocrx_word' id='word_1_452' title='bbox 2813 2942 3135 3010; x_wconf 81' lang='lat' dir='ltr'><strong>nominavit,</strong></span> <span class='ocrx_word' id='word_1_453' title='bbox 3175 2954 3231 2998; x_wconf 89' lang='lat' dir='ltr'><strong>et</strong></span> <span class='ocrx_word' id='word_1_454' title='bbox 3260 2943 3452 2999; x_wconf 91' lang='lat' dir='ltr'><strong>Deum.</strong></span> 
     </span>
    </p>
   </div>
   <div class='ocr_carea' id='block_1_62' title="bbox 1836 3031 3456 3107">
    <p class='ocr_par' dir='ltr' id='par_1_62' title="bbox 1836 3031 3456 3107">
     <span class='ocr_line' id='line_1_63' title="bbox 1836 3031 3456 3107; baseline 0.002 -20"><span class='ocrx_word' id='word_1_455' title='bbox 1836 3031 2070 3098; x_wconf 84' lang='lat' dir='ltr'><strong>-Deum,</strong></span> <span class='ocrx_word' id='word_1_456' title='bbox 2118 3033 2366 3103; x_wconf 82' lang='lat' dir='ltr'><strong>inquam,</strong></span> <span class='ocrx_word' id='word_1_457' title='bbox 2418 3034 2564 3105; x_wconf 83' lang='lat' dir='ltr'><strong>quod</strong></span> <span class='ocrx_word' id='word_1_458' title='bbox 2605 3042 2804 3090; x_wconf 76' lang='lat' dir='ltr'><strong>natura</strong></span> <span class='ocrx_word' id='word_1_459' title='bbox 2841 3035 2969 3090; x_wconf 84' lang='lat' dir='ltr'><strong>talis</strong></span> <span class='ocrx_word' id='word_1_460' title='bbox 3022 3036 3139 3103; x_wconf 75' lang='lat' dir='ltr'><strong>sit;</strong></span> <span class='ocrx_word' id='word_1_461' title='bbox 3200 3036 3456 3107; x_wconf 78' lang='lat' dir='ltr'><strong>angelum</strong></span> 
     </span>
    </p>
   </div>
   <div class='ocr_carea' id='block_1_63' title="bbox 1875 3127 3459 3206">
    <p class='ocr_par' dir='ltr' id='par_1_63' title="bbox 1875 3127 3459 3206">
     <span class='ocr_line' id='line_1_64' title="bbox 1875 3127 3459 3206; baseline 0.004 -26"><span class='ocrx_word' id='word_1_462' title='bbox 1875 3141 2024 3193; x_wconf 84' lang='lat' dir='ltr'><strong>vero,</strong></span> <span class='ocrx_word' id='word_1_463' title='bbox 2078 3134 2139 3181; x_wconf 91' lang='lat' dir='ltr'><strong>ut</strong></span> <span class='ocrx_word' id='word_1_464' title='bbox 2172 3127 2437 3193; x_wconf 88' lang='lat' dir='ltr'><strong>sciamus,</strong></span> <span class='ocrx_word' id='word_1_465' title='bbox 2481 3143 2590 3182; x_wconf 83' lang='lat' dir='ltr'><strong>non</strong></span> <span class='ocrx_word' id='word_1_466' title='bbox 2644 3143 2769 3183; x_wconf 83' lang='lat' dir='ltr'><strong>esse</strong></span> <span class='ocrx_word' id='word_1_467' title='bbox 2830 3128 2998 3183; x_wconf 85' lang='lat' dir='ltr'><strong>Deum</strong></span> <span class='ocrx_word' id='word_1_468' title='bbox 3064 3128 3303 3197; x_wconf 87' lang='lat' dir='ltr'><strong>Patrem,</strong></span> <span class='ocrx_word' id='word_1_469' title='bbox 3360 3131 3459 3206; x_wconf 72' lang='lat' dir='ltr'><strong>qui</strong></span> 
     </span>
    </p>
   </div>
   <div class='ocr_carea' id='block_1_64' title="bbox 182 3193 1806 3293">
    <p class='ocr_par' dir='ltr' id='par_1_64' title="bbox 182 3195 1806 3293">
     <span class='ocr_line' id='line_1_65' title="bbox 182 3195 1806 3293; baseline -0.012 -28"><span class='ocrx_word' id='word_1_470' title='bbox 182 3213 209 3265; x_wconf 89' lang='lat'><strong>6</strong></span> <span class='ocrx_word' id='word_1_471' title='bbox 244 3211 480 3282; x_wconf 84' lang='grc' dir='ltr'>Πατήρ;</span> <span class='ocrx_word' id='word_1_472' title='bbox 527 3208 587 3262; x_wconf 88' lang='lat'><strong>&#39;0</strong></span> <span class='ocrx_word' id='word_1_473' title='bbox 614 3207 673 3262; x_wconf 81' lang='grc' dir='ltr'><strong>δὲ</strong></span> <span class='ocrx_word' id='word_1_474' title='bbox 698 3204 850 3271; x_wconf 72' lang='grc' dir='ltr'>Υἱὸς,</span> <span class='ocrx_word' id='word_1_475' title='bbox 883 3204 980 3259; x_wconf 84' lang='grc' dir='ltr'><strong>καὶ</strong></span> <span class='ocrx_word' id='word_1_476' title='bbox 1004 3202 1161 3265; x_wconf 82' lang='grc' dir='ltr'>Θεὸς,</span> <span class='ocrx_word' id='word_1_477' title='bbox 1186 3200 1280 3293; x_wconf 80' lang='grc' dir='ltr'><strong>καὶ</strong></span> <span class='ocrx_word' id='word_1_478' title='bbox 1305 3197 1549 3293; x_wconf 35' lang='lat' dir='ltr'><strong>perdi—1];</strong></span> <span class='ocrx_word' id='word_1_479' title='bbox 1572 3195 1766 3293; x_wconf 84' lang='grc' dir='ltr'>βουλῆς</span> <span class='ocrx_word' id='word_1_480' title='bbox 1795 3200 1806 3246; x_wconf 75' lang='grc'><strong>4</strong></span> 
     </span>
    </p>
   </div>
   <div class='ocr_carea' id='block_1_65' title="bbox 1875 3193 3458 3293">
    <p class='ocr_par' dir='ltr' id='par_1_65' title="bbox 1875 3193 3458 3293">
     <span class='ocr_line' id='line_1_66' title="bbox 1875 3193 3458 3293; baseline 0.002 -19"><span class='ocrx_word' id='word_1_481' title='bbox 1875 3220 2142 3289; x_wconf 79' lang='lat' dir='ltr'><strong>apparuit,</strong></span> <span class='ocrx_word' id='word_1_482' title='bbox 2173 3220 2270 3275; x_wconf 86' lang='lat' dir='ltr'><strong>sed</strong></span> <span class='ocrx_word' id='word_1_483' title='bbox 2317 3220 2654 3291; x_wconf 79' lang='lat' dir='ltr'><strong>unigenitum</strong></span> <span class='ocrx_word' id='word_1_484' title='bbox 2687 3220 2906 3277; x_wconf 84' lang='lat' dir='ltr'><strong>Filium.</strong></span> <span class='ocrx_word' id='word_1_485' title='bbox 2958 3220 3238 3293; x_wconf 88' lang='lat' dir='ltr'><strong>Siquidem</strong></span> <span class='ocrx_word' id='word_1_486' title='bbox 3290 3193 3458 3278; x_wconf 34' lang='lat' dir='ltr'><strong>.Pate&#39;r</strong></span> 
     </span>
    </p>
   </div>
   <div class='ocr_carea' id='block_1_66' title="bbox 182 3287 1772 3373">
    <p class='ocr_par' dir='ltr' id='par_1_66' title="bbox 182 3287 1772 3373">
     <span class='ocr_line' id='line_1_67' title="bbox 182 3287 1772 3373; baseline -0.013 -14"><span class='ocrx_word' id='word_1_487' title='bbox 182 3305 436 3373; x_wconf 81' lang='grc' dir='ltr'>ἄγγελος.</span> <span class='ocrx_word' id='word_1_488' title='bbox 462 3300 638 3365; x_wconf 77' lang='grc' dir='ltr'>Αὐτὸς</span> <span class='ocrx_word' id='word_1_489' title='bbox 671 3299 783 3370; x_wconf 86' lang='grc' dir='ltr'>γὰρ</span> <span class='ocrx_word' id='word_1_490' title='bbox 814 3299 952 3368; x_wconf 76' lang='grc' dir='ltr'>ἡμῖν</span> <span class='ocrx_word' id='word_1_491' title='bbox 1000 3292 1304 3365; x_wconf 81' lang='grc' dir='ltr'>ἀπήγγειλε</span> <span class='ocrx_word' id='word_1_492' title='bbox 1330 3289 1426 3344; x_wconf 80' lang='grc' dir='ltr'><strong>τοῦ</strong></span> <span class='ocrx_word' id='word_1_493' title='bbox 1459 3289 1672 3359; x_wconf 85' lang='grc' dir='ltr'>Πατρὸς</span> <span class='ocrx_word' id='word_1_494' title='bbox 1703 3287 1772 3340; x_wconf 82' lang='grc' dir='ltr'>τὰ</span> 
     </span>
    </p>
   </div>
   <div class='ocr_carea' id='block_1_67' title="bbox 188 3380 1772 3467">
    <p class='ocr_par' dir='ltr' id='par_1_67' title="bbox 188 3380 1772 3467">
     <span class='ocr_line' id='line_1_68' title="bbox 188 3380 1772 3467; baseline -0.013 -16"><span class='ocrx_word' id='word_1_495' title='bbox 188 3398 482 3467; x_wconf 76' lang='grc' dir='ltr'>μυστήρια.</span> <span class='ocrx_word' id='word_1_496' title='bbox 520 3412 540 3446; x_wconf 74' lang='grc' dir='ltr'><strong>ι</strong></span> <span class='ocrx_word' id='word_1_497' title='bbox 584 3392 659 3447; x_wconf 76' lang='grc' dir='ltr'><strong>Ἀ</strong></span> <span class='ocrx_word' id='word_1_498' title='bbox 690 3391 802 3463; x_wconf 86' lang='grc' dir='ltr'>γὰρ</span> <span class='ocrx_word' id='word_1_499' title='bbox 836 3390 1066 3461; x_wconf 71' lang='grc' dir='ltr'>ἥκουσα,</span> <span class='ocrx_word' id='word_1_500' title='bbox 1122 3383 1278 3455; x_wconf 72' lang='grc' dir='ltr'>φησὶ,</span> <span class='ocrx_word' id='word_1_501' title='bbox 1317 3382 1468 3455; x_wconf 75' lang='grc' dir='ltr'>παρὰ</span> <span class='ocrx_word' id='word_1_502' title='bbox 1518 3380 1615 3435; x_wconf 80' lang='grc' dir='ltr'><strong>τοῦ</strong></span> <span class='ocrx_word' id='word_1_503' title='bbox 1656 3380 1772 3439; x_wconf 86' lang='grc' dir='ltr'><strong>Πα-</strong></span> 
     </span>
    </p>
   </div>
   <div class='ocr_carea' id='block_1_68' title="bbox 184 3471 1771 3556">
    <p class='ocr_par' dir='ltr' id='par_1_68' title="bbox 184 3471 1771 3556">
     <span class='ocr_line' id='line_1_69' title="bbox 184 3471 1771 3556; baseline -0.011 -16"><span class='ocrx_word' id='word_1_504' title='bbox 184 3486 305 3556; x_wconf 76' lang='grc' dir='ltr'>τρός</span> <span class='ocrx_word' id='word_1_505' title='bbox 338 3503 470 3556; x_wconf 82' lang='grc' dir='ltr'>μου,</span> <span class='ocrx_word' id='word_1_506' title='bbox 493 3481 774 3555; x_wconf 73' lang='grc' dir='ltr'>ἐγνώρισα</span> <span class='ocrx_word' id='word_1_507' title='bbox 802 3482 957 3553; x_wconf 86' lang='grc' dir='ltr'>ὑμῖν.</span> <span class='ocrx_word' id='word_1_508' title='bbox 992 3497 1010 3531; x_wconf 75' lang='grc' dir='ltr'><strong>ι</strong></span> <span class='ocrx_word' id='word_1_509' title='bbox 1047 3475 1206 3530; x_wconf 76' lang='grc' dir='ltr'>Οὕτω</span> <span class='ocrx_word' id='word_1_510' title='bbox 1228 3473 1325 3528; x_wconf 70' lang='grc' dir='ltr'><strong>καὶ</strong></span> <span class='ocrx_word' id='word_1_511' title='bbox 1341 3473 1434 3527; x_wconf 83' lang='grc' dir='ltr'><strong>τὸν</strong></span> <span class='ocrx_word' id='word_1_512' title='bbox 1460 3471 1771 3543; x_wconf 85' lang='grc' dir='ltr'>κεκληκότα</span> 
     </span>
    </p>
   </div>
   <div class='ocr_carea' id='block_1_69' title="bbox 187 3561 1774 3648">
    <p class='ocr_par' dir='ltr' id='par_1_69' title="bbox 187 3561 1774 3648">
     <span class='ocr_line' id='line_1_70' title="bbox 187 3561 1774 3648; baseline -0.011 -17"><span class='ocrx_word' id='word_1_513' title='bbox 187 3577 270 3630; x_wconf 76' lang='grc' dir='ltr'>τὸν</span> <span class='ocrx_word' id='word_1_514' title='bbox 318 3575 583 3648; x_wconf 83' lang='grc' dir='ltr'>Ἀϐραὰμ</span> <span class='ocrx_word' id='word_1_515' title='bbox 651 3572 764 3643; x_wconf 88' lang='grc'><strong>(88)</strong></span> <span class='ocrx_word' id='word_1_516' title='bbox 802 3610 819 3636; x_wconf 97' lang='grc'><strong>,</strong></span> <span class='ocrx_word' id='word_1_517' title='bbox 885 3570 984 3625; x_wconf 76' lang='grc' dir='ltr'>καὶ</span> <span class='ocrx_word' id='word_1_518' title='bbox 1044 3566 1279 3639; x_wconf 70' lang='grc' dir='ltr'>ἄγγελον</span> <span class='ocrx_word' id='word_1_519' title='bbox 1325 3564 1608 3636; x_wconf 76' lang='grc' dir='ltr'>ὠνόμασε,</span> <span class='ocrx_word' id='word_1_520' title='bbox 1679 3561 1774 3616; x_wconf 64' lang='grc' dir='ltr'><strong>καὶ⁸</strong></span> 
     </span>
    </p>
   </div>
   <div class='ocr_carea' id='block_1_70' title="bbox 187 3666 335 3723">
    <p class='ocr_par' dir='ltr' id='par_1_70' title="bbox 187 3666 335 3723">
     <span class='ocr_line' id='line_1_71' title="bbox 187 3666 335 3723; baseline 0.007 -1"><span class='ocrx_word' id='word_1_521' title='bbox 187 3666 335 3723; x_wconf 84' lang='grc' dir='ltr'>Θεύν.</span> 
     </span>
    </p>
   </div>
   <div class='ocr_carea' id='block_1_71' title="bbox 809 3898 1153 3964">
    <p class='ocr_par' dir='ltr' id='par_1_71' title="bbox 809 3898 1153 3964">
     <span class='ocr_line' id='line_1_72' title="bbox 809 3898 1153 3964; baseline -0.012 -9"><span class='ocrx_word' id='word_1_522' title='bbox 809 3898 1010 3955; x_wconf 86' lang='grc' dir='ltr'><strong>ΕΡΩΤ.</strong></span> <span class='ocrx_word' id='word_1_523' title='bbox 1083 3901 1153 3964; x_wconf 55' lang='grc' dir='ltr'><strong>ιβ.</strong></span> 
     </span>
    </p>
   </div>
   <div class='ocr_carea' id='block_1_72' title="bbox 325 4005 1632 4084">
    <p class='ocr_par' dir='ltr' id='par_1_72' title="bbox 325 4005 1632 4084">
     <span class='ocr_line' id='line_1_73' title="bbox 325 4005 1632 4084; baseline -0.009 -12"><span class='ocrx_word' id='word_1_524' title='bbox 325 4018 430 4084; x_wconf 82' lang='grc' dir='ltr'><strong>Τις</strong></span> <span class='ocrx_word' id='word_1_525' title='bbox 474 4013 709 4081; x_wconf 76' lang='grc' dir='ltr'>σκοπὸς</span> <span class='ocrx_word' id='word_1_526' title='bbox 750 4011 865 4080; x_wconf 74' lang='grc' dir='ltr'>τῆς</span> <span class='ocrx_word' id='word_1_527' title='bbox 906 4009 1027 4066; x_wconf 73' lang='grc' dir='ltr'><strong>τῶν</strong></span> <span class='ocrx_word' id='word_1_528' title='bbox 1054 4007 1322 4065; x_wconf 65' lang='grc' dir='ltr'>εἰδώλων</span> <span class='ocrx_word' id='word_1_529' title='bbox 1357 4005 1632 4074; x_wconf 52' lang='grc' dir='ltr'>κλοπῆς</span> 
     </span>
    </p>
   </div>
   <div class='ocr_carea' id='block_1_73' title="bbox 254 4098 1777 4180">
    <p class='ocr_par' dir='ltr' id='par_1_73' title="bbox 254 4098 1777 4180">
     <span class='ocr_line' id='line_1_74' title="bbox 254 4098 1777 4180; baseline -0.012 -11"><span class='ocrx_word' id='word_1_530' title='bbox 254 4112 414 4175; x_wconf 81' lang='grc' dir='ltr'>Τινὲς</span> <span class='ocrx_word' id='word_1_531' title='bbox 453 4109 685 4180; x_wconf 74' lang='grc' dir='ltr'>ἔφασαν,</span> <span class='ocrx_word' id='word_1_532' title='bbox 713 4105 797 4159; x_wconf 72' lang='grc' dir='ltr'>ἔτι</span> <span class='ocrx_word' id='word_1_533' title='bbox 824 4103 1178 4174; x_wconf 84' lang='grc' dir='ltr'>διακειμένην</span> <span class='ocrx_word' id='word_1_534' title='bbox 1200 4101 1328 4171; x_wconf 76' lang='grc' dir='ltr'>περὶ</span> <span class='ocrx_word' id='word_1_535' title='bbox 1346 4100 1488 4155; x_wconf 83' lang='grc' dir='ltr'>αὐτὰ</span> <span class='ocrx_word' id='word_1_536' title='bbox 1511 4100 1611 4171; x_wconf 78' lang='grc' dir='ltr'>τὴν</span> <span class='ocrx_word' id='word_1_537' title='bbox 1652 4098 1777 4152; x_wconf 76' lang='grc' dir='ltr'><strong>Ῥα-</strong></span> 
     </span>
    </p>
   </div>
   <div class='ocr_carea' id='block_1_74' title="bbox 190 4187 1779 4275">
    <p class='ocr_par' dir='ltr' id='par_1_74' title="bbox 190 4187 1779 4275">
     <span class='ocr_line' id='line_1_75' title="bbox 190 4187 1779 4275; baseline -0.011 -18"><span class='ocrx_word' id='word_1_538' title='bbox 190 4203 286 4275; x_wconf 81' lang='grc' dir='ltr'><strong>χὴλ</strong></span> <span class='ocrx_word' id='word_1_539' title='bbox 326 4199 666 4269; x_wconf 82' lang='grc' dir='ltr'>κεκλοφέναι</span> <span class='ocrx_word' id='word_1_540' title='bbox 699 4195 876 4251; x_wconf 81' lang='grc' dir='ltr'>αὑτάο</span> <span class='ocrx_word' id='word_1_541' title='bbox 925 4194 1039 4263; x_wconf 75' lang='grc' dir='ltr'>ἐγὼ</span> <span class='ocrx_word' id='word_1_542' title='bbox 1085 4193 1146 4247; x_wconf 83' lang='grc' dir='ltr'>δὲ</span> <span class='ocrx_word' id='word_1_543' title='bbox 1189 4189 1503 4247; x_wconf 84' lang='grc' dir='ltr'>τούναντίον</span> <span class='ocrx_word' id='word_1_544' title='bbox 1535 4187 1779 4258; x_wconf 78' lang='grc' dir='ltr'>ὑπολαμ-</span> 
     </span>
    </p>
   </div>
   <div class='ocr_carea' id='block_1_75' title="bbox 190 4277 1781 4357">
    <p class='ocr_par' dir='ltr' id='par_1_75' title="bbox 190 4277 1781 4357">
     <span class='ocr_line' id='line_1_76' title="bbox 190 4277 1781 4357; baseline -0.014 -7"><span class='ocrx_word' id='word_1_545' title='bbox 190 4295 353 4357; x_wconf 69' lang='grc' dir='ltr'>ϐάνω,</span> <span class='ocrx_word' id='word_1_546' title='bbox 389 4293 480 4346; x_wconf 81' lang='grc' dir='ltr'><strong>ὅτι</strong></span> <span class='ocrx_word' id='word_1_547' title='bbox 512 4290 608 4344; x_wconf 86' lang='grc' dir='ltr'><strong>καί</strong></span> <span class='ocrx_word' id='word_1_548' title='bbox 637 4287 730 4340; x_wconf 81' lang='grc' dir='ltr'><strong>τὸν</strong></span> <span class='ocrx_word' id='word_1_549' title='bbox 779 4284 994 4356; x_wconf 81' lang='grc' dir='ltr'>πατέρα</span> <span class='ocrx_word' id='word_1_550' title='bbox 1033 4282 1139 4351; x_wconf 72' lang='grc' dir='ltr'>τῆς</span> <span class='ocrx_word' id='word_1_551' title='bbox 1181 4277 1604 4349; x_wconf 80' lang='grc' dir='ltr'>δεισιδαιμονίας</span> <span class='ocrx_word' id='word_1_552' title='bbox 1630 4277 1781 4330; x_wconf 73' lang='grc' dir='ltr'>ἐλευ-</span> 
     </span>
    </p>
   </div>
   <div class='ocr_carea' id='block_1_76' title="bbox 194 4368 1781 4457">
    <p class='ocr_par' dir='ltr' id='par_1_76' title="bbox 194 4368 1781 4457">
     <span class='ocr_line' id='line_1_77' title="bbox 194 4368 1781 4457; baseline -0.012 -18"><span class='ocrx_word' id='word_1_553' title='bbox 194 4385 432 4457; x_wconf 84' lang='grc' dir='ltr'>θερῶσαι</span> <span class='ocrx_word' id='word_1_554' title='bbox 474 4379 779 4453; x_wconf 79' lang='grc' dir='ltr'>βουλομένη</span> <span class='ocrx_word' id='word_1_555' title='bbox 830 4376 1134 4447; x_wconf 81' lang='grc' dir='ltr'>σεσύληκεν</span> <span class='ocrx_word' id='word_1_556' title='bbox 1180 4372 1340 4429; x_wconf 79' lang='grc' dir='ltr'>αὑτά.</span> <span class='ocrx_word' id='word_1_557' title='bbox 1378 4370 1453 4425; x_wconf 83' lang='grc' dir='ltr'><strong>Τὸ</strong></span> <span class='ocrx_word' id='word_1_558' title='bbox 1487 4368 1597 4440; x_wconf 86' lang='grc' dir='ltr'>γὰρ</span> <span class='ocrx_word' id='word_1_559' title='bbox 1624 4368 1781 4425; x_wconf 85' lang='grc' dir='ltr'>εὐσε-</span> 
     </span>
    </p>
   </div>
   <div class='ocr_carea' id='block_1_77' title="bbox 196 4460 1775 4546">
    <p class='ocr_par' dir='ltr' id='par_1_77' title="bbox 196 4460 1775 4546">
     <span class='ocr_line' id='line_1_78' title="bbox 196 4460 1775 4546; baseline -0.012 -15"><span class='ocrx_word' id='word_1_560' title='bbox 196 4477 280 4538; x_wconf 76' lang='grc' dir='ltr'>ϐὲς</span> <span class='ocrx_word' id='word_1_561' title='bbox 305 4477 481 4546; x_wconf 71' lang='grc' dir='ltr'>αὐτῆς</span> <span class='ocrx_word' id='word_1_562' title='bbox 510 4476 544 4545; x_wconf 84' lang='grc' dir='ltr'>ὴ</span> <span class='ocrx_word' id='word_1_563' title='bbox 567 4472 689 4527; x_wconf 80' lang='grc' dir='ltr'>θεία</span> <span class='ocrx_word' id='word_1_564' title='bbox 717 4470 960 4526; x_wconf 77' lang='grc' dir='ltr'>διδάσκει</span> <span class='ocrx_word' id='word_1_565' title='bbox 998 4467 1187 4539; x_wconf 76' lang='grc' dir='ltr'>Γραφή</span> <span class='ocrx_word' id='word_1_566' title='bbox 1208 4481 1222 4494; x_wconf 91' lang='grc'><strong>·</strong></span> <span class='ocrx_word' id='word_1_567' title='bbox 1266 4481 1286 4516; x_wconf 73' lang='grc' dir='ltr'><strong>ι</strong></span> <span class='ocrx_word' id='word_1_568' title='bbox 1330 4461 1613 4533; x_wconf 79' lang='grc' dir='ltr'>Ἐμνήσθη</span> <span class='ocrx_word' id='word_1_569' title='bbox 1639 4460 1775 4530; x_wconf 84' lang='grc' dir='ltr'>γὰρ,</span> 
     </span>
    </p>
   </div>
   <div class='ocr_carea' id='block_1_78' title="bbox 1873 3311 3457 3382">
    <p class='ocr_par' dir='ltr' id='par_1_78' title="bbox 1873 3311 3457 3382">
     <span class='ocr_line' id='line_1_79' title="bbox 1873 3311 3457 3382; baseline 0.001 -15"><span class='ocrx_word' id='word_1_570' title='bbox 1873 3311 2168 3382; x_wconf 70' lang='lat' dir='ltr'><strong>cuiusnam</strong></span> <span class='ocrx_word' id='word_1_571' title='bbox 2194 3312 2422 3381; x_wconf 78' lang='lat' dir='ltr'><strong>angelus</strong></span> <span class='ocrx_word' id='word_1_572' title='bbox 2464 3327 2589 3368; x_wconf 85' lang='lat' dir='ltr'><strong>esse</strong></span> <span class='ocrx_word' id='word_1_573' title='bbox 2630 3312 2846 3382; x_wconf 87' lang='lat' dir='ltr'><strong>possit?</strong></span> <span class='ocrx_word' id='word_1_574' title='bbox 2878 3312 3050 3369; x_wconf 88' lang='lat' dir='ltr'><strong>Filius</strong></span> <span class='ocrx_word' id='word_1_575' title='bbox 3105 3323 3286 3369; x_wconf 87' lang='lat' dir='ltr'><strong>autem</strong></span> <span class='ocrx_word' id='word_1_576' title='bbox 3342 3326 3457 3369; x_wconf 88' lang='lat' dir='ltr'><strong>tum</strong></span> 
     </span>
    </p>
   </div>
   <div class='ocr_carea' id='block_1_79' title="bbox 1874 3404 3459 3477">
    <p class='ocr_par' dir='ltr' id='par_1_79' title="bbox 1874 3404 3459 3477">
     <span class='ocr_line' id='line_1_80' title="bbox 1874 3404 3459 3477; baseline 0.004 -21"><span class='ocrx_word' id='word_1_577' title='bbox 1874 3404 2041 3470; x_wconf 88' lang='lat' dir='ltr'><strong>Deus,</strong></span> <span class='ocrx_word' id='word_1_578' title='bbox 2073 3414 2188 3459; x_wconf 93' lang='lat' dir='ltr'><strong>tum</strong></span> <span class='ocrx_word' id='word_1_579' title='bbox 2242 3405 2425 3476; x_wconf 88' lang='lat' dir='ltr'><strong>magni</strong></span> <span class='ocrx_word' id='word_1_580' title='bbox 2461 3405 2678 3460; x_wconf 91' lang='lat' dir='ltr'><strong>consilii</strong></span> <span class='ocrx_word' id='word_1_581' title='bbox 2738 3414 2822 3460; x_wconf 91' lang='lat' dir='ltr'><strong>est</strong></span> <span class='ocrx_word' id='word_1_582' title='bbox 2853 3407 3103 3476; x_wconf 88' lang='lat' dir='ltr'><strong>angelus.</strong></span> <span class='ocrx_word' id='word_1_583' title='bbox 3138 3407 3279 3462; x_wconf 79' lang='lat' dir='ltr'><strong>Nam</strong></span> <span class='ocrx_word' id='word_1_584' title='bbox 3342 3407 3459 3477; x_wconf 86' lang='lat' dir='ltr'><strong>ipse</strong></span> 
     </span>
    </p>
   </div>
   <div class='ocr_carea' id='block_1_80' title="bbox 1874 3495 3459 3569">
    <p class='ocr_par' dir='ltr' id='par_1_80' title="bbox 1874 3495 3459 3569">
     <span class='ocr_line' id='line_1_81' title="bbox 1874 3495 3459 3569; baseline 0.001 -19"><span class='ocrx_word' id='word_1_585' title='bbox 1874 3496 2034 3552; x_wconf 90' lang='lat' dir='ltr'><strong>nobis</strong></span> <span class='ocrx_word' id='word_1_586' title='bbox 2072 3495 2422 3550; x_wconf 88' lang='lat' dir='ltr'><strong>annuntiavit</strong></span> <span class='ocrx_word' id='word_1_587' title='bbox 2452 3497 2714 3569; x_wconf 83' lang='lat' dir='ltr'><strong>mysteria</strong></span> <span class='ocrx_word' id='word_1_588' title='bbox 2772 3496 2988 3553; x_wconf 86' lang='lat' dir='ltr'><strong>Patris:</strong></span> <span class='ocrx_word' id='word_1_589' title='bbox 3048 3517 3066 3550; x_wconf 75' lang='grc' dir='ltr'><strong>ι</strong></span> <span class='ocrx_word' id='word_1_590' title='bbox 3099 3496 3231 3565; x_wconf 71' lang='lat' dir='ltr'><strong>Qua:</strong></span> <span class='ocrx_word' id='word_1_591' title='bbox 3286 3500 3459 3565; x_wconf 91' lang='lat' dir='ltr'><strong>enim,</strong></span> 
     </span>
    </p>
   </div>
   <div class='ocr_carea' id='block_1_81' title="bbox 1874 3587 3457 3660">
    <p class='ocr_par' dir='ltr' id='par_1_81' title="bbox 1874 3587 3457 3660">
     <span class='ocr_line' id='line_1_82' title="bbox 1874 3587 3457 3660; baseline -0.001 -16"><span class='ocrx_word' id='word_1_592' title='bbox 1874 3588 2074 3660; x_wconf 71' lang='lat' dir='ltr'><strong>inquit,</strong></span> <span class='ocrx_word' id='word_1_593' title='bbox 2134 3589 2318 3649; x_wconf 89' lang='lat' dir='ltr'><strong>audivi</strong></span> <span class='ocrx_word' id='word_1_594' title='bbox 2349 3604 2381 3643; x_wconf 91' lang='lat' dir='ltr'><strong>a</strong></span> <span class='ocrx_word' id='word_1_595' title='bbox 2421 3587 2580 3647; x_wconf 81' lang='lat' dir='ltr'><strong>Patre</strong></span> <span class='ocrx_word' id='word_1_596' title='bbox 2614 3605 2761 3657; x_wconf 87' lang='lat' dir='ltr'><strong>meo,</strong></span> <span class='ocrx_word' id='word_1_597' title='bbox 2815 3599 2945 3647; x_wconf 88' lang='lat' dir='ltr'><strong>nota</strong></span> <span class='ocrx_word' id='word_1_598' title='bbox 3003 3590 3108 3646; x_wconf 83' lang='lat' dir='ltr'><strong>feci</strong></span> <span class='ocrx_word' id='word_1_599' title='bbox 3170 3591 3327 3647; x_wconf 85' lang='lat' dir='ltr'><strong>vobis</strong></span> <span class='ocrx_word' id='word_1_600' title='bbox 3352 3601 3398 3646; x_wconf 84' lang='lat' dir='ltr'><strong>P.</strong></span> <span class='ocrx_word' id='word_1_601' title='bbox 3436 3610 3457 3642; x_wconf 70' lang='grc' dir='ltr'><strong>ι</strong></span> 
     </span>
    </p>
   </div>
   <div class='ocr_carea' id='block_1_82' title="bbox 1876 3677 3461 3751">
    <p class='ocr_par' dir='ltr' id='par_1_82' title="bbox 1876 3677 3461 3751">
     <span class='ocr_line' id='line_1_83' title="bbox 1876 3677 3461 3751; baseline 0.003 -17"><span class='ocrx_word' id='word_1_602' title='bbox 1876 3677 1981 3735; x_wconf 90' lang='lat' dir='ltr'><strong>Sed</strong></span> <span class='ocrx_word' id='word_1_603' title='bbox 2018 3678 2181 3734; x_wconf 85' lang='lat' dir='ltr'><strong>etiam</strong></span> <span class='ocrx_word' id='word_1_604' title='bbox 2215 3694 2363 3746; x_wconf 90' lang='lat' dir='ltr'><strong>eum,</strong></span> <span class='ocrx_word' id='word_1_605' title='bbox 2420 3680 2512 3751; x_wconf 91' lang='lat' dir='ltr'><strong>qui</strong></span> <span class='ocrx_word' id='word_1_606' title='bbox 2540 3681 2915 3739; x_wconf 88' lang='lat' dir='ltr'><strong>Abrahamum</strong></span> <span class='ocrx_word' id='word_1_607' title='bbox 2950 3692 3259 3749; x_wconf 85' lang='lat' dir='ltr'><strong>vocaverat,</strong></span> <span class='ocrx_word' id='word_1_608' title='bbox 3289 3694 3461 3738; x_wconf 89' lang='lat' dir='ltr'><strong>etan-</strong></span> 
     </span>
    </p>
   </div>
   <div class='ocr_carea' id='block_1_83' title="bbox 1874 3772 2722 3842">
    <p class='ocr_par' dir='ltr' id='par_1_83' title="bbox 1874 3772 2722 3842">
     <span class='ocr_line' id='line_1_84' title="bbox 1874 3772 2722 3842; baseline 0.002 -16"><span class='ocrx_word' id='word_1_609' title='bbox 1874 3773 2054 3842; x_wconf 88' lang='lat' dir='ltr'><strong>gelum</strong></span> <span class='ocrx_word' id='word_1_610' title='bbox 2088 3774 2410 3842; x_wconf 87' lang='lat' dir='ltr'><strong>nominavit,</strong></span> <span class='ocrx_word' id='word_1_611' title='bbox 2443 3783 2497 3828; x_wconf 89' lang='lat' dir='ltr'><strong>et</strong></span> <span class='ocrx_word' id='word_1_612' title='bbox 2528 3772 2722 3828; x_wconf 91' lang='lat' dir='ltr'><strong>Deum.</strong></span> 
     </span>
    </p>
   </div>
   <div class='ocr_carea' id='block_1_84' title="bbox 2429 3887 2868 3949">
    <p class='ocr_par' dir='ltr' id='par_1_84' title="bbox 2429 3887 2868 3949">
     <span class='ocr_line' id='line_1_85' title="bbox 2429 3887 2868 3949; baseline 0 -7"><span class='ocrx_word' id='word_1_613' title='bbox 2429 3887 2714 3949; x_wconf 78' lang='lat' dir='ltr'><strong>INTERR.</strong></span> <span class='ocrx_word' id='word_1_614' title='bbox 2756 3888 2868 3942; x_wconf 75' lang='lat' dir='ltr'><strong>XC.</strong></span> 
     </span>
    </p>
   </div>
   <div class='ocr_carea' id='block_1_85' title="bbox 2095 4000 3247 4070">
    <p class='ocr_par' dir='ltr' id='par_1_85' title="bbox 2095 4000 3247 4070">
     <span class='ocr_line' id='line_1_86' title="bbox 2095 4000 3247 4070; baseline 0 -15"><span class='ocrx_word' id='word_1_615' title='bbox 2095 4001 2228 4068; x_wconf 73' lang='lat' dir='ltr'><strong>Quis</strong></span> <span class='ocrx_word' id='word_1_616' title='bbox 2276 4000 2542 4055; x_wconf 80' lang='lat' dir='ltr'><strong>idolorum</strong></span> <span class='ocrx_word' id='word_1_617' title='bbox 2596 4001 2967 4068; x_wconf 76' lang='lat' dir='ltr'><strong>subreptorum</strong></span> <span class='ocrx_word' id='word_1_618' title='bbox 3016 4002 3247 4070; x_wconf 73' lang='lat' dir='ltr'><strong>scapus?</strong></span> 
     </span>
    </p>
   </div>
   <div class='ocr_carea' id='block_1_86' title="bbox 1950 4090 3461 4163">
    <p class='ocr_par' dir='ltr' id='par_1_86' title="bbox 1950 4090 3461 4163">
     <span class='ocr_line' id='line_1_87' title="bbox 1950 4090 3461 4163; baseline 0.001 -15"><span class='ocrx_word' id='word_1_619' title='bbox 1950 4092 2183 4159; x_wconf 79' lang='lat' dir='ltr'><strong>Quidam</strong></span> <span class='ocrx_word' id='word_1_620' title='bbox 2214 4092 2495 4154; x_wconf 81' lang='lat' dir='ltr'><strong>dixerunt,</strong></span> <span class='ocrx_word' id='word_1_621' title='bbox 2550 4090 2842 4147; x_wconf 77' lang='lat' dir='ltr'><strong>Rachelem</strong></span> <span class='ocrx_word' id='word_1_622' title='bbox 2893 4091 3235 4162; x_wconf 85' lang='lat' dir='ltr'><strong>subripuisse</strong></span> <span class='ocrx_word' id='word_1_623' title='bbox 3292 4094 3461 4163; x_wconf 86' lang='lat' dir='ltr'><strong>idola,</strong></span> 
     </span>
    </p>
   </div>
   <div class='ocr_carea' id='block_1_87' title="bbox 1880 4181 3463 4252">
    <p class='ocr_par' dir='ltr' id='par_1_87' title="bbox 1880 4181 3463 4252">
     <span class='ocr_line' id='line_1_88' title="bbox 1880 4181 3463 4252; baseline 0.004 -19"><span class='ocrx_word' id='word_1_624' title='bbox 1880 4193 2101 4252; x_wconf 84' lang='lat' dir='ltr'><strong>propter</strong></span> <span class='ocrx_word' id='word_1_625' title='bbox 2130 4181 2299 4236; x_wconf 87' lang='lat' dir='ltr'><strong>animi</strong></span> <span class='ocrx_word' id='word_1_626' title='bbox 2336 4181 2602 4246; x_wconf 83' lang='lat' dir='ltr'><strong>studium,</strong></span> <span class='ocrx_word' id='word_1_627' title='bbox 2653 4195 2763 4251; x_wconf 92' lang='lat' dir='ltr'><strong>quo</strong></span> <span class='ocrx_word' id='word_1_628' title='bbox 2791 4182 2973 4237; x_wconf 87' lang='lat' dir='ltr'><strong>adhuc</strong></span> <span class='ocrx_word' id='word_1_629' title='bbox 3025 4184 3463 4251; x_wconf 83' lang='lat' dir='ltr'><strong>amplectebatur</strong></span> 
     </span>
    </p>
   </div>
   <div class='ocr_carea' id='block_1_88' title="bbox 1881 4274 3463 4346">
    <p class='ocr_par' dir='ltr' id='par_1_88' title="bbox 1881 4274 3463 4346">
     <span class='ocr_line' id='line_1_89' title="bbox 1881 4274 3463 4346; baseline 0.003 -17"><span class='ocrx_word' id='word_1_630' title='bbox 1881 4277 1997 4333; x_wconf 84' lang='lat' dir='ltr'><strong>illa.</strong></span> <span class='ocrx_word' id='word_1_631' title='bbox 2030 4274 2146 4346; x_wconf 88' lang='lat' dir='ltr'><strong>Ego</strong></span> <span class='ocrx_word' id='word_1_632' title='bbox 2174 4289 2307 4330; x_wconf 79' lang='lat' dir='ltr'><strong>vero</strong></span> <span class='ocrx_word' id='word_1_633' title='bbox 2335 4275 2673 4330; x_wconf 89' lang='lat' dir='ltr'><strong>contrarium</strong></span> <span class='ocrx_word' id='word_1_634' title='bbox 2698 4275 3014 4346; x_wconf 82' lang='lat' dir='ltr'><strong>puto.quod</strong></span> <span class='ocrx_word' id='word_1_635' title='bbox 3065 4291 3129 4330; x_wconf 88' lang='lat' dir='ltr'><strong>ea</strong></span> <span class='ocrx_word' id='word_1_636' title='bbox 3160 4274 3309 4331; x_wconf 80' lang='lat' dir='ltr'><strong>furto</strong></span> <span class='ocrx_word' id='word_1_637' title='bbox 3336 4278 3463 4333; x_wconf 85' lang='lat' dir='ltr'><strong>abs-</strong></span> 
     </span>
    </p>
   </div>
   <div class='ocr_carea' id='block_1_89' title="bbox 1882 4365 3464 4437">
    <p class='ocr_par' dir='ltr' id='par_1_89' title="bbox 1882 4365 3464 4437">
     <span class='ocr_line' id='line_1_90' title="bbox 1882 4365 3464 4437; baseline 0.001 -15"><span class='ocrx_word' id='word_1_638' title='bbox 1882 4366 2094 4431; x_wconf 84' lang='lat' dir='ltr'><strong>tulerit,</strong></span> <span class='ocrx_word' id='word_1_639' title='bbox 2131 4366 2260 4437; x_wconf 88' lang='lat' dir='ltr'><strong>quia</strong></span> <span class='ocrx_word' id='word_1_640' title='bbox 2290 4365 2507 4422; x_wconf 85' lang='lat' dir='ltr'><strong>volebat</strong></span> <span class='ocrx_word' id='word_1_641' title='bbox 2535 4377 2745 4435; x_wconf 86' lang='lat' dir='ltr'><strong>patrem</strong></span> <span class='ocrx_word' id='word_1_642' title='bbox 2780 4365 3012 4422; x_wconf 83' lang='lat' dir='ltr'><strong>liberare</strong></span> <span class='ocrx_word' id='word_1_643' title='bbox 3053 4366 3122 4421; x_wconf 85' lang='lat' dir='ltr'><strong>ab</strong></span> <span class='ocrx_word' id='word_1_644' title='bbox 3156 4367 3324 4436; x_wconf 87' lang='lat' dir='ltr'><strong>impio</strong></span> <span class='ocrx_word' id='word_1_645' title='bbox 3353 4368 3464 4423; x_wconf 67' lang='lat' dir='ltr'><strong>dae-</strong></span> 
     </span>
    </p>
   </div>
   <div class='ocr_carea' id='block_1_90' title="bbox 1882 4460 3464 4531">
    <p class='ocr_par' dir='ltr' id='par_1_90' title="bbox 1882 4460 3464 4531">
     <span class='ocr_line' id='line_1_91' title="bbox 1882 4460 3464 4531; baseline -0.002 -13"><span class='ocrx_word' id='word_1_646' title='bbox 1882 4477 2108 4518; x_wconf 79' lang='lat' dir='ltr'><strong>monum</strong></span> <span class='ocrx_word' id='word_1_647' title='bbox 2138 4462 2312 4516; x_wconf 83' lang='lat' dir='ltr'><strong>cultu.</strong></span> <span class='ocrx_word' id='word_1_648' title='bbox 2347 4460 2614 4515; x_wconf 84' lang='lat' dir='ltr'><strong>Pietatem</strong></span> <span class='ocrx_word' id='word_1_649' title='bbox 2631 4461 2777 4515; x_wconf 90' lang='lat' dir='ltr'><strong>enim</strong></span> <span class='ocrx_word' id='word_1_650' title='bbox 2811 4461 2933 4531; x_wconf 79' lang='lat' dir='ltr'><strong>ejus</strong></span> <span class='ocrx_word' id='word_1_651' title='bbox 2962 4462 3097 4517; x_wconf 89' lang='lat' dir='ltr'><strong>satis</strong></span> <span class='ocrx_word' id='word_1_652' title='bbox 3125 4461 3285 4516; x_wconf 85' lang='lat' dir='ltr'><strong>docet</strong></span> <span class='ocrx_word' id='word_1_653' title='bbox 3311 4461 3464 4516; x_wconf 85' lang='lat' dir='ltr'><strong>Scri-</strong></span> 
     </span>
    </p>
   </div>
   <div class='ocr_carea' id='block_1_91' title="bbox 197 4539 1806 4639">
    <p class='ocr_par' dir='ltr' id='par_1_91' title="bbox 197 4539 1776 4639">
     <span class='ocr_line' id='line_1_92' title="bbox 197 4539 1776 4639; baseline -0.013 -15"><span class='ocrx_word' id='word_1_654' title='bbox 197 4571 377 4639; x_wconf 69' lang='grc' dir='ltr'>φησὶν,</span> <span class='ocrx_word' id='word_1_655' title='bbox 402 4539 595 4629; x_wconf 44' lang='grc' dir='ltr'>δ’Θεδς</span> <span class='ocrx_word' id='word_1_656' title='bbox 616 4604 632 4629; x_wconf 89' lang='grc'><strong>,</strong></span> <span class='ocrx_word' id='word_1_657' title='bbox 674 4562 899 4633; x_wconf 82' lang='grc' dir='ltr'>Ῥαχὴλ,</span> <span class='ocrx_word' id='word_1_658' title='bbox 924 4560 1021 4614; x_wconf 72' lang='grc' dir='ltr'>καὶ</span> <span class='ocrx_word' id='word_1_659' title='bbox 1043 4559 1351 4629; x_wconf 78' lang='grc' dir='ltr'>ἐπήκουσεν</span> <span class='ocrx_word' id='word_1_660' title='bbox 1370 4555 1539 4625; x_wconf 73' lang='grc' dir='ltr'>αὐτῆς</span> <span class='ocrx_word' id='word_1_661' title='bbox 1568 4556 1597 4607; x_wconf 93' lang='lat'><strong>6</strong></span> <span class='ocrx_word' id='word_1_662' title='bbox 1621 4553 1776 4617; x_wconf 83' lang='grc' dir='ltr'>Θεὸς,</span> 
     </span>
    </p>
   </div>
   <div class='ocr_carea' id='block_1_92' title="bbox 1875 4539 3464 4639">
    <p class='ocr_par' dir='ltr' id='par_1_92' title="bbox 1884 4551 3464 4625">
     <span class='ocr_line' id='line_1_93' title="bbox 1884 4551 3464 4625; baseline 0 -17"><span class='ocrx_word' id='word_1_663' title='bbox 1884 4562 2039 4623; x_wconf 78' lang='lat' dir='ltr'><strong>plura</strong></span> <span class='ocrx_word' id='word_1_664' title='bbox 2074 4552 2274 4607; x_wconf 82' lang='lat' dir='ltr'><strong>divina.</strong></span> <span class='ocrx_word' id='word_1_665' title='bbox 2317 4571 2336 4604; x_wconf 88' lang='grc'><em>‹</em></span> <span class='ocrx_word' id='word_1_666' title='bbox 2380 4551 2721 4609; x_wconf 71' lang='lat' dir='ltr'><strong>Rewrdatus</strong></span> <span class='ocrx_word' id='word_1_667' title='bbox 2745 4563 2827 4609; x_wconf 84' lang='lat' dir='ltr'><strong>est</strong></span> <span class='ocrx_word' id='word_1_668' title='bbox 2854 4554 3221 4625; x_wconf 83' lang='lat' dir='ltr'><strong>enim,inquit</strong></span> <span class='ocrx_word' id='word_1_669' title='bbox 3244 4563 3297 4619; x_wconf 74' lang='grc' dir='ltr'>(ι,</span> <span class='ocrx_word' id='word_1_670' title='bbox 3323 4553 3464 4608; x_wconf 84' lang='lat' dir='ltr'><strong>Deus</strong></span> 
     </span>
    </p>
   </div>
   <div class='ocr_carea' id='block_1_93' title="bbox 196 4643 1779 4730">
    <p class='ocr_par' dir='ltr' id='par_1_93' title="bbox 196 4643 1779 4730">
     <span class='ocr_line' id='line_1_94' title="bbox 196 4643 1779 4730; baseline -0.009 -16"><span class='ocrx_word' id='word_1_671' title='bbox 196 4662 287 4714; x_wconf 76' lang='grc' dir='ltr'>καὶ</span> <span class='ocrx_word' id='word_1_672' title='bbox 302 4658 543 4730; x_wconf 80' lang='grc' dir='ltr'>ἀνέῳξεν</span> <span class='ocrx_word' id='word_1_673' title='bbox 556 4656 728 4725; x_wconf 71' lang='grc' dir='ltr'>αὐτῆς</span> <span class='ocrx_word' id='word_1_674' title='bbox 747 4654 843 4724; x_wconf 81' lang='grc' dir='ltr'>τὴν</span> <span class='ocrx_word' id='word_1_675' title='bbox 863 4653 1098 4723; x_wconf 82' lang='grc' dir='ltr'>μήτραν.</span> <span class='ocrx_word' id='word_1_676' title='bbox 1126 4667 1145 4700; x_wconf 70' lang='grc' dir='ltr'><strong>ι</strong></span> <span class='ocrx_word' id='word_1_677' title='bbox 1181 4646 1489 4702; x_wconf 79' lang='grc' dir='ltr'>Ἀκούσασα</span> <span class='ocrx_word' id='word_1_678' title='bbox 1500 4645 1608 4714; x_wconf 85' lang='grc' dir='ltr'>γὰρ</span> <span class='ocrx_word' id='word_1_679' title='bbox 1627 4643 1779 4713; x_wconf 80' lang='grc' dir='ltr'>παρὰ</span> 
     </span>
    </p>
   </div>
   <div class='ocr_carea' id='block_1_94' title="bbox 195 4734 1780 4816">
    <p class='ocr_par' dir='ltr' id='par_1_94' title="bbox 195 4734 1780 4816">
     <span class='ocr_line' id='line_1_95' title="bbox 195 4734 1780 4816; baseline -0.01 -12"><span class='ocrx_word' id='word_1_680' title='bbox 195 4752 286 4805; x_wconf 79' lang='grc' dir='ltr'><strong>τοῦ</strong></span> <span class='ocrx_word' id='word_1_681' title='bbox 330 4749 556 4816; x_wconf 81' lang='grc' dir='ltr'>Ἰακὼϐ,</span> <span class='ocrx_word' id='word_1_682' title='bbox 598 4768 617 4800; x_wconf 80' lang='grc' dir='ltr'><strong>ι</strong></span> <span class='ocrx_word' id='word_1_683' title='bbox 659 4746 759 4815; x_wconf 82' lang='grc' dir='ltr'><strong>Μὴ</strong></span> <span class='ocrx_word' id='word_1_684' title='bbox 781 4745 904 4799; x_wconf 76' lang='grc' dir='ltr'>ἀντὶ</span> <span class='ocrx_word' id='word_1_685' title='bbox 927 4742 1060 4798; x_wconf 82' lang='grc' dir='ltr'><strong>Θεοῦ</strong></span> <span class='ocrx_word' id='word_1_686' title='bbox 1113 4758 1197 4795; x_wconf 88' lang='grc' dir='ltr'><strong>σοι</strong></span> <span class='ocrx_word' id='word_1_687' title='bbox 1228 4738 1340 4809; x_wconf 77' lang='grc' dir='ltr'><strong>ἐγώ</strong></span> <span class='ocrx_word' id='word_1_688' title='bbox 1373 4740 1511 4808; x_wconf 74' lang='grc' dir='ltr'>εἰμι,</span> <span class='ocrx_word' id='word_1_689' title='bbox 1540 4737 1599 4800; x_wconf 81' lang='grc' dir='ltr'>ὃς</span> <span class='ocrx_word' id='word_1_690' title='bbox 1626 4734 1780 4793; x_wconf 59' lang='grc' dir='ltr'>ἰστέ-</span> 
     </span>
    </p>
   </div>
   <div class='ocr_carea' id='block_1_95' title="bbox 1884 4642 3458 4718">
    <p class='ocr_par' dir='ltr' id='par_1_95' title="bbox 1884 4642 3458 4718">
     <span class='ocr_line' id='line_1_96' title="bbox 1884 4642 3458 4718; baseline 0 -20"><span class='ocrx_word' id='word_1_691' title='bbox 1884 4642 2523 4710; x_wconf 81' lang='lat' dir='ltr'><strong>Raehetis,etexaudivit</strong></span> <span class='ocrx_word' id='word_1_692' title='bbox 2547 4661 2692 4711; x_wconf 89' lang='lat' dir='ltr'><strong>eam,</strong></span> <span class='ocrx_word' id='word_1_693' title='bbox 2727 4655 2780 4701; x_wconf 88' lang='lat' dir='ltr'><strong>et</strong></span> <span class='ocrx_word' id='word_1_694' title='bbox 2808 4650 3249 4716; x_wconf 88' lang='lat' dir='ltr'><strong>aperuituterum</strong></span> <span class='ocrx_word' id='word_1_695' title='bbox 3267 4648 3407 4718; x_wconf 90' lang='lat' dir='ltr'><strong>ejus.</strong></span> <span class='ocrx_word' id='word_1_696' title='bbox 3440 4666 3458 4698; x_wconf 73' lang='grc' dir='ltr'><strong>ι</strong></span> 
     </span>
    </p>
   </div>
   <div class='ocr_carea' id='block_1_96' title="bbox 1886 4734 3460 4811">
    <p class='ocr_par' dir='ltr' id='par_1_96' title="bbox 1886 4734 3460 4811">
     <span class='ocr_line' id='line_1_97' title="bbox 1886 4734 3460 4811; baseline 0.001 -21"><span class='ocrx_word' id='word_1_697' title='bbox 1886 4734 2026 4790; x_wconf 80' lang='lat' dir='ltr'><strong>Cum</strong></span> <span class='ocrx_word' id='word_1_698' title='bbox 2059 4736 2208 4790; x_wconf 88' lang='lat' dir='ltr'><strong>enim</strong></span> <span class='ocrx_word' id='word_1_699' title='bbox 2242 4736 2540 4792; x_wconf 79' lang='lat' dir='ltr'><strong>audivisset</strong></span> <span class='ocrx_word' id='word_1_700' title='bbox 2570 4752 2602 4791; x_wconf 87' lang='lat' dir='ltr'><strong>a</strong></span> <span class='ocrx_word' id='word_1_701' title='bbox 2631 4735 2873 4794; x_wconf 79' lang='lat' dir='ltr'><strong>Jacobo:</strong></span> <span class='ocrx_word' id='word_1_702' title='bbox 2905 4757 2924 4791; x_wconf 76' lang='grc' dir='ltr'><strong>ι</strong></span> <span class='ocrx_word' id='word_1_703' title='bbox 2960 4738 3216 4810; x_wconf 79' lang='lat' dir='ltr'><strong>Nunquid</strong></span> <span class='ocrx_word' id='word_1_704' title='bbox 3242 4754 3344 4811; x_wconf 81' lang='lat' dir='ltr'><strong>ego</strong></span> <span class='ocrx_word' id='word_1_705' title='bbox 3367 4739 3460 4793; x_wconf 83' lang='lat' dir='ltr'><strong>tibi</strong></span> 
     </span>
    </p>
   </div>
   <div class='ocr_carea' id='block_1_97' title="bbox 266 4896 1806 4975">
    <p class='ocr_par' dir='ltr' id='par_1_97' title="bbox 266 4896 1779 4975">
     <span class='ocr_line' id='line_1_98' title="bbox 266 4896 1779 4975; baseline -0.01 -7"><span class='ocrx_word' id='word_1_706' title='bbox 266 4921 293 4950; x_wconf 82' lang='grc' dir='ltr'><strong><em>ο</em></strong></span> <span class='ocrx_word' id='word_1_707' title='bbox 341 4913 485 4970; x_wconf 85' lang='lat' dir='ltr'><strong>Gen.</strong></span> <span class='ocrx_word' id='word_1_708' title='bbox 511 4924 668 4973; x_wconf 73' lang='lat' dir='ltr'><strong>xxxx,</strong></span> <span class='ocrx_word' id='word_1_709' title='bbox 696 4907 766 4961; x_wconf 74' lang='grc'><strong>12</strong></span> <span class='ocrx_word' id='word_1_710' title='bbox 797 4921 949 4975; x_wconf 87' lang='lat' dir='ltr'><strong>seqq.</strong></span> <span class='ocrx_word' id='word_1_711' title='bbox 1021 4900 1235 4957; x_wconf 80' lang='lat' dir='ltr'><strong>PJoan.</strong></span> <span class='ocrx_word' id='word_1_712' title='bbox 1262 4915 1351 4966; x_wconf 84' lang='lat' dir='ltr'><strong>xv,</strong></span> <span class='ocrx_word' id='word_1_713' title='bbox 1398 4898 1488 4954; x_wconf 81' lang='grc'><strong>15.</strong></span> <span class='ocrx_word' id='word_1_714' title='bbox 1556 4907 1587 4949; x_wconf 75' lang='grc' dir='ltr'><strong>ιι</strong></span> <span class='ocrx_word' id='word_1_715' title='bbox 1643 4896 1779 4953; x_wconf 88' lang='lat' dir='ltr'><strong>Gen.</strong></span> 
     </span>
    </p>
   </div>
   <div class='ocr_carea' id='block_1_98' title="bbox 1875 4896 2079 4975">
    <p class='ocr_par' dir='ltr' id='par_1_98' title="bbox 1875 4896 2079 4963">
     <span class='ocr_line' id='line_1_99' title="bbox 1875 4896 2079 4963; baseline 0 -11"><span class='ocrx_word' id='word_1_716' title='bbox 1875 4913 1955 4963; x_wconf 74' lang='lat' dir='ltr'><strong>rx,</strong></span> <span class='ocrx_word' id='word_1_717' title='bbox 1987 4896 2079 4952; x_wconf 60' lang='grc' dir='ltr'><strong>Ἦ.</strong></span> 
     </span>
    </p>
   </div>
   <div class='ocr_carea' id='block_1_99' title="bbox 1093 5042 2591 5103">
    <p class='ocr_par' dir='ltr' id='par_1_99' title="bbox 1093 5042 2591 5103">
     <span class='ocr_line' id='line_1_100' title="bbox 1093 5042 2591 5103; baseline -0.003 0"><span class='ocrx_word' id='word_1_718' title='bbox 1093 5044 1332 5103; x_wconf 64' lang='lat' dir='ltr'><strong>VARUS</strong></span> <span class='ocrx_word' id='word_1_719' title='bbox 1377 5043 1768 5101; x_wconf 74' lang='lat' dir='ltr'><strong>LECTIONES</strong></span> <span class='ocrx_word' id='word_1_720' title='bbox 1798 5044 1892 5100; x_wconf 83' lang='lat' dir='ltr'><strong>EX</strong></span> <span class='ocrx_word' id='word_1_721' title='bbox 1920 5042 2199 5101; x_wconf 77' lang='lat' dir='ltr'><strong>CATENA</strong></span> <span class='ocrx_word' id='word_1_722' title='bbox 2239 5042 2591 5100; x_wconf 80' lang='lat' dir='ltr'><strong>LlPSlENSl.</strong></span> 
     </span>
    </p>
   </div>
   <div class='ocr_carea' id='block_1_100' title="bbox 268 5160 1806 5242">
    <p class='ocr_par' dir='ltr' id='par_1_100' title="bbox 268 5160 1806 5242">
     <span class='ocr_line' id='line_1_101' title="bbox 268 5160 1806 5242; baseline -0.007 -15"><span class='ocrx_word' id='word_1_723' title='bbox 268 5176 307 5205; x_wconf 75' lang='grc' dir='ltr'><strong>τι</strong></span> <span class='ocrx_word' id='word_1_724' title='bbox 332 5175 569 5242; x_wconf 54' lang='lat' dir='ltr'><strong>satana.</strong></span> <span class='ocrx_word' id='word_1_725' title='bbox 597 5169 678 5235; x_wconf 83' lang='grc' dir='ltr'>δέ,</span> <span class='ocrx_word' id='word_1_726' title='bbox 705 5177 813 5223; x_wconf 90' lang='lat' dir='ltr'><strong>etc.</strong></span> <span class='ocrx_word' id='word_1_727' title='bbox 835 5164 963 5222; x_wconf 70' lang='lat' dir='ltr'><strong>llaec</strong></span> <span class='ocrx_word' id='word_1_728' title='bbox 996 5173 1193 5234; x_wconf 76' lang='lat' dir='ltr'><strong>etquae</strong></span> <span class='ocrx_word' id='word_1_729' title='bbox 1244 5160 1456 5231; x_wconf 89' lang='lat' dir='ltr'><strong>reliqua</strong></span> <span class='ocrx_word' id='word_1_730' title='bbox 1484 5167 1632 5225; x_wconf 87' lang='lat' dir='ltr'><strong>sunt,</strong></span> <span class='ocrx_word' id='word_1_731' title='bbox 1656 5170 1806 5217; x_wconf 84' lang='lat' dir='ltr'><strong>exsta</strong></span> 
     </span>
    </p>
   </div>
   <div class='ocr_carea' id='block_1_101' title="bbox 1875 5160 2953 5242">
    <p class='ocr_par' dir='ltr' id='par_1_101' title="bbox 1895 5162 2953 5232">
     <span class='ocr_line' id='line_1_102' title="bbox 1895 5162 2953 5232; baseline 0.002 -17"><span class='ocrx_word' id='word_1_732' title='bbox 1895 5162 1949 5216; x_wconf 91' lang='lat' dir='ltr'><strong>in</strong></span> <span class='ocrx_word' id='word_1_733' title='bbox 1980 5172 2089 5218; x_wconf 87' lang='lat' dir='ltr'><strong>cat.</strong></span> <span class='ocrx_word' id='word_1_734' title='bbox 2131 5179 2183 5232; x_wconf 93' lang='lat' dir='ltr'><strong>p.</strong></span> <span class='ocrx_word' id='word_1_735' title='bbox 2237 5164 2360 5225; x_wconf 75' lang='grc'><strong>581,</strong></span> <span class='ocrx_word' id='word_1_736' title='bbox 2415 5163 2480 5219; x_wconf 93' lang='lat' dir='ltr'><strong>ad</strong></span> <span class='ocrx_word' id='word_1_737' title='bbox 2506 5163 2645 5218; x_wconf 84' lang='lat' dir='ltr'><strong>Gen.</strong></span> <span class='ocrx_word' id='word_1_738' title='bbox 2687 5179 2838 5230; x_wconf 70' lang='lat' dir='ltr'><strong>XXXI,</strong></span> <span class='ocrx_word' id='word_1_739' title='bbox 2870 5164 2953 5219; x_wconf 77' lang='grc'><strong>15.</strong></span> 
     </span>
    </p>
   </div>
   <div class='ocr_carea' id='block_1_102' title="bbox 206 5243 578 5309">
    <p class='ocr_par' dir='ltr' id='par_1_102' title="bbox 206 5243 578 5309">
     <span class='ocr_line' id='line_1_103' title="bbox 206 5243 578 5309; baseline -0.008 -10"><span class='ocrx_word' id='word_1_740' title='bbox 206 5246 248 5276; x_wconf 85' lang='grc'><strong>¹³</strong></span> <span class='ocrx_word' id='word_1_741' title='bbox 278 5246 353 5309; x_wconf 87' lang='grc' dir='ltr'><strong>ὡς</strong></span> <span class='ocrx_word' id='word_1_742' title='bbox 391 5243 578 5297; x_wconf 80' lang='grc' dir='ltr'>τοῦτο.</span> 
     </span>
    </p>
   </div>
   <div class='ocr_carea' id='block_1_103' title="bbox 3039 5161 3461 5227">
    <p class='ocr_par' dir='ltr' id='par_1_103' title="bbox 3039 5161 3461 5227">
     <span class='ocr_line' id='line_1_104' title="bbox 3039 5161 3461 5227; baseline 0 -12"><span class='ocrx_word' id='word_1_743' title='bbox 3039 5164 3078 5194; x_wconf 82' lang='grc'>¹²</span> <span class='ocrx_word' id='word_1_744' title='bbox 3097 5164 3126 5215; x_wconf 93' lang='lat'><strong>6</strong></span> <span class='ocrx_word' id='word_1_745' title='bbox 3151 5161 3282 5227; x_wconf 84' lang='grc' dir='ltr'>Θεός</span> <span class='ocrx_word' id='word_1_746' title='bbox 3345 5177 3461 5216; x_wconf 80' lang='grc' dir='ltr'>σου.</span> 
     </span>
    </p>
   </div>
   <div class='ocr_carea' id='block_1_104' title="bbox 1716 5336 1948 5403">
    <p class='ocr_par' dir='ltr' id='par_1_104' title="bbox 1716 5336 1948 5403">
     <span class='ocr_line' id='line_1_105' title="bbox 1716 5336 1948 5403; baseline 0.017 -4"><span class='ocrx_word' id='word_1_747' title='bbox 1716 5336 1948 5403; x_wconf 68' lang='lat' dir='ltr'><strong>NOTAE.</strong></span> 
     </span>
    </p>
   </div>
   <div class='ocr_carea' id='block_1_105' title="bbox 298 5484 871 5559">
    <p class='ocr_par' dir='ltr' id='par_1_105' title="bbox 298 5484 871 5559">
     <span class='ocr_line' id='line_1_106' title="bbox 298 5484 871 5559; baseline -0.016 -12"><span class='ocrx_word' id='word_1_748' title='bbox 298 5490 390 5559; x_wconf 77' lang='lat'><strong>85)</strong></span> <span class='ocrx_word' id='word_1_749' title='bbox 428 5489 713 5559; x_wconf 77' lang='grc' dir='ltr'>Ἠγάγετο</span> <span class='ocrx_word' id='word_1_750' title='bbox 754 5484 871 5559; x_wconf 75' lang='grc' dir='ltr'><strong>μὲν</strong></span> 
     </span>
    </p>
   </div>
   <div class='ocr_carea' id='block_1_106' title="bbox 210 5552 1265 5632">
    <p class='ocr_par' dir='ltr' id='par_1_106' title="bbox 210 5552 1265 5632">
     <span class='ocr_line' id='line_1_107' title="bbox 210 5552 1265 5632; baseline -0.009 -15"><span class='ocrx_word' id='word_1_751' title='bbox 210 5562 327 5632; x_wconf 70' lang='grc' dir='ltr'>μιν.</span> <span class='ocrx_word' id='word_1_752' title='bbox 356 5552 619 5628; x_wconf 71' lang='lat' dir='ltr'><strong>Sequitur</strong></span> <span class='ocrx_word' id='word_1_753' title='bbox 646 5552 1040 5632; x_wconf 54' lang='grc' dir='ltr'>παιδοποῇσαι</span> <span class='ocrx_word' id='word_1_754' title='bbox 1065 5552 1265 5632; x_wconf 63' lang='grc' dir='ltr'>ποθῶν.</span> 
     </span>
    </p>
   </div>
   <div class='ocr_carea' id='block_1_107' title="bbox 276 5619 1152 5703">
    <p class='ocr_par' dir='ltr' id='par_1_107' title="bbox 276 5619 1152 5703">
     <span class='ocr_line' id='line_1_108' title="bbox 276 5619 1152 5703; baseline -0.001 0"><span class='ocrx_word' id='word_1_755' title='bbox 276 5632 388 5703; x_wconf 77' lang='grc' dir='ltr'>(ει)</span> <span class='ocrx_word' id='word_1_756' title='bbox 419 5619 598 5703; x_wconf 64' lang='grc' dir='ltr'><strong>ῗρσα-</strong></span> <span class='ocrx_word' id='word_1_757' title='bbox 632 5626 780 5703; x_wconf 62' lang='lat' dir='ltr'><strong>w-</strong></span> <span class='ocrx_word' id='word_1_758' title='bbox 810 5619 1006 5703; x_wconf 60' lang='grc' dir='ltr'>ειεῖε·</span> <span class='ocrx_word' id='word_1_759' title='bbox 1039 5619 1152 5703; x_wconf 62' lang='lat' dir='ltr'><strong>Oie-</strong></span> 
     </span>
    </p>
   </div>
   <div class='ocr_carea' id='block_1_108' title="bbox 278 5691 1378 5773">
    <p class='ocr_par' dir='ltr' id='par_1_108' title="bbox 278 5691 1378 5773">
     <span class='ocr_line' id='line_1_109' title="bbox 278 5691 1378 5773; baseline -0.01 -17"><span class='ocrx_word' id='word_1_760' title='bbox 278 5691 392 5773; x_wconf 76' lang='lat'><strong>(85)</strong></span> <span class='ocrx_word' id='word_1_761' title='bbox 427 5696 763 5773; x_wconf 44' lang='grc' dir='ltr'><strong>ἘῙ-ώηίῖοιι.</strong></span> <span class='ocrx_word' id='word_1_762' title='bbox 800 5694 992 5773; x_wconf 87' lang='lat' dir='ltr'><strong>et_Pi_c.</strong></span> <span class='ocrx_word' id='word_1_763' title='bbox 1026 5694 1232 5773; x_wconf 46' lang='lat' dir='ltr'><strong>addant</strong></span> <span class='ocrx_word' id='word_1_764' title='bbox 1250 5691 1378 5773; x_wconf 60' lang='grc' dir='ltr'>γάρ.</span> 
     </span>
    </p>
   </div>
   <div class='ocr_carea' id='block_1_109' title="bbox 289 5759 1773 5838">
    <p class='ocr_par' dir='ltr' id='par_1_109' title="bbox 289 5759 1773 5838">
     <span class='ocr_line' id='line_1_110' title="bbox 289 5759 1773 5838; baseline -0.007 -10"><span class='ocrx_word' id='word_1_765' title='bbox 289 5759 395 5828; x_wconf 57' lang='lat'><strong>‘363</strong></span> <span class='ocrx_word' id='word_1_766' title='bbox 432 5759 615 5836; x_wconf 77' lang='grc' dir='ltr'>Ηῧξω</span> <span class='ocrx_word' id='word_1_767' title='bbox 651 5784 778 5838; x_wconf 79' lang='grc' dir='ltr'>μοι.</span> <span class='ocrx_word' id='word_1_768' title='bbox 837 5765 973 5822; x_wconf 90' lang='lat' dir='ltr'><strong>Cod.</strong></span> <span class='ocrx_word' id='word_1_769' title='bbox 1008 5774 1062 5820; x_wconf 89' lang='lat' dir='ltr'><strong>et</strong></span> <span class='ocrx_word' id='word_1_770' title='bbox 1094 5760 1210 5819; x_wconf 92' lang='lat' dir='ltr'><strong>Pic.</strong></span> <span class='ocrx_word' id='word_1_771' title='bbox 1264 5759 1479 5821; x_wconf 80' lang='lat' dir='ltr'><strong>addunt</strong></span> <span class='ocrx_word' id='word_1_772' title='bbox 1515 5763 1651 5817; x_wconf 73' lang='grc' dir='ltr'>ἐκεῖ.</span> <span class='ocrx_word' id='word_1_773' title='bbox 1682 5759 1773 5817; x_wconf 91' lang='lat' dir='ltr'><strong>Sic</strong></span> 
     </span>
    </p>
   </div>
   <div class='ocr_carea' id='block_1_110' title="bbox 902 5475 1786 5569">
    <p class='ocr_par' dir='ltr' id='par_1_110' title="bbox 902 5475 1786 5569">
     <span class='ocr_line' id='line_1_111' title="bbox 902 5475 1786 5569; baseline -0.006 -31"><span class='ocrx_word' id='word_1_774' title='bbox 902 5500 1038 5569; x_wconf 67' lang='grc' dir='ltr'><strong>τυν.</strong></span> <span class='ocrx_word' id='word_1_775' title='bbox 1075 5481 1213 5569; x_wconf 47' lang='lat' dir='ltr'><strong>(12d:</strong></span> <span class='ocrx_word' id='word_1_776' title='bbox 1251 5489 1306 5536; x_wconf 87' lang='lat' dir='ltr'><strong>et</strong></span> <span class='ocrx_word' id='word_1_777' title='bbox 1335 5478 1454 5535; x_wconf 90' lang='lat' dir='ltr'><strong>Pic.</strong></span> <span class='ocrx_word' id='word_1_778' title='bbox 1495 5475 1673 5549; x_wconf 73' lang='grc' dir='ltr'>ἠγαγε</span> <span class='ocrx_word' id='word_1_779' title='bbox 1725 5480 1786 5533; x_wconf 83' lang='grc' dir='ltr'>τὸ</span> 
     </span>
    </p>
   </div>
   <div class='ocr_carea' id='block_1_111' title="bbox 1893 5485 2926 5556">
    <p class='ocr_par' dir='ltr' id='par_1_111' title="bbox 1893 5485 2926 5556">
     <span class='ocr_line' id='line_1_112' title="bbox 1893 5485 2926 5556; baseline 0.004 -21"><span class='ocrx_word' id='word_1_780' title='bbox 1893 5499 2110 5552; x_wconf 87' lang='lat' dir='ltr'><strong>quoque</strong></span> <span class='ocrx_word' id='word_1_781' title='bbox 2132 5501 2187 5540; x_wconf 80' lang='lat' dir='ltr'><strong>In</strong></span> <span class='ocrx_word' id='word_1_782' title='bbox 2211 5485 2461 5541; x_wconf 88' lang='lat' dir='ltr'><strong>versione</strong></span> <span class='ocrx_word' id='word_1_783' title='bbox 2484 5485 2592 5539; x_wconf 82' lang='grc' dir='ltr'><strong>τῶν</strong></span> <span class='ocrx_word' id='word_1_784' title='bbox 2623 5486 2677 5556; x_wconf 63' lang='lat' dir='ltr'><strong>0f</strong></span> <span class='ocrx_word' id='word_1_785' title='bbox 2710 5486 2926 5556; x_wconf 84' lang='lat' dir='ltr'><strong>legitur.</strong></span> 
     </span>
    </p>
   </div>
   <div class='ocr_carea' id='block_1_112' title="bbox 1962 5552 3471 5626">
    <p class='ocr_par' dir='ltr' id='par_1_112' title="bbox 1962 5552 3471 5626">
     <span class='ocr_line' id='line_1_113' title="bbox 1962 5552 3471 5626; baseline -0.001 -15"><span class='ocrx_word' id='word_1_786' title='bbox 1962 5555 2073 5624; x_wconf 86' lang='lat'><strong>(87)</strong></span> <span class='ocrx_word' id='word_1_787' title='bbox 2130 5556 2310 5611; x_wconf 81' lang='grc' dir='ltr'>Τοῦτο</span> <span class='ocrx_word' id='word_1_788' title='bbox 2351 5586 2421 5595; x_wconf 92' lang='lat'><strong>-—</strong></span> <span class='ocrx_word' id='word_1_789' title='bbox 2450 5556 2613 5611; x_wconf 79' lang='grc' dir='ltr'>ὄντα.</span> <span class='ocrx_word' id='word_1_790' title='bbox 2649 5552 2784 5613; x_wconf 56' lang='lat' dir='ltr'><strong>Cod;</strong></span> <span class='ocrx_word' id='word_1_791' title='bbox 2840 5556 2915 5619; x_wconf 78' lang='lat' dir='ltr'><strong>du;</strong></span> <span class='ocrx_word' id='word_1_792' title='bbox 2968 5554 3126 5609; x_wconf 83' lang='grc' dir='ltr'>τοῦτο</span> <span class='ocrx_word' id='word_1_793' title='bbox 3171 5556 3239 5626; x_wconf 78' lang='grc' dir='ltr'>τῇ</span> <span class='ocrx_word' id='word_1_794' title='bbox 3301 5552 3471 5625; x_wconf 79' lang='grc' dir='ltr'>φύσει</span> 
     </span>
    </p>
   </div>
   <div class='ocr_carea' id='block_1_113' title="bbox 1886 5625 2915 5695">
    <p class='ocr_par' dir='ltr' id='par_1_113' title="bbox 1886 5625 2915 5695">
     <span class='ocr_line' id='line_1_114' title="bbox 1886 5625 2915 5695; baseline 0.004 -18"><span class='ocrx_word' id='word_1_795' title='bbox 1886 5625 2033 5679; x_wconf 81' lang='grc' dir='ltr'>ὄντα.</span> <span class='ocrx_word' id='word_1_796' title='bbox 2057 5626 2170 5681; x_wconf 88' lang='lat' dir='ltr'><strong>Pic.</strong></span> <span class='ocrx_word' id='word_1_797' title='bbox 2200 5626 2276 5691; x_wconf 84' lang='grc' dir='ltr'><strong>ὡς</strong></span> <span class='ocrx_word' id='word_1_798' title='bbox 2308 5626 2552 5681; x_wconf 77' lang='grc' dir='ltr'>τοιοῦτον</span> <span class='ocrx_word' id='word_1_799' title='bbox 2577 5626 2738 5695; x_wconf 80' lang='grc' dir='ltr'>φύσει</span> <span class='ocrx_word' id='word_1_800' title='bbox 2765 5626 2915 5681; x_wconf 75' lang='grc' dir='ltr'>ὄντα.</span> 
     </span>
    </p>
   </div>
   <div class='ocr_carea' id='block_1_114' title="bbox 1955 5696 3027 5769">
    <p class='ocr_par' dir='ltr' id='par_1_114' title="bbox 1955 5696 3027 5769">
     <span class='ocr_line' id='line_1_115' title="bbox 1955 5696 3027 5769; baseline 0 -17"><span class='ocrx_word' id='word_1_801' title='bbox 1955 5697 2064 5767; x_wconf 86' lang='grc'><strong>(88)</strong></span> <span class='ocrx_word' id='word_1_802' title='bbox 2114 5696 2387 5769; x_wconf 79' lang='grc' dir='ltr'>Ἀϐραάμ.</span> <span class='ocrx_word' id='word_1_803' title='bbox 2418 5696 2551 5753; x_wconf 89' lang='lat' dir='ltr'><strong>Cod.</strong></span> <span class='ocrx_word' id='word_1_804' title='bbox 2577 5696 2765 5752; x_wconf 88' lang='lat' dir='ltr'><strong>etPic.</strong></span> <span class='ocrx_word' id='word_1_805' title='bbox 2809 5696 3027 5752; x_wconf 82' lang='grc' dir='ltr'>Ἰακώϐ.</span> 
     </span>
    </p>
   </div>
  </div>
