3876 6310
378 254 485 323 199

1324 249 1820 312 THEODORETI
1850 249 2195 314 EPISCOPI
2229 254 2596 318 CYRENSIS

3530 246 3638 322 200

374 368 500 426 sum
551 381 650 438 pro
683 365 816 431 Deo,
845 380 939 435 qui
972 372 1024 420 te
1069 362 1303 433 privavit
1350 361 1529 418 fructu
1586 363 1789 418 ventris
1823 362 1891 416 1‘?
1928 382 1946 415 ι
1982 414 1986 424 ,

2068 369 2224 440 οησέν
2255 386 2316 423 σε
2346 370 2561 443 καρπὸν
2586 369 2825 438 κοιλίας;
2872 390 2890 423 ι
2922 370 3167 443 δηλονότι
3196 372 3311 445 (89)
3344 375 3628 430 σπουδαιο-

373 457 815 515 vehementiores
854 454 967 510 Deo
1015 470 1205 525 preces
1253 453 1474 521 obtulit,
1524 461 1578 509 et
1623 454 1817 524 adepta
1869 465 1954 510 est

374 549 524 620 quod
570 547 851 618 poscebat.
881 546 1062 614 Atque
1091 546 1257 599 ctiam
1318 554 1441 615 post
1501 554 1717 616 partum
1780 547 1952 618 picta-

374 652 484 696 tem
516 653 676 695 suam
734 637 1155 692 demonstravit.
1219 655 1237 688 ι
1272 634 1438 701 Dixit,
1491 637 1667 707 inquit
1726 638 1873 693 enim
1904 650 1952 702 ⁸,

370 729 613 787 Rachel:
648 728 888 783 Abstulit
911 742 942 782 a
974 742 1061 781 me
1092 726 1237 783 Deus
1277 728 1657 796 opprobrium,
1688 737 1743 783 et
1786 743 1952 784 voca-

370 820 452 876 vit
487 835 686 874 nomen
721 819 868 874 illius
899 816 1123 888 Joseph,
1158 818 1380 873 dicens:
1416 817 1592 873 Addat
1627 819 1757 873 mihi
1809 818 1953 875 Deus

374 912 610 967 alterum
652 911 844 966 ﬁlium.
883 928 903 961 )
932 909 1222 975 Quomodo
1261 909 1427 976 igitur
1455 909 1559 964 hoc
1600 910 1653 963 in
1688 908 1953 964 Dcumaf-

376 1003 524 1058 fectu
552 1003 804 1073 praedita,
846 1002 1026 1065 idolis,
1060 1016 1182 1070 quae
1210 1015 1318 1054 non
1344 1009 1474 1054 sunt
1525 1001 1622 1067 dii,
1690 1001 1957 1056 inservire

376 1095 691 1167 potuisset?
742 1094 947 1149 Verum
983 1094 1247 1157 arbitror,
1283 1102 1335 1146 et
1381 1092 1529 1148 aliud
1559 1109 1655 1163 per
1707 1092 1833 1148 haec
1877 1094 1955 1148 εἰη

377 1187 645 1261 gniﬁcari.
686 1185 900 1257 Typum
924 1186 1069 1240 enim
1101 1184 1196 1240 Dei
1236 1187 1480 1239 omnium
1516 1186 1735 1256 gerebat
1764 1185 1953 1242 Jacob.

375 1278 510 1334 Nam
537 1279 649 1349 99
674 1277 815 1332 duos
848 1277 1078 1347 populos
1100 1275 1240 1331 Deus
1271 1277 1457 1330 habuit
1484 1295 1497 1331 :
1527 1275 1797 1331 seniorem
1830 1278 1958 1347 qui-

378 1373 501 1426 dem
532 1371 823 1424 habentem
860 1384 1027 1438 super
1077 1384 1175 1423 cor
1205 1369 1478 1433 velamen,
1510 1367 1791 1438 juniorem
1826 1384 1956 1425 vero

376 1463 572 1517 decore
619 1460 744 1515 ﬁdei
808 1469 1153 1513 exornatum.
1216 1458 1294 1513 lta
1363 1458 1529 1514 Jacob
1556 1453 1704 1514 duas
1752 1474 1958 1516 uxores

379 1553 633 1617 habebat,
683 1550 847 1606 Lcam
881 1551 1151 1614 videlicet,
1185 1566 1307 1620 qua:
1358 1552 1549 1606 oculos
1583 1551 1817 1606 habebat
1875 1552 1959 1605 itt-

2053 462 2222 531 τέραν
2252 459 2333 531 τῷ
2368 460 2490 532 Θεῷ
2545 462 2913 532 προσενήνοχε
2952 464 3294 536 προσευχὴν,
3338 464 3434 517 καὶ
3473 465 3641 520 τετύ-

2055 569 2191 623 mae
2245 550 2356 622 (90)
2405 553 2507 623 τῆς
2557 554 2846 625 αἰτήσεως.
2886 555 2998 609 Καὶ
3034 556 3220 624 μέντοι
3256 555 3352 610 καὶ
3394 556 3639 612 τεκοῦσα

2053 643 2324 715 δεδήλωκε
2365 645 2464 716 τὴν
2524 646 2848 700 εὐσέϐειαν·
2895 665 2914 699 ι
2959 642 3095 700 Εἶπε
3132 647 3261 718 γὰρ,
3314 649 3470 719 φησὶ,
3520 649 3642 703 Ῥα-

2055 735 2157 805 χήλ
2181 736 2225 768 ⁸⁸
2242 754 2256 769 ο
2298 737 2514 805 Ἀφεῖλέ
2536 754 2660 808 μου,
2692 740 2721 792 6
2744 737 2893 803 Θεὸς,
2918 738 2981 793 τὸ
3009 739 3210 803 δνειδος
3229 755 3243 769 ·
3276 741 3369 795 καὶ
3402 741 3637 796 ἐκάλεσε

2056 828 2116 882 τὸ
2145 828 2316 898 ὄνομα
2346 829 2513 883 αὐτοῦ
2550 829 2772 901 Ἰωσὴφ,
2825 829 3062 898 λέγουσα
3084 846 3100 862 ο
3159 831 3460 902 Προσθήτω
3518 833 3640 900 (91)

2060 938 2150 992 μοι
2174 922 2364 983 ὁνΘεὸς
2391 921 2505 973 υἱὸν
2530 921 2739 991 ἕτερον.
2786 939 2804 972 ›
2842 921 2963 984 Πῶς
2987 921 3168 975 τοίνυν
3197 922 3403 993 ταύτην
3430 923 3643 995 ἔχουσα

2057 1011 2302 1081 περὶ-τὸν
2337 1011 2470 1064 Θεὸν
2496 1011 2594 1084 τὴν
2616 1012 2876 1076 διάθεσιν,
2904 1017 3020 1079 τοῖς
3053 1016 3155 1069 οὐκ
3185 1009 3303 1068 οὖσι
3335 1016 3476 1080 θεοῖς
3511 1019 3642 1070 δου-

2056 1103 2233 1157 λεύειν
2255 1105 2517 1174 ἠνέσχετο
2542 1123 2554 1170 ;
2601 1104 2742 1174 Ἐγὼ
2770 1107 2826 1160 δὲ
2856 1104 3009 1178 οἴμαι
3040 1109 3135 1162 καὶ
3162 1108 3352 1178 ἕτερον
3386 1110 3645 1164 ἐντεῦθεν

2058 1190 2483 1266 προδηλοῦσθαι.
2539 1196 2721 1249 Τύπον
2756 1198 2868 1269 γὰρ
2921 1195 3071 1269 εἶχεν
3100 1201 3129 1253 6
3170 1199 3365 1254 Ἰακὼϐ
3394 1202 3491 1256 τοῦ
3529 1203 3647 1258 τῶν

2058 1286 2197 1340 ὅλων
2229 1287 2386 1340 Θεοῦ.
2409 1287 2516 1340 Δύο
2543 1289 2653 1359 γὰρ
2685 1289 2777 1343 καὶ⁴
2801 1292 2829 1343 6
2856 1290 2988 1355 Θεὸς
3015 1291 3143 1363 ἔσχε
3182 1292 3375 1358 λαοὺς’
3413 1295 3507 1348 τὸν
3539 1296 3645 1366 μὲν

2060 1377 2454 1448 πρεσϐύτερον,
2491 1377 2758 1450 κάλυμμα
2788 1379 2981 1451 ἔχοντα
3012 1382 3106 1435 ἐπὶ
3127 1383 3227 1453 τὴν
3262 1384 3522 1455 καρδίαν*
3548 1386 3647 1441 τὸν

2059 1470 2117 1523 δὲ
2140 1468 2427 1542 νεώτερον,
2484 1471 2546 1524 τὸ
2578 1472 2677 1543 τῆς
2725 1471 2967 1536 πίστεως
2997 1475 3383 1546 περικείμενον
3418 1477 3645 1542 κάλλος.

2060 1562 2173 1616 Καὶ
2201 1564 2231 1615 6
2279 1562 2473 1616 Ἰακὼϐ
2510 1563 2605 1616 δύο
2647 1566 2946 1633 γυναῖκας’
2984 1565 3084 1636 τὴν
3140 1566 3241 1636 μὲν
3284 1568 3451 1622 Λείαν
3481 1569 3651 1623 ἀσθε-

380 1645 567 1699 lirmos
590 1684 606 1710 ,
638 1654 692 1698 et
721 1643 1039 1710 Rachelem,
1075 1643 1255 1711 specie
1283 1644 1563 1711 pulchram
1599 1651 1653 1696 et
1671 1644 1786 1697 visu
1807 1643 1961 1697 valde

2068 1656 2175 1716 vsi’;
2204 1652 2434 1724 ἔχουσαν
2485 1654 2824 1725 ὀφθαλμοὺς,
2875 1658 2975 1729 τὴν
3009 1658 3066 1710 δὲ
3098 1658 3301 1730 Ῥαχὴλ
3345 1660 3521 1731 καλὴν
3565 1661 3651 1732 τῷ

377 1737 712 1792 formosam:
749 1747 803 1790 ct
836 1735 1107 1801 seniorem
1140 1735 1327 1790 liberis
1356 1735 1753 1798 abundantem,
1776 1737 1963 1804 junio-

2068 1712 2372 1810 sl’8st,"xat
2408 1712 2722 1819 ὡραίαν,έῇ
2767 1712 2889 1819 litim
2930 1712 3145 1820 Ισφόδρα
3164 1765 3180 1779 ⁵
3200 1712 3311 1804 ’καὶ
3335 1712 3651 1806 aromatum;

377 1844 494 1884 rem
523 1844 654 1883 vero
703 1828 967 1883 sterilem.
1009 1826 1146 1880 Nam
1202 1842 1268 1881 ex
1326 1827 1579 1896 gentibus
1636 1837 1961 1896 congregata

379 1917 624 1974 Ecclesia
661 1919 864 1974 sterilis
893 1928 1012 1972 erat
1049 1918 1353 1987 quondam,
1388 1918 1480 1971 sed
1529 1926 1717 1987 postea
1772 1919 1959 1975 liberis

379 2012 614 2067 fecunda
642 2011 785 2067 facta
815 2020 920 2066 est.
967 2010 1150 2080 lnquit
1179 2012 1322 2064 enim
1350 2027 1363 2063 :
1422 2029 1441 2061 ι
1479 2007 1690 2065 Laetare
1714 2050 1730 2074 ,
1763 2012 1965 2066 sterilis

380 2117 503 2172 quae
544 2116 650 2155 non
683 2099 850 2170 paris.
899 2098 1157 2168 Erumpe,
1193 2107 1246 2152 et
1275 2099 1473 2161 clama,
1514 2114 1635 2166 qua:
1676 2113 1782 2152 non
1838 2114 1965 2168 par-

382 2192 544 2256 turis,
591 2190 849 2261 quoniam
884 2188 1069 2259 plures
1126 2196 1288 2241 erunt
1339 2187 1433 2241 ﬁlii
1494 2188 1743 2251 desertae,
1796 2203 1960 2258 quam

378 2283 500 2355 ejus
532 2296 656 2352 quae
682 2282 860 2336 virum
896 2282 1059 2336 habet
1087 2281 1132 2336 ι.
1165 2299 1185 2332 ι
1210 2280 1482 2346 Quoniam
1506 2281 1672 2350 igitur
1698 2279 1961 2345 Ecclesia,

380 2391 505 2446 qua:
540 2376 651 2429 Deo
678 2374 951 2429 Salvatori
979 2372 1234 2436 credidit,
1290 2372 1561 2442 majorum
1597 2387 1822 2426 suorum
1873 2388 1963 2426 er-

382 2482 563 2523 rorem
620 2467 885 2522 radicitus
933 2465 1275 2534 exstirpavit,
1338 2463 1505 2532 hujus
1570 2472 1749 2517 autem
1804 2474 1964 2535 typus

381 2569 500 2615 erat
532 2559 752 2626 Rachel,
783 2548 962 2614 furata
989 2566 1075 2614 est
1098 2557 1241 2613 idola
1271 2557 1463 2629 patris,
1484 2565 1545 2612 ut
1570 2557 1623 2611 in
1658 2572 1723 2613 eo
1744 2571 1965 2627 quoque

382 2651 666 2708 veritatem
699 2650 1071 2708 adumbraret.

899 2861 920 2881 ’
938 2868 1215 2926 INTEBR.
1268 2868 1405 2925 XCI.

2066 1838 2164 1909 μὲν
2218 1839 2318 1908 τὴν
2362 1840 2762 1913 πρεσϐυτέραν,
2797 1844 3060 1914 στερίφην
3093 1843 3149 1898 δὲ
3201 1844 3301 1917 τὴν
3344 1848 3646 1920 νεωτέραν.

2063 1930 2173 1983 Καὶ
2226 1930 2336 2001 γὰρ
2363 1933 2396 2001 ή
2429 1931 2486 1998 ἐξ
2521 1931 2689 1985 ἐθνῶν
2732 1933 3029 2004 Ἐκκλησία
3079 1938 3268 2008 στεῖρα
3313 1932 3382 2006 ἦν
3424 1938 3647 1993 πάλαι·

2064 2021 2179 2073 ἀλλ’
2214 2023 2433 2090 ἐγένετο
2496 2025 2635 2093 μετὰ
2682 2023 2858 2078 ταῦτα
2899 2027 3192 2091 πολύπαις.
3234 2048 3252 2080 ι
3289 2029 3652 2101 Εὐφράνθητι

2064 2112 2196 2183 γὰρ,
2230 2115 2385 2182 φησὶ,
2426 2104 2616 2187 στεῖρα
2646 2118 2678 2187 ἡ
2710 2117 2771 2171 οὐ
2802 2117 3081 2184 τίκτουσα,
3119 2120 3280 2191 ῥῆξον
3322 2123 3419 2175 καὶ
3449 2122 3652 2192 βόησον

2064 2205 2099 2275 ἡ
2126 2206 2228 2260 οὐκ
2257 2207 2524 2277 ᾠδίνουσα
2565 2227 2578 2240 ·
2616 2210 2701 2264 ὅτι
2759 2210 2932 2266 πολλὰ
2964 2212 3035 2266 τὰ
3070 2215 3238 2267 τέκνα
3280 2214 3382 2282 τῆς
3406 2215 3510 2286 ὲρή
3522 2234 3647 2286 μου,

2068 2299 2270 2369 μᾶλλον
2306 2300 2338 2370 ἢ
2374 2300 2476 2370 τῆς
2508 2303 2739 2374 ἐχούσης
2766 2303 2857 2357 τὸν
2883 2303 3106 2376 ἄνδρα.»
3142 2304 3362 2376 Ἐπειδὴ
3404 2308 3593 2359 τοίνυν
3618 2310 3653 2379 ἠ

2081 2389 2381 2461 Ἐκκλησία
2411 2391 2490 2462 τῷ
2518 2394 2738 2466 Σωτῆρι
2770 2399 3175 2452 πεπιστευκυῖα
3198 2396 3337 2467 Θεῷ,
3369 2397 3472 2469 τὴν
3507 2415 3651 2469 προ-

2065 2482 2292 2551 γονικὴν
2336 2484 2634 2556 πρόρριζον
2668 2486 2947 2541 ἀνέσπασε
2980 2487 3214 2559 πλάνην,
3246 2490 3416 2554 τύπος
3434 2491 3493 2545 δὲ
3518 2491 3657 2546 ταύ-

2064 2591 2168 2644 της
2205 2573 2502 2646 ἐτύγχανεν
2536 2571 2670 2630 οὖσα
2708 2578 2745 2648 ἠ
2795 2577 3016 2649 Ῥαχὴλ,
3045 2579 3280 2648 κέκλοφε
3332 2581 3403 2633 τὰ
3454 2581 3658 2636 εἴδωλα

2064 2666 2163 2720 τοῦ
2197 2668 2433 2740 πατρὸς,
2468 2668 2555 2724 ἴνα
2581 2668 2682 2739 τὴν
2713 2669 2974 2742 ἀλήθειαν
3023 2671 3129 2727 κὰν
3159 2670 3335 2744 τούτῳ
3378 2668 3661 2746 σκιαγρα-

2066 2761 2235 2832 φήσῃ·

2182 2880 2187 2885 ’
2665 2876 2863 2933 ΕΡΩΤ.
2918 2877 3038 2946 ΗΔΖ

384 2990 529 3057 Quid
554 2997 632 3044 est
661 2989 794 3043 hoc:
832 3003 851 3036 ‹
887 2982 1292 3064 Jurauitjacob
1318 2999 1440 3064 _per
1499 2984 1740 3038 timorem
1792 2985 1962 3055 patris

2071 2990 2134 3045 Τί
2162 2989 2357 3056 ἐστιν,
2394 3011 2414 3045 ι
2447 2994 2707 3064 Ὤμοσεν
2747 2992 2950 3064 Ἰακὼβ
2994 2992 3146 3064 κατὰ
3175 2993 3282 3048 τοῦ
3321 2994 3519 3064 φόϐου
3545 2994 3662 3052 τοῦ

954 3058 1038 3111 sui
1082 3054 1244 3110 Isaac
1268 3054 1341 3108 ιιῗ
1376 3071 1396 3106 ι

462 3152 740 3208 Timorem
781 3150 953 3207 lsaaci
987 3147 1200 3204 vocavit
1231 3146 1489 3217 pietatem
1523 3144 1721 3217 ipsius,
1756 3146 1863 3202 hoc
1882 3156 1966 3203 est

387 3248 582 3315 Deum,
614 3245 777 3317 cujus
836 3244 927 3300 ille
961 3243 1216 3299 timorem
1249 3241 1307 3295 in
1332 3239 1520 3295 animo
1564 3254 1670 3295 suo
1697 3240 1963 3310 gestabat.-

945 3460 1224 3517 INTERR.
1252 3459 1417 3517 XCII.

527 3578 886 3648 Quamobrem
925 3576 1160 3632 luctatur
1183 3575 1401 3647 angelus
1436 3591 1557 3629 cum
1587 3573 1831 3630 Jacobo?

458 3670 617 3725 illum
645 3668 842 3724 ﬁducia
872 3667 1226 3736 roborat,qui
1254 3665 1478 3721 fratrem
1498 3667 1793 3722 metuebat.
1822 3666 1971 3733 Qua-

389 3773 609 3835 pr0pter
635 3761 799 3817 etiam
830 3760 907 3814 illi
939 3758 1223 3815 victoriam
1275 3758 1572 3824 concessit,
1614 3758 1721 3814 hoc
1772 3773 1971 3829 prope-

388 3856 610 3912 modum
642 3854 834 3909 dicens
862 3870 875 3907 :
909 3849 993 3906 Me
1021 3851 1226 3919 vicisti,
1260 3860 1315 3907 et
1336 3851 1614 3906 hominem
1643 3849 1845 3906 times?
1891 3849 1971 3905 Ne

389 3962 520 4001 vero
570 3945 897 4015 superbiret,
932 3942 1078 4015 quod
1134 3942 1239 3999 sibi
1282 3944 1452 3998 Deum
1488 3958 1778 4013 superasse
1817 3943 1970 3998 vide-

388 4044 561 4103 retur,
591 4042 737 4090 tactu
778 4033 1002 4089 femoris
1033 4048 1093 4088 se
1122 4033 1394 4088 volentem
1427 4035 1630 4088 victum
1661 4044 1785 4089 esse
1830 4033 1973 4087 indi-

389 4127 552 4181 cavit.
600 4125 773 4178 Tactu
795 4124 940 4178 enim
978 4133 1258 4193 torporem
1292 4124 1525 4178 induxit.
1579 4123 1651 4176 At
1697 4138 1821 4178 cum
1846 4138 1972 4179 sen-

390 4221 555 4275 sisset
605 4216 776 4273 Jacob
809 4218 1064 4272 virtutem
1100 4215 1219 4285 ejus
1270 4217 1362 4283 qui
1396 4222 1742 4284 apparuerat,
1782 4222 1973 4283 postu-

389 4312 522 4367 lavit
572 4310 642 4366 ab
673 4325 738 4365 eo
762 4307 1239 4363 benedictionem:
1277 4304 1435 4373 100
1461 4304 1555 4373 qui
1586 4311 1641 4357 et
1680 4305 1829 4359 dedit
1891 4305 1970 4359 illi

2504 3063 2724 3131 πατρὸς
2746 3061 2933 3117 αὑτοῦ
2950 3063 3147 3118 Ἰσαάκ
3165 3079 3213 3128 ;ι

2137 3156 2306 3210 Φόϐον
2347 3154 2443 3208 τοῦ
2492 3153 2677 3207 Ἰσαὰκ
2712 3152 2811 3225 τὴν
2856 3154 3140 3209 εὐσέϐειαν
3184 3155 3437 3221 ἐκάλεσε,
3492 3172 3663 3210 τουτ-

2068 3249 2186 3302 ἐστι
2216 3247 2323 3311 ⁴σιςύν
2364 3246 2520 3314 Θεὸν,
2550 3240 2613 3302 οῦ
2662 3245 2755 3300 τὸν
2785 3246 2952 3316 φόϐον
2995 3247 3054 3301 ὲν
3079 3249 3147 3319 τῇ
3182 3248 3331 3320 ψυχῇ
3390 3248 3664 3320 περιέφε-

2066 3355 2164 3411 ρεν
2189 3338 2326 3411 (92).

2680 3451 2880 3506 ΕΡΩΤ.
2914 3449 3051 3519 qB'.

2146 3567 2319 3633 Τίνος
2343 3565 2556 3620 ἕνεκεν
2593 3564 2834 3619 παλαίει
2863 3563 2942 3630 τῷ
2988 3562 3199 3619 Ἰακὼὸ
3231 3566 3264 3618 ὀ
3284 3562 3589 3634 ἆγγελος;

2139 3658 2348 3712 Δεδιότι
2414 3657 2509 3711 τὸν
2563 3656 2792 3725 ἀδελφὺν
2848 3656 3048 3727 Θάρσος
3098 3655 3371 3727 ἐντίθησι*
3428 3655 3522 3709 διά
3572 3672 3664 3712 τοι

2069 3751 2230 3805 τοῦτο
2259 3751 2357 3804 καὶ
2383 3749 2482 3820 τῆς
2507 3748 2665 3819 νίκης
2687 3747 2837 3819 αὐτῷ
2873 3747 3257 3819 παρεχώρησε,
3285 3746 3464 3817 λέγων
3493 3765 3665 3818 μονο-

2070 3841 2221 3912 νουχὶ
2251 3841 2395 3907 (95),
2429 3839 2562 3912 Ἐμὲ
2594 3840 2907 3910 νενίκηκας,
2934 3841 3030 3894 καὶ
3052 3840 3339 3911 ἄνθρωπον
3366 3839 3661 3910 δέδοικας;

2074 3934 2193 3986 Ἵνα
2247 3933 2303 3986 δὲ
2335 3931 2412 4003 μὴ
2462 3932 2606 4003 μέγα
2632 3935 2804 4004 φρονῇ
2827 3933 2870 3964 ¹⁵
2909 3931 3066 3998 δόξας
3105 3932 3452 4004 νενικηκέναι
3491 3931 3661 4000 Θεὸν,

2071 4025 2139 4095 τῇ
2173 4025 2283 4096 ἁφῇ
2316 4022 2409 4077 τοῦ
2444 4024 2623 4096 μηροῦ
2638 4024 2701 4077 τὸ
2717 4020 3024 4077 ἐθελούσιον
3058 4024 3160 4094 τῆς
3185 4024 3358 4095 ἥττης
3387 4022 3661 4095 ἐδήλωσε.

2073 4119 2152 4189 Τῇ
2184 4119 2294 4188 γὰρ
2342 4118 2454 4190 ἁφῇ
2494 4117 2596 4188 τὴν
2646 4116 2860 4188 νάρκην
2887 4116 3205 4187 εἰργάσατο.
3233 4116 3403 4179 Γνοὺς
3444 4116 3505 4169 δὲ
3552 4116 3661 4170 τοῦ

2071 4211 2430 4281 ἐπιφανέντος
2468 4209 2567 4280 τὴν
2595 4208 2852 4280 δύναμιν,
2897 4209 2999 4281 τὴν
3048 4208 3302 4278 εὐλογίαν
3331 4211 3476 4264 αἰτεῖ
3497 4226 3513 4240 ·
3535 4213 3567 4264 6
3598 4211 3662 4266 δὲ

2073 4307 2169 4358 καὶ
2205 4303 2302 4375 τὴν
2341 4302 2558 4373 αἴτησιν
2574 4301 2782 4356 δίδωσι.
2812 4301 2924 4355 Καὶ
2955 4301 3056 4371 τὴν
3083 4301 3460 4375 προσηγορίαν
3487 4303 3662 4387 aper.

392 4404 540 4475 quod
584 4402 840 4474 petierat,
900 4408 956 4455 et
985 4412 1184 4453 nomen
1225 4395 1553 4450 immutavit.
1603 4413 1623 4445 ‹
1671 4392 1792 4450 Νοη
1821 4395 1967 4450 enim

2075 4396 2159 4450 ϐει
2180 4414 2195 4428 ·
2230 4416 2249 4449 ί
2280 4395 2482 4450 οὐκέτι
2532 4394 2666 4466 γὰρ,
2697 4395 2855 4468 φησὶ,
2890 4395 3224 4467 κληθήσεται
3252 4396 3314 4449 τὸ
3344 4395 3517 4466 ὄνομά
3558 4414 3663 4450 σου

390 4496 650 4566 amplius,
687 4494 943 4563 inquit",
975 4489 1263 4546 vocabitur
1318 4503 1519 4542 nomen
1568 4496 1720 4542 tttum
1779 4484 1968 4556 Jacoh,

2091 4488 2312 4555 Ἰακὼϐ,
2349 4488 2464 4542 ἀλλ’
2506 4488 2724 4560 Ἰσραὴλ
2758 4488 2915 4542 ἔσται
2964 4489 3026 4542 τὸ
3069 4488 3244 4559 ὄνομά
3277 4505 3393 4554 σου,
3447 4489 3531 4542 ὅτι
3565 4490 3673 4542 ὲν-.

386 4582 493 4639 ~sed
523 4583 688 4640 Israel
718 4583 823 4637 erit
850 4594 1049 4635 nomen
1085 4586 1262 4632 tuum.
1300 4574 1438 4641 Quia
1469 4573 1625 4629 fortis
1664 4572 1811 4630 fuisti
1844 4591 1969 4631 eum

2084 4580 2312 4650 ίσχυσας
2375 4579 2512 4650 μετὰ
2540 4579 2708 4646 Θεοῦ,
2766 4579 2859 4632 καὶ
2896 4579 3034 4649 μετὰ
3095 4577 3399 4650 ἀνθρώπων
3428 4578 3665 4644 δυνατὸς

328 4700 333 4703 <
399 4674 533 4738 Deo,
559 4689 684 4729 cum
718 4671 1035 4727 hominibus
1064 4676 1259 4740 potens
1291 4667 1418 4721 eris.
1459 4685 1477 4719 ι
1516 4664 1778 4722 lndicavit
1808 4668 1970 4723 etiam

2083 4673 2182 4745 ἔσῃ
2208 4672 2345 4740 (94).
2376 4669 2591 4748 Ἔδειξε
2620 4670 2677 4725 δὲ
2707 4671 2803 4724 καὶ
2849 4670 2950 4741 τὴν
2997 4669 3180 4723 αἰτίαν
3206 4669 3305 4741 τῆς
3341 4669 3518 4740 νίκης.
3563 4669 3664 4740 Μὴ

399 4782 623 4822 causam
651 4764 912 4820 victoriae.
942 4762 1023 4818 Ne
1052 4760 1300 4816 timueris
1331 4757 1498 4823 enim,
1534 4758 1630 4823 ait,
1668 4757 1969 4827 hominem,

2082 4764 2265 4838 δείσῃς
2306 4763 2437 4835 γὰρ,
2498 4763 2688 4835 φησὶν,
2741 4762 3028 4836 ἄνθρωπον
3076 4760 3212 4835 ἐμοῦ
3246 4779 3330 4817 σοι
3368 4763 3466 4834 τῆς
3497 4760 3666 4827 νίκης

470 4912 494 4941 ι·
521 4902 656 4959 Gen.
687 4916 816 4967 xxx,
846 4900 904 4955 2.
964 4899 986 4932 ⁵
1015 4896 1152 4954 Gen.
1184 4911 1314 4958 xxx,
1342 4895 1433 4962 2'5,
1491 4894 1583 4949 24.
1659 4895 1766 4951 lsa.
1799 4912 1911 4960 ιιι.
1945 4898 1986 4956 1.

2069 4911 2099 4939 ιι
2123 4899 2260 4955 Gen.
2296 4913 2450 4963 xm,
2475 4898 2563 4954 55.
2638 4907 2666 4936 ν
2693 4896 2832 4954 Gen.
2862 4913 3038 4965 χχχιι,
3061 4896 3153 4953 28.

1274 5006 1509 5064 ἾΑΒΙᾹΞ
1551 5007 1936 5068 LECTIONES
1966 5012 2060 5067 EX
2108 5012 2388 5069 CATENA
2421 5009 2773 5068 LIPSIENSI.

473 5137 517 5169 “
537 5136 658 5192 Cat.
691 5149 747 5204 ι).
779 5132 905 5188 585.
941 5129 1165 5185 ἐκάλεσε
1201 5127 1424 5199 Ῥαχήλ.
1501 5128 1546 5160 ¹⁵
1574 5128 1694 5184 Cat.
1735 5144 1790 5200 p.
1823 5131 1986 5208 596.1

2068 5133 2382 5206 παλοφρονῇ.

1881 5249 2110 5308 ΝΟΤΙΕ.

470 5390 582 5463 (89)
615 5388 749 5463 ροιι.
785 5388 946 5463 mw
970 5388 1070 5463 an.
1201 5458 1211 5463 -

2081 5390 2135 5445 in
2162 5389 2317 5463 notis
2343 5390 2407 5444 ad
2437 5371 2571 5445 tom.
2599 5385 2891 5463 ilignum.
2933 5383 3086 5463 Eccl.
3111 5382 3205 5441 Gr.
3237 5397 3291 5454 p.
3322 5381 3449 5437 719.

477 5455 586 5531 (90)
613 5460 748 5515 Cod.
779 5455 960 5531 etvliic.
997 5458 1329 5531 ὲτετυχήκει.

2153 5459 2265 5531 (95)
2302 5459 2669 5531 Μονονοῃχί.
2697 5456 2963 5531 Ρί-(ιπ-οὐχ)ἱ
2993 5455 3175 5531 μόνον.

477 5460 586 5529 (90)
613 5460 748 5515 Cod.
779 5470 833 5513 et
852 5460 960 5539 l’ic.
997 5460 1329 5579 ὲτετυχτὲκει.

621 5532 754 5607 βοά.
791 5537 846 5581 ct
869 5528 984 5582 Ptc.
1024 5530 1207 5607 προσέᾼ
1232 5545 1340 5581 ετο.
1443 5597 1456 5607 ι
1589 5601 1603 5607 _
1674 5591 1690 5607 ‘
1861 5604 1871 5607 _

2174 5460 2265 5531 95)
2302 5460 2669 5526 Μονονουχί.
2697 5460 2809 5511 Pic.
2834 5460 2957 5527 οὐχ).
2993 5460 3175 5525 μόνον.
3613 5522 3616 5526 ,

2097 5598 2111 5607 Α
2132 5460 2268 5607 ﬁt”)
2309 5532 2490 5600 Ἐσῃ.
2535 5529 2653 5584 Hoc
2700 5527 2920 5583 additur
2950 5526 3008 5581 in
3031 5526 3155 5583 cod.
3183 5522 3387 5590 Vatic.,
3421 5521 3575 5580 deest
3610 5537 3671 5578 Ill

479 5591 589 5668 (92)
623 5600 697 5653 lla
725 5615 945 5669 quoque
970 5591 1083 5652 vox'
1107 5598 1269 5668 φόϐος
1299 5609 1410 5652 tum
1443 5597 1547 5651 hoc
1589 5601 1645 5652 in
1674 5591 1819 5669 loco,
1843 5604 1974 5669 _tum
2082 5591 2262 5655 Aléxf
2436 5591 2463 5600 ”
3221 5621 3235 5631 -

410 5666 758 5726 ﬂisheccles.
793 5669 886 5724 lib.
914 5685 987 5733 tv,
1027 5666 1148 5740 cap.
1199 5672 1255 5735 9,
1308 5670 1613 5740 explicatur
1641 5681 1672 5721 a
1703 5666 1979 5737 ,Cotelerio
