3878 6312
392 342 493 405 207

1390 346 1884 407 THEODOBETI
1950 347 2289 409 EPISCOPI
2339 340 2704 413 CYRENSIS

3559 356 3662 423 208

393 461 579 518 eodem
608 461 829 517 nomine
865 468 1110 524 vocant;
1154 459 1452 515 absurdum
1500 469 1679 515 tamen
1733 477 1840 515 non
1899 470 1981 516 est

2089 464 2279 534 τομίας
2311 466 2622 538 ὁμωνύμως
2661 465 2937 521 καλοῦσιν.
2990 466 3157 522 Οὒδέν
3206 467 3265 522 δὲ
3301 463 3371 539 ἦν
3413 469 3660 533 ἀπεικὸς,

388 554 552 608 etiam
594 554 910 609 eunuchum
939 551 1219 607 mulierem
1269 550 1490 619 habere,
1524 567 1645 623 quae
1679 551 1826 607 domi
1860 569 1972 609 rem

390 646 716 702 familiarem
749 654 922 701 curet.

819 759 977 832 105
1036 759 1318 817 INTERR.
1360 758 1547 816 XCIX.

392 880 512 942 Qua
568 878 634 931 de
683 892 881 939 causa.
924 886 1073 930 tanto
1108 885 1338 944 tempore
1384 875 1601 943 elapso,
1641 892 1734 929 nec
1779 874 1973 946 Joscph

462 951 736 1001 certiorem
786 948 910 1015 fecit
954 955 1161 1012 patrem
1208 947 1272 1000 de
1313 947 1597 1010 servitute,
1632 962 1794 1016 neque
1837 947 1974 1001 Deus

461 1019 611 1071 illam
646 1019 967 1072 ret‘elatione
996 1017 1245 1087 patefecit
1272 1017 1373 1085 ipsi
1402 1016 1642 1071 Iacobo?

459 1176 761 1247 Oportebat
827 1181 924 1238 ut,
969 1171 1433 1245 quemadmodum
1474 1172 1790 1227 Abraltamo
1838 1186 1978 1243 prte-

388 1262 593 1318 dielum
638 1272 756 1318 erat
782 1301 796 1324 ,
829 1258 1000 1316 Jaeob
1034 1260 1388 1317 descenderet
1432 1259 1487 1315 in
1528 1258 1821 1332 (Egyptum
1871 1276 1977 1315 una

391 1373 515 1413 cum
545 1356 670 1412 ﬁliis
698 1367 752 1410 et
783 1355 1098 1425 nepotibus.
1126 1353 1267 1421 Qui,
1317 1354 1362 1410 si
1393 1354 1679 1421 scivisset,
1710 1369 1833 1425 qua:
1864 1354 1978 1408 lilio

388 1465 489 1506 suo
520 1447 760 1518 Josepho
797 1447 1145 1512 acciderant,
1189 1446 1380 1515 procul
1418 1445 1587 1502 dubio
1626 1445 1777 1501 illum
1810 1446 1977 1500 misso

390 1543 787 1612 redemptionis
812 1542 992 1612 pretio
1018 1539 1346 1594 reduxisset.
1391 1537 1507 1594 Hae
1537 1539 1606 1594 de
1634 1553 1800 1594 causa
1832 1537 1978 1593 Deus

390 1651 497 1689 non
528 1648 856 1705 magnopere
884 1633 1097 1689 curavit
1121 1631 1267 1701 quod
1293 1631 1523 1702 lugeret,
1559 1644 1669 1699 quo
1699 1629 1980 1699 dispensa-

393 1730 595 1781 tionem
627 1725 949 1794 adimpleret
968 1766 983 1791 ,
1023 1731 1078 1778 et
1102 1736 1226 1777 eum
1256 1722 1308 1776 in
1344 1721 1582 1793 gratiore
1608 1720 1732 1774 vitae
1761 1720 1977 1774 ratione

2078 556 2173 610 καὶ
2208 558 2463 630 εὐνοῦχον
2506 559 2639 614 ὄντα
2689 560 2925 629 γυναῖκα
2969 559 3114 631 ἐχειν
3158 562 3215 615 ἐν
3246 563 3313 633 τῇ
3343 561 3510 633 οἰκίᾳ,
3553 563 3664 619 τῶν

2079 649 2226 705 ἔνδον
2260 652 2700 724 ἐπιμελουμένην
2730 654 3094 725 πραγμάτων.

2701 772 2897 827 amr.
2939 771 3055 840 ιιοο.

2084 862 2253 930 Τίνος
2296 863 2555 935 (ἕνεκεν,
2611 866 2835 934 χρόνου
2899 866 3197 921 τοσούτου
3251 867 3666 935 παρεληλυθό-

2149 950 2253 1006 τος
2280 933 2419 1006 (24),
2459 936 2599 989 οὔτε
2645 935 2865 1006 ,Ἰωσὴφ
2898 935 2980 1001 τῷ
3018 935 3193 1005 πατρί
3231 933 3349 1002 τὴν
3377 937 3666 991 δουλείαν

2149 1003 2555 1076 ἐγνώρισεν-’⁸,
2584 1005 2725 1076 οὔτε
2747 1008 2780 1059 ὁ
2803 1003 2948 1072 Θεὸς
2969 1006 3042 1061 δι’
3070 1003 3509 1076 ἀποκαλύψεως
3527 1007 3665 1076 ἐδή-

2150 1080 2311 1128 λωσε
2333 1075 2510 1129 τοῦτο
2536 1074 2618 1141 τῷ
2654 1076 2892 1140 ’1ιικώϐ;

2156 1166 2306 1220 Ἔδει
2345 1167 2458 1237 (25)
2511 1169 2654 1221 κατὰ
2704 1166 2803 1240 τὴν
2857 1167 3181 1241 πρόρρησιν,
3236 1168 3334 1240 τὴν
3381 1168 3519 1240 πρὸς
3572 1170 3666 1223 τὸν

2093 1260 2349 1333 Ἀϐραὰμ
2396 1261 2794 1333 γεγενημένην,
2841 1262 2931 1315 τὸν
2979 1260 3174 1316 Ἰακὼϐ
3207 1261 3345 1332 μετὰ
3384 1261 3494 1316 τῶν
3536 1261 3667 1316 παί-

2079 1356 2207 1420 δων,
2239 1355 2336 1409 καὶ
2363 1354 2474 1408 τῶν
2504 1355 2746 1426 ἐκγόνων
2787 1355 2922 1427 (26),
2973 1358 3053 1420 εἰς
3094 1356 3192 1428 τὴν
3221 1356 3499 1421 Αἴγυπτον
3529 1373 3667 1409 κατ-

2079 1445 2274 1500 ελθεῖν.
2321 1446 2384 1499 Ei
2426 1446 2484 1501 δὲ
2512 1445 2580 1499 τὰ
2610 1445 2753 1499 κατὰ
2785 1445 2877 1500 τὸν
2920 1445 3120 1518 Ἰωσὴφ
3151 1445 3403 1516 ἐγνώκει,
3442 1446 3666 1510 πάντως

2078 1540 2143 1594 ἂν
2176 1540 2341 1595 αὑτὸν
2364 1539 2537 1611 λύτρα
2566 1538 2873 1610 πεπομφὼς
2899 1541 3236 1610 ἐπανήγαγε.
3270 1539 3472 1594 Τούτου
3503 1540 3669 1612 χάριν

2078 1632 2240 1687 αὐτὸν
2267 1632 2580 1703 ἀθυμοῦντα
2610 1633 2884 1700 παρεῖδεν,
2939 1633 3024 1686 ἵνα
3068 1632 3163 1685 καὶ
3206 1633 3307 1703 τὴν
3348 1633 3667 1704 οἰκονομίαν

2080 1722 2367 1795 πληρώσῃ,
2406 1723 2503 1777 καὶ
2541 1722 2961 1795 θυμηρεστέραν
2988 1722 3137 1793 αὑτῷ
3180 1722 3318 1792 μετὰ
3358 1722 3530 1776 ταῦτα
3564 1723 3667 1793 τὴν

388 1828 578 1889 postea
613 1818 988 1873 constitueret.
1034 1812 1170 1869 Nam
1203 1814 1322 1883 ipse
1358 1811 1522 1866 etiam
1573 1809 1773 1880 Joseph
1816 1809 1975 1865 docet

2089 1817 2222 1887 ζωὴν
2255 1816 2594 1886 καταστήσῃ.
2648 1815 2761 1869 Καὶ
2809 1816 2970 1878 αὐτὸς
3011 1815 3068 1868 δὲ
3099 1818 3127 1869 6
3173 1815 3371 1886 Ἰωσὴφ
3400 1815 3494 1868 τοῦ
3522 1815 3664 1869 Θεοῦ

388 1913 588 1967 fratres
624 1909 1075 1980 dispensationen
1109 1905 1246 1962 Dei:
1281 1923 1300 1957 ι
1332 1905 1402 1961 Ut
1428 1904 1685 1961 viveretis
1706 1946 1721 1971 ,
1755 1903 1969 1973 inquit,

388 2006 543 2060 misit
561 2018 649 2059 me
674 2002 819 2057 Deus
843 2012 971 2056 ante
991 2015 1113 2064 vos,
1142 2007 1204 2054 ut
1237 1999 1501 2055 nutrirem
1532 1996 1797 2068 populum
1827 1995 1968 2050 mul-

391 2107 507 2150 tum
539 2093 584 2149 ι.
617 2112 637 2146 ›
674 2093 829 2159 Quod
866 2092 1028 2147 etiam
1062 2090 1229 2145 David
1266 2104 1375 2144 non
1409 2089 1612 2144 tacuit:
1655 2107 1674 2140 ι
1712 2086 1779 2142 Et
1801 2086 1969 2142 advo-

389 2186 534 2241 cavit
577 2185 776 2240 famem
814 2199 979 2254 super
1010 2177 1236 2248 terram,
1286 2190 1342 2235 et
1374 2194 1537 2236 omne
1569 2181 1971 2234 ﬁrmamentum

390 2277 547 2346 p.1nis
590 2274 873 2331 contrivit.
909 2271 1057 2329 Misit
1101 2279 1226 2327 ante
1267 2286 1364 2327 eos
1395 2271 1571 2325 virum
1598 2310 1614 2336 ,
1654 2269 1711 2325 in
1751 2282 1972 2324 servum

390 2366 739 2423 venundatus
766 2374 851 2421 est
873 2363 1074 2434 Joseph
1098 2374 1139 2402 ω
1164 2402 1179 2426 ,
1222 2381 1241 2414 ι
1276 2370 1331 2417 et
1355 2361 1583 2432 reliqua.
1611 2360 1776 2429 Atqui
1807 2359 1853 2415 si
1885 2373 1977 2428 pa-

391 2459 632 2516 triarcha
674 2458 768 2514 liiii
799 2457 1119 2514 servitutem
1157 2454 1435 2519 novisset,
1478 2453 1629 2508 illum
1668 2452 1854 2521 utique
1883 2466 1973 2505 re-
2008 2450 2012 2455 ’

390 2552 694 2616 demisset,
750 2548 1066 2620 redemptus
1116 2555 1299 2601 autem
1365 2559 1640 2601 carcerem
1691 2558 1972 2612 nunquam

392 2645 648 2698 intrasset
693 2660 705 2696 :
758 2652 920 2710 atque
977 2638 1051 2694 ita
1116 2637 1344 2692 minime
1391 2636 1780 2705 interpretatus
1828 2643 1976 2691 esset

394 2734 570 2790 servis
602 2734 708 2789 illis
739 2732 950 2788 somnia
981 2748 994 2784 :
1037 2731 1151 2785 haec
1180 2738 1362 2784 autem
1382 2769 1397 2792 ,
1440 2728 1547 2784 nisi
1586 2727 1974 2796 interpretatus

390 2836 557 2891 esset,
585 2826 814 2881 minime
838 2822 1166 2879 innotuisset
1186 2820 1461 2877 Pharaoni
1489 2837 1505 2874 :
1537 2819 1853 2890 incognitus
1879 2834 1974 2874 au-

394 2928 499 2975 tem
525 2935 619 2988 per
636 2918 848 2972 somnia
870 2916 1214 2993 prophetiam
1232 2931 1341 2970 non
1367 2913 1676 2984 aperuisset
1704 2930 1719 2967 :
1741 2911 1845 2967 hoc
1872 2927 1972 2967 au-

394 3021 501 3066 tem
532 3026 640 3066 non
672 3008 840 3075 facto,
867 3008 1112 3077 regimen
1156 3005 1376 3076 lEgypti
1411 3019 1693 3073 nunquam
1728 3002 1802 3056 illi
1835 3002 1970 3058 fuis-

394 3111 477 3158 set
497 3100 764 3155 creditum
789 3115 803 3151 :
829 3097 975 3168 quod
1002 3096 1108 3153 nisi
1134 3096 1458 3165 accepisset,
1491 3095 1715 3150 minime
1738 3094 1971 3164 patriar-

2073 1908 2172 1978 τὴν
2213 1908 2529 1976 οἰκονομίαν
2568 1907 2811 1962 διδάσκει
2848 1909 2974 1972 τοὺς
3023 1907 3319 1977 ἀδελφούς·
3376 1925 3396 1959 ι
3427 1908 3522 1972 Εἰς
3552 1908 3669 1981 γὰρ

2075 2002 2243 2071 ζωὴν,
2269 2000 2456 2071 φησιν,
2479 2000 2796 2055 ἀπέσταλκε
2828 2018 2896 2071 με
2923 2002 2952 2053 6
2978 2001 3112 2065 Θεὸς
3139 2000 3450 2073 ἔμπροσθεν
3480 2000 3665 2071 ὑμῶν,

2072 2090 2167 2142 τοῦ
2217 2089 2510 2161 διαθρέψαι
2553 2089 2684 2145 λαὸν
2732 2091 2922 2145 πολύν.
2971 2111 2991 2145 ι
3053 2092 3163 2146 Καὶ
3207 2094 3236 2145 6
3278 2091 3448 2145 Δαϐὶδ
3485 2092 3670 2147 ταῦτά

2075 2199 2243 2254 φησιο
2284 2202 2302 2235 ι
2330 2184 2441 2238 Καὶ
2474 2184 2702 2238 ἐκάλεσε
2733 2183 2893 2254 λιμὸν
2938 2183 3033 2238 ἐπὶ
3072 2185 3172 2255 τὴν
3214 2185 3342 2254 γῆν,
3379 2186 3490 2238 πᾶν
3532 2186 3668 2254 στή-

2078 2293 2252 2347 ριγμα
2280 2277 2446 2346 ἄρτου
2482 2276 2827 2347 συνέτριψεν,
2868 2276 3188 2331 ἀπέστειλεν
3218 2276 3530 2348 ἔμπροσθεν
3563 2279 3670 2332 αύ-

2074 2367 2181 2421 τῶν
2219 2367 2528 2438 ἄνθρωπον,
2562 2369 2641 2432 εἰς
2674 2367 2859 2422 δοῦλον
2887 2369 3101 2440 ἐπράθη
3144 2370 3365 2440 Ἰωσὴφ,
3399 2388 3418 2423 ι
3470 2369 3568 2423 καὶ
3594 2371 3669 2425 τὰ

2076 2458 2222 2528 ἑξῆς.
2271 2460 2335 2513 Εἰ
2370 2460 2427 2514 δὲ
2472 2463 2501 2514 ὀ
2534 2460 2882 2531 πατριάρχης
2915 2459 3011 2514 τοῦ
3054 2459 3245 2524 παιδὸς
3273 2459 3372 2531 τὴν
3410 2459 3667 2516 δουλείαν

2076 2551 2328 2620 ἐγνώκει,
2353 2553 2570 2616 πάντως
2599 2552 2665 2606 ἂν
2691 2553 2854 2607 αὑτὸν
2882 2551 3254 2624 ἐλυτρώσατο·
3281 2551 3581 2623 λυτρωθείς
3609 2554 3669 2608 δὲ

2076 2643 2176 2697 οὐκ
2207 2641 2273 2697 ἂν
2307 2642 2366 2696 τὸ
2396 2643 2773 2715 δεσμωτήριον
2820 2643 2975 2715 ᾤκει.
3006 2643 3070 2697 Ei
3096 2643 3155 2696 δέ
3183 2645 3258 2714 μὴ
3284 2643 3442 2698 τοῦτο
3467 2645 3668 2713 ἐγεγό-

2076 2749 2177 2797 νει,
2222 2733 2320 2786 οὐκ
2351 2733 2418 2788 ἂν
2446 2734 2574 2797 τοὺς
2612 2733 2855 2804 ὀνείρους
2884 2735 2997 2797 τοῖς
3030 2733 3270 2797 οἰκέταις
3303 2734 3531 2798 ἐκείνοις
3561 2736 3667 2807 ἠρ-

2078 2825 2382 2896 μήνευσεν·
2416 2826 2490 2897 μὴ
2525 2825 2864 2898 ἑρμηνεύσας
2894 2827 2969 2889 δὲ,
3005 2827 3284 2900 γνώριμος
3311 2829 3411 2882 οὐκ
3440 2827 3508 2884 ἂν
3534 2829 3668 2899 ἐγε-

2075 2918 2222 2985 γόνει
2253 2916 2334 2988 τῷ
2361 2917 2562 2988 Φαραώ
2584 2935 2598 2949 ·
2632 2917 2907 2988 γνώριμος
2941 2918 2997 2970 δὲ
3030 2919 3105 2989 μὴ
3133 2919 3445 2990 γενόμενος,
3469 2922 3574 2975 οὐκ
3592 2920 3666 2976 ἂν

2072 3010 2172 3080 τὴν
2193 3009 2282 3064 διὰ
2305 3008 2413 3063 τῶν
2435 3010 2659 3081 ὀνείρων
2683 3009 2794 3081 (27)
2821 3012 3113 3080 ἐσαφήνισε
3135 3011 3462 3084 πρόρρησιν.
3483 3012 3668 3067 Τοῦτο

2075 3101 2132 3154 δὲ
2168 3099 2242 3171 μὴ
2276 3099 2570 3171 δεδρακὼς,
2621 3101 2721 3154 οὐκ
2770 3100 2835 3155 ἂν
2886 3103 3179 3173 ἐπιστεύθη
3225 3104 3325 3172 τῆς
3377 3104 3666 3175 Αἰγύπτου

392 3198 555 3251 cham
590 3211 698 3250 una
726 3208 849 3249 cum
889 3190 1096 3247 familia
1126 3189 1522 3245 introduxisset
1565 3190 1620 3244 in
1651 3186 1971 3259 Egyptum.

2089 3192 2176 3256 τὰς
2198 3192 2374 3262 ἡνίας.
2397 3192 2507 3263 Τῆς
2539 3192 2819 3261 Αἰγύπτου
2856 3194 2913 3247 δὲ
2954 3194 3029 3267 μὴ
3063 3196 3391 3269 παραλαϐὼν
3432 3197 3530 3269 τὴν
3555 3199 3668 3271 ἀρ-

391 3287 562 3357 igitur
614 3301 644 3338 a
700 3291 978 3354 postremo
1044 3287 1239 3337 eventu
1297 3280 1725 3351 dispensationis
1779 3278 1975 3334 divinae

392 3392 590 3447 scapus
615 3376 942 3432 declaratur.

891 3575 1053 3646 me
1094 3572 1374 3630 INTEBR.
1413 3574 1476 3631 ο.

399 3693 745 3762 Nequaquam
801 3691 968 3762 igitur
1025 3698 1371 3762 peccaverunt
1426 3686 1620 3762 [ratres
1651 3726 1666 3751 ,

689 3757 1042 3815 insefvierunt
1070 3757 1455 3823 dispensationi
1482 3758 1693 3811 diuinae.

465 3853 615 3924 Opus
646 3853 864 3909 illorum
893 3851 1243 3911 aemulatione
1267 3857 1319 3905 et
1348 3846 1552 3902 invidia
1580 3846 1802 3916 plenum
1827 3848 1971 3917 erat;

395 3946 539 4002 Deus
573 3956 774 4011 autem,
809 3962 933 4007 cum
966 3944 1037 4000 sit
1065 3943 1305 4013 sapiens,
1331 3939 1574 4010 nequitia
1600 3939 1818 4001 illorum
1843 3954 1976 3995 usus

394 4048 480 4092 est
514 4039 568 4091 in
601 4040 938 4094 contrarium
983 4036 1167 4090 linem.
1203 4029 1415 4098 Quibus
1444 4029 1593 4084 enim
1640 4028 1851 4084 artibus
1897 4027 1976 4082 illi

394 4130 574 4184 certati
622 4138 753 4185 sunt
785 4128 1045 4199 impedire
1075 4123 1414 4180 somniorum
1460 4128 1749 4185 eventum,
1781 4118 1974 4177 iisdem

398 4225 538 4279 Deus
569 4222 799 4279 s’omniis
830 4215 1360 4278 consummationem
1388 4213 1670 4283 imposuit.

953 4326 975 4357 ⁸
996 4321 1282 4380 ΙΝΤΕΒιΒ.
1316 4321 1409 4377 ω.

460 4447 571 4501 Cur
597 4446 782 4500 statim
812 4443 938 4496 uisis
960 4438 1220 4510 fratribus
1255 4454 1310 4492 se
1343 4437 1615 4492 duriorem
1642 4436 1902 4509 praebuit?

1723 3685 1974 3754 quoniam

459 4539 664 4593 Memor
687 4535 885 4604 .loseplt
911 4544 1126 4599 eorum,
1146 4544 1271 4601 quae
1297 4529 1354 4585 in
1380 4529 1533 4584 illum
1561 4530 1970 4599 commiserant,
2002 4520 2049 4576 D

389 4645 512 4685 cum
553 4628 921 4695 Benjaminem
960 4638 1068 4677 non
1112 4621 1359 4690 videret,
1406 4620 1715 4692 suspicatus
1751 4631 1837 4677 est
1875 4636 1973 4679 eos

392 4724 496 4776 tale
528 4721 803 4791 quidpiam
852 4717 1015 4772 etiam
1060 4715 1116 4770 in
1150 4714 1305 4770 illum
1354 4723 1719 4785 perpetrasse.
1772 4713 1842 4768 At
1879 4714 1973 4770 ubi

465 4880 485 4921 ἒ
524 4879 658 4935 Gen.
697 4895 820 4948 ξεν,
853 4878 904 4932 5.
981 4886 1020 4914 ω
1054 4875 1201 4933 Psal.
1232 4893 1319 4935 etv
1351 4917 1366 4945 ,
1400 4878 1487 4945 16,
1527 4880 1611 4951 17.

2077 3284 2178 3356 χὴν
2198 3284 2265 3350 ’⁸,
2286 3283 2386 3337 οὐκ
2402 3283 2469 3338 ἂν
2486 3284 2579 3338 τὸν
2603 3286 2946 3357 πατριάρχην
2967 3287 3103 3357 μετὰ
3118 3287 3211 3340 τοῦ
3229 3289 3418 3357 γένους
3434 3289 3671 3360 εἰσήγα-

2076 3394 2171 3452 γεν
2192 3376 2306 3449 (28)
2330 3378 2410 3440 εὶς
2429 3378 2529 3448 τὴν
2548 3378 2842 3448 Αἴγυπτον.
2884 3380 2980 3433 Ἐκ
3001 3379 3093 3432 τοῦ
3116 3381 3301 3446 τέλους
3330 3381 3394 3453 δὴ
3421 3378 3513 3436 οὖν
3542 3383 3668 3453 (ΞΩ)

2081 3470 2288 3539 γίνεται
2315 3470 2476 3542 δῆλος
2503 3472 2601 3544 τῆς
2629 3472 2782 3537 θείας
2813 3474 3125 3542 οἰκονομίας
3148 3476 3176 3527 6
3205 3473 3425 3539 σκοπός.

2700 3588 2896 3641 ΕΡΩΤ.
2938 3589 3016 3641 P'.

2080 3699 2318 3754 Οὐκοῦν
2344 3702 2453 3754 οὐκ
2483 3701 2819 3776 ἐξήμαρτον
2847 3704 2903 3754 οί
2931 3702 3182 3776 ἀδελφοί
3209 3705 3518 3774 οἰκονομίᾳ
3543 3704 3668 3776 (56)

2518 3771 3020 3841 ὑπουργήσαντες
3050 3771 3197 3839 θείᾳ.

2147 3864 2218 3918 Τὸ
2242 3865 2342 3936 μὲν
2367 3867 2592 3920 ἐκείνων
2614 3867 2775 3938 ἔργον
2802 3867 3102 3938 βασκανίας
3130 3867 3229 3921 καὶ
3257 3866 3452 3936 φθόνου
3471 3868 3539 3933 ⁸⁷,
3574 3885 3670 3923 σο-

2078 3957 2177 4023 φὸς
2201 3957 2260 4010 δὲ
2292 3956 2422 4020 ὣνό
2453 3956 2618 4023 Θεὸς,
2669 3961 2732 4030 τῇ
2777 3959 3011 4031 πονηρία
3041 3958 3152 4029 (51)
3198 3959 3266 4030 τῇ
3303 3958 3531 4013 ἐκείνων
3578 3962 3669 4023 εἰς

2076 4048 2384 4103 τούναντίον
2410 4049 2698 4119 ἐχρήσατο.
2738 4048 2815 4101 Δι’
2838 4042 2913 4103 ὧν
2945 4049 3054 4121 γὰρ
3086 4047 3455 4121 ἐπειράθησαν
3481 4050 3669 4105 κωλῦ-

2078 4154 2167 4193 σαι
2194 4138 2304 4192 τῶν
2330 4139 2555 4211 ὀνείρων
2583 4141 2683 4211 τὴν
2715 4140 2962 4210 ἑκϐασιν,
3000 4141 3089 4196 διὰ
3110 4141 3318 4197 τούτων
3349 4142 3668 4197 ἐπιτέθεικε

2074 4232 2187 4295 τοῖς
2219 4230 2451 4303 ὀνείροις
2487 4230 2549 4285 τὸ
2580 4232 2753 4296 τέλος.
2830 4226 2837 4229 ’

2688 4344 2886 4400 ΕΡΩΤ.
2926 4344 3051 4401 PA'.

2081 4466 2252 4533 Τίνος
2273 4467 2449 4537 χάριν
2467 4467 2650 4535 εὐθὺς
2669 4468 2902 4537 ὀφθεῖσι
2918 4470 3047 4540 τοῖς
3059 4469 3348 4539 ἀδελφοῖς
3358 4468 3666 4540 ὠμότερον

2655 4539 3042 4609 προσηνέχθη
3062 4556 3083 4604 ;

2147 4628 2515 4699 Μεμνημένος
2539 4627 2650 4683 τῶν
2689 4630 2770 4693 είς
2800 4629 2964 4684 αὐτὸν
3000 4631 3407 4702 γεγενημένων,
3439 4630 3665 4684 καὶτὸν

2078 4717 2341 4789 Βενιαμὶν
2374 4720 2475 4773 οὐκ
2509 4718 2655 4786 ἰδὼν,
2700 4719 3012 4774 ὑπετόπασε
3046 4720 3295 4775 κάκεῖνον
3337 4720 3514 4775 ταύτὰ
3544 4718 3661 4791 (52)

1272 5033 1505 5111 ΫΑΒίΑΞ
1545 5026 1928 5094 LECTIONES
1982 5037 2076 5095 EX
2131 5038 2409 5097 CATENA
2446 5039 2800 5106 LlPSlENSI.

431 5178 476 5210 ¹¹
503 5176 626 5232 Cat.
660 5190 711 5244 ρ.
757 5174 881 5230 466.
915 5171 1184 5247 ἐγνώρισε
1216 5170 1295 5245 τῷ
1331 5173 1550 5229 Ἰακώϐ.
1630 5176 1676 5207 ⁸⁸
1707 5176 1807 5247 τὴν
1841 5176 2015 5249 ἀρχὴν
2043 5193 2152 5235 om.
2231 5182 2275 5214 ’⁷
2299 5180 2568 5252 βασκανία
2599 5186 2690 5237 καὶ
2713 5183 2926 5253 φθόνος.

1900 5341 2135 5402 NOTAE.

458 5473 570 5542 (24)
597 5472 731 5544 Cod.
764 5470 958 5544 etpPic.
979 5472 1373 5544 διεληλυθότος.

481 5544 571 5616 25)
603 5542 786 5616 Ἔδει.
813 5542 947 5616 God.
980 5554 1032 5616 et
1055 5541 1170 5616 [διε.
1216 5544 1429 5616 ἐπειδή.

481 5547 571 5612 25)
603 5547 786 5597 Ἔδει.
813 5547 947 5597 Cod.
980 5554 1032 5596 et
1055 5547 1170 5599 Pic.
1216 5547 1251 5595 ἐκ

456 5547 575 5686 ﬁgi)
597 5614 816 5686 Cod._ei
844 5613 969 5686 Pic.
988 5614 1251 5686 ἐγγόνων.

456 5683 571 5753 (27}
611 5683 894 5753 Ὀνείρων.
931 5684 1066 5737 Cod.
1100 5684 1270 5745 addit,
1299 5683 1539 5739 ἐκείνων.

455 5754 568 5825 {28)
601 5754 959 5824 Εὶσήγαγεν.
987 5754 1120 5808 Cod.
1154 5762 1208 5807 el
1239 5754 1349 5808 Pic.
1385 5755 1614 5824 ἤγαγεν.

2143 5482 2254 5551 (29)
2281 5482 2361 5550 Δὴ
2386 5480 2520 5539 οὖν.
2559 5485 2693 5538 Cod.
2733 5493 2787 5538 et
2809 5483 2924 5539 Pic.
2954 5482 3151 5536 τοίνυν.

2143 5550 2255 5628 (5.0)
2297 5555 2494 5607 Οἶκον.
2536 5556 2788 5623 ὑπουργ.
2822 5554 2956 5609 Cod.
2995 5560 3050 5608 et
3072 5552 3186 5605 Pic.
3223 5550 3513 5624 οἰκονομίᾳ
3543 5554 3659 5628 γὰρ

2073 5622 2448 5693 ὑπούργησαν.

2143 5690 2254 5761 (5i)
2282 5690 2363 5760 Τῇ
2394 5693 2671 5761 πονηρίᾳ.
2703 5693 2837 5749 Cod.
2862 5702 2916 5748 et
2935 5692 3050 5747 Pic.
3079 5690 3176 5761 τὴν
3214 5695 3506 5761 πονηρίαν.

2142 5761 2255 5832 (52)
2293 5763 2504 5819 Ταῦτά.
2535 5764 2671 5819 Cod.
2700 5776 2754 5818 et
2774 5763 2886 5819 l’ic.
2916 5761 3105 5817 ταῦτα.
