3878 6312
318 324 419 389 2H

1316 313 1810 388 THEODORETI
1838 323 2184 390 EPISCOPI
2225 328 2593 403 CYRENSIS

3474 327 3585 398 212

321 456 426 496 non
456 441 602 514 quod
639 440 896 496 raticinio
924 447 1030 495 {aut
1065 438 1311 510 auguriis
1343 449 1621 505 uteretur,
1652 439 1750 497 sed
1779 455 1900 498 ser-
1926 449 1944 500 Λ

2023 441 2279 514 ιῖωνισμῷ
2308 444 2610 508 οἱωνίζεται
2638 442 2925 514 ἄνθρωπος
2941 443 2987 476 ³³
3012 438 3123 506 οἷος
3150 442 3294 511 ὲγὼς
3332 461 3351 494 ι
3394 443 3583 498 Ταῦτα

318 548 539 588 {nonem
579 532 839 604 efﬁngens
888 531 1190 588 secundum
1242 532 1528 588 materiam
1572 533 1899 605 subiectam.

322 624 591 683 Convenit
627 638 807 683 autem
841 625 1101 681 admirari
1128 626 1462 695 exquisitam
1493 627 1612 698 ejus
1646 629 1902 699 loquendi

325 721 614 775 rationem.
661 719 848 789 Neque
886 718 1034 773 enim
1080 719 1478 775 dissimulando
1517 721 1663 789 apud
1707 720 1902 777 fratres

323 812 624 885 inaugurandi
658 812 909 883 peritiam
939 810 1043 867 sibi
1078 812 1245 866 tribui
1283 827 1477 882 passus
1503 820 1621 877 est,
1651 814 1746 869 sed
1780 814 1901 868 cui-

324 905 467 975 piam
515 904 672 959 alteri
758 903 848 959 cui
895 918 994 973 par
1042 903 1258 973 imperii
1308 905 1605 959 commissa
1658 913 1902 975 potestas

323 1005 486 1051 esset.
519 994 635 1049 Non
665 995 811 1049 enim
838 994 1012 1059 dixit,
1051 1010 1309 1066 auguror,
1340 996 1455 1064 sed,
1496 1015 1515 1048 ι
1545 997 1775 1068 augurio
1804 1011 1903 1052 au-

323 1097 550 1159 guratur
579 1088 746 1143 homo
815 1086 994 1160 qualis
1021 1102 1142 1158 ego.
1170 1104 1189 1138 ι

869 1280 1152 1336 INTERR.
1211 1283 1345 1339 CVI.

418 1393 531 1450 Cur
562 1395 619 1448 id
647 1394 787 1466 quod
811 1394 877 1449 de
902 1398 1095 1466 scypho
1128 1408 1384 1452 narratur
1405 1437 1419 1462 ,
1459 1400 1578 1469 ﬁeri
1597 1401 1762 1470 jussit
1783 1402 1810 1455 Ρ

392 1486 592 1556 Ioseph
626 1488 860 1558 experiri
891 1489 1082 1545 volens
1105 1491 1350 1544 animum
1384 1490 1638 1556 fratrum,
1670 1504 1723 1548 et
1752 1495 1908 1565 liqui-

326 1581 395 1644 do
427 1595 626 1644 nosse,
667 1595 736 1634 an
764 1579 1135 1650 Benjaminem
1168 1583 1500 1638 calumniam
1544 1600 1763 1654 passum
1814 1589 1907 1642 de-

322 1664 631 1733 femlerent,
647 1671 717 1725 ob
739 1670 792 1726 id
829 1673 882 1726 in
908 1672 1028 1742 ejus
1051 1689 1271 1729 saccum
1302 1677 1567 1748 scyphum
1595 1678 1902 1733 abscondit.

2001 537 2058 590 δὲ
2086 537 2293 604 ἔλεγεν,
2318 538 2377 590 οὐ
2409 537 2638 609 μαντείᾳ
2667 537 2760 591 καὶ
2791 539 3001 601 οἰωνοῖς
3040 536 3397 607 κεχρημένος,
3444 535 3582 591 ἀλλὰ

2002 627 2142 700 πρὸς
2163 627 2264 699 τὴν
2287 629 2656 700 προκειμένην
2684 628 2941 682 ὑπόθεσιν
2963 626 3312 700 σχηματίζων
3340 629 3466 691 τοὺς
3489 627 3585 682 λό-

2002 737 2153 788 γους.
2182 720 2365 785 Ἀξιον
2395 721 2452 774 δὲ
2487 720 2651 777 αὐτοῦ
2685 720 2964 790 θαυμάσαι
2997 720 3105 774 τῶν
3133 720 3308 789 λόγων
3338 720 3398 773 τδ
3425 722 3585 794 ἀκρι-

2004 810 2119 873 ϐές.
2144 812 2280 867 Οὐδὲ
2308 812 2574 882 ἀδελφοὺς
2593 813 2704 883 (59)
2730 813 2839 883 γὰρ
2869 814 3297 885 ὑποκρινόμενος
3324 814 3585 885 ⁴ἠνέσχετο

2004 903 2184 975 ἑαυτῷ
2213 905 2306 958 τὸν
2332 906 2624 975 οἰωνισμδν
2668 907 2993 977 περιθεῖναι,
3026 907 3139 960 ἀλλ’
3173 906 3316 977 ἄλλῳ
3347 907 3453 959 τινὶ
3484 907 3587 977 τὴν

2005 995 2174 1066 αὐτὴν
2205 997 2625 1067 πεπιστευμένῳ
2660 998 2854 1068 ἀρχήν.
2891 999 2966 1051 Οὐ
3001 999 3107 1068 γὰρ
3139 993 3310 1062 εἶπεν,
3354 1017 3373 1050 ι
3402 997 3585 1051 οἰωνί-

2006 1088 2191 1158 ζομαι,
2216 1107 2235 1140 ι
2271 1088 2412 1153 ἀλλ’,
2448 1090 2760 1161 ιοῐωνισμῷ
2782 1088 3221 1161 οἱωνίζεταιμθ)
3246 1091 3275 1143 ὁ
3298 1090 3592 1162 ἄνθρωπος

2005 1174 2117 1244 οἷος
2151 1179 2283 1248 ἐγώ.
2323 1197 2343 1230 ι

2614 1298 2813 1355 EPaT.
2846 1300 2987 1365 Pq'.

2012 1407 2076 1461 Τί
2101 1407 2327 1476 δήποτε
2347 1408 2415 1463 τὸ
2444 1410 2596 1463 κατὰ
2617 1410 2683 1464 τὸ
2708 1410 2897 1465 κόνδυ
2921 1407 3336 1464 κατεσκεύασε
3358 1402 3594 1474 δρᾶμα;

2078 1499 2375 1554 Βασανίσαι
2397 1501 2506 1555 τῶν
2532 1500 2776 1570 ἀδελφῶν
2798 1500 3075 1572 ἠϐουλήθη
3102 1500 3200 1570 τὴν
3220 1499 3467 1568 γνώμην,
3489 1499 3594 1550 καὶ

2008 1590 2208 1658 γνῶναι
2237 1592 2446 1661 σαφῶς,
2479 1593 2527 1645 εἰ
2550 1596 2627 1664 τῷ
2653 1593 2912 1663 Βενιαμὶν
2941 1589 3433 1661 συκοφαντουμένῳ
3462 1604 3595 1641 συνι

2008 1682 2365 1752 αγωνίζονται
2387 1702 2400 1715 ·
2440 1685 2528 1739 διά
2561 1702 2644 1739 τοι
2675 1684 2834 1739 τοῦτο
2862 1684 2959 1738 καὶ
2987 1686 3067 1746 εἶς
3095 1683 3186 1736 τὸν
3214 1680 3423 1734 ἐκείνου
3454 1678 3596 1732 σάκ-

326 1763 396 1815 At
425 1760 515 1815 ubi
551 1775 660 1815 non
693 1769 904 1817 tantum
940 1765 1270 1833 patrocinari
1291 1806 1306 1831 ,
1335 1771 1430 1823 sed
1469 1776 1525 1822 et
1554 1783 1652 1838 pro
1684 1784 1904 1824 eo-cer-
1939 1783 1944 1839 ι

2023 1793 2104 1831 ιον
2127 1777 2187 1829 τὸ
2212 1777 2369 1831 κόνδυ
2400 1779 2758 1849 κατέκρυψεν.
2797 1775 3015 1846 Ἐπειδὴ
3040 1775 3097 1827 δὲ
3125 1774 3223 1844 οὐχ
3248 1770 3436 1833 ἁπλῶς
3465 1785 3596 1822 συνο

330 1861 448 1907 tare
491 1853 616 1909 illos
659 1855 964 1925 perspexit,
1024 1873 1256 1927 persona
1304 1859 1424 1929 ejus
1475 1860 1570 1930 qui
1617 1860 1912 1930 imperaret

329 1943 576 2013 deposita
605 1984 621 2011 ,
664 1943 966 2000 fraternum
1021 1949 1230 2003 vultum
1276 1951 1560 2015 exhibuit,
1608 1952 1914 2023 fratresque

332 2038 696 2107 trepidantes,
736 2047 791 2094 et
835 2046 1045 2094 tantum
1083 2056 1192 2096 non
1234 2051 1435 2097 terram
1481 2045 1584 2100 sibi
1631 2045 1914 2102 dehiscere

331 2137 687 2198 exoptantes,
738 2132 856 2202 ipse
896 2132 1044 2187 bono
1092 2134 1276 2188 animo
1316 2149 1439 2190 esse
1473 2135 1640 2204 jussit
1680 2136 1912 2192 dicens:

338 2244 356 2273 ι
393 2220 550 2278 Nunc
604 2224 769 2294 igitur
812 2225 983 2280 nolite
1029 2227 1207 2281 moesti
1264 2242 1425 2295 esse,
1485 2243 1662 2298 neque
1715 2228 1914 2284 durum

261 2335 272 2346 -
334 2313 484 2369 vobis
519 2315 786 2382 videatur,
822 2316 969 2386 quod
999 2318 1322 2373 vendidistis
1368 2334 1455 2373 me
1499 2320 1626 2375 huc.
1672 2320 1812 2374 Nam
1857 2329 1919 2399 ut

335 2406 619 2475 viveretis,
663 2409 815 2464 misit
850 2426 939 2465 me
967 2410 1113 2465 Deus
1139 2411 1246 2467 huc
1271 2421 1397 2467 ante
1427 2429 1525 2468 vos
1543 2423 1594 2467 (ι.
1637 2431 1657 2465 ι
1697 2412 1918 2469 Urbane

334 2506 515 2552 autem
553 2500 846 2557 admodum
889 2502 1172 2559 dimittens
1203 2503 1324 2559 illus
1351 2504 1602 2560 hortatus
1631 2513 1751 2560 est:
1793 2523 1813 2557 ι
1839 2503 1918 2560 Ne

336 2591 671 2662 irascimini,
721 2595 930 2666 inquit;
967 2597 1020 2650 in
1074 2598 1160 2651 via
1189 2607 1243 2661 ις
1276 2616 1295 2650 ι
1340 2597 1502 2668 quasi
1536 2597 1745 2653 diceret
1775 2639 1792 2666 ,
1847 2615 1920 2654 ne

338 2682 467 2736 talia
498 2687 820 2755 perpetratis
842 2727 858 2754 ,
906 2687 1091 2757 qualia
1128 2687 1184 2741 in
1218 2703 1306 2743 me
1334 2688 1455 2744 ausi
1492 2691 1628 2745 estis
1665 2691 1920 2745 commit-

337 2782 473 2828 tere.

885 2888 1168 2948 INTERR.
1213 2890 1371 2947 CVII.

342 2995 453 3054 Cur
487 2998 866 3072 ﬁgyptiorum
911 3019 1102 3067 pecora
1154 3014 1205 3058 et
1242 3014 1452 3077 terram
1498 3006 1607 3077 regi
1641 3004 1922 3061 Pharaoni

943 3076 1270 3143 comparavit
1297 3076 1323 3129 .7

415 3161 597 3232 Inopia
641 3161 902 3220 frumenti
937 3166 1252 3222 laborantes
1281 3155 1457 3239 neque
1483 3170 1693 3225 nutrire
1719 3154 1918 3240 pecora

2013 1868 2368 1939 ηγοροῢντας,
2401 1869 2538 1922 ἀλλὰ
2568 1870 2663 1922 καὶ
2690 1865 3146 1939 ὑπερμαχοῦντας
3181 1864 3465 1922 ἐθεάσατο,
3506 1858 3597 1932 ῥί-

2012 1959 2122 2029 ψας
2144 1959 2204 2013 τὸ
2226 1963 2567 2032 προσωπεῖον
2588 1960 2649 2014 τὸ
2674 1961 2921 2030 ἀρχικὸν,
2951 1958 3012 2011 τὸ
3041 1957 3326 2025 ἀδελφικὸν
3350 1949 3616 2038 ἐπέδειξε»

2014 2050 2324 2122 πρόσωπον.
2372 2052 2628 2104 Ἐκείνων
2665 2050 2723 2103 δὲ
2750 2046 3236 2119 καταπτηξάντων,
3273 2047 3368 2100 καὶ
3395 2059 3594 2115 μονον-

2014 2143 2135 2213 ουχὶ
2185 2144 2347 2212 χάναι
2375 2142 2486 2213 (LI)
2520 2141 2707 2205 αὐτοῖς
2737 2140 3109 2211 βουληθέντων
3137 2138 3235 2208 τὴν
3265 2137 3390 2206 γῆν,
3427 2133 3595 2195 αὐτὸς

2017 2232 2431 2305 παραθαρῤύνει
2452 2233 2627 2302 λέγων
2648 2248 2663 2262 ·
2708 2252 2728 2284 ι
2757 2232 2871 2286 Νῦν
2891 2228 2984 2285 οὖν
2998 2232 3042 2263 ³⁵
3071 2229 3146 2301 μὴ
3170 2228 3429 2283 λυπεῖσθε
3450 2224 3596 2298 (42),

2020 2325 2156 2395 μηδὲ
2207 2325 2443 2396 σκληρὸν
2505 2326 2632 2397 ὑμῖν
2707 2327 2930 2400 φανήτω
2959 2325 3003 2356 ³⁸
3055 2324 3136 2376 ὅτι
3201 2320 3466 2374 ἀπέδοσθέ
3523 2334 3598 2387 με

2016 2409 2120 2470 ὧδε
2163 2417 2296 2488 (45).
2350 2418 2444 2480 Εἰς
2472 2417 2581 2489 γὰρ
2621 2417 2766 2487 ζωὴν
2797 2415 3106 2470 ἀπέσταλκέ
3154 2431 3220 2483 με
3253 2415 3281 2466 ὁ
3319 2411 3452 2473 Θεὸς
3488 2409 3600 2479 ἔμεν

2019 2507 2254 2578 προσθεν
2282 2509 2392 2582 (44)
2422 2510 2596 2580 ὑμῶν.
2630 2527 2649 2561 ι
2688 2509 2847 2563 Μάλα
2870 2508 2926 2561 δὲ
2949 2509 2993 2539 ³⁸
3019 2507 3316 2578 χαριέντως
3339 2503 3433 2557 καὶ
3460 2519 3601 2573 προ-

2019 2598 2255 2666 πέμπων
2305 2598 2505 2662 αὐτοὺς
2550 2597 2876 2670 παρῄνεσεν.
2945 2617 2963 2649 ι
3006 2595 3099 2667 Μὴ
3137 2593 3421 2666 ὀργίζεσθε
3462 2592 3601 2664 γὰρ,

2021 2688 2208 2758 φησὶν,
2239 2689 2297 2742 ὲν
2328 2692 2392 2760 τῇ
2426 2687 2551 2759 ὀδῷ,
2585 2708 2602 2739 ι
2653 2688 2776 2742 ἀντὶ
2811 2686 2928 2755 τοῦ,
2967 2688 3058 2757 Μὴ
3086 2685 3311 2740 τοιαῦτα
3335 2684 3601 2756 δράσητε,

2021 2775 2107 2833 οἷα
2132 2781 2212 2843 εἰς
2241 2780 2343 2852 ἐμὲ
2371 2781 2767 2853 τετολμήκατε.

2632 2895 2829 2948 ΕΡΩΤ.
2867 2896 2953 2947 ΡΖ
2975 2933 2988 2945 .

2028 3009 2088 3064 Τι’
2111 3006 2335 3073 δήποτε
2369 3009 2466 3063 καὶ
2495 3008 2610 3076 τὴν
2634 3008 2748 3078 γῆν
2761 3009 2806 3040 ³⁷
2836 3007 2954 3062 τῶν
2990 3006 3347 3078 ᾼὶτυπτίωγ,
3389 3002 3488 3058 καὶ
3529 3001 3609 3057 τὰ

2277 3079 2467 3147 κτήνη
2499 3074 2904 3147 προάεπόρισε
2940 3077 3020 3143 τῷ
3053 3074 3342 3141 βασιλεῖ;

2096 3169 2234 3224 Οὔτε
2262 3171 2330 3225 τὰ
2354 3173 2527 3243 κτήνη
2555 3171 2752 3243 θρέψαι
2774 3165 2877 3225 οἷοί
2908 3188 2968 3224 τε
2994 3165 3135 3240 ἦσαν
3160 3170 3217 3222 ὲν
3251 3165 3482 3236 σιτοδείᾳ
3509 3163 3610 3216 καὶ

342 3251 639 3321 valebant,
694 3268 795 3309 nec
842 3255 1003 3326 109
1048 3271 1211 3327 agros
1247 3257 1541 3312 seminare.
1596 3258 1722 3312 Hazc
1761 3258 1927 3329 igitur

2027 3263 2349 3334 σπανοσιτίᾳ
2364 3262 2430 3326 ³⁸,
2471 3261 2597 3316 οὔτε
2633 3264 2854 3332 σπεῖραι
2895 3259 2993 3332 τὴν
3023 3261 3146 3328 γῆν.
3195 3255 3380 3308 Ταῦτα
3424 3256 3609 3306 τοίνυν

345 3352 568 3413 accepta
600 3353 845 3417 tempore
876 3347 1069 3414 famis,
1110 3359 1296 3419 postea
1325 3349 1598 3417 reddidit,
1640 3352 1757 3422 lege
1782 3351 1924 3418 lata,

2024 3357 2208 3412 λαϐὼν
2236 3361 2293 3413 ὲν
2337 3357 2415 3430 τῷ
2467 3356 2644 3428 καιρῷ
2675 3355 2767 3410 τοῦ
2798 3353 2956 3425 λιμοῦ
2999 3353 3227 3423 ὕστερον
3269 3346 3604 3410 ἀποδέδωκε,

347 3445 404 3489 ιιι
434 3437 603 3507 annui
633 3438 840 3496 reditus
865 3440 1055 3510 quinta
1086 3456 1214 3510 pars
1239 3440 1350 3512 regi
1388 3443 1787 3512 persolveretur
1813 3462 1829 3499 :
1867 3452 1927 3500 ut

2026 3452 2125 3522 τῆς
2154 3451 2414 3522 προσόδου
2441 3450 2500 3502 τὸ
2526 3449 2774 3517 πέμπτον
2800 3444 3074 3515 εἰσφέρειν
3103 3441 3488 3513 νομοθετήσας,
3517 3439 3609 3490 ἴνα

346 3536 592 3594 tempore
644 3527 803 3586 famis
847 3532 1086 3600 reposita
1125 3532 1422 3599 haberent,
1472 3533 1618 3590 unde
1652 3535 1919 3590 viverent.

350 3613 533 3670 Solam
560 3632 688 3672 vero
716 3627 914 3674 terram
946 3622 1289 3677 sacerdotum
1329 3625 1394 3679 ad
1431 3625 1571 3696 regis
1601 3627 1922 3697 obsequium

349 3708 649 3765 immunem
693 3712 763 3767 ab
796 3727 858 3767 ea
901 3715 1250 3782 praestatione
1305 3716 1527 3787 reliquit
1559 3719 1649 3790 (at
1681 3734 1812 3774 vero
1841 3734 1928 3775 sa-

2030 3546 2088 3597 ὲν
2120 3546 2240 3607 ταῖς
2284 3542 2512 3603 ἐνδείαις
2548 3537 2918 3607 ἀποκειμένας
2955 3535 3120 3605 ἔχωσι
3169 3534 3266 3594 τὰς
3309 3532 3408 3601 τῆς
3457 3529 3611 3598 ζωῆς

2030 3634 2305 3705 ἀφορμάς.
2334 3634 2427 3695 Εἰς
2455 3629 2751 3697 θεραπείαν
2767 3629 2810 3660 ³⁸
2841 3628 2899 3680 δὲ
2925 3625 3018 3679 τοῦ
3053 3623 3316 3695 βασιλέως
3334 3622 3431 3692 τὴν
3456 3623 3611 3690 ἱερα-

2028 3726 2186 3797 τικὴν
2219 3725 2324 3794 γῆν
2357 3723 2524 3792 ἁτελῆ
2558 3719 2915 3775 καταλέλοιπε
2954 3717 3145 3787 μόνην.
3177 3714 3391 3782 Ταύτης
3425 3712 3483 3766 δὲ
3508 3711 3611 3777 τῆς

347 3802 597 3859 cerdotes
636 3804 756 3873 ejus
795 3805 884 3874 qui
938 3820 1063 3860 vere
1100 3806 1248 3863 Deus
1292 3820 1345 3863 et
1395 3824 1505 3863 non
1548 3812 1788 3880 gaudent
1826 3811 1929 3865 hac

2027 3817 2193 3888 τιμῆς
2224 3818 2272 3868 oi
2300 3813 2392 3866 τοῦ
2429 3813 2564 3866 Θεοῦ
2596 3809 2689 3865 τοῦ
2719 3810 2871 3872 δντος
2900 3806 3011 3879 (45)
3047 3806 3147 3859 οὐκ
3177 3800 3543 3858 ἀπολαύουσιν
3559 3799 3609 3832 ⁸ο

350 3893 751 3965 immunitate).
792 3896 1096 3967 Tantopere
1128 3901 1526 3955 venerabantur
1557 3901 1806 3956 homines
1830 3901 1929 3955 im-

349 3982 423 4052 pii
455 3999 549 4041 eos
572 3986 664 4054 qui
704 4001 813 4040 non
848 3987 1124 4046 erantdii.

874 4100 1154 4156 ιΝτΕιιιι.
1210 4103 1393 4166 CVIII.

2030 3912 2214 3979 ἱερεῖς.
2243 3905 2508 3962 Τοσοῦτον
2537 3905 2587 3958 οἱ
2612 3901 2893 3964 δυσσεϐεῖς
2911 3901 3023 3964 τοῖς
3048 3900 3151 3952 οὐκ
3171 3889 3289 3951 οὖσι
3315 3894 3478 3956 θεοῖς.
3506 3893 3613 3945 ἀπο

2030 4002 2221 4073 ένεμον
2252 3997 2435 4061 σέϐας.

2639 4107 2836 4162 ΕΡΩΤ.
2877 4103 3005 4159 PH'.

353 4212 532 4278 Quare
580 4213 748 4270 Iacob
803 4217 1027 4289 sepeliri,
1082 4220 1355 4274 mandavit
1405 4236 1595 4289 corpus
1653 4237 1809 4274 suum
1872 4221 1931 4274 in

2031 4225 2192 4283 Διατί
2231 4227 2264 4280 ὁ
2306 4221 2517 4278 Ἰακὼϐ
2554 4222 2621 4275 τὸ
2661 4221 2831 4289 σῶμα
2863 4215 3049 4289 αὐτοῦ
3089 4215 3177 4280 εὶς
3213 4209 3331 4281 τὴν
3372 4202 3613 4275 Χεϐρὼν

995 4288 1232 4344 Chebron
1261 4291 1286 4343 ?

424 4371 544 4429 Non
576 4377 723 4445 quod
759 4377 827 4432 de
861 4378 1138 4447 sepultura
1181 4381 1335 4435 valde
1370 4379 1637 4436 sollicitus
1665 4392 1831 4446 esset,
1875 4391 1934 4437 ut

2536 4286 2796 4360 ταφῆναι
2828 4286 3099 4348 ueletiam;

2102 4388 2177 4443 Οὐ
2205 4387 2382 4455 τάφου
2419 4385 2740 4456 φροντίζων,
2778 4381 2853 4445 ὥς
2881 4395 3025 4441 τινες
3055 4374 3438 4444 ὑπειλήφασιν,
3469 4366 3610 4422 ἀλλὰ

353 4466 575 4535 quidam
606 4478 867 4537 putarunt
893 4489 906 4527 :
933 4471 1028 4529 sed
1054 4480 1113 4527 ut
1142 4471 1404 4527 familiam
1430 4489 1585 4529 suam
1615 4474 1930 4529 consolare-

2035 4479 2096 4533 τὸ
2122 4478 2278 4546 γένος
2306 4474 2671 4546 ψυχαγωγῶν,
2716 4472 2809 4527 καὶ
2836 4469 3102 4525 διδάσκων
3131 4469 3206 4530 ὡς
3239 4465 3485 4525 ἅπαντας
3510 4459 3609 4512 αὐ-

355 4571 464 4623 tur,
502 4567 557 4614 et
585 4559 806 4615 doceret
849 4560 1141 4616 Dominum
1197 4562 1367 4618 Deum
1404 4566 1776 4620 traducturum
1806 4566 1932 4623 illos

2036 4573 2162 4635 τοὺς
2186 4572 2214 4623 ὁ
2243 4572 2518 4639 Δεσπότης
2542 4567 2673 4630 Θεὸς
2703 4564 3029 4635 μεταστήσει
3057 4561 3159 4630 τῆς
3189 4556 3489 4627 Αἰγύπτου.
3514 4551 3609 4606 καὶ

356 4665 550 4707 omnes
569 4667 636 4708 ex
661 4651 930 4725 Egypto;
959 4661 1012 4708 et
1034 4655 1287 4709 daturum
1317 4655 1428 4710 illis
1469 4664 1666 4710 terram
1696 4659 1932 4726 promis-

427 4773 458 4818 ει
488 4764 625 4822 Gen.
666 4783 802 4837 ην,
845 4768 900 4823 5.
976 4776 1000 4807 ν
1036 4766 1168 4822 ibid.
1203 4768 1293 4821 24.

2040 4663 2139 4735 τὴν
2165 4659 2578 4734 ἐπηγγελμένην
2620 4658 2801 4722 αὐτοῖς
2856 4653 3124 4709 ἀποδώσει
3151 4654 3276 4723 γῆν.
3315 4647 3515 4702 Τοῦτον
3551 4643 3611 4707 δὲ

1265 4877 1502 4934 VARIIE
1530 4877 1916 4935 LECTIONES
1948 4878 2038 4933 EX
2079 4879 2359 4935 CATENA
2393 4878 2751 4937 LIPSIENSI.

431 4996 480 5030 ⁸³
510 4997 802 5071 οἱωνιεζταλι
833 4997 990 5071 ἄνθρ.
1025 4996 1223 5071 Sicque
1256 4995 1819 5071 in_lilte__qua:stionis
1875 4995 2333 5071 oiwveiaeataD.’
2359 4994 2640 5071 οἰωνισμῷ
2667 4995 2960 5071 οῑωνεῖται.
3037 4991 3084 5025 ³⁸
3115 4989 3327 5071 (Eatur):
3502 4985 3612 5071 _viiv

363 5062 457 5122 οὖν
499 5082 616 5138 om.
691 5068 737 5100 ³⁸
768 5068 897 5138 ὑμῖν
937 5062 1249 5138 ’φαινέσοω.
1320 5065 1364 5097 ³⁸

364 5136 1189 5278 ἓαέἒνὲἒιξξτμῖλῗεέὲεὲξονίἒ

1398 5065 1545 5136 μάλα
1570 5096 1639 5137 -τ
1675 5065 2072 5137 τετολμήκατε,
2125 5067 2232 5121 vid.
2268 5075 2375 5120 cal.

1187 5179 1201 5191 .
1298 5138 1342 5219 f7
1371 5128 1585 5219 Caunii.
1607 5128 1944 5219 49_6,ﬂad'G'eI

2023 5128 2188 5219 χινιι,
2226 5137 2338 5219 ξος.
2362 5128 2678 5219 ’ξωσῂφηκαὶ
2702 5152 2752 5189 τ.
2774 5136 2896 5206 γῆν.
2976 5133 3020 5166 ³⁸
3056 5133 3152 5187 καὶ
3175 5128 3370 5186 σπάνει
3400 5128 3610 5187 σιτίων,

1229 5215 1334 5263 cat.
1368 5222 1421 5277 p.
1453 5207 1579 5274 497,
1617 5209 1683 5262 ad
1729 5205 1862 5262 Gen.
1889 5222 2055 5273 xLyu,
2111 5206 2201 5260 22.

2421 5082 2470 5135 p.
2502 5057 2628 5127 485',
2669 5066 2735 5119 ad
2769 5064 2905 5120 Gen.
2957 5076 3084 5135 ξεν,
3124 5062 3216 5135 25,
3245 5057 3336 5135 24,
3368 5057 3460 5113 ttbi
3496 5058 3609 5135 leg.

2293 5207 2339 5238 ⁸⁸
2377 5206 2648 5260 ἀπολάϐου
2656 5221 2760 5259 σιν.

1880 5338 2114 5395 NOTJE.

439 5482 552 5552 ('59)
594 5481 949 5551 Ἀδελφούς.
984 5481 1200 5538 Abesta
1229 5483 1352 5539 cod.
1386 5493 1440 5539 et
1468 5483 1600 5539 edit.
1624 5483 1760 5538 Pici.

441 5553 552 5622 (ιιι)
592 5552 725 5623 God.
753 5555 1067 5623 οιωνιείται,
1092 5570 1213 5623 qua:
1263 5555 1426 5609 etiam
1480 5563 1564 5610 est
1607 5554 1768 5609 lectio
1809 5553 1932 5614 cod.

368 5619 522 5681 Aléx.
553 5635 607 5677 et
640 5621 814 5678 Vatic.
845 5620 982 5678 Gen.
1013 5619 1121 5689 44,-
1146 5624 1232 5679 15.

442 5693 555 5766 (4!!)
585 5692 786 5766 zdwu.
813 5692 1171 5766 Cod._xijvat.
1339 5695 1553 5766 σχῆναι.

446 5762 557 5834 ιιιξ)
586 5761 913 5832 ᾈυπεῖσθε.
942 5761 1074 5821 God.
1113 5770 1166 5823 et
1202 5761 1317 5821 Pic.
1344 5761 1615 5834 φόϐὲῖσθε.

2113 5481 2223 5557 (45.)
2245 5466 2414 5557 Ἰοδςο
2445 5477 2625 5557 Deest:
2732 5546 2746 5557 .
2985 5548 2997 5557 .
3172 5543 3298 5557 ,...

2037 5543 2225 5677 ὧδμι)
2259 5551 2324 5603 '0
2367 5550 2530 5616 Θεός.
2574 5547 2687 5603 Hoc
2732 5546 2852 5603 loco
2897 5548 3067 5603 codex
3133 5556 3187 5602 et
3238 5543 3355 5601 Pic.
3397 5546 3606 5610 addunt

2113 5639 2232 5764 (d5)
2256 5683 2485 5759 ’Ὃν-τος.
2528 5688 2665 5746 Cod.
2706 5697 2761 5746 et
2791 5686 2904 5744 Pic.
2936 5685 3155 5757 ζῶντος.
