3878 6312
410 387 522 459 ειν

1369 386 1864 449 TIIEODORETI
1908 383 2249 444 EPISCOPI
2309 380 2673 442 CYRENSIS

3552 378 3667 443 Μ

407 506 678 562 dicturum
706 502 959 557 omnibus
989 499 1239 571 gentibus
1267 508 1445 559 terrm.
1477 498 1631 564 Quod
1659 497 1840 551 ethoc
1868 496 1987 549 loco

2091 493 2165 563 τῷ
2196 491 2308 563 (7i)
2354 490 2636 562 Ἀϐραὰμ,
2687 487 2781 541 καὶ
2826 486 2902 557 τῷ
2944 478 3151 553 Ἰσαὰκ,
3190 488 3284 540 καὶ
3333 485 3412 556 τῷ
3463 487 3665 542 Ἱακιέπῦ

405 593 720 665 patriarcha
797 590 1034 645 Jacobus
1110 587 1443 644 benedicens
1504 586 1655 642 Iuda:
1710 585 1980 656 patefecit.

411 704 430 737 ι
466 683 585 738 Non
632 682 844 737 deficiet
874 680 1043 743 enim,
1100 679 1297 749 inquit,
1347 680 1601 749 princeps
1649 693 1713 732 ex
1743 676 1901 739 Juda,
1933 685 1987 730 et

407 775 516 826 dux
568 771 634 826 de
686 770 891 825 femore
937 769 1078 838 ejus,
1128 768 1302 823 donec
1331 769 1513 823 veniat
1548 767 1637 822 cui
1686 767 1981 835 repositum

407 872 532 917 est:
566 871 619 915 et
647 862 766 931 ipse
796 868 879 916 est
900 861 1233 929 exspectatio
1271 859 1533 929 gentium.
1570 876 1588 909 ι
1642 855 1844 911 Deinde
1888 858 1983 910 de-

408 962 719 1007 monstrans
749 952 1006 1022 populum
1040 968 1106 1006 ex
1137 951 1392 1017 gentibus
1430 961 1479 1005 ct
1518 948 1721 1005 Judmis
1763 963 1984 1016 compo-

407 1048 572 1101 situm
611 1064 625 1099 :
661 1064 680 1096 ι
710 1045 973 1115 Alligans,
1013 1044 1209 1113 inquit,
1246 1044 1311 1097 ad
1344 1044 1508 1097 vitem
1539 1042 1755 1112 pullum
1799 1056 1980 1104 suum,

404 1145 458 1189 et
492 1133 750 1205 pampino
782 1135 906 1189 vitis
930 1134 1136 1203 pullum
1164 1133 1333 1189 asinae
1363 1149 1475 1189 sua:
1500 1133 1585 1185 ιι.ι
1619 1130 1774 1199 Quod
1801 1141 1982 1185 autem

404 1226 569 1280 Israel
598 1226 971 1287 dicatur-vitis,
1002 1240 1191 1279 omnes
1218 1225 1497 1294 prophetae
1519 1225 1734 1280 docent.
1772 1223 1981 1277 Etenim

405 1315 571 1371 David
605 1316 778 1370 dixit:
821 1335 838 1368 ι
875 1315 1099 1370 Vineam
1134 1331 1199 1369 ex
1257 1315 1493 1386 Egypto
1536 1317 1917 1379 transtulistii,
1963 1337 1976 1365 2

405 1420 459 1464 et
499 1418 715 1462 caetera.
750 1406 817 1461 Et
862 1406 1066 1463 Isaias:
1124 1426 1143 1460 ι
1179 1407 1346 1462 Vinea
1390 1407 1528 1463 facta
1565 1398 1649 1464 est
1692 1409 1905 1462 dilecto‘
1930 1409 1980 1458 in

405 1515 594 1563 cornu,
637 1501 689 1553 in
759 1501 877 1554 loco
923 1500 1129 1568 pingui.
1195 1519 1213 1551 ι
1255 1499 1321 1553 Ει
1363 1515 1460 1568 per
1504 1497 1796 1554 Jeremiam
1851 1500 1982 1553 dixi

405 1590 648 1643 omnium
690 1589 864 1645 Deus:
915 1608 933 1641 ι
970 1589 1084 1657 Ego
1132 1600 1311 1644 autem
1371 1591 1607 1660 plantavi
1665 1602 1715 1643 te
1764 1592 1978 1644 vincam

407 1681 744 1749 frugiferam,
776 1690 944 1736 totam
992 1699 1174 1736 veram
1212 1682 1239 1722 ¹ι
1268 1698 1282 1748 ;
1324 1702 1342 1735 ι
1392 1694 1445 1736 ct
1473 1698 1570 1752 per
1605 1684 1784 1737 Mosen
1814 1702 1826 1737 τ
1856 1702 1874 1734 ι
1913 1683 1985 1736 De

403 1774 557 1826 vinea
595 1772 950 1827 Sodomorum
987 1773 1138 1827 vinea
1166 1772 1412 1828 coruml.
1449 1793 1468 1826 ι
1510 1772 1576 1826 Et
1623 1775 1892 1828 Dominus
1929 1774 1980 1827 in

404 1864 574 1918 sacris
604 1861 909 1933 Evangeliis
935 1881 948 1917 :
974 1884 992 1915 ι
1025 1863 1199 1918 Homo
1221 1865 1436 1933 quidam
1462 1866 1723 1935 plantavit
1747 1868 1983 1929 vineam,

404 1967 454 2009 et
524 1956 724 2010 locavit
783 1957 926 2009 illam
981 1957 1268 2025 agricolis,
1320 1967 1376 2012 ct
1434 1974 1655 2027 peregre
1709 1959 1986 2023 profectus

403 2055 486 2098 cst
525 2053 584 2096 πι.
628 2062 645 2095 ι
677 2043 891 2097 Pullum
937 2058 1114 2097 autem
1158 2046 1394 2114 appellat
1434 2048 1686 2116 populum
1707 2048 1983 2114 gentilem,

404 2145 660 2201 tanquam
716 2135 1077 2198 indomitum,
1137 2146 1190 2189 ct
1245 2145 1455 2191 rectore
1517 2147 1813 2193 carentem.
1872 2139 1986 2193 Hoc

405 2226 548 2278 enim
613 2225 776 2279 etiam
840 2226 1103 2281 Duri-tinus
1161 2228 1395 2283 obscure
1452 2229 1609 2294 dixit,
1665 2230 1985 2300 praecipiens

405 2314 721 2383 apostolis;
760 2334 779 2366 ι
820 2314 889 2370 Ut
922 2317 1133 2369 abirent
1168 2317 1220 2369 in
1267 2316 1445 2373 vicum
1484 2333 1514 2372 e
1539 2318 1759 2387 regione
1797 2320 1983 2387 situm,

404 2413 459 2469 et
489 2404 755 2459 solverent
793 2407 1002 2460 asinam
1048 2407 1341 2473 alligatam,
1381 2416 1436 2461 et
1475 2408 1679 2476 pullum
1712 2409 1859 2478 ejus,
1891 2424 1985 2464 su-

405 2509 500 2563 per
537 2510 696 2564 quem
739 2497 920 2551 nullus
963 2497 1247 2550 hominum
1278 2497 1418 2551 sedit
1441 2507 1490 2551 ιι.
1529 2517 1549 2549 ι
1597 2497 1786 2567 Neque
1836 2500 1982 2555 enim

407 2582 735 2648 patriarcha,
767 2599 944 2652 neque
979 2586 1271 2655 legis-lator,
1303 2602 1481 2656 neque
1518 2586 1794 2657 propheta,
1828 2589 1984 2643 solli-

404 2673 545 2728 citus
586 2672 689 2727 fuit
733 2674 800 2729 de
840 2676 1014 2729 saluto
1062 2678 1321 2744 gentium.
1369 2674 1433 2731 At
1482 2677 1649 2733 divini
1728 2680 1980 2748 apostoli,

401 2762 544 2834 jnssi
601 2766 799 2820 docere
828 2777 1033 2835 gentes,
1064 2777 1117 2821 et
1164 2768 1320 2838 115
1351 2769 1627 2838 baptizare
1662 2771 1717 2824 in
1760 2770 1983 2825 nomine

406 2853 603 2914 Patris.
649 2863 700 2909 et
747 2853 958 2921 Filii,et
992 2855 1229 2926 Spiritus
1252 2860 1424 2914 sancti
1455 2868 1505 2927 ο,
1545 2859 1824 2914 solverunt
1872 2861 1982 2916 asi-

405 2960 554 3009 nam,
585 2945 684 2998 hoe
711 2955 813 3011 est,
841 2948 1133 3003 humanam
1179 2961 1454 3015 naturam,
1485 2951 1724 3005 vinctam
1769 2950 1980 3005 catenis

2087 584 2355 653 ὑπέσχετο
2386 582 2415 634 6
2444 581 2552 635 τῶν
2593 581 2729 635 ὅλων
2758 579 2911 642 Θεὸς,
2958 580 3020 632 ἐν
3048 577 3127 649 τῷ
3162 579 3437 650 σπέρματι
3484 578 3665 632 αὐτῶν

2085 677 2402 745 εύλογήσειν
2448 675 2628 729 πάντα
2674 674 2742 728 τὰ
2784 672 2911 739 ἔθνη
2959 672 3061 743 τῆς
3099 671 3222 742 γῆς.
3250 670 3423 725 Τοῦτο
3456 670 3553 725 καὶ
3582 671 3666 723 ἐν-

2084 768 2258 823 ταῦθα
2291 768 2644 840 παρεδήλωσε
2694 767 2786 818 τὸν
2840 764 3039 818 Ἰούδαν
3075 763 3315 832 εὐλογῶν
3348 765 3377 816 6
3415 762 3610 817 Ἰακὼϐ
3637 762 3664 813 6

2086 860 2451 931 πατριάρχης.
2500 878 2516 909 ι
2547 858 2661 911 υύκ
2690 855 2930 925 ἐκλείψει
2960 854 3090 927 γὰρ,
3122 856 3306 925 φησὶν,
3338 854 3521 925 ἄρχων
3549 854 3666 923 (72)

2086 955 2143 1019 ἐξ
2185 953 2372 1011 Ἰούδα,
2404 954 2498 1005 καί⁷
2536 950 2835 1022 ἡγούμενος
2868 949 2933 1002 ἐκ
2960 949 3072 1002 τῶν
3117 948 3305 1019 μηρῶν
3336 946 3525 1011 αὐτοῦ,
3557 947 3666 1009 ἕως

2086 1046 2151 1097 ἂν
2176 1044 2303 1117 ἔλθῃ
2333 1037 2377 1097 ὧ
2405 1043 2712 1107 ἀπόκειται,
2747 1041 2842 1096 καὶ
2881 1041 3042 1105 αὐτὸς
3072 1040 3371 1110 προσδοκία
3412 1038 3604 1093 ἐθνῶν.
3640 1057 3660 1090 ι

2085 1133 2220 1191 Εἶτα
2247 1136 2462 1198 δεικνὺς
2502 1135 2596 1188 τὸν
2642 1133 2702 1199 ἐξ
2749 1132 2920 1186 ἐθνῶν
2955 1131 3050 1186 καὶ
3090 1130 3360 1184 Ἰουδαίων
3390 1130 3668 1185 συστάντα

2084 1228 2212 1283 λαόν
2232 1245 2247 1261 ·
2306 1245 2326 1279 ι
2353 1226 2644 1294 Δεσμεύων
2692 1224 2828 1296 πρὸς
2859 1223 3106 1293 ἄμπελον
3150 1222 3240 1275 τὸν
3272 1222 3392 1275 ὄνον
3422 1222 3533 1293 (75)
3561 1222 3664 1275 αύ-

2012 1329 2047 1351 "
2083 1318 2199 1380 τοῦ,
2246 1318 2340 1370 καὶ
2365 1318 2435 1388 τῇ
2466 1315 2606 1369 ’ἐλικι
2649 1318 2745 1386 τῆς
2780 1314 3025 1385 ἀμπέλου
3056 1313 3148 1366 τὸν
3180 1312 3359 1367 πῶλον
3400 1315 3498 1383 τῆς
3536 1312 3662 1367 ὄνου

2084 1407 2271 1464 αὐτοῦ.
2322 1426 2341 1459 ι
2397 1406 2520 1460 Ὅτι
2571 1406 2627 1459 δὲ
2680 1405 2923 1476 ἄμπελος
2972 1406 3002 1457 6
3064 1403 3281 1475 Ἰσραὴλ
3326 1402 3660 1472 ὠνομάζετο,

2084 1501 2320 1564 ἅπαντες
2372 1500 2421 1552 οἱ
2474 1498 2745 1570 προφῆται
2797 1495 3126 1549 διδάσκουσι.
3183 1496 3291 1548 Καὶ
3342 1495 3451 1566 γὰρ
3501 1496 3667 1548 Δαϐἔδ

2086 1611 2251 1665 φησιν
2283 1609 2296 1621 ·
2356 1611 2376 1644 ι
2408 1590 2685 1660 Ἄμπελον
2715 1589 2772 1655 ἐξ
2800 1587 3077 1656 Αἰγύπτου
3113 1588 3376 1657 μετῆρας,
3418 1606 3437 1639 ι
3474 1605 3567 1641 και
3597 1606 3667 1641 τα

2085 1683 2233 1753 ἑξῆς.
2277 1681 2385 1735 Καὶ
2414 1682 2443 1735 6
2484 1680 2741 1743 Ἡσαΐας·
2779 1698 2800 1732 ι
2840 1678 3126 1749 Ἀμπελὼν
3154 1678 3391 1750 ἐγενήθη
3418 1678 3497 1749 τῷ
3525 1681 3667 1749 ὴγαο

2088 1772 2317 1844 πημένῳ
2346 1774 2404 1825 ἐν
2446 1771 2660 1840 κέρατι,
2695 1770 2754 1824 ὲν
2798 1769 2947 1840 τόπῳ
2979 1769 3090 1841 (74)
3125 1770 3293 1825 πίονι.
3341 1788 3359 1821 ι
3428 1771 3539 1823 Καὶ
3577 1770 3668 1824 διὰ

2087 1864 2182 1918 τοῦ
2215 1863 2482 1935 ’Ἰερεμίου
2512 1864 2541 1914 6
2569 1862 2675 1917 τῶν
2700 1862 2834 1916 ὅλων
2865 1862 2969 1932 ἔφη
3009 1862 3141 1926 Θεός
3161 1879 3176 1894 ο
3225 1882 3244 1915 ι
3278 1861 3420 1930 Ἐγὼ
3448 1863 3504 1916 δὲ
3532 1863 3669 1932 ἐφύ-

2082 1956 2253 2010 τευσά
2299 1973 2358 2007 σε
2400 1953 2645 2023 ἄμπελον
2686 1954 3059 2023 καρποφόρον,
3099 1955 3284 2006 πᾶσαν
3317 1952 3596 2022 ἀληθινήν,
3644 1972 3661 2006 ι

2086 2046 2195 2101 Καὶ
2234 2045 2323 2099 διὰ
2356 2045 2450 2098 τοῦ
2495 2043 2826 2113 νομοθέτουο
2883 2062 2903 2095 ‹
2941 2043 3035 2097 Ἐκ
3068 2044 3177 2115 γὰρ
3217 2044 3464 2114 ἀμπέλου
3506 2046 3667 2098 Σοδό-

2088 2138 2256 2207 μωνή
2285 2134 2529 2206 ἄμπελος
2557 2133 2754 2189 αὐτῶν.
2792 2151 2810 2184 ι
2847 2133 2959 2188 Καὶ
2991 2134 3020 2187 6
3047 2134 3251 2205 Κύριος
3280 2137 3337 2188 ἐν
3359 2137 3471 2198 τοῖς
3499 2136 3669 2205 ἱεροῖς

2086 2227 2469 2296 Εὐαγγελίοιςσ
2516 2245 2534 2278 ι
2562 2226 2882 2296 Ἀνθρωπος
2908 2243 2994 2289 τις
3020 2227 3315 2295 ἐφύτευσεν
3343 2227 3664 2296 ἀμπελῶνα,

2083 2319 2177 2374 καὶ
2203 2318 2412 2384 ἐξέδοτο
2442 2317 2605 2371 αὑτὸν
2629 2318 2914 2387 γεωργοῖς,
2943 2316 3036 2370 καὶ
3064 2317 3436 2389 ἀπεδήμησεν.
3467 2336 3485 2369 ι
3538 2319 3665 2371 Πῶο

2081 2412 2171 2466 λον
2203 2411 2260 2464 δὲ
2302 2410 2395 2464 τὸν
2440 2409 2499 2474 ἐξ
2528 2409 2716 2464 ’ἐθνῶν
2755 2409 3011 2479 ὀνομάζει
3043 2408 3193 2472 λαὸν,
3234 2410 3309 2472 ὡς
3352 2409 3666 2480 ἀδάμαστοι)

2082 2502 2231 2565 ὄντα,
2265 2502 2360 2557 καὶ
2386 2501 2745 2573 πωλοδάμνην
2774 2501 2875 2554 οὒκ
2902 2499 3196 2570 ἐσχηκότα.
3233 2500 3406 2554 Τοῦτο
3432 2500 3540 2572 γὰρ
3570 2501 3667 2554 καὶ

2082 2593 2113 2646 6
2162 2592 2368 2666 Κύριος
2412 2593 2630 2664 ᾐνίξατο
2688 2594 2801 2657 τοῖς
2853 2592 3171 2655 ἀποστόλοις
3224 2591 3613 2663 προστεταχὼς
3646 2608 3665 2626 ο

2089 2704 2110 2737 ι
2146 2685 2257 2749 Ἐξς
2294 2684 2394 2755 τὴν
2427 2685 2705 2740 κατέναντι
2751 2686 2945 2757 κώμην
2964 2686 3011 2719 δ’
3045 2684 3321 2751 ἀπελθεῖν,
3369 2686 3462 2738 καὶ
3502 2684 3664 2740 λῦσαι

2083 2775 2183 2847 τὴν
2206 2775 2326 2830 δνον
2353 2776 2454 2845 τὴν
2493 2776 2801 2845 δεδεμένην,
2853 2778 2947 2829 καὶ
2976 2775 3067 2829 τὸν
3096 2776 3302 2847 ταύτης
3329 2775 3527 2837 πῶλον,
3575 2778 3679 2846 ἐφ’

2081 2870 2142 2923 δν
2170 2885 2334 2940 φησιν
2364 2867 2537 2931 οᾶδεὶς
2567 2867 2870 2938 ἀνθρώπων
2897 2866 3169 2920 ἐκάθισεν.
3199 2884 3219 2918 ι
3253 2866 3389 2920 Οὔτε
3417 2867 3528 2934 γὰρ
3554 2875 3665 2921 πα-

2082 2958 2372 3029 τριάρχης,
2412 2956 2537 3011 οὔτε
2566 2956 2886 3028 νομοθέτης,
2926 2955 3052 3009 οὔτε
3082 2956 3387 3027 προφήτης,
3418 2958 3516 3026 τῆς
3550 2957 3665 3009 τῶν

407 3037 656 3106 peccati:
685 3037 962 3092 solverunt
991 3041 1152 3095 etiam
1194 3042 1422 3110 pullum,
1469 3056 1666 3110 nempe
1710 3041 1975 3112 populum

2084 3049 2250 3104 ἐθνῶν
2283 3049 2564 3118 ἐφρόντισε
2613 3047 2909 3118 σωτηρίας.
2970 3049 3031 3102 Oi
3082 3047 3139 3100 δὲ
3187 3047 3322 3101 θεῖοι
3371 3047 3666 3101 ἀπόστολοι

405 3143 469 3180 ex
505 3127 590 3179 illa
620 3136 841 3183 natum:
878 3139 929 3183 et
980 3131 1320 3200 imponentes
1366 3131 1440 3185 illi
1486 3132 1810 3188 vestimenta
1855 3149 1976 3202 sua,

2084 3140 2513 3212 προσταχθέντες
2550 3138 2886 3210 μαθητεῦσαι
2925 3139 3105 3193 πάντα
3134 3139 3202 3192 τὰ
3243 3138 3394 3208 ἔθνη,
3434 3138 3529 3193 καὶ
3561 3140 3664 3209 βα-

408 3219 514 3273 hoe
550 3228 651 3282 est,
682 3221 907 3287 gratiam
943 3237 1105 3291 quam
1133 3232 1288 3277 erant
1329 3224 1631 3279 consecuti.
1680 3244 1698 3276 ι
1734 3224 1977 3290 Quicun-

2084 3232 2274 3287 πτίσαι
2303 3233 2383 3295 είς
2413 3230 2475 3283 τὸ
2505 3230 2677 3301 ὄνομα
2718 3229 2814 3283 τοῦ
2858 3229 3092 3299 Πατρδς,
3134 3229 3230 3284 καὶ
3260 3228 3352 3280 τοῦ
3380 3227 3532 3289 Υίοῦ,
3567 3232 3666 3283 καὶ

406 3324 511 3377 quc
550 3311 694 3363 enim
747 3313 801 3364 in
836 3311 1054 3366 Christo
1103 3314 1361 3384 baptizati
1400 3323 1548 3379 sunt,
1582 3315 1860 3371 Christum
1894 3319 1980 3372 in-

2084 3323 2174 3377 τοῦ
2207 3322 2361 3392 ἁγίου
2387 3322 2726 3393 Πνεύματος,
2756 3320 2952 3375 ἔλυσαν
2985 3321 3083 3391 μὲν
3111 3319 3208 3390 τὴν
3238 3319 3379 3386 ὄνον,
3413 3320 3664 3372 τουτέστι

406 3400 707 3463 dnernntr,
750 3422 768 3453 ι
814 3414 1157 3460 mansuetum
1196 3407 1546 3462 reddiderunt
1573 3411 1779 3479 pullum
1820 3421 1978 3466 antea

2084 3414 2188 3467 τῶν
2223 3413 2526 3486 ἀνθρώπων
2574 3413 2673 3484 τὴν
2720 3412 2902 3479 φύσιν,
2943 3412 3042 3482 τὴν
3082 3410 3370 3481 δεδεμένην
3406 3412 3528 3473 ταῖς
3560 3413 3665 3480 τῆς

406 3491 755 3559 indomitum,
805 3506 859 3551 et
910 3514 1072 3567 super
1109 3515 1234 3555 cum
1290 3503 1479 3558 sedere
1508 3502 1756 3559 fecerunt
1789 3502 1979 3561 Domi-

406 3598 558 3647 num,
595 3594 648 3639 et
685 3586 1038 3657 alligaverunt
1084 3606 1209 3645 eum
1259 3593 1378 3660 viti,
1422 3595 1528 3650 hoc
1557 3606 1642 3651 est
1668 3596 1772 3651 sibi
1822 3598 1973 3667 ipsis.

405 3671 478 3727 Ex
521 3673 720 3731 .ladavis
759 3680 902 3732 enim
942 3692 1097 3735 erant
1146 3684 1397 3753 apostoli.
1435 3684 1545 3741 Nec
1604 3688 1689 3741 illi
1736 3697 1974 3753 tantum,

404 3766 497 3818 sed
537 3778 586 3820 et
620 3771 956 3841 septuaginta
992 3772 1266 3844 discipuli,
1295 3786 1349 3831 et
1377 3785 1459 3832 ter
1495 3779 1665 3845 mille,
1699 3795 1838 3850 quos
1868 3796 1978 3835 uno

402 3858 703 3928 emicatque
749 3871 991 3931 tempore
1032 3867 1272 3935 piscatus
1316 3878 1400 3924 est
1451 3871 1663 3938 primus
1700 3872 1978 3940 apostolo-

402 3961 545 4014 rum,
599 3959 653 4005 et
702 3955 987 4024 quinquies
1036 3961 1197 4025 mille,
1234 3969 1289 4015 et
1328 3963 1507 4017 multm
1546 3964 1848 4035 myriades,
1907 3965 1977 4019 de

402 4042 602 4106 quibus
633 4043 870 4101 Jacobns
911 4059 989 4102 ter
1041 4051 1228 4106 beatus
1269 4069 1392 4108 cum
1428 4052 1598 4109 Paulo
1634 4056 1975 4112 divinissimo

403 4130 662 4199 loquitur.
702 4133 817 4189 Non
865 4150 1070 4194 tantum
1108 4142 1274 4211 igitur
1324 4146 1593 4214 apostolis
1632 4147 1978 4202 adliteserunt

401 4224 492 4290 qui
556 4228 919 4295 crediderunt,
990 4235 1081 4288 sed
1118 4242 1183 4289 ‘ct
1235 4239 1604 4306 apostolorum
1671 4239 1975 4309 discipulis.

402 4312 555 4379 Quod
590 4319 885 4385 praevidens
926 4325 1231 4391 patriarcha
1258 4328 1433 4381 dixit:
1477 4347 1496 4381 ι
1525 4328 1765 4397 Aliigaus
1798 4331 1862 4383 ad
1896 4332 1975 4385 vi-

403 4414 531 4471 tem,
562 4417 616 4461 ct
640 4415 895 4479 pampino
933 4415 1054 4471 vitis
1088 4419 1294 4485 pullum
1333 4420 1499 4475 asinzc
1533 4436 1645 4474 sua:
1670 4431 1718 4474 ς.
1757 4439 1774 4473 ι
1810 4421 1975 4477 Dein-

2082 3506 2356 3577 ἁμαρτίας
2385 3507 2594 3574 σειραῖς
2614 3522 2628 3536 θ
2669 3502 2865 3556 ἔλυσαν
2890 3502 2944 3556 δὲ
2976 3502 3070 3555 καὶ
3106 3501 3200 3554 τὸν
3230 3501 3428 3563 πῶλον,
3463 3500 3555 3554 τὸν
3598 3502 3665 3553 ἐκ

2079 3598 2284 3669 ταύτης
2313 3596 2722 3668 βεϐλαστηκότα
2760 3595 2888 3648 λαόν
2916 3613 2928 3627 ·
2976 3594 3066 3646 καὶ
3105 3594 3385 3655 ἐπιθέντες
3411 3590 3561 3660 αύτῷ
3596 3593 3667 3645 τὰ

2083 3690 2272 3761 ἱμάτια
2311 3690 2379 3744 τὰ
2422 3689 2651 3753 ἑαυτῶν,
2696 3686 2941 3740 τουτέστι
2981 3684 3081 3755 τὴν
3114 3685 3277 3755 χάριν
3316 3676 3382 3754 ἦς
3422 3680 3615 3751 ἔτυχον
3646 3698 3660 3713 ·

2085 3802 2104 3835 ι
2126 3782 2281 3835 Ὅσοι
2306 3779 2414 3850 γὰρ
2441 3779 2518 3841 είς
2550 3776 2782 3849 Χριστὸν
2811 3774 3246 3847 ἐϐαπτίσθησαν,
3296 3773 3534 3845 Χριστὸν
3566 3775 3664 3825 ὲν-

2078 3871 2367 3925 εδύσαντο’
2417 3888 2437 3922 ι
2486 3868 2583 3923 κα).
2622 3868 2838 3939 εὐήνιον
2883 3867 3175 3938 ἀπέφησαν
3212 3865 3302 3919 τὸν
3342 3864 3664 3933 ἀδάμαστον

2078 3963 2292 4029 πῶλον,
2343 3962 2438 4016 καὶ
2487 3961 2822 4015 ἐπεκάθισαν
2872 3959 3020 4030 αύτῷ
3069 3958 3159 4013 τὸν
3216 3956 3514 4027 Δεσπότην,
3563 3958 3664 4010 καὶ

2079 4053 2421 4125 προσέδησαν
2467 4051 2628 4106 αὑτὸν
2670 4054 2736 4123 τῇ
2793 4049 3046 4121 ἀμπέλῳ,
3088 4048 3366 4102 τουτέστιν
3418 4049 3659 4111 ἑαυτοῖς.

2091 4145 2182 4209 Ἐξ
2224 4144 2493 4199 Ἰουδαίων
2525 4142 2633 4215 γὰρ
2662 4144 2712 4195 οἱ
2752 4142 3044 4198 ἀπόστολοι
3078 4156 3092 4170 ⁸
3141 4142 3236 4194 καὶ
3268 4140 3329 4193 οὐ
3366 4141 3525 4213 μόνον
3554 4139 3661 4192 αὐ-

2077 4235 2179 4301 τοὶ,
2202 4234 2338 4289 ἀλλὰ
2376 4235 2473 4289 καὶ
2499 4233 2551 4286 oi.
2596 4231 2965 4303 ἐϐδομήκοντα
3002 4230 3260 4301 μαθηταὶ,
3292 4230 3389 4282 καὶ
3415 4230 3468 4282 oi
3503 4245 3660 4298 τρισ-

2078 4326 2259 4399 χίλιοι,
2307 4324 2399 4388 οὒς
2451 4325 2594 4379 κατὰ
2620 4323 2734 4395 (75)
2769 4322 2967 4376 ταύτὸν
3015 4320 3348 4389 ἐσαγήνευσε
3378 4321 3485 4371 τῶν
3518 4319 3659 4371 ἀπο-

2081 4416 2285 4470 στόλων
2311 4418 2338 4469 6
2371 4414 2605 4484 πρῶτος,
2639 4415 2734 4467 καὶ
2761 4415 2809 4466 oi
2839 4412 3285 4481 πεντακισχίλιοι,
3317 4410 3413 4463 καὶ
3442 4410 3499 4462 αί
3525 4409 3655 4462 πολ-

400 4513 528 4568 ccps
557 4516 773 4570 quoque
796 4507 1037 4573 pranlicit
1068 4511 1411 4577 passionem:
1449 4530 1468 4562 ι
1504 4511 1728 4567 Latabit
1759 4512 1813 4566 in
1841 4517 1965 4567 vim)

2084 4503 2160 4558 λα).
2196 4504 2473 4574 μυριάδες,
2520 4504 2646 4575 περὶ
2675 4500 2749 4555 ὧν
2782 4505 2809 4557 6
2837 4502 3238 4574 τρισμακάριος
3279 4498 3535 4560 Ἰάκωϐος
3576 4498 3657 4568 τῷ

401 4592 594 4645 stolam
627 4610 804 4661 suam,
843 4607 895 4653 et
935 4602 985 4652 in
1028 4604 1290 4671 sanguine
1332 4618 1448 4658 uvae
1486 4604 1745 4658 amictum
1781 4620 1963 4660 suum.

399 4679 636 4737 Gratiosi
666 4686 806 4740 oculi
833 4688 952 4756 eius
993 4707 1155 4759 super
1185 4693 1390 4757 viuum,
1435 4702 1489 4748 et
1530 4694 1747 4749 candidi
1779 4695 1970 4751 dentes

399 4769 517 4837 ejus
548 4774 702 4841 quasi
737 4777 877 4831 lac'.
917 4797 935 4829 ι
994 4782 1058 4834 Et
1083 4797 1277 4852 corpus
1329 4782 1545 4851 quidem
1602 4785 1719 4853 ejus
1770 4785 1966 4840 stolam

399 4862 665 4931 appellat,
726 4869 1205 4937 sanguinem-vero
1255 4872 1484 4928 viuum:
1529 4875 1968 4946 quandoquidem

468 4972 654 5051 f_Gctt.
684 4993 830 5045 κως,
859 4981 941 5034 Η.
988 5050 991 5051 ν
1024 4979 1042 5020 ί
1072 4980 1218 5038 Psal.
1255 5000 1439 5051 uxrx,
1465 4985 1519 5040 8.

1596 4984 1611 5037 i
1654 4988 1760 5042 Isa.
1792 5003 1846 5052 v,
1874 4989 1926 5043 Ι.
2005 4991 2034 5031 ιι
2072 4990 2271 5048 Jerem.
2304 5007 2367 5055 ιι,
2396 4989 2487 5043 21.

400 5049 427 5078 υ
459 5042 628 5100 Marc.
666 5062 727 5115 tt,
758 5042 824 5103 2.
889 5059 915 5087 ε·
942 5050 1134 5108 Matth.
1188 5068 1383 5121 xxvm,
1425 5042 1527 5111 '19.
1600 5066 1629 5107 P
1656 5042 1845 5113 Galat:
1878 5074 1959 5126 ιιι,

2084 5042 2367 5117 flii—{em
2412 5042 2564 5120 trux,
2612 5057 2698 5110 ιι.

2072 4596 2329 4667 θειοτάτῳ
2350 4597 2596 4667 διελέχθη
2626 4596 2838 4664 Παύλῳ.
2873 4596 2945 4647 Ού
2980 4594 3140 4664 μόνον
3163 4593 3342 4645 τοίνυν
3368 4593 3479 4653 τοῖς
3509 4592 3654 4642 ἀπο-

2073 4688 2280 4752 στόλοις
2311 4687 2657 4757 συνὴφθησαν
2685 4686 2737 4737 οἱ
2766 4683 3213 4757 πεπιστευκότες,
3246 4680 3381 4733 ἀλλὰ
3416 4680 3510 4732 καὶ
3537 4681 3654 4741 τοῖς

2072 4772 2181 4834 τῶν
2211 4779 2523 4833 ἀποστόλων
2554 4777 2818 4848 μαθηταῖς
2837 4792 2850 4805 '
2891 4756 2991 4828 ita".
3017 4774 3173 4827 τοῦτο
3200 4771 3449 4842 προορῶν
3478 4772 3507 4823 6
3541 4787 3656 4822 πα-

2072 4872 2340 4943 τριὰρχης
2369 4870 2475 4942 ἐφη
2498 4887 2513 4900 ο
2577 4890 2593 4921 ι
2624 4867 2911 4939 Δεσμεύων
2956 4867 3091 4938 πρὸς
3132 4865 3375 4934 ἄμπελον
3407 4862 3498 4915 τὸν
3530 4861 3655 4931 (76)

2569 4986 2582 5026 ³
2633 4986 2790 5039 Deut.
2843 4999 3014 5045 xxxii,
3063 4982 3152 5035 5‘2.
3228 4990 3267 5013 ⁸·
3305 4979 3438 5036 Luc.
3469 4997 3563 5047 xx,
3597 4983 3653 5035 9.

2786 5065 2807 5093 τ
2842 5054 2971 5108 ibid.
3008 5053 3093 5109 ll,
3136 5050 3224 5104 12.

1265 5164 1500 5222 νΑΒΙΑς]
1525 5166 1914 5226 LECTIONES
1951 5169 2044 5224 EX
2084 5170 2359 5228 CATENA
2404 5165 2761 5224 LIPSIENSI.

469 5275 519 5309 ⁸⁸
550 5277 632 5342 εἰς
653 5294 704 5330 τ.
729 5293 918 5331 κατεν.
945 5274 1125 5331 πόλιν.

1924 5390 2158 5448 NOTAE.

468 5506 579 5589 (71)
608 5507 715 5589 Καί
747 5506 858 5576 γὰρ
883 5507 981 5561 καί
1010 5506 1108 5573 τῷ.
1136 5506 1270 5562 Cod.
1304 5506 1398 5562 κα).
1444 5507 1553 5579 γὰρ
1623 5510 1683 5562 ἐν
1711 5509 1809 5580 τῷ.
1847 5508 1958 5564 Pic.

397 5577 617 5647 καὶγὰρ
647 5577 747 5646 τῷ.
1527 5577 1532 5579 ’
1624 5604 1630 5610 ·

471 5648 582 5710 (:2)
616 5650 736 5699 Οὐκ
762 5677 833 5686 —
867 5647 1084 5714 ἅρχων.
1122 5649 1245 5704 Des.
1266 5648 1319 5701 in
1342 5649 1466 5703 cod.

470 5718 579 5783 (75)
613 5717 731 5784 Τὴν
761 5717 923 5771 ὄνον.
955 5718 1087 5773 Cod.
1114 5718 1203 5771 τὸν
1232 5719 1429 5771 πῶλον.
1461 5716 1535 5771 Ita
1587 5733 1805 5787 quoque
1850 5717 1964 5771 Sir-

400 5788 634 5841 mundm
662 5790 801 5842 inira
829 5788 878 5841 in
907 5789 1005 5842 hac
1042 5789 1156 5857 ipsa
1211 5791 1455 5843 sectione
1506 5804 1630 5858 pag.
1666 5806 1782 5856 ειη.
1814 5791 1958 5853 legit.

2152 5511 2262 5579 (74)
2309 5511 2405 5566 Ἐν
2431 5510 2607 5575 τόπῳ.
2658 5509 2794 5575 Cod,
2830 5510 2888 5563 ἐν
2915 5510 3054 5577 opst.
3098 5507 3207 5563 Pic.
3245 5508 3301 5559 ἐν
3324 5505 3508 5577 ἐλαίῳ.

2148 5582 2240 5650 (75
2280 5580 2416 5635 Cod.
2445 5579 2640 5650 etkPic.
2670 5598 2773 5632 κατ
2792 5581 2804 5602 ’
2837 5580 3019 5632 αὐτόν.

2146 5644 2258 5720 (76)
2296 5650 2410 5703 Τὸν
2443 5648 2668 5705 πῶλον.
2726 5651 2838 5705 lloc
2893 5650 3010 5703 loco
3058 5647 3180 5703 cod.
3211 5655 3265 5700 et
3293 5644 3410 5701 Pic.
3440 5644 3649 5703 habent

2072 5720 2171 5792 τὴν
2200 5721 2346 5773 ὄνον.
