3876 6310
140 391 247 460 221

1163 387 1446 462 ουίΕδΤ.
1488 383 1568 444 IN
1601 378 1868 441 GENES.
1908 378 2065 441 CAP.
2103 380 2294 441 XLIX

3292 318 3429 441 φερέ

146 513 320 568 πῶλον
353 510 547 576 αὐτοῦ,
580 510 676 565 καὶ
714 512 780 580 τῇ
824 510 962 564 ἕλικι
992 510 1087 579 τῆς
1119 509 1366 578 ἀμπέλου
1396 507 1487 558 τὸν
1536 502 1715 557 πῶλον

1828 500 2129 568 mysticum‘
2163 501 2327 554 etiam
2382 499 2562 553 vinum
2595 495 2913 567 sanguinem
2964 491 3175 548 vocavit
3223 489 3405 546 Domi-

145 604 239 671 τῆς
279 603 408 656 ὄνου
455 599 649 655 αὑτοῦ.¹
688 619 708 652 ι
764 597 898 653 Εἶτα
946 600 1042 653 καὶ
1092 598 1153 650 τὸ
1202 597 1373 660 πάθος
1419 593 1677 667 προλέγει
1705 610 1718 621 ·

153 714 170 746 ι
196 694 388 746 Πλυνεῖ
435 695 495 747 ὲν
539 692 669 762 οῖνῳ
713 691 811 762 τὴν
841 689 1033 760 στολὴν
1062 688 1250 753 αὐτοῦ,
1301 690 1396 742 καὶ
1427 690 1484 741 ὲν
1528 686 1722 755 αἵματι

150 785 427 855 σταφυλῆς
472 785 576 856 τὴν
627 782 921 854 περιϐολὴν
954 782 1143 846 αὑτοῦ,
1194 780 1476 854 χαροποιοὶ
1514 778 1628 849 (77)
1672 779 1721 829 oi

149 876 413 945 ὀφθαλμοὶ
446 873 611 928 αὐτοῦ
644 875 752 928 ἀπὸ
780 874 943 938 οῐνου,
974 875 1069 927 καὶ
1097 873 1280 926 λευκοὶ
1308 873 1358 925 οί
1383 871 1594 932 ὀδόντες
1621 869 1721 922 αὑ-

150 968 288 1039 τοῦῆ
318 966 486 1035 γάλα.
516 985 535 1018 ι
572 967 682 1019 Καὶ
705 965 767 1018 τὸ
795 966 892 1036 μὲν
923 966 1080 1035 σῶμα
1108 963 1270 1019 αὑτοῦ
1302 963 1495 1033 στολὴν
1524 960 1723 1031 ὀνομά-

150 1059 244 1122 ζει,
269 1059 333 1111 τὸ
357 1058 425 1111 δὲ
453 1051 596 1126 αἷμα
623 1052 765 1110 οἶνον
783 1069 797 1084 ⁸
832 1055 1020 1126 ἐπειδὴ
1048 1054 1143 1108 καὶ
1164 1053 1257 1107 τὸν
1292 1052 1555 1122 μυστικὸν
1583 1047 1723 1103 οἶνον

152 1149 282 1221 αἷμα
312 1151 594 1221 κέκληκεν
635 1151 665 1202 ὁ
712 1148 1013 1218 Δεσπότης.
1077 1146 1371 1217 Ἀκούομεν
1411 1146 1467 1198 δὲ
1504 1141 1722 1197 καὶτοῦ

151 1242 540 1312 εὐαγγελιστοῦ
592 1241 841 1297 Ἰωάννου
901 1239 1243 1302 διδάσκοντος
1263 1277 1279 1304 ,
1326 1237 1399 1299 ὡς
1436 1234 1530 1289 τοῦ
1562 1251 1724 1304 στρα-

151 1333 334 1387 τιώτου
379 1332 641 1397 νύξαντος
686 1328 852 1384 αὐτοῦ
896 1329 996 1400 τὴν
1041 1325 1282 1397 πλευράν
1321 1322 1541 1396 ἐξῆλθεν
1582 1319 1723 1392 αἷμα

152 1424 240 1479 καὶ
254 1425 425 1492 ὕδωρ.
456 1415 618 1477 Οὗτοι
638 1422 697 1476 δὲ
730 1422 781 1474 οἱ
810 1419 1030 1491 κρουνοὶ
1057 1419 1145 1472 διὰ
1177 1416 1275 1471 τοῦ
1306 1416 1559 1486 σώματος
1589 1430 1723 1467 κατ-

151 1518 444 1589 ερρύησαν.
475 1515 575 1568 Διά
602 1513 762 1569 τοῦτό
816 1529 982 1582 φησιν
1009 1514 1038 1565 ὁ
1066 1511 1440 1582 πατριάρχης·
1480 1528 1499 1560 ι
1527 1507 1725 1561 Πλυνεῖ

151 1611 205 1661 ὲν
227 1609 350 1676 οϊνῳ
390 1608 491 1679 τὴν
529 1606 722 1678 στολὴν
750 1604 917 1660 αὑτοῦ
935 1605 1002 1657 ⁸³.
1032 1622 1051 1655 ι
1106 1599 1238 1655 Εἶτα
1273 1601 1386 1673 (78)
1422 1600 1724 1654 δείκνυσιδδ

150 1704 242 1769 τξν
285 1701 397 1754 άπδ
443 1699 539 1753 τοῦ
588 1698 797 1761 πάθους
841 1697 1214 1767 γενησομένην
1272 1694 1610 1766 εὐφροσύνην
1632 1694 1720 1725 ⁵⁵·

158 1812 174 1843 ι
209 1792 508 1863 Χαροποιοὶ
535 1792 583 1844 οἱ
611 1788 882 1859 ὀφθαλμοὶ
915 1787 1081 1841 αὐτοῦ
1108 1787 1216 1841 ἀπὸ
1248 1786 1413 1841 οἴνου.
1448 1805 1468 1837 ι
1513 1786 1724 1856 Εὐφρο-

154 1884 278 1954 σύνη
306 1885 422 1953 γὰρ
464 1884 567 1954 τῆς
593 1882 940 1952 οἰκουμένης,
984 1881 1047 1933 τὸ
1077 1880 1344 1952 σωτήριον
1377 1878 1566 1942 πάθος.
1598 1876 1721 1932 Ὅτι

152 1976 205 2029 δὲ
239 1977 384 2029 οὕτω
412 1975 477 2029 τὸ
503 1975 678 2038 πάθος
719 1974 969 2037 ἐκάλεσε,
1018 1973 1229 2044 μάρτυς
1272 1972 1435 2035 αὐτὸς
1462 1973 1491 2024 ὁ
1519 1970 1724 2041 Κύριος

153 2068 348 2135 λέγων’
398 2086 419 2119 ι
438 2068 644 2137 Πάτερ,
675 2068 723 2119 εί
753 2066 997 2127 δυνατὸν,
1034 2063 1353 2134 παρελθέτω
1377 2063 1438 2116 τὸ
1466 2064 1711 2132 ποτήριοε

152 2159 301 2212 τοῦτο
320 2160 419 2212 ἀπ’
448 2157 602 2227 ἐμοῦ.
634 2175 654 2208 ι
685 2156 843 2227 Οὕτω
867 2157 1093 2220 καὶτοῖς
1118 2158 1252 2220 υἱοῖς
1272 2156 1373 2225 ἔφη
1403 2155 1687 2209 Ζεϐεδαίου
1708 2171 1723 2186 '

160 2268 176 2300 ι
198 2249 439 2302 Δύνασθε
461 2251 606 2301 πιεῖν
624 2248 684 2300 τὸ
704 2249 967 2318 ποτήριον
986 2247 1015 2301 ὃ
1034 2246 1147 2314 ἐγὼ
1172 2248 1349 2317 μέλλω
1370 2250 1514 2300 πιεῖν
1533 2248 1643 2317 (79)
1662 2249 1719 2316 ςξι

155 2341 222 2394 Τδ
280 2342 465 2395 τοίνυν
537 2343 829 2413 χαροποιὸν
896 2341 1005 2395 τῶν
1065 2342 1361 2411 ὀφθαλμῶν
1431 2341 1529 2413 τὴν
1589 2343 1726 2411 μετά

153 2432 210 2483 τὸ
259 2432 431 2496 πάθος
462 2432 801 2502 εὐφροσύνην
855 2432 1023 2503 δηλοῖ.
1059 2431 1215 2485 Μετὰ
1269 2432 1378 2502 γάρ
1436 2433 1498 2485 τὸ
1556 2432 1726 2495 πάθος

154 2526 243 2576 καὶ
299 2524 402 2594 τὴν
459 2524 775 2585 ἀνάστασιν,
817 2524 897 2586 είς
956 2524 1137 2576 πᾶσαν
1190 2523 1573 2594 ἀπεστάλησαν
1628 2522 1727 2595 τὴν

154 2615 472 2685 οίκουμένην
500 2617 552 2668 οἱ
584 2615 843 2686 μαθηταὶ,
886 2614 986 2685 τὴν
1018 2615 1293 2685 σωτηρίαν
1324 2615 1727 2686 προσφέροντες

153 2709 254 2768 τοῖς
287 2704 629 2758 πιστεύουσι.
679 2706 790 2774 Τῆς
818 2705 877 2759 δέ
917 2721 982 2772 γε
1017 2704 1368 2767 διδασκαλίας
1405 2704 1467 2757 τὸ
1509 2704 1722 2773 διειδὲς,

156 2799 240 2850 καὶ
286 2798 348 2851 τὸ
392 2796 686 2865 διαφανὲς,
738 2796 1087 2858 λευκοτάτοις
1129 2794 1338 2855 ὀδοῦσιν
1382 2795 1724 2849 ἀπείκασεν·

160 2889 401 2943 ιΛευκοὶ
439 2887 569 2957 γὰρ.
619 2888 804 2957 φησὶν,
859 2887 908 2939 οἱ
950 2885 1161 2949 ὀδόντες
1202 2884 1370 2940 αὐτοῦ
1417 2886 1450 2957 ἢ
1494 2886 1656 2953 γάλα.
1699 2904 1719 2938 ι

154 2979 401 3032 Τοσαῦτα
458 2977 793 3049 προείρηκεν
842 2978 872 3031 ὁ
931 2977 1278 3047 πατριάρχης
1337 2977 1580 3045 εὐλογῶν
1634 2977 1725 3031 τὸν

165 3072 362 3125 Ἰούδαν
389 3088 407 3101 ·
438 3069 533 3124 τοῦ
556 3070 612 3123 δὲ
634 3069 920 3124 Ζαϐουλὼν
947 3071 1176 3139 προεῖπε
1200 3067 1311 3137 (80)
1335 3069 1435 3141 τὴν
1458 3067 1725 3140 παράλιον

1823 609 1947 647 nos.
1988 592 2091 647 Sed
2129 601 2183 645 et
2213 587 2478 646 Joannem
2536 588 2928 659 evangelistam
2988 583 3243 639 audimus
3302 584 3402 637 ἀοι

1821 695 2052 750 evntem,
2096 698 2219 737 cum
2253 683 2406 737 miles
2446 683 2589 735 latus
2619 680 2791 750 ipsius
2825 676 3146 741 sauciasset,
3178 673 3404 745 sangui~

1823 793 1944 831 nem
1974 785 2029 830 et
2060 790 2256 844 aquam
2297 773 2516 828 exiisse.
2558 770 2627 825 Hi
2673 785 2802 825 vero
2835 768 3015 823 fontes
3060 781 3158 837 per
3201 778 3402 834 corpus

1821 869 1972 924 etl‘usi
2020 876 2165 925 sunt.
2218 866 2423 919 Idcirco
2456 863 2596 918 dixit
2626 862 2976 932 patriarcha:
3027 878 3046 910 ι
3085 856 3311 911 Lavabit
3349 857 3401 908 in

1822 962 1950 1016 vino
1979 959 2172 1015 stolam
2206 957 2365 1028 116
2395 970 2575 1011 suam.
2615 972 2633 1004 ι
2670 953 2863 1007 Postea
2893 952 3235 1005 demonstrat
3262 946 3397 1001 laeti-

1822 1054 1951 1108 tiam
1998 1066 2062 1105 ex
2111 1050 2360 1117 passione
2404 1045 2830 1116 procedentem:
2887 1059 2907 1093 ι
2945 1038 3096 1094 Oculi
3128 1038 3249 1108 ejus
3277 1050 3405 1107 gra-

1823 1142 1947 1198 tiosi
2002 1156 2166 1211 super
2209 1139 2418 1193 vinum.
2456 1155 2476 1189 ι
2533 1133 2813 1204 Siquidem
2863 1130 3046 1201 passio
3109 1126 3402 1189 salutaris,

1823 1235 2007 1290 Imtitia
2041 1242 2125 1291 est
2158 1231 2324 1286 totius
2352 1228 2523 1283 orbis.
2553 1225 2707 1294 Quod
2747 1230 2927 1278 autem
2964 1220 3270 1295 passionem
3321 1215 3405 1270 sic

1822 1326 2194 1399 appellaverit,
2236 1322 2391 1378 testis
2420 1327 2504 1374 est
2540 1318 2656 1387 ipse
2694 1314 2958 1371 Dominus
2989 1310 3210 1364 dicens:
3251 1325 3270 1358 ι
3304 1304 3409 1360 Pa-

1822 1429 1926 1484 ter,
1981 1421 2027 1474 si
2083 1415 2340 1487 possibile
2386 1422 2488 1476 est,
2541 1418 2780 1466 transeat
2836 1421 2866 1459 a
2899 1419 2987 1457 me
3034 1402 3176 1456 calix
3218 1401 3344 1455 iste.
3381 1416 3401 1453 I

1827 1512 2008 1568 Itidem
2041 1520 2095 1567 et
2127 1511 2252 1565 (iliis
2286 1504 2526 1562 Zebedmi
2561 1502 2739 1556 dixit:
2779 1517 2797 1550 ι
2832 1496 3066 1552 Potestis
3092 1494 3281 1552 bibere
3315 1510 3410 1549 ca-

1824 1605 2003 1669 licem,
2052 1618 2215 1674 quem
2259 1615 2358 1670 ego
2393 1595 2663 1652 bibiturus
2715 1590 2904 1648 sumi?
2943 1611 2961 1643 ι
3005 1590 3191 1646 Gratia
3243 1588 3409 1657 igitur

1824 1700 1911 1752 illa
1962 1697 2245 1752 oculorum
2279 1690 2542 1756 hetitiam,
2583 1692 2705 1759 qua;
2741 1696 2928 1741 secuta
2975 1693 3058 1739 est
3096 1682 3405 1753 passionem

1823 1800 1878 1847 et
1914 1786 2392 1848 resurrectionem,
2423 1781 2645 1838 iudicat.
2696 1779 2828 1832 Nam
2863 1786 2984 1847 post
3013 1775 3324 1845 passionem
3358 1780 3412 1825 et

1826 1878 2279 1938 resurrectionem
2312 1876 2465 1931 missi
2502 1883 2631 1929 sunt
2656 1872 2709 1925 in
2740 1870 3053 1923 universum
3088 1865 3272 1919 orbem
3327 1863 3412 1916 di-

1828 1974 2069 2044 scipuli,
2120 1972 2350 2028 salutem
2407 1965 2693 2021 afferentes
2760 1954 3412 2014 credentibus.Doctrina:

1826 2081 1956 2121 vero
1982 2065 2233 2120 decorem
2265 2071 2429 2131 atque
2462 2057 2807 2127 splendorem
2837 2045 3245 2105 camlidissimis
3273 2045 3409 2098 den-

1826 2161 1974 2214 tibus
2011 2155 2366 2225 comparavit.
2418 2171 2436 2202 ι
2485 2146 2714 2205 Candidi
2765 2144 2932 2207 enim,
2983 2138 3179 2207 inquit,
3221 2136 3411 2190 dentes

1825 2250 1944 2319 ejus
1998 2247 2118 2317 plus
2171 2258 2334 2313 quam
2378 2242 2483 2296 lac.
2522 2257 2539 2291 ο
2595 2236 2722 2291 Haec
2768 2233 3023 2287 universa
3095 2225 3409 2297 patriarcha

1826 2315 2095 2411 praedi—xit,
2143 2335 2271 2388 dum
2317 2330 2470 2385 Judm
2504 2327 2866 2382 benediceret.
2915 2320 3113 2373 Adhmc
3143 2315 3408 2369 Zabulom

1827 2410 2216 2487 habitationem
2248 2423 2497 2495 praedixit
2527 2417 2875 2474 maritimam.
2912 2410 3198 2467 ISsacInru
3225 2414 3407 2461 autem

1824 2523 2233 2596 agriculturam.
2274 2515 2350 2570 De
2380 2514 2517 2580 Dan,
2561 2507 2921 2579 quorumdam
2956 2501 3233 2569 opinione.
3270 2513 3410 2568 pra:-

1827 2590 1962 2670 dixit
1989 2624 2112 2681 qua:
2137 2615 2288 2678 gesta
2321 2611 2449 2660 sunt
2478 2618 2505 2654 a
2539 2601 2821 2654 Samsonr.
2878 2594 2952 2648 Ex
2988 2594 3091 2646 hac
3117 2590 3260 2644 enim
3294 2596 3413 2641 erat

1825 2704 1992 2770 tribu,
2022 2709 2076 2757 et
2095 2703 2524 2755 connumeratus
2551 2692 2793 2747 estinter
2817 2686 3049 2756 judiccs.
3078 2684 3142 2736 Et
3169 2690 3413 2751 propter-

1824 2811 1889 2849 ea
1954 2792 2118 2848 dicit:
2153 2808 2172 2842 ι
2206 2788 2320 2843 Dan
2346 2784 2614 2857 iudicabit
2644 2780 2901 2849 populum
2932 2788 3114 2833 suum.
3144 2782 3404 2840 tanquam

1824 2898 1935 2939 una
1971 2881 2147 2936 tribus
2181 2878 2236 2932 in
2267 2876 2429 2932 Israel
2456 2881 2509 2927 ιι.
2549 2891 2568 2923 ι
2601 2868 2861 2924 Nonnulli
2893 2879 3023 2919 vero
3045 2865 3229 2916 dicunt
3268 2875 3406 2928 pra:-

1826 2976 2054 3036 dixisse,
2100 2984 2222 3041 qua:
2265 2968 2538 3039 pertineant
2575 2963 2642 3016 ad
2675 2960 2913 3023 Laisam,
2959 2954 3123 3009 modo
3161 2949 3411 3007 Paneada

1825 3069 2095 3119 vocatam.
2122 3040 2369 3128 Repente
2391 3054 2537 3111 enim
2570 3050 2794 3121 quidam
2824 3051 3173 3114 erumpentes
3209 3056 3275 3096 ex
3305 3040 3409 3093 hac

156 3163 361 3233 οἴκησιν
387 3180 402 3196 ·
452 3162 549 3216 τοῦ
601 3162 659 3215 δὲ
718 3131 1122 3233 Ἰσσάχαρ-τὴν
1176 3131 1444 3231 γηπονίαν
1469 3177 1484 3193 ⁹
1538 3131 1632 3216 τοῦ
1669 3162 1726 3215 δὲ

1829 3156 1970 3211 tribu
2009 3152 2199 3209 urbem
2236 3150 2380 3203 hanc
2404 3143 2669 3217 aggressi.
2700 3142 2749 3197 vi
2788 3145 3071 3211 ceperunt,
3111 3143 3166 3188 et
3195 3131 3407 3187 inhabi-

155 3259 276 3319 Λᾶν,
320 3255 467 3309 κατὰ
496 3254 595 3326 μέν
624 3271 799 3318 τινας,
844 3254 913 3307 τά
948 3253 1061 3306 ὑπὸ
1103 3251 1195 3308 τοῦ
1227 3252 1467 3323 Σαμψὼν
1496 3270 1725 3325 γεγενη-

158 3350 308 3415 μένα.
352 3350 451 3401 Ἐκ
478 3346 682 3417 ταύτης
711 3347 818 3416 γὰρ
845 3340 912 3416 ῆν
938 3345 1039 3415 τῆς
1072 3344 1248 3415 φυλῆς
1267 3362 1280 3376 ·
1318 3345 1723 3415 συνηρίθμηται

153 3441 206 3493 δὲ
226 3443 318 3493 καὶ
340 3442 454 3503 τοῖς
478 3441 690 3509 κριταῖς
708 3456 720 3467 ·
746 3438 839 3491 καὶ
860 3437 943 3489 διὰ
966 3436 1121 3489 τοῦτό
1145 3453 1310 3506 φησιν
1331 3453 1345 3466 ·
1384 3454 1402 3488 ι
1422 3438 1529 3490 Δᾶν
1550 3438 1728 3506 κρινεῖ

155 3536 239 3587 ’ὡν
268 3533 464 3588 ἑαυτοῦ
497 3531 648 3593 λαδν,
679 3530 810 3582 ὡσεὶ
841 3530 934 3582 καὶ
966 3528 1063 3599 μία
1092 3527 1233 3598 φυλὴ
1249 3527 1295 3559 ⁸⁸
1323 3529 1380 3580 ὲν
1423 3528 1663 3599 Ἰσραήλ.
1699 3545 1716 3577 ι

160 3628 328 3681 Ἔνιοι
350 3626 407 3680 δέ
441 3643 594 3694 φασι,
611 3624 681 3676 τά
709 3622 861 3676 κατὰ
888 3621 987 3691 τὴν
1008 3620 1215 3673 Λάῖσαν
1241 3620 1339 3688 τὴν
1362 3616 1455 3671 νῦν
1478 3617 1724 3671 Πανεάδα

158 3718 495 3787 καλουμένην
524 3713 943 3786 προαγορεῦσαι.
982 3711 1280 3781 Ἔξαπίνης
1304 3710 1412 3780 γάρ
1438 3725 1585 3771 τινες
1618 3709 1727 3763 ἀπὸ

158 3808 355 3879 ταύτης
386 3806 697 3877 ὁρμώμενοι
740 3804 841 3873 τῆς
890 3801 1063 3871 φυλῆς
1111 3801 1286 3873 ταύτῃ
1328 3799 1728 3872 προσϐαλόντες

159 3904 220 3968 τῇ
251 3898 427 3962 πόλει,
461 3891 604 3949 είλόν
629 3912 690 3948 τε
719 3893 1083 3963 κατακράτος,
1114 3891 1205 3945 καὶ
1226 3890 1470 3962 ᾤκησαν,
1503 3893 1597 3945 καὶ
1627 3893 1726 3960 τὴν

161 3990 361 4043 οἰκείαν
405 3988 541 4058 αὐτῇ
586 3984 956 4056 προσηγορίαν
1002 3981 1279 4053 ἐπέθηκαν
1311 3982 1421 4051 (8|)
1448 3998 1463 4014 '
1492 3984 1598 4037 Δᾶν
1620 3982 1729 4053 γὰρ

164 4082 326 4152 αὐτὴν
351 4079 638 4133 ἐκάλεσαν.
678 4076 820 4145 Ἐγὼ
855 4076 912 4129 δὲ
947 4070 1119 4144 οἶμαι,
1153 4073 1216 4127 τὸ
1242 4074 1383 4127 θεῖον
1408 4073 1633 4145 Πνεῦμα
1660 4075 1729 4128 τὰ

165 4171 300 4224 κατὰ
328 4170 417 4223 τὸν
452 4168 682 4239 Σωτῆρα
712 4166 806 4219 τὸν
831 4164 1100 4235 ἡμέτερον
1130 4164 1218 4217 διὰ
1250 4163 1345 4217 τοῦ
1389 4166 1728 4236 πατριάρχου

166 4262 547 4328 προθεσπίσαν,
567 4260 662 4313 καὶ
675 4260 744 4311 τά
759 4258 900 4312 κατὰ
914 4257 1015 4315 τὸν
1036 4255 1405 4326 Ἀντίχριστον
1419 4258 1506 4310 διὰ
1522 4258 1732 4326 ταύτης

169 4356 330 4406 εἰπεῖν
369 4354 469 4422 τῆς
502 4351 879 4422 προρρήσεως.
914 4348 1123 4419 Σφόδρα
1157 4348 1214 4400 δὲ
1237 4347 1386 4419 αὐτῷ
1417 4349 1514 4402 καὶ
1544 4348 1612 4403 τά
1637 4366 1729 4417 γε·

169 4451 448 4520 γραμμὲνα
475 4448 757 4518 ἁρμόττει.
785 4464 803 4495 ι
824 4448 929 4499 Δᾶν
943 4446 1073 4517 γὰρ,
1106 4447 1257 4516 φησὶ,
1278 4447 1457 4516 κρινεῖ
1485 4447 1575 4498 τὸν
1604 4446 1732 4499 ἐαυ-

1833 3255 2036 3313 tarum,
2090 3252 2144 3299 et
2183 3257 2338 3299 suam
2382 3239 2463 3297 illi
2505 3234 3002 3294 denominationem
3055 3224 3395 3292 indiderunt,

1830 3312 2092 3394 vocarunt
2127 3333 2271 3390 enim
2304 3329 2468 3384 Dan'.
2534 3328 2648 3398 Ego
2678 3339 2807 3380 vero
2860 3320 3114 3382 arbitror,
3149 3312 3412 3386 Spiritum

1829 3431 2094 3491 divinum,
2131 3441 2255 3483 eum
2297 3438 2398 3495 per
2440 3418 2807 3492 patriarcham
2862 3411 3191 3468 vaticinatus
3237 3413 3406 3463 esset,

1831 3537 1951 3592 quae
2018 3519 2335 3590 spectabant
2419 3514 2484 3569 ad
2563 3511 2896 3567 Salvatorem
2986 3510 3252 3564 nostrum,
3314 3496 3415 3551 hac

1833 3588 2111 3684 prophetia
2183 3611 2426 3665 locutum
2496 3606 2656 3659 etiam
2734 3615 2899 3664 esse,
2988 3596 3057 3650 de
3132 3588 3414 3644 Antichri-

1832 3716 1936 3761 sto.
1999 3703 2135 3758 Nam
2214 3701 2292 3756 illi
2365 3699 2523 3754 valde
2602 3694 2936 3751 conveniunt
3026 3698 3149 3756 quae
3215 3679 3412 3747 scripta

1836 3795 1992 3865 117
2030 3801 2178 3849 sunt.
2218 3810 2237 3843 ι
2282 3790 2393 3846 Dan
2418 3789 2589 3853 enim,
2621 3788 2820 3856 inquit,
2852 3786 3123 3854 iudicabit
3147 3786 3403 3855 populum

1834 3902 2017 3952 suum,
2055 3886 2200 3940 sicut
2239 3892 2295 3939 et
2338 3897 2446 3937 una
2493 3880 2666 3935 tribus
2699 3879 2752 3932 in
2789 3877 2949 3932 Israel
2976 3885 3022 3931 ι.
3066 3896 3084 3927 ι
3132 3877 3407 3941 Quemad-

1835 3981 2055 4035 modum
2110 3977 2279 4040 enim,
2343 3974 2440 4036 ait,
2502 3970 2754 4024 Salvator
2797 3978 2849 4022 et
2904 3967 3170 4023 Dominus
3224 3976 3411 4023 noster

1759 4075 1763 4080 ’
1838 4081 1990 4129 ortus
2024 4086 2055 4127 e
2082 4069 2227 4123 tribu
2260 4065 2421 4131 Iuda,
2462 4063 2771 4119 salvaturus
2800 4068 2885 4114 est
2918 4059 3105 4114 orbem
3137 4077 3151 4113 :
3186 4059 3259 4113 ita
3291 4075 3410 4114 se"-

1836 4179 1970 4235 pens
1997 4158 2337 4232 perniciosus
2366 4154 2676 4225 egredietur
2698 4166 2762 4205 ex
2792 4150 2936 4204 tribu
2964 4149 3101 4204 Dan.
3130 4147 3243 4204 Hoc
3263 4150 3406 4204 enim

1849 4255 2024 4311 dicit:
2058 4270 2077 4303 ι
2112 4250 2237 4306 Fiat
2260 4248 2376 4303 Dan
2403 4259 2626 4313 serpens
2655 4243 2710 4298 in
2734 4243 2843 4308 via,
2875 4241 3071 4297 sedens
3104 4240 3158 4293 in
3190 4240 3406 4303 semita,

1841 4346 2095 4401 mordens
2126 4341 2444 4399 ealcaneum
2494 4335 2640 4405 equi.
2695 4334 2759 4387 Et
2797 4331 2953 4387 cadet
2998 4344 3163 4399 eques
3199 4338 3405 4384 retror-

1843 4456 1986 4505 snm,
2020 4441 2341 4505 exspectans
2384 4429 2611 4486 salutem
2660 4423 2872 4480 Domini
2900 4430 2950 4476 1.
2988 4440 3009 4474 ι
3044 4420 3126 4475 Ob
3170 4421 3223 4476 id
3263 4419 3407 4473 enim

170 4516 448 4603 toﬁvitabv,
476 4516 613 4593 ὧσεὶ
660 4539 753 4592 καὶ
802 4538 897 4607 μία
943 4537 1081 4608 φυλὴ
1115 4538 1173 4588 ὲν
1210 4536 1443 4608 Ἰσραήλ.
1472 4555 1490 4586 ι
1523 4537 1733 4607 ’Ὠσπερ

1840 4530 1981 4601 quod
2013 4523 2341 4583 omnimodis
2382 4516 2939 4576 circumventionibus
2975 4522 3133 4568 utens
3179 4520 3409 4565 wnat'tr

171 4632 292 4702 γὰρ,
316 4636 496 4705 φησὶν,
540 4636 604 4685 ἐκ
649 4630 749 4701 τῆς
783 4603 875 4683 τοῦ
936 4603 1104 4682 ’Ϊούδα
1139 4603 1313 4698 φυλῆς
1344 4603 1593 4700 ὁ-Σωτὴρ
1636 4603 1732 4682 καὶ

1842 4617 2071 4690 praedari
2098 4616 2353 4684 deceptos
2384 4612 2438 4665 in
2467 4608 2717 4673 exitium,
2758 4604 3026 4660 assimilat
3077 4603 3254 4671 ipsum
3287 4615 3409 4654 ser-

172 4719 364 4788 Κύριος
412 4720 574 4790 ἡμῶν
605 4718 911 4789 βλαστήσας
946 4717 1200 4771 διασώσει
1238 4717 1350 4788 (82)
1406 4718 1504 4788 τὴν
1547 4721 1730 4771 οἰκου-

178 4810 351 4883 μένην,
376 4811 547 4875 οὕτως
588 4813 653 4864 ἐκ
674 4809 774 4880 τῆς
801 4808 893 4862 τοῦ
943 4809 1050 4862 Δάν
1092 4808 1263 4878 φυλῆς
1322 4807 1444 4877 ὄφις
1486 4807 1731 4877 ὀλέθριος

1841 4712 1984 4782 peuti
2010 4708 2224 4764 cuidam
2256 4705 2412 4773 juxta
2443 4702 2691 4757 semitam
2733 4698 2949 4761 latenti,
2973 4703 3027 4749 et
3067 4699 3412 4748 transeuntes

1838 4803 2120 4861 inficienti.
2150 4803 2169 4824 ‘
2196 4799 2335 4853 Puto
2365 4804 2544 4850 autem
2568 4792 2719 4845 illum
2751 4803 2947 4846 vocare
2980 4800 3178 4857 corpus
3201 4799 3409 4854 equom

239 5007 261 5035 ι
283 4995 465 5051 llatth.
497 5009 647 5061 xxw,
672 4993 761 5048 '59.
819 4991 839 5029 ί
869 4990 1057 5049 Matth.
1087 5007 1175 5052 xx.
1204 4990 1295 5044 ‘22.
1358 5002 1384 5030 ιι
1418 4991 1553 5047 Gen.
1587 5008 1732 5057 ms,

1828 4998 1852 5048 ἱ.
1887 5002 1917 5032 τ
1947 4989 2126 5046 Judic.
2163 5001 2320 5049 xvtn,
2349 4982 2436 5036 27.
2517 4988 2541 5016 ι
2584 4952 2713 5034 ibid.
2744 4976 2838 5032 29.
2914 4983 2945 5024 r
2983 4970 3123 5028 Gen.
3152 4985 3275 5026 xu;
3321 4970 3406 5023 Π.

1041 5131 1274 5188 νΑῐὶῐΑΞ
1299 5130 1679 5190 LECTIONES
1712 5134 1804 5189 EX
1844 5131 2118 5190 CATENA
2161 5122 2513 5182 LIPSIENSI.

239 5273 280 5305 ⁸³
306 5273 446 5327 στολ.
477 5270 665 5325 αὐτοῦ.

180 5341 220 5376 ⁸⁸
244 5342 358 5398 Cat.
387 5359 441 5414 ι).
476 5343 603 5398 5‘27.
641 5357 830 5412 γενησ.
864 5339 1154 5408 εὐθυμίαν.

698 5268 953 5341 Sequitur
990 5269 1191 5341 in_cat.
1233 5284 1284 5338 p.
1310 5269 1534 5324 525.καὶ
1580 5271 1637 5323 ὲν
1680 5271 1871 5341 αἵματι
1902 5267 2178 5341 σταφυλῆς
2195 5265 2302 5341 τὴν
2329 5260 2624 5333 περιϐολὴν
2662 5253 2847 5312 αὐτοῦ.

1251 5341 1296 5373 ⁵⁸
1328 5341 1428 5411 μιᾷ
1462 5340 1622 5412 φυλῇ.
1655 5335 1754 5396 Sic
1773 5335 2077 5411 'quoque‘p.
2122 5335 2246 5391 II7.

2945 5249 2996 5282 ”
3029 5248 3144 5308 εἶτα
3174 5249 3391 5311 ﬁcu-NV:

1551 5523 1573 5542 .
1676 5446 1903 5513 NOTE.

246 5593 347 5664 (77)
375 5593 700 5664 Χαροποφὶ
727 5623 799 5664 -έ-
820 5592 1062 5660 στολὴν
1081 5593 1287 5648 αὐτοῦ.
1338 5593 1558 5663 DeSnnt.

248 5663 352 5729 (73)
380 5663 515 5717 Coil.
544 5673 599 5719 et
617 5663 731 5717 Pic.
757 5663 993 5725 δεικνύς.

246 5734 350 5800 ηδ)
375 5734 564 5787 Πιεῖν.
587 5733 724 5790 Cod.
764 5733 962 5797 πίνειν,
1016 5730 1109 5788 Sic
1128 5746 1347 5803 quoque
1370 5732 1565 5802 legitur
1590 5731 1733 5802 apud

180 5799 353 5864 ualli).
392 5805 426 5857 l.
454 5819 504 5858 c.
856 5836 863 5844 -

1908 5591 2019 5659 (80)
2045 5589 2180 5645 Cod.
2208 5596 2263 5643 et
2290 5586 2404 5659 Hic.
2448 5585 2772 5659 προείρηγε.
2812 5622 2818 5627 .

1906 5654 2019 5728 (8|)
2058 5658 2191 5713 Cod.
2228 5654 2753 5728 (ξι-ίξίοηὲπέθεσαν.

1903 5723 2013 5801 ($2)
2040 5728 2171 5784 Cod.
2197 5736 2251 5782 et
2285 5724 2395 5781 Pic.
2426 5723 2702 5788 διασώζει.
