3876 6310
185 343 289 405 εέίί

1292 348 1572 419 QUEST.
1609 349 1689 408 IN
1744 346 1965 408 EXOD.
2001 350 2160 409 CAP.
2220 350 2334 411 ΙΙΙ.

3338 358 3441 420 Ξῗῖθ

185 452 380 517 manu
406 449 549 505 Ἰδὼν
587 446 730 505 εἶδον
757 451 855 524 τὴν
886 453 1127 507 κάκωσιν
1161 453 1255 506 τοῦ
1288 454 1420 507 λαοῦ
1452 473 1555 524 μου
1582 457 1673 509 τοῦ
1706 458 1763 510 ἐν

1869 474 1990 511 nem
2024 458 2207 528 populi
2237 460 2365 524 mei,
2402 459 2495 530 qui
2531 469 2615 514 est
2652 460 2703 514 in
2744 458 3004 532 Egypto,
3056 470 3110 517 et
3145 464 3440 519 clamorem

186 539 322 608 Αἰγύ
335 558 470 617 erat,
502 542 598 594 καὶ
620 544 721 614 τῆς
744 544 998 616 κραυγῆς
1038 545 1221 599 αὐτῶν
1246 546 1489 616 ἤκουσα·
1529 566 1548 600 ι
1588 549 1768 605 καὶτὰ

170 632 335 702 ιὲξῆς.
372 634 482 685 Καὶ
511 629 581 687 αὖ
600 633 688 697 θις
719 654 739 687 ι
772 651 786 665 ·
826 635 968 704 Ἐγὼ
997 639 1114 707 είμι
1137 639 1164 691 6
1192 637 1286 693 ὢν.
1308 638 1442 693 Τάδε
1483 639 1625 708 ἐρεῖς
1658 643 1770 704 τοῖς

190 727 318 788 υἱοῖς
358 727 597 797 Ἰσραήλ·
634 724 691 779 Ὀ
724 726 799 779 ὢν
825 729 1130 781 ἀπέσταλκέ
1165 747 1231 798 με
1270 730 1405 800 πρὸς
1442 731 1770 801 ὑ;.ιᾶ;.›Καὶ

187 818 304 869 ὅλον
331 817 388 870 δὲ
423 818 487 870 τὸ
522 818 725 887 χωρίον
772 818 1008 871 δείκνυσι
1041 820 1174 871 Θεὸν
1208 821 1337 874 ὄντα
1380 822 1471 874 τὸν
1509 823 1763 891 ὀφθέντα.

190 908 442 978 κεκληκε
503 908 560 961 δὲ
596 909 760 961 αὐτὸν
818 909 912 961 καὶ
960 910 1213 978 ἄγγελον,
1250 912 1337 963 ἵνα
1373 913 1590 981 γνῶμεν
1633 914 1708 976 ὡς
1739 915 1768 967 ό

96 1014 103 1023 λ
187 999 369 1064 ὀξθεὶς
408 999 512 1051 οὐκ
546 998 745 1053 ἕστινὸ
787 999 920 1064 Θεὸς
959 1004 1051 1053 καὶ
1098 1003 1289 1073 Πατήρ
1313 1020 1324 1031 ·
1354 1003 1495 1066 τίνος
1522 1008 1630 1072 γάρ
1668 1006 1766 1073 ἄγ-

186 1090 339 1154 γελος
378 1089 409 1139 6
447 1088 671 1159 ﬂarigp;
722 1088 837 1141 ἀλλ’
864 1091 892 1142 6
931 1091 1226 1161 μονογενὴς
1275 1092 1420 1154 Υἱὸς,
1450 1096 1476 1146 6
1521 1096 1765 1164 μεγάλης

186 1179 380 1249 βουλῆς
428 1180 699 1247 ἄγγελος’
725 1179 753 1231 6
791 1181 903 1242 τοῖς
961 1181 1128 1250 ἱεροῖς
1187 1183 1452 1252 μαθηταῖς
1479 1186 1717 1255 εἰρηκώς
1749 1204 1762 1214 ·

189 1290 207 1322 ι
247 1271 436 1323 Πάντα
469 1274 571 1324 ὅσα
610 1271 821 1341 ἥκουσα
852 1270 1003 1340 παρὰ
1045 1273 1140 1325 τοῦ
1181 1274 1391 1344 Πατρός
1433 1292 1555 1344 μου.
1609 1277 1764 1345 δεδή-

182 1360 329 1415 λωκα
356 1362 508 1430 ὑμῖν.
540 1380 560 1412 ι
595 1360 809 1431 Ὠσπερ
829 1360 889 1413 δὲ
918 1359 982 1412 τὸ
1012 1361 1267 1431 ἄγγελος
1298 1362 1469 1432 ὄνομα
1494 1364 1762 1429 τέθεικεν,

179 1451 279 1520 οὐχ
316 1449 628 1520 ὑπουργίαν
655 1450 779 1504 τινὰ
802 1451 1109 1521 σημαίνων,
1137 1452 1274 1505 ἀλλὰ
1299 1453 1394 1505 τοῦ
1422 1455 1765 1521 Μονογενοῦς

181 1539 466 1608 ἐμφαίνων
488 1539 551 1591 τὸ
587 1537 917 1609 πρόσωπονῖ
949 1537 1093 1592 οὕτω
1130 1541 1291 1595 πάλιν
1336 1542 1502 1595 αὐτοῦ
1536 1544 1629 1597 καὶ
1664 1546 1762 1614 τὴν

180 1629 357 1697 φύσιν⁸
383 1629 481 1683 καὶ
510 1629 612 1700 τὴν
641 1629 890 1695 ἐξουσίαν
928 1630 1211 1700 κηρύττει,
1244 1632 1420 1701 λέγων
1453 1634 1613 1687 αὑτὸν
1647 1636 1758 1704 sip-

177 1721 391 1788 ηκέναι,
440 1738 459 1771 ι
495 1719 638 1788 Ἐγώ
665 1722 783 1791 είμι
811 1722 841 1773 ὁ
862 1720 960 1786 ὢν,
992 1722 1088 1776 καὶ
1116 1721 1226 1791 ἐγὼ
1248 1726 1276 1776 6
1308 1724 1439 1788 Θεὸς
1488 1727 1756 1796 ’Δὸραὲιμ,

1871 537 2060 615 eorum
2105 549 2306 603 audisti
2337 556 2382 616 ο,
2429 568 2448 600 ›
2500 559 2553 604 et
2594 553 2820 622 reliqua.
2878 552 2943 607 Et
2997 553 3237 609 iterum:
3277 573 3296 604 ι
3331 555 3444 624 Ego

1870 654 2015 703 sum,
2069 640 2162 707 qui
2218 656 2361 693 sum.
2400 642 2526 697 lltec
2572 645 2722 699 dices
2768 645 2893 700 [iliis
2932 645 3172 712 lsraelis,
3223 648 3315 716 qui
3360 659 3444 702 est

1872 732 2017 784 misit
2046 746 2134 784 me
2167 731 2233 785 ad
2286 747 2381 787 vos
2406 744 2454 786 Ρ.
2489 754 2507 786 ι
2545 733 2844 792 Universos
2890 739 2978 794 ille
3020 739 3171 795 locus
3211 741 3442 794 demon-

1871 832 2009 876 strat
2059 823 2228 877 Deum
2256 840 2377 879 esse
2399 843 2522 879 eum
2565 830 2657 896 qui
2689 833 2958 898 apparuit.
2991 831 3216 886 Vocavit
3254 841 3439 885 autem

1871 913 2020 964 illum
2051 912 2325 981 angelum,
2361 924 2420 967 ut
2462 929 2879 984 cognoscamus,
2912 920 3055 987 quod
3090 920 3136 973 is
3163 922 3257 990 qui
3290 922 3442 977 visus

1868 1012 1967 1068 est,
2001 1019 2111 1057 non
2172 1005 2244 1058 sit
2270 1004 2413 1059 Deus
2441 1006 2600 1059 Pater
2646 1007 2834 1077 (cujus
2868 1012 3011 1063 enim
3044 1013 3268 1082 angelus
3296 1024 3443 1067 essrt

1866 1094 2123 1163 Pater?),
2165 1096 2257 1150 sed
2296 1097 2607 1166 unigenitus
2652 1098 2849 1164 Fdins,
2888 1102 2979 1169 qui
3021 1104 3441 1172 magniconsilii

1866 1196 1948 1238 est
1976 1187 1991 1205 ‘
2021 1186 2259 1256 Angelus
2305 1206 2318 1241 :
2364 1190 2455 1257 qui
2502 1190 2678 1244 sacris
2734 1192 2890 1259 122
2926 1194 3207 1259 discipulis
3258 1194 3435 1249 dixit:

1870 1295 1887 1326 ι
1926 1280 2121 1333 Omnia
2156 1297 2496 1352 quaecunque
2525 1283 2706 1337 audiii
2739 1304 2768 1337 ει
2810 1284 2968 1361 Patre
2999 1303 3139 1351 meo,
3175 1297 3300 1340 nota
3335 1287 3437 1343 feci

1864 1371 2019 1425 vobis
2043 1383 2090 1422 ιι.
2143 1391 2162 1423 ι
2222 1371 2687 1438 Quemadmodum
2742 1387 2917 1430 autem
2987 1379 3161 1444 αηρείὶ
3235 1394 3436 1433 nomen

1864 1459 2067 1526 posuit,
2123 1475 2230 1513 non
2279 1462 2642 1516 ministerium
2696 1467 2988 1535 quodpiam
3037 1468 3292 1529 iunuens,
3340 1468 3435 1521 sed

1863 1564 2149 1618 personam
2185 1551 2460 1622 Unigeniti
2483 1554 2865 1611 demonstrans
2896 1557 3014 1611 :sic
3040 1558 3236 1611 iterum
3268 1558 3437 1627 ipsius

1865 1650 1976 1692 tum
2034 1651 2283 1695 naturam
2344 1652 2454 1696 tum
2506 1644 2801 1713 potentiam
2852 1647 3144 1715 praadicat,
3191 1648 3322 1701 dum
3358 1648 3435 1702 ait

1865 1732 2039 1801 ipsum
2068 1734 2270 1788 dixisse
2306 1753 2318 1788 :
2359 1754 2377 1785 ι
2417 1733 2530 1806 Ego
2564 1751 2686 1789 sum
2730 1737 2822 1805 qui
2874 1754 3025 1804 sum;
3064 1756 3081 1789 ι
3118 1747 3216 1792 et:
3256 1756 3274 1788 ι
3318 1737 3433 1808 Ego

182 1813 272 1863 καὶ
301 1812 436 1873 836;
469 1812 678 1877 Ἰσαάκ,
713 1813 806 1865 καὶ
829 1805 974 1876 Θεὸς
1004 1814 1198 1867 Ἰακώϐ
1223 1830 1237 1845 ⁸
1269 1815 1428 1869 τοῦτό
1469 1834 1560 1886 μοι
1589 1818 1758 1887 ὄνομα

1861 1823 2000 1878 Deus
2033 1825 2349 1889 Abrahami,
2396 1824 2540 1881 Deus
2570 1826 2762 1890 lsaaci,
2810 1836 2861 1881 et
2897 1827 3040 1880 Deus
3088 1827 3300 1895 Jacobi,
3332 1830 3433 1883 hoc

181 1899 397 1952 αἰώνιον
433 1918 446 1929 ·
481 1903 576 1954 καὶ
627 1901 970 1971 μνημόσυνον
1020 1905 1244 1971 γενεῶν.
1282 1924 1302 1957 ι
1341 1905 1525 1960 Ταῦτα
1556 1907 1613 1960 δὲ
1664 1910 1758 1961 καὶ

180 1987 275 2059 τὴν
303 1988 454 2041 θείαν
493 1989 683 2043 οὐσίαν
707 1991 880 2062 δηλοῖ,
909 1991 1004 2046 καὶ
1028 1992 1091 2046 τὺ
1123 1994 1343 2049 αἰώνιον
1365 1996 1462 2051 καὶ
1490 1997 1553 2051 τὸ
1584 2000 1756 2054 ἀΐδιον

179 2082 465 2136 δείκνυσιν.

825 2293 1020 2345 sror.
1048 2291 1139 2360 (τ’.

184 2399 245 2450 Τί
290 2398 471 2466 δηλοῖ
510 2401 597 2468 τὸ,
628 2402 736 2455 τὸν
766 2402 963 2466 βάτον
1008 2405 1303 2471 καίεσθαι,
1331 2404 1432 2458 καί
1455 2405 1543 2475 μὴ
1575 2422 1751 2460 κατα-

773 2495 1045 2549 καίεσθαι
1076 2495 1122 2526 ⁸³
1144 2510 1159 2559 ;

245 2558 350 2630 Τὴν
366 2560 462 2613 τοῦ
492 2561 629 2614 Θεοῦ
654 2561 888 2633 δύναμιν
912 2565 1005 2617 καὶ
1029 2558 1443 2635 φιλανθρωπίαν
1464 2566 1746 2635 κηρύττει,

177 2650 256 2702 ὅτι
286 2650 350 2722 δὴ
403 2653 735 2724 φρυγανὼδη
769 2646 938 2709 οὖσαν
988 2656 1064 2724 (9)
1104 2655 1164 2708 τὸ
1186 2655 1450 2708 ἄσϐεστον
1487 2657 1587 2709 οὐκ
1619 2658 1749 2727 ἀνή-

178 2741 327 2795 λισκε
353 2743 471 2812 πῦρ
507 2744 585 2809 ⁸⁸,
612 2740 768 2814 οἶμαι
815 2746 870 2798 δὲ
914 2747 1007 2799 καὶ
1062 2746 1225 2818 ἕτερα
1254 2746 1340 2799 διὰ
1365 2748 1554 2800 τούτου
1579 2765 1753 2819 παρα-

174 2832 485 2902 ὅηλοῦσοαιζ
512 2833 623 2887 Καὶ
641 2835 726 2888 ὃτι
746 2835 774 2887 6
810 2835 1025 2907 Ἰσραὴλ
1040 2836 1144 2888 ὑπὸ
1163 2835 1271 2890 τῶν
1293 2836 1608 2905 Αἰγυπτίων
1632 2840 1752 2890 Em.-

175 2923 565 2993 ϐουλευόμενος
620 2926 719 2978 οὐκ
795 2926 1230 2997 ἀναλωθήσεται,
1295 2926 1430 2979 ἀλλὰ
1486 2927 1749 2998 κρείττων

174 3014 323 3067 ἕσται
365 3015 476 3067 τῶν
506 3016 913 3086 πολεμούντων.
946 3018 1055 3071 Καὶ
1080 3018 1157 3082 ὡς
1187 3020 1216 3071 6
1249 3018 1562 3090 Μονογενὴς
1591 3021 1746 3074 ἐναν-

1861 1914 1991 1965 mihi
2036 1930 2229 1967 nomen
2279 1926 2579 1980 aaternum,
2633 1928 2688 1971 et
2735 1917 3052 1971 tneruoriale
3102 1933 3197 1986 per
3242 1933 3431 1973 omnes

1858 2008 2239 2073 generationes
2273 2017 2319 2061 τ.
2354 2026 2372 2059 ι
2413 2007 2540 2062 Ηωο
2569 2020 2750 2063 autem
2792 2021 2846 2063 et
2884 2010 3244 2064 substantiam
3289 2009 3428 2063 divi-

1858 2110 1983 2147 nam
2020 2095 2280 2163 indicant,
2316 2106 2370 2151 et
2405 2096 2787 2165 aeternitatem,
2822 2106 2985 2168 atque
3015 2098 3427 2168 perpetuitatem

1854 2185 2253 2239 demonstrant.

2433 2296 2710 2351 INTERR.
2752 2296 2843 2351 Vl.

1937 2409 2078 2476 Quid
2110 2411 2211 2464 sibi
2249 2410 2377 2476 vult,
2421 2411 2606 2462 ardere
2637 2409 2846 2477 rubum,
2878 2421 2925 2465 et
2961 2427 3066 2464 non
3101 2411 3255 2465 exuri
3279 2409 3347 2465 εἳ

1929 2563 2021 2619 Dei
2052 2566 2302 2618 virtutem
2334 2576 2499 2633 atque
2528 2566 2918 2619 humanitatem
2952 2568 3229 2635 praedicat,
3278 2568 3423 2637 quod

1856 2654 1996 2723 ignis
2044 2655 2499 2723 inexstinguibilis
2549 2657 2745 2708 rubum
2794 2656 3006 2710 aridum
3062 2673 3167 2711 non
3219 2672 3424 2712 consu-

1854 2746 2053 2799 mebat.
2111 2746 2224 2815 Ego
2277 2762 2403 2799 vero
2461 2747 2696 2801 arbitror
2743 2747 2905 2801 etiam
2946 2749 3049 2801 alia
3084 2749 3420 2817 signiﬁcari,

1855 2852 2051 2906 nempe
2083 2836 2336 2892 lsraclom
2380 2836 2761 2908 {Egyptiorum
2815 2838 3029 2894 insidiis
3084 2840 3420 2908 appetitum,

1852 2944 1959 2982 non
1994 2945 2117 2984 esse
2148 2930 2575 3000 subjugandum,
2599 2930 2690 2984 sed
2720 2930 3048 2986 adversariis
3077 2932 3418 3001 superiorem

1853 3015 2122 3071 futurum.
2155 3014 2309 3081 Item,
2342 3017 2687 3087 Unigenitum
2722 3017 3110 3071 humanitatem
3137 3004 3421 3073 assumen-

172 3104 494 3177 θρωπήσας,
526 3107 621 3161 καὶ
663 3107 1000 3179 παρθενικὴν
1033 3110 1265 3178 οἰκήσας
1302 3108 1486 3180 νηδὺν,
1520 3108 1744 3177 φυλάξει

1861 3117 1983 3171 tem,
2016 3117 2067 3162 et
2099 3107 2414 3178 virginalem
2447 3118 2662 3162 uterum
2699 3108 3123 3175 inhabitantem,
3159 3110 3421 3165 immacu-

167 3198 264 3265 τὴν
294 3196 601 3267 παρθενίαν
622 3199 921 3268 ἀκήρατον.
948 3199 1085 3252 Φασὶ
1106 3200 1164 3253 δέ
1187 3216 1329 3262 τινες
1349 3241 1363 3266 ,
1391 3202 1449 3252 ἐν
1470 3199 1618 3272 βάτῳ
1642 3218 1745 3270 φα-

167 3289 324 3359 νῆναι
356 3290 450 3341 τὸν
475 3289 627 3352 Θεὸν,
668 3292 764 3343 καὶ
800 3291 901 3343 οὐκ
947 3292 1005 3344 ὲν
1042 3291 1190 3362 ἄλλῳ
1234 3291 1408 3363 φυτῷ,
1447 3292 1535 3346 διὰ
1572 3292 1634 3346 τὸ
1671 3294 1746 3363 μὴ

166 3381 435 3435 δύνασθαί
463 3401 585 3435 τινα
605 3384 671 3436 ὲκ
710 3384 872 3453 βάτου
917 3383 1120 3454 γλύψαι
1157 3384 1311 3439 Θεόν.
1340 3385 1503 3448 Είκὺς
1543 3384 1649 3456 γὰρ
1678 3381 1747 3457 ἦν

179 3474 474 3538 Ἰουδαίους
502 3476 599 3529 καὶ
622 3475 783 3530 τοῦτο
811 3474 1107 3547 τολμῆσαι,
1135 3476 1295 3547 εἴπερ
1333 3478 1390 3530 ὲν
1423 3476 1567 3546 ἄλλῳ
1589 3475 1743 3547 ὤφθη

167 3583 344 3636 φυτῳ.

836 3678 1035 3733 ΕΡΩΤ.
1059 3680 1133 3732 Z'.

164 3788 331 3839 Διατί
390 3787 775 3856 προσετάχθη
803 3790 864 3858 θὸ
916 3787 1140 3858 Μωσῆς
1194 3798 1263 3842 τι)
1317 3787 1596 3857 ὑπόδημα
1639 3772 1746 3843 λῦέ

895 3874 1000 3911 σαι
1022 3876 1041 3921 ;

244 3950 409 4013 Τινές
435 3967 622 4018 φασιν,
642 3950 729 4004 ἵνα
746 3948 844 4013 τάς
864 3948 1124 4023 βιωτικὰς
1145 3949 1423 4021 άπορρἱψῃ
1448 3950 1741 4020 μερίμνας,

164 4042 265 4103 τὰς
296 4040 379 4111 τῷ
409 4039 591 4111 θνητῷ
623 4042 724 4111 βίῳ
771 4042 1228 4112 συνεζευγμένας.
1270 4041 1463 4111 Νεκρὰ
1495 4042 1605 4112 γάρ
1635 4042 1744 4097 τῶν

165 4132 541 4203 ὑποδημάτων
595 4133 666 4186 τὰ
721 4133 990 4203 δέρματα.
1050 4133 1206 4195 Τινὲς
1245 4132 1323 4198 δὲ,
1368 4133 1454 4185 ἵνα
1492 4136 1740 4202 γυμνοῖς,

166 4224 324 4292 φασὶ,
354 4226 484 4288 ,τοῖς
507 4224 666 4277 ποσὶν
689 4224 894 4295 άγιάσῃ
913 4224 1013 4294 τὴν
1040 4225 1164 4294 γῆν.
1207 4223 1349 4292 Ἐγὼ
1372 4223 1429 4276 δὲ
1461 4213 1743 4294 οὐδέτὲρον

166 4314 374 4367 τούτων
419 4314 741 4383 προσίεμαι.
796 4315 1019 4385 Πρῶτον
1075 4313 1174 4384 μὲν
1227 4314 1358 4384 γὰρ,
1385 4314 1600 4367 οὐδέπω
1619 4313 1745 4369 οὔτε

165 4404 483 4473 ἀρχιερεὺς,
529 4403 653 4456 οὕτε
694 4405 981 4474 προφήτης
1020 4404 1479 4474 ἐκεχειροτόνητο.
1511 4402 1740 4457 Ἔπειτα

165 4494 243 4554 δὲ,
266 4495 362 4547 τοῦ
406 4494 542 4547 Θεοῦ
593 4495 686 4547 τὸν
722 4497 885 4547 τόπον
920 4493 1379 4564 καθιερώσαντος.
1413 4493 1509 4545 καὶ
1535 4493 1734 4546 τούτου

163 4589 326 4656 χάριν
368 4587 526 4654 ἅγιον
576 4588 946 4656 ὀνομάσαντος
980 4587 1045 4648 ⁸⁵,
1072 4586 1326 4656 περιττὸν
1357 4582 1512 4655 οἶμαι
1556 4586 1735 4652 λέγειν

162 4678 371 4730 Μωσέα
396 4678 508 4749 (10)
525 4681 639 4739 τοῖς
665 4680 821 4729 ποσὶν
844 4678 1070 4744 ἁγιάσαι
1106 4679 1195 4729 τὸν
1223 4677 1405 4729 τόπον.
1426 4676 1529 4728 Δύο
1556 4677 1734 4728 τοίνυν

161 4766 406 4837 ἡγοῦμαι
432 4768 525 4822 διὰ
540 4767 735 4821 τούτου
765 4768 1080 4837 δηλοῦσθαι.
1116 4768 1338 4840 Πρῶτον
1379 4768 1478 4838 μὲν
1502 4768 1611 4838 γὰρ
1642 4767 1734 4819 εὐ-

158 4858 498 4927 λαὸἐστερον
526 4860 695 4913 αὐτὸν
722 4858 856 4930 τῷδε
900 4858 978 4930 τῷ
1014 4858 1158 4929 λόγῳ
1201 4857 1540 4929 καθίστησιν,
1593 4856 1734 4910 ὥστε

1852 3200 2016 3253 latam
2050 3209 2389 3254 servaturum
2426 3215 2545 3255 esse
2574 3200 2956 3271 virginitatem.
2989 3203 3253 3255 (lictorum
3282 3216 3422 3255 nen-

1849 3292 1980 3345 nulli
2013 3292 2225 3356 dicunt,
2266 3293 2432 3346 Deum
2464 3293 2519 3346 in
2550 3292 2708 3355 rubo,
2760 3300 2813 3346 et
2840 3306 2949 3346 non
2981 3292 3033 3345 in
3080 3292 3183 3345 alia
3226 3292 3410 3362 plantt

1850 3384 2188 3453 apparuisse,
2218 3384 2363 3453 quod
2396 3398 2557 3438 nemo
2586 3392 2770 3454 posset
2796 3398 2864 3438 ex
2896 3383 3032 3439 rubo
3068 3381 3237 3438 Deum
3267 3384 3419 3438 eﬂin—

1847 3491 1992 3544 gere.
2048 3473 2178 3529 Erat
2220 3475 2363 3529 enim
2409 3476 2729 3539 verisimile,
2778 3474 2994 3531 Judteos
3045 3475 3149 3531 hoc
3183 3490 3417 3532 ausuros

1847 3582 1986 3633 esse,
2023 3567 2067 3622 si
2097 3569 2149 3620 in
2184 3567 2286 3621 alia
2325 3567 2506 3636 planta
2539 3569 2899 3636 apparuisset.

2426 3678 2705 3732 INTER“.
2748 3679 2852 3734 VII.

1905 3787 2080 3854 Quare
2101 3788 2282 3857 jussus
2316 3798 2393 3842 est
2432 3788 2603 3842 Moses
2639 3789 3051 3845 culceumentmn
3077 3791 3272 3845 solvere
3301 3792 3362 3845 εἳ

1920 3945 2113 3999 Dicunt
2141 3944 2408 4007 nonnulli,
2455 3954 2514 3998 ut
2545 3946 2938 4003 sollicitudines
2971 3947 3261 4002 saeculares
3302 3948 3408 4002 ab-

1841 4037 2051 4102 jiceret,
2098 4036 2227 4089 huic
2259 4033 2474 4089 mortali
2508 4035 2633 4089 vitae
2664 4036 3021 4090 adium-entes.
3072 4036 3208 4090 Nam
3243 4037 3412 4106 pelles

1845 4129 2333 4182 calceamentorum
2370 4126 2480 4180 vita
2524 4135 2731 4180 carent.
2775 4129 2878 4182 Alii
2930 4142 3053 4183 vero
3090 4130 3310 4195 ditunt,
3356 4141 3415 4186 ut

1847 4219 2007 4272 nudis
2034 4217 2264 4286 pedibus
2304 4216 2671 4272 sanctificaret
2700 4226 2918 4271 terram.
2951 4218 3051 4271 Sed
3091 4218 3248 4288 123
3275 4235 3412 4272 neu-

1844 4317 1981 4362 tram
2013 4321 2111 4378 ego
2160 4308 2482 4362 sententiam
2520 4308 2837 4377 amplector.
2881 4307 3122 4362 Primum
3166 4311 3406 4378 quidem,

1845 4399 1973 4465 quia
2006 4395 2252 4450 nondum
2282 4409 2461 4465 neque
2492 4397 2757 4465 pontifex,
2788 4412 2962 4466 neque
2987 4398 3244 4466 pmphcta
3277 4412 3410 4451 cou-

1843 4489 2067 4542 stitutus
2118 4486 2345 4542 fuerat:
2395 4486 2589 4541 deinde
2638 4503 2789 4553 vero,
2841 4503 2966 4542 cum
3027 4486 3173 4542 Deus
3228 4488 3407 4541 locum

1843 4578 1997 4630 illum
2055 4576 2479 4641 sanctiﬁcasset,
2533 4585 2588 4631 et
2635 4577 2863 4646 proinde
2918 4586 3165 4632 sanctum
3224 4578 3409 4646 appel-

1848 4673 2033 4735 lasset,
2066 4685 2530 4740 supervacaneum
2558 4681 2701 4738 puto
2734 4667 2917 4722 dicere
2951 4667 3133 4722 Mosen
3185 4665 3409 4734 pedibus

1843 4764 2025 4818 locum
2062 4763 2451 4818 sanctitlcasse.
2504 4760 2621 4814 Duo
2662 4762 2826 4829 igitur
2869 4760 3107 4813 arbitror
3155 4772 3250 4827 per
3307 4757 3410 4810 hoc

1842 4854 2158 4923 signiﬁcari.
2192 4852 2434 4907 Primqu
2460 4853 2605 4907 enim
2635 4852 3030 4921 religiosiorem
3066 4852 3168 4905 hac
3196 4848 3407 4903 ratione

238 5090 269 5118 ⁸
302 5083 477 5138 Exod.
521 5099 577 5147 ιι,
616 5086 665 5137 6.
714 5092 742 5132 ι’
780 5082 910 5137 ibid.
948 5081 1035 5133 14.
1068 5090 1095 5129 τι
1122 5078 1279 5136 Joan.
1311 5095 1404 5145 xv,
1441 5078 1529 5134 15.
1569 5088 1594 5119 ι
1641 5077 1770 5133 Ειο(

1861 5090 1928 5141 ιι,
1964 5076 2142 5143 6,,15.
2218 5086 2241 5113 ⁸
2283 5073 2411 5129 ibid.
2445 5088 2526 5138 ιιι,
2559 5072 2613 5124 ‘2.
2681 5075 2697 5106 ι
2726 5071 2855 5127 ibid.
2893 5087 2972 5134 ιιι,
3001 5072 3052 5126 5.

1043 5245 1278 5302 VARUS
1326 5244 1711 5305 LECTIONES
1739 5242 1834 5297 EX
1861 5240 2135 5298 CATENA
2165 5237 2516 5295 LIPSIEN-Sl.

232 5399 282 5430 ⁸³
307 5396 379 5467 μὴ
410 5394 876 5463 καταφλέγεσθαι.
961 5393 1005 5423 ⁶⁸
1039 5394 1120 5446 ὅτι
1161 5391 1488 5464 φρυγανὼδη
1512 5391 1643 5445 ὅντα
1679 5389 1771 5443 τὸν
1806 5387 1968 5460 βάθον
1991 5386 2054 5439 οὐ
2090 5382 2546 5438 καταναλίσκεται
2577 5378 2705 5450 πῦρ.

155 5468 320 5535 όνομ.

2799 5379 2842 5409 ⁸⁸
2871 5376 2963 5430 καὶ
3013 5373 3201 5429 τοῦτον
3249 5372 3405 5441 ἅγιον

1665 5548 1893 5606 NOTAE.

225 5700 312 5769 (9)
346 5695 577 5755 Οὖσων.
609 5697 749 5756 Cod.
780 5709 833 5753 et
865 5696 980 5755 Pic.
1008 5698 1158 5752 ὅντα.

1921 5686 2033 5760 (10)
2064 5684 2197 5740 Cod.
2230 5684 2484 5752 Μωῦοῆς.
2509 5682 2620 5736 Pic.
2654 5676 2907 5733 Μωυσέα.
