3878 6312
1016 148 1029 177 ι

404 260 512 325 23b

1407 251 1897 313 THEODORETI
1936 250 2277 313 EPISCOPI
2303 252 2669 313 CYRENSIS

3564 257 3680 321 235

406 370 641 428 Domino
679 364 1137 436 Deo,etjuvenili
1201 369 1502 434 petulantia
1561 363 1797 425 enitens,
1860 362 1979 430 ejus

2094 365 2381 435 φέρουσαν.
2422 365 2483 417 Ἡ
2500 365 2554 417 δέ
2583 383 2644 435 γε
2668 364 2897 434 ἀπονοίᾳ
2921 362 3031 434 (50)
3056 362 3314 434 χρωμένη
3342 363 3677 438 καρδίαῶῑ)

406 466 662 519 virtutem
697 474 977 530 superare.
1027 456 1134 509 Cor
1169 456 1313 509 enim
1345 456 1491 525 pium
1524 455 1668 510 cedit
1704 463 1759 508 et
1813 453 1985 522 subji-

400 559 570 623 citur,
602 550 1063 625 quemadmodum
1109 547 1367 601 admonet
1403 548 1675 615 Propheta
1712 547 1726 565 ‘
1757 545 1981 598 dicens:

412 669 432 700 ι
469 647 734 703 Subditus
767 650 884 697 esto
923 639 1174 704 Domino,
1208 648 1263 693 et
1293 653 1389 691 ora
1420 653 1543 692 eum
1570 633 1618 688 ιι.
1659 655 1677 687 ι
1728 634 1832 689 Cor
1886 650 1984 688 au—

406 750 512 794 tem
546 737 811 791 resistens
842 741 894 785 et
932 731 1091 801 quasi
1124 730 1422 800 lapideum,
1454 727 1765 782 induratur.
1827 726 1985 781 Unde.

406 833 550 885 Deus
580 828 823 884 omnium
857 841 953 896 per
980 826 1298 895 prophetam
1331 821 1669 875 Ezechielem
1689 820 1755 874 de
1785 817 1987 873 Iudaeis

407 924 575 978 dixit:
619 940 636 972 ι
681 920 747 974 Et
777 919 1021 973 auferam
1056 917 1125 970 ab
1149 916 1256 970 illis
1287 930 1383 969 cor
1410 913 1685 983 lapideum
1730 913 1772 964 ί.
1812 932 1830 964 ι
1854 911 1987 964 Pro-

406 1027 529 1088 pter
572 1016 675 1070 hoc
722 1026 943 1083 quoque
970 1011 1162 1065 beatus
1192 1009 1388 1075 Moses,
1417 1009 1547 1062 dum
1603 1006 1848 1061 victoriae
1894 1019 1988 1059 ca-

406 1117 563 1164 neret
615 1105 886 1161 canticum
944 1104 1012 1157 de
1069 1100 1355 1155 Pharaone
1400 1109 1455 1154 et
1519 1097 1810 1170 Egyptiis,
1877 1098 1984 1150 ait:

413 1219 432 1253 ι
474 1198 881 1256 Descenderam
921 1195 974 1249 in
1012 1192 1344 1263 profundum
1395 1191 1550 1263 quasi
1584 1190 1722 1260 lapis
1758 1187 1803 1245 i.
1838 1210 1857 1241 ι
1924 1190 1990 1244 Et

406 1295 604 1348 iterum
634 1311 646 1344 :
686 1309 703 1340 ι
749 1287 1033 1342 Submersi
1069 1294 1197 1341 sunt
1226 1283 1382 1354 quasi
1437 1270 1722 1352 plumbum
1755 1282 1809 1335 in
1831 1281 1988 1352 aquis

407 1378 824 1437 vehementibus
856 1377 906 1430 Ιι.
944 1394 962 1429 ι
1025 1376 1093 1429 Ει
1137 1374 1398 1444 quoniam
1468 1384 1838 1443 aggravarunt
1895 1387 1990 1427 cor

407 1488 593 1536 suum,
625 1469 897 1526 submersi
932 1475 1060 1523 sunt
1087 1466 1244 1536 quasi
1295 1464 1577 1536 plumbum
1619 1483 1634 1519 :
1677 1465 1804 1534 quia
1861 1479 1990 1520 vero

408 1563 756 1626 indurat-unt,
790 1560 1190 1614 descenderunt
1217 1558 1270 1612 in
1289 1557 1619 1627 profundum
1642 1558 1796 1628 quasi
1830 1557 1987 1628 lapis.

409 1652 565 1721 Quod
608 1663 788 1707 autem
818 1652 1108 1706 reluctatio
1139 1651 1322 1706 cordis
1354 1660 1518 1721 atque
1542 1650 1770 1706 durities
1830 1666 1862 1706 a
1892 1666 1992 1707 no-

2088 456 2405 525 κατισχύειν
2442 457 2680 526 λέγεται,
2729 456 2803 521 ὡς
2854 456 3226 527 ἀνθισταμένη
3286 455 3363 527 τῷ
3417 458 3677 529 Δεσπότης,

2087 546 2357 617 Θεῷ(’5“2),
2390 547 2484 600 καὶ
2515 549 2673 618 νικᾷν
2728 546 2894 600 αὐτοῦ
2951 545 3337 616 νεανιευομένη
3379 547 3478 615 τὴν
3511 546 3673 600 δύνα-

2089 657 2202 711 μιν.
2244 641 2305 693 'Il
2343 640 2451 708 γὰρ
2485 640 2714 710 εὐσεϐὴς
2758 640 3124 693 ὑποτάττεται
3157 637 3298 703 κατά
3328 638 3428 709 τὴν
3459 656 3683 708 προφη-

2086 732 2246 803 τικὴν
2274 734 2621 803 παραίνεσιν,
2663 732 2761 803 τὴν
2791 734 3082 802 λέγουσαν,
3143 752 3161 783 ι
3216 731 3556 802 Ὑποτάγηθι
3594 733 3675 801 τῲ
3764 787 3769 791 _

2087 823 2301 895 Κυρίῳ,
2339 825 2434 876 καὶ
2462 824 2745 876 ἱκέτευσον
2780 823 2966 877 αὐτόν.
3013 843 3031 874 ι
3078 823 3143 875 Ἡ
3172 822 3227 876 δέ
3256 839 3321 891 γε
3371 822 3675 884 ἀντίτυπος

2087 913 2181 966 καὶ
2201 914 2366 966 οἱονεὶ
2390 914 2563 983 λιθίνη
2595 913 2979 985 σκληρύνεται.
3015 913 3178 967 Ὅθεν
3205 913 3233 964 ὁ
3259 914 3366 965 τῶν
3383 913 3518 967 ὅλων
3537 912 3678 976 θεὸς

2087 1003 2176 1056 διά
2207 1004 2300 1057 τοῦ
2325 1007 2605 1075 προᾳήτου
2643 1004 2900 1077 Ίεζεκιὴλ
2942 1008 3070 1077 περὶ
3098 1005 3205 1057 τῶν
3239 1005 3502 1059 Ἰουδαίων
3534 1004 3674 1074 ἔφη’

2094 1116 2114 1149 t
2148 1098 2257 1151 Καὶ
2285 1099 2547 1152 ὲκσπάσω
2575 1098 2674 1170 τὴν
2706 1099 2933 1168 καρδίαν
2962 1098 3060 1169 τὴν
3090 1098 3299 1169 λιθίνην
3325 1100 3382 1165 ἐξ
3413 1098 3617 1152 αὐτῶν.
3651 1116 3671 1147 ι

2089 1192 2188 1244 Διά
2218 1208 2303 1245 τοι
2331 1191 2490 1245 τοῦτο
2524 1192 2622 1245 καὶ
2651 1195 2678 1246 ὁ
2713 1193 2985 1264 μακάριος
3025 1193 3251 1263 Μωσῆς,
3284 1192 3382 1263 τὴν
3405 1193 3679 1246 ἐπινίκιον

2094 1282 2237 1357 ᾄδων
2259 1283 2402 1356 ᾠδὴν
2435 1287 2560 1357 περὶ
2591 1285 2685 1339 τοῦ
2710 1285 2908 1358 Φαραὼ
2941 1286 3036 1339 καὶ
3081 1284 3190 1338 τῶν
3218 1284 3553 1354 Αἰγυπτίων,
3595 1283 3681 1338 εἴ·

2097 1392 2268 1449 ρηκεο
2313 1397 2331 1430 ι
2375 1379 2692 1432 Κατέδυσαν
2751 1380 2832 1442 εἰς
2891 1377 3050 1449 βυθὸν
3104 1378 3238 1431 ὡσεὶ
3281 1377 3449 1441 λίθος.
3503 1397 3523 1430 ι
3564 1377 3681 1431 Καὶ

2093 1466 2257 1523 πάλιν
2277 1484 2291 1499 ⁸
2334 1487 2354 1521 ι
2399 1468 2635 1522 Ἔδυσαν
2666 1468 2800 1521 ὡσεὶ
2833 1468 3085 1539 μόλιϐδος
3110 1470 3169 1522 ἐν
3199 1467 3353 1522 ὕδατι
3380 1466 3617 1539 σφοδρῷ.
3654 1486 3677 1518 ι

2103 1560 2323 1633 Ἐπειδὴ
2375 1561 2484 1633 γὰρ
2532 1561 2808 1630 ἐϐάρυναν
2834 1561 2945 1634 (55)
2995 1560 3205 1614 ἑαυτῶν
3266 1560 3364 1632 τὴν
3424 1560 3678 1632 καρδίαν,

2094 1653 2289 1708 ἔδυσαν
2321 1654 2453 1708 ὡσεὶ
2486 1654 2753 1724 μόλιϐδοςο
2776 1655 2964 1726 ἐπειδὴ
2984 1654 3041 1707 δὲ
3063 1657 3156 1708 καί⁹
3181 1654 3348 1725 ὲσκλὴ
3358 1671 3522 1726 ρυναν
3536 1654 3681 1726 (54),

415 1720 496 1802 bis
527 1746 659 1815 ipsis
693 1743 973 1813 procedat,
1008 1750 1240 1797 testatur
1293 1720 1515 1797 divinus
1542 1743 1858 1813 Apostolus,
1905 1743 1991 1798 di-

2095 1747 2396 1800 κατέδυσαν
2434 1720 2514 1811 ειξ
2539 1746 2703 1819 βυθὸν
2735 1720 3052 1811 ὼσειλίόος.
3093 1747 3215 1805 Ὅτι
3246 1747 3304 1800 δὲ
3337 1720 3393 1819 "t1
3458 1720 3684 1801 ἀντιτυ-

411 1852 543 1892 cens
575 1855 589 1890 :
623 1855 641 1887 ι
687 1835 965 1905 Ignorans,
1007 1834 1153 1903 quod
1194 1832 1501 1903 benignitas
1559 1832 1656 1888 Dei
1683 1835 1750 1889 ad
1816 1835 1992 1904 poem-

415 1930 639 1984 tentiam
671 1938 723 1984 te
781 1929 1067 1983 adducat:
1121 1927 1421 1982 secundum
1478 1926 1733 1983 duritiem
1807 1939 1990 1984 autem

414 2033 562 2075 tuam
597 2028 650 2073 et
682 2019 1032 2087 imposnitens
1080 2032 1196 2082 cor,
1248 2018 1490 2073 thesauri
1552 2019 1724 2088 instar
1774 2020 1992 2089 reponis

412 2113 508 2167 tibi
544 2112 679 2167 iram
705 2111 760 2165 in
818 2112 976 2181 127
1011 2111 1097 2166 die
1131 2111 1226 2164 ira:
1259 2119 1312 2165 et
1341 2110 1712 2176 revelationis,
1743 2123 1796 2166 et
1853 2112 1990 2183 justi

405 2203 601 2272 judicii
633 2200 747 2267 Dei,
807 2201 899 2270 qui
936 2201 1126 2255 reddet
1157 2201 1450 2270 unicuique
1477 2201 1776 2256 secundum
1830 2218 1994 2273 opera

411 2294 529 2363 ejus
567 2291 610 2346 ι.
644 2311 664 2345 ι
705 2291 787 2345 Ad
832 2291 946 2345 hate
978 2289 1112 2345 illud
1175 2304 1398 2361 quoque
1450 2292 1992 2349 animadvertendum

424 2394 530 2450 est,
564 2384 732 2454 quod,
767 2382 813 2436 si
862 2382 1077 2436 l'barao
1126 2389 1324 2436 natura
1358 2380 1535 2436 malus
1585 2379 1799 2446 fuisset,
1853 2398 1994 2437 nun-

413 2491 578 2547 quam
609 2476 853 2528 animum
878 2482 1165 2527 mutasset.
1199 2471 1357 2527 Nunc
1388 2481 1572 2526 autem
1610 2472 1861 2528 videmus
1910 2474 1994 2543 ip-

414 2583 534 2621 sum
567 2565 925 2635 castigatione
962 2564 1182 2634 quidem
1222 2563 1548 2629 emollitum,
1582 2563 1994 2637 longanimitate

413 2674 542 2713 vero
575 2658 758 2712 divina
789 2656 1122 2710 induratum.
1156 2652 1295 2707 Nam
1337 2655 1637 2725 castigatus
1670 2658 1996 2713 obsecrabat

411 2749 636 2803 Mosen:
674 2765 694 2799 ι
730 2744 1210 2814 0rate,iuquiens,
1247 2758 1344 2816 pro
1374 2762 1461 2801 me
1489 2755 1548 2801 ’⁵.
1580 2765 1601 2798 ι
1638 2747 1703 2804 Ει
1750 2765 1990 2818 rursum,

417 2859 437 2891 ‹
466 2838 728 2893 Dominus
744 2846 825 2892 est
847 2837 1028 2907 justus
1055 2856 1066 2890 :
1087 2851 1188 2907 ego
1213 2849 1268 2892 et
1289 2838 1522 2908 populus
1543 2853 1698 2895 meus
1726 2841 1875 2912 impii
1892 2852 1941 2898 ιι.
1967 2862 1987 2894 ι

408 2930 678 2984 Cessante
732 2943 864 2983 vero
914 2928 1182 2996 supplicio
1237 2929 1655 2999 aggravabatur,
1714 2942 1770 2987 et
1839 2950 1995 2990 man-

2093 1839 2194 1893 πία
2249 1840 2349 1909 τῆς
2414 1839 2661 1911 καρδίας,
2707 1840 2805 1893 καὶ
2854 1842 2888 1911 ὴ
2936 1839 3326 1911 σκληρότης⁶⁸,
3370 1837 3460 1907 ὑφ’
3516 1837 3682 1907 ἡμῶν

2096 1931 2277 1986 αὐτῶν
2317 1932 2590 2001 γίγνεται,
2623 1933 2831 2004 μάρτυς
2857 1933 2884 1985 ὁ
2910 1931 3052 1995 θεῖος
3099 1929 3424 1994 Ἀπόστολος
3451 1929 3635 1997 λέγων
3661 1944 3675 1956 ·

2099 2047 2116 2074 ι
2166 2021 2403 2089 Ἀγνοῶν
2426 2024 2470 2055 ⁸³
2495 2023 2578 2075 ὄτι
2606 2023 2668 2075 τὸ
2690 2021 2929 2093 χρηστὸν
2964 2019 3059 2075 τοῦ
3097 2019 3234 2073 Θεοῦ
3256 2020 3337 2082 είς
3380 2017 3683 2089 μετάνοιάν

2096 2131 2156 2167 σε
2186 2114 2307 2183 ἄγει
2330 2131 2343 2142 ’
2370 2114 2511 2167 κατά
2553 2113 2609 2167 δὲ
2636 2113 2738 2187 τὴν
2763 2113 3112 2185 σκληρότητά
3141 2130 3260 2176 σου,
3321 2113 3417 2166 καὶ
3460 2115 3681 2183 ἀμετα-

2093 2208 2282 2279 νόητον
2304 2206 2565 2278 καρδίαν,
2591 2205 2945 2278 θησαυρίζεις
2972 2205 3183 2276 σεαυτῷ
3209 2203 3379 2276 ὀργὴν
3411 2205 3467 2257 ἐν
3490 2201 3685 2275 ἡμέρᾳ

2094 2299 2262 2370 ὀργῆς
2288 2300 2383 2353 καὶ
2403 2298 2821 2368 ἀποκαλύψεως,
2855 2300 2949 2352 καὶ
2964 2298 3366 2369 δικαιοκρισίας
3392 2297 3485 2350 τοῦ
3512 2295 3679 2357 Θεοῦ,

2094 2390 2153 2454 ὃς
2182 2389 2454 2446 ἀποδώσει
2482 2390 2701 2461 ἑκάστῳ
2731 2390 2872 2444 κατά
2903 2390 2970 2444 τὰ
2991 2390 3130 2462 ἔργα
3154 2388 3344 2444 αὐτοῦ.
3384 2407 3401 2439 ι
3434 2386 3578 2460 Πρὸς
3617 2387 3683 2439 δὲ

2093 2482 2307 2545 τούτοις
2328 2484 2553 2536 κάκεῖνο
2584 2482 2889 2555 σκοπητέον
2905 2481 2973 2548 ⁷⁸,
3015 2482 3092 2547 ὡς
3142 2483 3191 2535 εί
3236 2480 3399 2551 φύσει
3440 2479 3683 2549 πονηρὸς

2093 2568 2163 2643 ἦν
2202 2574 2229 2625 ὁ
2254 2570 2476 2642 Φαραὼ,
2523 2572 2623 2625 οὐκ
2671 2572 2738 2626 ἂν
2786 2570 2953 2625 αὐτοῦ
2984 2571 3083 2642 τὴν
3111 2569 3340 2641 γνώμην
3373 2566 3639 2639 ἐνήλλαξε
3662 2583 3680 2598 σ

2093 2664 2188 2717 νῦν
2223 2662 2279 2716 δὲ
2317 2663 2535 2735 ὁρῶμεν
2566 2662 2672 2716 ὑπὸ
2710 2662 2813 2734 μὲν
2844 2664 2944 2734 τῆς
2982 2663 3235 2727 παιδείας
3277 2662 3440 2716 αὐτὸν
3468 2660 3684 2730 μαλατ-

2093 2756 2343 2828 τόμενον,
2373 2756 2479 2810 ὑπὸ
2528 2756 2586 2809 δὲ
2639 2756 2736 2828 τῆς
2783 2754 3173 2827 μακροθυμίας
3216 2753 3683 2824 σκληρυνὸμενον.

2094 2849 2491 2921 Παιδευόμενος
2519 2849 2630 2919 γὰρ
2657 2848 2926 2919 ἠντιὸόλει
2957 2848 3050 2901 τὸν
3079 2846 3398 2919 νομοθέτην,
3426 2864 3445 2897 ι
3499 2846 3687 2914 Προσ-

2093 2942 2324 3008 εύξασθε
2356 2942 2486 3012 περὶ
2516 2941 2651 3013 ἐμοῦ
2678 2984 2693 3010 ,
2729 2961 2747 2995 ι
2779 2940 2953 3009 λέγων
2975 2958 2988 2972 ·
3017 2941 3109 2995 καὶ
3166 2940 3352 3005 πάλιν,
3403 2958 3421 2991 ι
3478 2938 3537 2992 'O
3565 2937 3687 2990 Κύ-

412 3022 555 3075 datis
580 3020 778 3075 divinis
817 3020 1245 3073 contradicebat.
1297 3021 1356 3073 lit
1387 3019 1533 3076 illata
1566 3023 1787 3092 quidem
1835 3027 1989 3098 plaga

2098 3052 2208 3106 ριος
2236 3033 2462 3100 δίκαιος,
2498 3033 2610 3103 ἐγὼ
2627 3033 2721 3087 καὶ
2744 3034 2771 3088 ὁ
2798 3032 2927 3096 λαός
2964 3049 3066 3103 μου
3100 3030 3303 3102 ἀσεϐής
3325 3030 3460 3102 (55).
3504 3049 3523 3081 ι
3564 3028 3689 3099 Τῆς

407 3126 729 3166 muscarum
780 3112 1126 3176 caninarum,
1153 3110 1207 3164 in
1249 3109 1833 3183 Aﬂgyptosaerilicare
1880 3119 1991 3175 Deo

409 3205 617 3276 jussit;
692 3216 929 3273 cumque
1001 3202 1177 3258 Moses
1225 3204 1442 3260 divinus
1501 3207 1708 3263 diceret
1772 3224 1831 3266 se
1882 3226 1992 3267 non

409 3306 579 3370 posse
640 3296 746 3350 hoc
783 3293 966 3350 facere
1013 3304 1234 3366 propter
1266 3294 1554 3368 )Egyptios
1601 3318 1615 3353 :
1660 3319 1678 3351 ι
1710 3299 1995 3360 Sacriﬁca-

411 3392 600 3447 bimus
631 3389 802 3452 enim,
836 3387 1035 3457 inquit,
1077 3402 1140 3441 ea
1170 3402 1291 3458 quae
1337 3390 1406 3444 ab
1448 3390 1553 3446 illis
1586 3406 1685 3462 pro
1745 3393 1849 3449 diis
1900 3411 1996 3451 co-

415 3487 620 3547 luntur,
650 3493 703 3536 et
739 3484 842 3536 hoc
882 3481 1028 3535 facto
1064 3480 1334 3551 lapidibus
1380 3482 1614 3538 obruent
1672 3500 1793 3554 nos,
1831 3500 1994 3558 atque

410 3574 748 3631 interlieient
774 3588 818 3638 °,
859 3590 879 3623 ι
951 3572 1166 3626 tandem
1203 3575 1450 3642 permisit
1480 3590 1575 3631 eos
1604 3577 1661 3631 in
1716 3579 1994 3635 desertum

414 3669 588 3730 abire,
620 3676 673 3720 et
703 3664 1036 3723 sacriﬁcare.
1068 3664 1265 3720 Postea
1295 3682 1419 3722 cum
1453 3678 1666 3725 orasset
1704 3673 1992 3742 propheta,

414 3770 471 3814 et
508 3776 751 3817 muscam
792 3761 1047 3816 caninam
1079 3761 1368 3818 evanidam
1426 3761 1752 3819 reddidisset
1783 3780 1796 3817 :
1835 3781 1853 3815 ι
1882 3766 1993 3835 Ag-

410 3854 685 3924 gravavit,
718 3853 914 3922 inquit,
945 3869 1040 3909 cur
1068 3870 1231 3909 suum
1261 3854 1425 3908 etiam
1462 3854 1516 3909 in
1575 3855 1682 3911 hoc
1728 3864 1992 3925 tempore,

410 3946 673 4001 etnoluit
716 3946 989 4002 dimittere
1040 3949 1297 4017 populum
1324 3958 1371 4001 ι).
1405 3967 1423 3998 ι
1482 3946 1738 4019 Idemque
1798 3951 1997 4006 accidit

417 4040 706 4107 pecoribus
731 4048 879 4108 peste
901 4040 1281 4096 morientibus.
1326 4061 1345 4092 ι
1388 4038 1561 4096 Seivit
1593 4044 1763 4110 enim,
1794 4042 1991 4114 inquit,

408 4131 648 4199 Pharao,
675 4134 818 4203 quod
853 4149 920 4189 ex
940 4135 1198 4190 omnibus
1230 4137 1522 4206 pecoribus
1550 4137 1789 4191 ﬁliorum
1821 4139 1996 4193 Israe-

406 4225 484 4280 lis
513 4240 582 4281 ne
609 4241 778 4280 unum
811 4228 1031 4296 quidem
1071 4229 1272 4282 animal
1314 4230 1583 4298 periisset.
1617 4228 1684 4283 Et
1729 4246 1995 4302 aggrava-

417 4326 529 4370 tqu
562 4324 645 4370 est
673 4332 767 4371 cor
792 4316 1113 4384 Pharao-nis,
1149 4328 1201 4374 et
1228 4334 1335 4374 non
1355 4320 1561 4375 dimisit
1587 4322 1848 4390 populum
1868 4331 1900 4371 1
1927 4342 1939 4376 :
1969 4342 1988 4375 ι

2095 3122 2151 3176 δὲ
2177 3121 2448 3194 τιμωρίας
2481 3124 2801 3194 παυομένης
2823 3123 3197 3196 ἑϐαρύνετο⁷¹,
3223 3123 3318 3176 καὶ
3362 3124 3474 3186 τοῖς
3510 3139 3686 3191 προσ·

2093 3215 2339 3287 τάγμασι
2370 3217 2482 3279 τοῖς
2541 3215 2707 3276 θείοις
2761 3215 3051 3284 ἀντέλεγεο
3098 3213 3321 3285 καὶτῆς
3377 3213 3473 3284 μὲν
3517 3229 3688 3266 κυνο-

2098 3306 2266 3378 μυίας
2301 3305 2711 3376 ἑπενεχθείσης,
2763 3306 2820 3358 ἐν
2851 3303 3115 3376 Αἰγύπτῳ
3170 3303 3330 3357 θῦσαι
3370 3301 3685 3372 προσέταξε

2094 3397 2175 3469 τῷ
2232 3396 2354 3467 Θεῷ
2381 3414 2394 3428 ⁸
2429 3397 2526 3450 τοῦ
2569 3395 2850 3450 θειοτάτου
2898 3395 2955 3449 δὲ
2988 3393 3239 3457 Μωσέως
3275 3392 3560 3464 εἰρηκότος
3603 3393 3681 3463 μὴ

2095 3490 2361 3545 δύνασθαι
2395 3488 2557 3543 τοῦτο
2581 3489 2783 3560 δρᾶσαι
2818 3486 2907 3540 διὰ
2945 3487 3073 3550 τοὺς
3124 3484 3492 3554 Αἰγυπτίουςσ
3541 3500 3560 3534 ι
3598 3482 3683 3537 Τὰ

2095 3584 2204 3656 γὰρ
2241 3583 2332 3636 ὑπ’
2364 3582 2611 3646 ἐκείνων,
2650 3581 2806 3651 φησι,
2852 3577 3254 3650 θεοποιούμενα
3294 3575 3557 3645 θύσομεν,
3584 3575 3682 3628 καὶ

2095 3675 2495 3737 καταλεύοντες
2528 3674 2639 3744 (56)
2685 3674 2833 3744 ἡμᾶς
2872 3669 3303 3725 ἀποκτενοῦσιν·
3364 3687 3384 3720 ι
3442 3667 3682 3739 ἐπέτρε-

2095 3766 2198 3837 ψεν
2229 3768 2306 3830 εἰς
2335 3765 2435 3835 τὴν
2462 3764 2671 3835 ἔρημον
2701 3762 2981 3827 ἀπελθεῖν,
3033 3760 3130 3814 καὶ
3181 3759 3279 3822 τὰς
3319 3755 3511 3821 θυσίας
3552 3757 3679 3807 ἐπι-

2095 3858 2336 3912 τελέσαι.
2400 3858 2525 3911 Ἐπὶ
2550 3855 2765 3919 τούτοις
2815 3854 2912 3907 τοῦ
2960 3853 3244 3925 προφήτου
3295 3845 3685 3920 προσεύξαμὲ-

2095 3934 2235 4018 νου(
2263 3951 2358 4003 καὶ
2413 3948 2511 4020 τὴν
2579 3948 2882 4018 κυνόμυιαν
2956 3945 3340 4016 ἀποφήναντος
3407 3938 3684 4011 φροῦδον,

2103 4060 2122 4094 ι
2163 4040 2449 4112 Ἐϐάρυνε,
2484 4039 2641 4111 φησὶ,
2661 4039 2758 4106 τὴν
2792 4036 3022 4108 καρδίαν
3048 4032 3215 4088 αὑτοῦ
3240 4033 3332 4086 καὶ
3365 4030 3457 4083 ἐπὶ
3485 4028 3685 4081 τούτου

2095 4133 2190 4187 τοῦ
2211 4132 2431 4205 καιροῦ,
2451 4133 2545 4185 καὶ
2563 4133 2664 4184 οὐκ
2681 4129 2950 4200 ἠθέλησεν
2976 4125 3354 4192 ἐξαποστεῖλαι
3368 4122 3460 4176 τὸν
3488 4119 3644 4173 λαόν.
3658 4139 3679 4172 ι

2099 4229 2274 4282 Τοῦτο
2308 4228 2406 4281 καὶ
2436 4228 2529 4280 ἐπὶ
2556 4225 2652 4280 τοῦ
2702 4224 2897 4296 λοιμοῦ
2938 4225 3236 4294 γεγένηται
3263 4220 3371 4274 τῶν
3416 4218 3636 4289 κτηνῶν
3663 4234 3680 4250 ·

2104 4343 2122 4376 ι
2164 4320 2284 4376 Εἷδε
2310 4322 2441 4394 γὰρ,
2474 4323 2628 4392 φησὶ,
2670 4319 2892 4393 Φαραὼ,
2920 4321 3003 4374 ὅτι
3055 4320 3154 4372 οὑκ
3182 4316 3539 4386 ἐτελεύτησεν
3570 4312 3685 4365 ἀπὸ

413 4411 795 4463 demonstrans
830 4425 924 4479 per
953 4411 1069 4465 haec
1100 4414 1309 4475 onmia,
1348 4428 1409 4467 se
1433 4428 1498 4466 ex
1525 4412 1693 4467 libera
1712 4413 1993 4470 voluntate

2103 4416 2322 4468 πάντων
2348 4414 2455 4467 τῶν
2480 4414 2691 4486 κτηνῶν
2708 4413 2818 4467 τῶν
2845 4413 2978 4466 υἱῶν
3007 4412 3226 4484 Ἰσραὴλ
3251 4410 3403 4463 οὐδὲν
3421 4407 3555 4479 (⁸57),
3585 4404 3685 4458 καὶ

410 4516 593 4571 agere.
628 4504 802 4572 Atque
831 4504 993 4558 etiam
1016 4520 1140 4559 eum
1170 4506 1467 4568 docuisset,
1500 4506 1778 4575 quomodo
1808 4507 1991 4564 illatus

406 4594 492 4648 sit
519 4594 650 4664 ipsis
679 4596 1026 4665 pustularum
1060 4597 1304 4662 morbus,
1357 4597 1637 4668 quietiam
1687 4598 1991 4656 incantato-

486 4749 514 4789 ιι
542 4747 684 4805 Psal.
714 4767 899 4817 xxxw,
933 4753 985 4807 7.

2101 4505 2441 4577 ἐϐαρύνθη-ὴ
2479 4507 2677 4577 καρδία
2710 4504 2931 4577 Φαραὼ,
2968 4505 3062 4557 καὶ
3087 4506 3187 4558 οὐκ
3206 4497 3559 4568 ἐξαπέστειλε
3587 4498 3682 4550 τὸν
3730 4506 3738 4513 ·

2101 4600 2260 4654 λαόν*
2306 4619 2326 4653 ι
2366 4602 2423 4654 ὲν
2467 4601 2681 4665 τούτοις
2721 4602 2896 4656 ἅπασι
2952 4597 3134 4665 δείξας
3192 4598 3253 4653 τὸ
3299 4598 3400 4668 τῆς
3447 4594 3681 4665 γνώμης

1060 4752 1082 4824 ξ
1117 4750 1316 4824 Ezceh.
1361 4750 1546 4824 11,19.
1624 4763 1639 4802 ι
1678 4751 1848 4807 Exod.
1884 4755 2009 4823 xv,l

2094 4756 2177 4810 l0.
2253 4758 2285 4798 ι
2340 4757 2472 4814 ibid.
2555 4757 2764 4814 lRom.
2828 4774 2889 4824 ιι,
2916 4756 3029 4812 4-6.
3107 4765 3146 4794 ω
3211 4754 3383 4810 Exod.
3451 4768 3573 4817 vtu,
3620 4751 3701 4806 8.~

415 4828 445 4858 ιι
496 4820 668 4876 Exod.
728 4839 801 4886 ιιι,
833 4823 921 4876 ‘27.
996 4832 1018 4853 '
1043 4821 1218 4876 Exod.
1266 4837 1380 4889 vm,
1414 4822 1503 4876 '26.
1577 4833 1606 4872 Ρ
1644 4824 1774 4878 ibid.
1810 4825 1899 4880 52.
1958 4820 2005 4876 ἐι
2035 4820 2208 4881 Exod.
2246 4844 2321 4897 Ix,
2352 4828 2404 4882 7.

1284 4961 1936 5039 VAIuE’EECTioa'Es
1987 4984 2078 5040 ex
2110 4984 2390 5042 CATENA
2435 4983 2796 5041 LIPSIENSI.

488 5119 691 5198 {Ca}.
729 5133 781 5198 pl.
820 5116 947 5173 604.
975 5117 1072 5170 καὶ
1107 5117 1413 5192 σκληρότης
1437 5139 1707 5196 τιμωριαν
1735 5124 1950 5194 ιπάγει,
1986 5126 2219 5198 μάρτυς,
2250 5134 2356 5182 etc.
2432 5125 2477 5158 "
2504 5124 2718 5194 ἀγνοῶν
2742 5140 2853 5181 om.
2930 5126 2977 5158 ⁷⁸
3009 5127 3223 5183 σκόπει.
3303 5129 3347 5160 ⁷⁸
3381 5127 3695 5198 ἐιειιρύειεετο¹

408 5188 512 5246 ικαὶ
543 5188 927 5261 ὲσκληρύνετο.

1929 5336 2162 5394 NOTAE.

481 5474 603 5542 (ὅθ)
638 5472 777 5529 Cod.
808 5482 863 5529 et
884 5472 995 5528 Pic.
1028 5473 1278 5530 ἀπονοια.

631 5544 876 5623 ἔξιτρδίςξ.
906 5543 1168 5623 positi-Litt
1193 5547 1321 5623 _c_od.
1351 5557 1406 5623 e_t
1426 5552 1565 5623 apud
1589 5549 1700 5608 Pic.

634 5615 781 5693 βεῷ.
814 5616 945 5693 Cod.
975 5613 1164 5693 et_l?_ic.
1193 5618 1431 5693 Χριστῷ.

481 5685 602 5755 455)
628 5685 759 5741 God.
784 5696 837 5742 et
875 5684 988 5741 Pic.
1031 5684 1312 5759 ἐδάρυνέν.

2168 5482 2282 5557 (ῥά)
2307 5485 2446 5557 _Cod.
2484 5496 2536 5557 et
2559 5484 2672 5540 Pic.
2702 5485 3056 5557 ἐσκλήρυνεν.

2306 5554 2582 5629 ᾉσεϐής.-
2596 5557 2731 5610 Cod.
2756 5554 3039 5629 δυσσεβὴς.

2166 5624 2280 5694 (56)
2306 5625 2437 5679 Cod.
2474 5639 2524 5681 ct
2561 5626 2675 5682 Pic.
2703 5624 3143 5694 καταλεύσοντες.

2169 5695 2279 5766 έὸἹ)
2307 5697 2515 5751 Οὐδέν.
2578 5699 2711 5754 Cod.
2745 5699 2865 5752 οὐδὲ
2894 5699 2971 5754 ἓν.
