3876 6310
132 349 229 413 937
1254 341 1535 411 ΟΗίΕδΤ.
1566 343 1642 400 1N
1689 343 1716 400 Ε

1810 341 1909 400 )D.
1952 342 2109 401 CAP.
2144 342 2240 401 IV.

3273 344 3376 400 338

131 460 480 531 αὐθαίρετον.
533 456 643 509 Καὶ
695 454 905 519 διδάξας
928 452 1041 523 ('58)
1102 453 1249 514 ὅπως
1291 452 1474 514 αὐτοῖς
1505 451 1701 521 ἐπηνέ-

1810 467 1890 505 res
1922 453 2218 517 invaserat,
2252 454 2323 506 tta
2359 461 2419 505 ut
2450 466 2559 506 non
2608 463 2832 522 possent
2871 462 3018 510 stare
3045 454 3098 509 in
3150 470 3380 529 conspe—

136 553 234 625 χθη
279 552 391 604 τῶν
456 545 932 617 φλυκταιυῶνῷθ)
982 545 1043 597 τὸ
1087 544 1278 608 πάθος,
1334 544 1431 597 καὶ
1471 545 1552 596 ὅτι
1605 546 1700 596 καὶ

135 648 245 707 τοῖς
268 642 589 713 φαρμακοῖς
618 640 652 709 ἡ
679 638 834 700 νόσος
863 636 1163 705 ἐπέσκηψε,
1190 635 1285 687 καὶ
1313 634 1412 687 οὐκ
1440 631 1702 702 ἠδύναντο

134 736 182 788 οί
221 732 509 803 φαρμακοὶ
548 729 740 800 στῆναι
785 726 1028 780 ἐναντίον
1080 726 1252 794 Μωσῆ
1287 725 1375 777 διὰ
1416 724 1485 777 τὰ
1530 725 1660 792 ἕλκη
1684 740 1700 755 ·

137 824 428 896 ᾐσχύνοντο
457 821 568 891 γὰρ
627 816 1064 889 καθηλκωμένοι,
1124 817 1221 869 καὶ
1278 815 1464 883 σφίσιν
1520 815 1703 876 αὐτοῖς

139 915 408 986 ἐπαμῦναι
448 914 524 984 μὴ
576 911 889 980 δυνάμενοι,
942 910 1222 978 ἐπήγαγε·
1270 923 1287 958 ι
1344 906 1456 959 Καὶ
1510 905 1704 976 ἐσκλή-

138 1025 263 1081 ρυνε
290 1007 499 1077 Κύριος
532 1003 630 1073 τὴν
659 1000 884 1073 καρδίαν
911 999 1132 1070 (tapeti),
1164 999 1258 1052 καὶ
1300 999 1400 1051 οὐκ
1442 998 1700 1067 εἰσήκου-

137 1118 224 1155 σεν
262 1098 465 1163 αὐτῶν,
523 1095 670 1149 καθά
703 1091 992 1156 συνέταξεν
1022 1091 1204 1153 αὐτοῖς
1247 1088 1469 1159 Κύριος.
1515 1107 1534 1140 ι
1593 1088 1703 1140 Καὶ⁵

139 1192 253 1265 μετ’
281 1190 440 1259 ὀλίγα
470 1188 608 1258 πρὸς
642 1184 810 1239 αὑτὸν
853 1183 958 1253 εφη
987 1181 1082 1235 τὸν
1109 1180 1311 1251 Φαραώ
1330 1196 1344 1209 ·
1395 1198 1415 1231 ι
1476 1180 1703 1232 Ἕνεκεν

134 1286 316 1337 τούτου
387 1276 745 1349 διετηρήθης,
799 1274 889 1328 ἵνα
953 1272 1276 1342 ἐνδείξωμαι
1336 1272 1394 1323 ἐν
1446 1272 1529 1323 σοὶ
1603 1269 1704 1338 τὴν

142 1377 288 1445 ’σχύν
315 1372 427 1443 (40)
458 1389 586 1441 μου,
619 1368 718 1422 καὶ
763 1368 913 1429 ὅπως
971 1364 1230 1434 διαγγελῇ
1283 1362 1346 1416 τὸ
1392 1362 1565 1432 δνομά
1601 1377 1701 1431 μου

136 1466 190 1517 ἐν
224 1463 569 1533 πάσῃτῇγῇ.
607 1479 625 1512 ι
664 1458 777 1512 Καὶ
801 1453 960 1519 αὖθις
998 1455 1118 1525 μετ’
1155 1454 1336 1523 ὀλίγα,
1377 1454 1473 1507 καὶ
1528 1452 1702 1506 ταῦτα

136 1554 232 1623 ἔφη
256 1569 273 1583 ·
315 1550 464 1604 Ἰδὼν
497 1549 627 1619 γὰρ,
653 1546 808 1617 φησὶ,
841 1544 1041 1615 Φαραὼ
1055 1545 1137 1597 ὅτι
1166 1543 1442 1596 πέπαυται
1475 1544 1504 1595 6
1525 1542 1699 1605 ὑετὸς,

134 1643 268 1712 atati)
295 1639 529 1711 χάλαζα,
542 1639 636 1691 καὶ
655 1639 711 1691 αί
728 1636 923 1705 φωναὶ,
942 1634 1037 1688 καὶ
1061 1632 1361 1703 προσέθετο
1389 1631 1590 1702 Φαραὼ
1606 1631 1701 1684 τοῦ

134 1732 505 1805 ἁμαρτάνειν·
553 1729 650 1783 καὶ
689 1727 917 1798 ἐϐάρυνε
956 1724 1054 1795 τὴν
1088 1723 1315 1795 καρδίαν
1370 1722 1571 1785 αὐτοῦ,
1605 1724 1699 1777 καὶ

1813 552 1903 597 ctu
1947 543 2109 598 Musis
2163 551 2381 611 propter
2420 544 2599 597 ulcera
2649 543 2907 613 (pudebat
2949 546 3095 602 enim
3148 563 3247 605 eos
3305 552 3381 605 ul-

1811 648 2020 694 cerum,
2063 633 2224 702 128
2261 642 2314 687 et
2344 636 2490 702 quod
2525 637 2627 689 sibi
2658 637 2791 706 ipsis
2823 653 2929 692 non
2968 650 3191 708 possent
3252 657 3380 697 suco

1809 722 2074 793 currere),
2100 724 2416 793 Sllitjlmxil:
2469 743 2488 776 ι
2523 723 2605 780 lit‘
2638 728 2911 783 induravit
2970 730 3229 786 Dominus
3284 748 3380 788 cor

1808 815 2130 879 Pharaonis,
2170 828 2224 869 et
2256 830 2363 869 nou
2391 816 2593 870 audivit
2639 834 2757 884 eos,
2784 822 3240 889 quemadmodum
3274 834 3379 880 sta-

1809 915 1990 961 tuerat
2017 906 2098 961 eis
2136 905 2397 961 Dominus
2427 914 2468 962 τ.
2508 924 2527 956 ι
2560 906 2622 960 Et
2653 912 2812 975 paulo
2836 922 2956 980 post
2985 914 3121 969 dixit
3149 916 3216 970 ad
3236 916 3378 971 Plia-

1810 1012 2071 1053 raouem:
2115 1015 2135 1048 ι
2177 997 2334 1052 Hune
2372 998 2426 1051 in
2463 999 2623 1051 tinent
2656 1012 3011 1058 conservatus
3051 1021 3134 1071 e,
3171 1017 3232 1062 ut
3282 1022 3377 1064 os-

1808 1090 2023 1143 tendam
2052 1088 2106 1142 in
2141 1097 2191 1143 te
2239 1089 2491 1144 virtutem
2531 1104 2728 1155 meam,
2748 1095 3249 1152 etutannuntietur
3278 1113 3378 1152 no-

1811 1196 1933 1233 men
1966 1195 2148 1234 meum
2197 1182 2250 1235 in
2284 1182 2535 1236 universa
2568 1190 2710 1237 terra
2740 1193 2786 1236 ι.
2832 1201 2852 1234 ι
2890 1183 2953 1237 Et
3001 1184 3196 1242 iterum
3250 1200 3380 1259 post

1811 1286 1983 1340 pauca
2006 1272 2144 1327 dixit
2195 1273 2358 1327 etiam
2391 1289 2512 1340 quae
2557 1282 2899 1342 sequuntur:
2960 1295 2980 1327 ι
3025 1275 3222 1332 Videtis
3245 1278 3381 1333 Plia-

1810 1377 1929 1425 rao,
1992 1362 2138 1433 quod
2194 1374 2462 1419 cessasset
2524 1364 2725 1434 pluvia,
2767 1367 2974 1436 grando
3008 1378 3062 1422 et
3118 1369 3375 1432 tonitrua,

1811 1451 1993 1506 denuo
2028 1452 2274 1521 peccavit
2317 1453 2549 1517 Pharao,
2603 1463 2657 1506 et
2690 1457 3004 1524 aggravavit
3052 1472 3147 1511 cor
3193 1474 3379 1522 suum,

1809 1551 1864 1596 et
1891 1556 2174 1596 servorum
2204 1556 2463 1597 suorum:
2512 1552 2566 1598 et
2619 1544 2892 1599 induravit
2921 1562 3017 1601 cor
3070 1546 3301 1613 Pharao,
3326 1558 3383 1605 et

1810 1648 1918 1686 non
1958 1632 2167 1688 dimisit
2195 1633 2334 1687 ﬁlios
2367 1631 2602 1696 lsr—aelis,
2649 1634 2809 1689 sicuti
2844 1636 3062 1692 dixerat
3117 1637 3381 1695 Dominus

1808 1722 1948 1779 Mosi
1996 1729 2040 1777 ⁸.
2076 1742 2095 1775 ι
2134 1722 2261 1779 Haec
2310 1734 2489 1778 autem
2550 1725 2735 1792 verba,
2774 1727 2931 1781 sicuti
2982 1730 3209 1796 dixerat,
3246 1746 3381 1800 prae-

135 1826 237 1880 τῶν
295 1823 644 1895 θεραπόντων
701 1817 898 1873 αὐτοῦ’
948 1818 1043 1870 καὶ
1097 1816 1396 1885 ἐσκλήρυνε
1439 1816 1536 1886 τὴν
1563 1831 1700 1886 καρ-

1810 1814 2093 1871 scientiam
2129 1813 2223 1868 Dei
2256 1814 2519 1880 indicant,
2552 1817 2711 1884 quasi
2741 1817 2985 1872 diceret:
3011 1817 3154 1873 Nihil
3186 1820 3379 1875 horum

134 1918 243 1971 δίαν
270 1916 383 1987 (41)
420 1912 702 1983 ιιιαραὼ“’²,
756 1910 850 1964 καὶ
895 1909 997 1962 οὐκ
1023 1906 1368 1974 ἐξαπέστειλε
1393 1908 1518 1969 τοὺς
1553 1907 1702 1969 υίοὺς

142 2008 384 2081 Ἰσραὴλ,
417 2005 670 2076 καθάπερ
719 2003 948 2073 ἐλάλησε
991 2000 1197 2071 Κύριος
1225 1998 1304 2068 τῷ
1347 1999 1543 2068 Μωσῇ.
1577 2014 1596 2048 ι
1628 1997 1703 2050 Τὸ

127 2099 204 2161 δέ,
246 2096 539 2165 καθάπερ.
570 2094 858 2161 ἐλάλησεν,
912 2090 1011 2162 τὴν
1069 2090 1380 2160 πρόγνωσιν
1429 2089 1523 2142 τοῦ
1564 2088 1699 2142 Θεοῦ

135 2190 297 2261 δηλοῖ,
330 2162 605 2252 ἀντὶντοῦ,
636 2184 802 2238 Οὐδὲν
838 2181 1044 2236 τούτων
1073 2180 1337 2250 ἠγνόησεν
1366 2180 1394 2232 6
1428 2179 1534 2232 τῶν
1563 2179 1701 2233 ὅλων

134 2282 279 2346 θεὸς,
308 2276 680 2349 ἀλλ’ἐξαρχῆς
723 2273 1041 2347 προείρηκε.
1073 2272 1258 2325 Ταῦτα
1296 2271 1353 2324 δέ
1410 2271 1586 2324 πάντα
1623 2269 1701 2323 δι-

133 2371 374 2442 εξῆλθον,
421 2371 589 2437 δεῖξαι
643 2367 996 2439 βουλόμενος,
1035 2364 1112 2428 ώς
1169 2363 1294 2418 οὕτε
1333 2363 1547 2432 φύσεως
1577 2359 1646 2435 ἦν
1672 2364 1701 2417 6

132 2462 327 2536 Φαραὼ
350 2464 616 2533 πονηρᾶς,
639 2459 763 2513 οὔτε
789 2459 817 2511 6
844 2459 1119 2527 Δεσπότης
1150 2455 1282 2517 Θεὸς
1318 2455 1564 2525 σκληρὰν
1600 2455 1699 2508 αὐ-

132 2557 222 2610 τοῦ
260 2557 355 2610 καὶ
381 2554 679 2610 ἀντίτυπον
722 2552 823 2621 τὴν
869 2548 1100 2619 γνώμην
1155 2547 1479 2618 είργάσατο’
1512 2547 1540 2599 6
1591 2545 1701 2615 γὰρ

129 2648 221 2699 νῦν
251 2646 351 2717 μὲν
390 2646 472 2705 είς
495 2641 655 2696 τοῦτο
677 2640 882 2711 ῥέπων,
910 2638 1003 2693 νῦν
1031 2637 1087 2689 δὲ
1121 2638 1201 2700 εἰς
1225 2638 1426 2699 ἐκεῖνο,
1457 2636 1698 2689 δείκνυσι

128 2740 187 2793 τὸ
221 2739 326 2809 τῆς
360 2736 589 2808 γνώμης
638 2735 982 2805 αὐθαίρετον.
1047 2734 1165 2789 Ἶνα
1203 2732 1261 2786 δέ
1308 2731 1404 2786 καὶ
1445 2730 1509 2785 ἐκ
1553 2747 1698 2795 τινος

127 2830 334 2892 εἰκόνος
357 2828 473 2899 (62)
489 2828 550 2880 τὸ
577 2826 1059 2898 ἀμφιϐαλλόμενον
1080 2823 1454 2891 διαλύσωμεν
1488 2825 1516 2877 6
1548 2823 1699 2894 ἥλιος

125 2924 189 2991 τῇ
218 2921 320 2991 τῆς
355 2919 569 2991 θέρμης
596 2916 847 2990 ἐνεργείᾳ
868 2918 958 2971 τὸν
990 2916 1090 2987 μὲν
1121 2915 1289 2987 κηρὸν
1313 2914 1581 2985 ὑγραίνει,
1607 2913 1699 2968 τὸν

125 3013 181 3067 δὲ
232 3010 412 3082 πηλὸν
461 3010 731 3082 ξηραίνει,
767 3010 865 3065 καὶ
909 3008 1001 3062 τὸν
1057 3009 1156 3080 μὲν
1214 3006 1495 3077 μαλάττει,
1526 3007 1617 3059 τὸν
1642 3005 1699 3060 δὲ

128 3105 448 3176 σκληρύνει.
491 3102 704 3171 ’Ὥσπερ
722 3100 905 3154 τοίνυν
935 3093 1090 3163 οὗτος
1114 3097 1225 3169 (6'5)
1248 3100 1313 3168 τῇ
1352 3096 1602 3168 ἐνεργείᾳ
1629 3099 1699 3166 τῇ

129 3197 228 3267 μιᾷ
249 3194 320 3249 τὰ
378 3193 599 3248 ἐναντία
629 3193 794 3254 ποιεῖ,
835 3190 978 3245 οὕτω
1011 3193 1077 3262 τῇ
1115 3189 1211 3244 τοῦ
1251 3189 1387 3243 Θεοῦ
1425 3188 1534 3245 τῶν
1565 3189 1701 3243 δλων

129 3285 507 3358 μακροθυμίᾳ,
563 3284 745 3355 οἱμὲν
793 3282 1084 3353 ὠφέλειαν,
1120 3282 1170 3335 οἱ
1217 3281 1274 3334 δὲ
1314 3280 1517 3351 βλάὄην
1561 3297 1700 3351 καρ-

126 3377 397 3433 ποῦνται·
430 3377 526 3431 καὶ
574 3378 624 3429 oi.
684 3375 783 3446 μὲν
835 3374 1220 3445 μαλάττονται,
1259 3374 1309 3426 οί
1359 3372 1415 3426 δὲ
1465 3371 1702 3443 σκληρύ-

127 3487 333 3523 νονται.
366 3466 541 3522 Τοῦτο
573 3468 669 3521 καὶ
704 3467 732 3519 6
755 3466 965 3539 Κύριος
1003 3468 1059 3520 ἐν
1087 3470 1200 3527 τοῖς
1251 3467 1417 3536 ἱεροῖς
1460 3466 1703 3535 Εὑαγγεο

125 3559 262 3623 λίοις
292 3559 627 3627 δεδήλωκεν.
667 3576 687 3610 ι
728 3558 821 3623 Εἰς
853 3560 1028 3630 κρῖμα
1068 3556 1202 3629 γὰρ,
1246 3558 1432 3627 φησὶν,
1482 3556 1593 3626 ἐγὼ
1620 3558 1701 3621 εἰς

128 3652 214 3704 τὸν
245 3651 457 3721 κόσμον
489 3648 680 3704 τοῦτον
708 3645 894 3722 ἦλθον,
941 3650 1027 3704 ἴνα
1062 3651 1112 3703 οί
1144 3649 1219 3721 μὴ
1263 3649 1551 3720 βλέποντες
1584 3649 1704 3720 βλέ-

129 3760 293 3806 πωσι,
321 3742 420 3795 καὶ
474 3743 525 3796 ei
568 3741 859 3813 βλέποντες
906 3741 1097 3810 τυφλοὶ
1130 3742 1417 3810 γένωνται.
1474 3758 1493 3792 ι
1532 3739 1702 3794 Τοῦτο

126 3833 180 3887 δὲ
211 3835 276 3887 οὐ
311 3831 409 3886 τοῦ
435 3834 706 3887 Δεσπότου
734 3832 887 3902 δηλοῖ
904 3833 995 3886 τὸν
1023 3832 1253 3887 σκοπόν.
1290 3833 1410 3886 οὐδὲ
1438 3832 1547 3903 γὰρ
1579 3830 1703 3886 τού-

126 3942 214 3979 του
247 3924 417 3997 χάριν
452 3923 732 3995 ἐλήλυθεν,
752 3923 842 3978 ἵνα
865 3923 1104 3994 τυφλοὺς
1134 3925 1393 3998 ἀποφήνῃ
1423 3924 1548 3987 τοὺς
1577 3922 1702 3994 βλέι-

127 4032 349 4079 ποντας·
369 4014 511 4069 ἀλλά
526 4015 587 4068 τὸ
605 4014 942 4085 γεγενημένο
956 4032 984 4067 ν
1008 4014 1329 4085 δεδήλωκεν.
1354 4033 1373 4067 ι
1395 4014 1565 4078 Αὐτὸς
1588 4013 1700 4084 (44)

129 4108 227 4176 μὲν
258 4110 368 4178 γὰρ
406 4106 667 4177 βούλεται
695 4109 906 4169 πάντας
949 4105 1272 4177 ἀνθρώπους
1313 4104 1579 4175 σωθῆναι,
1608 4106 1703 4159 καὶ

127 4200 204 4261 εἰς
246 4199 554 4267 ἐπίγνωσιν
605 4198 862 4268 ἀληθείας
914 4197 1107 4251 ἐλθεῖν.
1177 4222 1196 4249 ι
1252 4198 1469 4267 Ἐπειδὴ
1538 4197 1594 4250 δὲ
1640 4196 1702 4250 τὸ

130 4291 456 4361 αὐθαίρετον
515 4290 630 4362 ἔχει
683 4290 795 4343 τῶν
844 4288 1149 4361 ἀνθρώπων
1210 4292 1243 4361 ή
1283 4289 1469 4359 φύσις,
1518 4289 1702 4360 οἱμὲν

132 4381 564 4445 πεπιστευκότες
594 4381 872 4453 σωτηρίας
901 4381 1247 4453 ἀπήλαυσαν,
1276 4384 1325 4434 οἱ
1364 4381 1422 4434 δὲ
1464 4381 1702 4451 ἀπιστή-

133 4486 320 4536 σαντες
346 4471 607 4543 πρὸξενοι
650 4472 991 4543 ἐαυτοῖςμό)
1024 4473 1127 4542 τῆς
1169 4472 1395 4543 γεέννης
1442 4471 1701 4542 γεγένην-

128 4578 236 4615 ται.
286 4562 481 4627 Οῦτως
514 4564 543 4616 6
610 4563 814 4626 Ἰούδας
846 4562 1058 4634 βλέπων
1108 4563 1424 4634 (ἀπόστολος
1456 4564 1565 4647 γᾲρ
1589 4561 1701 4636 ἦν),

134 4653 359 4726 ὕστερον
380 4654 671 4725 ἐτυφλώθη
693 4671 708 4686 ·
743 4656 774 4707 6
808 4655 868 4709 δέ
916 4655 1205 4719 θεσπέσιος
1240 4656 1450 4719 Παῦλος
1505 4656 1705 4727 τυφλὸς

130 4744 204 4800 ὢν
234 4747 528 4819 πρότερον,
556 4746 854 4817 ἀνέϐλεψεν
886 4746 1134 4820 ὕστερον.
1161 4747 1319 4802 Οὕτω
1348 4748 1437 4803 διὰ
1474 4748 1574 4819 τῆς
1608 4748 1702 4802 τοῦ

1811 1904 1953 1961 Deus
2004 1906 2245 1961 omnium
2306 1907 2594 1976 ignoravit,
2637 1908 2730 1962 sed
2767 1909 2835 1963 ab
2897 1910 3053 1965 initio
3111 1913 3378 1981 praedixit.

1807 1994 1935 2053 Haec
1979 2005 2162 2053 autem
2195 1998 2450 2054 universa
2492 2000 2766 2062 recensui,
2796 2002 2990 2058 docere
3042 2005 3250 2067 volens,
3280 2021 3380 2060 ne-

1809 2102 1917 2157 que
1962 2088 2304 2143 Pharaonem
2332 2087 2504 2144 fuisse
2534 2101 2744 2145 natura:
2800 2107 3000 2161 pravae,
3056 2110 3231 2165 neque
3274 2095 3381 2149 Do-

1809 2179 2015 2233 minum
2068 2179 2234 2233 Deum
2265 2180 2507 2233 animum
2555 2180 2676 2250 ejus
2702 2181 2903 2236 durum
2933 2192 2988 2237 et
3018 2186 3376 2240 reluctantem

1807 2269 2025 2326 fecisse.
2070 2269 2205 2322 Nam
2238 2270 2327 2338 qui
2370 2271 2533 2325 modo
2586 2272 2642 2324 in
2677 2274 2837 2339 hanc,
2905 2275 3068 2331 modo
3120 2277 3174 2330 in
3231 2279 3376 2335 illam

1807 2373 2014 2431 partem
2052 2362 2298 2426 inclinat,
2334 2362 2674 2420 demonstrat
2698 2365 2923 2420 liberam
2955 2368 3126 2423 animi
3185 2370 3380 2425 volun-

1807 2463 1996 2510 tatem.
2049 2455 2353 2522 Caeterum,
2396 2466 2454 2513 ut
2492 2459 2673 2531 aliqua
2721 2462 2955 2517 adducta
3017 2464 3380 2522 similitudine

1807 2547 2237 2603 controversiam
2263 2549 2649 2614 dissolvamus,
2682 2552 2762 2606 sol
2790 2552 2841 2607 vi
2868 2554 3066 2609 caloris
3094 2557 3176 2612 sui
3195 2573 3377 2613 ceram

1806 2636 2027 2706 quidem
2054 2637 2356 2708 liquefacit,
2405 2642 2579 2697 lutum
2622 2658 2753 2698 vero
2791 2645 3069 2702 exsiccet:
3122 2657 3177 2702 et
3232 2650 3379 2704 illam

1807 2724 2027 2795 quidem
2056 2728 2284 2796 emollit,
2338 2731 2443 2786 hoe
2494 2741 2675 2787 autem
2723 2732 2962 2791 indurat.
3010 2736 3381 2802 Quemadmo-

1806 2818 1935 2872 dum
1986 2834 2118 2889 ergo
2147 2820 2230 2874 sol
2260 2821 2365 2877 iste
2399 2838 2505 2877 una
2538 2831 2593 2877 et.
2631 2825 2820 2878 eadem
2855 2826 3053 2883 virtute
3106 2831 3382 2886 contraria

1806 2919 2101 2980 operatur:
2146 2912 2225 2968 sic
2257 2928 2324 2968 ex
2355 2913 2768 2985 longanimitate
2798 2916 2890 2973 Dei
2947 2920 3191 2975 omnium
3239 2937 3382 2976 non.

1807 3003 1942 3057 nulli
1994 3003 2215 3072 capiunt
2242 3004 2547 3073 utilitatem,
2580 3009 2670 3062 alii
2703 3025 2831 3064 vero
2878 3010 3136 3066 damnum
3164 3030 3178 3067 :
3208 3024 3263 3067 et
3305 3014 3381 3070 illi

1808 3093 2185 3159 emolliuntur,
2218 3094 2310 3150 isti
2341 3110 2472 3151 vero
2521 3098 2869 3155 indurantur.
2901 3100 3057 3168 Quod
3089 3112 3141 3159 et
3197 3103 3384 3159 Domi-

1809 3201 1914 3241 nus
1940 3185 2237 3241 declaravit
2264 3186 2318 3242 in
2370 3189 2542 3244 sacris
2575 3190 2913 3261 Evangeliis:
2954 3213 2973 3246 ι
3008 3196 3088 3251 Ad
3114 3196 3382 3265 judicium

1808 3276 1978 3342 enim,
2007 3275 2204 3348 inquit,
2238 3293 2337 3349 ego
2366 3279 2419 3332 in
2453 3280 2599 3357 ltunp
2634 3282 2793 3353 129
2825 3286 3089 3342 mundum
3128 3289 3275 3354 veni,
3325 3300 3384 3343 ut

1807 3366 1902 3435 qui
1928 3382 2039 3421 non
2069 3368 2273 3435 vident,
2299 3370 2516 3425 videant
2543 3383 2622 3426 :et
2649 3375 2740 3442 qui
2768 3374 2965 3441 vident,
2982 3378 3108 3433 (ιωοί
3140 3378 3330 3433 ﬁant“.
3354 3397 3377 3432 ι

1809 3456 1929 3514 Non
1987 3459 2132 3529 quod
2165 3476 2259 3530 per
2291 3460 2395 3516 hoc
2428 3462 2739 3519 declaretur
2774 3466 2933 3521 talem
2962 3464 3131 3523 fuisse
3169 3468 3376 3527 Domini

1812 3565 2076 3621 scopum:
2117 3567 2295 3622 neque
2322 3555 2467 3608 enim
2507 3555 2671 3625 hujus
2731 3556 2808 3612 rei
2863 3560 3038 3627 gratia
3100 3562 3266 3627 venit,
3322 3571 3381 3616 ut

1809 3644 1999 3698 reddat
2031 3658 2123 3699 eos
2155 3644 2250 3714 qui
2280 3646 2465 3701 vident
2491 3662 2705 3717 caucos;
2752 3651 2845 3707 sed
2880 3651 2933 3706 id
2982 3653 3128 3722 quod
3177 3653 3378 3711 factum

1809 3743 1893 3791 est
1923 3736 2187 3791 indicavit
2212 3755 2224 3792 :
2264 3756 2283 3789 ι
2329 3735 2447 3810 ipse
2465 3741 2610 3795 enim
2631 3742 2747 3797 vult
2776 3758 2967 3798 omnes
2994 3744 3245 3800 homines
3272 3749 3383 3802 sal-

1808 3842 1905 3882 vos
1931 3827 2069 3894 ﬁeri,
2117 3835 2171 3883 et
2222 3829 2288 3884 ad
2343 3832 2709 3902 cognitionem
2760 3834 3004 3889 veritatis
3054 3839 3238 3892 venire
3266 3848 3314 3894 ν.
3356 3861 3375 3893 ι

1809 3915 1912 3973 Sed
1942 3934 2066 3973 eum
2102 3918 2340 3975 humana
2376 3932 2569 3976 natura
2600 3922 2811 3977 arbitrii
2847 3924 3042 3979 habeat
3079 3926 3380 3984 libertatem

1808 4009 1901 4079 qui
1945 4009 2312 4074 crediderunt,
2344 4010 2573 4066 salutem
2606 4022 2733 4068 sunt
2778 4018 3093 4071 consecuti:
3139 4020 3383 4088 quivere

1810 4115 1919 4155 non
1955 4100 2327 4166 crediderunt,
2372 4101 2632 4173 gehennae
2659 4104 2765 4159 sibi
2790 4105 2918 4160 facti
2949 4117 3075 4163 sunt
3103 4121 3380 4168 auctores.

1811 4191 1905 4247 Sic
1949 4202 2002 4247 et
2037 4190 2208 4246 Judas
2239 4192 2407 4257 vidit,
2449 4194 2721 4264 siquidem
2750 4198 3033 4266 apostolus
3059 4211 3195 4264 erat,
3231 4214 3382 4271 post-

1808 4298 1871 4339 ea
1902 4298 2026 4339 vero
2053 4293 2357 4340 excaecatus
2387 4295 2469 4341 est
2496 4305 2509 4339 :
2545 4287 2761 4345 divinus
2788 4299 2969 4345 autem
2994 4290 3214 4359 Paulus,
3258 4311 3380 4349 cum

1810 4383 1970 4429 antea
1997 4388 2175 4429 caecus
2203 4384 2366 4440 esset,
2400 4383 2588 4445 postea
2633 4378 2809 4433 visum
2862 4381 3084 4449 recepit.
3142 4379 3233 4436 Sic
3287 4397 3384 4451 per

1809 4468 2102 4523 adventum
2134 4466 2435 4525 Salvatoris
2486 4473 2800 4530 Judaeoruut
2853 4474 3073 4544 plurimi
3123 4477 3381 4531 excecati

1806 4568 1956 4622 sunt,
1990 4568 2178 4630 gentes
2206 4571 2385 4615 autem
2424 4561 2603 4617 visum
2656 4576 2996 4635 receperunt.
3035 4565 3147 4621 Non
3201 4576 3385 4621 tamen

1812 4652 1885 4706 ob
1915 4651 1991 4714 id,
2015 4650 2161 4720 quod
2194 4651 2414 4720 quidam
2448 4668 2555 4707 non
2583 4666 2739 4709 erant
2771 4656 3053 4723 credituri,
3096 4657 3384 4727 oportebat

1810 4743 2268 4813 dispensationem
2299 4741 2601 4799 Salvatoris
2628 4747 2802 4801 nostri
2824 4748 3125 4804 secundum
3159 4762 3380 4803 carnem

203 4923 659 4989 'Exod.u,i2.
739 4922 920 4979 'ibid.
948 4923 1036 4979 l6.
1118 4888 1687 4989 tEx'od.u,5t,35.
1764 4921 2209 4989 nJoan.u,39.
2281 4925 2712 4989 vtrim.u,t.

1008 5077 1242 5135 VARL‘E
1282 5075 1662 5135 LECTIONES
1695 5076 1781 5132 EX
1827 5076 2101 5133 CATENA
2137 5077 2492 5133 LIPSIENSI.

195 5219 241 5251 "
270 5219 387 5274 Cal.
422 5234 478 5290 p.
513 5218 641 5277 605.
667 5218 818 5274 ἐσκλ.
842 5219 876 5290 ἡ
906 5218 1101 5290 καρδία
1126 5221 1264 5289 Φαρ.

196 5385 313 5454 ('58)
338 5384 615 5451 Διὸάξας.
651 5385 785 5441 Cod.
816 5394 869 5440 et
888 5384 1001 5441 Pic.
1033 5383 1236 5450 δείξας.

198 5454 311 5525 (59)
344 5456 480 5509 (Sed.
503 5466 561 5526 et
588 5455 699 5526 Pie.
722 5455 1050 5525 φλυκτενῶν.
1072 5455 1399 5526 lnterpreles
1416 5454 1588 5508 (irtch
1611 5468 1696 5508 uSI

125 5534 257 5577 sunt
295 5541 429 5578 voce
459 5525 765 5594 φλυκτίδες.

195 5595 313 5663 (40)
358 5591 588 5663 ἰσχύικ
617 5594 751 5650 Cod.
784 5605 838 5649 et
855 5594 969 5650 Pie.
1001 5595 1251 5663 δύναμιν,
1286 5609 1409 5665 quae
1431 5591 1700 5665 estilectio

126 5662 251 5738 [οι]ζ
283 5662 643 5738 Δίειέίθὶχυιι.
668 5682 744 5729 ιι,
765 5666 946 5738 ιθειω
967 5662 1185 5738 quoque
1214 5662 1412 5738 legitur
1442 5666 1494 5719 itt
1525 5662 1696 5733 Epist.

131 5730 189 5786 Β.
216 5732 372 5789 Pauli
402 5736 469 5789 ad
500 5734 659 5791 Rom.
691 5752 767 5801 ιι,
805 5736 891 5790 17.

1874 5388 1987 5455 (ιι)
2014 5387 2146 5441 Cod.
2176 5387 2502 5459 ἑσκλῄρυνεν
2531 5388 2564 5457 ἡ
2586 5386 2805 5455 καρδία.

1875 5458 2272 5526 (42)Ει)ιόνος.
2308 5455 2429 5512 Des.
2465 5459 2518 5511 iu
2544 5455 2667 5516 eod.
2691 5467 2745 5512 et
2776 5455 2919 5525 apud
2948 5455 3059 5511 Pic.

1875 5529 1985 5597 (63)
2016 5527 2148 5580 Cod.
2170 5528 2358 5597 οὕτως.

2016 5597 2228 5674 inde.
2241 5588 2389 5674 .Cod.
2421 5595 2631 5674 ούτωςζ
2645 5597 2764 5674 _Pic.
2797 5588 2974 5674 οὗτος.
3308 5615 3317 5627 ε
3342 5663 3353 5674 _

1881 5669 1990 5738 (45)
2030 5666 2315 5731 Ἐαυτοῖς.
2349 5668 2486 5724 Cod.
2525 5667 2711 5723 ctPic.
2752 5666 2923 5734 σφίςι.
3122 5727 3144 5743 λ
3263 5694 3295 5717 μ
