3878 6312
396 265 501 335 251

1394 273 1882 336 ΤΙΙΕΟΒΟΒΕΤῘ
1917 276 2255 338 EPISCOPI
2294 276 2659 337 CYREN’SIS

3553 273 3727 339 2'32

401 388 458 435 et
500 380 794 437 comedetis
850 380 982 436 illud
1029 394 1157 436 cum
1199 375 1506 440 velocitate.
1560 387 1768 442 Pascha
1827 389 1971 444 cnim

2096 391 2268 459 ῖμέναι
2303 430 2318 455 ,
2372 390 2464 442 καὶ
2524 387 2595 441 τά
2646 386 2971 458 ὑποδήματα
3023 384 3175 454 ὑμῶν
3228 384 3286 439 ἐν
3331 386 3441 449 τοῖς
3494 385 3707 439 ποσὶν

384 471 618 526 'Domiui
703 478 786 526 est
844 480 895 523 ν.
941 489 961 522 ι
1018 470 1225 525 Pascha
1298 488 1426 529 vero
1496 474 1649 530 Philo
1715 478 1978 547 interpre-

402 568 552 615 tatus
599 571 683 614 est
724 559 1081 630 διαϐατήρια,
1134 559 1186 615 id
1237 571 1341 630 est,
1401 565 1665 621 sacriﬁcia
1704 582 1826 635 qua:
1884 582 1980 636 pro

403 652 636 706 transitu
679 650 854 704 ﬁunt:
886 650 1157 720 .losephus
1198 663 1382 711 autem
1431 656 1754 726 ὑπέρϐασιν,
1796 659 1847 713 id
1896 668 1979 715 est

404 744 869 813 transgressionem
900 759 918 795 :
955 742 1315 814 Symmachus
1356 762 1481 802 vero
1518 748 1878 819 ὑπέρϐάσεις,
1927 751 1979 805 id

402 845 509 901 est,
547 839 985 907 transgressiones
1016 854 1035 892 :
1065 839 1405 896 Theodotion
1441 842 1617 914 φασέχ
1641 884 1656 906 ,
1712 843 1978 902 liehraiea

404 941 539 983 voce
573 943 682 983 nou
716 937 944 984 mutata.
983 927 1268 1000 Signiﬁcat
1293 940 1472 987 autem
1517 949 1713 989 nomen
1756 934 1979 990 Hebrai-

404 1033 530 1075 cum
556 1060 571 1084 ,
624 1022 646 1043 ⁶
674 1020 898 1075 salutem
943 1022 1435 1093 primogenitorum.
1489 1023 1735 1101 Iusserat
1781 1027 1980 1081 enimll

402 1121 630 1185 accepto
676 1114 896 1184 hyssopi
940 1114 1237 1182 fasciculo,
1286 1116 1553 1187 sanguine
1592 1126 1841 1173 mactatae
1883 1132 1980 1189 pe-

404 1205 561 1258 cudis
617 1205 813 1270 tincto,
875 1215 1057 1276 postes
1108 1216 1163 1263 et
1211 1208 1376 1263 limen
1436 1224 1642 1279 ungere
1685 1228 1699 1264 :
1747 1220 1806 1266 ut
1852 1224 1978 1265 cum

404 1295 687 1366 ingressus
734 1306 881 1352 esset
918 1297 1311 1353 exterminator
1349 1297 1414 1352 ad
1455 1298 1727 1368 perdenda
1770 1298 1978 1369 primo-

405 1389 587 1458 genita
640 1386 1049 1459 Egyptiorum,
1101 1399 1322 1461 aspecto
1367 1389 1632 1460 sanguine
1679 1390 1979 1460 praeteriret

403 1482 596 1536 domos
643 1481 1010 1537 Hebratorum.
1062 1483 1184 1536 Non
1230 1482 1376 1551 quod
1421 1482 1740 1552 incorporea
1786 1491 1979 1537 natura

404 1572 724 1641 huiusmodi
758 1574 932 1643 signis
959 1584 1162 1645 egeret,
1214 1574 1307 1630 sed
1344 1574 1469 1644 quia
1499 1572 1888 1637 conveniebat,
1922 1582 1981 1630 ut

405 1679 504 1734 per
540 1665 845 1736 symbolum
880 1666 1243 1738 intelligerent
1279 1666 1354 1721 illl
1395 1665 1790 1736 providentiam
1839 1666 1979 1721 divi-

2081 482 2256 553 ὑμῶν,
2277 483 2374 537 καὶ
2393 484 2449 536 αἱ
2470 482 2765 553 βακτηρίαι
2796 480 2952 551 ὑμῶν
2969 480 3015 514 ³⁸
3040 484 3100 534 ἑν
3120 482 3239 542 ταῖς
3257 482 3449 550 χερσὶν
3474 479 3705 551 ὑμῶν,

2081 577 2174 629 καὶ
2190 576 2372 630 ἕδεσθε
2394 575 2528 629 αὐτὸ
2562 575 2702 646 μετὰ
2734 574 2991 643 σπουδῆς.
3024 573 3218 644 Πάσχα
3252 574 3362 643 γάρ
3395 575 3520 625 ἐστι
3546 573 3711 624 Κυ-

2083 666 2221 737 ρίου.
2257 685 2275 717 ι
2310 665 2382 718 Τὸ
2410 665 2467 719 δὲ
2497 666 2685 735 πάσχα
2716 665 2815 734 μὲν
2864 664 3039 717 Φίλων
3090 665 3405 734 ἡρμήνευσε
3455 663 3709 716 διαϐα-

2078 757 2253 825 τήρια
2279 773 2290 787 ·
2327 758 2357 809 6
2386 757 2443 809 δὲ
2481 754 2742 826 Ἰώσηπος
2774 754 3111 824 ὑπέρϐασιν
3139 756 3183 786 ’ί
3206 772 3221 785 θ
3253 757 3282 808 6
3322 753 3378 807 δὲ
3425 754 3498 806 Σύ
3510 770 3709 824 μμα-

2078 864 2173 917 χος
2199 845 2558 913 ὐπερόάσεις
2577 862 2591 876 ’
2617 847 2644 898 6
2676 847 2733 899 δὲ
2760 846 3057 899 Θεοδοτίων
3104 846 3328 916 φασὲχ,
3364 846 3538 915 αὐτὴν
3558 847 3703 916 τὴν

2091 937 2360 1007 Ἐϐραίων
2389 935 2654 1001 τεθεικὼς
2691 940 2877 1007 φωνήν
2912 937 3045 1010 (99).
3076 938 3343 1009 Σημαίνει
3370 937 3427 991 δὲ
3455 939 3518 991 τὸ
3544 937 3709 991 ὅνο-

2083 1047 2159 1102 μα
2176 1031 2286 1083 τῶν
2329 1029 2619 1100 Ἐϐραίων,
2646 1031 3038 1098 πρωτοτόκων
3067 1031 3145 1102 (1)
3183 1029 3302 1098 τὴν
3329 1030 3693 1098 σωτηρίαν.

2080 1119 2528 1192 Παρεκελεύσατο
2558 1121 2668 1193 γὰρ
2698 1121 2907 1192 δέσμην
2941 1119 3195 1176 ὑσσώπου
3224 1120 3428 1184 λαϐεῖν,
3462 1120 3564 1173 καὶ
3580 1120 3701 1189 τῷ

2078 1215 2268 1282 αἵματι
2284 1213 2377 1268 τοῦ
2399 1213 2664 1284 θυομένου
2679 1211 2956 1282 προϐάτου
2979 1211 3338 1282 ἑμϐάψαντας
3348 1211 3477 1274 τοὺς
3526 1227 3695 1263 στα,-

2079 1304 2251 1377 θμοὺς
2276 1304 2557 1376 ἑπιχρίσαι
2596 1303 2694 1359 καὶ
2712 1304 2812 1375 τὴν
2838 1303 3021 1372 φλιὰν,
3053 1302 3122 1356 ἵν’
3160 1303 3288 1357 ὅταν
3327 1302 3549 1372 εἰσέλθῃ
3579 1300 3692 1372 (εδ.)

2078 1399 2108 1451 6
2139 1397 2442 1470 ὀλοθρεύων
2469 1397 2713 1463 πατάξαι
2745 1398 2813 1452 τὰ
2842 1396 3164 1467 πρωτότοκα
3192 1396 3300 1449 τῶν
3321 1394 3693 1464 Αἰγυπτίων.

2082 1486 2207 1542 ἰδὼν
2238 1488 2300 1541 τὸ
2329 1481 2471 1558 αἷμα
2499 1486 2711 1559 ὑπερϐῇ
2736 1485 2846 1540 τῶν
2869 1483 3137 1557 Ἐϐραίων
3175 1483 3276 1547 τὰς
3310 1481 3514 1544 οἰκίας.
3550 1481 3701 1532 Οὐκ

2081 1579 2267 1650 ἐπειδὴ
2290 1577 2554 1633 τοιούτων
2590 1578 2763 1632 ἐδεῖτο
2793 1576 3040 1648 σημείων
3068 1577 3100 1647 ἡ
3136 1573 3430 1645 ἀσώματος
3473 1573 3695 1642 φύσις.

2080 1672 2197 1726 ἀλλ’
2237 1672 2319 1726 ὅτι
2341 1671 2431 1726 διὰ
2454 1668 2555 1724 τοῦ
2592 1669 2866 1740 συμϐόλου
2888 1668 3180 1729 κάκείνους
3207 1665 3316 1719 ἑδει
3346 1664 3546 1736 μαθεῖν
3564 1663 3695 1733 τὴν

406 1769 535 1811 nam
571 1776 583 1811 :
621 1766 675 1811 et
705 1772 826 1823 nos,
876 1758 967 1827 qui
1002 1773 1201 1828 agnum
1250 1758 1661 1813 immaculatum
1704 1757 1980 1813 sacriﬁca-

2096 1764 2175 1819 ποῦ
2208 1761 2344 1817 Θεοῦ
2385 1761 2714 1832 κηδεμονίαν
2735 1776 2750 1791 ⁸
2779 1761 2877 1814 καὶ
2912 1760 3060 1830 ἡμᾶς
3107 1759 3234 1823 τοὺς
3267 1757 3359 1811 τὸν
3399 1757 3476 1825 (3)
3506 1755 3694 1825 ἀμω-

406 1864 550 1913 mus,
583 1863 1041 1919 cognosceremus
1073 1859 1257 1921 typum
1287 1858 1412 1904 ante
1443 1848 1799 1919 descriptum.
1829 1847 1983 1902 Man-

407 1940 502 1995 dat
533 1942 698 2012 igitur
723 1942 852 2005 illis,
886 1949 944 1996 ut
970 1943 1244 2012 accipiant
1282 1957 1389 1996 non
1421 1950 1630 1996 tantum
1674 1957 1743 1997 ex
1788 1940 1983 1996 ovibus

409 2049 582 2105 agnos
609 2034 912 2100 anniculos,
955 2035 1049 2091 sed
1091 2035 1256 2089 etiam
1296 2049 1362 2089 ex
1393 2033 1572 2104 capris
1615 2032 1796 2088 luedos
1828 2050 1841 2086 :
1872 2047 1983 2086 non

408 2134 470 2180 ut
499 2125 660 2180 simul
693 2134 987 2196 utrumque
1019 2126 1325 2189 immolent,
1375 2126 1467 2181 sed
1502 2134 1561 2180 ut
1594 2125 1639 2179 is
1686 2124 1779 2195 qui
1826 2137 1984 2179 ovem

410 2216 656 2280 haberet,
690 2231 888 2285 agnum
923 2216 1204 2282 immolet;
1231 2217 1325 2285 qui
1355 2229 1454 2270 ove
1484 2222 1713 2280 careret,
1747 2215 1983 2269 haedum.

409 2303 665 2376 Praecipit
697 2317 900 2369 autem,
955 2316 1015 2362 ut
1060 2310 1203 2362 hunc
1244 2308 1516 2378 accipiant
1566 2306 1777 2361 decimo
1826 2304 1986 2374 primi

410 2399 640 2465 mensis,
682 2406 743 2453 ut
778 2408 1088 2469 praeparent
1137 2408 1263 2455 ante
1304 2399 1525 2464 festum,
1576 2406 1631 2452 et
1682 2396 1990 2453 sacriﬁcent

409 2491 624 2545 decimo
675 2498 875 2560 quarto
912 2491 998 2545 die
1042 2490 1147 2545 sub
1187 2505 1494 2559 vesperam.
1528 2487 1642 2543 Sub
1674 2489 1814 2543 hanc
1841 2489 1986 2543 enim

411 2595 696 2650 vesperam
728 2581 891 2635 etiam
917 2580 1174 2636 Christus
1204 2580 1471 2637 Dominus
1502 2581 1735 2636 traditus
1768 2590 1852 2636 est
1890 2580 1989 2635 Ju-

411 2671 566 2728 dmis.
600 2671 665 2727 Et
695 2688 820 2727 eum
848 2673 1076 2728 lactucis
1101 2672 1409 2745 agrestibus
1441 2672 1620 2742 ipsum
1671 2669 1990 2726 manducari

406 2763 592 2832 jussit,
633 2762 792 2834 140
824 2765 876 2818 in
912 2765 1233 2819 memoriam
1276 2765 1587 2820 durissima:
1620 2763 1899 2818 servitutis
1936 2769 1992 2817 et

412 2854 781 2909 acerbissimae
814 2855 937 2909 vitae
962 2856 1016 2909 in
1047 2854 1287 2926 Egypto
1315 2864 1627 2910 trausactze.
1656 2854 1760 2909 Per
1789 2869 1987 2926 azyma

413 2958 542 2998 vero
567 2944 791 3006 indicat.
813 2960 924 2999 non
951 2954 1163 3000 tantum
1187 2947 1589 3001 festinationem
1615 2946 1990 3015 profectionis,

2086 1871 2185 1925 μον
2216 1852 2389 1924 ἀμνὸν
2420 1851 2646 1914 θύοντας
2685 1850 2891 1920 γνῶναι
2932 1846 3412 1920 προδιαγραφέντα
3450 1845 3546 1899 τὸν
3566 1843 3691 1898 τύ-

2084 1958 2207 1994 πον.
2264 1940 2494 1994 Κελεύει
2547 1939 2728 1993 τοίνυν
2775 1939 2964 2003 αὐτοῖς
2992 1938 3039 1972 ⁸³
3061 1936 3247 1992 λαϐεῖν
3288 1936 3349 1989 ού
3401 1935 3568 2005 μόνον
3604 1937 3695 1988 ἑκ

2083 2029 2192 2084 τῶν
2234 2029 2527 2101 προϐάτων
2568 2028 2740 2101 ἄρνας
2782 2027 3109 2091 ἐνιαυσίους,
3150 2025 3287 2081 ἀλλὰ
3327 2027 3423 2079 καὶ
3465 2026 3533 2078 ἑκ
3556 2023 3693 2077 τῶν

2085 2121 2258 2190 αίγῶν
2293 2122 2517 2195 ἐρίφους
2539 2138 2554 2154 ·
2585 2123 2687 2193 οὐχ
2713 2121 2802 2175 ἵνα
2835 2121 2979 2175 κατὰ
3009 2119 3202 2175 ταυτὸν
3239 2118 3426 2172 τοῦτον
3456 2117 3532 2188 (ί)
3564 2118 3689 2171 κὰ-

2086 2215 2262 2267 κεῖνον
2290 2211 2530 2265 θύσωσιν
2553 2228 2567 2243 ·
2592 2210 2710 2265 ἀλλ’
2736 2210 2866 2277 ἵναὸ
2906 2209 3006 2280 μὲν
3032 2208 3308 2281 πρόϐατον
3338 2205 3501 2278 ἔχων,
3529 2202 3688 2278 θύσῃ

2086 2305 2279 2359 τοῦτο’
2310 2305 2338 2358 6
2364 2303 2422 2358 δὲ
2463 2302 2740 2366 σπανίζων
2774 2302 3073 2374 προϐάτου,
3100 2299 3192 2355 τὸν
3221 2299 3427 2371 ἔριφον.
3448 2301 3692 2370 Παρεγ-

2087 2400 2195 2470 γυᾷ
2223 2398 2280 2452 δὲ
2318 2394 2477 2452 τοῦτο
2515 2396 2702 2452 λαϐεῖν
2729 2398 2796 2468 τῇ
2828 2394 3030 2467 δεκάτῃ
3063 2393 3158 2448 τοῦ
3209 2393 3427 2464 πρώτου
3473 2392 3686 2464 μηνὸς,

2091 2491 2155 2545 ἵν’
2187 2491 2491 2563 εὐτρεπίσῃ
2534 2489 2641 2560 πρὸ
2674 2489 2776 2557 τῆς
2814 2489 3007 2560 ἑορτῆς
3027 2504 3041 2519 ο
3068 2490 3134 2560 τῇ
3173 2488 3231 2542 δὲ
3260 2503 3687 2559 τεσσαρεσκαι-

2089 2585 2295 2656 δεκάτῃ
2345 2583 2482 2655 πρδς
2515 2581 2757 2652 ἑσπέραν
2802 2580 3051 2651 τυθῆναι.
3093 2580 3250 2633 Κατὰ
3298 2579 3508 2648 ταύτην
3558 2577 3689 2648 γὰρ

2090 2676 2191 2747 τὴν
2213 2673 2456 2745 ἑσπέραν
2479 2674 2575 2728 καὶ
2603 2674 2632 2727 6
2665 2672 2945 2743 Δεσπότης
2975 2670 3214 2743 Χριστὸς
3249 2668 3526 2741 παρεδόθη
3556 2670 3692 2731 τοῖς

2103 2766 2397 2828 Ἰουδαίοις.
2423 2764 2581 2819 Μετὰ
2608 2764 2876 2836 πικρίδων
2909 2762 2967 2816 δὲ
2996 2761 3131 2815 αὐτὸ
3186 2760 3467 2831 βρωθῆναι
3498 2776 3695 2830 προσ⁴

2092 2857 2396 2923 έταξεν,είς
2445 2856 2756 2925 ἀνάμνησιν
2797 2854 2899 2924 τῆς
2939 2855 2997 2907 ἑν
3036 2851 3301 2922 Αἰγύπτῳ
3331 2851 3693 2924 πικροτάτης

2093 2950 2258 3020 ζωῆς,
2289 2948 2386 3003 καὶ
2410 2948 2509 3018 τῆς
2540 2945 2937 3018 χαλεπωτάτης
2966 2945 3013 2977 ⁸³
3045 2943 3310 3007 δουλείας.
3337 2944 3437 2996 Διὰ
3476 2943 3536 2996 δὲ
3565 2942 3690 2995 τῶν

409 3035 582 3089 etcihi
607 3038 1020 3092 tumultuarium
1042 3046 1382 3108 apparatum,
1401 3038 1493 3093 sed
1519 3038 1681 3092 etiam
1705 3038 1847 3107 quod
1871 3038 1992 3093 nul-

2096 3038 2322 3109 ἀζύμων
2355 3037 2612 3108 ἐμφαίνει
2638 3036 2701 3090 ού
2732 3035 2894 3107 μόνον
2920 3037 3017 3107 τῆς
3053 3035 3364 3106 ὁδοιπορίας
3391 3034 3452 3089 τὸ
3481 3034 3688 3088 σύντο-

410 3127 523 3183 ium
552 3127 881 3200 Egyptiacae
910 3129 1033 3185 vitae
1060 3131 1349 3201 vestigium
1383 3129 1584 3185 inferre
1617 3130 1991 3186 conveniebat.

413 3215 508 3272 Sic
549 3218 694 3271 enim
755 3218 1015 3274 Dominus
1044 3219 1096 3274 in
1123 3219 1424 3290 Evangeliis
1455 3220 1839 3290 interpretatus
1866 3228 1950 3275 est
1976 3237 1991 3276 :

417 3328 438 3363 ι
468 3311 693 3378 Cavete,
722 3313 998 3382 inquiens,
1032 3328 1061 3367 a
1100 3312 1370 3368 fermento
1411 3314 1729 3370 Scribarum
1760 3323 1812 3370 et
1851 3312 1995 3369 Pha-

412 3404 701 3459 risaeorum
726 3413 779 3457 1.
812 3423 832 3457 ι
867 3405 1131 3475 Praecepit
1153 3421 1374 3476 quoque
1403 3422 1632 3463 numero
1663 3406 1992 3463 sufﬁcientes

415 3496 484 3550 ad
509 3511 663 3551 esum
710 3499 835 3569 agni
880 3499 1045 3554 simul
1081 3499 1364 3555 immolare
1406 3499 1636 3570 pascha,
1662 3500 1871 3556 docens
1897 3511 1994 3553 eos

413 3587 713 3645 fraternam
749 3592 1096 3661 cbaritatem,
1131 3601 1185 3648 et
1223 3608 1351 3664 erga
1382 3607 1652 3664 pauperes
1680 3589 1994 3646 misericor-

413 3680 582 3735 diam.
614 3681 821 3740 ldcirco
851 3685 1106 3741 admouet
1154 3693 1216 3740 ut
1267 3685 1513 3755 reliquiae
1556 3683 1805 3739 carnium
1844 3697 1995 3738 com-

416 3774 707 3844 burautur,
756 3792 856 3832 nec
913 3789 1202 3833 serventur
1247 3779 1303 3833 in
1352 3787 1628 3845 posterum
1670 3776 1811 3830 diem
1843 3795 1857 3831 :
1887 3776 1994 3831 hoc

414 3873 580 3933 pacto
612 3867 946 3935 compellens
976 3868 1097 3923 illos
1130 3882 1413 3924 accersere
1441 3882 1643 3938 egenos
1680 3867 1747 3923 ad
1794 3867 1992 3923 festum

415 3958 787 4012 communiter
844 3959 1253 4016 celebrandum.
1309 3958 1436 4016 Haec
1493 3969 1675 4016 autem
1739 3962 1994 4018 universa

416 4048 797 4120 mysteriorum
852 4062 1167 4107 nostrorum
1219 4061 1351 4106 sunt
1399 4054 1706 4124 aenigmata.
1763 4051 1897 4108 Nam
1940 4062 1996 4108 et

415 4152 517 4193 nos
572 4142 827 4210 uugimus
884 4144 1008 4212 agni
1066 4144 1239 4197 nostri
1298 4145 1565 4215 sanguine
1621 4161 1729 4200 non
1780 4155 1993 4202 tantum

415 4229 604 4295 limen,
659 4234 754 4287 sed
804 4244 1098 4305 utrumque
1140 4237 1303 4290 etiam
1342 4247 1577 4307 postem,
1612 4249 1909 4308 purgantes
1939 4248 1993 4292 et

416 4325 819 4380 sanctilieantes
865 4328 1109 4383 exterius
1161 4329 1398 4399 linguam
1441 4340 1498 4385 et
1545 4331 1719 4392 labra,
1763 4329 1993 4384 interius

418 4422 600 4467 autem
642 4424 693 4469 et
724 4417 1024 4471 secundum
1064 4418 1423 4485 intellectum,
1461 4434 1559 4489 pro
1602 4418 1787 4471 limine
1817 4417 1985 4471 ratio-

2096 4415 2274 4484 φλιάν,
2298 4413 2442 4467 ἀλλὰ
2486 4414 2584 4466 καὶ
2623 4414 2750 4476 τοὺς
2800 4411 2894 4465 δύο
2927 4409 3237 4482 σταθμούς*

1063 4546 1091 4574 ³
1131 4538 1264 4594 ibid.
1294 4538 1385 4601 22,
1414 4536 1506 4591 23.
1552 4546 1582 4584 γ
1622 4534 1811 4588 Matth.
1836 4549 1949 4599 xvr,
1989 4534 2054 4602 6:;
2092 4533 2258 4587 Marc.
2287 4547 2408 4598 vtu,
2447 4532 2541 4598 15;
2577 4530 2711 4587 Luc.
2749 4547 2848 4599 xu,
2886 4532 2940 4586 l.

491 4542 519 4573 ν
559 4533 727 4590 Exod.
769 4550 868 4603 xtl,
902 4536 988 4592 H.

2095 3149 2205 3195 νον,
2258 3130 2351 3185 καὶ
2395 3129 2457 3183 τὸ
2507 3128 2607 3199 τῆς
2644 3128 2854 3199 τροφῆς
2883 3126 3254 3197 αὐτοσχέδιον,
3279 3125 3417 3181 ἀλλὰ
3454 3127 3555 3180 καὶ
3593 3126 3690 3185 ὅτι

2095 3224 2365 3296 προσήκει
2388 3223 2531 3294 ’μηδὲ
2559 3221 2638 3294 (5)
2669 3221 2816 3293 ῐχνος
2848 3221 2952 3292 τῆς
2981 3219 3371 3291 Αἰγυπτιακῆς
3404 3220 3690 3290 ἑπιφέρε-

2096 3316 2220 3370 σθαι
2250 3313 2549 3377 πολιτείας.
2583 3312 2740 3368 Οὕτω
2772 3312 2901 3384 γάρ.
2921 3312 3018 3367 καὶ
3051 3314 3081 3365 6
3109 3311 3315 3383 Κύριος
3342 3313 3401 3365 ἑν
3422 3313 3540 3374 τοῖς
3572 3312 3691 3365 Εὐ-

2094 3406 2371 3477 αγγελίοις
2403 3404 2451 3440 ”
2475 3404 2552 3477 (6)
2581 3406 2917 3477 ἡρμήνευσε,
2947 3423 2965 3457 ι
2989 3405 3318 3476 Προσέχετε,
3334 3403 3536 3472 λέγων,
3570 3404 3692 3459 ἀπὸ

2092 3499 2192 3570 τῆς
2218 3498 2401 3571 ζύμης
2430 3496 2539 3551 τῶν
2561 3496 2943 3568 Γραμματέων
2968 3497 3063 3550 κα)¹
3084 3497 3420 3567 Φαρισαίων.
3457 3515 3476 3546 ι
3527 3497 3693 3552 Ἐκέο

2093 3590 2255 3645 λευσε
2286 3590 2343 3644 δὲ
2374 3590 2469 3645 καί⁸
2502 3589 2629 3653 τοὺς
2673 3587 2981 3661 ἀρκοῦντας
3029 3589 3111 3651 είς
3144 3588 3345 3660 ἑδωδὴν
3395 3588 3691 3658 προϐάτου

2094 3688 2240 3742 κατὰ
2250 3685 2446 3740 ταυτδν
2479 3685 2640 3740 θῦσαι
2661 3684 2722 3738 τὸ
2744 3684 2952 3755 πάσχα,
2972 3684 3327 3752 φιλαδελφίαν
3356 3683 3565 3747 αὐτοὺς
3588 3685 3689 3737 ἑκ·-

2095 3776 2388 3841 παιδεύων,
2421 3777 2518 3833 καὶ
2553 3777 2645 3831 τὸν
2668 3778 2748 3840 εἰς
2772 3778 2902 3840 τοὺς
2931 3775 3175 3847 πένητας
3190 3775 3359 3829 ἔλεον.
3383 3776 3483 3829 Διὰ
3512 3775 3689 3829 τοῦτο

2096 3866 2533 3941 παρακελεύεται
2552 3867 2647 3923 καὶ
2669 3867 2738 3922 τά
2760 3866 3152 3938 περιττεύοντα
3167 3867 3276 3920 τῶν
3292 3867 3475 3937 κρεῶν
3504 3884 3690 3920 κατα-

2097 3960 2349 4017 καίεσθαι
2368 4000 2384 4024 ,
2413 3960 2509 4013 καὶ
2546 3960 2628 4023 εἰς
2659 3958 2760 4029 τὴν
2793 3957 3088 4029 ὑστεραίαν
3142 3956 3216 4030 μὴ
3270 3958 3645 4027 φυλάττεσθαι
3666 3974 3687 3989 ’

2095 4051 2269 4123 ταύτῃ
2299 4048 2741 4117 καταναγκάζων
2785 4047 2984 4110 αὐτοὺς
3021 4045 3205 4100 καλεῖν
3230 4045 3357 4108 τοὺς
3386 4044 3690 4113 δεομένους

2094 4146 2176 4209 είς
2208 4142 2495 4198 κοινωνίαν
2519 4142 2619 4212 τῆς
2645 4141 2861 4212 ἑορτῆς.
2893 4137 3080 4192 Ταῦτα
3108 4137 3166 4190 δὲ
3200 4137 3380 4191 πάντα
3400 4137 3513 4188 τῶν
3544 4139 3688 4206 ἡμε-

2094 4235 2268 4305 τέρων
2303 4233 2421 4285 ἐστὶ
2453 4230 2767 4302 μυστηρίων
2791 4229 3113 4298 αἰνίγματα.
3152 4225 3398 4298 Χρίομεν
3427 4226 3541 4297 γὰρ
3584 4227 3685 4280 καὶ

2096 4326 2255 4396 ἡμεῖς
2288 4322 2367 4394 τῷ
2391 4323 2586 4388 αἵματι
2616 4322 2710 4376 τοῦ
2736 4321 3007 4393 ἡμετέρου
3036 4319 3230 4390 ἀμνοῦ,
3271 4319 3333 4372 ού
3365 4319 3529 4388 μόνον
3575 4317 3681 4389 τὴν

3293 4408 3439 4464 κατὰ
3494 4409 3596 4479 μὲν
3623 4407 3691 4463 τὸ

1262 4650 1495 4707 ἾΑῐὶΙᾹζ
1545 4647 1930 4705 LEGTIONES
1979 4648 2071 4704 EX
2117 4645 2398 4704 CATENA
2454 4644 2812 4702 LlPSlENSI.

490 4768 538 4800 ’θ
571 4769 721 4841 ὑμῷν
742 4785 852 4823 om.
928 4772 972 4804 ’ί
1004 4769 1329 4841 ὑπερϐασία.
1421 4768 1467 4798 ⁹¹
1490 4765 1607 4821 Cat.
1639 4782 1691 4836 p.
1726 4763 1849 4820 638.
1896 4763 2116 4828 αὐτούς.

421 4838 798 4909 Εὐαγγελίοις.

2205 4763 2253 4797 ³³
2282 4761 2402 4819 Cat.
2453 4779 2507 4832 p.
2542 4761 2667 4817 674.
2695 4760 2841 4829 ζωῆς
2864 4788 2927 4799 -
2948 4755 3363 4825 χαλεπωτάτης.
3437 4752 3487 4785 ’⁸
3518 4753 3690 4823 ἱεροῖς

1928 4949 2159 5008 ΝΟΤιΕ.

495 5077 610 5147 (99)
645 5078 714 5133 Τὸ
769 5076 839 5147 δὲ
887 5076 1201 5147 -πάσχη-
1249 5069 1530 5147 τεθεικὼς
1569 5067 1989 5147 φωρ-ᾖν.--ιίφο

422 5138 604 5201 verba
627 5149 682 5200 in
722 5145 850 5201 edit.
884 5138 1129 5199 [iouia—na
1188 5156 1329 5195 vers.
1363 5140 1469 5192 τῶν
1497 5141 1572 5204 0',
1603 5149 1657 5194 et
1697 5141 1751 5193 in
1807 5138 1985 5206 Notis,

424 5232 564 5286 quas
602 5216 788 5269 Lamb.
838 5215 944 5286 Bos
967 5231 990 5286 ογ
1019 5228 1131 5286 suae
1164 5210 1384 5286 editioni
1417 5210 1631 5286 adjecit.
1653 5210 1984 5286 allegantur,

426 5279 518 5338 ubi
552 5295 732 5338 tamen
765 5300 862 5353 pro
892 5283 1196 5353 ὑπέρϐασιν
1255 5280 1450 5350 legitur
1501 5279 1831 5353 ὑπερϐασία,
1888 5292 1988 5347 pro

425 5350 778 5424 ύπερϐάοειζ
797 5368 924 5424 vero
954 5350 1278 5424 ὑπέρϐασις,
1320 5358 1376 5405 et
1403 5364 1501 5419 pro
1545 5350 1721 5424 φασὲχ
1763 5356 1845 5424 est
1874 5365 1989 5424 ga-

431 5418 554 5479 σέκξ
589 5423 771 5476 Codex
828 5418 1076 5492 Angustf
1111 5421 1167 5475 in
1192 5491 1197 5492 ί
1219 5423 1320 5492 hoc
1357 5418 1566 5492 tantum
1591 5435 1619 5472 a
1672 5418 1996 5492 legionibus

433 5488 957 5562 Sirmondirecedit',
990 5500 1156 5562 utpro
1188 5490 1450 5562 Ἑϐραίων
1480 5490 1674 5562 habeat
1705 5488 1990 5562 Ἑϐραίαν.

435 5562 660 5630 Miratur
684 5558 1028 5630 Montl‘aucon
1060 5556 1119 5617 Ἰ.
1151 5578 1199 5617 c.
1233 5556 1299 5630 pf
1335 5556 1998 5630 70,,yersioncmgﬁquilze

431 5635 466 5687 Β
524 5628 864 5685 Theodoreto
924 5632 1183 5686 omissam
1230 5627 1368 5685 esse.
1427 5627 1716 5683 Existimat
1773 5628 1993 5695 itaque,

440 5701 603 5760 verba
636 5714 700 5753 ea
724 5717 847 5771 qua:
892 5703 1128 5759 medium
1191 5703 1368 5758 locum
1402 5709 1604 5766 tenent,
1643 5699 1715 5753 ita
1760 5712 1882 5754 esse
1914 5696 1992 5750 lc-

2094 5069 2264 5140 gcnda
2300 5088 2314 5124 τ
2353 5057 2980 5140 _'Itb$ﬂ¥0€_61‘é?6am2'
3008 5057 3310 5140 ξύμμᾳχος
3336 5058 3683 5140 ὑπερεξέικη-

2097 5127 2200 5193 ὄιν·
2242 5137 2470 5200 Ἀκύλας
2502 5127 2849 5204 Ὅπέρϐοισιν.
2917 5127 3020 5181 Sed
3082 5127 3380 5183 auctoritas
3414 5127 3681 5187 codicum

2093 5208 2462 5264 desideratur.
3157 5252 3161 5256 ,

2165 5278 2240 5346 (Ι)
2274 5274 2684 5346 Πρωλτοτόκων.
2722 5276 2858 5346 (ἶοιΙ1
2892 5268 3170 5346 praemittit
3203 5266 3490 5333 τεθεικώς.

2165 5340 2241 5420 (2)
2270 5340 2551 5420 Εὶσέλθῃ.
2586 5343 2720 5420 cpe,
2756 5354 2810 5399 et
2840 5340 2951 5420 Eic.
2979 5340 3196 5420 ἐπιστῇ.

2192 5418 2245 5485 5)
2276 5415 2420 5487 Τοίζς
2450 5412 2738 5487 τόν-,ροιι
2769 5424 2823 5469 et
2853 5414 2964 5487 Pic.
2995 5412 3274 5487 mitratum
3317 5475 3328 5487 .

2192 5418 2245 5485 5)
2276 5417 2420 5479 Τοὺς
2450 5417 2575 5466 τόν.
2606 5417 2738 5468 Cod.
2769 5424 2823 5469 et
2853 5417 2964 5468 Pic.
2995 5417 3204 5463 τοῦτον.

2169 5417 2251 5557 id)
2292 5485 2543 5557 Τοῦτον·ζ
2567 5482 2734 5557 Abest
2754 5483 2946 5557 acad.
2980 5490 3036 5557 et
3057 5479 3181 5532 edit.
3218 5474 3354 5530 Pici.

2183 5551 2262 5625 (5i
2292 5551 2639 5625 Μηδέηϐοίί.
2668 5561 2721 5605 et
2754 5553 2870 5625 Pic.
2905 5551 3089 5625 μηδέν.

2171 5616 2247 5696 (ίῖ)
2296 5616 2390 5676 ’δί’
2423 5621 2544 5686 τοῖς
2575 5616 2982 5691 Εὺαγγελίοὶςζ
3018 5616 3197 5672 Desid.
