3872 6318
507 362 612 427 867

1522 352 1619 410 ΤΠ
1632 346 2013 409 EODORETl
2050 343 2393 405 EPISCOPI
2434 341 2800 403 CYRENSIS
3682 349 3767 412 εδδ

511 492 618 533 tem
659 474 926 529 Dominus
982 481 1037 529 et
1083 469 1338 526 conditur
1392 468 1607 538 ipsius,
1651 477 1709 521 ut
1757 468 1920 520 Deus.
1954 464 2098 518 illius

2210 460 2525 532 Μακαρίζει
2572 460 2752 513 τοίνυν
2785 458 2874 513 τὸν
2910 459 3047 530 μήτε
3081 461 3198 523 τοῖς
3235 461 3490 516 ἀσεϐέσιν
3518 464 3632 518 ὁδοῦ
3669 485 3768 520 κοι-

506 579 591 624 est
626 566 771 621 enim
807 566 923 619 ιιυέο
960 578 1060 616 vox
1093 581 1106 615 :
1143 581 1161 613 ι
1200 560 1343 614 Dixit
1381 559 1645 613 Dominus
1678 557 1911 611 Domino
1944 570 2089 620 meo,

510 660 650 715 Sede
704 674 733 712 a
784 656 989 712 dextris
1047 654 1183 710 meis
1214 665 1258 707 ο.
1308 672 1326 705 ›
1383 652 1607 706 Beatum
1640 651 1803 722 igitur
1841 649 2098 719 praedicat

512 755 667 809 illum
703 750 979 807 hominem
1036 748 1131 819 qui
1177 764 1353 816 neque
1391 762 1515 800 cum
1552 744 1734 813 impiis
1771 743 1909 797 viam
1943 757 2097 796 com-

511 845 988 912 municat,'neque
1025 840 1243 894 lirnmm
1271 838 1559 893 consilium
1600 844 1949 906 peccatorum
1979 849 2098 888 am-

511 939 767 1011 plectitur
797 936 925 1006 (hoc
956 934 1102 988 enim
1133 933 1425 987 stationem
1456 928 1713 1000 vocavit),
1758 936 1813 981 et
1843 926 1935 997 qui
1965 926 2098 995 fugit

515 1033 766 1086 stabilem
813 1024 1248 1098 perniciosorum
1288 1022 1719 1091 corruptionem.
1767 1019 1971 1073 Nomen
2002 1034 2099 1071 au-

511 1134 619 1177 tem
652 1120 802 1174 Beati
833 1116 1015 1169 divina
1039 1114 1326 1185 appellatio
1357 1123 1439 1166 est
1466 1130 1480 1167 :
1509 1113 1653 1181 quod
1689 1120 1917 1164 testatur
1951 1108 2093 1162 divi-

514 1227 624 1266 nus
664 1208 983 1277 Apostolus,
1013 1205 1326 1258 exrlamans
1359 1219 1373 1254 :
1402 1202 1418 1220 ‘
1457 1219 1476 1251 ί
1515 1199 1712 1253 Beatus
1735 1208 1787 1251 ct
1820 1196 1970 1251 solus
2005 1210 2099 1264 po-

516 1314 655 1370 tens,
682 1316 775 1355 rex
805 1297 1167 1368 regnantium,
1194 1302 1244 1346 et
1279 1291 1542 1347 Dominus
1573 1288 1971 1346 do;ninantium
1995 1283 2042 1340 ί.
2073 1305 2092 1338 ι

513 1395 777 1450 llomines
801 1399 1008 1450 autem,
1037 1396 1093 1441 ut
1124 1387 1377 1450 aliarum,
1413 1385 1490 1439 sic
1518 1386 1681 1438 etiam
1718 1380 1882 1450 hujus
1916 1378 2099 1448 appel-

517 1486 742 1541 lationis
781 1482 1069 1553 participes
1106 1478 1232 1533 fecit
1261 1477 1405 1531 Deus
1453 1474 1734 1535 Dominus,
1786 1478 1971 1540 utpote
2006 1469 2098 1539 qui

513 1587 738 1635 Vocatur
760 1574 954 1628 ﬁdelis.
988 1591 1004 1622 ι
1037 1570 1239 1625 Fidelis
1267 1569 1436 1633 enim,
1473 1566 1668 1635 inquit,
1708 1573 1792 1619 est
1824 1563 1986 1625 Deus,
2007 1574 2100 1630 per

514 1687 685 1741 quem
720 1666 900 1721 vocati
941 1665 1073 1719 estis
1129 1664 1185 1716 in
1225 1662 1544 1715 societatem
1576 1657 1674 1712 ﬁlii
1732 1656 1852 1726 ejus
1893 1662 1939 1708 8.
1979 1671 1997 1704 ι
2037 1651 2102 1705 Et

515 1765 713 1820 beatus
738 1760 951 1814 Moses:
982 1775 1001 1809 ί
1025 1757 1189 1819 Deus,
1216 1754 1309 1816 ait,
1330 1752 1503 1807 tidelis
1519 1759 1623 1816 est,
1658 1765 1756 1804 nec
1788 1758 1869 1802 est
1900 1745 2100 1814 iniqui-

2200 555 2340 626 νωνή
2353 570 2540 619 σαντα,
2575 554 2713 624 μήτε
2745 550 2967 622 βεϐαίαν
2997 551 3103 604 τῶν
3134 551 3475 622 ἁμαρτωλῶν
3498 556 3765 628 δεξάμενον

2157 693 2166 703 .
2198 648 2296 719 τὴν
2332 646 2524 718 βουλήν
2545 664 2558 677 ο
2600 645 2761 699 τοῦτο
2791 645 2901 715 γὰρ
2931 642 2995 714 δὴ
3035 643 3222 696 στάσιν
3258 644 3486 699 ἐκάλεσε
3508 663 3523 678 ⁸
3570 650 3657 701 καί
3684 651 3768 721 τὴν

2202 739 2430 809 μόνιμον
2460 736 2566 789 τῶν
2600 736 2806 806 λοιμῶν
2850 728 3091 803 φυγόντα
3124 733 3441 806 διαφθοράν.
3506 734 3568 790 ῐὸ
3594 738 3646 792 δὲ
3667 758 3765 808 μα-

2199 829 2462 899 κάριος⁶¹
2496 828 2667 899 ὄνομα
2695 826 2817 881 θεία
2847 826 2945 898 μὲν
2989 824 3227 898 ὑπάρχει
3269 826 3642 901 προσηγορίαι
3688 839 3766 887 καὶ

2203 922 2417 993 μάρτυς
2451 922 2479 974 6
2512 921 2654 983 θεῖος
2690 918 3015 984 Ἀπόστολςς
3042 919 3212 990 βοῶν’
3256 939 3274 971 ί
3311 920 3370 974 '0
3403 923 3655 994 μακάριος
3687 926 3766 979 καὶ

2203 1015 2364 1083 μόνος
2394 1013 2686 1083 δυνάστης,
2729 1013 2757 1064 6
2805 1011 3057 1081 βασιλεὺς
3094 1011 3201 1065 τῶν
3234 1012 3644 1082 βασιλευόντων,
3688 1020 3765 1071 καὶ

2200 1103 2408 1176 Κύριος
2454 1102 2562 1156 τῶν
2611 1103 3052 1170 κυριευόντων.·»
3104 1104 3393 1157 Μετέδωκε
3435 1105 3490 1158 δὲ
3538 1108 3626 1161 καὶ
3652 1109 3764 1162 ταύ-

2200 1214 2297 1268 της
2314 1198 2359 1228 ea
2389 1198 2501 1259 τοῖς
2546 1192 2875 1264 ἀνθρώποις,
2920 1193 3109 1264 ὥσπερ
3144 1196 3238 1248 καί
3264 1193 3377 1248 τῶν
3406 1195 3600 1261 ἄλλων,
3631 1201 3656 1252 ό
3685 1202 3767 1253 Δε-

2204 1290 2410 1361 σπότης
2440 1288 2571 1351 Θεός
2593 1305 2606 1319 '
2647 1287 2739 1340 καὶ
2765 1285 2873 1356 γὰρ
2909 1286 3099 1348 πιστὸς
3136 1286 3473 1357 καλούμενος
3497 1305 3511 1318 υ
3549 1309 3568 1341 ι
3599 1291 3766 1355 limo;

2200 1382 2331 1451 γὰρ,
2365 1383 2556 1452 φησὶν,
2588 1382 2617 1433 6
2651 1378 2802 1445 Θεὸς,
2851 1379 2919 1432 δι’
2960 1373 3021 1432 οὗ
3056 1378 3323 1450 ἐκλήθητε
3374 1382 3455 1445 εἰς
3503 1385 3765 1438 κοινωνίαν

2200 1472 2296 1527 τοῦ
2330 1472 2462 1526 Υἱοῦ
2499 1471 2686 1526 αὑτοῦ.
2721 1490 2739 1523 ι
2786 1472 2895 1525 Καὶ
2930 1471 2957 1523 6
2989 1471 3258 1542 μακάριος
3303 1472 3544 1543 Μωσῆς,
3586 1494 3603 1526 ι
3636 1474 3765 1541 Θεὸς,

2206 1567 2379 1638 φησὶ,
2435 1564 2666 1631 πιστὸς,
2719 1563 2813 1618 καὶ
2859 1564 2962 1616 οὑκ
3012 1563 3160 1616 ἐστιν
3208 1564 3391 1618 ἀδικία
3447 1567 3505 1618 ὲν
3558 1566 3761 1637 αὐτῷ.»

2215 1659 2473 1712 Ἐκάλεσε
2503 1659 2597 1711 καὶ
2637 1656 2747 1711 τῶν
2778 1655 3083 1726 ἀνθρώπων
3130 1659 3354 1720 πιστοὺς
3385 1659 3514 1721 τοὺς
3556 1658 3767 1730 ἀναμφι-

2204 1749 2375 1814 ϐόλως
2423 1748 2748 1821 δεχομένους
2790 1749 2953 1802 αὑτοῦ
2984 1751 3112 1813 τοὺς
3137 1749 3330 1819 λόγους
3347 1750 3414 1805 ⁸³.
3461 1750 3618 1805 Οὕτω
3652 1751 3767 1815 Θεὸς

515 1865 603 1908 tas
658 1853 711 1906 in
750 1852 868 1922 ipso
911 1850 961 1902 h.
1009 1867 1026 1900 ι
1084 1845 1312 1901 Vocavit
1360 1845 1522 1897 etiam
1585 1842 1839 1896 homines
1891 1837 2098 1903 ﬁdeles,

2204 1841 2278 1896 ὢν
2313 1843 2403 1897 καὶ
2439 1839 2776 1911 καλούμενος
2826 1840 3101 1911 μετέδωκε
3142 1842 3237 1895 καὶ
3282 1840 3486 1913 ταύτης
3531 1843 3629 1912 τῆς
3657 1841 3768 1913 κλή-

516 1952 788 2015 quotquot
811 1942 930 1997 sine
952 1939 1061 1993 ulla
1097 1936 1438 1993 dubitatione
1485 1933 1659 2004 ipsius
1692 1944 1976 1987 sermones
2007 1942 2097 1982 ac-

517 2037 747 2107 cipiunt.
785 2032 875 2089 Sic
908 2032 1095 2096 etiam,
1127 2045 1249 2084 cum
1287 2029 1361 2083 sit
1398 2035 1452 2082 et
1496 2035 1721 2079 vocetur
1748 2021 1912 2085 Deus,
1947 2035 2098 2075 com-

516 2127 821 2184 municavit
865 2122 1157 2178 muniﬁcus
1185 2121 1409 2191 largitor
1447 2118 1594 2172 hanc
1649 2129 1805 2170 suam
1858 2112 2099 2182 appella-

517 2226 717 2278 tionem
758 2235 882 2276 cum
935 2217 1271 2283 hominibus,
1303 2223 1356 2268 et
1381 2216 1581 2269 clamat
1612 2229 1625 2265 :
1661 2229 1678 2260 ο
1710 2208 1823 2278 Ego
1850 2208 1983 2273 dixi,
2014 2205 2098 2260 Dii

516 2312 674 2375 estis,
705 2317 760 2365 et
793 2308 887 2362 ﬁlii
917 2304 1133 2360 Excelsi
1164 2318 1355 2358 omnes
1387 2316 1520 2356 :vos
1548 2308 1730 2354 autem
1764 2306 1822 2352 ut
1849 2295 2100 2351 homines

512 2401 822 2459 moriemini
852 2401 896 2453 ι.
932 2418 950 2450 ι
979 2396 1092 2452 Hoc
1128 2411 1325 2451 nomen
1359 2395 1520 2465 igitur
1554 2391 1758 2454 beatus,
1782 2399 1869 2445 est
1891 2388 2099 2443 fructus

511 2498 673 2569 δι]
694 2495 786 2564 qui
807 2509 870 2546 ex
892 2490 1221 2560 perfectione
1241 2486 1456 2541 virtutis
1480 2484 1798 2555 percipitur.
1822 2480 1957 2535 Nam
1991 2481 2100 2535 sic-

515 2600 576 2644 ut
611 2583 1044 2654 unumquodque
1089 2596 1152 2635 εκ
1190 2581 1443 2632 humana:
1480 2576 1602 2630 vita:
1635 2574 1900 2628 institutis
1936 2588 2096 2627 suum

515 2680 678 2735 habet
709 2676 894 2738 ﬁnein,
921 2683 979 2727 ut
1007 2687 1098 2727 ars
1120 2671 1374 2725 athletica
1400 2667 1619 2739 respicit
1645 2681 1878 2721 coronas
1898 2663 2102 2734 oleagi-

512 2786 634 2832 nas,
653 2767 908 2823 militaris
933 2780 1063 2820 vero
1084 2763 1344 2818 victorias
1375 2769 1721 2830 tropaeaque;
1747 2766 1802 2812 et
1826 2757 2098 2811 medicina

515 2863 829 2923 sanitatem,
852 2859 1278 2925 morborumque
1293 2853 1690 2923 expulsionem,
1713 2860 1765 2905 ct
1785 2858 2094 2904 mercatura

512 2966 869 3010 nummorum
893 2950 1178 3005 cumulum
1204 2956 1258 3001 et
1292 2946 1607 3000 divitiarum
1630 2943 1961 2998 aﬁluentiain
1986 2942 2100 2997 :sic

500 3048 683 3102 setiam
706 3044 932 3100 scientia
963 3042 1178 3097 virtutis
1206 3040 1368 3094 habet
1390 3054 1550 3094 suum
1574 3038 1811 3092 fructum
1835 3046 1889 3089 et
1913 3035 2095 3100 ﬁnem,

504 3133 776 3188 «nimirum
808 3131 1048 3184 divinam
1068 3127 1480 3182 beatitudinem.
1502 3125 1673 3180 Nemo
1692 3134 1872 3178 autem
1907 3125 2099 3180 videns

518 3226 574 3279 in
597 3228 701 3279 hoc
718 3224 836 3277 loco
861 3224 1035 3274 virum
1058 3219 1439 3274 tantummodo
1456 3220 1672 3273 beatum
1704 3218 1832 3284 diei,
1868 3218 2100 3273 arbitre-

520 3328 610 3371 tur
626 3314 954 3371 feminarum
982 3326 1153 3383 genus
1177 3311 1245 3364 ab
1267 3311 1369 3364 hac
1388 3309 1728 3364 beatitudine
1742 3308 1980 3363 excludi.
1998 3307 2103 3364 Ne-

516 3420 626 3474 que
647 3403 790 3457 enim
816 3401 1080 3455 Dominus
1096 3398 1371 3467 Christus,
1396 3415 1519 3454 cum
1546 3398 1805 3454 forniaret
1822 3399 2103 3454 beatitudi-

522 3511 624 3551 nes
644 3504 902 3564 tanquam
925 3495 991 3548 de
1014 3493 1261 3548 maribus
1277 3494 1529 3562 loquens,
1548 3491 1762 3563 negavit
1778 3492 2102 3547 mulieribus

512 3588 939 3658 acquisitionem
982 3587 1221 3641 virtutis.
1260 3586 1454 3641 Sermo
1473 3586 1618 3639 enim
1643 3599 1769 3639 cum
1798 3585 1930 3639 viris
1947 3598 2102 3639 com-

519 3682 813 3751 prehcndit
845 3683 1009 3736 etiam
1059 3681 1295 3736 feminas
1364 3697 1378 3733 :
1431 3677 1872 3749 quandoquidem
1912 3686 2104 3745 ‘caput

519 3775 772 3830 mulieris
795 3784 878 3830 est
901 3776 1004 3838 vir,
1032 3771 1491 3843 quemadmodum
1523 3770 1600 3824 ait
1628 3770 1850 3825 divinus
1867 3771 2101 3839 Aposto-

516 3864 678 3921 lusi.
730 3864 1160 3934 Conjunguntur
1213 3871 1393 3915 autem
1439 3875 1563 3916 cum
1619 3861 1797 3931 capite
1852 3861 2101 3929 corporis

515 3958 787 4021 membra,
836 3958 1186 4026 gaudentque
1240 3969 1361 4007 cum
1415 3960 1580 4022 caput
1633 3963 1949 4006 coronatur.
2008 3952 2101 4006 Sic

512 4058 680 4103 etiam
719 4064 841 4113 nos,
896 4064 1018 4103 cum
1065 4048 1253 4116 aliquo
1298 4044 1758 4109 sermocinantes,
1811 4043 2100 4112 ipsumque

514 4140 868 4194 nominantes
906 4139 1132 4192 charum
1163 4144 1348 4206 caput,
1400 4149 1507 4186 non
1548 4147 1867 4202 separamus
1904 4130 2037 4185 illud
2068 4146 2099 4185 a

510 4231 731 4286 caeteris
771 4231 1001 4286 artubus
1046 4247 1061 4283 :
1114 4230 1208 4284 sed
1257 4243 1285 4281 a
1334 4237 1489 4296 parte
1528 4235 1701 4279 letum
1739 4225 2096 4294 appellamus.

516 4321 635 4378 Non
679 4334 880 4377 temere
917 4332 1098 4376 autem
1143 4321 1271 4374 fecit
1314 4318 1648 4373 mentionem
1691 4317 1926 4386 primum
1974 4315 2093 4380 vim,

514 4411 712 4467 deinde
728 4411 1008 4476 stationis,
1036 4409 1274 4479 denique
1306 4407 1579 4462 cathedra:
1607 4422 1622 4459 :
1648 4406 1741 4461 sed
1774 4405 1901 4473 quia
1931 4406 2097 4474 probe

2209 1952 2347 1999 σεως
2385 1936 2494 1998 τοῖς
2541 1932 2910 2006 ἀνθρώποιςθδ
2955 1934 2984 1987 6
3044 1932 3457 2005 μεγαλόδωρος,
3509 1936 3605 1988 καὶ
3649 1934 3766 2005 βοᾷ·

2213 2046 2231 2078 ‹
2259 2024 2399 2095 Ἐγὼ
2431 2023 2583 2079 εἷπον
2598 2025 2665 2090 ⁸⁵,
2701 2025 2825 2079 Θεοί
2859 2027 2982 2078 ἐστε
3013 2024 3106 2078 καὶ
3140 2026 3245 2078 υἱοὶ
3283 2025 3543 2096 Ὑψίστου
3572 2028 3769 2089 πάντες,

2206 2118 2364 2188 ὑμεῖς
2413 2116 2470 2170 δὲ
2534 2115 2610 2179 ὡς
2675 2116 2952 2187 ἅνθρωποι
3020 2115 3417 2189 ἁποθνήσκετε.
3473 2136 3491 2169 ι
3569 2120 3638 2171 Τὸ
3691 2113 3771 2171 οὖν

2200 2207 2494 2278 μακάριος
2552 2207 2730 2278 ὄνομα
2786 2209 2886 2279 τῆς
2926 2209 3047 2262 κατ’
3104 2209 3310 2279 ἀρετὴν
3368 2208 3696 2273 τελειώσεως
3716 2211 3772 2242 ⁸⁵·

2208 2297 2444 2368 ὑπάρχει
2476 2297 2707 2367 καρπός.
2738 2298 2949 2370 ’Ὠσπερ
2976 2298 3086 2367 γὰρ
3114 2299 3208 2352 καὶ
3245 2298 3476 2352 ἕκαστον
3511 2300 3629 2353 τῶν
3648 2300 3775 2354 κατὰ

2202 2390 2296 2443 τὸν
2322 2389 2435 2460 βίον
2462 2389 2912 2460 ἐπιτηδευμάτων
2935 2393 3013 2453 εἰς
3036 2390 3094 2444 τδ
3119 2390 3268 2454 τέλος
3285 2392 3327 2424 ⁸⁷
3357 2394 3463 2465 ὁρᾷ
3480 2409 3494 2422 ·
3527 2392 3774 2465 ἀθλητικὴ

2209 2482 2308 2552 μὲν
2340 2476 2433 2535 οὖν
2463 2482 2545 2545 εἰς
2573 2483 2700 2546 τοὺς
2732 2484 2797 2535 ἐκ
2826 2483 3039 2537 κοτίνου
3088 2484 3409 2554 στεφάνους,
3447 2487 3775 2557 στρατηγική

2202 2590 2264 2625 τε
2293 2574 2370 2635 εἰς
2398 2572 2554 2638 νίκας
2582 2574 2676 2628 καὶ
2704 2575 2971 2645 τρόπαια,
3006 2575 3102 2629 καὶ
3130 2575 3314 2647 μέντοι
3337 2577 3431 2630 καλ⁵
3468 2577 3683 2649 ἰατρικὴ
3708 2579 3776 2641 εἰς

2204 2664 2413 2734 ὑγίειαν
2440 2668 2532 2721 καὶ
2559 2667 2733 2722 νόσων
2761 2667 3105 2740 ἀπαλλαγὴν,
3130 2670 3226 2723 καὶ
3249 2672 3530 2744 ὲμπορικὴ
3554 2674 3632 2736 είς
3656 2672 3771 2725 συλ-

2205 2756 2370 2830 λογὴν
2398 2759 2696 2830 χρημάτων
2728 2761 2823 2815 καὶ
2852 2759 3083 2815 πλούτου
3110 2763 3437 2833 περιουσίαν
3456 2779 3470 2795 ⁶
3501 2765 3673 2829 οὑτως
3694 2767 3777 2818 καὶ

2205 2850 2239 2921 ή
2270 2851 2370 2921 τῆς
2408 2852 2607 2922 ἀρετῆς
2655 2854 2933 2923 ἐπιστήμη
2967 2855 3178 2925 καρπὸν
3212 2855 3328 2926 ἔχει
3361 2856 3456 2911 καὶ
3500 2857 3655 2920 τέλος
3698 2859 3779 2910 τὸν

2205 2940 2351 2996 θεῖον
2381 2944 2753 3014 μακαρισμόν.
2800 2944 3006 3016 Μηδεὶς
3043 2945 3100 2999 δὲ
3129 2945 3300 3019 ἄνδρα
3344 2947 3505 3017 μόνον
3541 2948 3680 3019 ὀρῶν
3706 2950 3779 3001 ὲν·

2202 3031 2381 3086 ταῦθα
2417 3034 2881 3106 μακαριζόμενον,
2921 3036 3251 3108 ἐστερῆσθαι
3282 3039 3479 3113 νομίσῃ
3513 3040 3667 3095 τοῦδε
3695 3039 3779 3093 τοὺ

2209 3127 2561 3199 μακαρισμοῦ
2592 3128 2701 3182 τῶν
2730 3129 3002 3198 γυναικῶν
3031 3130 3093 3184 τὸ
3126 3130 3302 3198 γένος.
3336 3132 3471 3185 om
3498 3132 3612 3204 γὰρ
3638 3135 3663 3188 6
3691 3137 3778 3185 Δε-

2205 3220 2414 3290 σπότης
2447 3218 2681 3291 Χριστός
2729 3220 3037 3292 ἀρρενικῶς
3084 3223 3210 3285 τοὺς
3241 3225 3628 3293 μακαρισμοὺς
3660 3240 3780 3293 σχη-

2207 3311 2440 3382 ματίσας
2465 3311 2811 3382 ἀπηγόρευσε
2839 3314 2960 3375 ταῖς
2985 3312 3204 3381 γυναιξὶ
3230 3315 3485 3385 κτῆσιν⁸1⁵
3519 3316 3621 3386 τῆς
3659 3318 3777 3385 ἀρε-

2202 3403 2322 3474 τῆς.
2358 3403 2876 3475 Συμπεριλαμϐάνει
2901 3404 3009 3475 γὰρ
3038 3407 3150 3468 τοῖς
3185 3404 3410 3477 ἀνδράσι
3440 3408 3538 3461 καὶ
3562 3407 3661 3472 τὰς
3690 3424 3778 3476 γυ·

2203 3497 2394 3560 ναϊκας
2436 3496 2465 3549 6
2512 3493 2671 3564 λόγος
2696 3512 2711 3527 ο
2762 3494 2974 3564 κεφαλὴ
3000 3494 3110 3566 γὰρ
3134 3497 3394 3565 γυναικὸς
3424 3500 3453 3553 ό
3486 3499 3651 3570 ἀνὴρ,
3736 3498 3776 3530 ει

2202 3604 2367 3660 φησιν
2396 3590 2425 3641 ό
2452 3587 2592 3651 θεῖος
2633 3585 2976 3649 ’Λπόστολος.
3008 3587 3350 3642 Συνάπτεται
3381 3588 3439 3643 δὲ
3472 3592 3541 3661 τῇ
3578 3589 3776 3660 κεφαλῇ

2201 3680 2270 3733 τὰ
2302 3680 2440 3751 μέλη
2481 3679 2576 3733 τοῦ
2622 3677 2903 3748 σώματος,
2931 3678 3029 3732 καὶ
3057 3680 3299 3750 κεφαλῆς
3339 3681 3778 3754 στεφανουμένης

2203 3772 2563 3841 ἀγάλλεταιτο
2586 3788 2599 3803 ·
2645 3770 2789 3825 οὑτω
2814 3771 2908 3824 καὶ
2936 3772 3076 3843 πρός
3104 3790 3226 3826 τινα
3255 3773 3657 3846 διαλεγόμενοι,
3691 3775 3779 3828 καὶ

2204 3864 2364 3936 φίλην
2385 3862 2547 3918 αὑτὸν
2575 3861 2816 3933 κεφαλὴν
2838 3864 3218 3934 ὀνομάζοντες,
3243 3867 3303 3919 οὑ
3331 3867 3645 3939 χωρίζομεν
3674 3866 3777 3919 τῶν

2206 3956 2411 4028 μορίων
2435 3956 2531 4010 τοῦ
2567 3954 2821 4025 σώματος
2845 3996 2861 4019 ,
2895 3957 3008 4011 ἀλλ’
3036 3958 3144 4011 ἀπὸ
3176 3958 3374 4029 μέρους
3400 3960 3462 4012 τὸ
3486 3962 3601 4014 πᾶν
3631 3977 3781 4031 προσ-

2203 4049 2577 4121 φθεγγόμεθα.
2618 4049 2732 4117 υὺχ
2762 4048 2950 4113 ἁπλῶς
2980 4050 3036 4103 δὲ
3070 4050 3290 4121 πρῶτον
3318 4049 3459 4113 ὁδοῦ,
3495 4048 3621 4105 εἶτα
3652 4050 3777 4104 στά-

2205 4159 2378 4207 σεως,
2440 4137 2557 4195 εἶτα
2614 4140 2886 4211 καθέδρας
2942 4142 3393 4213 ἐμνημόνευσεν·
3454 4142 3578 4195 ἀλλ’
3631 4139 3782 4203 εἰδὼς

2204 4234 2469 4306 ἀκριϐῶς,
2517 4232 2595 4298 ὡς
2644 4232 2858 4304 κίνησιν
2903 4234 3000 4305 μὲν
3034 4235 3252 4305 πρῶτον
3278 4237 3307 4289 ό
3349 4235 3615 4307 λογισμὸς
3657 4236 3784 4287 ὑπο-

2207 4327 2380 4396 μένει,
2423 4326 2535 4378 εἴτε
2569 4322 2794 4393 φαῦλος,
2823 4324 2933 4378 εἴτε
2985 4326 3269 4390 σπουδαῖος
3313 4326 3435 4398 εἴη’
3481 4322 3607 4380 εἶτα
3658 4324 3783 4378 στάν

2203 4435 2306 4482 σιν,
2342 4412 2463 4469 εἶτά
2503 4433 2631 4469 τινα
2684 4415 2904 4486 ἑδραίαν
2936 4415 3246 4486 βεϐαίωσιν.
3282 4418 3548 4489 Παραινεῖ
3580 4416 3783 4478 τοίνυν,

516 4503 671 4558 novit
712 4518 824 4572 quo
868 4509 1028 4571 pacto
1067 4499 1327 4569 cogitndo
1358 4499 1580 4562 mentis,
1619 4497 1732 4551 sive
1762 4512 1949 4566 prava,
1981 4497 2095 4551 sive

2203 4508 2340 4579 μήτε
2384 4503 2462 4577 τῷ
2510 4505 2586 4576 νῷ
2640 4504 3046 4576 παραδέξασθαι
3088 4506 3326 4576 δυσσεϐῆ
3383 4522 3506 4559 τινα
3553 4505 3785 4570 ἔννοιαν,

516 4605 668 4650 recta
718 4595 809 4659 sit,
863 4594 1162 4647 motionem
1219 4589 1514 4660 quamdam
1572 4587 1749 4659 primo
1803 4589 2091 4652 sustineat,

2199 4600 2338 4671 μήτε
2387 4598 2481 4651 ἐπὶ
2519 4596 2727 4668 πρᾶξιν
2759 4597 2974 4652 ὁδεῦσαι
3027 4598 3367 4670 παράνομον.
3420 4598 3677 4661 Ἀσεϐεἴς
3732 4596 3788 4650 δὲ

515 4688 715 4746 deinde
765 4695 994 4750 statum,
1044 4691 1325 4755 postremo
1362 4681 1769 4736 ﬁrmamentum
1817 4679 2092 4749 quoddam

2203 4690 2351 4759 φίλον
2382 4692 2449 4760 τῇ
2481 4688 2602 4761 θείᾳ
2646 4689 2837 4761 Γραφῇ
2873 4688 3059 4742 καλεῖν
3103 4690 3230 4753 τοὺς
3269 4689 3480 4754 aestu,
3533 4690 3569 4759 ἦ
3624 4688 3791 4743 πολυ-

511 4781 738 4836 stabile.
764 4780 1033 4834 Admonet
1065 4778 1232 4848 igitur
1259 4785 1319 4832 ut
1346 4791 1523 4846 neque
1565 4774 1621 4829 in
1649 4782 1830 4829 mente
1854 4772 2094 4842 aliquam

2203 4778 2352 4832 θεῖαν
2401 4778 2809 4850 θρησκεύοντας
2837 4795 2850 4809 ·

518 4872 746 4943 impiam
770 4871 1171 4943 cogitationem
1197 4871 1571 4937 admittamus,
1602 4884 1781 4939 neque
1810 4867 1877 4922 ad
1912 4876 2094 4924 actum

498 5088 501 5093 ,
599 5044 626 5079 θ
653 5032 800 5090 Psal.
839 5047 897 5102 (ς,
936 5033 989 5088 1.

2907 4777 3269 4851 ἁμαρτωλοὺς
3311 4778 3390 4843 δὲ,
3435 4778 3568 4841 τοὺς
3608 4793 3793 4847 παρα-

2201 4871 2365 4943 νομίᾳ
2400 4870 2567 4943 συζῇν
2596 4872 3086 4943 προαιρουμένους,
3116 4871 3211 4924 καὶ
3240 4870 3355 4941 βίον
3383 4869 3792 4941 διεφθαρμένον

1073 5004 1307 5087 ne...
1336 5048 1411 5097 γι,
1446 5030 1535 5085 t5.
1615 5030 1639 5097 β
1673 5028 1701 5089 ις
1721 5026 1848 5083 Cor.
1885 5044 1921 5094 ι,
1960 5028 2011 5083 9.
2090 5027 2098 5066 ι

2203 5039 2310 5085 eut.
2342 5044 2511 5093 xxxu,
2540 5032 2594 5086 4.
2673 5043 2689 5070 ι
2727 5031 2874 5087 Psal.
2910 5046 3097 5099 Lxxxt,
3127 5030 3181 5099 6,
3223 5033 3278 5088 7.
3355 5032 3370 5084 i
3410 5030 3433 5088 Ι
3465 5031 3602 5088 Cor.
3643 5047 3704 5099 It,
3736 5029 3789 5085 5.

1620 5186 1854 5243 VARUE
1898 5187 2286 5245 LECTIONES
2324 5189 2408 5243 ET
2441 5188 2672 5245 NOT/E.

592 5310 634 5343 ⁶¹
666 5308 736 5363 Τό
769 5307 838 5361 δὲ
860 5304 1237 5376 μακάριοςνκ.
1263 5303 1315 5357 λ.
1359 5301 1489 5376 [hec
1515 5314 1565 5376 et
1602 5317 1773 5372 pauca
1805 5318 1996 5376 eorum
2029 5320 2098 5375 qu

2203 5312 2506 5376 .cquuntur,
2534 5303 2756 5360 exhibet
2783 5306 3028 5362 Corderii
3060 5309 3261 5365 Catena
3294 5309 3347 5364 in
3379 5308 3657 5373 Psalmos,
3688 5319 3726 5363 t.
3752 5308 3791 5363 Ι.

520 5396 576 5451 p.
612 5380 695 5451 6.;
743 5373 1084 5451 “Tertiam.
1142 5375 1296 5451 Apud
1352 5373 1586 5451 Ctil‘ti.-l..
1621 5390 1669 5427 c.
1710 5383 1790 5428 est
1848 5373 2061 5451 fretifreti.

2215 5374 2585 5451 Aexoyérotig
2614 5403 2682 5414 —
2721 5377 2963 5451 λόγους.
2990 5449 3001 5451 ᾼ
3024 5382 3145 5435 cod.
3190 5382 3209 5433 l
3246 5380 3410 5451 αὑτδν
3434 5380 3527 5451 δεχ

521 5443 645 5504 cod.
674 5449 710 5503 2
760 5447 925 5503 αὑτοῦ
970 5447 1297 5515 δεχομένους
1347 5444 1476 5506 τοὺς
1529 5443 1744 5512 λόγους.

1844 5445 1890 5476 ⁸³
1923 5445 2052 5511 Τοῖς
2096 5445 2449 5514 ἀνθρώποις.
2506 5448 2692 5501 Abest.
2730 5460 2761 5499 a
2800 5447 2929 5502 cod.
2978 5449 3032 5503 2.
3109 5451 3154 5482 ⁸⁵
3178 5451 3306 5505 cod.
3360 5449 3396 5503 ἓ
3420 5445 3575 5504 etes;

3531 5382 3792 5450 ομένους.

3531 5469 3575 5504 ι.
3658 5452 3705 5483 ⁸⁸
3730 5450 3798 5506 Τὸ

519 5518 637 5575 οὖν
660 5519 959 5590 μακάριος
1221 5516 1314 5590 τὰΔ
1346 5515 1575 5590 (otiatur:
1615 5513 1921 5590 συνέδρια.
1971 5514 2096 5570 Haec

2203 5513 2344 5590 eod.
2370 5517 2618 5590 quodam
2637 5516 2957 5590 Florentino
2987 5520 3302 5574 tribuuntur
3328 5518 3531 5590 Basilio
3564 5520 3666 5577 Μ..
3698 5521 3791 5575 Sed

492 5583 835 5659 perperam:
864 5587 986 5659 Vid.
1010 5586 1123 5659 Cel.
1150 5585 1396 5659 liandinii
1426 5583 1742 5659 Catalogum
1760 5584 1938 5659 _co_dd.
1965 5601 2096 5639 mss.
2128 5584 2479 5659 Bibliotheca:
2500 5585 2758 5659 Mediceis
2780 5584 3039 5659 haut-ent.
3068 5599 3105 5645 t.
3130 5592 3170 5655 Ι,
3198 5606 3254 5659 p.
3281 5589 3371 5644 90.
3448 5591 3513 5622 ⁸⁸·
3554 5590 3799 5645 Isiaci:-

521 5654 695 5723 ἱτεώς.
725 5660 904 5714 Codex
931 5657 1079 5711 Flor.
1111 5656 1271 5709 habet
1300 5654 1603 5725 πολιτείας,
1632 5654 1924 5725 Corderius
1953 5668 2098 5709 auter

2203 5655 2296 5721 igit
2339 5654 2699 5725 τελειότητος.

2778 5656 2821 5686 ⁸⁷
2847 5659 2950 5723 Εις
2970 5662 3035 5713 τὸ
3058 5656 3253 5725 τέλος.
3289 5660 3413 5716 cod.
3441 5673 3642 5716 neSIer
3687 5662 3707 5714 1
3748 5670 3799 5714 et

523 5729 580 5792 2,
611 5722 707 5803 nec
736 5728 999 5803 non-cod.
1029 5726 1265 5803 Floreat.
1300 5724 1500 5803 habent
1548 5723 1710 5803 είς-τι
1744 5723 1918 5802 τέλος·
1994 5725 2038 5755 θ’
2072 5729 2098 5803 ρ

2203 5739 2324 5779 σιν.
2362 5727 2520 5783 codd.
2560 5722 2585 5784 1
2634 5735 2688 5783 et
2721 5724 2756 5778 2
2781 5722 3121 5796 prmmittunt
3149 5722 3273 5803 τῆν.
3351 5730 3395 5765 ε’
3418 5725 3519 5802 τῌ.
3558 5728 3695 5788 Des.
3742 5731 3798 5787 in

524 5798 647 5856 cod.
680 5799 734 5854 ‘2.

836 5793 881 5830 ’¹⁰
912 5794 1371 5875 Ιξοδιβὰγὰλλεται
1399 5790 1455 5848 iii
1487 5794 1606 5852 cod.
1646 5795 1666 5849 ι
1703 5793 1948 5864 sequitur
1980 5790 2286 5866 πρόσωέτον.
