3838 6318
112 301 216 375 ειὶθ
1528 313 1609 374 IN
1657 312 1864 399 PSA_L.
1902 313 1951 373 Ι.
3282 334 3389 399 370

115 410 522 482 ασπαζομένους
542 429 556 444 ·
603 414 824 487 λοιμοὺς
853 416 931 485 δὲ,
960 418 1086 483 τοὺς
1119 420 1192 492 μὴ
1229 407 1398 491 μόνον’
1423 424 1563 491 σφᾶς
1594 424 1692 478 αύ-

1795 389 2221 493 progrediamur
2271 424 2543 498 iniquum.
2597 428 2749 489 Solet
2798 442 2982 491 autem
3028 452 3187 493 sacra
3235 441 3391 497 δαί·

113 505 235 568 τοὺς
276 505 726 578 λυμαινομένους,
784 509 921 563 ἀλλὰ
972 511 1066 566 καὶ
1109 511 1316 583 ἑτέροις
1364 513 1466 583 τῆς
1517 513 1692 586 λύμης

1802 524 1960 586 ptura
1990 517 2191 588 impios
2215 521 2503 578 nominare
2524 538 2619 580 eos
2646 527 2739 596 qui
2768 529 2850 582 vel
2890 531 3103 588 nullum
3134 534 3150 553 ‘
3193 534 3385 595 deum.

116 600 513 670 μεταδιδόντας,
565 604 707 658 κατὰ
737 604 839 676 τὴν
866 606 1315 677 ὲπισκήπτουσαν
1359 610 1456 660 καὶ
1483 608 1692 678 ἀνθρώ-

1803 606 1890 660 vel
1921 608 2055 663 deos
2081 610 2288 667 multos
2321 613 2544 681 colunt;
2581 628 2897 684 peccatores
2931 621 3094 692 612
3134 640 3265 680 vero
3290 642 3387 683 ros

113 706 231 754 ποις
257 691 352 745 καὶ
377 692 600 763 κτήνεσι
637 694 813 761 νόσον,
859 689 928 768 ἧς
970 696 1472 769 μεταλαγχάνουσιν
1500 698 1551 751 oi.
1581 701 1692 762 τοῖς

1799 697 1893 766 qui
1929 697 2210 768 iniquitati
2233 716 2555 760 assuescere
2582 707 2886 779 elegerunt,
2917 689 2974 766 et
2996 689 3165 769 vit—am
3192 731 3387 773 corru-

110 781 318 836 νοσοῦσι
380 783 734 849 πελάζοντες.
786 786 878 839 Διὸ
937 786 1162 856 φεύγειν
1217 790 1247 841 ὁ
1299 787 1458 856 λόγος
1492 804 1692 860 παρα-

1801 797 1953 857 ptam
1985 799 2205 858 amant;
2244 796 2590 863 perniciosos
2619 800 2838 856 demum
2865 819 2964 859 eos
2996 808 3091 876 qui
3144 824 3254 864 non
3296 828 3388 865 so~

110 875 386 930 κελεύεται
416 877 611 932 καὶτὰ
640 878 845 933 τούτων
906 879 1179 951 συνέδρια.
1229 880 1449 952 Ἐπειδὴ
1491 881 1547 935 δὲ
1592 881 1692 935 οὐκ

1799 880 1913 935 lum
1964 896 2027 937 se
2072 883 2223 953 ipsos
2264 884 2613 955 labefactant,
2668 893 2761 947 sed
2796 895 2963 949 etiam
2998 875 3120 952 cum
3173 903 3385 957 caeteris

112 966 321 1037 ἀπόχρη
378 968 459 1030 είς
511 968 717 1038 ἀρετῆς
768 968 1059 1024 τελείωσιν
1105 969 1209 1037 τῆς
1252 968 1453 1032 κακίας
1504 969 1691 1040 φυγή*

1796 973 1978 1030 labem
2008 979 2463 1048 communicant;
2500 982 2674 1037 instar
2704 986 2880 1040 morbi
2917 989 3011 1058 qui
3052 1001 3105 1045 et
3131 991 3384 1048 homines

117 1075 135 1108 ι
163 1057 447 1111 Ἔκκλινον
496 1059 625 1129 γὰρ,
673 1059 860 1131 φησὶν,
905 1061 1016 1114 ἀπὸ
1066 1060 1269 1127 κακοῦ,
1322 1060 1417 1115 καὶ
1467 1060 1692 1130 ποίησον

1798 1073 1854 1121 et
1900 1068 2142 1137 pecudes
2194 1070 2422 1135 invadit,
2474 1074 2630 1144 cujus
2682 1057 2975 1147 participes
3020 1082 3185 1137 etiam
3246 1087 3385 1141 iiunt

110 1149 339 1220 dya06v°
373 1169 392 1201 ι
445 1153 541 1203 καὶ
587 1152 616 1203 ὁ
650 1152 921 1224 μακάριος
945 1154 991 1184 τί
1026 1153 1251 1217 Ἡσαΐας
1273 1170 1287 1186 ·
1336 1173 1354 1205 ι
1384 1151 1692 1218 Παύσασθε,

1801 1160 1897 1228 qui
1934 1164 2330 1230 agrotantlbus
2356 1168 2819 1238 appropinquant.
2853 1172 3224 1238 Quamobrem
3262 1196 3382 1233 sero

110 1243 307 1313 φησὶν,
362 1244 473 1297 ἀπὸ
521 1243 633 1298 τῶν
693 1245 971 1315 πονηριῶν
1019 1245 1207 1315 ὑμῶν,
1276 1244 1476 1316 μάθετε
1524 1247 1692 1300 ποιεῖν

1803 1264 1895 1304 mo
1936 1249 2092 1319 jubet
2154 1263 2215 1307 ut
2283 1257 2446 1310 etiam
2505 1257 2703 1315 borum
2757 1264 3033 1318 consortia
3088 1266 3383 1337 fugiamus.

109 1335 302 1389 καλόν·
352 1353 372 1386 ι
451 1335 599 1407 μάλα
651 1336 879 1401 είκότως
953 1339 1235 1409 ἐπήγαγεν
1278 1337 1307 1389 ὁ
1357 1336 1628 1407 μακάριος
1647 1336 1689 1367 ⁷⁸

1800 1337 2075 1406 Quoniam
2100 1355 2283 1400 autem
2329 1364 2439 1403 non
2472 1349 2673 1407 suﬂicit
2716 1354 2784 1408 ad
2828 1356 3048 1412 virtutis
3088 1335 3385 1428 perfectio-

106 1428 267 1482 Δαϐίδ
298 1443 313 1459 ⁸
1048 1521 1066 1525 _
1139 1522 1148 1525 _
1382 1523 1395 1525 Δ
1573 1524 1581 1525 7
1798 1450 1924 1489 nem
1954 1438 2176 1493 malitia:
2203 1439 2331 1511 fuga
2357 1462 2371 1498 :
2413 1463 2433 1497 ι
2462 1443 2684 1503 Declina
2713 1449 2883 1515 enim,
2910 1451 3109 1523 inquit,
3141 1471 3171 1510 a
3212 1458 3381 1525 male,

108 1531 162 1576 et
192 1520 276 1576 fac
319 1520 601 1589 bouutnk,
646 1541 665 1574 ι
709 1529 766 1577 et
807 1522 1001 1578 beatus
1048 1521 1262 1579 Isaias:
1304 1541 1324 1576 ι
1366 1523 1680 1591 Quiescite,
1724 1527 1820 1595 ait,
1899 1533 1969 1588 ab
2039 1535 2423 1607 iniquitatibus
2459 1543 2681 1610 vestris,
2733 1553 2787 1601 et
2827 1520 3025 1605 discite
3065 1549 3246 1609 facere
3286 1520 3382 1609 ιω.

105 1627 242 1666 num
271 1608 288 1649 ι
317 1628 333 1679 ;
377 1631 396 1663 ι
442 1621 811 1681 congruenter
842 1613 1137 1670 admodum
1180 1615 1466 1685 subjunxit
1500 1615 1690 1673 beatus
1728 1618 1898 1677 David
1929 1642 1945 1677 :

177 1702 245 1773 β’.
288 1720 308 1754 ι
358 1702 500 1756 Ἀλλ’
532 1704 590 1756 ὲν
615 1702 693 1773 τῷ
725 1703 877 1776 νόμῳ
902 1704 1113 1775 Κυρίου
1151 1704 1212 1759 τὸ
1243 1705 1457 1777 θέλημα
1503 1707 1690 1776 αὑτοῦ,

1800 1804 1811 1807 Δ
1868 1713 2035 1807 Vens.
2074 1717 2128 1774 2.
2172 1741 2190 1773 ι
2224 1721 2331 1778 Sed
2366 1724 2421 1779 in
2455 1726 2572 1797 lege
2604 1727 2819 1785 Domini
2849 1733 3104 1792 voluntas
3153 1737 3294 1807 ejus,
3321 1750 3383 1795 et

105 1796 203 1850 καὶ
249 1796 308 1849 ὲν
350 1795 431 1865 τῷ
478 1794 630 1865 νόμῳ
669 1795 839 1848 αὐτοῦ
885 1794 1172 1867 μελετήσει
1222 1797 1434 1869 ἡμέρας
1471 1801 1568 1852 καὶ
1605 1818 1695 1853 νυ-

103 1887 254 1951 κτός.
304 1905 325 1938 ι
390 1887 730 1958 Προσήκειη
778 1886 836 1939 δὲ
880 1888 943 1941 οὺ
995 1889 1158 1959 μόνον
1206 1889 1275 1942 τὰ
1321 1891 1697 1962 προειρημένα

102 1979 495 2051 βδελύξασθαιε
524 1979 683 2034 ἀλλὰ
730 1980 830 2035 καὶ
861 1981 940 2053 τῷ
987 1980 1116 2053 θείῳ
1146 1982 1297 2055 νόμῳ
1341 1985 1559 2058 νύκτωρ
1598 1987 1695 2042 καὶ

109 2069 235 2140 μεθ’
264 2070 480 2141 ἡμέραν
508 2071 819 2141 προσέχειν,
850 2073 1080 2128 κάκεῖνα
1108 2071 1284 2129 θέλειν
1313 2074 1351 2131 ἂ
1376 2078 1405 2129 ό
1430 2075 1574 2142 θεῖος
1602 2079 1694 2131 v6-

107 2180 210 2234 μσς
239 2161 595 2235 ὑπαγορεύει,
639 2163 739 2218 καὶ
786 2164 931 2220 κατὰ
972 2165 1065 2220 τὸν
1106 2166 1316 2221 ἑκείνου
1355 2169 1557 2223 σκοπὸν
1601 2169 1694 2224 τὸν

103 2257 308 2309 οἰκεῖον
359 2253 474 2325 βίον
522 2254 792 2313 εὐθύνειν.
841 2256 999 2311 οὕτω
1041 2257 1150 2330 γὰρ
1194 2258 1291 2313 καὶ
1323 2261 1372 2313 -ὀ
1401 2261 1509 2315 τῶν
1556 2261 1693 2317 ὅλων

103 2346 240 2410 Θεὸς
267 2345 356 2400 διὰ
387 2347 631 2411 Μωσέως
662 2347 1027 2421 δνομοθέτησε
1074 2349 1250 2419 λέγων
1281 2368 1294 2381 ·
1351 2370 1372 2404 ι
1400 2352 1593 2405 Ἔσται
1623 2353 1694 2408 τὰ

105 2439 329 2511 ῥήματα
356 2440 451 2495 τοῦ
490 2441 662 2512 νόμον
691 2442 882 2497 τούτου
919 2443 1009 2498 διὰ
1039 2444 1239 2508 παντὸς
1269 2445 1328 2498 ὲν
1356 2444 1436 2516 τῷ
1464 2445 1693 2517 στόματί

103 2549 229 2598 σου,
264 2533 360 2588 καὶ
409 2535 727 2606 μελετήσας
757 2536 815 2590 ὲν
863 2537 1048 2601 αὐτοῖς
1093 2535 1436 2609 καθήμενος,
1488 2539 1583 2594 καὶ
1612 2538 1695 2593 δι·-

101 2627 487 2698 ανιστάμενος,
520 2629 617 2684 καὶ
638 2627 1036 2700 κοιταζόμενος
1049 2630 1117 2695 ⁷³,
1136 2630 1232 2683 καὶ
1248 2632 1615 2702 πορευόμενος
1635 2633 1694 2685 ὲν

101 2717 210 2786 ὀδῴ
240 2732 255 2749 ’
308 2718 404 2771 καὶ
450 2719 793 2791 ἀπαρτήσεις
840 2718 1041 2772 αύτὰτδ
1076 2720 1174 2790 τῆς
1203 2721 1387 2791 χειρός
1431 2736 1549 2787 σου,
1599 2725 1695 2775 καὶ

76 2807 259 2861 -ἐσται
286 2808 564 2863 ἀσάλευτα
600 2810 706 2881 πρὸ
734 2807 1033 2881 ὀφθαλμῶν
1062 2826 1180 2865 σου.
1216 2831 1236 2863 ι
1281 2808 1421 2866 Εἶτα
1450 2812 1692 2868 δείκνυσι

100 2899 195 2953 τὸν
226 2901 440 2972 καρπὸν
464 2903 559 2955 τὸν
588 2901 846 2956 ἐντεῦθεν
881 2902 1173 2974 φυόμενον.

173 2990 249 3060 γ’,
270 2993 335 3046 δ’.
380 3011 399 3044 ι
430 2992 623 3048 Ἔσται
649 2992 780 3065 γὰρ,
822 2999 1010 3065 φησὶν,
1045 2996 1118 3057 ὡς
1145 2994 1207 3048 τὸ
1236 2994 1392 3059 ξύλον
1414 2994 1477 3049 τὸ
1516 3011 1692 3066 πεφυ.

98 3084 369 3155 τευμένον
416 3085 568 3155 παρὰ
614 3085 714 3148 τὰς
765 3085 1034 3150 διεξόδους
1078 3085 1188 3141 τῶν
1233 3087 1478 3142 ὑδάτωνο
1525 3087 1556 3140 ὃ
1598 3087 1692 3142 τὸν

99 3172 324 3246 καρπὸν
348 3172 517 3230 αὑτοῦ
546 3174 712 3230 δώσει
737 3176 795 3230 ὲν
824 3176 1004 3247 καιρῷ
1034 3176 1224 3231 αὑτοῦ.
1266 3176 1378 3230 Καὶ
1404 3176 1465 3230 τὸ
1492 3176 1692 3248 φύλλον

98 3267 275 3322 αὐτοῦ
305 3270 407 3324 οὐκ
458 3270 894 3341 ἁπορῤυὴσεται,
945 3271 1043 3323 καὶ
1094 3270 1271 3325 πάντα
1320 3271 1423 3325 ὅσα
1458 3270 1526 3325 ἂν
1559 3273 1689 3342 ποιῇ

98 3359 630 3433 κατευοδωθήσεται.
669 3379 690 3413 ι
741 3361 1004 3433 Μιμείται
1022 3363 1069 3395 ⁷⁵
1095 3362 1207 3434 γὰρ
1235 3362 1442 3417 ὑδάτων
1470 3363 1692 3435 ἄρδειαν

93 3453 173 3508 τά
218 3451 317 3505 τοῦ
392 3449 541 3507 θείου
595 3453 915 3523 Πνεύματος
968 3454 1185 3524 νάματα
1214 3471 1228 3487 ο
1287 3456 1382 3508 καὶ
1435 3455 1691 3528 καθάπερ

96 3546 293 3597 tacetve.
319 3541 389 3595 τὰ
418 3543 926 3615 παραφυτευόμενα
966 3543 1160 3615 δένδρα
1205 3544 1494 3616 τεθηλέναι
1522 3551 1687 3612 ποιεῖ,

95 3637 253 3691 οὕτω
289 3633 464 3689 ταῦτα
507 3635 922 3707 παρασκευάζει
949 3635 1078 3699 τοὺς
1118 3635 1298 3700 θείους
1329 3637 1519 3708 φέρειν
1552 3655 1690 3709 καρ-

96 3729 267 3794 πούς.
317 3724 393 3785 Ob
424 3728 489 3800 δὴ
532 3729 695 3800 χάριν
732 3728 828 3782 καὶ
872 3729 900 3780 ὁ
941 3728 1218 3799 Δεσπότης
1259 3730 1493 3801 Χριστὸς
1544 3735 1690 3806 ὕδωρ

93 3823 201 3894 τὴν
236 3822 444 3875 οἰκείαν
489 3819 841 3874 διδασκαλίαν
873 3820 1238 3888 ὠνόμασεντθ.
1308 3840 1328 3873 ι
1363 3823 1432 3876 Εἴ
1454 3842 1536 3887 τις
1559 3826 1688 3897 γὰρ,

94 3917 263 3987 φησι,
290 3914 441 3984 διψᾷ,
472 3914 718 3984 ἐρχέσθω
748 3912 884 3983 apd;
916 3929 983 3984 με
1018 3912 1113 3967 καὶ
1146 3913 1373 3979 πινέτω,
1404 3918 1499 3969 καὶ
1535 3916 1689 3970 ἔσται

90 4007 161 4059 τὸ
194 4005 348 4075 ὕδωρ
378 4005 408 4057 δ
441 4005 555 4073 ἐγὼ
597 4003 755 4057 δώσω
804 4002 956 4073 αύτῷ
995 4002 1147 4075 πηγὴ
1188 4003 1379 4068 ὓδατος
1428 4006 1626 4070 ζῶντος
1642 4007 1687 4038 ⁷⁷

95 4097 406 4167 ἁλλομένου
430 4098 513 4160 είς
543 4096 689 4166 ζωὴν
737 4093 975 4149 αἰώνιον.
1008 4115 1026 4146 ι
1060 4097 1172 4148 Καὶ
1203 4095 1366 4149 πάλιν
1386 4112 1401 4127 ο
1445 4115 1463 4148 ι
1505 4098 1562 4149 '0
1594 4114 1687 4151 m-

1797 1804 1854 1859 in
1881 1805 2000 1878 lege
2025 1807 2147 1876 ejus
2178 1813 2530 1870 meditabitur
2563 1817 2650 1873 die
2678 1834 2742 1875 ac
2777 1832 2956 1877 nocte.
3002 1842 3020 1875 ι
3060 1804 3219 1882 Decet
3252 1845 3381 1883 veru

1795 1911 1905 1952 non
1939 1901 2106 1956 modo
2136 1917 2307 1972 supra
2337 1907 2479 1962 dicta
2506 1908 2783 1978 detestari,
2814 1915 2908 1969 sed
2933 1917 3097 1971 etiam
3129 1919 3249 1974 dies
3281 1936 3382 1975 no-

1794 1999 2019 2062 ctesque
2051 1995 2252 2052 divina:
2285 1998 2385 2070 legi
2420 2001 2763 2074 incumbere,
2813 2016 2869 2062 ct
2911 2009 3002 2064 illa
3074 2012 3214 2068 velle
3257 2030 3380 2084 qua:

1795 2082 1980 2176 divina
2015 2086 2101 2141 lex
2136 2092 2409 2160 praecipit,
2456 2103 2623 2164 atque
2661 2100 2964 2154 secundum
3003 2102 3150 2158 illius
3176 2082 3379 2176 propo-

1795 2173 1965 2229 situm
2001 2180 2275 2248 propriam
2318 2183 2483 2239 vitam
2508 2185 2763 2255 dirigere.
2802 2188 2893 2244 Sic
2916 2192 3061 2245 enim
3091 2173 3380 2251 universo—

1795 2278 1986 2322 sorum
2035 2269 2181 2327 Deus
2234 2288 2331 2343 per
2378 2273 2564 2332 Mosen
2610 2278 2799 2349 jussit,
2852 2281 3039 2338 dicens
3086 2301 3101 2338 :
3145 2303 3165 2337 ι
3206 2284 3379 2342 Erunt

1795 2361 1962 2417 verba
1989 2364 2125 2434 legis
2151 2367 2316 2437 hujus
2342 2382 2560 2439 semper
2582 2370 2637 2425 in
2668 2386 2762 2427 ore
2790 2381 2909 2440 tuo,
2936 2384 2991 2430 et
3022 2376 3378 2432 meditaberis

1794 2450 1850 2505 in
1877 2452 1984 2508 illis
2010 2456 2229 2523 sedens,
2273 2466 2326 2512 et
2357 2474 2612 2530 surgens,
2645 2468 2700 2516 et
2730 2462 2961 2529 cubans,
2995 2474 3051 2520 et
3084 2466 3377 2522 ambulans

1795 2545 1849 2599 in
1889 2546 2009 2612 via;
2041 2556 2095 2603 et
2126 2552 2400 2619 appendes
2430 2551 2519 2606 illa
2548 2552 2616 2607 de
2645 2568 2808 2608 manu
2838 2563 2956 2621 tua,
2991 2564 3046 2610 et
3075 2568 3238 2612 erunt
3269 2558 3376 2613 itu.

1794 2637 2018 2695 mobilia
2055 2649 2184 2695 ante
2212 2641 2406 2697 oculos
2438 2651 2568 2699 tuos
2588 2652 2651 2698 φ.
2694 2664 2717 2698 ι
2759 2643 2964 2702 Deinde
2994 2650 3237 2705 ostendit
3265 2650 3375 2706 [ru-

1794 2737 1943 2786 ctum
1977 2732 2070 2802 qui
2107 2732 2235 2789 hinc
2267 2734 2611 2805 producitur.
2650 2735 2794 2793 Dicit
2818 2738 3007 2795 enim:

1866 2989 2031 3048 Vens.
2075 2993 2131 3059 3,
2176 2994 2231 3049 4.
2295 3012 2315 3048 ι
2357 2994 2424 3051 Et
2476 2996 2584 3052 erit
2638 3006 2899 3070 tanquam
2974 3000 3180 3073 lignum
3230 3005 3377 3074 quod

1792 3082 2097 3155 plantatum
2140 3096 2226 3142 est
2275 3104 2444 3158 prope
2478 3089 2745 3146 decursus
2777 3107 3046 3162 aquarum
3084 3112 3097 3148 :
3138 3094 3376 3152 fructum

1792 3191 1956 3232 suum
1984 3178 2136 3233 dabit
2166 3190 2409 3249 tempore
2439 3196 2560 3236 suo.
2596 3181 2664 3236 Et
2693 3182 2884 3239 folium
2920 3185 3085 3257 613
3116 3187 3235 3258 ejus
3268 3204 3377 3245 non

1792 3264 2012 3333 deﬂuet,
2039 3275 2094 3320 et
2113 3268 2297 3323 omnia
2318 3285 2662 3341 qumcunque
2694 3271 2823 3327 facit
2847 3277 3371 3344 prosperabuntur.»

1790 3359 2087 3416 Imitantur
2116 3362 2262 3416 enim
2290 3377 2561 3432 aquarum
2585 3363 2962 3435 irrigationem
2990 3367 3229 3438 Spiritus
3249 3385 3378 3426 san-

1793 3451 1867 3506 cti
1909 3450 2133 3507 ﬂumina
2162 3469 2175 3507 :
2207 3459 2261 3507 et
2291 3453 2761 3523 quemadmodum
2805 3457 2894 3512 ille
2932 3474 3103 3530 prope
3132 3464 3376 3518 consitas

1793 3544 2018 3599 arbores
2044 3545 2351 3615 germinare
2381 3545 2624 3615 faciunt;
2652 3549 2725 3603 ita
2755 3557 2808 3603 et
2837 3550 2951 3607 hinc
2979 3563 3108 3607 sunt
3133 3555 3183 3607 in
3211 3570 3375 3608 causa

1792 3645 1853 3690 ut
1920 3638 2136 3693 divinos
2191 3637 2402 3691 fructus
2460 3637 2663 3693 ferant.
2727 3639 3067 3711 Quapropter
3119 3643 3375 3700 Christus

1794 3726 2058 3784 Dominus
2102 3744 2259 3784 suam
2298 3729 2605 3784 doctrinam
2642 3746 2840 3799 aquam
2874 3734 3163 3802 appellavit
3202 3754 3215 3789 :
3255 3756 3273 3788 ι
3315 3737 3373 3791 Si

1791 3822 1915 3889 quis
1947 3821 2115 3886 enim,
2162 3821 2360 3889 inquit,
2395 3822 2534 3886 sitit,
2571 3822 2752 3876 veniat
2793 3824 2859 3878 ad
2894 3840 3001 3890 me,
3045 3835 3098 3878 ct
3122 3827 3292 3891 bibat,
3323 3840 3376 3884 et

1790 3913 1898 3967 erit
1932 3927 2097 3982 aqua,
2130 3928 2296 3981 quam
2327 3927 2426 3980 ego
2460 3914 2602 3968 dabo
2633 3914 2733 3979 illi,
2769 3913 2895 3970 fons
2930 3931 3085 3984 aquae
3115 3918 3253 3971 vina:
3287 3935 3375 3973 sa-

1790 4003 1973 4059 lientis
2032 4004 2087 4058 in
2141 4004 2306 4057 vitam
2355 4012 2616 4058 aeternam
2636 4014 2685 4059 η.
2726 4022 2747 4056 ι
2800 4006 2862 4060 Et
2907 4016 3100 4063 rursus
3144 4024 3156 4061 :
3210 4027 3228 4059 ι
3267 4007 3371 4075 Qui

1790 4095 1966 4150 credit
1993 4094 2048 4148 in
2087 4109 2195 4156 me,
2242 4095 2706 4163 quemadmodum
2739 4096 2873 4150 dicit
2912 4096 3219 4166 Scripzut'a,
3267 4100 3369 4153 ﬂu-

1790 4188 1939 4242 mina
1979 4187 2047 4243 de
2076 4197 2268 4242 ventre
2305 4187 2427 4256 ejus
2476 4185 2646 4242 ﬂuent
2692 4202 2849 4256 aqua:
2884 4189 3018 4242 vivae
3034 4204 3076 4244 °.
3118 4209 3135 4241 ι
3171 4189 3238 4244 Et
3268 4189 3369 4246 Sa-

1789 4281 2119 4336 maritanam
2153 4287 2440 4348 atioquens
2466 4283 2544 4334 ait
2577 4297 2590 4332 :
2635 4300 2654 4333 ι
2692 4281 2793 4346 Qui
2819 4280 3055 4336 bibctex
3080 4282 3183 4337 bac
3208 4300 3368 4352 aqua,

93 4190 318 4245 στεύων
349 4190 429 4252 είς
460 4188 580 4259 ἐμὲ,
616 4185 801 4251 καθὼς
832 4183 987 4241 εἶπεν
1016 4189 1049 4257 ή
1096 4186 1308 4258 Γραφὴ,
1361 4190 1596 4259 ποταμοὶ
1624 4190 1689 4242 ὲκ

90 4285 200 4355 τῆς
235 4280 447 4346 κοιλίας
488 4278 656 4335 αὐτοῦ
695 4282 981 4353 ῥεύσουσιν
1014 4279 1206 4342 ὓδατος
1244 4277 1466 4343 ζῶντος.
1503 4300 1521 4330 ι
1578 4282 1689 4335 Καὶ

97 4378 295 4447 μέντοι
325 4374 421 4428 καὶ
453 4374 591 4445 πρὸς
624 4374 722 4444 τὴν
754 4373 1054 4443 Σαμαρῖτιν
1078 4391 1090 4403 ·
1151 4391 1169 4423 ι
1206 4372 1263 4425 '0
1292 4372 1463 4427 πίνων
1492 4376 1556 4428 ὲκ
1587 4374 1683 4428 τοῦ

1795 4384 1955 4440 quam
1987 4383 2088 4439 ego
2116 4368 2257 4423 dabo
2286 4368 2387 4437 illi,
2421 4384 2525 4423 n0n
2552 4370 2701 4424 sitiet
2721 4371 2774 4424 in
2802 4379 3065 4426 mter-num
3091 4382 3139 4423 P.
3165 4392 3183 4423 ι
3207 4372 3371 4427 Simi-

91 4469 305 4530 ὓδατος
353 4466 546 4520 τούτου
594 4465 813 4537 διψήσει
838 4464 1006 4518 πάλιν
1033 4480 1045 4494 ·
1100 4464 1159 4528 ὃς
1201 4463 1245 4516 δ’
1277 4463 1344 4518 ἂν
1374 4465 1472 4538 πίῃ
1501 4468 1569 4521 ὲκ
1594 4467 1688 4521 τοῦ

1795 4463 1915 4517 liter
1951 4477 2049 4533 per
2089 4461 2286 4516 Isaiam
2334 4463 2651 4531 prOpIuetam
2695 4462 2873 4519 dicit:
2911 4483 2929 4514 ι
2967 4462 3236 4530 Quoniam
3270 4481 3371 4536 ego
3422 4520 3431 4525 ,

91 4562 323 4626 ὓδατος,
375 4553 438 4612 οὗ
486 4557 597 4626 ἐγὼ
644 4558 802 4610 δώσω
833 4555 1000 4626 αὐτῷ,
1038 4555 1098 4607 οὐ
1147 4556 1221 4626 μὴ
1245 4554 1460 4624 διψήσει
1489 4559 1569 4621 είς
1597 4559 1689 4612 τὸν

1795 4554 1929 4610 dabo
1965 4554 2020 4608 in
2067 4553 2155 4611 siti
2201 4553 2612 4609 alnbulantibus
2640 4556 2657 4574 '
2691 4553 2746 4607 in
2791 4555 2913 4608 loco
2952 4554 3126 4621 arido,
3160 4564 3209 4609 et
3242 4571 3371 4625 ape-

87 4654 304 4709 αίῶνα.
334 4671 353 4704 ι
389 4651 545 4706 Οὕτω
572 4652 668 4706 καὶ
694 4651 783 4704 διὰ
815 4649 1038 4703 Ἡσαΐου
1064 4648 1159 4701 τοῦ
1188 4650 1466 4720 προφήτου
1494 4650 1687 4719 φησίν·

1795 4648 1925 4702 riam
1955 4648 2009 4701 in
2051 4646 2332 4701 montibus
2365 4645 2567 4712 i'onte‘s,
2596 4656 2649 4700 et
2686 4645 2738 4699 in
2782 4646 3018 4702 collibus
3047 4645 3264 4712 ﬂuvios,
3310 4658 3371 4702 ut

94 4770 116 4802 ι
143 4750 280 4803 Ὅτι
336 4746 449 4816 ἐγὼ
490 4745 710 4801 δώσω⁷⁸
747 4746 807 4798 ὲν
844 4743 989 4812 δίψει
1035 4745 1149 4806 τοῖς
1196 4743 1590 4813 πορευομένοις
1634 4744 1691 4797 ὲν

1795 4747 1976 4809 potum
2010 4739 2279 4808 praebeam
2302 4739 2490 4807 generi
2528 4752 2651 4793 meo
2682 4737 2877 4804 electo,
2911 4747 2964 4792 et
2998 4740 3198 4808 populo
3226 4754 3367 4803 meo,

86 4842 326 4912 ἀνύδρῳ
347 4858 360 4870 ·
400 4841 498 4894 καὶ
539 4838 736 4904 ἀνοίξω
766 4838 859 4891 ἐπὶ
891 4835 1000 4889 τῶν
1030 4837 1203 4906 ὀρέων
1233 4834 1437 4904 πηγὰς,
1473 4835 1567 4887 καὶ
1595 4834 1688 4887 ἐπὶ

1795 4846 1955 4901 quem
2012 4831 2350 4899 acquisivis.
2387 4848 2407 4883 ι
2451 4830 2827 4899 Congruenter
2872 4831 3040 4901 igitur
3081 4838 3133 4885 et
3176 4831 3370 4886 beatus

84 4934 212 4986 τῶν
274 4932 480 5003 βουνῶν
527 4930 840 5000 ποταμοὺς,
900 4926 1122 4980 ποτίσαι
1169 4925 1229 4978 τὸ
1282 4925 1436 4993 γένος
1486 4941 1585 4993 μου
1630 4927 1689 4977 τὸ

1795 4922 1985 4989 David,
2028 4939 2151 4977 eum
2195 4923 2287 4994 qui
2328 4923 2529 4977 divinis
2567 4923 2912 4977 sermonibus
2947 4936 3166 4991 operam
3196 4921 3367 4989 dedit,

83 5026 391 5088 ἐκλεκτὸν,
425 5025 516 5078 τὸν
545 5023 674 5078 λαόν
706 5040 806 5093 μου
836 5020 895 5074 ὃν
927 5018 1421 5091 περιεποιησάμην.
1461 5036 1480 5069 ι
1532 5016 1692 5071 Εἰκό-

1795 5016 2091 5071 arboribus
2127 5016 2485 5086 comparavit,
2518 5016 2675 5086 juxta
2703 5030 2974 5087 aquarum
3009 5016 3156 5083 ripas
3182 5014 3368 5069 consi-

172 5164 203 5203 ι
241 5161 392 5217 Psal.
431 5176 615 5222 xxxvi,
646 5159 740 5213 27.
823 5152 841 5194 ι
873 5155 976 5210 lsa.
1010 5169 1048 5217 ι,
1086 5153 1266 5219 16,17.
1346 5160 1382 5182 ¹¹
1423 5152 1580 5206 Deut.
1612 5166 1688 5215 vn,

1795 5150 1847 5206 8.
1926 5161 1953 5188 ιι
1982 5149 2141 5206 Joan.
2179 5165 2274 5215 vn,
2305 5149 2376 5205 '57
2400 5189 2416 5216 ,
2452 5149 2577 5206 coll.
2620 5165 2692 5216 tv,
2735 5147 2822 5205 M.
2887 5155 2912 5183 ο
2942 5145 3103 5200 Joan.
3145 5156 3243 5211 vit,
3275 5142 3364 5198 58.

86 5244 120 5285 Ρ
154 5232 331 5288 Joan.
362 5247 437 5295 iv,
470 5231 556 5296 l3,
593 5226 684 5283 M.
759 5238 787 5278 tt
814 5226 920 5282 Isa.
961 5241 1118 5293 mn,
1150 5225 1237 5285 l9,
1269 5222 1359 5277 ‘20.

1196 5334 1430 5392 VARIA‘I
1472 5331 1850 5390 LEUTIONES
1888 5332 1976 5387 ET
2017 5331 2249 5388 NOTAE.

166 5486 221 5519 ἰ
265 5482 594 5550 Μακάριος.
643 5480 810 5551 Abest
837 5493 870 5551 a_
896 5476 1022 5532 cod.
1053 5475 1107 5538 l,
1161 5473 1256 5528 sed
1294 5471 1416 5551 eod.
1468 5470 1515 5551 ,ξι
1570 5469 1692 5551 hab}

1795 5466 1951 5551 ῢετρς.
2023 5467 2403 5551 τξΛΠροΞιίξιει
2446 5485 2502 5521 κ.
2541 5467 2677 5551 τ.
2724 5467 2845 5521 Alia
2898 5475 3028 5551 sunt
3067 5479 3205 5547 quae
3243 5466 3368 5551 .su‘b

86 5535 458 5613 Theodoreti.
485 5535 705 5606 no'mine
747 5549 813 5602 ad
859 5549 1005 5601 hunc
1049 5535 1192 5600 vers.
1235 5541 1419 5597 attulit
1462 5540 1689 5594 Corderi

1803 5547 1842 5594 t.
1867 5537 1906 5603 l,
1945 5553 1996 5607 p.
2039 5535 2156 5591 £0.
2215 5538 2262 5569 ⁷³
2288 5539 2397 5591 Καὶ
2434 5537 2864 5606 κοιταζόμενος.
2907 5535 3033 5591 Des.
3067 5539 3118 5589 in
3155 5537 3366 5613 cod.73.

66 5629 131 5657 "
164 5612 355 5680 Αῡτὰ.
401 5626 565 5679 Abest
597 5638 625 5675 a
664 5620 785 5674 end.
817 5620 870 5673 2.
933 5620 979 5650 ⁷⁸
1008 5617 1279 5686 Μιμεῖται
1309 5640 1363 5670 κ.
1394 5638 1444 5670 τ.
1475 5619 1527 5672 λ.
1558 5616 1683 5673 Hzec

1795 5634 1922 5672 'ersa
1957 5625 2080 5671 sunt
2112 5614 2181 5668 a-It
2202 5614 2282 5686 Aiis
2303 5630 2423 5686 quae
2451 5617 2747 5686 Corderius
2776 5614 2997 5686 ethibet
3030 5614 3065 5666 Ι.
3101 5629 3131 5667 c
3184 5628 3237 5679 p.
3284 5612 3367 5686 [Ι.

76 5697 131 5729 τι
179 5696 543 5758 Ὠγόμασεν,
580 5694 702 5747 cod.
742 5692 763 5745 ί
809 5680 1102 5742 ἐκάλεσενξ
1166 5686 1211 5721 "
1251 5689 1509 5755 Ζῶντος.
1547 5690 1692 5746 Abcs

1818 5691 1940 5745 cod.
1983 5688 2039 5744 Ξ.
2115 5687 2162 5718 ⁷⁸
2201 5684 2349 5757 Ἐγὼ
2372 5685 2544 5740 δώσω
2571 5702 2626 5743 κ.
2654 5703 2706 5743 τ.
2738 5685 2770 5740 λ
2813 5684 2940 5743 Haec
2976 5697 3010 5740 a
3042 5694 3260 5752 recepta
3292 5680 3373 5737 lc-

74 5769 285 5823 eaionc
330 5767 437 5822 lsa.
487 5780 640 5832 mn,
676 5764 763 5829 19,
804 5760 1082 5817 recedunt.
