3838 6318
144 358 249 425 893

1557 368 1641 428 IN
1677 370 1880 431 PSAL.
1917 373 1997 432 ΙῘ.

3302 382 3407 447 83-1

142 475 262 543 λὰς,
286 473 433 529 κατὰ
452 475 497 507 ⁸⁵
524 474 621 539 τὰς
647 474 789 547 ἐμὰς
817 475 1163 545 νομοθεσῖας,
1186 476 1347 547 ,μετὰ
1372 476 1473 545 τῆς
1506 479 1586 539 εἰς
1618 479 1717 546 ἐμὲ

1832 481 2123 537 humanam
2152 483 2381 554 gloriam
2404 487 2587 541 virtuti
2616 488 2835 543 studere
2865 490 3167 546 videantur.
3207 511 3224 544 ι
3253 492 3405 549 Multi

143 568 382 632 πίστεως
407 567 453 599 ⁸⁸
481 567 558 631 ῶς
597 585 757 621 τινων
802 570 895 621 καὶ
923 569 1047 638 δίχα
1079 569 1178 636 τῆς
1222 570 1313 651 εἰς.
1337 567 1499 620 αὑτὸν
1528 569 1720 636 ὁμολο-

141 658 267 723 γίας
300 657 387 711 διὰ
422 658 579 723 δόξαν
626 659 974 730 ἀνθρωπίνην
1007 660 1049 690 ³⁷
1098 660 1300 729 ἀρετῆς
1342 659 1721 729 ἐπιμελεῖσθαι

140 749 463 804 δοκούντων.
515 771 533 801 ι
597 751 793 804 Πολλοὶ
828 750 1069 818 λέγουσι,
1126 749 1221 813 Τίς
1259 751 1422 817 δείξει
1472 754 1604 820 ἡμῖν
1655 753 1723 804 τὰ

141 843 362 911 ἁγαθά;
415 865 434 896 ›
475 845 785 900 Αἰνίττεται
829 845 919 910 οὒς
966 845 1365 917 βαρυκαρδίους
1416 846 1723 916 ὠνόμασεν,

140 936 213 1000 ὡς
251 938 707 1008 δυσχεραίνοντας
734 940 827 993 ἐπὶ
854 941 965 999 τοῖς
994 938 1400 1009 προσπίπτουσι
1465 938 1752 1009 λυπηροῖς,

139 1029 320 1100 λέγειν
352 1032 511 1085 τοῦτο
540 1031 858 1102 τολμῶντας

209 1164 280 1230 ζ’.
315 1183 334 1216 ε
392 1162 736 1233 Ἐσημειώθη
768 1164 854 1231 ἐφ’
877 1164 1025 1233 ἡμᾶς
1045 1163 1110 1217 τὸ
1143 1165 1259 1233 φῶς
1293 1164 1387 1219 τοῦ
1427 1163 1722 1235 προσώπου

143 1274 260 1321 σου,
319 1254 496 1326 Κύριε
532 1270 545 1282 ·
588 1253 795 1316 ἔδωκας
840 1253 1183 1323 εὐφροσύνην
1226 1255 1305 1317 είς
1349 1254 1452 1325 τὴν
1493 1253 1721 1323 καρδίαν

142 1364 244 1417 μου
269 1346 362 1400 ⁸⁸⁸.
397 1367 416 1397 ι
464 1345 691 1397 Ἐκεῖνοι
712 1344 754 1378 ³⁸
786 1344 884 1414 μὲν
909 1340 1001 1397 οὖν
1038 1345 1266 1397 τοιαῦτα
1293 1345 1387 1397 καὶ
1412 1344 1722 1412 λογίζονται

137 1438 232 1490 καὶ
272 1436 608 1504 φθέγγονται
641 1452 654 1465 ο
705 1438 868 1505 ἡμεῖς
900 1436 956 1489 δὲ
988 1437 1038 1488 οἱ
1076 1435 1178 1504 τῆς
1231 1435 1331 1504 σῆς
1378 1434 1720 1503 θεογνωσίας

134 1528 237 1598 τὴν
274 1527 473 1598 αἴγλην
515 1526 831 1596 δεξάμενοι,
861 1528 956 1580 καὶ
978 1529 1099 1589 ταῖς
1125 1527 1276 1596 παρὰ
1303 1524 1399 1579 σοῦ
1429 1525 1723 1595 φωτισθέν·

133 1637 225 1684 τες
252 1622 461 1679 ἀκτῖσι,
493 1621 586 1674 καὶ
619 1623 677 1673 ἐν
718 1621 911 1682 αὐταῖς
950 1622 1070 1683 ταῖς
1096 1619 1559 1690 ἐπανισταμὲναις
1583 1620 1717 1690 ἡμῖν

134 1715 453 1783 συμφοραῖς
504 1711 833 1783 ἀποχρῶσαν
885 1709 1081 1781 ἔχομεν
1131 1710 1465 1782 παραψυχὴν
1502 1710 1602 1781 τὴν
1636 1710 1717 1772 είς

134 1805 195 1858 σὲ
223 1803 423 1858 ἐλπίδα
455 1803 528 1857 ³⁸.

753 1940 780 1952 υ

199 1938 279 2010 η’.
316 1959 334 1990 ι
385 1939 520 1993 Ἀπδ
568 1940 780 2010 καρποῦ
812 1940 857 1971 ⁵⁸
902 1939 1075 2003 σίτου,
1116 1942 1261 1994 οἴνου
1287 1941 1354 2003 ⁵³,
1405 1940 1499 1993 καὶ
1531 1940 1716 1993 ἐλαίου

131 2031 318 2084 αὐτῶν
345 2030 820 2101 ἐπληθύνθησαν.»
852 2031 1022 2085 Πάλιν
1054 2031 1277 2085 ἐκείνων
1291 2034 1590 2102 κατηγορεῖ
1607 2032 1716 2085 τῶν

131 2122 425 2192 λεγόντων·
474 2140 493 2175 ‹
535 2122 632 2188 Τίς
657 2123 820 2190 δείξει
860 2125 991 2194 ἡμῖν
1012 2123 1079 2175 τὰ
1105 2123 1319 2191 ἁγαοἀ;
1359 2142 1377 2175 ι
1425 2123 1501 2186 ὡς
1524 2123 1717 2177 τοσού-

133 2233 242 2270 των
306 2216 401 2270 καὶ
450 2215 592 2270 κατά
635 2214 727 2267 τὸν
776 2215 1022 2286 παρόντα
1067 2214 1183 2284 βίον
1243 2214 1625 2267 ἀπολαυόντων
1646 2214 1714 2281 ⁵³,

130 2311 225 2363 καὶ
254 2309 585 2378 ἀχαριστίαν
619 2307 938 2361 νοσούντων.
971 2305 1207 2360 Ἔστιδὲ
1256 2308 1315 2359 τὸ
1364 2307 1541 2375 νόημα
1590 2306 1717 2375 μεθ-

132 2398 482 2472 υπέρϐατονο
541 2400 780 2452 (Πολλοὶ
831 2399 1200 2467 λέγουσι’Τίς
1252 2397 1414 2464 δείξει
1468 2399 1602 2468 ἡμῖν
1647 2396 1718 2450 τὰ

131 2491 362 2559 ἀγαθάς
445 2493 553 2545 ἀπὸ
629 2490 845 2561 καρποῦ
922 2490 1104 2555 σίτου,
1158 2490 1254 2543 καὶ
1289 2489 1337 2521 ⁸⁸
1387 2488 1571 2553 οἴνου,
1624 2488 1718 2542 καὶ

132 2584 320 2637 ἐλαίου
344 2583 521 2635 αὐτῶν
539 2582 1006 2652 ἐπληθύνθησαν.»
1036 2582 1249 2646 Καίτοι,
1271 2582 1455 2651 φησὶν,
1481 2581 1718 2634 οἱταῦτα

130 2674 389 2740 λέγοντες
440 2672 552 2725 τῶν
603 2670 960 2725 παντοδαπῶν
1007 2672 1108 2740 τῆς
1161 2671 1266 2740 γῆς
1318 2672 1544 2742 καρπῶν
1581 2672 1718 2723 ἀπο-

131 2762 396 2817 λαύουσι·
429 2762 516 2816 διὰ
552 2763 661 2832 γὰρ
704 2763 814 2816 τῶν
850 2763 1015 2833 τριῶν
1061 2762 1266 2815 τούτων
1308 2761 1463 2816 εἰδῶν
1515 2762 1622 2814 τῶν
1650 2765 1715 2833 τῇ

131 2851 457 2923 ἀνθρωπεία
510 2850 672 2919 φύσει
718 2852 1109 2922 διαφερόντων,
1153 2852 1466 2920 ἀναγκαίως
1509 2852 1602 2905 καὶ
1650 2853 1719 2906 τὰ

130 2943 271 2997 ἄλλα
310 2944 747 3014 συμπεριέλαδεν
765 2946 812 2977 ⁸⁷⁵
850 2945 1029 3013 ἀγαθά
1068 2963 1080 2977 ·
1105 2946 1204 3015 τὴν
1229 2944 1452 2998 ἐκείνων
1483 2944 1722 3015 ἐλέγχων
1750 2945 1791 3002 C

129 3035 573 3104 ἀγνωμοσύνην,
616 3038 698 3110 ὅτι
745 3037 840 3091 καὶ
886 3039 944 3090 ἐν
985 3040 1105 3101 ταῖς
1134 3038 1290 3108 χερσὶ
1321 3038 1576 3107 φέροντες
1623 3036 1721 3101 τὰς

127 3128 222 3181 τοῦ
260 3128 405 3181 Θεοῦ
431 3129 660 3201 δωρεὰς,
692 3130 788 3182 καὶ
832 3130 1130 3201 φιλοτίμως
1159 3127 1324 3182 αὐτοῦ
1357 3132 1467 3192 τοῖς
1497 3129 1722 3197 ἀγαθοῖς

131 3221 541 3291 ἐντρυφῶντες,
572 3222 645 3285 ὡς
670 3222 896 3292 μηδενὸς
922 3220 1483 3289 ἀπολαύοντες-λέγειν
1512 3221 1723 3292 τολμῶ-

130 3331 184 3367 σι
210 3330 224 3343 ·
268 3331 293 3364 ι
332 3312 428 3377 Τίς
460 3313 620 3377 δείξει
649 3315 779 3384 ἡμῖν
809 3315 877 3367 τὰ
919 3314 1102 3381 ἀγαθά
1134 3331 1148 3379 ;
1183 3332 1201 3363 ι
1251 3311 1391 3380 Ἐγὼ
1413 3313 1468 3365 δὲ
1496 3312 1590 3365 τοῦ
1626 3312 1721 3365 σοῦ

129 3405 319 3476 (parte;
371 3405 708 3470 ἀπολαύσας,
760 3407 852 3460 καὶ
923 3408 1022 3478 τὴν
1091 3405 1291 3475 γνῶσιν
1343 3404 1388 3435 ⁵⁸³
1440 3403 1722 3475 κτησάμε-

128 3516 217 3564 νος
239 3498 320 3560 ⁸⁷.

196 3635 267 3698 θ’,
311 3640 367 3687 ι’.
423 3652 442 3685 ι
496 3633 586 3686 Ἐν
622 3634 818 3705 εἰρήνῃ
864 3632 958 3686 ἐπὶ
1010 3632 1071 3684 τὸ
1104 3633 1237 3686 αὐτὸ
1287 3633 1722 3703 κοιμηθήσομαι,

127 3728 223 3782 καὶ
263 3724 532 3780 ὑπνώσω.
558 3727 682 3779 Ὅτι
708 3727 794 3791 σὺ,
828 3725 1025 3796 Κύριε,
1054 3726 1195 3779 κατὰ
1231 3725 1399 3795 μόνας
1433 3725 1520 3779 ἐπ’
1547 3723 1724 3778 ἐλπίδι

127 3818 456 3890 κατῴκισάς
487 3834 576 3888 με.
618 3838 636 3869 ο
671 3818 856 3871 Πάντα
901 3817 1010 3887 γὰρ
1038 3817 1288 3887 θόρυϐον,
1327 3817 1420 3870 καὶ
1461 3815 1724 3884 διχόνοιαν

129 3912 244 3965 τῶν
277 3910 566 3979 λογισμῶν
599 3908 878 3973 ἐξελάσας,
912 3909 1007 3962 καὶ
1031 3909 1244 3970 τούτοις
1267 3909 1311 3941 ⁸⁸
1345 3907 1724 3978 πρυτανεύσας

127 4005 388 4074 εἰρήνην,
439 4003 538 4055 καὶ
572 4000 747 4055 ταῦτα
786 4002 917 4071 περὶ
959 4000 1059 4070 τῆς
1087 4001 1300 4070 ἀγαθῆς
1330 4016 1426 4052 σου
1466 3998 1726 4067 προνοίας

125 4096 361 4161 διδάξας
422 4095 662 4163 φρονεῖν,
721 4093 810 4146 ἐπ’
862 4092 1037 4146 ἐλπίδι
1085 4093 1184 4163 τῆς
1236 4092 1587 4152 ἀναστάσεως
1636 4089 1726 4142 τὸν

128 4186 371 4240 θάνατον
423 4184 675 4255 δέξομαι.
723 4184 929 4237 ’Υπνον
981 4184 1090 4252 γὰρ
1144 4179 1472 4235 ἐνταῦθατὸν
1499 4181 1728 4233 θάνατον

1827 574 2037 638 dicunt,
2071 574 2206 640 Quis
2242 578 2493 630 ostendet
2523 579 2680 633 nobis
2707 579 2883 634 bona?
2927 601 2945 633 ι
2984 579 3168 636 lunuit
3213 598 3406 653 graves

1829 664 1992 718 corde
2020 681 2159 734 quos
2196 669 2520 731 nominavit,
2552 680 2808 739 tanquam
2836 673 3178 741 indignantes
3212 676 3405 730 adver-

1830 753 1907 806 sis
1964 754 2014 805 iu
2046 754 2208 809 rebus
2246 758 2297 808 in
2326 772 2463 824 quas
2492 759 2824 819 inciderunt.
2858 770 2911 815 et
2958 762 3157 816 divina:
3217 762 3405 817 Provi-

1831 845 2028 898 (lentia)
2058 846 2406 914 dissidentes,
2439 858 2491 901 et
2518 851 2696 904 dicere
2724 852 2839 906 hzec
2869 854 3154 909 audentes.

1794 936 1888 989 xui.
1957 939 2023 1006 τῇ
2069 934 2165 988 τοῦ
2217 936 2353 991 Θεοῦ
2401 940 2714 1011 προμηθείᾳ
2757 943 2801 974 ⁸⁸
2845 943 3281 1015 διαπιστοῦντας,
3313 952 3406 1005 καὶ

1896 1161 2058 1218 Vens.
2094 1165 2144 1218 7.
2178 1183 2196 1216 ι
2231 1165 2516 1234 Signatum
2559 1178 2641 1222 est
2684 1184 2847 1238 super
2878 1188 2979 1227 nos
3008 1177 3191 1231 lumen
3221 1163 3401 1238 vultus

1824 1255 1924 1317 tui,
1954 1255 2220 1312 Domine:
2258 1259 2454 1313 dedisti
2495 1261 2737 1315 luititiam
2773 1265 2825 1316 in
2883 1267 3049 1319 corde
3075 1284 3216 1323 meo.
3260 1291 3275 1322 ι
3321 1274 3399 1328 Illi

1820 1344 2042 1412 quidem
2077 1346 2243 1415 igitur
2270 1356 2324 1402 et
2356 1351 2600 1420 cogitant
2633 1363 2688 1405 et
2742 1353 2936 1407 dicunt
2965 1356 3118 1411 haec:
3157 1375 3253 1414 nos
3305 1338 3397 1413 ve-

1822 1449 1902 1497 ro,
1937 1439 2030 1505 qui
2081 1440 2413 1508 cognitionis
2441 1441 2531 1497 Dei
2559 1458 2587 1496 a
2617 1452 2668 1497 te
2698 1444 2880 1499 lumen
2913 1450 3250 1517 accepimus,
3312 1469 3403 1507 ra-

1826 1527 2043 1597 diisque
2077 1531 2185 1584 tuis
2224 1531 2484 1586 illustrati
2524 1549 2738 1599 sumus,
2772 1537 2936 1591 etiam
2983 1538 3035 1592 iu
3069 1541 3202 1609 ipsis
3247 1546 3398 1600 cala-

1829 1617 2133 1682 mitatibus,
2169 1633 2291 1687 quae
2323 1622 2484 1675 nobis
2506 1625 2787 1687 accidunt,
2821 1625 3177 1682 sullieientem
3234 1646 3297 1684 ex
3336 1648 3400 1688 oo

1825 1707 2256 1764 consolationem
2291 1713 2581 1781 habemus,
2616 1717 2763 1785 quod
2818 1717 2872 1771 in
2906 1727 2955 1772 te
3014 1734 3166 1788 spem
3232 1724 3402 1777 collo-

1825 1812 2037 1854 camus.

1896 1935 2057 1991 Vens.
2086 1937 2137 1993 8.
2178 1957 2196 1990 ι
2233 1942 2273 1993 Α
2312 1941 2489 1997 fructu
2525 1943 2810 2009 frumenti,
2862 1948 2995 2014 vini,
3038 1956 3093 2003 et
3138 1952 3242 2005 olei
3289 1952 3399 2018 sui,

1825 2030 2167 2097 multiplicati
2198 2043 2348 2086 sunt.
2385 2054 2402 2086 ι
2434 2034 2645 2092 ltursus
2672 2048 2896 2093 accusat
2920 2041 3044 2095 illos
3070 2044 3161 2111 qui
3185 2043 3400 2107 dicunt,

1831 2140 1849 2172 ε
1896 2122 2030 2188 Quis
2064 2126 2317 2179 ostendet
2349 2127 2510 2181 nobis
2541 2130 2726 2184 bona?
2763 2151 2782 2183 ι
2811 2142 2870 2187 ut
2891 2134 2984 2203 qui
3010 2142 3087 2188 tot
3126 2138 3401 2206 tantisque

1824 2206 1984 2263 bonis
2014 2209 2179 2263 etiam
2217 2212 2269 2264 in
2311 2218 2565 2281 prteseuti
2636 2218 2748 2272 vita
2786 2220 3156 2289 perfruantur,
3217 2237 3271 2280 et
3320 2226 3404 2280 itt-

1825 2299 1964 2367 grati
1994 2301 2162 2353 animi
2192 2302 2324 2356 vitio
2349 2304 2618 2360 laborent.
2654 2308 2859 2364 Sensus
2908 2321 2991 2367 est
3021 2327 3144 2366 cum
3203 2314 3401 2385 hyper-

1824 2390 1972 2448 bato.
2011 2411 2029 2443 ι
2069 2391 2223 2447 Multi
2254 2394 2463 2460 dicunt,
2503 2398 2626 2466 quis
2657 2403 2907 2456 ostendet
2951 2404 3112 2459 nobis
3159 2406 3344 2460 bona?
3370 2424 3402 2462 a

1827 2481 2001 2539 fructu
2036 2482 2321 2552 frumenti,
2352 2489 2481 2550 riui,
2508 2499 2560 2544 et
2589 2491 2692 2543 olei
2728 2493 2834 2557 sui,
2869 2495 3213 2566 multiplicati
3250 2508 3399 2553 sunt.

1825 2572 2013 2641 Atqui,
2046 2576 2143 2642 ait,
2183 2578 2276 2647 qui
2304 2580 2421 2635 haec
2467 2580 2678 2646 dicunt,
2719 2586 3030 2654 omnigenis
3072 2596 3232 2643 terrae
3287 2589 3403 2644 fru-

1826 2664 2005 2721 ctibus
2052 2666 2351 2723 fruuntur:
2410 2672 2511 2725 sub
2556 2673 2639 2728 his
2678 2676 2821 2729 enim
2890 2678 3066 2733 tribus
3114 2680 3402 2748 speciebus

1827 2757 2324 2816 humanreuatura:
2378 2763 2709 2831 utilissimis,
2771 2770 3021 2838 apposite
3089 2772 3194 2825 alia
3255 2787 3403 2827 com-

1828 2849 2115 2917 prehendit
2176 2851 2373 2909 bona:
2428 2855 2642 2911 illorum
2699 2860 2975 2915 inscitiam
3045 2864 3399 2933 redargueus,

1824 2939 1990 3013 634
2022 2944 2167 3012 quod
2201 2943 2255 2997 in
2293 2947 2547 3003 manibus
2589 2949 2681 3006 Dei
2738 2968 2966 3008 munera
3026 2954 3287 3022 ferentes,
3350 2968 3406 3013 et

1829 3032 2115 3102 magniﬁce
2144 3035 2265 3104 ejus
2293 3036 2449 3095 bonis
2480 3056 2537 3094 se
2560 3041 2923 3112 obiectantes,
2973 3048 3128 3115 quasi
3162 3049 3309 3101 nulla
3346 3066 3405 3104 re

1826 3125 2199 3194 perfruantur,
2236 3129 2421 3185 dicere
2458 3133 2683 3203 audent,
2722 3155 2739 3187 ι
2779 3138 2914 3203 Quis
2949 3140 3197 3194 ostendet
3247 3143 3406 3198 nobis

1826 3217 2010 3273 bona?
2047 3238 2064 3271 ι
2095 3220 2206 3291 Ego
2237 3238 2366 3279 vero
2409 3233 2502 3283 tuo
2526 3227 2733 3284 lumine
2763 3228 2939 3287 fretus
2981 3243 3036 3288 et
3084 3233 3162 3289 tui
3212 3235 3401 3306 cegui-

1828 3310 1995 3366 tionis
2037 3315 2264 3384 adeptus
2282 3355 2299 3382 ,

1904 3617 2069 3673 Vens.
2106 3619 2157 3684 9,
2193 3621 2281 3677 10.
2318 3639 2337 3674 ι
2376 3621 2435 3677 ιη
2467 3638 2602 3693 pace
2634 3641 2741 3681 una
2775 3627 3073 3695 dormiam,
3114 3640 3168 3685 et
3224 3633 3408 3701 requi-

1826 3724 2032 3764 escam.
2070 3711 2344 3775 Ouoniam
2378 3725 2456 3781 tu,
2488 3715 2741 3784 Domine,
2780 3722 3014 3775 seorsim
3049 3722 3102 3775 iu
3134 3739 3230 3792 spe
3271 3740 3406 3778 con-

1826 3802 2055 3857 stituisti
2091 3819 2199 3858 me.
2246 3824 2265 3857 ι
2307 3806 2444 3859 Cum
2469 3809 2613 3861 enim
2647 3824 2866 3865 omnem
2901 3812 3220 3876 tumultum,
3255 3817 3405 3883 cogi-

1829 3898 2206 3965 tationumque
2242 3899 2535 3954 dissidium
2568 3903 2895 3971 expulerint,
2938 3913 2993 3957 et
3027 3918 3150 3957 cum
3188 3906 3272 3959 his
3312 3922 3408 3976 pa-

1828 4004 1945 4042 cem
1987 3988 2339 4054 fn-tnaverim,
2376 3999 2538 4059 atque
2567 3991 2638 4046 ita
2692 3991 2760 4048 de
2786 4002 2875 4047 tua
2905 3994 3249 4063 providentia
3279 4013 3404 4051 seu-

1832 4080 1935 4134 tire
1971 4079 2111 4135 alios
2163 4080 2472 4146 docuerim,
2530 4083 2585 4137 in
2645 4099 2741 4153 spe
2778 4087 3205 4144 resurrectionis
3256 4105 3405 4144 mer-

1832 4182 1936 4226 tem
1970 4172 2318 4241 exspectabo.
2379 4171 2515 4228 Nam
2561 4188 2818 4229 somnum
2873 4176 2980 4231 hoc
3006 4177 3126 4233 loco
3177 4188 3404 4234 mortem

128 4278 614 4352 προσηγόρευσεν.
652 4277 895 4339 Εἰκότως
952 4277 1009 4329 δὲ
1057 4275 1200 4346 μάλα
1235 4276 1301 4344 τῇ
1343 4274 1436 4326 τοῦ
1486 4272 1719 4325 θανάτου

1832 4263 2137 4332 appellavit.
2172 4262 2555 4333 Congruenter
2585 4274 2765 4321 autem
2787 4266 3082 4322 admodum
3107 4285 3230 4324 cum
3256 4289 3403 4326 mor-

133 4374 338 4444 μνήμῃ
387 4371 486 4441 τὴν
520 4369 712 4423 ἐλπίδα
775 4367 1084 4433 συνέζευξε,
1118 4366 1424 4448 τοὺς.περὶ
1472 4365 1727 4434 προνοίας

126 4465 335 4534 λόγους
356 4462 665 4528 διεξελθών.
682 4460 905 4531 Ἐπειδὴ
938 4460 1049 4530 γὰρ
1083 4457 1271 4511 πολλοὶ
1296 4455 1447 4547 κατὰ.
1465 4456 1557 4508 τὸν
1581 4473 1729 4527 παρ-

130 4556 267 4612 όντα
315 4554 433 4625 βίον
482 4554 796 4624 δυσπραγίᾳ
855 4552 1288 4622 περιπεσόντες,
1324 4549 1570 4611 κα“ι,ὐπὸ
1620 4549 1731 4603 τῶν

130 4646 385 4720 πονηρίᾳ
428 4646 717 4709 συζώντων
739 4646 783 4678 ⁸⁸
813 4643 1165 4714 ἀδικούμενοι
1209 4643 1292 4708 ⁶⁰,
1334 4642 1584 4710 δέχονται
1635 4639 1729 4693 τοῦ

131 4737 255 4808 βίου
319 4738 383 4790 τὸ
432 4737 585 4800 τέλος
634 4738 892 4807 οὐδεμιᾶς
945 4736 1092 4798 τινὸς
1136 4734 1458 4805 ἐπικουρίας
1491 4750 1728 4803 τετυχη-

128 4830 300 4893 κότες
322 4869 337 4893 ,
371 4828 613 4883 διδάσκει
651 4829 724 4899 μὴ
752 4827 1134 4899 δυσχεραίνειν
1163 4828 1191 4880 ὁ
1219 4825 1394 4896 μέγας
1438 4823 1621 4889 Δαϐὶδ,
1648 4824 1725 4887 ὡς

128 4921 236 4989 τῆς
294 4920 519 4984 ἐλπίδος
547 4920 629 4992 τῷ
668 4921 884 4991 θανάτῳ
916 4918 1378 4989 συνεζευγμένης,
1432 4918 1528 4972 καὶ
1584 4917 1728 4987 μετὰ

131 5010 378 5067 θάνατον
410 5014 509 5085 τῆς
539 5013 867 5077 ἀντιδόσεως
902 5012 1193 5084 ἐσομένης.

1829 4355 1900 4410 tis
1940 4357 2202 4411 memoria
2231 4370 2384 4425 spem
2420 4356 2732 4427 conjunxit,
2768 4359 2972 4415 habitis
3002 4361 3069 4416 de
3121 4364 3409 4432 providen-

1828 4449 1901 4501 tia
1952 4448 2320 4504 sermonibus.
2382 4448 2656 4514 Quoniam
2711 4452 2860 4506 enim
2912 4453 3093 4519 multi,
3155 4469 3277 4508 cum
3352 4457 3407 4509 in

1827 4540 2083 4608 praesenti
2113 4540 2223 4593 vita
2255 4540 2308 4593 in
2359 4540 2649 4596 adversam
2692 4541 2966 4597 fortunam
3004 4545 3320 4610 inciderint,
3356 4557 3410 4599 ct

1828 4635 1898 4688 ab
1926 4634 2134 4705 iniquis
2180 4634 2495 4689 hominibus
2548 4635 2754 4705 injuria
2802 4635 2983 4692 affecti
3035 4635 3263 4700 fuerint,
3325 4639 3407 4690 vi-

1837 4733 1946 4779 tam
1978 4735 2109 4781 ante
2139 4726 2364 4789 ﬁniunt.
2402 4741 2567 4797 quam
2592 4734 2752 4798 opem
2794 4729 3038 4799 aliquam
3066 4730 3179 4784 sint
3208 4730 3405 4799 adepti,

1832 4820 1988 4876 docet
2038 4836 2269 4893 magnus
2300 4821 2491 4891 David,
2522 4839 2590 4879 ne
2638 4823 3013 4894 indignentur,
3088 4825 3234 4896 quod
3286 4843 3421 4895 spes

1834 4931 1959 4971 cum
2015 4928 2193 4973 morte
2225 4920 2521 4990 conjuncta
2553 4922 2644 4989 sit,
2685 4929 2741 4977 et
2765 4933 2890 4994 post
2944 4922 3157 4978 obitum
3225 4921 3409 4978 futura

1834 5011 1906 5067 sit
1941 5014 2335 5069 remuneratio.

1265 5214 1500 5272 VARIE.
1549 5215 1933 5274 LECTIONES
1971 5217 2060 5273 ΕΤ
2098 5217 2333 5275 NOTAE.

209 5376 264 5408 “
292 5376 475 5431 Κατά.
510 5375 632 5431 cod.
663 5376 699 5430 2
728 5377 841 5431 καί.

953 5375 1000 5410 ⁸⁸
1022 5377 1184 5431 Μετὰ
1213 5404 1283 5417 —-
1324 5378 1604 5441 πίστεως.
1638 5374 1691 5429 In
1725 5376 1847 5430 cod.
1886 5377 1939 5436 1.

137 5462 272 5518 quae
305 5461 368 5499 ex
405 5461 597 5518 errore
623 5447 826 5501 librarii
855 5450 1142 5518 irrepsisse
1174 5448 1444 5518 videntur.
1486 5448 1530 5478 ⁸⁷
1553 5446 1719 5518 cod.9_

1832 5446 2126 5518 θρωπίνης.
2168 5450 2214 5481 ⁸⁸
2242 5446 2595 5517 Προμηθὲίᾳ.
2628 5467 2693 5505 co

136 5517 324 5571 Abest
358 5532 388 5570 a
415 5517 539 5572 cod.
572 5515 627 5571 2.
697 5521 739 5552 ’⁵⁸
779 5514 1034 5572 Ἐκεῖνοι
1060 5549 1127 5557 --
1153 5517 1392 5573 ἐλπίδα.
1424 5517 1548 5572 Des.
1584 5516 1719 5583 apud

1838 5516 1919 5569 rd.
1998 5514 2191 5574 "cod.
2238 5514 2636 5582 [ἐλπίζοντα.

1981 5380 2290 5447 praecedunt
2323 5380 2458 5442 lucc,
2493 5379 2633 5449 μετά
2670 5383 2771 5504 τῇς
2816 5382 2895 5446 είς
2926 5379 3027 5451 ἐμὲ
3062 5380 3411 5451 νομοθεσίας,

1981 5450 2126 5504 τίνης.
2168 5450 2214 5481 ⁸⁸
2242 5452 2595 5504 Ποθαηθεία.
2628 5467 2693 5504 co
2739 5491 2749 5503 .
2783 5452 2817 5504 9..
2849 5453 3091 5504 ποονοία.
3166 5451 3232 5483 ⁸³·
3258 5454 3411 5504 Μου.

137 5586 661 5659 [Μαίνῃ-καιροῦ,
703 5598 763 5643 ιιι
802 5604 866 5642 ex
910 5589 1142 5659 Origene
1174 5588 1309 5659 bene
1345 5589 1559 5659 monuit
1602 5587 1719 5659 Mori

1832 5585 2057 5659 llexapl.
2094 5602 2134 5647 ι.
2165 5591 2200 5649 Ι,
2229 5607 2279 5658 p.
2309 5590 2434 5644 477.
2507 5591 2553 5622 ⁸⁸
2590 5590 2791 5646 Οἴνου.
2828 5584 2953 5647 οοὶί.
2988 5593 3009 5645 -Ι
3055 5584 3239 5659 praem.
3295 5591 3411 5647 καί.

135 5656 188 5688 ⁸³
221 5655 355 5712 cod.
387 5657 423 5710 2
450 5655 855 5711 ἀπολαϐόντων.

140 5726 277 5797 σήν.
356 5727 399 5758 ⁸⁷
422 5728 542 5781 ’Ὁτι
568 5729 965 5797 κτησάμενος.
998 5726 1023 5779 [

137 5810 350 5871 μενοι.
382 5795 509 5855 Des.
541 5798 684 5869 apud
720 5798 884 5854 Cord.
911 5798 946 5852 l.
974 5813 1023 5854 c.

946 5655 1146 5730 τιμαί,
1182 5656 1353 5730 Abest
1375 5674 1405 5711 a
1436 5657 1558 5730 ςοά-
1599 5655 1682 5730 ξομ

1832 5658 1921 5711 od.
1950 5655 2360 5730 ἴπεριέλάϐεν.
2439 5661 2485 5692 ⁸⁸
2516 5660 2778 5730 Γνῶσιν.
2805 5664 2931 5717 cod.
2966 5655 3195 5729 uterque
3223 5676 3413 5730 praem.

356 5727 408 5798 "_
422 5728 542 5781 ’Ὁτι
568 5729 965 5797 κτησάμενος.
998 5726 1121 5783 Des.
1155 5728 1295 5798 apud
1322 5727 1484 5785 Cord.
1526 5741 1581 5797 p.
1615 5726 1705 5781 77.

1857 5730 1977 5786 cod.
2013 5730 2048 5784 2
2068 5726 2244 5787 τοῦτο.
2323 5731 2368 5765 ⁸⁸
2394 5730 2516 5787 cod.
2539 5730 2574 5784 2
2603 5729 2842 5795 ζώντων.
2924 5731 2968 5765 ⁶⁰
2995 5726 3393 5787 Rat—damon
