  <div class='ocr_page' id='page_1' title='image "/cluster/home/n/w/nwhite01/storage/ocr_20150623/80/pst.000005712793/461.png"; bbox 0 0 3838 6318; ppageno 0'>
   <div class='ocr_carea' id='block_1_1' title="bbox 427 282 538 346">
    <p class='ocr_par' dir='ltr' id='par_1_1' title="bbox 427 282 538 346">
     <span class='ocr_line' id='line_1_1' title="bbox 427 282 538 346; baseline -0.018 0"><span class='ocrx_word' id='word_1_1' title='bbox 427 282 538 346; x_wconf 79' lang='lat'><strong>903</strong></span> 
     </span>
    </p>
   </div>
   <div class='ocr_carea' id='block_1_2' title="bbox 1424 279 2696 342">
    <p class='ocr_par' dir='ltr' id='par_1_2' title="bbox 1424 279 2696 342">
     <span class='ocr_line' id='line_1_2' title="bbox 1424 279 2696 342; baseline 0.002 -3"><span class='ocrx_word' id='word_1_2' title='bbox 1424 279 1920 340; x_wconf 84' lang='lat' dir='ltr'><strong>TllEODORETI</strong></span> <span class='ocrx_word' id='word_1_3' title='bbox 1952 279 2302 341; x_wconf 84' lang='lat' dir='ltr'><strong>EPISCOPI</strong></span> <span class='ocrx_word' id='word_1_4' title='bbox 2331 281 2696 342; x_wconf 78' lang='lat' dir='ltr'><strong>CYRENSIS</strong></span> 
     </span>
    </p>
   </div>
   <div class='ocr_carea' id='block_1_3' title="bbox 3571 285 3678 351">
    <p class='ocr_par' dir='ltr' id='par_1_3' title="bbox 3571 285 3678 351">
     <span class='ocr_line' id='line_1_3' title="bbox 3571 285 3678 351; baseline 0.009 -1"><span class='ocrx_word' id='word_1_5' title='bbox 3571 285 3678 351; x_wconf 65' lang='grc' dir='ltr'><strong>9θᾶ</strong></span> 
     </span>
    </p>
   </div>
   <div class='ocr_carea' id='block_1_4' title="bbox 501 387 1992 466">
    <p class='ocr_par' dir='ltr' id='par_1_4' title="bbox 501 389 1992 460">
     <span class='ocr_line' id='line_1_4' title="bbox 501 389 1992 460; baseline -0.004 -11"><span class='ocrx_word' id='word_1_6' title='bbox 501 389 668 449; x_wconf 64' lang='lat' dir='ltr'><strong>Vnus.</strong></span> <span class='ocrx_word' id='word_1_7' title='bbox 707 394 764 448; x_wconf 80' lang='grc'><strong>⁸5.</strong></span> <span class='ocrx_word' id='word_1_8' title='bbox 796 410 815 445; x_wconf 84' lang='lat' dir='ltr'><strong>t</strong></span> <span class='ocrx_word' id='word_1_9' title='bbox 860 391 1115 450; x_wconf 71' lang='lat' dir='ltr'><strong>Misercte</strong></span> <span class='ocrx_word' id='word_1_10' title='bbox 1152 390 1279 454; x_wconf 86' lang='lat' dir='ltr'><strong>mei,</strong></span> <span class='ocrx_word' id='word_1_11' title='bbox 1334 389 1581 455; x_wconf 81' lang='lat' dir='ltr'><strong>Domine,</strong></span> <span class='ocrx_word' id='word_1_12' title='bbox 1631 391 1892 460; x_wconf 79' lang='lat' dir='ltr'><strong>quoniam</strong></span> <span class='ocrx_word' id='word_1_13' title='bbox 1928 391 1992 444; x_wconf 87' lang='lat' dir='ltr'><strong>in-</strong></span> 
     </span>
    </p>
   </div>
   <div class='ocr_carea' id='block_1_5' title="bbox 2099 387 3674 466">
    <p class='ocr_par' dir='ltr' id='par_1_5' title="bbox 2190 387 3674 466">
     <span class='ocr_line' id='line_1_5' title="bbox 2190 387 3674 466; baseline 0.003 -21"><span class='ocrx_word' id='word_1_14' title='bbox 2190 387 2262 458; x_wconf 84' lang='grc' dir='ltr'>γ’.</span> <span class='ocrx_word' id='word_1_15' title='bbox 2300 410 2319 442; x_wconf 78' lang='grc' dir='ltr'><strong>ι</strong></span> <span class='ocrx_word' id='word_1_16' title='bbox 2379 391 2635 463; x_wconf 80' lang='grc' dir='ltr'>Ἐλέησόν</span> <span class='ocrx_word' id='word_1_17' title='bbox 2680 408 2769 462; x_wconf 84' lang='grc' dir='ltr'><strong>με,</strong></span> <span class='ocrx_word' id='word_1_18' title='bbox 2836 389 3024 461; x_wconf 77' lang='grc' dir='ltr'>Κύριε,</span> <span class='ocrx_word' id='word_1_19' title='bbox 3082 393 3164 445; x_wconf 85' lang='grc' dir='ltr'><strong>ὅτι</strong></span> <span class='ocrx_word' id='word_1_20' title='bbox 3208 391 3445 465; x_wconf 75' lang='grc' dir='ltr'>ἀσθενής</span> <span class='ocrx_word' id='word_1_21' title='bbox 3482 395 3622 466; x_wconf 73' lang='grc' dir='ltr'>ειμι.</span> <span class='ocrx_word' id='word_1_22' title='bbox 3655 402 3674 433; x_wconf 74' lang='lat'><strong>’</strong></span> 
     </span>
    </p>
   </div>
   <div class='ocr_carea' id='block_1_6' title="bbox 422 481 2003 555">
    <p class='ocr_par' dir='ltr' id='par_1_6' title="bbox 422 481 2003 555">
     <span class='ocr_line' id='line_1_6' title="bbox 422 481 2003 555; baseline -0.005 -12"><span class='ocrx_word' id='word_1_23' title='bbox 422 489 621 543; x_wconf 76' lang='lat' dir='ltr'><strong>ﬁrmus</strong></span> <span class='ocrx_word' id='word_1_24' title='bbox 645 501 788 542; x_wconf 85' lang='lat' dir='ltr'><strong>smn.</strong></span> <span class='ocrx_word' id='word_1_25' title='bbox 823 505 843 538; x_wconf 75' lang='grc' dir='ltr'><strong>ι</strong></span> <span class='ocrx_word' id='word_1_26' title='bbox 871 484 1188 555; x_wconf 74' lang='lat' dir='ltr'><strong>“ejusmodi</strong></span> <span class='ocrx_word' id='word_1_27' title='bbox 1212 499 1312 537; x_wconf 79' lang='lat' dir='ltr'><strong>vox</strong></span> <span class='ocrx_word' id='word_1_28' title='bbox 1337 483 1714 554; x_wconf 80' lang='lat' dir='ltr'><strong>peccatoribus</strong></span> <span class='ocrx_word' id='word_1_29' title='bbox 1729 481 2003 536; x_wconf 82' lang='lat' dir='ltr'><strong>convenit.</strong></span> 
     </span>
    </p>
   </div>
   <div class='ocr_carea' id='block_1_7' title="bbox 424 572 2006 646">
    <p class='ocr_par' dir='ltr' id='par_1_7' title="bbox 424 572 2006 646">
     <span class='ocr_line' id='line_1_7' title="bbox 424 572 2006 646; baseline -0.004 -11"><span class='ocrx_word' id='word_1_30' title='bbox 424 578 563 635; x_wconf 74' lang='lat' dir='ltr'><strong>Nam</strong></span> <span class='ocrx_word' id='word_1_31' title='bbox 618 578 934 634; x_wconf 85' lang='lat' dir='ltr'><strong>inﬁrmitate</strong></span> <span class='ocrx_word' id='word_1_32' title='bbox 984 578 1341 646; x_wconf 62' lang='lat' dir='ltr'><strong>praecedente,</strong></span> <span class='ocrx_word' id='word_1_33' title='bbox 1398 584 1680 645; x_wconf 82' lang='lat' dir='ltr'><strong>peccatum</strong></span> <span class='ocrx_word' id='word_1_34' title='bbox 1724 575 1908 628; x_wconf 87' lang='lat' dir='ltr'><strong>vincit.</strong></span> <span class='ocrx_word' id='word_1_35' title='bbox 1947 572 2006 628; x_wconf 89' lang='lat' dir='ltr'><strong>Si</strong></span> 
     </span>
    </p>
   </div>
   <div class='ocr_carea' id='block_1_8' title="bbox 419 665 2006 734">
    <p class='ocr_par' dir='ltr' id='par_1_8' title="bbox 419 665 2006 734">
     <span class='ocr_line' id='line_1_8' title="bbox 419 665 2006 734; baseline -0.006 -6"><span class='ocrx_word' id='word_1_36' title='bbox 419 670 572 728; x_wconf 81' lang='lat' dir='ltr'><strong>enim</strong></span> <span class='ocrx_word' id='word_1_37' title='bbox 622 671 763 725; x_wconf 87' lang='lat' dir='ltr'><strong>ratio</strong></span> <span class='ocrx_word' id='word_1_38' title='bbox 811 668 865 723; x_wconf 90' lang='lat' dir='ltr'><strong>in</strong></span> <span class='ocrx_word' id='word_1_39' title='bbox 915 668 1075 724; x_wconf 83' lang='lat' dir='ltr'><strong>nobis</strong></span> <span class='ocrx_word' id='word_1_40' title='bbox 1120 683 1228 722; x_wconf 86' lang='lat' dir='ltr'><strong>non</strong></span> <span class='ocrx_word' id='word_1_41' title='bbox 1258 666 1473 721; x_wconf 82' lang='lat' dir='ltr'><strong>inlirma</strong></span> <span class='ocrx_word' id='word_1_42' title='bbox 1496 665 1683 730; x_wconf 79' lang='lat' dir='ltr'><strong>fuerit,</strong></span> <span class='ocrx_word' id='word_1_43' title='bbox 1714 665 2006 734; x_wconf 86' lang='lat' dir='ltr'><strong>perturba-</strong></span> 
     </span>
    </p>
   </div>
   <div class='ocr_carea' id='block_1_9' title="bbox 426 756 2005 831">
    <p class='ocr_par' dir='ltr' id='par_1_9' title="bbox 426 756 2005 831">
     <span class='ocr_line' id='line_1_9' title="bbox 426 756 2005 831; baseline -0.006 -11"><span class='ocrx_word' id='word_1_44' title='bbox 426 766 605 820; x_wconf 82' lang='lat' dir='ltr'><strong>tiones</strong></span> <span class='ocrx_word' id='word_1_45' title='bbox 638 774 981 831; x_wconf 74' lang='lat' dir='ltr'><strong>nequaquam</strong></span> <span class='ocrx_word' id='word_1_46' title='bbox 1014 759 1514 814; x_wconf 81' lang='lat' dir='ltr'><strong>tumultuabuntur.</strong></span> <span class='ocrx_word' id='word_1_47' title='bbox 1550 757 1607 811; x_wconf 84' lang='lat' dir='ltr'><strong>Si</strong></span> <span class='ocrx_word' id='word_1_48' title='bbox 1639 757 1786 811; x_wconf 90' lang='lat' dir='ltr'><strong>enim</strong></span> <span class='ocrx_word' id='word_1_49' title='bbox 1818 756 2005 828; x_wconf 78' lang='lat' dir='ltr'><strong>auriga</strong></span> 
     </span>
    </p>
   </div>
   <div class='ocr_carea' id='block_1_10' title="bbox 422 848 2005 923">
    <p class='ocr_par' dir='ltr' id='par_1_10' title="bbox 422 848 2005 923">
     <span class='ocr_line' id='line_1_10' title="bbox 422 848 2005 923; baseline -0.004 -14"><span class='ocrx_word' id='word_1_50' title='bbox 422 855 637 911; x_wconf 76' lang='lat' dir='ltr'><strong>validus</strong></span> <span class='ocrx_word' id='word_1_51' title='bbox 675 854 861 919; x_wconf 80' lang='lat' dir='ltr'><strong>fuerit,</strong></span> <span class='ocrx_word' id='word_1_52' title='bbox 898 863 953 908; x_wconf 89' lang='lat' dir='ltr'><strong>et</strong></span> <span class='ocrx_word' id='word_1_53' title='bbox 997 866 1170 923; x_wconf 85' lang='lat' dir='ltr'><strong>equos</strong></span> <span class='ocrx_word' id='word_1_54' title='bbox 1204 854 1441 907; x_wconf 85' lang='lat' dir='ltr'><strong>scienter</strong></span> <span class='ocrx_word' id='word_1_55' title='bbox 1483 848 1693 906; x_wconf 75' lang='lat' dir='ltr'><strong>ﬂexerit</strong></span> <span class='ocrx_word' id='word_1_56' title='bbox 1732 857 1787 903; x_wconf 91' lang='lat' dir='ltr'><strong>et</strong></span> <span class='ocrx_word' id='word_1_57' title='bbox 1818 848 2005 903; x_wconf 87' lang='lat' dir='ltr'><strong>mode-</strong></span> 
     </span>
    </p>
   </div>
   <div class='ocr_carea' id='block_1_11' title="bbox 425 943 1758 1015">
    <p class='ocr_par' dir='ltr' id='par_1_11' title="bbox 425 943 1758 1015">
     <span class='ocr_line' id='line_1_11' title="bbox 425 943 1758 1015; baseline -0.006 -12"><span class='ocrx_word' id='word_1_58' title='bbox 425 959 578 1004; x_wconf 71' lang='lat' dir='ltr'><strong>ratus</strong></span> <span class='ocrx_word' id='word_1_59' title='bbox 619 947 805 1015; x_wconf 71' lang='lat' dir='ltr'><strong>fuerit,</strong></span> <span class='ocrx_word' id='word_1_60' title='bbox 835 946 1072 1001; x_wconf 90' lang='lat' dir='ltr'><strong>insultus</strong></span> <span class='ocrx_word' id='word_1_61' title='bbox 1104 962 1212 1000; x_wconf 84' lang='lat' dir='ltr'><strong>non</strong></span> <span class='ocrx_word' id='word_1_62' title='bbox 1242 944 1520 1000; x_wconf 81' lang='lat' dir='ltr'><strong>habebunt</strong></span> <span class='ocrx_word' id='word_1_63' title='bbox 1557 943 1758 999; x_wconf 84' lang='lat' dir='ltr'><strong>locum.</strong></span> 
     </span>
    </p>
   </div>
   <div class='ocr_carea' id='block_1_12' title="bbox 496 1058 2006 1128">
    <p class='ocr_par' dir='ltr' id='par_1_12' title="bbox 496 1058 2006 1128">
     <span class='ocr_line' id='line_1_12' title="bbox 496 1058 2006 1128; baseline -0.002 -17"><span class='ocrx_word' id='word_1_64' title='bbox 496 1060 663 1116; x_wconf 71' lang='lat' dir='ltr'><strong>Vens.</strong></span> <span class='ocrx_word' id='word_1_65' title='bbox 707 1061 762 1114; x_wconf 76' lang='grc'>4.</span> <span class='ocrx_word' id='word_1_66' title='bbox 818 1078 838 1111; x_wconf 77' lang='grc' dir='ltr'><strong>ι</strong></span> <span class='ocrx_word' id='word_1_67' title='bbox 888 1058 1033 1113; x_wconf 85' lang='lat' dir='ltr'><strong>Sana</strong></span> <span class='ocrx_word' id='word_1_68' title='bbox 1072 1074 1181 1126; x_wconf 89' lang='lat' dir='ltr'><strong>me,</strong></span> <span class='ocrx_word' id='word_1_69' title='bbox 1215 1058 1462 1124; x_wconf 87' lang='lat' dir='ltr'><strong>Domine,</strong></span> <span class='ocrx_word' id='word_1_70' title='bbox 1494 1059 1753 1128; x_wconf 90' lang='lat' dir='ltr'><strong>quoniam</strong></span> <span class='ocrx_word' id='word_1_71' title='bbox 1781 1066 2006 1110; x_wconf 89' lang='lat' dir='ltr'><strong>contur-</strong></span> 
     </span>
    </p>
   </div>
   <div class='ocr_carea' id='block_1_13' title="bbox 423 1146 1998 1215">
    <p class='ocr_par' dir='ltr' id='par_1_13' title="bbox 423 1146 1998 1215">
     <span class='ocr_line' id='line_1_13' title="bbox 423 1146 1998 1215; baseline -0.008 -6"><span class='ocrx_word' id='word_1_72' title='bbox 423 1155 547 1209; x_wconf 83' lang='lat' dir='ltr'><strong>bata</strong></span> <span class='ocrx_word' id='word_1_73' title='bbox 569 1160 698 1209; x_wconf 72' lang='lat' dir='ltr'><strong>sunt</strong></span> <span class='ocrx_word' id='word_1_74' title='bbox 713 1166 840 1207; x_wconf 86' lang='lat' dir='ltr'><strong>ossa</strong></span> <span class='ocrx_word' id='word_1_75' title='bbox 857 1166 998 1215; x_wconf 91' lang='lat' dir='ltr'><strong>mea,</strong></span> <span class='ocrx_word' id='word_1_76' title='bbox 1020 1161 1074 1204; x_wconf 85' lang='lat' dir='ltr'><strong>et</strong></span> <span class='ocrx_word' id='word_1_77' title='bbox 1091 1150 1272 1204; x_wconf 88' lang='lat' dir='ltr'><strong>anima</strong></span> <span class='ocrx_word' id='word_1_78' title='bbox 1294 1165 1411 1203; x_wconf 88' lang='lat' dir='ltr'><strong>mea</strong></span> <span class='ocrx_word' id='word_1_79' title='bbox 1432 1150 1647 1203; x_wconf 89' lang='lat' dir='ltr'><strong>turbata</strong></span> <span class='ocrx_word' id='word_1_80' title='bbox 1668 1155 1752 1203; x_wconf 91' lang='lat' dir='ltr'><strong>est</strong></span> <span class='ocrx_word' id='word_1_81' title='bbox 1772 1146 1947 1200; x_wconf 80' lang='lat' dir='ltr'><strong>valde.</strong></span> <span class='ocrx_word' id='word_1_82' title='bbox 1980 1165 1998 1196; x_wconf 73' lang='grc' dir='ltr'><strong>ι</strong></span> 
     </span>
    </p>
   </div>
   <div class='ocr_carea' id='block_1_14' title="bbox 421 1236 2004 1311">
    <p class='ocr_par' dir='ltr' id='par_1_14' title="bbox 421 1236 2004 1311">
     <span class='ocr_line' id='line_1_14' title="bbox 421 1236 2004 1311; baseline -0.007 -9"><span class='ocrx_word' id='word_1_83' title='bbox 421 1245 561 1302; x_wconf 85' lang='lat' dir='ltr'><strong>Ossa</strong></span> <span class='ocrx_word' id='word_1_84' title='bbox 597 1247 649 1299; x_wconf 93' lang='lat' dir='ltr'><strong>in</strong></span> <span class='ocrx_word' id='word_1_85' title='bbox 683 1245 787 1300; x_wconf 90' lang='lat' dir='ltr'><strong>hoc</strong></span> <span class='ocrx_word' id='word_1_86' title='bbox 813 1243 936 1299; x_wconf 88' lang='lat' dir='ltr'><strong>loco</strong></span> <span class='ocrx_word' id='word_1_87' title='bbox 968 1242 1417 1297; x_wconf 82' lang='lat' dir='ltr'><strong>ratiocinationes</strong></span> <span class='ocrx_word' id='word_1_88' title='bbox 1457 1240 1712 1311; x_wconf 83' lang='lat' dir='ltr'><strong>appellat.</strong></span> <span class='ocrx_word' id='word_1_89' title='bbox 1740 1236 2004 1305; x_wconf 85' lang='lat' dir='ltr'><strong>Quoniam</strong></span> 
     </span>
    </p>
   </div>
   <div class='ocr_carea' id='block_1_15' title="bbox 422 1333 2005 1403">
    <p class='ocr_par' dir='ltr' id='par_1_15' title="bbox 422 1333 2005 1403">
     <span class='ocr_line' id='line_1_15' title="bbox 422 1333 2005 1403; baseline -0.006 -9"><span class='ocrx_word' id='word_1_90' title='bbox 422 1341 566 1394; x_wconf 89' lang='lat' dir='ltr'><strong>enim</strong></span> <span class='ocrx_word' id='word_1_91' title='bbox 584 1353 710 1394; x_wconf 89' lang='lat' dir='ltr'><strong>ossa</strong></span> <span class='ocrx_word' id='word_1_92' title='bbox 731 1335 1550 1397; x_wconf 83' lang='lat' dir='ltr'><strong>densioremhabentnaturam,</strong></span> <span class='ocrx_word' id='word_1_93' title='bbox 1583 1333 1770 1403; x_wconf 90' lang='lat' dir='ltr'><strong>etipsa</strong></span> <span class='ocrx_word' id='word_1_94' title='bbox 1802 1345 2005 1399; x_wconf 90' lang='lat' dir='ltr'><strong>corpus</strong></span> 
     </span>
    </p>
   </div>
   <div class='ocr_carea' id='block_1_16' title="bbox 424 1422 2003 1499">
    <p class='ocr_par' dir='ltr' id='par_1_16' title="bbox 424 1422 2003 1499">
     <span class='ocr_line' id='line_1_16' title="bbox 424 1422 2003 1499; baseline -0.008 -14"><span class='ocrx_word' id='word_1_95' title='bbox 424 1431 644 1496; x_wconf 76' lang='lat' dir='ltr'><strong>ferunt;</strong></span> <span class='ocrx_word' id='word_1_96' title='bbox 697 1430 902 1499; x_wconf 86' lang='lat' dir='ltr'><strong>tropice</strong></span> <span class='ocrx_word' id='word_1_97' title='bbox 951 1428 1417 1490; x_wconf 86' lang='lat' dir='ltr'><strong>ratiocinationes,</strong></span> <span class='ocrx_word' id='word_1_98' title='bbox 1467 1440 1565 1494; x_wconf 91' lang='lat' dir='ltr'><strong>per</strong></span> <span class='ocrx_word' id='word_1_99' title='bbox 1614 1439 1752 1493; x_wconf 85' lang='lat' dir='ltr'><strong>quas</strong></span> <span class='ocrx_word' id='word_1_100' title='bbox 1804 1422 2003 1478; x_wconf 89' lang='lat' dir='ltr'><strong>animal</strong></span> 
     </span>
    </p>
   </div>
   <div class='ocr_carea' id='block_1_17' title="bbox 424 1518 1999 1593">
    <p class='ocr_par' dir='ltr' id='par_1_17' title="bbox 424 1518 1999 1593">
     <span class='ocr_line' id='line_1_17' title="bbox 424 1518 1999 1593; baseline -0.005 -17"><span class='ocrx_word' id='word_1_101' title='bbox 424 1523 701 1593; x_wconf 81' lang='lat' dir='ltr'><strong>dirigitur,</strong></span> <span class='ocrx_word' id='word_1_102' title='bbox 736 1538 862 1577; x_wconf 85' lang='lat' dir='ltr'><strong>ossa</strong></span> <span class='ocrx_word' id='word_1_103' title='bbox 898 1520 1254 1589; x_wconf 80' lang='lat' dir='ltr'><strong>nuncupavit.</strong></span> <span class='ocrx_word' id='word_1_104' title='bbox 1291 1519 1384 1572; x_wconf 75' lang='lat' dir='ltr'><strong>Ait</strong></span> <span class='ocrx_word' id='word_1_105' title='bbox 1410 1518 1597 1589; x_wconf 89' lang='lat' dir='ltr'><strong>igitur,</strong></span> <span class='ocrx_word' id='word_1_106' title='bbox 1634 1518 1831 1571; x_wconf 90' lang='lat' dir='ltr'><strong>horum</strong></span> <span class='ocrx_word' id='word_1_107' title='bbox 1864 1531 1999 1571; x_wconf 86' lang='lat' dir='ltr'><strong>cnn-</strong></span> 
     </span>
    </p>
   </div>
   <div class='ocr_carea' id='block_1_18' title="bbox 426 1608 2005 1678">
    <p class='ocr_par' dir='ltr' id='par_1_18' title="bbox 426 1608 2005 1678">
     <span class='ocr_line' id='line_1_18' title="bbox 426 1608 2005 1678; baseline -0.006 -9"><span class='ocrx_word' id='word_1_108' title='bbox 426 1615 666 1669; x_wconf 91' lang='lat' dir='ltr'><strong>turbatio</strong></span> <span class='ocrx_word' id='word_1_109' title='bbox 719 1613 1001 1668; x_wconf 83' lang='lat' dir='ltr'><strong>concussit</strong></span> <span class='ocrx_word' id='word_1_110' title='bbox 1032 1622 1087 1666; x_wconf 90' lang='lat' dir='ltr'><strong>et</strong></span> <span class='ocrx_word' id='word_1_111' title='bbox 1129 1611 1425 1667; x_wconf 91' lang='lat' dir='ltr'><strong>commovit</strong></span> <span class='ocrx_word' id='word_1_112' title='bbox 1461 1624 1568 1664; x_wconf 88' lang='lat' dir='ltr'><strong>me.</strong></span> <span class='ocrx_word' id='word_1_113' title='bbox 1603 1608 1784 1676; x_wconf 89' lang='lat' dir='ltr'><strong>Quare</strong></span> <span class='ocrx_word' id='word_1_114' title='bbox 1813 1621 2005 1678; x_wconf 90' lang='lat' dir='ltr'><strong>precor</strong></span> 
     </span>
    </p>
   </div>
   <div class='ocr_carea' id='block_1_19' title="bbox 424 1700 2003 1775">
    <p class='ocr_par' dir='ltr' id='par_1_19' title="bbox 424 1700 2003 1775">
     <span class='ocr_line' id='line_1_19' title="bbox 424 1700 2003 1775; baseline -0.005 -15"><span class='ocrx_word' id='word_1_115' title='bbox 424 1716 485 1760; x_wconf 87' lang='lat' dir='ltr'><strong>ut</strong></span> <span class='ocrx_word' id='word_1_116' title='bbox 539 1715 631 1760; x_wconf 87' lang='lat' dir='ltr'><strong>tua</strong></span> <span class='ocrx_word' id='word_1_117' title='bbox 686 1704 1019 1775; x_wconf 79' lang='lat' dir='ltr'><strong>benignitate</strong></span> <span class='ocrx_word' id='word_1_118' title='bbox 1072 1702 1356 1774; x_wconf 77' lang='lat' dir='ltr'><strong>perfruar,</strong></span> <span class='ocrx_word' id='word_1_119' title='bbox 1408 1711 1467 1757; x_wconf 90' lang='lat' dir='ltr'><strong>ut</strong></span> <span class='ocrx_word' id='word_1_120' title='bbox 1498 1716 1596 1772; x_wconf 90' lang='lat' dir='ltr'><strong>per</strong></span> <span class='ocrx_word' id='word_1_121' title='bbox 1626 1700 1768 1755; x_wconf 89' lang='lat' dir='ltr'><strong>hanc</strong></span> <span class='ocrx_word' id='word_1_122' title='bbox 1795 1714 2003 1754; x_wconf 90' lang='lat' dir='ltr'><strong>conva-</strong></span> 
     </span>
    </p>
   </div>
   <div class='ocr_carea' id='block_1_20' title="bbox 432 1802 658 1854">
    <p class='ocr_par' dir='ltr' id='par_1_20' title="bbox 432 1802 658 1854">
     <span class='ocr_line' id='line_1_20' title="bbox 432 1802 658 1854; baseline -0.009 0"><span class='ocrx_word' id='word_1_123' title='bbox 432 1802 658 1854; x_wconf 81' lang='lat' dir='ltr'><strong>lescam.</strong></span> 
     </span>
    </p>
   </div>
   <div class='ocr_carea' id='block_1_21' title="bbox 498 1923 2004 1999">
    <p class='ocr_par' dir='ltr' id='par_1_21' title="bbox 498 1923 2004 1999">
     <span class='ocr_line' id='line_1_21' title="bbox 498 1923 2004 1999; baseline -0.004 -15"><span class='ocrx_word' id='word_1_124' title='bbox 498 1936 516 1955; x_wconf 81' lang='grc'><strong><em>*</em></strong></span> <span class='ocrx_word' id='word_1_125' title='bbox 538 1951 554 1984; x_wconf 82' lang='grc' dir='ltr'><strong>ι</strong></span> <span class='ocrx_word' id='word_1_126' title='bbox 574 1930 640 1986; x_wconf 86' lang='lat' dir='ltr'><strong>Et</strong></span> <span class='ocrx_word' id='word_1_127' title='bbox 658 1942 735 1994; x_wconf 92' lang='lat' dir='ltr'><strong>tu,</strong></span> <span class='ocrx_word' id='word_1_128' title='bbox 750 1929 1002 1994; x_wconf 86' lang='lat' dir='ltr'><strong>Domine,</strong></span> <span class='ocrx_word' id='word_1_129' title='bbox 1016 1928 1334 1999; x_wconf 86' lang='lat' dir='ltr'><strong>usquequo?</strong></span> <span class='ocrx_word' id='word_1_130' title='bbox 1353 1925 1541 1999; x_wconf 62' lang='lat' dir='ltr'><strong>[Vens</strong></span> <span class='ocrx_word' id='word_1_131' title='bbox 1557 1923 1636 1998; x_wconf 82' lang='lat'><strong>5.]</strong></span> <span class='ocrx_word' id='word_1_132' title='bbox 1656 1924 2004 1987; x_wconf 86' lang='lat' dir='ltr'><strong>Convertere,</strong></span> 
     </span>
    </p>
   </div>
   <div class='ocr_carea' id='block_1_22' title="bbox 428 2016 2005 2092">
    <p class='ocr_par' dir='ltr' id='par_1_22' title="bbox 428 2016 2005 2092">
     <span class='ocr_line' id='line_1_22' title="bbox 428 2016 2005 2092; baseline -0.003 -16"><span class='ocrx_word' id='word_1_133' title='bbox 428 2024 675 2090; x_wconf 79' lang='lat' dir='ltr'><strong>Domine,</strong></span> <span class='ocrx_word' id='word_1_134' title='bbox 697 2022 846 2092; x_wconf 86' lang='lat' dir='ltr'><strong>eripe</strong></span> <span class='ocrx_word' id='word_1_135' title='bbox 865 2024 1106 2075; x_wconf 87' lang='lat' dir='ltr'><strong>animam</strong></span> <span class='ocrx_word' id='word_1_136' title='bbox 1126 2035 1322 2085; x_wconf 91' lang='lat' dir='ltr'><strong>meam,</strong></span> <span class='ocrx_word' id='word_1_137' title='bbox 1348 2019 1557 2073; x_wconf 86' lang='lat' dir='ltr'><strong>salvum</strong></span> <span class='ocrx_word' id='word_1_138' title='bbox 1580 2033 1666 2073; x_wconf 90' lang='lat' dir='ltr'><strong>me</strong></span> <span class='ocrx_word' id='word_1_139' title='bbox 1683 2016 1769 2072; x_wconf 80' lang='lat' dir='ltr'><strong>fac</strong></span> <span class='ocrx_word' id='word_1_140' title='bbox 1785 2025 2005 2088; x_wconf 85' lang='lat' dir='ltr'><strong>propter</strong></span> 
     </span>
    </p>
   </div>
   <div class='ocr_carea' id='block_1_23' title="bbox 424 2110 2004 2181">
    <p class='ocr_par' dir='ltr' id='par_1_23' title="bbox 424 2110 2004 2181">
     <span class='ocr_line' id='line_1_23' title="bbox 424 2110 2004 2181; baseline -0.006 -9"><span class='ocrx_word' id='word_1_141' title='bbox 424 2117 857 2173; x_wconf 84' lang='lat' dir='ltr'><strong>misericordiam</strong></span> <span class='ocrx_word' id='word_1_142' title='bbox 917 2125 1090 2170; x_wconf 90' lang='lat' dir='ltr'><strong>tuam.</strong></span> <span class='ocrx_word' id='word_1_143' title='bbox 1137 2132 1155 2166; x_wconf 73' lang='grc' dir='ltr'><strong>ι</strong></span> <span class='ocrx_word' id='word_1_144' title='bbox 1208 2111 1324 2167; x_wconf 82' lang='grc' dir='ltr'><strong>Νοη</strong></span> <span class='ocrx_word' id='word_1_145' title='bbox 1360 2111 1492 2166; x_wconf 87' lang='lat' dir='ltr'><strong>dicit</strong></span> <span class='ocrx_word' id='word_1_146' title='bbox 1540 2126 1825 2181; x_wconf 76' lang='lat' dir='ltr'><strong>usquequo,</strong></span> <span class='ocrx_word' id='word_1_147' title='bbox 1854 2110 2004 2165; x_wconf 84' lang='lat' dir='ltr'><strong>velut</strong></span> 
     </span>
    </p>
   </div>
   <div class='ocr_carea' id='block_1_24' title="bbox 424 2202 2004 2277">
    <p class='ocr_par' dir='ltr' id='par_1_24' title="bbox 424 2202 2004 2277">
     <span class='ocr_line' id='line_1_24' title="bbox 424 2202 2004 2277; baseline -0.003 -15"><span class='ocrx_word' id='word_1_148' title='bbox 424 2207 734 2277; x_wconf 87' lang='lat' dir='ltr'><strong>increpans,</strong></span> <span class='ocrx_word' id='word_1_149' title='bbox 765 2204 928 2277; x_wconf 70' lang='grc'><strong>642</strong></span> <span class='ocrx_word' id='word_1_150' title='bbox 961 2205 1053 2259; x_wconf 75' lang='lat' dir='ltr'><strong>sed</strong></span> <span class='ocrx_word' id='word_1_151' title='bbox 1081 2219 1205 2259; x_wconf 89' lang='lat' dir='ltr'><strong>cum</strong></span> <span class='ocrx_word' id='word_1_152' title='bbox 1228 2202 1281 2257; x_wconf 92' lang='lat' dir='ltr'><strong>in</strong></span> <span class='ocrx_word' id='word_1_153' title='bbox 1303 2202 1492 2257; x_wconf 88' lang='lat' dir='ltr'><strong>dolore</strong></span> <span class='ocrx_word' id='word_1_154' title='bbox 1518 2202 1611 2268; x_wconf 89' lang='lat' dir='ltr'><strong>sit,</strong></span> <span class='ocrx_word' id='word_1_155' title='bbox 1643 2202 1918 2268; x_wconf 88' lang='lat' dir='ltr'><strong>obsecrat,</strong></span> <span class='ocrx_word' id='word_1_156' title='bbox 1944 2212 2004 2258; x_wconf 89' lang='lat' dir='ltr'><strong>ut</strong></span> 
     </span>
    </p>
   </div>
   <div class='ocr_carea' id='block_1_25' title="bbox 423 2294 1995 2369">
    <p class='ocr_par' dir='ltr' id='par_1_25' title="bbox 423 2294 1995 2369">
     <span class='ocr_line' id='line_1_25' title="bbox 423 2294 1995 2369; baseline -0.004 -16"><span class='ocrx_word' id='word_1_157' title='bbox 423 2313 580 2369; x_wconf 86' lang='lat' dir='ltr'><strong>opem</strong></span> <span class='ocrx_word' id='word_1_158' title='bbox 646 2312 875 2367; x_wconf 88' lang='lat' dir='ltr'><strong>propere</strong></span> <span class='ocrx_word' id='word_1_159' title='bbox 932 2296 1089 2350; x_wconf 81' lang='lat' dir='ltr'><strong>ferat.</strong></span> <span class='ocrx_word' id='word_1_160' title='bbox 1144 2294 1424 2349; x_wconf 88' lang='lat' dir='ltr'><strong>Concinne</strong></span> <span class='ocrx_word' id='word_1_161' title='bbox 1488 2303 1670 2348; x_wconf 88' lang='lat' dir='ltr'><strong>autem</strong></span> <span class='ocrx_word' id='word_1_162' title='bbox 1722 2294 1995 2365; x_wconf 87' lang='lat' dir='ltr'><strong>apposuit,</strong></span> 
     </span>
    </p>
   </div>
   <div class='ocr_carea' id='block_1_26' title="bbox 428 2383 1996 2461">
    <p class='ocr_par' dir='ltr' id='par_1_26' title="bbox 428 2383 1996 2461">
     <span class='ocr_line' id='line_1_26' title="bbox 428 2383 1996 2461; baseline -0.002 -18"><span class='ocrx_word' id='word_1_163' title='bbox 428 2409 449 2443; x_wconf 75' lang='grc' dir='ltr'><strong>ι</strong></span> <span class='ocrx_word' id='word_1_164' title='bbox 490 2390 714 2461; x_wconf 82' lang='lat' dir='ltr'><strong>Propter</strong></span> <span class='ocrx_word' id='word_1_165' title='bbox 740 2386 1173 2444; x_wconf 84' lang='lat' dir='ltr'><strong>misericordiam</strong></span> <span class='ocrx_word' id='word_1_166' title='bbox 1201 2396 1373 2441; x_wconf 91' lang='lat' dir='ltr'><strong>tuam.</strong></span> <span class='ocrx_word' id='word_1_167' title='bbox 1405 2403 1424 2438; x_wconf 71' lang='grc' dir='ltr'><strong>ι</strong></span> <span class='ocrx_word' id='word_1_168' title='bbox 1459 2383 1578 2439; x_wconf 85' lang='lat' dir='ltr'><strong>Non</strong></span> <span class='ocrx_word' id='word_1_169' title='bbox 1597 2386 1768 2449; x_wconf 89' lang='lat' dir='ltr'><strong>enim,</strong></span> <span class='ocrx_word' id='word_1_170' title='bbox 1799 2386 1996 2456; x_wconf 88' lang='lat' dir='ltr'><strong>inquit,</strong></span> 
     </span>
    </p>
   </div>
   <div class='ocr_carea' id='block_1_27' title="bbox 402 2470 1998 2553">
    <p class='ocr_par' dir='ltr' id='par_1_27' title="bbox 402 2470 1998 2553">
     <span class='ocr_line' id='line_1_27' title="bbox 402 2470 1998 2553; baseline -0.003 -16"><span class='ocrx_word' id='word_1_171' title='bbox 402 2470 557 2537; x_wconf 28' lang='lat' dir='ltr'><strong>‘mihi</strong></span> <span class='ocrx_word' id='word_1_172' title='bbox 606 2483 707 2553; x_wconf 90' lang='lat' dir='ltr'><strong>ipsi</strong></span> <span class='ocrx_word' id='word_1_173' title='bbox 747 2480 983 2546; x_wconf 83' lang='lat' dir='ltr'><strong>conﬁdo,</strong></span> <span class='ocrx_word' id='word_1_174' title='bbox 1019 2496 1192 2550; x_wconf 89' lang='lat' dir='ltr'><strong>neque</strong></span> <span class='ocrx_word' id='word_1_175' title='bbox 1235 2494 1370 2533; x_wconf 64' lang='lat' dir='ltr'><strong>mea:</strong></span> <span class='ocrx_word' id='word_1_176' title='bbox 1396 2478 1626 2549; x_wconf 73' lang='lat' dir='ltr'><strong>iustitiae</strong></span> <span class='ocrx_word' id='word_1_177' title='bbox 1655 2478 1998 2534; x_wconf 80' lang='lat' dir='ltr'><strong>tuumauxi-</strong></span> 
     </span>
    </p>
   </div>
   <div class='ocr_carea' id='block_1_28' title="bbox 423 2571 1995 2642">
    <p class='ocr_par' dir='ltr' id='par_1_28' title="bbox 423 2571 1995 2642">
     <span class='ocr_line' id='line_1_28' title="bbox 423 2571 1995 2642; baseline -0.002 -14"><span class='ocrx_word' id='word_1_178' title='bbox 423 2576 554 2631; x_wconf 88' lang='lat' dir='ltr'><strong>lium</strong></span> <span class='ocrx_word' id='word_1_179' title='bbox 591 2576 843 2642; x_wconf 88' lang='lat' dir='ltr'><strong>ascribo;</strong></span> <span class='ocrx_word' id='word_1_180' title='bbox 866 2573 961 2629; x_wconf 88' lang='lat' dir='ltr'><strong>sed</strong></span> <span class='ocrx_word' id='word_1_181' title='bbox 987 2574 1056 2628; x_wconf 91' lang='lat' dir='ltr'><strong>oh</strong></span> <span class='ocrx_word' id='word_1_182' title='bbox 1082 2583 1227 2627; x_wconf 88' lang='lat' dir='ltr'><strong>tuam</strong></span> <span class='ocrx_word' id='word_1_183' title='bbox 1250 2571 1686 2628; x_wconf 86' lang='lat' dir='ltr'><strong>misericordiam</strong></span> <span class='ocrx_word' id='word_1_184' title='bbox 1713 2571 1995 2640; x_wconf 86' lang='lat' dir='ltr'><strong>deprecor,</strong></span> 
     </span>
    </p>
   </div>
   <div class='ocr_carea' id='block_1_29' title="bbox 424 2663 1998 2738">
    <p class='ocr_par' dir='ltr' id='par_1_29' title="bbox 424 2663 1998 2738">
     <span class='ocr_line' id='line_1_29' title="bbox 424 2663 1998 2738; baseline -0.004 -14"><span class='ocrx_word' id='word_1_185' title='bbox 424 2680 485 2725; x_wconf 91' lang='lat' dir='ltr'><strong>ut</strong></span> <span class='ocrx_word' id='word_1_186' title='bbox 516 2670 660 2725; x_wconf 91' lang='lat' dir='ltr'><strong>illius</strong></span> <span class='ocrx_word' id='word_1_187' title='bbox 675 2682 900 2738; x_wconf 85' lang='lat' dir='ltr'><strong>compos</strong></span> <span class='ocrx_word' id='word_1_188' title='bbox 928 2668 1074 2722; x_wconf 88' lang='lat' dir='ltr'><strong>llam.</strong></span> <span class='ocrx_word' id='word_1_189' title='bbox 1103 2664 1219 2722; x_wconf 84' lang='lat' dir='ltr'><strong>Hoc</strong></span> <span class='ocrx_word' id='word_1_190' title='bbox 1236 2676 1441 2728; x_wconf 89' lang='lat' dir='ltr'><strong>autem,</strong></span> <span class='ocrx_word' id='word_1_191' title='bbox 1473 2681 1493 2715; x_wconf 77' lang='grc' dir='ltr'><strong>ι</strong></span> <span class='ocrx_word' id='word_1_192' title='bbox 1525 2673 1862 2731; x_wconf 88' lang='lat' dir='ltr'><strong>convertere,</strong></span> <span class='ocrx_word' id='word_1_193' title='bbox 1888 2663 1998 2717; x_wconf 89' lang='lat' dir='ltr'><strong>Do-</strong></span> 
     </span>
    </p>
   </div>
   <div class='ocr_carea' id='block_1_30' title="bbox 423 2756 1997 2831">
    <p class='ocr_par' dir='ltr' id='par_1_30' title="bbox 423 2756 1997 2831">
     <span class='ocr_line' id='line_1_30' title="bbox 423 2756 1997 2831; baseline -0.002 -16"><span class='ocrx_word' id='word_1_194' title='bbox 423 2762 590 2828; x_wconf 86' lang='lat' dir='ltr'><strong>mine,</strong></span> <span class='ocrx_word' id='word_1_195' title='bbox 632 2780 651 2814; x_wconf 75' lang='grc' dir='ltr'><strong>ι</strong></span> <span class='ocrx_word' id='word_1_196' title='bbox 688 2776 810 2831; x_wconf 89' lang='lat' dir='ltr'><strong>pro,</strong></span> <span class='ocrx_word' id='word_1_197' title='bbox 860 2758 1077 2814; x_wconf 87' lang='lat' dir='ltr'><strong>attende</strong></span> <span class='ocrx_word' id='word_1_198' title='bbox 1107 2758 1175 2812; x_wconf 92' lang='lat' dir='ltr'><strong>ad</strong></span> <span class='ocrx_word' id='word_1_199' title='bbox 1205 2773 1312 2822; x_wconf 89' lang='lat' dir='ltr'><strong>me,</strong></span> <span class='ocrx_word' id='word_1_200' title='bbox 1360 2756 1563 2827; x_wconf 88' lang='lat' dir='ltr'><strong>posuit,</strong></span> <span class='ocrx_word' id='word_1_201' title='bbox 1594 2762 1650 2810; x_wconf 89' lang='lat' dir='ltr'><strong>et</strong></span> <span class='ocrx_word' id='word_1_202' title='bbox 1689 2771 1757 2812; x_wconf 91' lang='lat' dir='ltr'><strong>ne</strong></span> <span class='ocrx_word' id='word_1_203' title='bbox 1777 2764 1997 2812; x_wconf 86' lang='lat' dir='ltr'><strong>avertas</strong></span> 
     </span>
    </p>
   </div>
   <div class='ocr_carea' id='block_1_31' title="bbox 2119 482 3679 563">
    <p class='ocr_par' dir='ltr' id='par_1_31' title="bbox 2119 482 3679 563">
     <span class='ocr_line' id='line_1_31' title="bbox 2119 482 3679 563; baseline 0.005 -28"><span class='ocrx_word' id='word_1_204' title='bbox 2119 482 2498 552; x_wconf 79' lang='grc' dir='ltr'>Ἀρμόττουσα</span> <span class='ocrx_word' id='word_1_205' title='bbox 2553 486 2669 563; x_wconf 82' lang='grc' dir='ltr'>τοῖς</span> <span class='ocrx_word' id='word_1_206' title='bbox 2711 484 3098 555; x_wconf 75' lang='grc' dir='ltr'><strong>ἡμαρτηκόσιν</strong></span> <span class='ocrx_word' id='word_1_207' title='bbox 3140 485 3176 556; x_wconf 73' lang='grc' dir='ltr'><strong>η</strong></span> <span class='ocrx_word' id='word_1_208' title='bbox 3231 485 3460 558; x_wconf 79' lang='grc' dir='ltr'>τοιαύτη</span> <span class='ocrx_word' id='word_1_209' title='bbox 3500 490 3679 561; x_wconf 71' lang='grc' dir='ltr'>φωνή.</span> 
     </span>
    </p>
   </div>
   <div class='ocr_carea' id='block_1_32' title="bbox 2119 572 3682 651">
    <p class='ocr_par' dir='ltr' id='par_1_32' title="bbox 2119 572 3682 651">
     <span class='ocr_line' id='line_1_32' title="bbox 2119 572 3682 651; baseline 0.006 -26"><span class='ocrx_word' id='word_1_210' title='bbox 2119 572 2431 639; x_wconf 79' lang='grc' dir='ltr'>Ἀσθενειας</span> <span class='ocrx_word' id='word_1_211' title='bbox 2484 574 2595 646; x_wconf 83' lang='grc' dir='ltr'><strong>γὰρ</strong></span> <span class='ocrx_word' id='word_1_212' title='bbox 2637 575 2972 648; x_wconf 77' lang='grc' dir='ltr'><strong>ἡγουμένης,</strong></span> <span class='ocrx_word' id='word_1_213' title='bbox 3027 577 3061 648; x_wconf 82' lang='grc' dir='ltr'><strong>ή</strong></span> <span class='ocrx_word' id='word_1_214' title='bbox 3104 576 3356 650; x_wconf 71' lang='grc' dir='ltr'>ἁμαρτία</span> <span class='ocrx_word' id='word_1_215' title='bbox 3416 581 3565 651; x_wconf 77' lang='grc' dir='ltr'>νικᾷ.</span> <span class='ocrx_word' id='word_1_216' title='bbox 3622 581 3682 634; x_wconf 74' lang='grc' dir='ltr'><strong>ει</strong></span> 
     </span>
    </p>
   </div>
   <div class='ocr_carea' id='block_1_33' title="bbox 2107 664 3681 740">
    <p class='ocr_par' dir='ltr' id='par_1_33' title="bbox 2107 664 3681 740">
     <span class='ocr_line' id='line_1_33' title="bbox 2107 664 3681 740; baseline 0.006 -22"><span class='ocrx_word' id='word_1_217' title='bbox 2107 664 2216 736; x_wconf 81' lang='grc' dir='ltr'><strong>γὰρ</strong></span> <span class='ocrx_word' id='word_1_218' title='bbox 2247 667 2324 737; x_wconf 76' lang='grc' dir='ltr'><strong>μὴ</strong></span> <span class='ocrx_word' id='word_1_219' title='bbox 2368 666 2727 739; x_wconf 77' lang='grc' dir='ltr'>ἀσθενήσει²⁰</span> <span class='ocrx_word' id='word_1_220' title='bbox 2773 668 2836 721; x_wconf 85' lang='grc' dir='ltr'><strong>τδ</strong></span> <span class='ocrx_word' id='word_1_221' title='bbox 2877 670 2937 721; x_wconf 86' lang='grc' dir='ltr'>ἐν</span> <span class='ocrx_word' id='word_1_222' title='bbox 2970 670 3106 740; x_wconf 71' lang='grc' dir='ltr'><strong>ἡμῖν</strong></span> <span class='ocrx_word' id='word_1_223' title='bbox 3162 668 3406 737; x_wconf 78' lang='grc' dir='ltr'>λογικὸν,</span> <span class='ocrx_word' id='word_1_224' title='bbox 3445 672 3509 725; x_wconf 74' lang='grc' dir='ltr'>οὐ</span> <span class='ocrx_word' id='word_1_225' title='bbox 3556 689 3681 727; x_wconf 75' lang='grc' dir='ltr'>στα-</span> 
     </span>
    </p>
   </div>
   <div class='ocr_carea' id='block_1_34' title="bbox 2107 754 3681 831">
    <p class='ocr_par' dir='ltr' id='par_1_34' title="bbox 2107 754 3681 831">
     <span class='ocr_line' id='line_1_34' title="bbox 2107 754 3681 831; baseline 0.006 -24"><span class='ocrx_word' id='word_1_226' title='bbox 2107 754 2291 807; x_wconf 85' lang='grc' dir='ltr'>σιάσει</span> <span class='ocrx_word' id='word_1_227' title='bbox 2309 754 2352 786; x_wconf 79' lang='grc'>¹¹</span> <span class='ocrx_word' id='word_1_228' title='bbox 2381 755 2452 810; x_wconf 84' lang='grc' dir='ltr'>τὰ</span> <span class='ocrx_word' id='word_1_229' title='bbox 2479 756 2631 826; x_wconf 77' lang='grc' dir='ltr'>πάθη</span> <span class='ocrx_word' id='word_1_230' title='bbox 2654 773 2669 786; x_wconf 73' lang='grc'>⁸</span> <span class='ocrx_word' id='word_1_231' title='bbox 2702 758 3018 829; x_wconf 79' lang='grc' dir='ltr'><strong>ἐρρωμένου</strong></span> <span class='ocrx_word' id='word_1_232' title='bbox 3040 759 3150 829; x_wconf 86' lang='grc' dir='ltr'>γὰρ</span> <span class='ocrx_word' id='word_1_233' title='bbox 3179 759 3273 814; x_wconf 86' lang='grc' dir='ltr'><strong>τοῦ</strong></span> <span class='ocrx_word' id='word_1_234' title='bbox 3309 760 3558 831; x_wconf 71' lang='grc' dir='ltr'><strong>ἡνιόχου,</strong></span> <span class='ocrx_word' id='word_1_235' title='bbox 3588 763 3681 819; x_wconf 63' lang='lat' dir='ltr'><strong>ui</strong></span> 
     </span>
    </p>
   </div>
   <div class='ocr_carea' id='block_1_35' title="bbox 2109 849 3683 923">
    <p class='ocr_par' dir='ltr' id='par_1_35' title="bbox 2109 849 3683 923">
     <span class='ocr_line' id='line_1_35' title="bbox 2109 849 3683 923; baseline 0.006 -24"><span class='ocrx_word' id='word_1_236' title='bbox 2109 849 2226 917; x_wconf 85' lang='grc' dir='ltr'>μετ’</span> <span class='ocrx_word' id='word_1_237' title='bbox 2278 849 2591 920; x_wconf 76' lang='grc' dir='ltr'><strong>ἐπιστήμης</strong></span> <span class='ocrx_word' id='word_1_238' title='bbox 2637 851 2769 913; x_wconf 75' lang='grc' dir='ltr'>τοὺς</span> <span class='ocrx_word' id='word_1_239' title='bbox 2817 850 3015 914; x_wconf 80' lang='grc' dir='ltr'><strong>ἵππους</strong></span> <span class='ocrx_word' id='word_1_240' title='bbox 3065 850 3162 906; x_wconf 77' lang='grc' dir='ltr'><strong>καὶ</strong></span> <span class='ocrx_word' id='word_1_241' title='bbox 3206 853 3540 923; x_wconf 75' lang='grc' dir='ltr'><strong>στρέφοντος</strong></span> <span class='ocrx_word' id='word_1_242' title='bbox 3590 854 3683 908; x_wconf 70' lang='grc' dir='ltr'><strong>καὶ</strong></span> 
     </span>
    </p>
   </div>
   <div class='ocr_carea' id='block_1_36' title="bbox 2108 939 3482 1017">
    <p class='ocr_par' dir='ltr' id='par_1_36' title="bbox 2108 939 3482 1017">
     <span class='ocr_line' id='line_1_36' title="bbox 2108 939 3482 1017; baseline 0.005 -24"><span class='ocrx_word' id='word_1_243' title='bbox 2108 939 2405 1006; x_wconf 69' lang='grc' dir='ltr'>ἰθύνοντος,</span> <span class='ocrx_word' id='word_1_244' title='bbox 2433 941 2537 995; x_wconf 80' lang='grc' dir='ltr'><strong>οὐκ</strong></span> <span class='ocrx_word' id='word_1_245' title='bbox 2567 941 2680 1014; x_wconf 73' lang='grc' dir='ltr'>ἔχει</span> <span class='ocrx_word' id='word_1_246' title='bbox 2717 943 2789 998; x_wconf 76' lang='grc' dir='ltr'>τὰ</span> <span class='ocrx_word' id='word_1_247' title='bbox 2815 944 3170 1014; x_wconf 79' lang='grc' dir='ltr'><strong>σκιρτήματα</strong></span> <span class='ocrx_word' id='word_1_248' title='bbox 3193 945 3384 1017; x_wconf 84' lang='grc' dir='ltr'><strong>χώραν</strong></span> <span class='ocrx_word' id='word_1_249' title='bbox 3409 947 3482 1000; x_wconf 68' lang='grc'><strong>’⁸.</strong></span> 
     </span>
    </p>
   </div>
   <div class='ocr_carea' id='block_1_37' title="bbox 2173 1053 3680 1130">
    <p class='ocr_par' dir='ltr' id='par_1_37' title="bbox 2173 1053 3680 1130">
     <span class='ocr_line' id='line_1_37' title="bbox 2173 1053 3680 1130; baseline 0.007 -24"><span class='ocrx_word' id='word_1_250' title='bbox 2173 1054 2237 1108; x_wconf 82' lang='grc' dir='ltr'>δ’.</span> <span class='ocrx_word' id='word_1_251' title='bbox 2276 1069 2298 1107; x_wconf 66' lang='grc' dir='ltr'><strong>ί</strong></span> <span class='ocrx_word' id='word_1_252' title='bbox 2349 1053 2534 1109; x_wconf 83' lang='grc' dir='ltr'><strong>Ἴασαὶ</strong></span> <span class='ocrx_word' id='word_1_253' title='bbox 2593 1072 2682 1126; x_wconf 89' lang='grc' dir='ltr'>με,</span> <span class='ocrx_word' id='word_1_254' title='bbox 2733 1056 2927 1128; x_wconf 83' lang='grc' dir='ltr'>Κύριε,</span> <span class='ocrx_word' id='word_1_255' title='bbox 2973 1057 3055 1112; x_wconf 88' lang='grc' dir='ltr'><strong>ὃτι</strong></span> <span class='ocrx_word' id='word_1_256' title='bbox 3098 1059 3375 1130; x_wconf 74' lang='grc' dir='ltr'><strong>ἐταράχθη</strong></span> <span class='ocrx_word' id='word_1_257' title='bbox 3430 1059 3507 1114; x_wconf 78' lang='grc' dir='ltr'><strong>τὰ</strong></span> <span class='ocrx_word' id='word_1_258' title='bbox 3552 1062 3680 1115; x_wconf 77' lang='grc' dir='ltr'><strong>ὀστᾶ</strong></span> 
     </span>
    </p>
   </div>
   <div class='ocr_carea' id='block_1_38' title="bbox 2109 1143 3681 1221">
    <p class='ocr_par' dir='ltr' id='par_1_38' title="bbox 2109 1143 3681 1221">
     <span class='ocr_line' id='line_1_38' title="bbox 2109 1143 3681 1221; baseline 0.007 -24"><span class='ocrx_word' id='word_1_259' title='bbox 2109 1161 2212 1214; x_wconf 87' lang='grc' dir='ltr'><strong>μου</strong></span> <span class='ocrx_word' id='word_1_260' title='bbox 2239 1161 2252 1174; x_wconf 88' lang='grc'><strong>·</strong></span> <span class='ocrx_word' id='word_1_261' title='bbox 2280 1143 2378 1198; x_wconf 73' lang='grc' dir='ltr'><strong>καὶ</strong></span> <span class='ocrx_word' id='word_1_262' title='bbox 2399 1147 2433 1217; x_wconf 78' lang='grc' dir='ltr'><strong>ἡ</strong></span> <span class='ocrx_word' id='word_1_263' title='bbox 2462 1144 2610 1216; x_wconf 80' lang='grc' dir='ltr'><strong>ψυχή</strong></span> <span class='ocrx_word' id='word_1_264' title='bbox 2646 1164 2749 1217; x_wconf 83' lang='grc' dir='ltr'><strong>μου</strong></span> <span class='ocrx_word' id='word_1_265' title='bbox 2784 1147 3062 1219; x_wconf 75' lang='grc' dir='ltr'>ἐταράχθη</span> <span class='ocrx_word' id='word_1_266' title='bbox 3121 1150 3351 1221; x_wconf 68' lang='grc' dir='ltr'>σφόδρα.</span> <span class='ocrx_word' id='word_1_267' title='bbox 3419 1170 3442 1203; x_wconf 68' lang='grc' dir='ltr'><strong>ι</strong></span> <span class='ocrx_word' id='word_1_268' title='bbox 3505 1150 3681 1208; x_wconf 85' lang='grc' dir='ltr'><strong>Ὀστᾶ</strong></span> 
     </span>
    </p>
   </div>
   <div class='ocr_carea' id='block_1_39' title="bbox 2107 1234 3743 1314">
    <p class='ocr_par' dir='ltr' id='par_1_39' title="bbox 2107 1234 3743 1314">
     <span class='ocr_line' id='line_1_39' title="bbox 2107 1234 3743 1314; baseline 0.002 -21"><span class='ocrx_word' id='word_1_269' title='bbox 2107 1238 2347 1294; x_wconf 84' lang='grc' dir='ltr'>ἐνταῦθα</span> <span class='ocrx_word' id='word_1_270' title='bbox 2370 1240 2498 1297; x_wconf 80' lang='grc' dir='ltr'>τοὺς</span> <span class='ocrx_word' id='word_1_271' title='bbox 2534 1240 2831 1311; x_wconf 72' lang='grc' dir='ltr'>λογισμοὺς</span> <span class='ocrx_word' id='word_1_272' title='bbox 2875 1239 3178 1312; x_wconf 73' lang='grc' dir='ltr'>ὀνομάζεισ</span> <span class='ocrx_word' id='word_1_273' title='bbox 3223 1243 3418 1314; x_wconf 80' lang='grc' dir='ltr'>ἐπειδὴ</span> <span class='ocrx_word' id='word_1_274' title='bbox 3469 1242 3585 1311; x_wconf 78' lang='grc' dir='ltr'><strong>γάο</strong></span> <span class='ocrx_word' id='word_1_275' title='bbox 3615 1244 3678 1297; x_wconf 72' lang='grc' dir='ltr'>τὰ</span> <span class='ocrx_word' id='word_1_276' title='bbox 3738 1234 3743 1241; x_wconf 74' lang='grc'><em>’</em></span> 
     </span>
    </p>
   </div>
   <div class='ocr_carea' id='block_1_40' title="bbox 2104 1330 3680 1405">
    <p class='ocr_par' dir='ltr' id='par_1_40' title="bbox 2104 1330 3680 1405">
     <span class='ocr_line' id='line_1_40' title="bbox 2104 1330 3680 1405; baseline 0.002 -21"><span class='ocrx_word' id='word_1_277' title='bbox 2104 1332 2240 1384; x_wconf 81' lang='grc' dir='ltr'>ὀστᾶ</span> <span class='ocrx_word' id='word_1_278' title='bbox 2274 1332 2687 1402; x_wconf 83' lang='grc' dir='ltr'>στεγανωτέραν</span> <span class='ocrx_word' id='word_1_279' title='bbox 2722 1330 2841 1401; x_wconf 73' lang='grc' dir='ltr'>ἔχει</span> <span class='ocrx_word' id='word_1_280' title='bbox 2874 1330 2975 1402; x_wconf 77' lang='grc' dir='ltr'><strong>τὴν</strong></span> <span class='ocrx_word' id='word_1_281' title='bbox 3004 1331 3187 1401; x_wconf 78' lang='grc' dir='ltr'>φύσιν,</span> <span class='ocrx_word' id='word_1_282' title='bbox 3232 1333 3328 1386; x_wconf 74' lang='grc' dir='ltr'><strong>καὶ</strong></span> <span class='ocrx_word' id='word_1_283' title='bbox 3358 1334 3507 1387; x_wconf 62' lang='grc' dir='ltr'><strong>αὐτὰ</strong></span> <span class='ocrx_word' id='word_1_284' title='bbox 3531 1333 3680 1405; x_wconf 76' lang='grc' dir='ltr'>φέρει</span> 
     </span>
    </p>
   </div>
   <div class='ocr_carea' id='block_1_41' title="bbox 2103 1418 3678 1495">
    <p class='ocr_par' dir='ltr' id='par_1_41' title="bbox 2103 1418 3678 1495">
     <span class='ocr_line' id='line_1_41' title="bbox 2103 1418 3678 1495; baseline 0.003 -20"><span class='ocrx_word' id='word_1_285' title='bbox 2103 1423 2166 1475; x_wconf 83' lang='grc' dir='ltr'>τδ</span> <span class='ocrx_word' id='word_1_286' title='bbox 2192 1422 2375 1491; x_wconf 89' lang='grc' dir='ltr'>σῶμα,</span> <span class='ocrx_word' id='word_1_287' title='bbox 2413 1423 2693 1495; x_wconf 79' lang='grc' dir='ltr'><strong>τροπικῶς</strong></span> <span class='ocrx_word' id='word_1_288' title='bbox 2729 1423 2859 1486; x_wconf 77' lang='grc' dir='ltr'><strong>τοὺς</strong></span> <span class='ocrx_word' id='word_1_289' title='bbox 2889 1423 3209 1495; x_wconf 78' lang='grc' dir='ltr'>λογισμοὺς,</span> <span class='ocrx_word' id='word_1_290' title='bbox 3244 1424 3314 1478; x_wconf 87' lang='grc' dir='ltr'><strong>δι’</strong></span> <span class='ocrx_word' id='word_1_291' title='bbox 3347 1418 3422 1479; x_wconf 80' lang='grc' dir='ltr'><strong>ῶν</strong></span> <span class='ocrx_word' id='word_1_292' title='bbox 3447 1425 3513 1479; x_wconf 73' lang='grc' dir='ltr'><strong>τὸ</strong></span> <span class='ocrx_word' id='word_1_293' title='bbox 3545 1424 3678 1490; x_wconf 80' lang='grc' dir='ltr'>ζῶον</span> 
     </span>
    </p>
   </div>
   <div class='ocr_carea' id='block_1_42' title="bbox 2109 1515 3678 1589">
    <p class='ocr_par' dir='ltr' id='par_1_42' title="bbox 2109 1515 3678 1589">
     <span class='ocr_line' id='line_1_42' title="bbox 2109 1515 3678 1589; baseline 0.003 -22"><span class='ocrx_word' id='word_1_294' title='bbox 2109 1515 2373 1580; x_wconf 72' lang='grc' dir='ltr'><strong>ἰθύνεται,</strong></span> <span class='ocrx_word' id='word_1_295' title='bbox 2423 1515 2561 1570; x_wconf 83' lang='grc' dir='ltr'><strong>ὀστᾶ</strong></span> <span class='ocrx_word' id='word_1_296' title='bbox 2608 1516 3080 1588; x_wconf 77' lang='grc' dir='ltr'><strong>προσηγόρευσεν.</strong></span> <span class='ocrx_word' id='word_1_297' title='bbox 3122 1517 3186 1568; x_wconf 85' lang='grc' dir='ltr'><strong>Ἦ</strong></span> <span class='ocrx_word' id='word_1_298' title='bbox 3229 1517 3467 1585; x_wconf 86' lang='grc' dir='ltr'><strong>τούτων,</strong></span> <span class='ocrx_word' id='word_1_299' title='bbox 3527 1521 3678 1589; x_wconf 70' lang='grc' dir='ltr'>φησι.</span> 
     </span>
    </p>
   </div>
   <div class='ocr_carea' id='block_1_43' title="bbox 2104 1607 3678 1680">
    <p class='ocr_par' dir='ltr' id='par_1_43' title="bbox 2104 1607 3678 1680">
     <span class='ocr_line' id='line_1_43' title="bbox 2104 1607 3678 1680; baseline 0.004 -22"><span class='ocrx_word' id='word_1_300' title='bbox 2104 1607 2319 1676; x_wconf 83' lang='grc' dir='ltr'>ταραχὴ</span> <span class='ocrx_word' id='word_1_301' title='bbox 2366 1607 2625 1677; x_wconf 74' lang='grc' dir='ltr'>ἐκλόνησε</span> <span class='ocrx_word' id='word_1_302' title='bbox 2685 1625 2775 1679; x_wconf 87' lang='grc' dir='ltr'>με,</span> <span class='ocrx_word' id='word_1_303' title='bbox 2832 1609 2930 1662; x_wconf 75' lang='grc' dir='ltr'><strong>καὶ</strong></span> <span class='ocrx_word' id='word_1_304' title='bbox 2995 1607 3251 1663; x_wconf 79' lang='grc' dir='ltr'>διέσεισε.</span> <span class='ocrx_word' id='word_1_305' title='bbox 3297 1610 3529 1680; x_wconf 81' lang='grc' dir='ltr'>’Διόπερ</span> <span class='ocrx_word' id='word_1_306' title='bbox 3586 1613 3678 1677; x_wconf 73' lang='grc' dir='ltr'><strong>τῆς</strong></span> 
     </span>
    </p>
   </div>
   <div class='ocr_carea' id='block_1_44' title="bbox 2107 1697 3681 1773">
    <p class='ocr_par' dir='ltr' id='par_1_44' title="bbox 2107 1697 3681 1773">
     <span class='ocr_line' id='line_1_44' title="bbox 2107 1697 3681 1773; baseline 0.006 -24"><span class='ocrx_word' id='word_1_307' title='bbox 2107 1698 2208 1768; x_wconf 86' lang='grc' dir='ltr'><strong>σῆς</strong></span> <span class='ocrx_word' id='word_1_308' title='bbox 2224 1700 2269 1729; x_wconf 78' lang='grc'>³³</span> <span class='ocrx_word' id='word_1_309' title='bbox 2304 1697 2713 1770; x_wconf 77' lang='grc' dir='ltr'>φιλανθρωπίας</span> <span class='ocrx_word' id='word_1_310' title='bbox 2735 1699 3046 1755; x_wconf 83' lang='grc' dir='ltr'>ἀπολαῦσαι</span> <span class='ocrx_word' id='word_1_311' title='bbox 3085 1702 3415 1773; x_wconf 75' lang='grc' dir='ltr'><strong>παρακαλῶ,</strong></span> <span class='ocrx_word' id='word_1_312' title='bbox 3470 1704 3563 1757; x_wconf 84' lang='grc' dir='ltr'><strong>ἶνα</strong></span> <span class='ocrx_word' id='word_1_313' title='bbox 3598 1704 3681 1758; x_wconf 63' lang='grc' dir='ltr'><strong>διὰ</strong></span> 
     </span>
    </p>
   </div>
   <div class='ocr_carea' id='block_1_45' title="bbox 2106 1784 2953 1859">
    <p class='ocr_par' dir='ltr' id='par_1_45' title="bbox 2106 1784 2953 1859">
     <span class='ocr_line' id='line_1_45' title="bbox 2106 1784 2953 1859; baseline 0.006 -19"><span class='ocrx_word' id='word_1_314' title='bbox 2106 1784 2317 1857; x_wconf 78' lang='grc' dir='ltr'><strong>ταύτης</strong></span> <span class='ocrx_word' id='word_1_315' title='bbox 2351 1786 2452 1858; x_wconf 77' lang='grc' dir='ltr'><strong>τὴν</strong></span> <span class='ocrx_word' id='word_1_316' title='bbox 2491 1788 2638 1843; x_wconf 69' lang='grc' dir='ltr'>ἴασιν</span> <span class='ocrx_word' id='word_1_317' title='bbox 2688 1788 2953 1859; x_wconf 81' lang='grc' dir='ltr'>δέξωμαι.</span> 
     </span>
    </p>
   </div>
   <div class='ocr_carea' id='block_1_46' title="bbox 2185 1922 3680 2005">
    <p class='ocr_par' dir='ltr' id='par_1_46' title="bbox 2185 1922 3680 2005">
     <span class='ocr_line' id='line_1_46' title="bbox 2185 1922 3680 2005; baseline 0.004 -30"><span class='ocrx_word' id='word_1_318' title='bbox 2185 1941 2205 1974; x_wconf 77' lang='grc' dir='ltr'><strong>ι</strong></span> <span class='ocrx_word' id='word_1_319' title='bbox 2245 1922 2355 1976; x_wconf 74' lang='grc' dir='ltr'><strong>Καὶ</strong></span> <span class='ocrx_word' id='word_1_320' title='bbox 2408 1924 2473 1977; x_wconf 80' lang='grc' dir='ltr'>σὺ</span> <span class='ocrx_word' id='word_1_321' title='bbox 2524 1923 2699 1996; x_wconf 81' lang='grc' dir='ltr'>Κύριε</span> <span class='ocrx_word' id='word_1_322' title='bbox 2747 1926 2849 1990; x_wconf 71' lang='grc' dir='ltr'><strong>ἕως</strong></span> <span class='ocrx_word' id='word_1_323' title='bbox 2910 1926 3075 1993; x_wconf 78' lang='grc' dir='ltr'>πότες</span> <span class='ocrx_word' id='word_1_324' title='bbox 3134 1926 3247 2001; x_wconf 84' lang='grc' dir='ltr'>[ε’.]</span> <span class='ocrx_word' id='word_1_325' title='bbox 3312 1927 3680 2005; x_wconf 70' lang='grc' dir='ltr'>Ἐπῐστρεψον</span> 
     </span>
    </p>
   </div>
   <div class='ocr_carea' id='block_1_47' title="bbox 2107 2014 3680 2092">
    <p class='ocr_par' dir='ltr' id='par_1_47' title="bbox 2107 2014 3680 2092">
     <span class='ocr_line' id='line_1_47' title="bbox 2107 2014 3680 2092; baseline 0.004 -24"><span class='ocrx_word' id='word_1_326' title='bbox 2107 2014 2317 2087; x_wconf 83' lang='grc' dir='ltr'>Κύριε,</span> <span class='ocrx_word' id='word_1_327' title='bbox 2408 2015 2573 2087; x_wconf 74' lang='grc' dir='ltr'>ῥῦσαι</span> <span class='ocrx_word' id='word_1_328' title='bbox 2654 2017 2754 2090; x_wconf 84' lang='grc' dir='ltr'><strong>τὴν</strong></span> <span class='ocrx_word' id='word_1_329' title='bbox 2850 2018 3029 2090; x_wconf 75' lang='grc' dir='ltr'>ψυχήν</span> <span class='ocrx_word' id='word_1_330' title='bbox 3113 2037 3251 2090; x_wconf 84' lang='grc' dir='ltr'>μου,</span> <span class='ocrx_word' id='word_1_331' title='bbox 3349 2021 3535 2075; x_wconf 81' lang='grc' dir='ltr'>σῶσόν</span> <span class='ocrx_word' id='word_1_332' title='bbox 3617 2039 3680 2092; x_wconf 82' lang='grc' dir='ltr'>με</span> 
     </span>
    </p>
   </div>
   <div class='ocr_carea' id='block_1_48' title="bbox 2096 2107 3678 2184">
    <p class='ocr_par' dir='ltr' id='par_1_48' title="bbox 2096 2107 3678 2184">
     <span class='ocr_line' id='line_1_48' title="bbox 2096 2107 3678 2184; baseline 0.004 -24"><span class='ocrx_word' id='word_1_333' title='bbox 2096 2107 2289 2162; x_wconf 74' lang='grc' dir='ltr'><strong>Δἕνεκεν</strong></span> <span class='ocrx_word' id='word_1_334' title='bbox 2346 2108 2439 2161; x_wconf 85' lang='grc' dir='ltr'><strong>τοῦ</strong></span> <span class='ocrx_word' id='word_1_335' title='bbox 2506 2108 2689 2173; x_wconf 78' lang='grc' dir='ltr'><strong>ἐλέους</strong></span> <span class='ocrx_word' id='word_1_336' title='bbox 2725 2125 2841 2165; x_wconf 85' lang='grc' dir='ltr'>σου.</span> <span class='ocrx_word' id='word_1_337' title='bbox 2883 2130 2904 2163; x_wconf 70' lang='grc' dir='ltr'><strong>ι</strong></span> <span class='ocrx_word' id='word_1_338' title='bbox 2947 2110 3041 2175; x_wconf 87' lang='grc' dir='ltr'><strong>Τὸ,</strong></span> <span class='ocrx_word' id='word_1_339' title='bbox 3090 2110 3202 2177; x_wconf 79' lang='grc' dir='ltr'><strong>ἕως</strong></span> <span class='ocrx_word' id='word_1_340' title='bbox 3245 2113 3413 2177; x_wconf 79' lang='grc' dir='ltr'>πότε,</span> <span class='ocrx_word' id='word_1_341' title='bbox 3459 2113 3566 2184; x_wconf 77' lang='grc' dir='ltr'>οὐχ</span> <span class='ocrx_word' id='word_1_342' title='bbox 3610 2114 3678 2178; x_wconf 77' lang='grc' dir='ltr'><strong>ὡς</strong></span> 
     </span>
    </p>
   </div>
   <div class='ocr_carea' id='block_1_49' title="bbox 2103 2198 3676 2272">
    <p class='ocr_par' dir='ltr' id='par_1_49' title="bbox 2103 2198 3676 2272">
     <span class='ocr_line' id='line_1_49' title="bbox 2103 2198 3676 2272; baseline 0.007 -22"><span class='ocrx_word' id='word_1_343' title='bbox 2103 2198 2354 2266; x_wconf 80' lang='grc' dir='ltr'><strong>ἐγκαλῶν</strong></span> <span class='ocrx_word' id='word_1_344' title='bbox 2415 2199 2583 2269; x_wconf 81' lang='grc' dir='ltr'>λέγει,</span> <span class='ocrx_word' id='word_1_345' title='bbox 2650 2199 2766 2255; x_wconf 77' lang='grc' dir='ltr'>ἀλλ’</span> <span class='ocrx_word' id='word_1_346' title='bbox 2821 2201 2895 2264; x_wconf 81' lang='grc' dir='ltr'><strong>ὡς</strong></span> <span class='ocrx_word' id='word_1_347' title='bbox 2961 2204 3019 2255; x_wconf 90' lang='grc' dir='ltr'><strong>ἐν</strong></span> <span class='ocrx_word' id='word_1_348' title='bbox 3065 2202 3281 2268; x_wconf 79' lang='grc' dir='ltr'>ὀδύναις</span> <span class='ocrx_word' id='word_1_349' title='bbox 3315 2204 3416 2272; x_wconf 84' lang='grc' dir='ltr'><strong>ὣν,</strong></span> <span class='ocrx_word' id='word_1_350' title='bbox 3482 2207 3676 2261; x_wconf 81' lang='grc' dir='ltr'>ἐπιτα-</span> 
     </span>
    </p>
   </div>
   <div class='ocr_carea' id='block_1_50' title="bbox 2102 2291 3677 2368">
    <p class='ocr_par' dir='ltr' id='par_1_50' title="bbox 2102 2291 3677 2368">
     <span class='ocr_line' id='line_1_50' title="bbox 2102 2291 3677 2368; baseline -0.009 -23"><span class='ocrx_word' id='word_1_351' title='bbox 2102 2291 2265 2361; x_wconf 90' lang='grc' dir='ltr'>χῦναι</span> <span class='ocrx_word' id='word_1_352' title='bbox 2346 2292 2660 2363; x_wconf 87' lang='grc' dir='ltr'>παρακαλεί</span> <span class='ocrx_word' id='word_1_353' title='bbox 2722 2294 2823 2365; x_wconf 83' lang='grc' dir='ltr'><strong>τὴν</strong></span> <span class='ocrx_word' id='word_1_354' title='bbox 2891 2292 3223 2367; x_wconf 67' lang='grc' dir='ltr'><strong>βοήθειανιδ.</strong></span> <span class='ocrx_word' id='word_1_355' title='bbox 3298 2297 3613 2368; x_wconf 68' lang='grc' dir='ltr'><strong>’.Αρμοδίως</strong></span> <span class='ocrx_word' id='word_1_356' title='bbox 3633 2302 3677 2332; x_wconf 75' lang='grc' dir='ltr'><strong>ιι</strong></span> 
     </span>
    </p>
   </div>
   <div class='ocr_carea' id='block_1_51' title="bbox 2100 2383 3679 2456">
    <p class='ocr_par' dir='ltr' id='par_1_51' title="bbox 2100 2383 3679 2456">
     <span class='ocr_line' id='line_1_51' title="bbox 2100 2383 3679 2456; baseline 0.004 -17"><span class='ocrx_word' id='word_1_357' title='bbox 2100 2385 2158 2440; x_wconf 86' lang='grc' dir='ltr'>δὲ</span> <span class='ocrx_word' id='word_1_358' title='bbox 2184 2384 2496 2456; x_wconf 79' lang='grc' dir='ltr'>προσέθηκε</span> <span class='ocrx_word' id='word_1_359' title='bbox 2522 2383 2605 2451; x_wconf 81' lang='grc' dir='ltr'>τὸ,</span> <span class='ocrx_word' id='word_1_360' title='bbox 2639 2403 2658 2437; x_wconf 81' lang='lat' dir='ltr'><strong>t</strong></span> <span class='ocrx_word' id='word_1_361' title='bbox 2697 2386 2924 2440; x_wconf 87' lang='grc' dir='ltr'><strong>Ἕνεκεν</strong></span> <span class='ocrx_word' id='word_1_362' title='bbox 2951 2388 3046 2440; x_wconf 89' lang='grc' dir='ltr'><strong>τοῦ</strong></span> <span class='ocrx_word' id='word_1_363' title='bbox 3085 2387 3271 2453; x_wconf 81' lang='grc' dir='ltr'>ἐλέους</span> <span class='ocrx_word' id='word_1_364' title='bbox 3313 2406 3433 2444; x_wconf 85' lang='grc' dir='ltr'>σου.</span> <span class='ocrx_word' id='word_1_365' title='bbox 3478 2409 3501 2443; x_wconf 75' lang='grc' dir='ltr'><strong>ι</strong></span> <span class='ocrx_word' id='word_1_366' title='bbox 3549 2393 3679 2446; x_wconf 76' lang='grc' dir='ltr'>Οὐδὲ</span> 
     </span>
    </p>
   </div>
   <div class='ocr_carea' id='block_1_52' title="bbox 2100 2475 3680 2550">
    <p class='ocr_par' dir='ltr' id='par_1_52' title="bbox 2100 2475 3680 2550">
     <span class='ocr_line' id='line_1_52' title="bbox 2100 2475 3680 2550; baseline 0.004 -22"><span class='ocrx_word' id='word_1_367' title='bbox 2100 2475 2209 2546; x_wconf 82' lang='grc' dir='ltr'>γὰρ</span> <span class='ocrx_word' id='word_1_368' title='bbox 2226 2476 2471 2546; x_wconf 84' lang='grc' dir='ltr'>ἐμαυτῷ,</span> <span class='ocrx_word' id='word_1_369' title='bbox 2509 2478 2666 2548; x_wconf 81' lang='grc' dir='ltr'>φησὶ,</span> <span class='ocrx_word' id='word_1_370' title='bbox 2703 2477 2912 2548; x_wconf 73' lang='grc' dir='ltr'>θαρρῶ,</span> <span class='ocrx_word' id='word_1_371' title='bbox 2934 2478 3055 2532; x_wconf 79' lang='grc' dir='ltr'>οὐδὲ</span> <span class='ocrx_word' id='word_1_372' title='bbox 3075 2481 3143 2550; x_wconf 78' lang='grc' dir='ltr'><strong>τῇ</strong></span> <span class='ocrx_word' id='word_1_373' title='bbox 3176 2479 3417 2550; x_wconf 89' lang='grc' dir='ltr'>ἐμαυτοῦ</span> <span class='ocrx_word' id='word_1_374' title='bbox 3476 2481 3680 2537; x_wconf 77' lang='grc' dir='ltr'>δικαιο-</span> 
     </span>
    </p>
   </div>
   <div class='ocr_carea' id='block_1_53' title="bbox 2102 2566 3677 2640">
    <p class='ocr_par' dir='ltr' id='par_1_53' title="bbox 2102 2566 3677 2640">
     <span class='ocr_line' id='line_1_53' title="bbox 2102 2566 3677 2640; baseline 0.003 -18"><span class='ocrx_word' id='word_1_375' title='bbox 2102 2566 2240 2639; x_wconf 80' lang='grc' dir='ltr'><strong>σύνῃ</strong></span> <span class='ocrx_word' id='word_1_376' title='bbox 2267 2567 2368 2639; x_wconf 82' lang='grc' dir='ltr'><strong>τὴν</strong></span> <span class='ocrx_word' id='word_1_377' title='bbox 2393 2567 2491 2639; x_wconf 81' lang='grc' dir='ltr'><strong>σὴν</strong></span> <span class='ocrx_word' id='word_1_378' title='bbox 2515 2568 2560 2599; x_wconf 69' lang='grc'>⁸⁸</span> <span class='ocrx_word' id='word_1_379' title='bbox 2587 2568 2940 2640; x_wconf 58' lang='grc' dir='ltr'><strong>ἐπιγράψω¹Ι⁷</strong></span> <span class='ocrx_word' id='word_1_380' title='bbox 2984 2569 3260 2640; x_wconf 83' lang='grc' dir='ltr'>βοήθειαν,</span> <span class='ocrx_word' id='word_1_381' title='bbox 3291 2570 3431 2626; x_wconf 82' lang='grc' dir='ltr'><strong>ἀλλά</strong></span> <span class='ocrx_word' id='word_1_382' title='bbox 3467 2572 3566 2627; x_wconf 77' lang='grc' dir='ltr'>διὰ</span> <span class='ocrx_word' id='word_1_383' title='bbox 3592 2574 3677 2628; x_wconf 56' lang='grc' dir='ltr'><strong>τὴν</strong></span> 
     </span>
    </p>
   </div>
   <div class='ocr_carea' id='block_1_54' title="bbox 2100 2658 3674 2739">
    <p class='ocr_par' dir='ltr' id='par_1_54' title="bbox 2100 2658 3674 2739">
     <span class='ocr_line' id='line_1_54' title="bbox 2100 2658 3674 2739; baseline 0.004 -27"><span class='ocrx_word' id='word_1_384' title='bbox 2100 2658 2193 2713; x_wconf 81' lang='grc' dir='ltr'>σὺν</span> <span class='ocrx_word' id='word_1_385' title='bbox 2215 2659 2362 2714; x_wconf 73' lang='grc' dir='ltr'>ἔλεον</span> <span class='ocrx_word' id='word_1_386' title='bbox 2382 2658 2589 2731; x_wconf 84' lang='grc' dir='ltr'><strong>ταύτης</strong></span> <span class='ocrx_word' id='word_1_387' title='bbox 2618 2660 2844 2714; x_wconf 76' lang='grc' dir='ltr'><strong>ἱκετεύω</strong></span> <span class='ocrx_word' id='word_1_388' title='bbox 2871 2664 3073 2732; x_wconf 84' lang='grc' dir='ltr'><strong>τυχεῖν.</strong></span> <span class='ocrx_word' id='word_1_389' title='bbox 3103 2661 3178 2715; x_wconf 85' lang='grc' dir='ltr'>Τὸ</span> <span class='ocrx_word' id='word_1_390' title='bbox 3208 2661 3288 2730; x_wconf 84' lang='grc' dir='ltr'>δέ,</span> <span class='ocrx_word' id='word_1_391' title='bbox 3339 2682 3360 2717; x_wconf 82' lang='grc' dir='ltr'><strong>ι</strong></span> <span class='ocrx_word' id='word_1_392' title='bbox 3410 2664 3674 2739; x_wconf 70' lang='grc' dir='ltr'>ἐπίστρε-</span> 
     </span>
    </p>
   </div>
   <div class='ocr_carea' id='block_1_55' title="bbox 2097 2751 3677 2829">
    <p class='ocr_par' dir='ltr' id='par_1_55' title="bbox 2097 2751 3677 2829">
     <span class='ocr_line' id='line_1_55' title="bbox 2097 2751 3677 2829; baseline 0.003 -24"><span class='ocrx_word' id='word_1_393' title='bbox 2097 2751 2219 2822; x_wconf 76' lang='grc' dir='ltr'>ψον,</span> <span class='ocrx_word' id='word_1_394' title='bbox 2251 2752 2447 2825; x_wconf 87' lang='grc' dir='ltr'>Κύριε,</span> <span class='ocrx_word' id='word_1_395' title='bbox 2480 2772 2500 2807; x_wconf 68' lang='grc' dir='ltr'><strong>ι</strong></span> <span class='ocrx_word' id='word_1_396' title='bbox 2533 2753 2656 2808; x_wconf 76' lang='grc' dir='ltr'>ἀντὶ</span> <span class='ocrx_word' id='word_1_397' title='bbox 2684 2752 2799 2819; x_wconf 89' lang='grc' dir='ltr'>τοῦ,</span> <span class='ocrx_word' id='word_1_398' title='bbox 2843 2771 2862 2805; x_wconf 84' lang='lat' dir='ltr'><strong>t</strong></span> <span class='ocrx_word' id='word_1_399' title='bbox 2910 2754 3147 2825; x_wconf 82' lang='grc' dir='ltr'>πρόσχες</span> <span class='ocrx_word' id='word_1_400' title='bbox 3202 2772 3315 2826; x_wconf 81' lang='grc' dir='ltr'>μοι,</span> <span class='ocrx_word' id='word_1_401' title='bbox 3372 2774 3394 2809; x_wconf 77' lang='grc' dir='ltr'><strong>ι</strong></span> <span class='ocrx_word' id='word_1_402' title='bbox 3458 2760 3564 2812; x_wconf 71' lang='grc' dir='ltr'><strong>καὶ</strong></span> <span class='ocrx_word' id='word_1_403' title='bbox 3606 2760 3677 2829; x_wconf 80' lang='grc' dir='ltr'><strong>μὴ</strong></span> 
     </span>
    </p>
   </div>
   <div class='ocr_carea' id='block_1_56' title="bbox 421 2846 1992 2922">
    <p class='ocr_par' dir='ltr' id='par_1_56' title="bbox 421 2847 1992 2920">
     <span class='ocr_line' id='line_1_56' title="bbox 421 2847 1992 2920; baseline -0.004 -12"><span class='ocrx_word' id='word_1_404' title='bbox 421 2852 615 2908; x_wconf 80' lang='lat' dir='ltr'><strong>faciem</strong></span> <span class='ocrx_word' id='word_1_405' title='bbox 667 2862 813 2906; x_wconf 90' lang='lat' dir='ltr'><strong>tuam</strong></span> <span class='ocrx_word' id='word_1_406' title='bbox 850 2866 881 2904; x_wconf 87' lang='lat' dir='ltr'><strong>a</strong></span> <span class='ocrx_word' id='word_1_407' title='bbox 924 2866 1012 2905; x_wconf 91' lang='lat' dir='ltr'><strong>mc</strong></span> <span class='ocrx_word' id='word_1_408' title='bbox 1044 2868 1058 2904; x_wconf 90' lang='lat'><strong>:</strong></span> <span class='ocrx_word' id='word_1_409' title='bbox 1099 2849 1416 2920; x_wconf 87' lang='lat' dir='ltr'><strong>metaphora</strong></span> <span class='ocrx_word' id='word_1_410' title='bbox 1463 2855 1645 2904; x_wconf 86' lang='lat' dir='ltr'><strong>sumat</strong></span> <span class='ocrx_word' id='word_1_411' title='bbox 1675 2847 1744 2903; x_wconf 85' lang='lat' dir='ltr'><strong>ab</strong></span> <span class='ocrx_word' id='word_1_412' title='bbox 1778 2847 1863 2903; x_wconf 90' lang='lat' dir='ltr'><strong>his</strong></span> <span class='ocrx_word' id='word_1_413' title='bbox 1901 2847 1992 2917; x_wconf 90' lang='lat' dir='ltr'><strong>qui</strong></span> 
     </span>
    </p>
   </div>
   <div class='ocr_carea' id='block_1_57' title="bbox 2099 2846 3677 2922">
    <p class='ocr_par' dir='ltr' id='par_1_57' title="bbox 2099 2846 3677 2922">
     <span class='ocr_line' id='line_1_57' title="bbox 2099 2846 3677 2922; baseline 0.004 -22"><span class='ocrx_word' id='word_1_414' title='bbox 2099 2846 2450 2921; x_wconf 66' lang='grc' dir='ltr'>ἀποστρέψεις</span> <span class='ocrx_word' id='word_1_415' title='bbox 2473 2846 2536 2900; x_wconf 81' lang='grc' dir='ltr'><strong>τὸ</strong></span> <span class='ocrx_word' id='word_1_416' title='bbox 2562 2847 2854 2918; x_wconf 83' lang='grc' dir='ltr'>πρόσωπόν</span> <span class='ocrx_word' id='word_1_417' title='bbox 2895 2864 2990 2900; x_wconf 87' lang='grc' dir='ltr'>σου</span> <span class='ocrx_word' id='word_1_418' title='bbox 3030 2848 3124 2903; x_wconf 79' lang='grc' dir='ltr'>ἀπ’</span> <span class='ocrx_word' id='word_1_419' title='bbox 3149 2847 3324 2919; x_wconf 73' lang='grc' dir='ltr'>ἐμοῦο</span> <span class='ocrx_word' id='word_1_420' title='bbox 3379 2850 3449 2904; x_wconf 82' lang='grc' dir='ltr'>ἐκ</span> <span class='ocrx_word' id='word_1_421' title='bbox 3507 2868 3677 2922; x_wconf 79' lang='grc' dir='ltr'><strong>μετα-</strong></span> 
     </span>
    </p>
   </div>
   <div class='ocr_carea' id='block_1_58' title="bbox 418 2935 1992 3015">
    <p class='ocr_par' dir='ltr' id='par_1_58' title="bbox 418 2935 1992 3008">
     <span class='ocr_line' id='line_1_58' title="bbox 418 2935 1992 3008; baseline -0.006 -10"><span class='ocrx_word' id='word_1_422' title='bbox 418 2942 846 3007; x_wconf 77' lang='lat' dir='ltr'><strong>excandescunt,</strong></span> <span class='ocrx_word' id='word_1_423' title='bbox 882 2947 936 2993; x_wconf 92' lang='lat' dir='ltr'><strong>et</strong></span> <span class='ocrx_word' id='word_1_424' title='bbox 967 2947 1292 2995; x_wconf 78' lang='lat' dir='ltr'><strong>aversantur</strong></span> <span class='ocrx_word' id='word_1_425' title='bbox 1319 2951 1524 3008; x_wconf 85' lang='lat' dir='ltr'><strong>eosque</strong></span> <span class='ocrx_word' id='word_1_426' title='bbox 1553 2937 1648 3007; x_wconf 88' lang='lat' dir='ltr'><strong>qui</strong></span> <span class='ocrx_word' id='word_1_427' title='bbox 1662 2935 1992 3007; x_wconf 85' lang='lat' dir='ltr'><strong>deliquerint</strong></span> 
     </span>
    </p>
   </div>
   <div class='ocr_carea' id='block_1_59' title="bbox 2099 2935 3675 3015">
    <p class='ocr_par' dir='ltr' id='par_1_59' title="bbox 2099 2938 3675 3015">
     <span class='ocr_line' id='line_1_59' title="bbox 2099 2938 3675 3015; baseline 0.004 -23"><span class='ocrx_word' id='word_1_428' title='bbox 2099 2939 2273 3011; x_wconf 82' lang='grc' dir='ltr'>φορᾶς</span> <span class='ocrx_word' id='word_1_429' title='bbox 2311 2939 2420 2992; x_wconf 89' lang='grc' dir='ltr'><strong>τῶν</strong></span> <span class='ocrx_word' id='word_1_430' title='bbox 2442 2938 2839 3011; x_wconf 76' lang='grc' dir='ltr'><strong>ὀργιζομένων,</strong></span> <span class='ocrx_word' id='word_1_431' title='bbox 2874 2940 2967 2993; x_wconf 65' lang='grc' dir='ltr'><strong>καὶ</strong></span> <span class='ocrx_word' id='word_1_432' title='bbox 2989 2941 3526 3015; x_wconf 63' lang='grc' dir='ltr'><strong>ἀποστρεφομένων,</strong></span> <span class='ocrx_word' id='word_1_433' title='bbox 3584 2946 3675 2998; x_wconf 76' lang='grc' dir='ltr'><strong>καὶ</strong></span> 
     </span>
    </p>
   </div>
   <div class='ocr_carea' id='block_1_60' title="bbox 419 3032 1992 3105">
    <p class='ocr_par' dir='ltr' id='par_1_60' title="bbox 419 3032 865 3088">
     <span class='ocr_line' id='line_1_60' title="bbox 419 3032 865 3088; baseline -0.007 0"><span class='ocrx_word' id='word_1_434' title='bbox 419 3032 620 3088; x_wconf 83' lang='lat' dir='ltr'><strong>intueri</strong></span> <span class='ocrx_word' id='word_1_435' title='bbox 655 3032 865 3085; x_wconf 88' lang='lat' dir='ltr'><strong>nolunt.</strong></span> 
     </span>
    </p>
   </div>
   <div class='ocr_carea' id='block_1_61' title="bbox 2099 3032 3292 3105">
    <p class='ocr_par' dir='ltr' id='par_1_61' title="bbox 2099 3032 3292 3105">
     <span class='ocr_line' id='line_1_61' title="bbox 2099 3032 3292 3105; baseline 0.002 -19"><span class='ocrx_word' id='word_1_436' title='bbox 2099 3035 2223 3096; x_wconf 80' lang='grc' dir='ltr'>τοὺς</span> <span class='ocrx_word' id='word_1_437' title='bbox 2247 3034 2585 3097; x_wconf 84' lang='grc' dir='ltr'>ἐπταικότας</span> <span class='ocrx_word' id='word_1_438' title='bbox 2614 3033 2717 3087; x_wconf 81' lang='grc' dir='ltr'>οὐκ</span> <span class='ocrx_word' id='word_1_439' title='bbox 2747 3032 3044 3088; x_wconf 82' lang='grc' dir='ltr'>ἐθελόντων</span> <span class='ocrx_word' id='word_1_440' title='bbox 3076 3034 3209 3105; x_wconf 79' lang='grc' dir='ltr'>ὁρᾷν</span> <span class='ocrx_word' id='word_1_441' title='bbox 3228 3034 3292 3088; x_wconf 80' lang='grc'><strong>³⁸.</strong></span> 
     </span>
    </p>
   </div>
   <div class='ocr_carea' id='block_1_62' title="bbox 2021 3103 2063 3159">
    <p class='ocr_par' dir='ltr' id='par_1_62' title="bbox 2021 3103 2063 3159">
     <span class='ocr_line' id='line_1_62' title="bbox 2021 3103 2063 3159; baseline 0 0"><span class='ocrx_word' id='word_1_442' title='bbox 2021 3103 2063 3159; x_wconf 90' lang='lat' dir='ltr'><strong>C</strong></span> 
     </span>
    </p>
   </div>
   <div class='ocr_carea' id='block_1_63' title="bbox 489 3197 1992 3286">
    <p class='ocr_par' dir='ltr' id='par_1_63' title="bbox 489 3197 1992 3269">
     <span class='ocr_line' id='line_1_63' title="bbox 489 3197 1992 3269; baseline -0.008 -6"><span class='ocrx_word' id='word_1_443' title='bbox 489 3205 657 3262; x_wconf 75' lang='lat' dir='ltr'><strong>Vens.</strong></span> <span class='ocrx_word' id='word_1_444' title='bbox 689 3204 743 3259; x_wconf 86' lang='lat'><strong>6.</strong></span> <span class='ocrx_word' id='word_1_445' title='bbox 776 3222 796 3256; x_wconf 83' lang='grc' dir='ltr'><strong>ι</strong></span> <span class='ocrx_word' id='word_1_446' title='bbox 825 3202 1093 3269; x_wconf 81' lang='lat' dir='ltr'><strong>Quoniam</strong></span> <span class='ocrx_word' id='word_1_447' title='bbox 1120 3217 1224 3256; x_wconf 77' lang='lat' dir='ltr'><strong>non</strong></span> <span class='ocrx_word' id='word_1_448' title='bbox 1255 3209 1338 3256; x_wconf 88' lang='lat' dir='ltr'><strong>est</strong></span> <span class='ocrx_word' id='word_1_449' title='bbox 1369 3199 1424 3254; x_wconf 90' lang='lat' dir='ltr'><strong>in</strong></span> <span class='ocrx_word' id='word_1_450' title='bbox 1455 3207 1628 3253; x_wconf 88' lang='lat' dir='ltr'><strong>morte</strong></span> <span class='ocrx_word' id='word_1_451' title='bbox 1660 3197 1752 3268; x_wconf 86' lang='lat' dir='ltr'><strong>qui</strong></span> <span class='ocrx_word' id='word_1_452' title='bbox 1784 3211 1992 3251; x_wconf 88' lang='lat' dir='ltr'><strong>memor</strong></span> 
     </span>
    </p>
   </div>
   <div class='ocr_carea' id='block_1_64' title="bbox 2099 3197 3676 3286">
    <p class='ocr_par' dir='ltr' id='par_1_64' title="bbox 2165 3210 3676 3286">
     <span class='ocr_line' id='line_1_64' title="bbox 2165 3210 3676 3286; baseline 0.019 -27"><span class='ocrx_word' id='word_1_453' title='bbox 2165 3219 2240 3286; x_wconf 77' lang='grc' dir='ltr'><strong>ς’,</strong></span> <span class='ocrx_word' id='word_1_454' title='bbox 2286 3231 2304 3264; x_wconf 76' lang='grc' dir='ltr'><strong>ι</strong></span> <span class='ocrx_word' id='word_1_455' title='bbox 2343 3212 2470 3266; x_wconf 75' lang='grc' dir='ltr'>Ὀτι</span> <span class='ocrx_word' id='word_1_456' title='bbox 2516 3213 2618 3266; x_wconf 77' lang='grc' dir='ltr'><strong>οὐκ</strong></span> <span class='ocrx_word' id='word_1_457' title='bbox 2670 3211 2816 3265; x_wconf 83' lang='grc' dir='ltr'>ἔστιν</span> <span class='ocrx_word' id='word_1_458' title='bbox 2873 3212 2930 3266; x_wconf 80' lang='grc' dir='ltr'><strong>ἐν</strong></span> <span class='ocrx_word' id='word_1_459' title='bbox 2984 3210 3063 3282; x_wconf 80' lang='grc' dir='ltr'>τῷ</span> <span class='ocrx_word' id='word_1_460' title='bbox 3118 3210 3335 3284; x_wconf 76' lang='grc' dir='ltr'><strong>θανάτῳ</strong></span> <span class='ocrx_word' id='word_1_461' title='bbox 3381 3213 3412 3266; x_wconf 73' lang='grc' dir='ltr'>ὁ</span> <span class='ocrx_word' id='word_1_462' title='bbox 3468 3231 3676 3285; x_wconf 72' lang='grc' dir='ltr'><strong>μνημσ·</strong></span> 
     </span>
    </p>
   </div>
   <div class='ocr_carea' id='block_1_65' title="bbox 419 3288 1992 3378">
    <p class='ocr_par' dir='ltr' id='par_1_65' title="bbox 419 3288 1986 3363">
     <span class='ocr_line' id='line_1_65' title="bbox 419 3288 1986 3363; baseline -0.01 -8"><span class='ocrx_word' id='word_1_463' title='bbox 419 3300 493 3356; x_wconf 84' lang='lat' dir='ltr'><strong>sit</strong></span> <span class='ocrx_word' id='word_1_464' title='bbox 544 3299 646 3363; x_wconf 90' lang='lat' dir='ltr'><strong>tui,</strong></span> <span class='ocrx_word' id='word_1_465' title='bbox 684 3297 738 3351; x_wconf 89' lang='lat' dir='ltr'><strong>in</strong></span> <span class='ocrx_word' id='word_1_466' title='bbox 774 3293 988 3350; x_wconf 79' lang='lat' dir='ltr'><strong>inferno</strong></span> <span class='ocrx_word' id='word_1_467' title='bbox 1018 3301 1197 3347; x_wconf 89' lang='lat' dir='ltr'><strong>autem</strong></span> <span class='ocrx_word' id='word_1_468' title='bbox 1247 3291 1373 3362; x_wconf 87' lang='lat' dir='ltr'><strong>quis</strong></span> <span class='ocrx_word' id='word_1_469' title='bbox 1401 3288 1752 3345; x_wconf 77' lang='lat' dir='ltr'><strong>conﬁtebitur</strong></span> <span class='ocrx_word' id='word_1_470' title='bbox 1782 3288 1925 3343; x_wconf 83' lang='lat' dir='ltr'><strong>tibi?</strong></span> <span class='ocrx_word' id='word_1_471' title='bbox 1968 3306 1986 3340; x_wconf 74' lang='grc' dir='ltr'><strong>ι</strong></span> 
     </span>
    </p>
   </div>
   <div class='ocr_carea' id='block_1_66' title="bbox 2099 3288 3669 3378">
    <p class='ocr_par' dir='ltr' id='par_1_66' title="bbox 2099 3302 3669 3378">
     <span class='ocr_line' id='line_1_66' title="bbox 2099 3302 3669 3378; baseline 0.001 -20"><span class='ocrx_word' id='word_1_472' title='bbox 2099 3305 2264 3359; x_wconf 81' lang='grc' dir='ltr'><strong>νεύων</strong></span> <span class='ocrx_word' id='word_1_473' title='bbox 2324 3321 2418 3357; x_wconf 91' lang='grc' dir='ltr'>σου</span> <span class='ocrx_word' id='word_1_474' title='bbox 2440 3320 2453 3334; x_wconf 91' lang='grc'><strong>·</strong></span> <span class='ocrx_word' id='word_1_475' title='bbox 2484 3306 2543 3359; x_wconf 88' lang='grc' dir='ltr'>ἐν</span> <span class='ocrx_word' id='word_1_476' title='bbox 2569 3304 2626 3358; x_wconf 80' lang='grc' dir='ltr'>δὲ</span> <span class='ocrx_word' id='word_1_477' title='bbox 2651 3302 2726 3374; x_wconf 88' lang='grc' dir='ltr'>τῷ</span> <span class='ocrx_word' id='word_1_478' title='bbox 2761 3302 2860 3376; x_wconf 71' lang='grc' dir='ltr'><strong>ᾄδῃ</strong></span> <span class='ocrx_word' id='word_1_479' title='bbox 2890 3303 2973 3367; x_wconf 76' lang='grc' dir='ltr'><strong>τίς</strong></span> <span class='ocrx_word' id='word_1_480' title='bbox 3001 3303 3461 3378; x_wconf 64' lang='grc' dir='ltr'>ἐξομολογήσεται</span> <span class='ocrx_word' id='word_1_481' title='bbox 3493 3323 3611 3373; x_wconf 74' lang='grc' dir='ltr'>σοις</span> <span class='ocrx_word' id='word_1_482' title='bbox 3648 3328 3669 3360; x_wconf 68' lang='grc' dir='ltr'><strong>ι</strong></span> 
     </span>
    </p>
   </div>
   <div class='ocr_carea' id='block_1_67' title="bbox 421 3380 1992 3458">
    <p class='ocr_par' dir='ltr' id='par_1_67' title="bbox 421 3380 1992 3458">
     <span class='ocr_line' id='line_1_67' title="bbox 421 3380 1992 3458; baseline -0.008 -11"><span class='ocrx_word' id='word_1_483' title='bbox 421 3390 626 3447; x_wconf 86' lang='lat' dir='ltr'><strong>Idcirco</strong></span> <span class='ocrx_word' id='word_1_484' title='bbox 662 3402 853 3458; x_wconf 81' lang='lat' dir='ltr'><strong>precor</strong></span> <span class='ocrx_word' id='word_1_485' title='bbox 882 3395 941 3441; x_wconf 92' lang='lat' dir='ltr'><strong>ut</strong></span> <span class='ocrx_word' id='word_1_486' title='bbox 972 3387 1025 3439; x_wconf 92' lang='lat' dir='ltr'><strong>in</strong></span> <span class='ocrx_word' id='word_1_487' title='bbox 1057 3385 1310 3455; x_wconf 77' lang='lat' dir='ltr'><strong>praesenti</strong></span> <span class='ocrx_word' id='word_1_488' title='bbox 1340 3382 1626 3438; x_wconf 87' lang='lat' dir='ltr'><strong>curatione</strong></span> <span class='ocrx_word' id='word_1_489' title='bbox 1652 3380 1823 3447; x_wconf 80' lang='lat' dir='ltr'><strong>fruar,</strong></span> <span class='ocrx_word' id='word_1_490' title='bbox 1848 3396 1992 3451; x_wconf 86' lang='lat' dir='ltr'><strong>quo-</strong></span> 
     </span>
    </p>
   </div>
   <div class='ocr_carea' id='block_1_68' title="bbox 420 3476 1990 3547">
    <p class='ocr_par' dir='ltr' id='par_1_68' title="bbox 420 3476 1990 3547">
     <span class='ocr_line' id='line_1_68' title="bbox 420 3476 1990 3547; baseline -0.008 -9"><span class='ocrx_word' id='word_1_491' title='bbox 420 3482 566 3539; x_wconf 85' lang='lat' dir='ltr'><strong>niam</strong></span> <span class='ocrx_word' id='word_1_492' title='bbox 621 3480 744 3535; x_wconf 88' lang='lat' dir='ltr'><strong>novi</strong></span> <span class='ocrx_word' id='word_1_493' title='bbox 780 3493 897 3544; x_wconf 82' lang='lat' dir='ltr'><strong>eos,</strong></span> <span class='ocrx_word' id='word_1_494' title='bbox 950 3477 1044 3547; x_wconf 90' lang='lat' dir='ltr'><strong>qui</strong></span> <span class='ocrx_word' id='word_1_495' title='bbox 1095 3479 1163 3530; x_wconf 91' lang='lat' dir='ltr'><strong>ab</strong></span> <span class='ocrx_word' id='word_1_496' title='bbox 1197 3477 1300 3532; x_wconf 89' lang='lat' dir='ltr'><strong>hac</strong></span> <span class='ocrx_word' id='word_1_497' title='bbox 1334 3478 1442 3530; x_wconf 90' lang='lat' dir='ltr'><strong>vita</strong></span> <span class='ocrx_word' id='word_1_498' title='bbox 1477 3476 1833 3531; x_wconf 89' lang='lat' dir='ltr'><strong>decesserunt</strong></span> <span class='ocrx_word' id='word_1_499' title='bbox 1866 3489 1990 3527; x_wconf 80' lang='lat' dir='ltr'><strong>cum</strong></span> 
     </span>
    </p>
   </div>
   <div class='ocr_carea' id='block_1_69' title="bbox 417 3569 1993 3640">
    <p class='ocr_par' dir='ltr' id='par_1_69' title="bbox 417 3569 1993 3640">
     <span class='ocr_line' id='line_1_69' title="bbox 417 3569 1993 3640; baseline -0.006 -11"><span class='ocrx_word' id='word_1_500' title='bbox 417 3573 761 3639; x_wconf 84' lang='lat' dir='ltr'><strong>vulneribus,</strong></span> <span class='ocrx_word' id='word_1_501' title='bbox 808 3570 1013 3626; x_wconf 88' lang='lat' dir='ltr'><strong>nullam</strong></span> <span class='ocrx_word' id='word_1_502' title='bbox 1066 3569 1321 3640; x_wconf 89' lang='lat' dir='ltr'><strong>deinceps</strong></span> <span class='ocrx_word' id='word_1_503' title='bbox 1355 3569 1683 3625; x_wconf 85' lang='lat' dir='ltr'><strong>medicinam</strong></span> <span class='ocrx_word' id='word_1_504' title='bbox 1723 3581 1993 3623; x_wconf 87' lang='lat' dir='ltr'><strong>consecu-</strong></span> 
     </span>
    </p>
   </div>
   <div class='ocr_carea' id='block_1_70' title="bbox 416 3660 1988 3732">
    <p class='ocr_par' dir='ltr' id='par_1_70' title="bbox 416 3660 1988 3732">
     <span class='ocr_line' id='line_1_70' title="bbox 416 3660 1988 3732; baseline -0.005 -9"><span class='ocrx_word' id='word_1_505' title='bbox 416 3676 597 3732; x_wconf 89' lang='lat' dir='ltr'><strong>turos,</strong></span> <span class='ocrx_word' id='word_1_506' title='bbox 643 3680 767 3720; x_wconf 90' lang='lat' dir='ltr'><strong>cum</strong></span> <span class='ocrx_word' id='word_1_507' title='bbox 816 3662 1002 3718; x_wconf 88' lang='lat' dir='ltr'><strong>nullus</strong></span> <span class='ocrx_word' id='word_1_508' title='bbox 1052 3663 1290 3732; x_wconf 81' lang='lat' dir='ltr'><strong>amplius</strong></span> <span class='ocrx_word' id='word_1_509' title='bbox 1338 3663 1410 3718; x_wconf 89' lang='lat' dir='ltr'><strong>sit</strong></span> <span class='ocrx_word' id='word_1_510' title='bbox 1458 3660 1988 3732; x_wconf 73' lang='lat' dir='ltr'><strong>pmnitentiaeloeus.</strong></span> 
     </span>
    </p>
   </div>
   <div class='ocr_carea' id='block_1_71' title="bbox 416 3753 1989 3829">
    <p class='ocr_par' dir='ltr' id='par_1_71' title="bbox 416 3753 1989 3829">
     <span class='ocr_line' id='line_1_71' title="bbox 416 3753 1989 3829; baseline -0.004 -17"><span class='ocrx_word' id='word_1_511' title='bbox 416 3757 555 3829; x_wconf 82' lang='lat' dir='ltr'><strong>[Hoc</strong></span> <span class='ocrx_word' id='word_1_512' title='bbox 588 3756 751 3811; x_wconf 88' lang='lat' dir='ltr'><strong>etiam</strong></span> <span class='ocrx_word' id='word_1_513' title='bbox 782 3755 997 3826; x_wconf 83' lang='lat' dir='ltr'><strong>egregie</strong></span> <span class='ocrx_word' id='word_1_514' title='bbox 1012 3754 1229 3811; x_wconf 90' lang='lat' dir='ltr'><strong>divinus</strong></span> <span class='ocrx_word' id='word_1_515' title='bbox 1248 3753 1414 3808; x_wconf 87' lang='lat' dir='ltr'><strong>David</strong></span> <span class='ocrx_word' id='word_1_516' title='bbox 1434 3753 1851 3825; x_wconf 87' lang='lat' dir='ltr'><strong>philosophatus</strong></span> <span class='ocrx_word' id='word_1_517' title='bbox 1872 3762 1989 3806; x_wconf 83' lang='lat' dir='ltr'><strong>est:</strong></span> 
     </span>
    </p>
   </div>
   <div class='ocr_carea' id='block_1_72' title="bbox 416 3844 1994 3920">
    <p class='ocr_par' dir='ltr' id='par_1_72' title="bbox 416 3844 1994 3920">
     <span class='ocr_line' id='line_1_72' title="bbox 416 3844 1994 3920; baseline -0.003 -16"><span class='ocrx_word' id='word_1_518' title='bbox 416 3866 592 3920; x_wconf 87' lang='lat' dir='ltr'><strong>neque</strong></span> <span class='ocrx_word' id='word_1_519' title='bbox 635 3848 782 3904; x_wconf 91' lang='lat' dir='ltr'><strong>enim</strong></span> <span class='ocrx_word' id='word_1_520' title='bbox 824 3847 880 3901; x_wconf 88' lang='lat' dir='ltr'><strong>in</strong></span> <span class='ocrx_word' id='word_1_521' title='bbox 915 3858 1087 3902; x_wconf 89' lang='lat' dir='ltr'><strong>morte</strong></span> <span class='ocrx_word' id='word_1_522' title='bbox 1127 3856 1230 3912; x_wconf 91' lang='lat' dir='ltr'><strong>est,</strong></span> <span class='ocrx_word' id='word_1_523' title='bbox 1263 3846 1359 3903; x_wconf 89' lang='lat' dir='ltr'><strong>sed</strong></span> <span class='ocrx_word' id='word_1_524' title='bbox 1391 3848 1444 3901; x_wconf 94' lang='lat' dir='ltr'><strong>in</strong></span> <span class='ocrx_word' id='word_1_525' title='bbox 1475 3847 1603 3911; x_wconf 86' lang='lat' dir='ltr'><strong>vita,</strong></span> <span class='ocrx_word' id='word_1_526' title='bbox 1635 3844 1727 3918; x_wconf 91' lang='lat' dir='ltr'><strong>qui</strong></span> <span class='ocrx_word' id='word_1_527' title='bbox 1759 3844 1851 3900; x_wconf 90' lang='lat' dir='ltr'><strong>Dei</strong></span> <span class='ocrx_word' id='word_1_528' title='bbox 1881 3859 1994 3899; x_wconf 88' lang='lat' dir='ltr'><strong>me-</strong></span> 
     </span>
    </p>
   </div>
   <div class='ocr_carea' id='block_1_73' title="bbox 414 3940 1992 4010">
    <p class='ocr_par' dir='ltr' id='par_1_73' title="bbox 414 3940 1992 4010">
     <span class='ocr_line' id='line_1_73' title="bbox 414 3940 1992 4010; baseline -0.008 -7"><span class='ocrx_word' id='word_1_529' title='bbox 414 3944 594 4003; x_wconf 80' lang='lat' dir='ltr'><strong>minit.</strong></span> <span class='ocrx_word' id='word_1_530' title='bbox 637 3943 726 3999; x_wconf 93' lang='lat' dir='ltr'><strong>Sic</strong></span> <span class='ocrx_word' id='word_1_531' title='bbox 770 3942 1226 4002; x_wconf 85' lang='lat' dir='ltr'><strong>descendentibus</strong></span> <span class='ocrx_word' id='word_1_532' title='bbox 1259 3942 1312 3995; x_wconf 89' lang='lat' dir='ltr'><strong>in</strong></span> <span class='ocrx_word' id='word_1_533' title='bbox 1355 3940 1626 3995; x_wconf 82' lang='lat' dir='ltr'><strong>infernum</strong></span> <span class='ocrx_word' id='word_1_534' title='bbox 1653 3953 1830 4010; x_wconf 89' lang='lat' dir='ltr'><strong>neque</strong></span> <span class='ocrx_word' id='word_1_535' title='bbox 1856 3952 1992 3994; x_wconf 87' lang='lat' dir='ltr'><strong>con-</strong></span> 
     </span>
    </p>
   </div>
   <div class='ocr_carea' id='block_1_74' title="bbox 416 4032 1992 4107">
    <p class='ocr_par' dir='ltr' id='par_1_74' title="bbox 416 4032 1992 4107">
     <span class='ocr_line' id='line_1_74' title="bbox 416 4032 1992 4107; baseline -0.006 -12"><span class='ocrx_word' id='word_1_536' title='bbox 416 4034 582 4095; x_wconf 74' lang='lat' dir='ltr'><strong>fessio</strong></span> <span class='ocrx_word' id='word_1_537' title='bbox 629 4046 734 4103; x_wconf 90' lang='lat' dir='ltr'><strong>est,</strong></span> <span class='ocrx_word' id='word_1_538' title='bbox 788 4052 969 4107; x_wconf 92' lang='lat' dir='ltr'><strong>neque</strong></span> <span class='ocrx_word' id='word_1_539' title='bbox 1032 4035 1320 4091; x_wconf 90' lang='lat' dir='ltr'><strong>correctio.</strong></span> <span class='ocrx_word' id='word_1_540' title='bbox 1376 4033 1476 4089; x_wconf 84' lang='lat' dir='ltr'><strong>Hic</strong></span> <span class='ocrx_word' id='word_1_541' title='bbox 1518 4034 1662 4089; x_wconf 89' lang='lat' dir='ltr'><strong>enim</strong></span> <span class='ocrx_word' id='word_1_542' title='bbox 1714 4032 1859 4088; x_wconf 87' lang='lat' dir='ltr'><strong>Deus</strong></span> <span class='ocrx_word' id='word_1_543' title='bbox 1910 4032 1992 4086; x_wconf 82' lang='lat' dir='ltr'><strong>vi-</strong></span> 
     </span>
    </p>
   </div>
   <div class='ocr_carea' id='block_1_75' title="bbox 416 4123 1989 4191">
    <p class='ocr_par' dir='ltr' id='par_1_75' title="bbox 416 4123 1989 4191">
     <span class='ocr_line' id='line_1_75' title="bbox 416 4123 1989 4191; baseline -0.006 -6"><span class='ocrx_word' id='word_1_544' title='bbox 416 4139 526 4187; x_wconf 86' lang='lat' dir='ltr'><strong>tam</strong></span> <span class='ocrx_word' id='word_1_545' title='bbox 576 4136 631 4182; x_wconf 88' lang='lat' dir='ltr'><strong>et</strong></span> <span class='ocrx_word' id='word_1_546' title='bbox 695 4127 966 4183; x_wconf 81' lang='lat' dir='ltr'><strong>actionem</strong></span> <span class='ocrx_word' id='word_1_547' title='bbox 1021 4126 1314 4191; x_wconf 86' lang='lat' dir='ltr'><strong>conclusit,</strong></span> <span class='ocrx_word' id='word_1_548' title='bbox 1371 4127 1482 4180; x_wconf 91' lang='lat' dir='ltr'><strong>illic</strong></span> <span class='ocrx_word' id='word_1_549' title='bbox 1537 4140 1668 4180; x_wconf 86' lang='lat' dir='ltr'><strong>vero</strong></span> <span class='ocrx_word' id='word_1_550' title='bbox 1724 4123 1989 4179; x_wconf 77' lang='lat' dir='ltr'><strong>factorum</strong></span> 
     </span>
    </p>
   </div>
   <div class='ocr_carea' id='block_1_76' title="bbox 421 4216 1993 4289">
    <p class='ocr_par' dir='ltr' id='par_1_76' title="bbox 421 4216 1993 4289">
     <span class='ocr_line' id='line_1_76' title="bbox 421 4216 1993 4289; baseline -0.002 -16"><span class='ocrx_word' id='word_1_551' title='bbox 421 4235 686 4277; x_wconf 57' lang='lat' dir='ltr'><strong>examen:</strong></span> <span class='ocrx_word' id='word_1_552' title='bbox 718 4229 771 4274; x_wconf 87' lang='lat' dir='ltr'><strong>ct</strong></span> <span class='ocrx_word' id='word_1_553' title='bbox 795 4221 901 4275; x_wconf 92' lang='lat' dir='ltr'><strong>hoc</strong></span> <span class='ocrx_word' id='word_1_554' title='bbox 933 4230 1135 4275; x_wconf 81' lang='lat' dir='ltr'><strong>octava:</strong></span> <span class='ocrx_word' id='word_1_555' title='bbox 1152 4218 1453 4289; x_wconf 86' lang='lat' dir='ltr'><strong>proprium,</strong></span> <span class='ocrx_word' id='word_1_556' title='bbox 1485 4217 1596 4288; x_wconf 89' lang='lat' dir='ltr'><strong>jam</strong></span> <span class='ocrx_word' id='word_1_557' title='bbox 1626 4232 1732 4271; x_wconf 88' lang='lat' dir='ltr'><strong>non</strong></span> <span class='ocrx_word' id='word_1_558' title='bbox 1756 4216 1993 4285; x_wconf 89' lang='lat' dir='ltr'><strong>amplius</strong></span> 
     </span>
    </p>
   </div>
   <div class='ocr_carea' id='block_1_77' title="bbox 427 4308 1988 4382">
    <p class='ocr_par' dir='ltr' id='par_1_77' title="bbox 427 4308 1988 4382">
     <span class='ocr_line' id='line_1_77' title="bbox 427 4308 1988 4382; baseline -0.003 -18"><span class='ocrx_word' id='word_1_559' title='bbox 427 4322 638 4381; x_wconf 82' lang='lat' dir='ltr'><strong>tempus</strong></span> <span class='ocrx_word' id='word_1_560' title='bbox 685 4312 750 4368; x_wconf 88' lang='lat' dir='ltr'><strong>ad</strong></span> <span class='ocrx_word' id='word_1_561' title='bbox 796 4311 1263 4382; x_wconf 88' lang='lat' dir='ltr'><strong>comparationem</strong></span> <span class='ocrx_word' id='word_1_562' title='bbox 1315 4310 1579 4365; x_wconf 89' lang='lat' dir='ltr'><strong>bonorum</strong></span> <span class='ocrx_word' id='word_1_563' title='bbox 1629 4318 1683 4363; x_wconf 91' lang='lat' dir='ltr'><strong>et</strong></span> <span class='ocrx_word' id='word_1_564' title='bbox 1720 4308 1988 4362; x_wconf 89' lang='lat' dir='ltr'><strong>malorum</strong></span> 
     </span>
    </p>
   </div>
   <div class='ocr_carea' id='block_1_78' title="bbox 423 4400 2063 4493">
    <p class='ocr_par' dir='ltr' id='par_1_78' title="bbox 423 4400 2063 4493">
     <span class='ocr_line' id='line_1_78' title="bbox 423 4400 2063 4493; baseline -0.004 -34"><span class='ocrx_word' id='word_1_565' title='bbox 423 4407 540 4464; x_wconf 78' lang='lat' dir='ltr'><strong>dari</strong></span> <span class='ocrx_word' id='word_1_566' title='bbox 579 4404 890 4463; x_wconf 88' lang='lat' dir='ltr'><strong>hominibus</strong></span> <span class='ocrx_word' id='word_1_567' title='bbox 910 4404 964 4458; x_wconf 90' lang='lat' dir='ltr'><strong>in</strong></span> <span class='ocrx_word' id='word_1_568' title='bbox 990 4418 1054 4457; x_wconf 87' lang='lat' dir='ltr'><strong>ea</strong></span> <span class='ocrx_word' id='word_1_569' title='bbox 1069 4401 1481 4457; x_wconf 81' lang='lat' dir='ltr'><strong>exsistentibus.</strong></span> <span class='ocrx_word' id='word_1_570' title='bbox 1515 4400 1620 4454; x_wconf 89' lang='lat' dir='ltr'><strong>Sed</strong></span> <span class='ocrx_word' id='word_1_571' title='bbox 1641 4415 1873 4469; x_wconf 87' lang='lat' dir='ltr'><strong>quorum</strong></span> <span class='ocrx_word' id='word_1_572' title='bbox 1902 4413 1989 4454; x_wconf 85' lang='lat' dir='ltr'><strong>se-</strong></span> <span class='ocrx_word' id='word_1_573' title='bbox 2023 4438 2063 4493; x_wconf 68' lang='grc' dir='ltr'><strong>ο</strong></span> 
     </span>
    </p>
   </div>
   <div class='ocr_carea' id='block_1_79' title="bbox 423 4490 1983 4568">
    <p class='ocr_par' dir='ltr' id='par_1_79' title="bbox 423 4490 1983 4568">
     <span class='ocr_line' id='line_1_79' title="bbox 423 4490 1983 4568; baseline -0.005 -16"><span class='ocrx_word' id='word_1_574' title='bbox 423 4499 568 4553; x_wconf 86' lang='lat' dir='ltr'><strong>mina</strong></span> <span class='ocrx_word' id='word_1_575' title='bbox 591 4498 716 4568; x_wconf 85' lang='lat' dir='ltr'><strong>quis</strong></span> <span class='ocrx_word' id='word_1_576' title='bbox 735 4512 828 4567; x_wconf 89' lang='lat' dir='ltr'><strong>per</strong></span> <span class='ocrx_word' id='word_1_577' title='bbox 844 4493 1237 4564; x_wconf 85' lang='lat' dir='ltr'><strong>operajeccrit,</strong></span> <span class='ocrx_word' id='word_1_578' title='bbox 1254 4492 1448 4545; x_wconf 88' lang='lat' dir='ltr'><strong>horum</strong></span> <span class='ocrx_word' id='word_1_579' title='bbox 1478 4498 1637 4545; x_wconf 89' lang='lat' dir='ltr'><strong>erunt</strong></span> <span class='ocrx_word' id='word_1_580' title='bbox 1653 4490 1983 4560; x_wconf 78' lang='lat' dir='ltr'><strong>percipiendi</strong></span> 
     </span>
    </p>
   </div>
   <div class='ocr_carea' id='block_1_80' title="bbox 414 4578 1979 4661">
    <p class='ocr_par' dir='ltr' id='par_1_80' title="bbox 414 4578 1979 4661">
     <span class='ocr_line' id='line_1_80' title="bbox 414 4578 1979 4661; baseline -0.005 -21"><span class='ocrx_word' id='word_1_581' title='bbox 414 4586 674 4661; x_wconf 85' lang='lat' dir='ltr'><strong>manipuli</strong></span> <span class='ocrx_word' id='word_1_582' title='bbox 700 4604 713 4639; x_wconf 91' lang='lat'><strong>:</strong></span> <span class='ocrx_word' id='word_1_583' title='bbox 737 4584 896 4654; x_wconf 88' lang='lat' dir='ltr'><strong>cujus</strong></span> <span class='ocrx_word' id='word_1_584' title='bbox 918 4584 1090 4654; x_wconf 82' lang='lat' dir='ltr'><strong>gratia</strong></span> <span class='ocrx_word' id='word_1_585' title='bbox 1119 4581 1208 4636; x_wconf 84' lang='lat' dir='ltr'><strong>hic</strong></span> <span class='ocrx_word' id='word_1_586' title='bbox 1230 4579 1600 4650; x_wconf 80' lang='lat' dir='ltr'><strong>paenitentiam</strong></span> <span class='ocrx_word' id='word_1_587' title='bbox 1627 4593 1788 4648; x_wconf 81' lang='lat' dir='ltr'><strong>agere</strong></span> <span class='ocrx_word' id='word_1_588' title='bbox 1805 4578 1979 4649; x_wconf 86' lang='lat' dir='ltr'><strong>jubet,</strong></span> 
     </span>
    </p>
   </div>
   <div class='ocr_carea' id='block_1_81' title="bbox 409 4670 1981 4749">
    <p class='ocr_par' dir='ltr' id='par_1_81' title="bbox 409 4670 1981 4749">
     <span class='ocr_line' id='line_1_81' title="bbox 409 4670 1981 4749; baseline -0.006 -15"><span class='ocrx_word' id='word_1_589' title='bbox 409 4680 611 4749; x_wconf 78' lang='lat' dir='ltr'><strong>quippe</strong></span> <span class='ocrx_word' id='word_1_590' title='bbox 635 4692 759 4732; x_wconf 89' lang='lat' dir='ltr'><strong>cum</strong></span> <span class='ocrx_word' id='word_1_591' title='bbox 791 4677 846 4729; x_wconf 91' lang='lat' dir='ltr'><strong>in</strong></span> <span class='ocrx_word' id='word_1_592' title='bbox 871 4676 1120 4745; x_wconf 86' lang='lat' dir='ltr'><strong>sepulcro</strong></span> <span class='ocrx_word' id='word_1_593' title='bbox 1136 4671 1407 4745; x_wconf 77' lang='lat' dir='ltr'><strong>ejusmodi</strong></span> <span class='ocrx_word' id='word_1_594' title='bbox 1437 4671 1680 4726; x_wconf 83' lang='lat' dir='ltr'><strong>studium</strong></span> <span class='ocrx_word' id='word_1_595' title='bbox 1717 4670 1861 4726; x_wconf 86' lang='lat' dir='ltr'><strong>iners</strong></span> <span class='ocrx_word' id='word_1_596' title='bbox 1886 4670 1981 4734; x_wconf 90' lang='lat' dir='ltr'><strong>sit,</strong></span> 
     </span>
    </p>
   </div>
   <div class='ocr_carea' id='block_1_82' title="bbox 408 4765 1984 4839">
    <p class='ocr_par' dir='ltr' id='par_1_82' title="bbox 408 4765 1984 4839">
     <span class='ocr_line' id='line_1_82' title="bbox 408 4765 1984 4839; baseline -0.004 -13"><span class='ocrx_word' id='word_1_597' title='bbox 408 4771 496 4826; x_wconf 87' lang='lat' dir='ltr'><strong>Ait</strong></span> <span class='ocrx_word' id='word_1_598' title='bbox 557 4771 725 4837; x_wconf 85' lang='lat' dir='ltr'><strong>enim,</strong></span> <span class='ocrx_word' id='word_1_599' title='bbox 783 4768 1043 4839; x_wconf 90' lang='lat' dir='ltr'><strong>quoniam</strong></span> <span class='ocrx_word' id='word_1_600' title='bbox 1093 4767 1413 4823; x_wconf 89' lang='lat' dir='ltr'><strong>diuturnum</strong></span> <span class='ocrx_word' id='word_1_601' title='bbox 1472 4765 1604 4819; x_wconf 86' lang='lat' dir='ltr'><strong>mihi</strong></span> <span class='ocrx_word' id='word_1_602' title='bbox 1648 4765 1984 4833; x_wconf 72' lang='lat' dir='ltr'><strong>poenitentiae</strong></span> 
     </span>
    </p>
   </div>
   <div class='ocr_carea' id='block_1_83' title="bbox 410 4856 1978 4935">
    <p class='ocr_par' dir='ltr' id='par_1_83' title="bbox 410 4856 1978 4935">
     <span class='ocr_line' id='line_1_83' title="bbox 410 4856 1978 4935; baseline -0.006 -17"><span class='ocrx_word' id='word_1_603' title='bbox 410 4874 624 4935; x_wconf 87' lang='lat' dir='ltr'><strong>tempus</strong></span> <span class='ocrx_word' id='word_1_604' title='bbox 660 4862 863 4917; x_wconf 82' lang='lat' dir='ltr'><strong>factum</strong></span> <span class='ocrx_word' id='word_1_605' title='bbox 895 4870 980 4916; x_wconf 89' lang='lat' dir='ltr'><strong>est</strong></span> <span class='ocrx_word' id='word_1_606' title='bbox 1000 4899 1017 4926; x_wconf 89' lang='lat'><strong>,</strong></span> <span class='ocrx_word' id='word_1_607' title='bbox 1050 4872 1233 4915; x_wconf 91' lang='lat' dir='ltr'><strong>metuo</strong></span> <span class='ocrx_word' id='word_1_608' title='bbox 1263 4873 1331 4913; x_wconf 90' lang='lat' dir='ltr'><strong>ne</strong></span> <span class='ocrx_word' id='word_1_609' title='bbox 1364 4856 1799 4912; x_wconf 85' lang='lat' dir='ltr'><strong>misericordiam</strong></span> <span class='ocrx_word' id='word_1_610' title='bbox 1831 4865 1978 4912; x_wconf 87' lang='lat' dir='ltr'><strong>tuam</strong></span> 
     </span>
    </p>
   </div>
   <div class='ocr_carea' id='block_1_84' title="bbox 407 4950 1978 5027">
    <p class='ocr_par' dir='ltr' id='par_1_84' title="bbox 407 4950 1978 5027">
     <span class='ocr_line' id='line_1_84' title="bbox 407 4950 1978 5027; baseline -0.004 -18"><span class='ocrx_word' id='word_1_611' title='bbox 407 4956 703 5025; x_wconf 59' lang='lat' dir='ltr'><strong>praeveniat</strong></span> <span class='ocrx_word' id='word_1_612' title='bbox 753 4969 923 5018; x_wconf 88' lang='lat' dir='ltr'><strong>mors,</strong></span> <span class='ocrx_word' id='word_1_613' title='bbox 971 4954 1026 5009; x_wconf 90' lang='lat' dir='ltr'><strong>in</strong></span> <span class='ocrx_word' id='word_1_614' title='bbox 1070 4951 1233 5027; x_wconf 70' lang='grc'><strong>643</strong></span> <span class='ocrx_word' id='word_1_615' title='bbox 1279 4966 1387 5020; x_wconf 89' lang='lat' dir='ltr'><strong>qua</strong></span> <span class='ocrx_word' id='word_1_616' title='bbox 1441 4950 1804 5006; x_wconf 84' lang='lat' dir='ltr'><strong>confessionis</strong></span> <span class='ocrx_word' id='word_1_617' title='bbox 1842 4950 1978 5003; x_wconf 90' lang='lat' dir='ltr'><strong>nihil</strong></span> 
     </span>
    </p>
   </div>
   <div class='ocr_carea' id='block_1_85' title="bbox 408 5041 1979 5117">
    <p class='ocr_par' dir='ltr' id='par_1_85' title="bbox 408 5041 1979 5117">
     <span class='ocr_line' id='line_1_85' title="bbox 408 5041 1979 5117; baseline -0.003 -16"><span class='ocrx_word' id='word_1_618' title='bbox 408 5056 531 5114; x_wconf 89' lang='lat' dir='ltr'><strong>est;</strong></span> <span class='ocrx_word' id='word_1_619' title='bbox 569 5062 741 5117; x_wconf 89' lang='lat' dir='ltr'><strong>quare</strong></span> <span class='ocrx_word' id='word_1_620' title='bbox 790 5045 1219 5102; x_wconf 87' lang='lat' dir='ltr'><strong>misericordiam</strong></span> <span class='ocrx_word' id='word_1_621' title='bbox 1249 5044 1542 5099; x_wconf 88' lang='lat' dir='ltr'><strong>accclerari</strong></span> <span class='ocrx_word' id='word_1_622' title='bbox 1582 5052 1726 5112; x_wconf 91' lang='lat' dir='ltr'><strong>peto.</strong></span> <span class='ocrx_word' id='word_1_623' title='bbox 1774 5041 1979 5097; x_wconf 89' lang='lat' dir='ltr'><strong>Deinde</strong></span> 
     </span>
    </p>
   </div>
   <div class='ocr_carea' id='block_1_86' title="bbox 407 5132 1979 5202">
    <p class='ocr_par' dir='ltr' id='par_1_86' title="bbox 407 5132 1979 5202">
     <span class='ocr_line' id='line_1_86' title="bbox 407 5132 1979 5202; baseline -0.004 -10"><span class='ocrx_word' id='word_1_624' title='bbox 407 5138 713 5193; x_wconf 90' lang='lat' dir='ltr'><strong>auditorem</strong></span> <span class='ocrx_word' id='word_1_625' title='bbox 752 5136 928 5202; x_wconf 89' lang='lat' dir='ltr'><strong>docet,</strong></span> <span class='ocrx_word' id='word_1_626' title='bbox 986 5144 1172 5191; x_wconf 86' lang='lat' dir='ltr'><strong>nostra</strong></span> <span class='ocrx_word' id='word_1_627' title='bbox 1192 5134 1401 5190; x_wconf 82' lang='lat' dir='ltr'><strong>debere</strong></span> <span class='ocrx_word' id='word_1_628' title='bbox 1432 5148 1557 5187; x_wconf 89' lang='lat' dir='ltr'><strong>cum</strong></span> <span class='ocrx_word' id='word_1_629' title='bbox 1591 5132 1684 5186; x_wconf 84' lang='lat' dir='ltr'><strong>Dei</strong></span> <span class='ocrx_word' id='word_1_630' title='bbox 1720 5132 1979 5188; x_wconf 88' lang='lat' dir='ltr'><strong>humani-</strong></span> 
     </span>
    </p>
   </div>
   <div class='ocr_carea' id='block_1_87' title="bbox 2093 3398 3673 3473">
    <p class='ocr_par' dir='ltr' id='par_1_87' title="bbox 2093 3398 3673 3473">
     <span class='ocr_line' id='line_1_87' title="bbox 2093 3398 3673 3473; baseline 0.002 -21"><span class='ocrx_word' id='word_1_631' title='bbox 2093 3401 2191 3453; x_wconf 70' lang='grc' dir='ltr'>Διά</span> <span class='ocrx_word' id='word_1_632' title='bbox 2237 3402 2283 3432; x_wconf 73' lang='grc' dir='ltr'><strong>ἰ’</strong></span> <span class='ocrx_word' id='word_1_633' title='bbox 2344 3399 2501 3454; x_wconf 81' lang='grc' dir='ltr'>τοῦτο</span> <span class='ocrx_word' id='word_1_634' title='bbox 2560 3400 2661 3470; x_wconf 82' lang='grc' dir='ltr'><strong>τῆς</strong></span> <span class='ocrx_word' id='word_1_635' title='bbox 2722 3398 3017 3470; x_wconf 83' lang='grc' dir='ltr'>θεραπείας</span> <span class='ocrx_word' id='word_1_636' title='bbox 3080 3400 3174 3452; x_wconf 76' lang='grc' dir='ltr'>ἐπὶ</span> <span class='ocrx_word' id='word_1_637' title='bbox 3236 3399 3335 3453; x_wconf 84' lang='grc' dir='ltr'><strong>τοῦ</strong></span> <span class='ocrx_word' id='word_1_638' title='bbox 3399 3402 3673 3473; x_wconf 75' lang='grc' dir='ltr'><strong>παρόντος</strong></span> 
     </span>
    </p>
   </div>
   <div class='ocr_carea' id='block_1_88' title="bbox 2093 3486 3669 3563">
    <p class='ocr_par' dir='ltr' id='par_1_88' title="bbox 2093 3486 3669 3563">
     <span class='ocr_line' id='line_1_88' title="bbox 2093 3486 3669 3563; baseline 0.001 -17"><span class='ocrx_word' id='word_1_639' title='bbox 2093 3491 2403 3547; x_wconf 85' lang='grc' dir='ltr'>ἀπολαῦσαι</span> <span class='ocrx_word' id='word_1_640' title='bbox 2445 3491 2773 3563; x_wconf 85' lang='grc' dir='ltr'>παρακαλῶ,</span> <span class='ocrx_word' id='word_1_641' title='bbox 2826 3490 3016 3562; x_wconf 80' lang='grc' dir='ltr'>ἐπειδὴ</span> <span class='ocrx_word' id='word_1_642' title='bbox 3057 3486 3197 3558; x_wconf 76' lang='grc' dir='ltr'>οἶδα,</span> <span class='ocrx_word' id='word_1_643' title='bbox 3243 3492 3327 3546; x_wconf 81' lang='grc' dir='ltr'>ὅτι</span> <span class='ocrx_word' id='word_1_644' title='bbox 3364 3495 3487 3558; x_wconf 79' lang='grc' dir='ltr'>τοῖς</span> <span class='ocrx_word' id='word_1_645' title='bbox 3528 3494 3669 3548; x_wconf 68' lang='grc' dir='ltr'>τόνδε</span> 
     </span>
    </p>
   </div>
   <div class='ocr_carea' id='block_1_89' title="bbox 2092 3583 3668 3655">
    <p class='ocr_par' dir='ltr' id='par_1_89' title="bbox 2092 3583 3668 3655">
     <span class='ocr_line' id='line_1_89' title="bbox 2092 3583 3668 3655; baseline 0.002 -18"><span class='ocrx_word' id='word_1_646' title='bbox 2092 3584 2184 3637; x_wconf 76' lang='grc' dir='ltr'><strong>τὸν</strong></span> <span class='ocrx_word' id='word_1_647' title='bbox 2234 3583 2346 3655; x_wconf 79' lang='grc' dir='ltr'>βίον</span> <span class='ocrx_word' id='word_1_648' title='bbox 2385 3583 2587 3650; x_wconf 79' lang='grc' dir='ltr'>ἐξιοῦσι</span> <span class='ocrx_word' id='word_1_649' title='bbox 2658 3583 2796 3654; x_wconf 85' lang='grc' dir='ltr'><strong>μετά</strong></span> <span class='ocrx_word' id='word_1_650' title='bbox 2853 3584 3206 3655; x_wconf 84' lang='grc' dir='ltr'><strong>τραυμάτων,</strong></span> <span class='ocrx_word' id='word_1_651' title='bbox 3269 3583 3506 3655; x_wconf 77' lang='grc' dir='ltr'>οὖδεμξα</span> <span class='ocrx_word' id='word_1_652' title='bbox 3562 3587 3668 3639; x_wconf 76' lang='grc' dir='ltr'>λοιο</span> 
     </span>
    </p>
   </div>
   <div class='ocr_carea' id='block_1_90' title="bbox 2094 3675 3668 3749">
    <p class='ocr_par' dir='ltr' id='par_1_90' title="bbox 2094 3675 3668 3749">
     <span class='ocr_line' id='line_1_90' title="bbox 2094 3675 3668 3749; baseline 0.001 -21"><span class='ocrx_word' id='word_1_653' title='bbox 2094 3676 2196 3730; x_wconf 84' lang='grc' dir='ltr'>πὸν</span> <span class='ocrx_word' id='word_1_654' title='bbox 2249 3675 2517 3746; x_wconf 80' lang='grc' dir='ltr'><strong>θεραπεία</strong></span> <span class='ocrx_word' id='word_1_655' title='bbox 2555 3676 2871 3747; x_wconf 80' lang='grc' dir='ltr'><strong>δοθήσεται,</strong></span> <span class='ocrx_word' id='word_1_656' title='bbox 2900 3676 3085 3730; x_wconf 79' lang='grc' dir='ltr'>οὐκέτι</span> <span class='ocrx_word' id='word_1_657' title='bbox 3133 3676 3320 3747; x_wconf 82' lang='grc' dir='ltr'>χώραν</span> <span class='ocrx_word' id='word_1_658' title='bbox 3353 3677 3461 3747; x_wconf 84' lang='grc' dir='ltr'><strong>τῆς</strong></span> <span class='ocrx_word' id='word_1_659' title='bbox 3508 3694 3668 3749; x_wconf 81' lang='grc' dir='ltr'><strong>μετα-</strong></span> 
     </span>
    </p>
   </div>
   <div class='ocr_carea' id='block_1_91' title="bbox 2093 3763 3669 3840">
    <p class='ocr_par' dir='ltr' id='par_1_91' title="bbox 2093 3763 3669 3840">
     <span class='ocr_line' id='line_1_91' title="bbox 2093 3763 3669 3840; baseline 0.002 -19"><span class='ocrx_word' id='word_1_660' title='bbox 2093 3766 2242 3830; x_wconf 80' lang='grc' dir='ltr'>νοίας</span> <span class='ocrx_word' id='word_1_661' title='bbox 2309 3765 2561 3837; x_wconf 85' lang='grc' dir='ltr'>ἐχούσης.</span> <span class='ocrx_word' id='word_1_662' title='bbox 2635 3763 2783 3838; x_wconf 77' lang='grc' dir='ltr'><strong>[Καὶ</strong></span> <span class='ocrx_word' id='word_1_663' title='bbox 2850 3765 3116 3821; x_wconf 81' lang='grc' dir='ltr'>κάλλιστα</span> <span class='ocrx_word' id='word_1_664' title='bbox 3171 3767 3249 3838; x_wconf 79' lang='grc' dir='ltr'><strong>τῷ</strong></span> <span class='ocrx_word' id='word_1_665' title='bbox 3318 3767 3454 3840; x_wconf 82' lang='grc' dir='ltr'><strong>θείῳ</strong></span> <span class='ocrx_word' id='word_1_666' title='bbox 3510 3768 3669 3824; x_wconf 72' lang='grc' dir='ltr'><strong>Δασὶὂ</strong></span> 
     </span>
    </p>
   </div>
   <div class='ocr_carea' id='block_1_92' title="bbox 2094 3856 3668 3930">
    <p class='ocr_par' dir='ltr' id='par_1_92' title="bbox 2094 3856 3668 3930">
     <span class='ocr_line' id='line_1_92' title="bbox 2094 3856 3668 3930; baseline 0.001 -20"><span class='ocrx_word' id='word_1_667' title='bbox 2094 3856 2252 3911; x_wconf 89' lang='grc' dir='ltr'>τοῦτο</span> <span class='ocrx_word' id='word_1_668' title='bbox 2289 3856 2720 3926; x_wconf 77' lang='grc' dir='ltr'>πεφιλοσόφηται</span> <span class='ocrx_word' id='word_1_669' title='bbox 2746 3872 2760 3886; x_wconf 76' lang='grc'><strong>⁸</strong></span> <span class='ocrx_word' id='word_1_670' title='bbox 2823 3857 2887 3910; x_wconf 87' lang='grc' dir='ltr'>ού</span> <span class='ocrx_word' id='word_1_671' title='bbox 2925 3858 3032 3929; x_wconf 86' lang='grc' dir='ltr'>γάρ</span> <span class='ocrx_word' id='word_1_672' title='bbox 3070 3859 3127 3911; x_wconf 87' lang='grc' dir='ltr'><strong>ἐν</strong></span> <span class='ocrx_word' id='word_1_673' title='bbox 3156 3857 3401 3930; x_wconf 81' lang='grc' dir='ltr'><strong>θανάτῳ,</strong></span> <span class='ocrx_word' id='word_1_674' title='bbox 3451 3860 3573 3912; x_wconf 65' lang='grc' dir='ltr'>ἀλλ’</span> <span class='ocrx_word' id='word_1_675' title='bbox 3613 3860 3668 3911; x_wconf 81' lang='grc' dir='ltr'><strong>ἐν</strong></span> 
     </span>
    </p>
   </div>
   <div class='ocr_carea' id='block_1_93' title="bbox 2094 3948 3667 4021">
    <p class='ocr_par' dir='ltr' id='par_1_93' title="bbox 2094 3948 3667 4021">
     <span class='ocr_line' id='line_1_93' title="bbox 2094 3948 3667 4021; baseline 0.003 -19"><span class='ocrx_word' id='word_1_676' title='bbox 2094 3950 2208 4021; x_wconf 76' lang='grc' dir='ltr'><strong>ζωῇ</strong></span> <span class='ocrx_word' id='word_1_677' title='bbox 2266 3950 2415 4002; x_wconf 88' lang='grc' dir='ltr'>ἐστιν</span> <span class='ocrx_word' id='word_1_678' title='bbox 2482 3951 2511 4002; x_wconf 88' lang='grc' dir='ltr'>ὁ</span> <span class='ocrx_word' id='word_1_679' title='bbox 2569 3948 2663 4002; x_wconf 88' lang='grc' dir='ltr'><strong>τοῦ</strong></span> <span class='ocrx_word' id='word_1_680' title='bbox 2724 3949 2860 4003; x_wconf 76' lang='grc' dir='ltr'>θεοῦ</span> <span class='ocrx_word' id='word_1_681' title='bbox 2912 3950 3281 4020; x_wconf 81' lang='grc' dir='ltr'><strong>μεμνημένος.</strong></span> <span class='ocrx_word' id='word_1_682' title='bbox 3334 3952 3531 4016; x_wconf 77' lang='grc' dir='ltr'>Οὕτως</span> <span class='ocrx_word' id='word_1_683' title='bbox 3570 3952 3667 4006; x_wconf 74' lang='grc' dir='ltr'>οῦκ</span> 
     </span>
    </p>
   </div>
   <div class='ocr_carea' id='block_1_94' title="bbox 2093 4039 3667 4114">
    <p class='ocr_par' dir='ltr' id='par_1_94' title="bbox 2093 4039 3667 4114">
     <span class='ocr_line' id='line_1_94' title="bbox 2093 4039 3667 4114; baseline 0.004 -22"><span class='ocrx_word' id='word_1_684' title='bbox 2093 4040 2241 4094; x_wconf 77' lang='grc' dir='ltr'>ἔστιν</span> <span class='ocrx_word' id='word_1_685' title='bbox 2285 4041 2342 4093; x_wconf 90' lang='grc' dir='ltr'><strong>ἐν</strong></span> <span class='ocrx_word' id='word_1_686' title='bbox 2391 4039 2491 4111; x_wconf 80' lang='grc' dir='ltr'><strong>ᾅδῃ</strong></span> <span class='ocrx_word' id='word_1_687' title='bbox 2542 4044 2655 4104; x_wconf 86' lang='grc' dir='ltr'>τοῖς</span> <span class='ocrx_word' id='word_1_688' title='bbox 2713 4041 3040 4096; x_wconf 76' lang='grc' dir='ltr'>ἀπελθοῦσιν</span> <span class='ocrx_word' id='word_1_689' title='bbox 3106 4041 3514 4114; x_wconf 79' lang='grc' dir='ltr'>ἐξομολόγησις</span> <span class='ocrx_word' id='word_1_690' title='bbox 3579 4045 3667 4098; x_wconf 77' lang='grc' dir='ltr'><strong>καὶ</strong></span> 
     </span>
    </p>
   </div>
   <div class='ocr_carea' id='block_1_95' title="bbox 2092 4129 3665 4206">
    <p class='ocr_par' dir='ltr' id='par_1_95' title="bbox 2092 4129 3665 4206">
     <span class='ocr_line' id='line_1_95' title="bbox 2092 4129 3665 4206; baseline 0.002 -23"><span class='ocrx_word' id='word_1_691' title='bbox 2092 4129 2399 4200; x_wconf 85' lang='grc' dir='ltr'>διόρθωσις.</span> <span class='ocrx_word' id='word_1_692' title='bbox 2461 4129 2782 4182; x_wconf 78' lang='grc' dir='ltr'>Συνέκλεισε</span> <span class='ocrx_word' id='word_1_693' title='bbox 2832 4131 2941 4201; x_wconf 85' lang='grc' dir='ltr'><strong>γάρ</strong></span> <span class='ocrx_word' id='word_1_694' title='bbox 2995 4133 3024 4184; x_wconf 84' lang='grc' dir='ltr'><strong>ὁ</strong></span> <span class='ocrx_word' id='word_1_695' title='bbox 3078 4131 3211 4194; x_wconf 83' lang='grc' dir='ltr'><strong>Θεὸς</strong></span> <span class='ocrx_word' id='word_1_696' title='bbox 3264 4133 3511 4188; x_wconf 83' lang='grc' dir='ltr'>ἐνταῦθα</span> <span class='ocrx_word' id='word_1_697' title='bbox 3570 4135 3665 4206; x_wconf 76' lang='grc' dir='ltr'>μὲν</span> 
     </span>
    </p>
   </div>
   <div class='ocr_carea' id='block_1_96' title="bbox 2095 4217 3665 4294">
    <p class='ocr_par' dir='ltr' id='par_1_96' title="bbox 2095 4217 3665 4294">
     <span class='ocr_line' id='line_1_96' title="bbox 2095 4217 3665 4294; baseline 0.003 -23"><span class='ocrx_word' id='word_1_698' title='bbox 2095 4217 2208 4288; x_wconf 84' lang='grc' dir='ltr'>βίον</span> <span class='ocrx_word' id='word_1_699' title='bbox 2255 4220 2350 4271; x_wconf 75' lang='grc' dir='ltr'><strong>καὶ</strong></span> <span class='ocrx_word' id='word_1_700' title='bbox 2400 4217 2625 4289; x_wconf 82' lang='grc' dir='ltr'>πρᾶξιν,</span> <span class='ocrx_word' id='word_1_701' title='bbox 2678 4220 2797 4271; x_wconf 80' lang='grc' dir='ltr'>ἐκεῖ</span> <span class='ocrx_word' id='word_1_702' title='bbox 2829 4218 2888 4271; x_wconf 88' lang='grc' dir='ltr'><strong>δέ</strong></span> <span class='ocrx_word' id='word_1_703' title='bbox 2944 4219 3041 4291; x_wconf 84' lang='grc' dir='ltr'><strong>τὴν</strong></span> <span class='ocrx_word' id='word_1_704' title='bbox 3094 4220 3204 4274; x_wconf 88' lang='grc' dir='ltr'><strong>τῶν</strong></span> <span class='ocrx_word' id='word_1_705' title='bbox 3255 4223 3665 4294; x_wconf 78' lang='grc' dir='ltr'><strong>πεπραγμένων</strong></span> 
     </span>
    </p>
   </div>
   <div class='ocr_carea' id='block_1_97' title="bbox 2093 4307 3663 4385">
    <p class='ocr_par' dir='ltr' id='par_1_97' title="bbox 2093 4307 3663 4385">
     <span class='ocr_line' id='line_1_97' title="bbox 2093 4307 3663 4385; baseline 0.006 -26"><span class='ocrx_word' id='word_1_706' title='bbox 2093 4307 2374 4372; x_wconf 70' lang='grc' dir='ltr'>ἐξέτασινυ</span> <span class='ocrx_word' id='word_1_707' title='bbox 2434 4307 2594 4376; x_wconf 84' lang='grc' dir='ltr'>καίγε</span> <span class='ocrx_word' id='word_1_708' title='bbox 2653 4308 2785 4362; x_wconf 74' lang='grc' dir='ltr'>[διον</span> <span class='ocrx_word' id='word_1_709' title='bbox 2841 4308 2999 4363; x_wconf 86' lang='grc' dir='ltr'>τοῦτο</span> <span class='ocrx_word' id='word_1_710' title='bbox 3052 4310 3154 4382; x_wconf 84' lang='grc' dir='ltr'><strong>τῆς</strong></span> <span class='ocrx_word' id='word_1_711' title='bbox 3213 4312 3434 4385; x_wconf 79' lang='grc' dir='ltr'><strong>ὀγδόης,</strong></span> <span class='ocrx_word' id='word_1_712' title='bbox 3470 4316 3533 4368; x_wconf 79' lang='grc' dir='ltr'>τὸ</span> <span class='ocrx_word' id='word_1_713' title='bbox 3564 4331 3663 4384; x_wconf 78' lang='grc' dir='ltr'><strong>μηο</strong></span> 
     </span>
    </p>
   </div>
   <div class='ocr_carea' id='block_1_98' title="bbox 2094 4399 3662 4479">
    <p class='ocr_par' dir='ltr' id='par_1_98' title="bbox 2094 4399 3662 4479">
     <span class='ocr_line' id='line_1_98' title="bbox 2094 4399 3662 4479; baseline 0.004 -25"><span class='ocrx_word' id='word_1_714' title='bbox 2094 4400 2214 4454; x_wconf 85' lang='grc' dir='ltr'>κέτι</span> <span class='ocrx_word' id='word_1_715' title='bbox 2268 4399 2459 4471; x_wconf 73' lang='grc' dir='ltr'>καιρὸν</span> <span class='ocrx_word' id='word_1_716' title='bbox 2519 4401 2599 4462; x_wconf 74' lang='grc' dir='ltr'><strong>εἰς</strong></span> <span class='ocrx_word' id='word_1_717' title='bbox 2658 4401 3014 4472; x_wconf 84' lang='grc' dir='ltr'>παρασκευὴν</span> <span class='ocrx_word' id='word_1_718' title='bbox 3066 4402 3321 4472; x_wconf 84' lang='grc' dir='ltr'>ἀγαθῶν,</span> <span class='ocrx_word' id='word_1_719' title='bbox 3381 4405 3417 4479; x_wconf 79' lang='grc' dir='ltr'>ἢ</span> <span class='ocrx_word' id='word_1_720' title='bbox 3484 4405 3662 4460; x_wconf 68' lang='grc' dir='ltr'>κακῶν</span> 
     </span>
    </p>
   </div>
   <div class='ocr_carea' id='block_1_99' title="bbox 2088 4490 3662 4564">
    <p class='ocr_par' dir='ltr' id='par_1_99' title="bbox 2088 4490 3662 4564">
     <span class='ocr_line' id='line_1_99' title="bbox 2088 4490 3662 4564; baseline 0.003 -19"><span class='ocrx_word' id='word_1_721' title='bbox 2088 4491 2289 4547; x_wconf 74' lang='grc' dir='ltr'>διδόναι</span> <span class='ocrx_word' id='word_1_722' title='bbox 2329 4494 2441 4554; x_wconf 86' lang='grc' dir='ltr'>τοῖς</span> <span class='ocrx_word' id='word_1_723' title='bbox 2483 4492 2542 4544; x_wconf 89' lang='grc' dir='ltr'><strong>ἐν</strong></span> <span class='ocrx_word' id='word_1_724' title='bbox 2593 4492 2731 4564; x_wconf 81' lang='grc' dir='ltr'>αὐτῇ</span> <span class='ocrx_word' id='word_1_725' title='bbox 2773 4495 3107 4563; x_wconf 80' lang='grc' dir='ltr'>γινομένοις.</span> <span class='ocrx_word' id='word_1_726' title='bbox 3166 4494 3314 4549; x_wconf 74' lang='grc' dir='ltr'>Ἀλλ’</span> <span class='ocrx_word' id='word_1_727' title='bbox 3357 4490 3439 4553; x_wconf 83' lang='grc' dir='ltr'><strong>ὧν</strong></span> <span class='ocrx_word' id='word_1_728' title='bbox 3477 4499 3543 4552; x_wconf 78' lang='grc' dir='ltr'><strong>ἀν</strong></span> <span class='ocrx_word' id='word_1_729' title='bbox 3577 4514 3662 4560; x_wconf 82' lang='grc' dir='ltr'>τις</span> 
     </span>
    </p>
   </div>
   <div class='ocr_carea' id='block_1_100' title="bbox 2090 4585 3659 4662">
    <p class='ocr_par' dir='ltr' id='par_1_100' title="bbox 2090 4585 3659 4662">
     <span class='ocr_line' id='line_1_100' title="bbox 2090 4585 3659 4662; baseline 0.001 -22"><span class='ocrx_word' id='word_1_730' title='bbox 2090 4585 2268 4657; x_wconf 81' lang='grc' dir='ltr'>ἐαυτῷ</span> <span class='ocrx_word' id='word_1_731' title='bbox 2298 4586 2675 4657; x_wconf 73' lang='grc' dir='ltr'>καταϐάληται</span> <span class='ocrx_word' id='word_1_732' title='bbox 2735 4587 2823 4641; x_wconf 83' lang='grc' dir='ltr'><strong>διὰ</strong></span> <span class='ocrx_word' id='word_1_733' title='bbox 2854 4587 2963 4641; x_wconf 88' lang='grc' dir='ltr'>τῶν</span> <span class='ocrx_word' id='word_1_734' title='bbox 2999 4587 3175 4659; x_wconf 73' lang='grc' dir='ltr'><strong>ἔργων</strong></span> <span class='ocrx_word' id='word_1_735' title='bbox 3226 4589 3300 4642; x_wconf 87' lang='grc' dir='ltr'><strong>τά</strong></span> <span class='ocrx_word' id='word_1_736' title='bbox 3347 4591 3659 4662; x_wconf 78' lang='grc' dir='ltr'>σπέρματα,</span> 
     </span>
    </p>
   </div>
   <div class='ocr_carea' id='block_1_101' title="bbox 2089 4671 3659 4753">
    <p class='ocr_par' dir='ltr' id='par_1_101' title="bbox 2089 4671 3659 4753">
     <span class='ocr_line' id='line_1_101' title="bbox 2089 4671 3659 4753; baseline 0.003 -24"><span class='ocrx_word' id='word_1_737' title='bbox 2089 4676 2293 4731; x_wconf 77' lang='grc' dir='ltr'>τούτων</span> <span class='ocrx_word' id='word_1_738' title='bbox 2351 4678 2734 4748; x_wconf 72' lang='grc' dir='ltr'>ἀντιπαρέχειν</span> <span class='ocrx_word' id='word_1_739' title='bbox 2787 4678 2856 4730; x_wconf 71' lang='grc' dir='ltr'><strong>τὰ</strong></span> <span class='ocrx_word' id='word_1_740' title='bbox 2903 4678 3218 4749; x_wconf 82' lang='grc' dir='ltr'>δράγματα·</span> <span class='ocrx_word' id='word_1_741' title='bbox 3257 4671 3323 4733; x_wconf 76' lang='grc' dir='ltr'><strong>οὗ</strong></span> <span class='ocrx_word' id='word_1_742' title='bbox 3369 4681 3532 4753; x_wconf 79' lang='grc' dir='ltr'>χάριν</span> <span class='ocrx_word' id='word_1_743' title='bbox 3571 4683 3659 4735; x_wconf 74' lang='lat' dir='ltr'><strong>iv-</strong></span> 
     </span>
    </p>
   </div>
   <div class='ocr_carea' id='block_1_102' title="bbox 2088 4769 3659 4842">
    <p class='ocr_par' dir='ltr' id='par_1_102' title="bbox 2088 4769 3659 4842">
     <span class='ocr_line' id='line_1_102' title="bbox 2088 4769 3659 4842; baseline 0.001 -20"><span class='ocrx_word' id='word_1_744' title='bbox 2088 4769 2266 4823; x_wconf 86' lang='grc' dir='ltr'>ταῦθα</span> <span class='ocrx_word' id='word_1_745' title='bbox 2327 4770 2568 4839; x_wconf 80' lang='grc' dir='ltr'><strong>ἐνεργεῖν</strong></span> <span class='ocrx_word' id='word_1_746' title='bbox 2617 4770 2900 4841; x_wconf 85' lang='grc' dir='ltr'>νομοθετεῖ</span> <span class='ocrx_word' id='word_1_747' title='bbox 2950 4770 3049 4842; x_wconf 84' lang='grc' dir='ltr'>τὴν</span> <span class='ocrx_word' id='word_1_748' title='bbox 3110 4773 3430 4841; x_wconf 81' lang='grc' dir='ltr'>μετάνοιαν,</span> <span class='ocrx_word' id='word_1_749' title='bbox 3483 4773 3557 4836; x_wconf 81' lang='grc' dir='ltr'><strong>ὡς</strong></span> <span class='ocrx_word' id='word_1_750' title='bbox 3600 4773 3659 4825; x_wconf 75' lang='grc' dir='ltr'>ἐν</span> 
     </span>
    </p>
   </div>
   <div class='ocr_carea' id='block_1_103' title="bbox 2091 4860 3656 4935">
    <p class='ocr_par' dir='ltr' id='par_1_103' title="bbox 2091 4860 3656 4935">
     <span class='ocr_line' id='line_1_103' title="bbox 2091 4860 3656 4935; baseline 0.002 -22"><span class='ocrx_word' id='word_1_751' title='bbox 2091 4860 2168 4931; x_wconf 84' lang='grc' dir='ltr'>τῷ</span> <span class='ocrx_word' id='word_1_752' title='bbox 2201 4860 2302 4933; x_wconf 75' lang='grc' dir='ltr'><strong>ᾄδῃ</strong></span> <span class='ocrx_word' id='word_1_753' title='bbox 2329 4862 2428 4931; x_wconf 83' lang='grc' dir='ltr'><strong>τῆς</strong></span> <span class='ocrx_word' id='word_1_754' title='bbox 2463 4861 2718 4932; x_wconf 83' lang='grc' dir='ltr'><strong>τοιαύτης</strong></span> <span class='ocrx_word' id='word_1_755' title='bbox 2777 4861 3020 4932; x_wconf 80' lang='grc' dir='ltr'>σπουδῆς</span> <span class='ocrx_word' id='word_1_756' title='bbox 3065 4862 3487 4935; x_wconf 82' lang='grc' dir='ltr'>ἀπρακτούσης.</span> <span class='ocrx_word' id='word_1_757' title='bbox 3523 4863 3656 4935; x_wconf 60' lang='grc' dir='ltr'><strong>Φησὶ</strong></span> 
     </span>
    </p>
   </div>
   <div class='ocr_carea' id='block_1_104' title="bbox 2087 4951 3656 5024">
    <p class='ocr_par' dir='ltr' id='par_1_104' title="bbox 2087 4951 3656 5024">
     <span class='ocr_line' id='line_1_104' title="bbox 2087 4951 3656 5024; baseline 0.003 -19"><span class='ocrx_word' id='word_1_758' title='bbox 2087 4951 2218 5022; x_wconf 86' lang='grc' dir='ltr'><strong>γάρ·</strong></span> <span class='ocrx_word' id='word_1_759' title='bbox 2263 4951 2483 5020; x_wconf 82' lang='grc' dir='ltr'>Ἐπειδὴ</span> <span class='ocrx_word' id='word_1_760' title='bbox 2516 4952 2728 5022; x_wconf 81' lang='grc' dir='ltr'>μακρός</span> <span class='ocrx_word' id='word_1_761' title='bbox 2765 4969 2858 5022; x_wconf 88' lang='grc' dir='ltr'><strong>μοι</strong></span> <span class='ocrx_word' id='word_1_762' title='bbox 2903 4952 3129 5021; x_wconf 86' lang='grc' dir='ltr'>γέγονεν</span> <span class='ocrx_word' id='word_1_763' title='bbox 3178 4954 3207 5007; x_wconf 84' lang='grc' dir='ltr'>ὁ</span> <span class='ocrx_word' id='word_1_764' title='bbox 3231 4955 3332 5024; x_wconf 83' lang='grc' dir='ltr'><strong>τῆς</strong></span> <span class='ocrx_word' id='word_1_765' title='bbox 3370 4954 3656 5024; x_wconf 68' lang='grc' dir='ltr'>μετανοίας</span> 
     </span>
    </p>
   </div>
   <div class='ocr_carea' id='block_1_105' title="bbox 2085 5026 3653 5116">
    <p class='ocr_par' dir='ltr' id='par_1_105' title="bbox 2085 5026 3653 5116">
     <span class='ocr_line' id='line_1_105' title="bbox 2085 5026 3653 5116; baseline -0.001 -18"><span class='ocrx_word' id='word_1_766' title='bbox 2085 5044 2299 5115; x_wconf 82' lang='grc' dir='ltr'><strong>καιρὸς,</strong></span> <span class='ocrx_word' id='word_1_767' title='bbox 2340 5043 2554 5097; x_wconf 79' lang='grc' dir='ltr'>δέδοικα</span> <span class='ocrx_word' id='word_1_768' title='bbox 2602 5043 2678 5115; x_wconf 80' lang='grc' dir='ltr'><strong>μὴ</strong></span> <span class='ocrx_word' id='word_1_769' title='bbox 2719 5043 2905 5115; x_wconf 82' lang='grc' dir='ltr'>φθάσῃ</span> <span class='ocrx_word' id='word_1_770' title='bbox 2935 5044 3027 5098; x_wconf 82' lang='grc' dir='ltr'>τὸν</span> <span class='ocrx_word' id='word_1_771' title='bbox 3080 5026 3232 5116; x_wconf 80' lang='grc' dir='ltr'><strong>παρά</strong></span> <span class='ocrx_word' id='word_1_772' title='bbox 3287 5045 3388 5100; x_wconf 86' lang='grc' dir='ltr'><strong>σοῦ</strong></span> <span class='ocrx_word' id='word_1_773' title='bbox 3440 5046 3584 5100; x_wconf 68' lang='grc' dir='ltr'>ἔλεον</span> <span class='ocrx_word' id='word_1_774' title='bbox 3622 5045 3653 5097; x_wconf 77' lang='grc'>6</span> 
     </span>
    </p>
   </div>
   <div class='ocr_carea' id='block_1_106' title="bbox 2085 5128 3650 5208">
    <p class='ocr_par' dir='ltr' id='par_1_106' title="bbox 2085 5128 3650 5208">
     <span class='ocr_line' id='line_1_106' title="bbox 2085 5128 3650 5208; baseline 0.002 -20"><span class='ocrx_word' id='word_1_775' title='bbox 2085 5135 2337 5201; x_wconf 79' lang='grc' dir='ltr'>θάνατος,</span> <span class='ocrx_word' id='word_1_776' title='bbox 2354 5138 2411 5190; x_wconf 88' lang='grc' dir='ltr'><strong>ἐν</strong></span> <span class='ocrx_word' id='word_1_777' title='bbox 2426 5128 2470 5204; x_wconf 78' lang='grc' dir='ltr'><strong>ᾧ</strong></span> <span class='ocrx_word' id='word_1_778' title='bbox 2488 5135 2558 5190; x_wconf 84' lang='grc' dir='ltr'>τὰ</span> <span class='ocrx_word' id='word_1_779' title='bbox 2579 5136 2678 5208; x_wconf 83' lang='grc' dir='ltr'><strong>τῆς</strong></span> <span class='ocrx_word' id='word_1_780' title='bbox 2698 5135 3141 5207; x_wconf 78' lang='grc' dir='ltr'>ἐξομολογήσεως</span> <span class='ocrx_word' id='word_1_781' title='bbox 3159 5137 3261 5190; x_wconf 81' lang='grc' dir='ltr'><strong>οὐκ</strong></span> <span class='ocrx_word' id='word_1_782' title='bbox 3286 5135 3407 5191; x_wconf 73' lang='grc' dir='ltr'>ἐστι</span> <span class='ocrx_word' id='word_1_783' title='bbox 3428 5154 3446 5171; x_wconf 89' lang='grc'><strong>·</strong></span> <span class='ocrx_word' id='word_1_784' title='bbox 3466 5136 3650 5191; x_wconf 63' lang='grc' dir='ltr'>τούτω</span> 
     </span>
    </p>
   </div>
   <div class='ocr_carea' id='block_1_107' title="bbox 1502 5289 2524 5349">
    <p class='ocr_par' dir='ltr' id='par_1_107' title="bbox 1502 5289 2524 5349">
     <span class='ocr_line' id='line_1_107' title="bbox 1502 5289 2524 5349; baseline 0.002 -4"><span class='ocrx_word' id='word_1_785' title='bbox 1502 5290 1729 5348; x_wconf 73' lang='grc' dir='ltr'>νΑιιιΑι]</span> <span class='ocrx_word' id='word_1_786' title='bbox 1761 5289 2146 5347; x_wconf 83' lang='lat' dir='ltr'><strong>LECTIONES</strong></span> <span class='ocrx_word' id='word_1_787' title='bbox 2180 5289 2266 5346; x_wconf 80' lang='lat' dir='ltr'><strong>ET</strong></span> <span class='ocrx_word' id='word_1_788' title='bbox 2291 5289 2524 5349; x_wconf 62' lang='grc' dir='ltr'><strong>ΝΟΤᾸΕ.</strong></span> 
     </span>
    </p>
   </div>
   <div class='ocr_carea' id='block_1_108' title="bbox 478 5451 1992 5525">
    <p class='ocr_par' dir='ltr' id='par_1_108' title="bbox 478 5451 1992 5525">
     <span class='ocr_line' id='line_1_108' title="bbox 478 5451 1992 5525; baseline 0.001 -19"><span class='ocrx_word' id='word_1_789' title='bbox 478 5454 522 5484; x_wconf 84' lang='grc'><strong>²⁰</strong></span> <span class='ocrx_word' id='word_1_790' title='bbox 540 5452 711 5525; x_wconf 75' lang='lat' dir='ltr'><strong>cud._i</strong></span> <span class='ocrx_word' id='word_1_791' title='bbox 746 5451 1052 5525; x_wconf 71' lang='grc' dir='ltr'>ἀσθενήσοι.</span> <span class='ocrx_word' id='word_1_792' title='bbox 1090 5455 1209 5525; x_wconf 85' lang='lat' dir='ltr'><strong>cod.</strong></span> <span class='ocrx_word' id='word_1_793' title='bbox 1233 5453 1267 5505; x_wconf 72' lang='grc'>2</span> <span class='ocrx_word' id='word_1_794' title='bbox 1296 5454 1530 5525; x_wconf 81' lang='grc' dir='ltr'>ἀσθενεῖ.</span> <span class='ocrx_word' id='word_1_795' title='bbox 1615 5455 1655 5485; x_wconf 84' lang='grc'><strong>²¹</strong></span> <span class='ocrx_word' id='word_1_796' title='bbox 1689 5459 1808 5508; x_wconf 86' lang='lat' dir='ltr'><strong>cod.</strong></span> <span class='ocrx_word' id='word_1_797' title='bbox 1849 5455 1871 5525; x_wconf 75' lang='lat' dir='ltr'><strong>l</strong></span> <span class='ocrx_word' id='word_1_798' title='bbox 1918 5471 1992 5507; x_wconf 69' lang='grc' dir='ltr'><strong>στι</strong></span> 
     </span>
    </p>
   </div>
   <div class='ocr_carea' id='block_1_109' title="bbox 2099 5451 2771 5525">
    <p class='ocr_par' dir='ltr' id='par_1_109' title="bbox 2099 5452 2771 5525">
     <span class='ocr_line' id='line_1_109' title="bbox 2099 5452 2771 5525; baseline 0.001 -17"><span class='ocrx_word' id='word_1_799' title='bbox 2099 5452 2220 5525; x_wconf 52' lang='lat' dir='ltr'><strong>gos.</strong></span> <span class='ocrx_word' id='word_1_800' title='bbox 2245 5455 2367 5509; x_wconf 86' lang='lat' dir='ltr'><strong>cod.</strong></span> <span class='ocrx_word' id='word_1_801' title='bbox 2399 5454 2435 5508; x_wconf 78' lang='grc'>2</span> <span class='ocrx_word' id='word_1_802' title='bbox 2466 5455 2771 5525; x_wconf 73' lang='grc' dir='ltr'>στασιάζει.</span> 
     </span>
    </p>
   </div>
   <div class='ocr_carea' id='block_1_110' title="bbox 407 5522 1902 5592">
    <p class='ocr_par' dir='ltr' id='par_1_110' title="bbox 407 5522 1902 5592">
     <span class='ocr_line' id='line_1_110' title="bbox 407 5522 1902 5592; baseline -0.001 -15"><span class='ocrx_word' id='word_1_803' title='bbox 407 5522 532 5592; x_wconf 83' lang='lat' dir='ltr'><strong>Des.</strong></span> <span class='ocrx_word' id='word_1_804' title='bbox 563 5522 704 5591; x_wconf 87' lang='lat' dir='ltr'><strong>apud</strong></span> <span class='ocrx_word' id='word_1_805' title='bbox 728 5523 893 5579; x_wconf 67' lang='grc' dir='ltr'>ϐοτά.</span> <span class='ocrx_word' id='word_1_806' title='bbox 927 5522 978 5592; x_wconf 77' lang='grc' dir='ltr'><strong>ι’».</strong></span> <span class='ocrx_word' id='word_1_807' title='bbox 1013 5524 1132 5579; x_wconf 79' lang='grc'>108.</span> <span class='ocrx_word' id='word_1_808' title='bbox 1206 5525 1254 5557; x_wconf 79' lang='grc'>³³</span> <span class='ocrx_word' id='word_1_809' title='bbox 1284 5524 1424 5591; x_wconf 82' lang='grc' dir='ltr'><strong>Σῆς.</strong></span> <span class='ocrx_word' id='word_1_810' title='bbox 1456 5525 1620 5579; x_wconf 83' lang='lat' dir='ltr'><strong>Abest</strong></span> <span class='ocrx_word' id='word_1_811' title='bbox 1645 5542 1672 5577; x_wconf 76' lang='grc' dir='ltr'>ει</span> <span class='ocrx_word' id='word_1_812' title='bbox 1701 5525 1821 5579; x_wconf 87' lang='lat' dir='ltr'><strong>cod.</strong></span> <span class='ocrx_word' id='word_1_813' title='bbox 1854 5524 1902 5577; x_wconf 84' lang='lat' dir='ltr'><strong>l.</strong></span> 
     </span>
    </p>
   </div>
   <div class='ocr_carea' id='block_1_111' title="bbox 2011 5518 3462 5599">
    <p class='ocr_par' dir='ltr' id='par_1_111' title="bbox 2011 5518 3462 5599">
     <span class='ocr_line' id='line_1_111' title="bbox 2011 5518 3462 5599; baseline 0.005 -23"><span class='ocrx_word' id='word_1_814' title='bbox 2011 5525 2057 5555; x_wconf 72' lang='lat'>”</span> <span class='ocrx_word' id='word_1_815' title='bbox 2092 5523 2169 5599; x_wconf 68' lang='lat' dir='ltr'><strong>Td</strong></span> <span class='ocrx_word' id='word_1_816' title='bbox 2193 5555 2258 5566; x_wconf 67' lang='lat'><strong>~—</strong></span> <span class='ocrx_word' id='word_1_817' title='bbox 2292 5525 2407 5591; x_wconf 79' lang='grc' dir='ltr'><strong>τὴν</strong></span> <span class='ocrx_word' id='word_1_818' title='bbox 2438 5518 2752 5599; x_wconf 23' lang='grc' dir='ltr'>βοήθειαν..</span> <span class='ocrx_word' id='word_1_819' title='bbox 2804 5526 2935 5599; x_wconf 69' lang='lat' dir='ltr'><strong>Des.</strong></span> <span class='ocrx_word' id='word_1_820' title='bbox 2987 5518 3143 5599; x_wconf 48' lang='lat' dir='ltr'><strong>apud</strong></span> <span class='ocrx_word' id='word_1_821' title='bbox 3180 5526 3345 5599; x_wconf 75' lang='lat' dir='ltr'><strong>Cond.</strong></span> <span class='ocrx_word' id='word_1_822' title='bbox 3406 5518 3462 5599; x_wconf 59' lang='grc' dir='ltr'><strong>[ί</strong></span> 
     </span>
    </p>
   </div>
   <div class='ocr_carea' id='block_1_112' title="bbox 2849 5455 3639 5580">
    <p class='ocr_par' dir='ltr' id='par_1_112' title="bbox 2849 5455 3639 5580">
     <span class='ocr_line' id='line_1_112' title="bbox 2849 5455 3639 5527; baseline 0.001 -2"><span class='ocrx_word' id='word_1_823' title='bbox 2849 5458 2897 5487; x_wconf 70' lang='grc'><strong>’³</strong></span> <span class='ocrx_word' id='word_1_824' title='bbox 2934 5455 3307 5525; x_wconf 62' lang='grc' dir='ltr'><strong>ἐῤῥωμένου</strong></span> <span class='ocrx_word' id='word_1_825' title='bbox 3335 5487 3409 5499; x_wconf 90' lang='grc'><strong><em>-</em></strong></span> <span class='ocrx_word' id='word_1_826' title='bbox 3430 5455 3639 5527; x_wconf 62' lang='grc' dir='ltr'><strong>κάδων·</strong></span> 
     </span>
     <span class='ocr_line' id='line_1_113' title="bbox 2849 5526 3639 5580; baseline 0 0"><span class='ocrx_word' id='word_1_827' title='bbox 2849 5536 2935 5580; x_wconf 68' lang='grc' dir='ltr'><strong>ἐς.</strong></span> <span class='ocrx_word' id='word_1_828' title='bbox 2987 5530 3126 5580; x_wconf 83' lang='lat' dir='ltr'><strong>amnt</strong></span> <span class='ocrx_word' id='word_1_829' title='bbox 3180 5526 3345 5580; x_wconf 76' lang='lat' dir='ltr'><strong>Cond.</strong></span> <span class='ocrx_word' id='word_1_830' title='bbox 3408 5543 3462 5580; x_wconf 79' lang='grc' dir='ltr'>η.</span> <span class='ocrx_word' id='word_1_831' title='bbox 3523 5526 3639 5580; x_wconf 69' lang='grc'>108.</span> 
     </span>
    </p>
   </div>
   <div class='ocr_carea' id='block_1_113' title="bbox 406 5590 1992 5665">
    <p class='ocr_par' dir='ltr' id='par_1_113' title="bbox 406 5590 1992 5665">
     <span class='ocr_line' id='line_1_114' title="bbox 406 5590 1992 5665; baseline 0.001 -20"><span class='ocrx_word' id='word_1_832' title='bbox 406 5590 453 5622; x_wconf 80' lang='grc'><strong><em>⁸⁸</em></strong></span> <span class='ocrx_word' id='word_1_833' title='bbox 491 5590 884 5665; x_wconf 40' lang='grc' dir='ltr'><strong>-Ἀρμοδίωςη</strong></span> <span class='ocrx_word' id='word_1_834' title='bbox 899 5590 1000 5665; x_wconf 58' lang='grc' dir='ltr'><strong>ἇπέ</strong></span> <span class='ocrx_word' id='word_1_835' title='bbox 1021 5594 1188 5664; x_wconf 85' lang='grc' dir='ltr'>ἐμοῦ.</span> <span class='ocrx_word' id='word_1_836' title='bbox 1218 5590 1424 5648; x_wconf 81' lang='lat' dir='ltr'><strong>Mutato</strong></span> <span class='ocrx_word' id='word_1_837' title='bbox 1453 5595 1643 5649; x_wconf 88' lang='lat' dir='ltr'><strong>ordine</strong></span> <span class='ocrx_word' id='word_1_838' title='bbox 1665 5597 1955 5649; x_wconf 87' lang='lat' dir='ltr'><strong>verborum</strong></span> <span class='ocrx_word' id='word_1_839' title='bbox 1982 5593 1992 5646; x_wconf 95' lang='grc'><strong>1</strong></span> 
     </span>
    </p>
   </div>
   <div class='ocr_carea' id='block_1_114' title="bbox 2099 5590 3636 5665">
    <p class='ocr_par' dir='ltr' id='par_1_114' title="bbox 2137 5590 3636 5665">
     <span class='ocr_line' id='line_1_115' title="bbox 2137 5590 3636 5665; baseline 0 -18"><span class='ocrx_word' id='word_1_840' title='bbox 2137 5590 2392 5665; x_wconf 81' lang='lat' dir='ltr'><strong>leguntur</strong></span> <span class='ocrx_word' id='word_1_841' title='bbox 2430 5590 2571 5663; x_wconf 72' lang='lat' dir='ltr'><strong>apud</strong></span> <span class='ocrx_word' id='word_1_842' title='bbox 2602 5596 2767 5665; x_wconf 69' lang='lat' dir='ltr'><strong>cont.</strong></span> <span class='ocrx_word' id='word_1_843' title='bbox 2804 5596 2838 5650; x_wconf 86' lang='grc' dir='ltr'>Ι.</span> <span class='ocrx_word' id='word_1_844' title='bbox 2872 5612 2922 5652; x_wconf 91' lang='lat' dir='ltr'><strong>c.</strong></span> <span class='ocrx_word' id='word_1_845' title='bbox 2998 5590 3044 5629; x_wconf 70' lang='grc'>³⁸</span> <span class='ocrx_word' id='word_1_846' title='bbox 3081 5594 3205 5664; x_wconf 72' lang='grc' dir='ltr'><strong>Τὴν</strong></span> <span class='ocrx_word' id='word_1_847' title='bbox 3240 5590 3582 5663; x_wconf 70' lang='grc' dir='ltr'>σήν.Ἀὺοςι</span> <span class='ocrx_word' id='word_1_848' title='bbox 3608 5611 3636 5647; x_wconf 79' lang='lat' dir='ltr'><strong>a</strong></span> 
     </span>
    </p>
   </div>
   <div class='ocr_carea' id='block_1_115' title="bbox 403 5661 1992 5733">
    <p class='ocr_par' dir='ltr' id='par_1_115' title="bbox 403 5661 1992 5733">
     <span class='ocr_line' id='line_1_116' title="bbox 403 5661 1992 5733; baseline 0.001 -19"><span class='ocrx_word' id='word_1_849' title='bbox 403 5661 530 5733; x_wconf 82' lang='lat' dir='ltr'><strong>cod.</strong></span> <span class='ocrx_word' id='word_1_850' title='bbox 570 5661 637 5733; x_wconf 75' lang='grc'>2.</span> <span class='ocrx_word' id='word_1_851' title='bbox 702 5664 744 5695; x_wconf 78' lang='grc'>³⁷</span> <span class='ocrx_word' id='word_1_852' title='bbox 765 5661 1112 5733; x_wconf 71' lang='grc' dir='ltr'>Ἐπιγράςρὼ.</span> <span class='ocrx_word' id='word_1_853' title='bbox 1144 5666 1264 5717; x_wconf 92' lang='lat' dir='ltr'><strong>cod.</strong></span> <span class='ocrx_word' id='word_1_854' title='bbox 1299 5674 1528 5733; x_wconf 88' lang='lat' dir='ltr'><strong>uterque</strong></span> <span class='ocrx_word' id='word_1_855' title='bbox 1557 5673 1609 5716; x_wconf 81' lang='lat' dir='ltr'><strong>et</strong></span> <span class='ocrx_word' id='word_1_856' title='bbox 1644 5665 1805 5718; x_wconf 75' lang='lat' dir='ltr'><strong>(Iord.</strong></span> <span class='ocrx_word' id='word_1_857' title='bbox 1845 5665 1992 5733; x_wconf 83' lang='grc' dir='ltr'>ἐπαγ</span> 
     </span>
    </p>
   </div>
   <div class='ocr_carea' id='block_1_116' title="bbox 2099 5661 2184 5733">
    <p class='ocr_par' dir='ltr' id='par_1_116' title="bbox 2099 5665 2184 5717">
     <span class='ocr_line' id='line_1_117' title="bbox 2099 5665 2184 5717; baseline 0.024 -2"><span class='ocrx_word' id='word_1_858' title='bbox 2099 5665 2184 5717; x_wconf 64' lang='grc' dir='ltr'>ιω.</span> 
     </span>
    </p>
   </div>
   <div class='ocr_carea' id='block_1_117' title="bbox 2263 5663 3639 5736">
    <p class='ocr_par' dir='ltr' id='par_1_117' title="bbox 2263 5663 3639 5736">
     <span class='ocr_line' id='line_1_118' title="bbox 2263 5663 3639 5736; baseline -0.006 -12"><span class='ocrx_word' id='word_1_859' title='bbox 2263 5666 2306 5695; x_wconf 78' lang='grc'><strong>⁵³</strong></span> <span class='ocrx_word' id='word_1_860' title='bbox 2330 5667 2444 5736; x_wconf 69' lang='grc' dir='ltr'><strong><em>Ἐκ</em></strong></span> <span class='ocrx_word' id='word_1_861' title='bbox 2482 5695 2542 5705; x_wconf 87' lang='lat'><strong>-</strong></span> <span class='ocrx_word' id='word_1_862' title='bbox 2570 5663 2739 5733; x_wconf 78' lang='grc' dir='ltr'>ὀρᾷν.</span> <span class='ocrx_word' id='word_1_863' title='bbox 2773 5665 2895 5723; x_wconf 63' lang='lat' dir='ltr'><strong>Des.</strong></span> <span class='ocrx_word' id='word_1_864' title='bbox 2927 5666 3071 5736; x_wconf 88' lang='lat' dir='ltr'><strong>apud</strong></span> <span class='ocrx_word' id='word_1_865' title='bbox 3090 5666 3251 5724; x_wconf 76' lang='lat' dir='ltr'><strong>Cord.</strong></span> <span class='ocrx_word' id='word_1_866' title='bbox 3293 5668 3329 5722; x_wconf 92' lang='lat' dir='ltr'><strong>I.</strong></span> <span class='ocrx_word' id='word_1_867' title='bbox 3356 5685 3411 5724; x_wconf 88' lang='lat' dir='ltr'><strong>c.</strong></span> <span class='ocrx_word' id='word_1_868' title='bbox 3469 5670 3511 5700; x_wconf 73' lang='grc'>³⁸</span> <span class='ocrx_word' id='word_1_869' title='bbox 3539 5669 3639 5718; x_wconf 67' lang='grc' dir='ltr'><strong>Δια</strong></span> 
     </span>
    </p>
   </div>
   <div class='ocr_carea' id='block_1_118' title="bbox 399 5732 1992 5802">
    <p class='ocr_par' dir='ltr' id='par_1_118' title="bbox 399 5732 1989 5802">
     <span class='ocr_line' id='line_1_119' title="bbox 399 5732 1989 5802; baseline 0 -17"><span class='ocrx_word' id='word_1_870' title='bbox 399 5758 464 5772; x_wconf 87' lang='lat'><strong>-—</strong></span> <span class='ocrx_word' id='word_1_871' title='bbox 501 5732 789 5802; x_wconf 78' lang='grc' dir='ltr'>ἐχούσης.</span> <span class='ocrx_word' id='word_1_872' title='bbox 820 5732 943 5790; x_wconf 54' lang='lat' dir='ltr'><strong>Huic</strong></span> <span class='ocrx_word' id='word_1_873' title='bbox 975 5732 1087 5789; x_wconf 77' lang='lat' dir='ltr'><strong>fere</strong></span> <span class='ocrx_word' id='word_1_874' title='bbox 1118 5735 1307 5788; x_wconf 88' lang='lat' dir='ltr'><strong>cadem</strong></span> <span class='ocrx_word' id='word_1_875' title='bbox 1333 5732 1456 5788; x_wconf 87' lang='lat' dir='ltr'><strong>sunt</strong></span> <span class='ocrx_word' id='word_1_876' title='bbox 1483 5750 1604 5787; x_wconf 87' lang='lat' dir='ltr'><strong>cum</strong></span> <span class='ocrx_word' id='word_1_877' title='bbox 1642 5734 1710 5788; x_wconf 87' lang='lat' dir='ltr'><strong>iis</strong></span> <span class='ocrx_word' id='word_1_878' title='bbox 1737 5749 1858 5802; x_wconf 68' lang='lat' dir='ltr'><strong>quae</strong></span> <span class='ocrx_word' id='word_1_879' title='bbox 1885 5732 1989 5787; x_wconf 88' lang='lat' dir='ltr'><strong>Cor</strong></span> 
     </span>
    </p>
   </div>
   <div class='ocr_carea' id='block_1_119' title="bbox 2099 5732 2446 5802">
    <p class='ocr_par' dir='ltr' id='par_1_119' title="bbox 2099 5732 2446 5789">
     <span class='ocr_line' id='line_1_120' title="bbox 2099 5732 2446 5789; baseline 0.003 -3"><span class='ocrx_word' id='word_1_880' title='bbox 2099 5732 2301 5789; x_wconf 79' lang='lat' dir='ltr'><strong>:xhibet</strong></span> <span class='ocrx_word' id='word_1_881' title='bbox 2329 5735 2364 5789; x_wconf 91' lang='grc' dir='ltr'>Ι.</span> <span class='ocrx_word' id='word_1_882' title='bbox 2396 5750 2446 5788; x_wconf 91' lang='lat' dir='ltr'><strong>c.</strong></span> 
     </span>
    </p>
   </div>
  </div>
