3872 6318
398 230 525 296 "907

1422 220 1911 284 THEODORETI
1950 218 2290 280 EPISCOPI
2333 218 2703 280 CYRENSIS

3590 226 3703 290 968

418 341 724 414 genitorem
769 337 975 394 bellum
1007 342 1273 390 moveret.
1313 332 1548 388 Mmrorc
1572 334 1737 403 igitur
1759 331 1988 386 affectus

2117 332 2459 401 συναγεῖραι,
2514 328 2608 382 καὶ
2646 326 2956 399 τηνικαῦτα
3003 328 3142 382 κατά
3173 329 3267 385 ταῦ
3303 336 3704 405 γεγεννηκότος

414 441 473 489 et
514 431 808 488 admodum
843 428 1203 485 conturbatus
1231 425 1577 495 Achitephel,
1608 441 1674 479 eo
1704 424 1850 495 quod
1876 439 2005 479 cnu-

416 527 601 580 silium
620 522 788 578 Chusi
812 519 1160 592 pra-stantius
1179 517 1357 571 visum
1379 517 1503 581 fuit,
1526 516 1702 571 factus
1725 517 1811 572 sui
1831 515 2002 584 ipsius

417 615 714 680 homicida,
766 612 1068 683 suspendio
1116 612 1280 665 vitam
1327 610 1484 665 finiit.
1541 610 1768 666 Divinus
1819 619 2000 665 autem

419 706 606 767 David,
637 719 763 760 cum
806 719 872 758 cx
908 701 1213 757 invasionis
1242 701 1507 756 dilatione
1542 701 1887 756 occasionem
1917 699 2002 754 fu-

413 798 595 869 giendi
643 796 987 861 arripuisset,
1025 795 1218 850 salutis
1248 810 1474 864 compos
1498 793 1620 847 fuit.
1650 793 1808 847 Hunc
1838 793 2001 860 igitur

413 892 706 961 psalmum,
735 888 900 943 veluti
929 890 1220 958 quemdam
1246 886 1507 957 hymnum
1535 885 2004 956 deprecationem-

410 998 540 1054 que,
595 980 704 1036 Deo
763 980 1022 1035 salvatori
1046 978 1221 1034 offert.
1269 978 1579 1033 Doctrinam
1616 987 1798 1032 autem
1832 978 1997 1033 ctiam

406 1076 582 1137 addit,
613 1073 776 1146 645
820 1087 915 1128 eos
953 1072 1278 1137 adhortans,
1304 1072 1398 1143 qui
1432 1087 1461 1125 a
1498 1071 1820 1140 quibusdam
1855 1070 2001 1141 inju-

412 1170 492 1221 ria
521 1177 645 1222 sunt
678 1164 880 1228 allecti,
924 1173 986 1218 ut
1025 1178 1178 1233 spem
1216 1164 1272 1217 in
1303 1162 1415 1218 Deo
1444 1164 1736 1230 collocent,
1772 1172 1826 1217 et
1849 1164 1998 1219 illinc

411 1274 569 1329 opem
610 1265 929 1327 exspectent
954 1273 967 1310 :
992 1269 1087 1311 eos
1121 1265 1300 1309 autem
1332 1256 1426 1326 qui
1449 1255 1705 1326 injuriam
1733 1255 1994 1323 inferunt,

406 1350 552 1403 facta
577 1346 772 1417 judicii
797 1345 969 1401 divini
1003 1346 1281 1400 mentione
1304 1344 1606 1401 deterrens.

480 1524 648 1582 Vens.
670 1526 727 1591 2,
761 1526 815 1581 5.
857 1544 877 1578 ι
909 1524 1136 1580 Domine
1188 1523 1334 1582 Deus
1358 1525 1454 1592 mi,
1488 1525 1542 1580 in
1574 1536 1627 1582 te
1659 1527 1895 1597 speravi,
1918 1528 1996 1582 li-

412 1626 543 1677 hcra
581 1637 668 1677 me
700 1621 770 1676 ab
815 1621 1075 1676 omnibus
1106 1622 1565 1692 persequentibus
1616 1638 1722 1688 me,
1752 1632 1807 1678 et
1845 1624 1997 1694 eripe

2109 420 2463 491 στρατεῦσαι.
2521 421 2830 492 Ἀχθεσθέὶς
2873 422 3056 477 τοίνυν
3106 426 3201 479 καὶ
3245 424 3366 480 λίαν
3415 428 3702 500 ἀδημονή-

2107 530 2208 577 σας
2243 516 2273 567 ὁ
2322 513 2630 584 Ἀχιτόφελ,
2658 514 2745 591 ὡς.
2776 515 3150 584 αἱρετωτέρας
3178 517 3441 589 όφθείσης
3471 521 3574 591 τῆς
3601 522 3701 576 τοῦ

2104 604 2278 657 Χουσὶ
2304 604 2639 675 συμϐουλῆς,
2677 585 2937 677 αὗτόχειρ
2959 607 3124 671 αὐτὸς
3147 609 3192 640 ⁵³
3227 585 3549 681 γενόμενος,
3592 612 3699 684 τὴν

2102 696 2172 749 δι’
2203 697 2445 769 ἀγχόνης
2480 696 2699 763 ἐδέξατο
2728 699 3023 770 τελευτήν.
3074 700 3132 754 Ὀ
3161 701 3220 754 δέ
3251 719 3314 767 γε
3346 703 3494 768 θεῖος
3527 707 3702 761 Δαϐἰδ

2102 790 2202 859 τῆς
2233 789 2427 857 ἐφόδου
2461 788 2559 862 τὴν
2600 788 2874 862 ἀναϐολὴν
2910 789 3106 861 καιρὸν
3137 793 3220 856 είς
3266 796 3448 865 φυγὴν
3487 784 3697 866 iusim,

2099 880 2207 949 τῆς·
2229 882 2505 953 σωτηρίας
2542 881 2733 952 ἔτυχεο
2766 879 2958 937 τοῦτον
2995 884 3290 956 τοιγαροῦν
3335 886 3427 941 τὸν
3451 888 3695 960 ψαλμὸν,

2101 963 2214 1023 οἷόν
2248 987 2371 1024 τινα
2398 970 2571 1042 ῦμνον
2609 972 2706 1025 καὶ
2734 972 3066 1044 προσευχὴν,
3097 974 3175 1045 τῷ
3209 966 3416 1049 σωτῆρι
3446 981 3697 1050 προσερέ-

2103 1081 2188 1135 ρει
2214 1063 2337 1136 Θεῷ
2360 1080 2376 1095 ο
2424 1065 2757 1136 προστίθησι
2788 1065 2845 1118 δὲ
2886 1067 2983 1118 καὶ
3015 1066 3391 1132 διδασκαλίαν,
3422 1073 3552 1136 τοὺς
3594 1074 3695 1144 μὲν

2101 1159 2209 1212 ὑπό
2235 1176 2399 1212 τινων
2427 1158 2822 1228 ἀδικουμένους
2841 1158 2923 1221 εἰς
2946 1159 3040 1211 τὸν
3066 1159 3197 1216 Θεὸν
3224 1161 3372 1230 ἔχειν
3404 1164 3505 1227 τὰς
3532 1166 3694 1220 ἐλπί-

2098 1248 2197 1312 δας
2225 1248 2578 1320 προτρέπων,
2623 1250 2721 1302 καὶ
2758 1250 2860 1319 τὴν
2915 1250 3128 1303 ἐκεῖθεν
3168 1253 3461 1322 ἀναμένειν
3491 1256 3691 1326 ῥοπὴν,

2091 1342 2226 1405 τοὺς
2256 1341 2313 1394 δὲ
2339 1340 2665 1404 ἀδικοῦντας
2693 1339 3066 1412 δεδιττόμενος
3099 1344 3197 1415 τῆς
3220 1345 3266 1376 ⁵³
3313 1345 3405 1399 τοῦ
3438 1346 3574 1402 Θεοῦ
3607 1348 3693 1403 δια

2100 1432 2263 1496 καίας
2294 1433 2530 1504 κρίσεως
2553 1434 2761 1504 μνήμῃ.

2171 1523 2240 1594 β’,
2277 1530 2348 1594 γ’.
2388 1541 2408 1575 ι
2445 1523 2645 1595 Κύριε,
2671 1524 2701 1578 ό
2727 1525 2863 1589 Θεός
2898 1543 3034 1596 μου,
3071 1528 3163 1580 ἐπὶ
3194 1528 3281 1582 σοὶ
3311 1530 3540 1602 ἤλπισα,
3577 1534 3694 1588 σῶ-

2100 1614 2193 1668 σόν
2225 1632 2294 1685 με
2343 1617 2409 1668 ἐκ
2467 1616 2686 1670 πάντων
2730 1616 2839 1669 τῶν
2877 1617 3188 1673 διωκόντων
3220 1637 3287 1691 με
3315 1660 3330 1685 ,
3391 1624 3486 1676 καὶ
3521 1625 3692 1696 ῥῦσαί

410 1730 516 1771 me.
555 1714 632 1769 Ne
667 1714 842 1784 rapiat
875 1724 934 1769 ut
959 1714 1044 1769 leo
1078 1716 1317 1769 animam
1352 1728 1555 1779 meam,
1598 1715 1728 1770 dum
1763 1730 1872 1769 non
1911 1724 1988 1770 est

2103 1723 2193 1776 με.
2252 1708 2483 1779 Μήποτε
2537 1708 2767 1780 ἁρπάσῃ
2829 1707 2907 1771 ὡς
2969 1709 3112 1763 λέων
3170 1711 3274 1781 τὴν
3330 1712 3515 1786 ψυχήν
3555 1733 3689 1786 μου,

409 1808 502 1879 qui
543 1809 795 1873 redimat,
825 1823 1002 1879 neque
1029 1809 1121 1878 qui
1152 1809 1365 1865 salvum
1403 1808 1589 1864 faciat.
1631 1828 1650 1860 ι
1690 1808 1872 1874 Nullo,
1907 1810 1995 1864 in-

391 1902 549 1972 -quit,
583 1901 824 1956 humano
849 1900 1053 1957 auxilio
1090 1900 1290 1967 fretus,
1330 1901 1425 1958 sed
1458 1910 1608 1957 tuam
1642 1904 1816 1959 solam
1842 1918 1993 1974 spem

390 1995 465 2047 -in
498 2009 581 2048 me
606 1993 727 2063 ipso
760 1992 1179 2061 circumferens,
1214 2008 1409 2064 precor
1441 2004 1502 2048 ut
1525 2003 1617 2049 tua
1639 1993 1793 2049 fruar
1812 1994 1997 2065 provi-

392 2083 617 2140 rdentia.
650 2082 842 2139 Timeo
873 2084 1017 2139 enim
1063 2087 1132 2138 ne
1169 2100 1322 2141 more
1365 2085 1596 2155 agrestis
1630 2085 1780 2152 ferte,
1818 2086 1856 2140 ii
1901 2086 1993 2155 qui

392 2176 554 2231 bello
585 2192 674 2232 me
701 2178 719 2196 '
758 2183 1166 2247 persequuntur
1198 2179 1526 2249 irrumpanl,
1558 2194 1753 2249 meque
1775 2189 1865 2235 tua
1896 2195 1994 2236 cu-

397 2267 584 2323 stodia
621 2268 944 2324 destitutum
996 2269 1360 2336 invenientes,
1411 2270 1631 2341 penitus
1660 2270 1911 2341 perdant.

482 2441 647 2500 Vsus.
679 2445 764 2499 4.(
790 2444 1022 2501 Domine
1038 2443 1186 2503 Deus
1210 2447 1309 2511 mi,
1345 2446 1393 2503 si
1423 2446 1526 2502 feci
1552 2447 1715 2504 istud.
1745 2467 1762 2498 ι
1790 2446 1995 2503 Deinde

406 2536 755 2593 manifestius
784 2538 946 2593 docet
982 2538 1128 2609 quod
1158 2538 1332 2595 dicit:
1372 2557 1393 2589 ι
1432 2539 1490 2593 Si
1523 2548 1608 2594 est
1643 2539 1909 2610 iniquitas
1938 2541 1993 2603 in

406 2627 665 2684 manibus
712 2628 873 2685 meis.
911 2647 930 2680 ›
987 2628 1056 2684 Et
1104 2629 1512 2695 demonstrans,
1560 2646 1725 2699 quam
1754 2632 1991 2701 speciem

406 2719 693 2789 injustitiae
728 2721 817 2776 hic
848 2721 1014 2788 dicat,
1053 2722 1199 2777 illico
1229 2723 1531 2794 subiungit.

444 2810 648 2867 -Vnns.
703 2812 757 2875 5,
806 2811 861 2867 6.
915 2831 934 2865 ι
997 2812 1055 2869 Si
1106 2813 1317 2869 reddidi
1367 2815 1801 2871 rctribuentibus
1853 2815 1988 2871 mihi

407 2900 575 2967 mala,
603 2902 850 2957 decidam
881 2904 1076 2960 merito
1099 2906 1167 2959 ah
1200 2905 1442 2962 inimicis
1468 2907 1607 2962 meis
1634 2908 1834 2964 inanis.
1860 2906 1989 2963 Per-

406 3000 670 3063 sequatur
691 2992 947 3050 inimicus
975 2996 1217 3051 animam
1237 3012 1435 3063 meam,
1454 3007 1510 3052 et
1536 2998 1982 3067 comprehendat,

405 3097 464 3143 et
486 3088 771 3145 conculcet
802 3090 857 3144 in
887 3097 1036 3145 terra
1057 3091 1223 3146 vitam
1256 3106 1457 3154 meam,
1480 3101 1535 3146 et
1555 3092 1784 3161 gloriam
1809 3103 1985 3147 meum

408 3181 462 3236 in
509 3181 789 3252 pulverem
822 3181 1073 3239 deducat.
1114 3201 1132 3235 ι
1177 3183 1355 3238 Multa:
1378 3195 1507 3238 sunt
1535 3192 1716 3253 partes
1749 3184 1984 3241 virtutis.

405 3264 527 3323 Non
570 3267 745 3323 solum
787 3270 932 3323 enim
975 3271 1334 3340 temperantia
1363 3281 1418 3327 et
1447 3271 1754 3342 prudentia,
1794 3289 1986 3329 verum

406 3359 569 3415 etiam
624 3359 889 3417 fortitudo
918 3370 972 3418 et
993 3362 1230 3433 justitia.
1266 3363 1369 3420 Hic
1398 3365 1565 3436 igitur
1592 3381 1700 3421 non
1727 3366 1986 3429 eximiam

407 3451 663 3508 virtutem
714 3452 820 3508 sibi
870 3453 1117 3520 ascribit,
1164 3455 1262 3510 sed
1296 3455 1467 3526 quod,
1503 3471 1629 3512 cum
1667 3456 1833 3512 hosce
1857 3472 1987 3513 suos

406 3542 595 3601 hostes
640 3543 869 3599 minime
911 3544 1220 3611 offenderit,
1270 3547 1535 3616 iniustum
1585 3556 1805 3618 propter
1836 3548 1985 3619 ipsos

406 3636 673 3691 sustineat
725 3638 1000 3695 exsilium.
1031 3637 1152 3698 Non
1188 3640 1364 3696 solum
1389 3640 1557 3709 enim,
1590 3641 1786 3711 inquit,
1838 3642 1986 3710 prior

405 3728 665 3797 iniuriam
700 3744 817 3785 non
847 3729 1031 3796 intuli,
1070 3730 1165 3786 sed
1198 3744 1377 3801 neque
1411 3730 1555 3795 illos,
1586 3730 1681 3798 qui
1713 3731 1849 3785 mihi
1883 3745 1986 3786 no-

405 3828 660 3887 cuerunt,
710 3835 955 3891 unquam
1002 3821 1195 3877 ulcisci
1240 3821 1409 3878 volui.
1454 3819 1592 3876 Nam
1622 3836 1746 3877 cum
1787 3822 1986 3892 sapius

407 3912 627 3970 Saulem
673 3914 949 3984 captivum
1007 3915 1286 3982 haberem,
1329 3913 1464 3984 justi
1504 3913 1614 3969 odii
1643 3930 1837 3985 poenas
1873 3930 1984 3970 non

403 4007 582 4077 exegi.
631 4009 798 4081 646
840 4007 1183 4078 Quapropter
1217 4017 1291 4071 te,
1320 4005 1572 4072 Domine,
1599 4006 1850 4072 obsecro,
1890 4006 1985 4077 qui

403 4100 588 4154 omnia
625 4102 755 4166 scis,
788 4110 848 4156 ut
873 4101 1019 4171 juste
1056 4115 1143 4155 me
1169 4098 1408 4170 judices,
1438 4109 1492 4154 et
1522 4099 1568 4154 si
1590 4099 1722 4168 quid
1747 4098 1853 4153 tale
1879 4113 1984 4151 un-

403 4203 570 4258 quam
610 4190 1002 4259 commiserim,
1043 4205 1131 4246 me
1164 4198 1258 4243 tua
1289 4202 1422 4244 cura
1451 4188 1633 4258 prives
1666 4188 1792 4257 (hoc
1836 4188 1982 4243 enim

404 4279 581 4333 dicit:
620 4299 639 4330 ‹
680 4280 929 4335 Decidam
964 4281 1033 4335 ab
1087 4279 1329 4334 inimicis
1381 4279 1518 4333 meis
1559 4279 1739 4334 inanis
1787 4278 1857 4349 ι),
1897 4293 1984 4334 me

2103 1796 2179 1867 μὴ
2211 1796 2365 1861 δντος
2386 1798 2783 1869 λυτρουμένου,
2812 1799 2950 1869 μηδὲ
2972 1797 3263 1865 σώζοντος.
3295 1822 3314 1855 ι
3352 1805 3603 1877 Οὐδεμιᾷ
3618 1808 3691 1872 ⁸³,

2098 1889 2285 1957 φησιν,
2344 1887 2666 1959 ἀνθρωπίνῃ
2711 1887 2937 1961 βοηθείᾳ
2968 1889 3284 1961 ,θαρῤὦν³δ,
3318 1894 3420 1966 τὴν
3479 1895 3538 1949 δὲ
3588 1902 3694 1968 σὴν

2097 1979 2292 2034 ἐλπίδα
2326 1981 2496 2052 μόνην
2531 1983 2590 2035 ὲν
2610 1981 2655 2014 ⁸⁵
2705 1982 2931 2052 ἐμαυτῷ
2971 1985 3307 2056 περιφέρων,
3368 1989 3605 2044 ἱκετεύω
3641 1992 3692 2024 ⁸⁸

2095 2072 2196 2142 τῆς
2227 2072 2326 2143 σῆς
2381 2072 2730 2146 προμηθείας
2781 2077 2990 2146 τυχεῖν.
3040 2077 3200 2132 Δέδια
3223 2079 3271 2110 ⁸⁷
3294 2079 3403 2151 γὰρ
3429 2081 3505 2152 μὴ
3526 2081 3691 2154 δίκην

2095 2165 2294 2236 ἀγρίου
2349 2166 2518 2238 θηρὸς
2575 2168 2897 2233 ἐπελθόντες
2939 2171 2990 2224 οἱ
3046 2171 3418 2242 πολεμοῦντες
3444 2175 3511 2238 ⁵⁸,
3588 2179 3691 2232 καὶ

2095 2255 2307 2327 ἔρημόν
2338 2274 2405 2328 με
2448 2258 2550 2330 τῆς
2599 2259 2702 2329 σῆς
2760 2260 3022 2331 προνοίας
3076 2263 3352 2334 εὑρόντες,
3397 2268 3692 2333 παντελῶς

2094 2347 2510 2420 διαφθείρωσιν.

2162 2438 2243 2494 δ’.-
2276 2441 2515 2514 ι,Κύριε
2552 2443 2581 2496 ό
2605 2442 2738 2509 Θεός
2770 2461 2893 2516 μου,
2925 2445 2974 2498 εί
3009 2446 3243 2520 ἐποίησα
3268 2449 3447 2504 τοῦτο.
3489 2471 3508 2504 ι
3544 2448 3687 2507 Εἶτα

2092 2529 2339 2585 διδάσκει
2396 2533 2730 2604 σαφέστερον
2774 2534 2802 2587 ὃ
2831 2534 2983 2604 λέγει
3013 2554 3029 2568 ο
3064 2556 3082 2588 ι
3121 2538 3183 2591 Et
3222 2539 3372 2593 ἔστιν
3402 2540 3589 2596 ἀδικία
3624 2545 3685 2596 έν

2093 2625 2250 2694 χερσί
2281 2641 2403 2695 μου.
2440 2644 2458 2677 ι
2493 2626 2605 2680 Καὶ
2632 2627 2848 2692 δεικνὺς
2877 2632 3030 2683 ποῖον
3059 2623 3199 2695 εἶδος
3227 2632 3447 2698 ἀδικίας
3478 2635 3683 2691 ἐνταῦ-

2093 2711 2164 2767 θά
2187 2715 2232 2746 ⁵⁸
2263 2731 2448 2784 φησιν,
2479 2715 2641 2779 εὐθὺς
2674 2718 2871 2782 ἐπάγει
2897 2734 2913 2748 ’

2162 2812 2225 2869 ε’,
2260 2810 2335 2870 ς’.
2378 2824 2396 2856 ι
2436 2806 2499 2859 Εί
2554 2807 2917 2861 ἀνταπέδωκα
2953 2811 3071 2869 τοῖς
3123 2811 3541 2868 άνταποδιδοῦσί
3584 2833 3683 2886 μοι

2091 2894 2258 2959 κακὰ,
2291 2895 2632 2966 ἀποπέσοιμι
2660 2898 2769 2968 ἄρα
2802 2897 2910 2950 ἀπὸ
2931 2897 3042 2951 τῶν
3084 2898 3296 2970 ἐχθρῶν
3346 2918 3448 2972 μου
3484 2906 3677 2969 κενός.

2090 2985 2436 3051 Καταδιὼξαι
2461 2986 2568 3057 ἄρα
2593 2989 2621 3041 ό
2648 2988 2841 3060 ἐχθρὸς
2875 2988 2976 3060 τὴν
3006 2989 3188 3061 ψυχήν
3221 3008 3346 3062 μου,
3378 2994 3471 3046 καὶ
3504 3011 3683 3050 κατα-

2086 3078 2267 3145 λάϐοι,
2297 3081 2392 3135 καὶ
2417 3083 2821 3153 καταπατῆσαι
2863 3085 2942 3148 είς
2979 3084 3087 3154 γῆν
3112 3085 3213 3158 τὴν
3246 3086 3393 3158 ζωήν
3419 3105 3541 3158 μου,
3578 3092 3683 3144 καὶ

2086 3168 2188 3240 τὴν
2205 3170 2362 3236 δόξαν
2393 3189 2493 3243 μου
2518 3175 2600 3237 είς
2619 3175 2752 3244 χοῦν
2783 3177 3236 3248 κατασκηνώσαι.
3265 3199 3283 3231 ι
3317 3180 3433 3251 Τῆς
3460 3182 3677 3255 ἀρετῆς

2087 3260 2263 3315 πολλά
2294 3263 2482 3335 μόρια.
2510 3265 2586 3317 Οὐ
2609 3267 2719 3339 γάρ
2744 3267 2906 3338 μόνον
2919 3269 3247 3341 σωφροσύνη
3273 3273 3365 3325 καὶ
3377 3273 3676 3345 φρόνησις,

2087 3348 2225 3404 ἀλλὰ
2251 3351 2344 3405 καὶ
2365 3352 2590 3422 ἀνδρεία
2614 3354 2711 3407 καὶ
2731 3354 3070 3427 δικαιοσύνη.
3112 3358 3374 3413 Ἐνταῦθα
3394 3362 3585 3416 τοίνυν
3608 3365 3675 3419 οὐ

2087 3442 2189 3513 τὴν
2217 3444 2398 3517 ἄκραν
2430 3444 2637 3517 ἀρετὴν
2661 3446 2843 3517 ἑαυτῷ
2860 3452 3168 3521 μαρτυρεῖν
3191 3450 3308 3505 ἀλλ’
3330 3451 3412 3506 ὅτι
3439 3453 3674 3520 τούτους

2085 3533 2290 3603 ἥκιστα
2333 3534 2463 3599 τοὺς
2508 3535 2805 3607 πολεμίους
2855 3538 3159 3611 ἠδικηκὼς,
3210 3542 3312 3611 τὴν
3356 3542 3543 3597 ἄδικον
3596 3545 3672 3599 δι’

2085 3621 2286 3687 αὐτοὺς
2311 3624 2576 3693 ὑπομένει
2618 3629 2819 3699 φυγήν.
2854 3629 2932 3682 Οὐ
2976 3630 3134 3701 μόνον
3164 3633 3296 3702 τὰρ,
3330 3635 3519 3705 φησιν,
3542 3636 3670 3690 ἁδί-

2087 3713 2209 3777 κίας
2232 3715 2334 3766 οὐκ
2362 3709 2526 3786 ἦρξα,
2551 3716 2666 3771 ἀλλ’
2696 3719 2819 3773 οὐδὲ
2849 3721 2977 3784 τοὺς
3006 3722 3334 3792 ἠδικηκότας
3353 3726 3672 3799 ἠνεσχόμην

2085 3804 2402 3876 ἀμύνασθαι
2424 3806 2667 3864 πώποτε.
2698 3809 2969 3876 Πολλάκις
2998 3813 3106 3885 γὰρ
3126 3815 3216 3869 τὸν
3241 3818 3416 3870 Σαοὺλ
3445 3819 3675 3891 ὑποχεί-

2087 3914 2205 3969 ριον
2237 3897 2443 3965 λαϐὼν,
2478 3900 2582 3970 τῆς
2630 3901 2818 3957 ἀδίκου
2844 3903 3168 3971 δυσμενείας
3195 3907 3353 3972 δίκας
3387 3912 3491 3964 οὐκ
3540 3913 3669 3966 eic-

2085 3987 2419 4067 επραξάμην
2441 3991 2506 4045 ⁸⁸.
2530 3985 2606 4044 Οὖ
2636 3992 2707 4062 δὴ
2726 3994 2887 4065 χάριν
2918 4012 2996 4062 σε,
3037 3997 3305 4064 Δέσποτα,
3332 4002 3668 4072 παρακαλῶ,

2085 4079 2178 4132 τὸν
2209 4081 2388 4134 πάντα
2419 4081 2607 4151 σαφῶς
2629 4085 3012 4157 ἐπιστάμενον,
3045 4088 3266 4144 δικάσαι
3294 4108 3385 4162 μοι
3412 4093 3669 4161 δικαίωςο

2087 4171 2182 4224 καὶ
2215 4171 2344 4224 εἴτι
2379 4173 2591 4227 τοιοῦτο
2609 4174 2843 4248 δέδρακα
2877 4178 3121 4247 πώποτε,
3155 4182 3254 4252 τῆς
3289 4184 3391 4253 μὲν
3427 4186 3528 4256 σῆς
3565 4205 3674 4260 κη-

2085 4261 2335 4330 δεμονίας
2388 4265 2710 4335 γυμνῶσαι·
2764 4269 2926 4323 τοῦτο
2956 4272 3064 4343 γὰρ
3109 4273 3292 4343 λέγει,
3349 4295 3367 4328 ι
3424 4277 3671 4333 Ἀποπέ-

405 4378 585 4424 autem
654 4369 894 4428 inimicis
950 4369 1087 4425 meis
1119 4370 1404 4440 subjicias,
1451 4369 1533 4424 sic
1562 4377 1620 4422 ut
1657 4384 1764 4424 non
1802 4370 1980 4425 solum

2099 4370 2240 4424 τοιμι
2269 4354 2376 4429 ἄρα
2407 4357 2515 4411 ἀπὸ
2551 4357 2658 4411 τῶν
2685 4359 2899 4432 ἐχθρῶν
2923 4381 3025 4433 μου
3054 4366 3210 4430 κενός
3238 4384 3251 4397 '
3287 4386 3307 4420 ι
3346 4369 3669 4441 ὑποχείριον

403 4459 572 4528 gloria
606 4471 661 4517 et
686 4477 855 4533 regno
879 4476 907 4515 a
941 4470 992 4516 te
1023 4460 1156 4515 mihi
1190 4460 1319 4515 dato
1348 4475 1435 4514 me
1458 4459 1693 4530 privent,
1724 4460 1817 4516 sed
1849 4461 1981 4515 ridi-

402 4550 539 4606 culac
564 4552 722 4608 morti
759 4566 847 4606 me
872 4550 1107 4606 tradant.
1140 4546 1275 4603 Nam
1311 4548 1365 4603 id
1396 4547 1722 4618 significavit
1748 4548 1975 4604 dicens:

409 4660 427 4693 ι
465 4642 705 4699 Gloriam
737 4658 914 4699 meam
948 4642 1002 4697 in
1027 4642 1305 4713 pulverem
1336 4640 1592 4696 deducat.
1636 4659 1654 4692 ι

473 4883 637 4940 Vens.
674 4885 728 4940 7.
767 4902 786 4938 ι
823 4883 1091 4956 Exsurge,
1127 4883 1379 4950 Domine,
1409 4884 1462 4939 in
1498 4885 1578 4940 ira
1613 4893 1726 4951 tua,
1754 4897 1805 4943 et
1827 4888 1975 4942 exal-

402 4985 521 5033 tare
555 4980 606 5033 in
636 4978 835 5036 iinibus
868 4978 1218 5034 inimicorum
1248 4993 1518 5034 meorum.
1561 4999 1580 5031 ι
1619 4978 1981 5051 Symmachus

2087 4445 2144 4499 δὲ
2174 4449 2287 4537 τοῖς
2336 4448 2665 4520 δυσμενέσιν
2707 4453 2989 4508 ἐκδοῦναι·
3035 4456 3110 4520 ὡς
3140 4459 3206 4513 ἂν
3241 4460 3318 4532 μὴ
3358 4460 3519 4531 μόνον
3559 4465 3668 4537 τῆς

2087 4534 2241 4606 παρὰ
2295 4537 2389 4591 σοῦ
2451 4556 2521 4609 με
2565 4540 2726 4614 δόξης
2786 4544 2882 4596 καὶ
2943 4544 3227 4616 βασιλείας
3283 4534 3663 4622 γυμνώσαιεν,

2086 4625 2226 4680 ἀλλὰ
2260 4627 2356 4680 καὶ
2392 4631 2782 4705 καταγελάστῳ
2835 4636 3132 4708 παραδοῖεν
3197 4639 3439 4712 θανάτῳ.
3487 4644 3667 4700 Τοῦτο

2086 4717 2194 4787 γὰρ
2226 4718 2504 4790 ἐσήμανεν
2550 4723 2811 4795 εἰρηκὼς,
2844 4744 2862 4776 ι
2920 4727 3028 4799 Τὴν
3062 4729 3220 4795 δόξαν
3262 4748 3362 4803 μου
3410 4737 3492 4799 είς
3530 4736 3666 4806 χοῦν

2083 4811 2526 4882 κατασκηνώσαι.
2575 4834 2594 4867 ι

2159 4900 2226 4963 ζ’.
2254 4920 2272 4953 ι
2294 4902 2607 4976 ⁸Δνάστηθι,
2626 4909 2820 4979 Κύριε,
2843 4911 2899 4965 ὲν
2919 4912 3054 4985 ὀργῇ
3077 4931 3192 4967 σουσ
3214 4914 3457 4986 ὑψώθητι
3473 4917 3533 4969 ἐν
3548 4922 3665 4983 τοῖς

2089 4990 2293 5062 πέρασι
2316 4993 2359 5024 ⁶¹
2395 4994 2504 5049 τῶν
2538 4997 2750 5069 ἐχθρῶν
2780 5018 2882 5071 μου
2912 5004 2977 5055 θ’.
3024 5023 3043 5056 ι
3085 5005 3145 5057 Ὀ
3199 5006 3298 5075 μὲν
3321 5005 3414 5060 οὖν
3448 5007 3493 5039 ⁸³
3520 5009 3666 5079 Σύμ-

1518 5111 1751 5168 νΑιιιιεΕ
1786 5115 2167 5178 LEC'I'IONES
2200 5124 2289 5179 ET
2328 5126 2539 5183 ΝΟΤΛΕ

474 5223 517 5254 ⁸¹
550 5223 764 5287 Αὐτός.
806 5222 927 5278 cod.
963 5232 1191 5292 uterque
1220 5220 1409 5292 αὐτοῦ.

1059 5237 1191 5292 rque
1220 5220 1409 5274 αὐτοῦ.
1516 5223 1562 5254 ⁵¹
1602 5224 1735 5293 Τῆς.
1785 5229 1908 5283 cod.
1941 5239 1988 5283 ul

1054 5293 1105 5347 in
1133 5292 1257 5347 cod.
1291 5290 1531 5346 Florenl.
1564 5309 1729 5359 supra
1769 5312 1988 5353 comme:

2104 5247 2172 5287 ne
2214 5249 2401 5304 praem.
2435 5240 2523 5359 1%.
2627 5240 2674 5272 ⁸³
2705 5242 2825 5298 cod.
2877 5254 3062 5301 noster
3095 5261 3320 5320 uterque
3348 5253 3513 5308 habet
3539 5255 3661 5308 οὐδὲ

2099 5312 2215 5357 ’31οο
2258 5305 2305 5337 ⁸⁸
2328 5307 2450 5359 cod.
2527 5307 2624 5359 lor.
2659 5310 2866 5359 causa)-
2964 5318 3009 5349 ισ
3038 5317 3144 5359 vi»
3195 5323 3352 5359 Alme!
3387 5338 3414 5359 ε,
3447 5326 3547 5359 MA
3603 5326 3639 5359 ο

427 5293 545 5365 μιᾷ.
578 5292 651 5347 lta
682 5308 898 5365 quaque
921 5294 1024 5363 leg.
1052 5291 1257 5365 in’cod.
1278 5291 1531 5365 _Fl_Qi‘Cﬂl.
1564 5291 1729 5364 supra
1769 5291 2230 5357 (ῑοηιιηρηιοὲοιο.⁵
2258 5305 2305 5337 ⁸⁸
2328 5307 2450 5361 cod.
2477 5291 2624 5363 'F‘lor.

401 5348 448 5438 ξ
478 5348 850 5438 Περιφέρωιᾲ
897 5348 1159 5438 agmen:
1193 5360 1492 5438 cod_._Flo_r.

2106 5348 2215 5357 -..η
2329 5348 2450 5361 νυν.
2481 5348 2499 5359 .
2661 5348 2867 5382 "ww.

2107 5391 2199 5427 ων.
2283 5375 2328 5407 ⁸⁷
2357 5378 2478 5430 cod.
2514 5376 2661 5433 Flor.
2713 5383 2944 5438 δέδοικα.

2659 5310 2867 5382 θαρρῶ.
2964 5318 3009 5349 ⁵⁵
3038 5317 3160 5374 Ἐν.
3190 5310 3356 5376 Α’ὺθεί
3386 5338 3415 5376 a
3447 5326 3571 5379 eod.
3603 5326 3659 5378 2.

3049 5389 3095 5420 ⁸⁸
3130 5393 3193 5443 01
3208 5393 3655 5461 πολεμοῦντες.

404 5430 768 5534 Resiin‘cod.
796 5432 938 5534 [ξιον.
1019 5430 1597 5534 ⁵λ’1ἰιζταῦῆθξι.ᾒὺρει
1629 5430 1659 5491 Ξι
1690 5430 1814 5534 eod:
1841 5430 1895 5492 ‘2.
1944 5441 1988 5534 ιε

2099 5445 2489 5534 saepimus;
2505 5430 3043 5534 luéi'qué'éﬁébru.
3071 5430 3659 5534 _p.via‘if'£;’52.€é,l§bl

402 5501 447 5571 ‘7'
485 5503 590 5555 Ἐν
615 5502 739 5568 τοῖς
767 5504 1004 5571 πέρασι.
1039 5500 1270 5571 Propius
1297 5508 1364 5556 ad
1428 5501 1590 5558 Hebr.
1626 5506 1905 5561 veritatem
1944 5509 2001 5563 h.

400 5570 598 5625 deinde
651 5587 681 5625 a
734 5570 933 5627 Nostro
992 5570 1367 5627 recensentur.

391 5640 451 5672 ⁸⁸³
473 5637 626 5697 Οιῦν.
652 5642 818 5698 Abest
847 5644 916 5698 ab
948 5652 1179 5712 utroque
1214 5641 1340 5696 cod.

1482 5511 1930 5611 Ebri’leriia‘tlen;
1944 5511 2480 5611 hii-“accesserpnt.
2505 5511 2711 5587 Symm.
2739 5530 2793 5576 et
2816 5511 3344 5611 'Il‘lteodotio,6ujvus
3380 5511 3662 5611 ῧὲξεῖῧιῗάὲ

1556 5577 1705 5630 Μου.
1744 5578 1865 5634 cod.
1896 5578 1931 5632 2
1982 5581 2148 5637 habet
2190 5598 2306 5648 σου,
2342 5592 2395 5639 et
2438 5586 2518 5641 sic
2546 5577 2786 5660 'quoque
2827 5577 3343 5664 leg—(inv
