3838 6318
299 281 409 348 909

1708 269 1793 331 IN
1835 269 2039 330 PSAL.
2067 269 2200 331 VII.

3465 241 3579 342 910'

302 404 502 461 μαχος,
537 386 608 440 ὲν
627 385 813 457 χόλῳ,
838 383 867 436 ὁ
911 382 967 437 δὲ
993 381 1311 448 Θεοδοτίων,
1347 381 1416 435 ἐν
1444 379 1628 451 θυμῷ,
1668 382 1693 434 ὁ
1721 380 1778 433 δέ
1818 398 1882 449 γε

2000 377 2208 448 quidem
2239 377 2294 431 in
2324 375 2802 444 bile,Theodotion
2828 378 2882 433 in
2906 377 3107 448 furore,
3126 379 3322 449 Aquila
3352 398 3481 439 vero
3516 389 3571 441 in

314 480 577 545 ’Λκύλας,
610 477 679 532 ἐν
713 477 1127 546 ἀνυπερθεσίᾳ
1169 475 1512 548 ἡρμήνευσε.
1571 472 1890 541 Παρακαλεῖ

1988 469 2259 523 celeritate
2308 468 2648 540 interpretati
2689 477 2838 526 sunt.
2875 469 3136 526 Obsecrat
3176 472 3340 542 igitur
3363 474 3570 544 justum

295 573 484 627 τοίνυν
505 571 595 624 τὸν
625 569 834 622 δίκαιον
856 567 1052 639 κριτὴν
1087 566 1288 638 μηκέτι
1327 565 1684 637 μακροθυμίᾳ
1704 605 1717 625 ,
1752 563 1888 617 ἀλλὰ

2000 561 2249 629 iudicem,
2301 577 2369 618 ne
2417 561 2654 632 amplius
2684 561 3115 634 longanimitate,
3151 567 3245 621 sed
3271 565 3419 636 jusla
3451 583 3573 624 sen-

295 661 488 733 δικαία
514 662 867 732 χρησάμενον
899 658 1087 730 ψήφῳ,
1152 657 1254 727 τὴν
1295 654 1574 727 τιμωρίαν
1615 653 1886 706 ἐπιθεῖναι

295 755 413 815 τοῖς
452 749 725 804 ἀδικοῦσι.
749 750 823 801 Τὸ
853 748 988 820 γὰρ,
1013 745 1333 816 ἀνάστηθι,
1366 746 1487 800 ἀντὶ
1524 743 1645 810 τοῦ,
1687 743 1887 815 μηκέτι

299 843 768 915 μακροθυμήσῃς,
789 840 1004 894 τέθεικε
1021 857 1034 870 ο
1055 838 1301 893 τοιοῦτόν
1332 840 1451 893 ἐστι
1471 839 1551 904 τὸ,
1577 857 1597 890 ι
1636 836 1887 908 Ἐξεγέρ-

296 936 449 1007 θητι,
507 934 598 988 ἵνα
656 933 711 986 τί
761 932 973 997 ὑπνοῖς,
1007 930 1203 1003 Κύριε,
1248 949 1266 983 ι
1308 929 1535 1002 καὶγὰρ
1565 930 1685 983 ἐκεῖ
1722 928 1887 982 ὕπνον

292 1029 400 1100 τὴν
440 1024 828 1098 μακροθυμίαν
861 1024 1115 1078 ἐκάλεσε.
1149 1024 1281 1087 Kal,
1323 1041 1342 1075 ι
1399 1023 1655 1088 ’Λνάστα,
1689 1020 1885 1093 Κύριε,

296 1120 573 1192 βοήθησον
601 1119 757 1189 ἡμῖν.
802 1136 820 1169 ι
854 1117 914 1170 Ὀ
945 1116 1138 1186 καιρὸς
1163 1116 1271 1187 γὰρ
1294 1115 1355 1168 ού
1383 1114 1429 1146 ⁸⁸
1451 1113 1885 1185 φιλανθρωπίας,

295 1210 438 1264 ἀλλά
474 1209 692 1273 δικαίας
744 1206 940 1280 ὀργῆς.
996 1206 1218 1269 Ἐπίθες
1289 1205 1472 1258 τοίνυν
1515 1206 1627 1269 τοῖς
1673 1203 1888 1274 ἐχθροῖς

299 1321 410 1375 μου
458 1304 520 1359 τὸ
576 1305 788 1375 πέρας,
852 1301 952 1374 τὴν
1002 1302 1188 1359 ἄδικον
1247 1300 1431 1356 αὐτῶν
1479 1299 1666 1371 ἔφοδον
1716 1316 1888 1354 κατα-

306 1396 553 1462 παύσας.

371 1496 443 1561 η’.
480 1508 501 1542 ι
539 1487 649 1544 Kal
673 1487 1018 1560 ἐξεγέρθητι,
1054 1487 1229 1559 Κύριε
1261 1487 1289 1540 ὁ
1315 1486 1447 1551 Θεὸς
1480 1503 1604 1556 μου,
1633 1486 1690 1540 ἐν
1715 1501 1887 1556 προσ-

293 1583 548 1655 τάγματι
583 1575 630 1650 ᾧ
666 1581 936 1636 ὲνετείλω.
980 1601 999 1635 ι
1042 1581 1114 1636 Σὺ
1163 1583 1272 1653 γὰρ
1325 1580 1731 1651 ὲνομοθέτησας
1774 1579 1888 1642 τοῖς

295 1677 682 1749 ἀδικουμένοις
711 1675 965 1747 ἀμύνειν.
1009 1676 1077 1729 Ὃ
1111 1677 1294 1729 τοίνυν
1318 1676 1430 1738 τοῖς
1468 1672 1653 1738 ἄλλοις
1684 1671 1886 1727 ἐνετεί-

1991 654 2156 709 tentia
2210 663 2395 719 utens,
2441 654 2508 710 iis
2541 654 2633 725 qui
2671 655 2929 726 injuriam
2967 654 3213 711 inferunt
3247 670 3465 727 poenam
3498 659 3574 714 ir-

1989 755 2162 816 roget.
2203 744 2445 818 Exsurge
2484 750 2656 815 enim,
2688 765 2790 820 pro
2819 748 2897 806 Ne
2928 752 3167 818 amplius
3201 750 3278 806 sis
3325 752 3576 823 longani-

1990 838 2112 900 mis,
2146 840 2347 909 posuit.
2383 840 2511 895 Tale
2538 851 2621 897 est
2647 843 2780 897 illud
2808 844 2971 899 etiam
3000 862 3015 899 :
3051 863 3067 896 ι
3104 844 3372 916 Exsurge,
3403 861 3576 916 quare

1989 929 2293 998 obdormis,
2329 932 2557 989 Domine
2589 933 2602 984 i
2641 934 2664 988 ?
2702 955 2721 988 ι
2753 933 2889 990 Nam
2927 937 2999 993 ibi
3028 952 3280 993 somnum
3324 938 3576 1009 longani-

1990 1023 2233 1079 milatem
2253 1023 2565 1094 appellavit.
2601 1025 2666 1080 Et
2697 1045 2708 1081 :
2746 1046 2764 1077 ι
2802 1026 3067 1100 Exsurge,
3096 1029 3345 1098 Domine,
3373 1031 3576 1101 adjuva

1989 1131 2092 1172 nos
2111 1115 2159 1173 ιι.
2196 1136 2213 1169 ι
2245 1115 2485 1188 Tempus
2511 1118 2654 1173 enim
2677 1135 2782 1173 non
2809 1120 3155 1192 benignitatis
3173 1132 3274 1189 est,
3296 1125 3389 1180 sed
3414 1124 3577 1194 iusta:

1991 1207 2107 1262 irae.
2164 1208 2385 1278 lmpone
2423 1208 2587 1280 igitur
2639 1209 2876 1266 inimicis
2914 1211 3048 1268 meis
3083 1214 3266 1282 linem,
3304 1215 3573 1286 injustum

1989 1315 2183 1357 eorum
2214 1301 2478 1371 impetum
2509 1317 2867 1374 compescens
2900 1319 2915 1357 :

2060 1486 2229 1543 Vens.
2253 1489 2305 1543 8.
2347 1507 2365 1541 ‹
2404 1487 2469 1543 Ει
2500 1504 2753 1561 exsurge,
2789 1490 3017 1547 Domine
3065 1491 3208 1548 Deus
3228 1493 3322 1560 mi,
3359 1493 3413 1547 in
3444 1507 3578 1564 prae-

1991 1589 2149 1651 cepto
2182 1583 2329 1652 quod
2369 1582 2664 1639 mandasti.
2705 1602 2724 1635 ι
2760 1584 2778 1605 ⁶
2809 1581 2891 1640 Tu
2938 1584 3083 1639 enim
3112 1584 3325 1655 jussisti
3365 1594 3427 1642 ut
3480 1602 3577 1642 eos

1992 1680 2250 1729 tueamur
2284 1675 2380 1745 qui
2419 1675 2625 1745 injuria
2683 1675 3015 1732 aﬂiciumur.
3050 1675 3205 1744 Quod
3239 1678 3408 1749 igitur
3451 1680 3543 1735 alii

292 1768 378 1824 ).ω
406 1739 603 1833 ποιεῖν,
636 1739 942 1842 δρᾶσονξῶ
972 1766 1249 1833 Δέσποτα,
1277 1767 1372 1820 καὶ
1402 1769 1501 1837 τῆς
1535 1765 1637 1835 σῆς
1667 1782 1758 1836 μοι
1791 1781 1886 1832 με·

2000 1764 2103 1820 iieri
2135 1739 2580 1837 praecepistiﬂac
2610 1784 2777 1834 nunc,
2798 1785 2832 1823 ο
2858 1739 3102 1835 Domine,
3134 1739 3386 1840 tuamque
3415 1783 3572 1839 opem

293 1863 460 1926 τάδος
489 1863 682 1933 ῥοπῆς.
720 1880 740 1914 ι
782 1861 895 1915 Kal
947 1859 1245 1931 συναγωγὴ
1273 1857 1425 1912 λαῶν
1480 1856 1756 1912 κυκλώσει
1801 1874 1882 1910 σε.

299 1954 415 2010 Kal
444 1954 588 2026 ὑπὲρ
625 1941 834 2024 ταύτης
871 1956 951 2017 είς
991 1951 1124 2023 ὕψος
1174 1951 1524 2023 ὲπίστρεψον.
1591 1970 1611 2004 ι
1668 1948 1887 2022 Ταύτης

299 2048 412 2118 γάρ
453 2062 547 2099 σου
580 2049 682 2117 τῆς
707 2043 967 2117 προνοίας
998 2042 1328 2114 δειχθείσης,
1363 2040 1604 2105 ἅπαντές
1647 2057 1731 2094 σοι
1759 2041 1890 2103 τοὺς

298 2139 507 2209 ὕμνους
538 2138 915 2218 προσοίσουσι,
949 2137 1044 2190 xal
1084 2135 1219 2189 Θεὸν
1248 2133 1476 2205 ὕψιστον
1508 2133 1885 2189 ἀποκαλέσου-

298 2249 390 2284 σιν
420 2232 488 2299 ⁸⁸,
518 2229 554 2284 ἃ.
581 2248 641 2283 τε
661 2230 723 2300 δὴ
752 2230 930 2284 πάντα
952 2227 1261 2299 ἐφορῶντα,
1294 2228 1391 2280 καὶ
1415 2227 1516 2299 τὴν
1546 2226 1706 2290 ἀξίαν
1729 2225 1888 2296 δίκην

295 2324 420 2386 τοῖς
450 2318 733 2376 ἀδικοῦσιν
792 2319 1130 2374 ἐπιτιθέντα.
1162 2318 1237 2372 Τὸ
1269 2318 1399 2390 γὰρ,
1437 2337 1456 2370 ι
1493 2319 1573 2383 είς
1605 2316 1737 2389 ὕψος
1771 2316 1891 2371 ὲπί-

298 2413 559 2485 στρεψον,
597 2435 617 2468 ι
648 2414 771 2469 ἀντὶ
800 2411 918 2480 τοῦ,
945 2411 1170 2483 ὕψιστος
1204 2411 1281 2465 ὢν
1305 2411 1489 2482 φύσει,
1514 2410 1666 2483 παρὰ
1691 2411 1749 2465 δὲ
1774 2411 1888 2474 τοῖς

296 2509 522 2573 πολλοῖς
566 2508 954 2582 ἀγνοούμενος,
1014 2507 1257 2580 δείχθητι
1309 2508 1448 2579 ὅπερ
1502 2507 1773 2577 ὑπάρχεις
1801 2504 1892 2560 διὰ

298 2601 407 2670 τῆς
437 2601 566 2673 περὶ
590 2603 720 2668 τοὺς
767 2602 1169 2674 ἀδικουμένους
1200 2599 1553 2673 κηδεμονίας.
1592 2594 1726 2653 Εἶτα
1756 2614 1892 2669 προ-

301 2710 579 2776 verme;-

380 2878 448 2934 0’.
484 2896 505 2931 ι
538 2877 743 2949 Κύριος
773 2878 955 2948 κρινεῖ
997 2874 1182 2940 λαούς.
1222 2895 1240 2926 ι
1283 2875 1359 2929 Uir
1408 2873 1518 2947 γὰρ
1578 2874 1743 2946 μόνον
1791 2873 1892 2946 τὴν

299 2970 450 3044 ἐμὴν
481 2970 637 3042 δίκην
665 2969 903 3033 δικάσει,
939 2968 1077 3024 ἀλλὰ
1101 2968 1197 3023 καὶ
1229 2967 1388 3041 πάσῃ
1436 2968 1505 3039 τῇ
1533 2965 1644 3021 τῶν
1679 2964 1893 3037 ἀνθρώ-

1988 1855 2123 1911 mihi
2170 1857 2473 1927 impertias.
2511 1879 2531 1910 ι
2564 1858 2631 1913 Ει
2660 1874 2945 1932 synagoga
2978 1861 3303 1930 populorum
3335 1860 3577 1919 cireum-

1987 1948 2141 2005 dabit
2198 1960 2270 2005 te.
2320 1950 2388 2006 Et
2444 1962 2664 2021 propter
2714 1951 2860 2008 hanc
2892 1952 2945 2006 in
2977 1953 3146 2007 altum
3196 1954 3506 2024 regredere.
3549 1971 3570 2006 ι

1989 2042 2202 2098 Etenim
2259 2060 2387 2099 cum
2443 2045 2583 2100 hanc
2633 2053 2778 2100 tuam
2819 2044 3210 2114 providentiam
3246 2046 3577 2119 ostenderis,

1989 2147 2185 2190 omnes
2221 2133 2456 2205 hymnos
2509 2134 2737 2190 oﬂ‘erent
2783 2135 2898 2201 tibi,
2935 2134 3217 2206 Deumque
3244 2137 3575 2192 altissimum

1990 2235 2045 2282 te
2076 2227 2491 2298 nuncupabunt,
2524 2236 2586 2282 ut
2612 2226 2775 2299 647
2804 2228 2986 2281 omnia
3015 2228 3458 2298 prospicientem,
3489 2229 3573 2284 di-

1990 2334 2266 2391 gnamque
2317 2334 2535 2390 pmnam
2576 2318 3023 2389 delinquentibus
3052 2318 3407 2389 irrogantem.
3437 2318 3575 2375 Nam

1997 2429 2018 2462 ‹
2054 2410 2340 2481 regredere
2381 2411 2436 2465 in
2477 2410 2672 2477 altum,
2704 2427 2724 2461 ι
2760 2409 2905 2464 idem
2927 2415 3012 2464 est
3035 2410 3203 2480 quod,
3227 2425 3353 2465 cum
3377 2421 3577 2467 natura

1991 2502 2297 2559 altissimus
2351 2503 2451 2568 sis,
2499 2502 2641 2573 apud
2692 2501 2898 2557 multos
2936 2516 3066 2557 vero
3104 2502 3442 2574 incognitus,
3481 2517 3572 2559 os—

1994 2598 2154 2654 tende
2188 2598 2334 2669 quod
2365 2613 2447 2664 es,
2498 2614 2596 2668 per
2640 2589 3085 2664 sollicitudinem,
3118 2612 3282 2668 quam
3319 2598 3465 2655 circa
3491 2599 3574 2654 in-

1989 2685 2135 2756 juria
2170 2686 2395 2744 aﬂ‘eetos
2426 2686 2618 2744 habes.
2651 2684 2857 2742 Deinde
2882 2686 3231 2743 vaticinantis
3264 2701 3419 2743 more
3446 2689 3577 2743 sub-

1989 2775 2172 2847 iungit
2200 2793 2214 2830 :

2067 2863 2232 2922 Vens.
2284 2865 2340 2922 9.
2395 2886 2413 2918 ι
2457 2866 2722 2926 Dominus
2776 2867 3044 2940 iudicabit
3097 2867 3351 2938 populos.
3392 2885 3412 2920 ι
3453 2865 3576 2922 Νοιι

1995 2956 2174 3015 solum
2210 2973 2390 3015 meam
2423 2975 2652 3017 causam
2680 2962 2970 3033 judicabit.
3018 2974 3206 3016 verum
3244 2961 3409 3016 etiam
3453 2960 3580 3015 uni-

306 3079 429 3117 πων
462 3060 645 3132 φύσει.
683 3078 703 3113 ι
733 3060 939 3132 Κρίνόν
969 3077 1038 3132 με
1062 3060 1131 3126 ⁸⁸,
1171 3057 1367 3129 Κύριε,
1394 3057 1540 3113 κατά
1568 3055 1667 3130 τὴν
1683 3057 1889 3113 δικαιο-

2000 3062 2169 3106 versa:
2203 3051 2489 3109 hominum
2522 3061 2752 3110 naturae.
2788 3072 2808 3108 ι
2846 3054 3041 3111 Judiea
3068 3069 3179 3119 me,
3216 3051 3465 3119 Domine,
3491 3067 3580 3108 se-

303 3154 480 3226 σύνην
513 3171 638 3225 μου,
672 3151 767 3208 καὶ
802 3153 945 3207 κατὰ
974 3151 1073 3223 τὴν
1111 3150 1352 3207 ἀκακίαν
1400 3148 1622 3221 μου’ὲπ’
1648 3148 1808 3223 ηὲμοί.
1868 3169 1887 3201 ι

303 3244 384 3297 Οὐ
411 3242 761 3314 δικαιοσύνην
783 3241 964 3313 ἑαυτῷ
992 3241 1082 3297 διὰ
1110 3242 1319 3297 τούτων
1341 3241 1452 3296 τῶν
1481 3240 1656 3311 λόγων
1674 3258 1896 3313 μεμαρ-

302 3335 553 3408 τύρηκεν
598 3336 629 3389 ὁ
692 3334 838 3398 θεῖος
866 3335 909 3366 ⁸⁷
962 3334 1126 3388 Δαϐίδ
1154 3349 1167 3363 ·
1220 3334 1488 3390 τάναντία
1545 3333 1656 3407 γὰρ
1726 3332 1894 3390 αὑτοῦ

308 3425 548 3496 βοῶντος
609 3424 904 3495 ἀκούομεν,
964 3443 983 3477 ι
1035 3426 1154 3479 Ὀτι
1215 3423 1316 3496 τὴν
1377 3424 1612 3495 ἀνομίαν
1649 3442 1752 3496 μου
1784 3422 1897 3493 ἐγὼ

303 3518 590 3588 γινώσκω,
622 3519 720 3572 καὶ
753 3519 787 3589 ἡ
821 3516 1069 3589 ἀμαρτία
1114 3535 1217 3588 μου
1257 3515 1491 3571 ἐνώπιόν
1534 3516 1634 3588 μού
1667 3517 1782 3571 ἐστι
1807 3515 1897 3572 διὰ

307 3610 544 3675 παντὸς⁸
576 3630 596 3662 ι
633 3609 756 3665 καί·
793 3628 813 3662 ι
851 3605 1019 3676 Εἷπα,
1065 3608 1443 3684 Ἐξαγορεύσω
1473 3611 1595 3664 κατ’
1623 3610 1759 3682 ἐμοῦ
1794 3611 1893 3683 τὴν

305 3698 547 3772 ἀνομίαν
580 3718 683 3772 μου
719 3698 796 3770 τῷ
826 3700 1018 3771 Κυρίῳ
1059 3697 1136 3731 ⁸⁸·
1177 3718 1196 3751 ι
1237 3698 1377 3753 ἀλλὰ
1417 3698 1768 3770 δικαιοσύνην
1796 3700 1896 3772 τὴν

306 3797 372 3847 ὲν
408 3792 485 3864 τῷ
520 3792 868 3864 προκειμένῳ
895 3792 1185 3864 πράγματι
1218 3791 1399 3860 λέγει·
1443 3790 1583 3846 Οὕτε
1624 3791 1754 3863 γὰρ,
1788 3808 1893 3862 φη-

306 3884 368 3937 σὶ
393 3883 461 3950 ⁸⁸,
492 3882 583 3936 τὸν
627 3881 986 3952 Ἀὗεσσαλὼμ
1013 3881 1252 3954 ἠδίκηκά
1279 3899 1352 3948 τι,
1389 3880 1513 3935 οὔτε
1543 3881 1633 3936 τὸν
1684 3881 1894 3952 Ἀχιτό-

306 3976 438 4047 φελ,
467 3974 592 4029 οὕτε
616 3975 743 4039 τοὺς
773 3972 914 4044 μετὰ
934 3973 1140 4027 τούτων
1170 3972 1290 4028 κατ’
1309 3972 1446 4043 ὲμοῦ
1473 3970 1890 4043 στρατεύοντας.

311 4068 478 4122 Κατὰ
506 4067 715 4138 ταύτην
737 4066 919 4120 τοίνυν
953 4065 1056 4136 τὴν
1092 4065 1465 4133 δικαιοσύνην,
1502 4065 1596 4116 καὶ
1626 4062 1723 4134 τὴν
1752 4064 1893 4116 ἀκα-

253 4188 257 4191 τ
306 4160 439 4215 κίαν
472 4162 543 4225 ⁷⁸,
584 4158 846 4233 κριθῆναι
892 4155 1222 4228 παρακαλῶ,
1255 4157 1351 4209 καὶ
1383 4155 1458 4227 μὴ
1485 4157 1628 4209 κατὰ
1663 4155 1762 4219 τὰς
1790 4154 1890 4226 ήδη

305 4253 445 4323 παρ’
477 4250 613 4323 ἐμοῦ
650 4251 1026 4321 γεγενημένας
1050 4246 1458 4319 πλημμελείας.
1487 4246 1669 4318 Αὐτὴν
1701 4247 1746 4279 ⁷⁸
1770 4245 1892 4300 κατ’

304 4344 483 4415 αὐτὴν
504 4344 764 4416 κριθῆναι
793 4342 892 4414 τὴν
917 4340 1198 4412 παροῦσαν
1222 4338 1481 4393 ὑπόθεσιν
1509 4337 1762 4405 ἱκετεύω,
1797 4338 1893 4392 καὶ

309 4436 391 4508 μὴ
420 4436 625 4507 ἐτέρων
649 4434 749 4489 νῦν
801 4436 847 4466 ’¹
878 4433 1064 4487 δοῦναι
1112 4431 1268 4495 δίκας
1294 4430 1733 4502 ἁμαρτημάτων.

386 4534 440 4582 ι’.
475 4547 494 4580 ι
541 4527 955 4596 Συντελεσθὴτω
1000 4525 1066 4596 δὴ
1109 4522 1347 4596 πονηρία
1378 4521 1748 4593 ἁμαρτωλῶν,
1795 4523 1893 4576 καὶ

305 4621 668 4685 ητευθυνεῖς
700 4620 930 4674 δίκαιον.
977 4637 993 4668 ι
1066 4618 1212 4671 Ἀντὶ
1238 4616 1356 4684 τοῦ,
1401 4615 1894 4682 συντελεσθήτω,

308 4713 796 4781 ἁπαρτισθήτωὸ
854 4711 1152 4781 Σύμμαχος
1203 4709 1471 4762 τέθεικεν.
1535 4708 1595 4760 Εἰ
1647 4707 1896 4777 ματαία,

311 4804 488 4876 φησὶ,
528 4803 764 4874 δειχθείη
812 4801 921 4855 τῶν
968 4801 1142 4876 κακίᾳ
1188 4798 1478 4862 συζώντων
1544 4799 1578 4867 ἡ
1633 4798 1894 4870 πονηρία,

311 4870 817 4968 σπουδαιότερον-οἱ
870 4895 971 4965 τῆς
998 4870 1202 4965 ἀρετῆς
1236 4892 1496 4962 τρόφιμοι
1534 4890 1633 4962 τὴν
1660 4906 1889 4959 προκει-

312 4989 490 5061 μένην
513 4987 744 5059 αύτῆς⁷³
795 4988 1023 5058 πορείαν
1068 4985 1406 5054 ποιήσονται.

390 5100 411 5133 ι
456 5081 694 5146 Ἐτάζων
742 5080 970 5150 καρδίας
1024 5079 1122 5133 καὶ
1172 5076 1404 5147 νεφροὺς
1460 5076 1489 5127 ὁ
1537 5073 1688 5131 Θεός.
1719 5068 1886 5145 [ια’.]

1998 3141 2243 3198 cundum
2254 3140 2525 3212 justitiam
2559 3158 2761 3213 meam,
2785 3153 2840 3200 et
2870 3144 3175 3201 secundum
3204 3144 3577 3201 innocentiam

1998 3244 2177 3286 meam
2209 3246 2376 3301 super
2406 3247 2516 3289 me.
2558 3251 2578 3285 ι
2618 3234 2722 3288 Per
2767 3234 2882 3290 haec
2925 3233 3090 3290 verba
3140 3235 3360 3289 divinus
3406 3235 3580 3291 Baka

1997 3337 2109 3377 non
2138 3337 2296 3379 suam
2320 3332 2559 3381 ostentat
2576 3324 2849 3395 justitiam
2883 3344 2897 3381 :
2922 3327 3199 3382 contraria
3223 3326 3369 3382 enim
3396 3326 3579 3398 ipsum

1998 3412 2273 3469 dicentem
2312 3415 2569 3472 audimus
2599 3435 2613 3471 :
2651 3434 2673 3468 ι
2714 3416 2987 3490 Quoniam
3018 3418 3360 3489 iniquitatem
3396 3432 3579 3476 meam

1996 3517 2099 3576 ego
2129 3520 2425 3577 cognosco,
2479 3519 2530 3564 8i.
2570 3519 2855 3579 peccatum
2909 3527 3092 3567 mcum
3134 3522 3323 3569 contra
3368 3530 3456 3571 me
3495 3526 3582 3572 est

1998 3612 2216 3669 semper
2246 3599 2289 3653 ι.
2330 3619 2349 3654 ι
2399 3601 2464 3656 Ει
2501 3621 2513 3655 :
2558 3622 2576 3655 ι
2614 3604 2773 3670 Dixi,
2827 3605 3129 3661 conﬁtebor
3176 3607 3438 3666 adversus
3490 3625 3579 3666 me

1999 3692 2345 3762 iniquitatem
2400 3711 2573 3751 meam
2625 3695 2854 3752 Domino
2879 3705 2942 3752 ’⁵.
2980 3716 2997 3748 ι
3058 3695 3261 3755 Verum
3305 3700 3579 3771 justitiam

1996 3784 2156 3850 dicit,
2189 3802 2313 3856 quae
2345 3786 2398 3841 in
2429 3803 2487 3843 re
2519 3790 2775 3858 praesenti
2803 3790 3000 3846 elucet.
3036 3790 3153 3847 Non
3184 3794 3351 3860 enim,
3376 3794 3575 3866 inquit,

1995 3877 2357 3932 Absalomum
2391 3878 2614 3941 offendi,
2652 3895 2753 3935 nec
2785 3880 3194 3951 AchitOphelem
3219 3924 3233 3948 ,
3275 3899 3373 3939 nec
3415 3886 3536 3942 illos
3558 3925 3575 3951 ,

1997 3967 2091 4036 qui
2125 3985 2232 4023 una
2263 3984 2389 4024 cum
2445 3970 2581 4041 ipsis
2631 3972 2835 4027 bellum
2867 3985 3063 4044 gerunt
3095 3985 3290 4030 contra
3327 3992 3432 4031 me.
3481 3978 3580 4034 Se-

1997 4060 2236 4116 cundum
2290 4062 2432 4117 hanc
2463 4077 2598 4134 ergo
2625 4064 2901 4136 juStitiam
2953 4074 3120 4137 atque
3165 4068 3570 4151 innocentiam,

1997 4162 2057 4208 ut
2090 4170 2178 4210 me
2210 4155 2425 4226 judiccs
2459 4172 2673 4228 precor,
2712 4167 2767 4213 et
2811 4175 2920 4213 non
2975 4162 3276 4229 secundum
3316 4173 3575 4232 peccata.

1995 4262 2119 4317 quae
2154 4263 2185 4303 a
2222 4264 2309 4303 me
2337 4259 2497 4304 antea
2529 4249 2825 4306 commissa
2858 4249 3125 4306 luerunt:
3157 4254 3250 4309 sed
3283 4254 3454 4324 ipsam
3482 4270 3577 4323 per

1996 4353 2056 4394 se
2088 4355 2205 4395 rem
2250 4350 2573 4411 praesentem
2626 4352 2687 4396 ut
2712 4341 2927 4412 iudices
2974 4357 3095 4406 oro,
3136 4359 3311 4415 neque
3345 4346 3575 4401 aliorum

1927 4443 1971 4498 ι)
2002 4429 2332 4501 ﬂagitiorum
2365 4448 2397 4486 a
2430 4447 2519 4487 me
2545 4448 2691 4489 nunc
2737 4448 2955 4504 poenam
2987 4434 3196 4505 exigas.

2069 4521 2235 4579 Vens.
2276 4524 2361 4580 10.
2404 4544 2423 4576 ι
2462 4523 2895 4581 Consummetur
2926 4525 3169 4594 nequitia
3203 4533 3574 4595 peccatorum,

1993 4627 2048 4671 et
2079 4615 2284 4687 diriges
2306 4616 2547 4688 justum.
2579 4635 2597 4667 ι
2626 4615 2733 4671 Pro
2764 4627 3178 4684 consummatur,
3214 4615 3579 4688 Symmachus

1994 4710 2180 4777 posuit
2210 4710 2544 4780 perﬁciatur.
2580 4710 2637 4764 Si
2669 4710 2825 4766 irrita
2864 4710 3030 4764 fuerit
3057 4710 3266 4765 reddita
3287 4752 3302 4775 ,
3356 4710 3574 4780 inquit,

1995 4802 2238 4872 nequitia
2294 4817 2511 4868 eorum,
2567 4802 2663 4872 qui
2721 4802 2928 4857 malitia
2987 4816 3304 4867 assuevere,
3355 4802 3576 4857 virtutis

1998 4894 2204 4949 alumni
2231 4895 2534 4952 studiosius
2566 4895 2685 4965 ejus
2718 4897 3055 4965 propositum
3083 4894 3187 4950 iter
3224 4893 3445 4950 facient.

2071 5068 2238 5124 Vens.
2295 5071 2379 5123 ll.
2425 5088 2443 5120 ‹
2488 5068 2753 5125 Scrutans
2805 5068 2968 5124 corda
3019 5078 3073 5125 et
3138 5083 3299 5125 renes
3342 5068 3507 5125 Deus.
3547 5086 3566 5121 ι

385 5197 404 5248 i
452 5197 595 5256 Psal.
641 5214 793 5264 ιιιιι,
826 5197 916 5253 25.
996 5198 1023 5237 ι
1054 5194 1202 5251 Psal.
1229 5210 1310 5258 ιιι,
1340 5194 1392 5246 7.
1477 5187 1495 5227 ι
1536 5189 1680 5246 Psal.
1720 5207 1769 5255 L,
1809 5189 1864 5243 5.

2020 5185 2165 5243 Psal.
2206 5203 2356 5248 χχιιι.

1385 5323 1621 5380 VARUE
1664 5320 2048 5379 LECTIONES
2089 5321 2178 5376 ΕΤ
2217 5322 2453 5381 ΝΟΤΑΕ.

297 5499 301 5502 .
377 5452 425 5486 “
452 5452 516 5504 Ὀ
544 5479 617 5490 -
639 5451 731 5505 οὐ.
767 5445 887 5502 cod.
922 5452 1170 5513 uterque,
1193 5440 1279 5513 ob
1300 5440 1489 5510 καιρὸς
1521 5437 1651 5513 γάρ.
1687 5433 1761 5488 lla
1792 5448 1889 5513 quo

2000 5450 2010 5486 ε
2042 5437 2178 5513 cod.
2200 5437 2344 5513 Flor.
2374 5449 2427 5493 et
2453 5438 2620 5513 βοτά.
2643 5439 2679 5493 l.
2713 5452 2765 5494 ο.
2812 5435 3569 5513 _”:A:zqg¢a;1ea'ova'_tr.cod_.

307 5523 349 5578 2
380 5504 818 5575 ἐπικαλέσουσιν.
894 5515 940 5547 ⁸⁸
976 5504 1081 5569 Ms:
1105 5511 1229 5567 cod.
1255 5511 1291 5564 2
1323 5504 1433 5580 μοί,
1460 5517 1519 5562 ut
1544 5504 1706 5580 habet
1728 5504 1850 5580 cod.

2003 5520 2056 5558 κ.
2097 5508 2668 5580 μθτγθεῖοςηΑὺοεῐνα
2727 5507 2851 5580 cod.
3019 5506 3064 5538 “
3103 5504 3574 5580 Τὰναντία--ζῷ

313 5591 530 5661 Κυρίῳ.
568 5590 691 5661 Des.
728 5585 869 5656 apud
918 5583 1082 5661 (Iord.
1106 5580 1330 5661 _p._125.

1436 5580 1479 5611 θ’
1509 5575 1686 5645 Φησὶ.
1745 5575 1915 5629 Abest
1947 5589 1987 5645 a7
2011 5577 2134 5631 cod.
2174 5579 2227 5631 2.

2347 5578 2393 5610 ⁷⁸
2423 5579 2722 5633 Ἀκακίαν.
2755 5576 2876 5632 cod.
2908 5577 2934 5630 1
2983 5576 3205 5631 κακίαν.
3293 5577 3337 5607 ’¹
3366 5575 3574 5642 Αὐτὴν

308 5641 779 5730 Ζὲλῶρξξῧεεί
800 5656 944 5725 apud
968 5641 1157 5730 iam.
1173 5651 1209 5704 l.
1242 5666 1294 5706 c.
1313 5651 1414 5730 m1:
1478 5641 1628 5703 Nor.
1647 5645 1814 5702 Abest
1836 5661 1868 5701 a

2000 5685 2012 5698 .
2045 5648 2098 5703 2.
2176 5651 2222 5683 ⁷³
2251 5641 2473 5718 Αὐτῆς.
2508 5647 2738 5704 Praestat
2768 5648 2930 5704 lectio
2955 5648 3246 5717 utriusque
3296 5647 3419 5703 cod.
3469 5646 3573 5700 a6-

309 5719 457 5795 τοῖςῖ
487 5719 561 5786 ῑιὲι
587 5744 806 5799 quoque
838 5719 983 5797 apud
1016 5722 1181 5779 Cord.
1215 5735 1268 5789 p.
1307 5719 1431 5775 126.
