3854 6318
366 391 375 406 I
394 391 419 405 υ

366 391 419 406 \-

322 391 425 454 9t:’

1298 387 1788 448 THEODORETI
1829 386 2169 448 EPISCOPI
2227 384 2596 447 CYRENSIS

3471 379 3579 443 916

323 514 444 558 vata
472 509 559 559 est
588 501 993 574 magniﬁcentia
1033 511 1125 556 tua
1168 517 1334 573 super
1366 505 1559 569 ctelos,
1602 523 1620 556 ι
1659 505 1763 559 hoc
1810 505 1897 559 in-

2026 504 2243 575 ιρὲπειά
2261 519 2354 556 σου
2388 500 2649 572 ὑπεράνω
2674 496 2784 552 τῶν
2802 496 3049 568 οὐρανῶν
3066 495 3134 562 ’⁸,
3173 514 3193 548 ι
3226 494 3385 550 τοῦτο
3413 494 3584 565 δηλοῖ,

327 605 504 650 nuunt
535 614 549 649 :
581 595 840 664 quoniam
882 608 1074 650 omnes
1123 605 1434 659 noverunt,
1472 604 1524 652 to
1553 599 1696 653 coelo
1738 610 1902 670 atque

325 698 486 742 terrae
523 687 909 755 universisque
944 687 1455 743 rebus-dominari.
1494 688 1742 760 Namque
1788 693 1904 760 ipse

324 779 546 849 quidem
604 777 1067 848 magniﬁcentiam
1123 795 1339 849 semper
1387 781 1671 837 habebat:
1711 799 1899 839 verum

326 871 645 925 hominibus
682 870 798 925 haec
824 886 935 926 non
969 887 1186 941 semper
1222 881 1349 927 uota
1379 872 1579 929 fuerat.
1615 872 1828 930 Similia
1850 886 1906 931 et

328 964 520 1018 beatus
563 963 820 1019 Habacuc
853 964 1201 1019 vaticinatur.
1250 964 1389 1020 Cum
1438 967 1585 1022 enim
1634 969 1904 1024 dixisset:

331 1074 350 1107 ι
398 1057 545 1111 Deus
594 1072 625 1112 e
661 1056 959 1128 longinquo
991 1056 1192 1122 veniet,
1224 1067 1280 1113 et
1324 1068 1550 1116 sanctus
1613 1061 1683 1116 de
1717 1071 1906 1119 monte

329 1148 630 1215 umbroso,
689 1167 708 1200 ›
764 1149 1073 1220 suhjnnxit,
1127 1169 1144 1201 ι
1203 1148 1431 1220 Operuit
1479 1152 1650 1208 cmlos
1719 1164 1909 1223 poten-

330 1236 405 1290 tia
465 1239 615 1307 ejus,
664 1246 719 1293 et
762 1239 922 1293 laude
973 1238 1094 1309 ejus
1164 1240 1386 1311 impleta
1445 1251 1530 1296 est
1590 1249 1734 1297 terra
1765 1253 1811 1299 ³.
1884 1264 1903 1297 ι

334 1327 400 1381 Et
434 1342 559 1382 cum
594 1329 711 1398 ipse
750 1330 1095 1400 apparuisset
1138 1329 1381 1397 Iacobo,
1432 1333 1793 1405 interroganti
1842 1336 1912 1392 de

331 1433 434 1474 suo
489 1422 749 1488 nomine,
810 1423 1143 1493 respondit:
1183 1443 1203 1477 ι
1248 1425 1388 1492 Quid
1449 1427 1651 1496 quaeris
1712 1443 1910 1485 nomen

335 1526 544 1576 meum,
579 1513 723 1582 quod
754 1521 840 1569 est
871 1514 1122 1570 mirabile
1150 1516 1216 1569 t?
1256 1534 1275 1567 ι

408 1602 575 1660 Vnus.
609 1606 661 1660 5.
711 1628 728 1658 ι
769 1604 845 1661 Ex
879 1621 975 1662 ore
1020 1606 1309 1662 infantium
1349 1621 1404 1664 et
1443 1609 1758 1667 lactentium
1792 1629 1914 1684 per-

340 1695 518 1751 fecisti
562 1697 776 1751 Iaudem
822 1707 1046 1769 propter
1085 1698 1340 1755 inimicos
1378 1710 1522 1767 tuos,
1558 1708 1617 1757 ut
1661 1702 1915 1759 destruas

338 1787 619 1843 inimicum
673 1796 727 1841 et
778 1789 1033 1844 ultorem.
1070 1809 1087 1841 ν
1145 1789 1202 1845 ld
1246 1805 1379 1845 vero
1424 1800 1573 1846 tuam
1619 1793 1913 1862 potentiam

340 1879 577 1933 maxime
624 1878 787 1950 652
827 1880 1242 1948 demonstravit,
1297 1883 1440 1953 quod
1489 1897 1586 1952 per
1625 1884 1914 1952 homines,

343 1970 439 2041 qui
472 1970 698 2027 minime
732 1971 1029 2027 humanam
1065 1972 1391 2043 sapientiam
1432 1974 1758 2039 didicerant,
1788 1976 1917 2045 qni-

340 2077 450 2131 que
494 2063 813 2117 lactentinm
844 2079 1137 2133 puerorum
1174 2064 1583 2134 simplicitatem
1628 2066 1920 2121 imitaban-

341 2165 452 2221 tur,
474 2154 998 2225 perniciosissimutn
1023 2156 1173 2211 illum
1192 2165 1482 2229 tyrannum
1503 2161 1792 2217 everteris.
1812 2159 1919 2227 Qui

342 2262 463 2304 cum
490 2247 583 2301 tibi
612 2247 720 2303 Deo
753 2263 968 2318 semper
998 2249 1257 2304 inimicus
1285 2251 1455 2317 sit,.et
1484 2262 1703 2321 propter
1718 2253 1918 2308 bellum

342 2338 485 2409 quod
534 2348 722 2395 contra
774 2348 829 2396 te
890 2342 1064 2411 gerit,
1094 2341 1344 2398 homines
1404 2343 1679 2414 decipiat,
1730 2362 1923 2404 rursus

344 2439 611 2499 tanquam
645 2431 842 2487 vindex
876 2433 1151 2502 quispiam
1173 2474 1189 2500 ,
1236 2434 1444 2492 fraudis
1484 2452 1675 2507 poenas
1716 2438 1786 2495 ab
1815 2440 1923 2495 illis

341 2523 532 2594 exigit.
587 2523 679 2580 Sic
725 2540 849 2581 cum
909 2525 1323 2597 Achitophelem
1379 2527 1690 2586 induxisset
1726 2541 1788 2587 ut
1830 2533 1922 2588 illa

343 2612 570 2680 diceret,
605 2626 794 2686 postea
826 2626 885 2672 ut
917 2627 1148 2674 mortem
1193 2621 1296 2676 sibi
1346 2620 1460 2691 ipse
1497 2624 1773 2680 consciret
1817 2626 1923 2680 im-

346 2706 485 2776 pulit
511 2718 559 2760 ιι.
602 2725 621 2759 ι
666 2708 870 2765 Eodem
919 2711 1086 2767 modo
1134 2727 1259 2767 cum
1300 2713 1370 2768 ad
1420 2715 1781 2785 proditionem
1832 2733 1924 2773 ar‘

344 2809 554 2854 masset
588 2799 810 2866 ludam,
846 2803 1154 2860 mercedem
1187 2804 1508 2863 obedientiaa
1542 2809 1801 2879 laqueum
1834 2826 1925 2865 re-

347 2891 564 2947 tribuit.
597 2894 665 2947 Et
691 2895 997 2951 secundum
1053 2897 1343 2955 historiam
1401 2904 1606 2958 veritas
1660 2903 1926 2960 vaticina-

349 2984 520 3040 tionis
556 2988 813 3057 cognosci
863 2999 1063 3059 potest.
1115 2990 1251 3048 Nam
1303 2993 1358 3048 in
1413 2996 1587 3051 sacris
1618 2995 1927 3067 Evangeliis

349 3075 618 3133 Dominus
668 3077 924 3136 Christus
966 3081 1170 3139 Iudaeis
1216 3084 1664 3155 indignantibus,
1707 3090 1927 3159 quando

349 3168 502 3236 pueri
535 3182 659 3225 cum
694 3173 862 3228 ramis
903 3175 1309 3243 prmcedentes,
1372 3197 1391 3229 ι
1429 3177 1686 3235 Hosanna
1735 3182 1788 3234 in
1832 3197 1926 3237 ex-
1953 3197 1996 3255 ρ

351 3262 518 3318 celsis
557 3282 576 3314 ι
610 3264 886 3331 dicebant,
917 3285 936 3318 ε
975 3266 1296 3324 benedictus
1319 3271 1413 3339 qni
1443 3274 1591 3326 venit
1613 3272 1667 3326 in
1704 3275 1927 3330 nomine

356 3354 650 3423 Domini',
674 3374 693 3409 ι
717 3357 1035 3428 respondit:
1067 3378 1085 3410 ‹
1109 3360 1264 3414 Anne
1299 3361 1509 3433 legistis
1541 3381 1555 3418 :
1595 3362 1672 3418 Ex
1705 3380 1802 3421 ore
1844 3367 1928 3421 in-

353 3445 585 3503 fantium
638 3457 694 3504 et
732 3448 1051 3505 lactentium
1107 3449 1384 3521 perfecisti
1434 3455 1649 3510 laudem
1679 3457 1748 3512 X?
1783 3476 1801 3509 ι
1847 3458 1928 3512 llli

354 3537 522 3609 igitur
550 3537 787 3594 infantes
832 3540 1097 3609 perﬁdum
1144 3538 1456 3598 Iudaeorum
1506 3545 1764 3615 populum
1797 3562 1932 3602 con-

353 3630 634 3697 demnant,
672 3631 907 3687 similem
939 3633 1181 3699 diabolo,
1210 3645 1264 3690 et
1285 3635 1568 3691 inimicum
1597 3647 1649 3693 et
1674 3640 1929 3695 ultorem.

355 3722 569 3777 Etenim
602 3739 725 3779 cum
754 3724 855 3780 iste
882 3726 1113 3796 populus
1137 3742 1357 3799 semper
1387 3727 1480 3783 Dei
1511 3730 1681 3800 legem
1704 3735 1720 3753 θ
1744 3732 1928 3800 violet,

354 3822 523 3885 atque
552 3818 829 3873 contraria
858 3818 949 3873 Dei
975 3821 1248 3876 mandatis
1276 3830 1431 3890 agat;
1455 3837 1648 3878 rursus
1674 3833 1932 3894 tanquam

359 3922 459 3978 pro
482 3908 792 3978 legislatore
817 3898 1028 3967 scilicet
1044 3928 1315 3983 pugnans,
1335 3913 1626 3969 Dominum
1654 3914 1932 3971 Christum

356 3999 653 4066 cruciﬁxit,
685 4001 797 4057 Deo
828 4005 1167 4059 contrarium
1200 4013 1362 4075 atque
1389 4005 1527 4078 legis
1562 4013 1935 4079 transgresso-

357 4104 471 4144 rem
499 4105 623 4154 eum
653 4104 969 4149 nominans.

428 4243 595 4303 Vens.
627 4247 681 4302 4.
718 4267 737 4299 ι
779 4248 1047 4315 Quoniam
1096 4248 1289 4305 videbo
1338 4251 1529 4315 cmlos,
1583 4266 1748 4322 opera
1798 4251 1938 4322 digi-

359 4347 538 4393 torum
571 4349 789 4395 tuorum
819 4340 1027 4407 lunam,
1059 4350 1114 4395 et
1142 4342 1351 4406 stellas,
1382 4357 1506 4411 quae
1535 4351 1591 4396 tu
1622 4341 1885 4398 fundasti.
1912 4363 1932 4397 ι

357 4430 497 4487 Nam
522 4432 659 4488 satis
692 4434 904 4498 idonea,
933 4432 1130 4503 inquit,
1154 4432 1319 4505 653
1350 4433 1464 4502 ipsa
1491 4434 1757 4489 elementa
1788 4443 1937 4501 sunt,

2002 596 2084 649 ὅτι
2122 595 2411 663 Ἐγνωσαν
2428 593 2692 655 ἆπαντες,
2720 590 2797 653 ὡς
2822 587 3056 660 οὐρανοῦ
3086 588 3179 640 καὶ
3195 587 3321 657 γῆς,
3354 587 3448 639 καὶ
3479 587 3586 639 τῶν

2005 686 2264 741 ἁπάντων
2297 683 2617 748 δεσπόζειςο
2668 681 2832 745 αὐτὸς
2878 681 2977 751 μὲν
2997 680 3045 713 ’⁸
3086 679 3193 750 γάρ
3240 678 3303 732 τὸ
3350 677 3586 748 μεγαλο-

2005 777 2214 846 πρεπὲς
2240 774 2385 846 εἶχεν
2418 776 2527 839 ἀεὶ,
2577 772 2714 828 ἀλλά
2745 775 2861 835 τοῖς
2889 770 3211 842 ἀνθρώποις
3253 769 3417 823 τοῦτο
3448 768 3589 838 γνὼο

2009 887 2168 943 ριμον
2223 870 2325 923 οὐκ
2375 864 2443 939 ἧν
2499 866 2675 922 dei".
2726 864 2967 919 Τοιαῦτα
3029 864 3124 918 καὶ
3162 864 3191 916 6
3247 861 3519 934 μακάριος
3539 862 3587 894 η

2017 962 2362 1033 Ἀὁακούμθθ
2404 958 2781 1031 προθεσπίζει.
2816 954 3078 1027 Εἰρηκὼς
3106 956 3237 1027 γὰρ,
3289 972 3306 1006 ι
3355 954 3416 1007 '0
3451 952 3588 1017 Θεὸς

2006 1056 2118 1110 ἀπὸ
2158 1053 2420 1125 Θαιμάν¹
2470 1051 2627 1123 ἥξει,
2687 1050 2785 1104 καὶ
2835 1051 2865 1103 6
2905 1049 3064 1117 ἅγιος
3107 1046 3166 1113 ἐξ
3214 1047 3375 1115 ὅρους
3415 1061 3589 1098 κατα-

2011 1149 2164 1203 σκίου
2185 1150 2230 1214 ⁸,
2269 1166 2287 1198 ι
2323 1146 2622 1217 ἐπήγαγενθ
2658 1161 2678 1195 ι
2726 1139 3028 1210 Ἐκάλυψεν
3060 1138 3326 1208 οὐρανοὺς
3359 1138 3392 1209 ἡ
3419 1137 3593 1207 ἀρετὴ

2010 1239 2201 1305 αὐτοῦ,
2231 1238 2442 1308 καὶτῆς
2467 1233 2761 1297 αίνέσεως³
2788 1231 2955 1286 αὐτοῦ
2987 1229 3207 1300 πλήρης
3237 1227 3384 1298 ὴγῆ.
3424 1246 3444 1278 ι
3481 1228 3589 1280 Καὶ

2010 1332 2174 1396 αὐτὸς
2207 1331 2265 1384 δὲ
2317 1329 2395 1401 τῷ
2442 1325 2673 1382 Ἰακὼϐδ
2708 1324 3030 1393 ἐπιφανεὶς,
3065 1322 3166 1394 τὴν
3214 1320 3591 1393 προσηγορίαν

2013 1422 2407 1497 πυνθανομένῳ
2436 1420 2602 1492 ἔφη³ο
2641 1436 2660 1468 ι
2714 1417 2780 1469 Τί
2808 1415 2991 1487 ζητεῖς
3025 1414 3088 1467 τὸ
3118 1411 3297 1483 ὖνομά
3333 1427 3468 1482 μου;
3498 1411 3595 1466 καὶ

2011 1517 2173 1573 τοῦτό
2203 1518 2324 1569 ἐστι
2353 1510 2691 1582 θαυμαστόν.
2733 1527 2751 1558 ι

2082 1615 2153 1679 γ’.
2201 1626 2221 1660 ‹
2264 1606 2359 1661 Ἐκ
2390 1604 2663 1675 στόματος
2691 1598 2907 1670 νηπίων
2943 1598 3041 1651 καὶ
3078 1596 3429 1669 θηλαζόντων
3460 1610 3595 1653 κατ-

2014 1701 2225 1774 ηρτίσω
2256 1694 2443 1753 αἷνον⁶
2467 1736 2484 1763 ,
2528 1694 2693 1748 ἕνεκα
2725 1693 2837 1746 τῶν
2877 1689 3094 1761 ὲχθρῶν
3121 1706 3217 1743 σου
3242 1704 3258 1721 ⁶
3288 1688 3386 1742 τοῦ
3421 1703 3599 1741 κατα-

2016 1790 2177 1846 λῦσαι
2225 1788 2420 1861 ἐχθρὸν
2471 1787 2568 1841 καὶ
2614 1784 2933 1854 ἐκδικητὴν.
2981 1800 3000 1833 ι
3049 1780 3224 1834 Τοῦτο
3258 1779 3318 1833 δέ
3362 1796 3459 1833 σου
3497 1779 3602 1850 μά-

2018 1885 2175 1937 λιστα
2229 1881 2327 1953 τὴν
2388 1879 2622 1949 δύναμιν
2680 1877 2921 1942 ἔδειξεν,
2973 1876 3057 1929 ὅτι
3110 1874 3179 1928 δι’
3245 1873 3458 1945 ἀνδρῶν
3504 1872 3604 1944 τὴν

2018 1972 2369 2044 ἀνθρωπίνην
2394 1972 2455 2025 οὐ
2487 1968 2890 2041 μεμαθηκότων
2918 1964 3149 2036 σοφίαν,
3181 1964 3512 2036 ὐπομαζίων
3546 1963 3605 2017 δὲ

2019 2066 2252 2121 παιδίων
2291 2065 2390 2136 τὴν
2418 2062 2702 2133 ἁπλότητα
2740 2059 3128 2132 μιμουμένων,
3179 2056 3270 2111 τὸν
3303 2057 3605 2126 παμπόνη-

2021 2176 2114 2231 ρον
2156 2159 2366 2211 ὲκεῖνον
2381 2157 2422 2189 ⁸⁸
2454 2153 2764 2217 κατέλυσας
2808 2153 3109 2224 τύραννον·
3149 2149 3209 2214 ὃς
3241 2166 3323 2203 σοι
3361 2147 3443 2218 τῷ
3484 2147 3605 2218 θεῷ

2019 2248 2394 2322 δυσμεναίνων
2439 2247 2560 2310 ἀεὶ,
2612 2245 2709 2300 καὶ
2761 2243 2852 2298 διὰ
2888 2244 2982 2298 τὸν
3026 2242 3168 2296 κατὰ
3219 2240 3314 2295 σοῦ
3365 2241 3604 2310 πόλεμον

2018 2342 2147 2407 τοὺς
2189 2339 2515 2411 ἀνθρώπους
2554 2336 2881 2402 ἐξαπατῶν,
2912 2335 3077 2390 πάλιν
3117 2327 3209 2388 οἷά
3245 2349 3332 2397 τις
3358 2329 3604 2402 τιμωρὸς

2019 2433 2178 2496 δίκας
2206 2430 2435 2494 αὐτούςτ
2482 2427 2877 2500 είσπράττεται
2907 2427 3006 2496 τῆς
3036 2424 3278 2496 ἀπάτης.
3314 2422 3477 2478 Οὐτω
3514 2421 3605 2476 τδν

2034 2522 2320 2593 Ἀχιτόφελ
2353 2523 2538 2574 ἐκεῖνα
2565 2520 2740 2572 είπεῖν
2757 2520 2778 2552 ⁸
2810 2516 3263 2590 παρασκευάσας,
3286 2512 3605 2584 αὐτοχειρίᾳ

2024 2615 2245 2687 θανάτῳ
2295 2613 2662 2685 παρέπεμψεν
2681 2630 2695 2645 ⁸
2718 2612 2883 2666 «οὕτω
2918 2610 3010 2664 τὸν
3058 2608 3263 2663 Ἰούδαν
3293 2607 3376 2670 είς
3406 2605 3602 2676 προδο-

2026 2706 2146 2763 σίαν
2176 2705 2432 2769 ὁπλίσας,
2461 2704 2655 2775 μισθὸν
2684 2703 2785 2773 τῆς
2813 2701 3064 2771 ὑπακοῆς
3082 2698 3181 2771 τὴν
3211 2697 3452 2769 ἀγχόνην
3485 2696 3608 2750 ἀντι

2025 2799 2196 2854 έδωκε
2217 2814 2232 2829 ’
2270 2799 2369 2851 καὶ
2405 2795 2547 2850 κατὰ
2583 2795 2686 2867 τὴν
2738 2793 2983 2863 ἱστορίαν
3012 2792 3070 2846 δέ
3113 2807 3177 2861 γε
3202 2789 3429 2849 δυνατὸν
3461 2786 3609 2857 γνῶ-

2025 2906 2114 2944 ναι
2161 2890 2262 2960 τὴν
2313 2887 2413 2959 τῆς
2465 2885 2811 2959 προφητείας
2857 2883 3142 2956 ἀλήθειαν.
3200 2882 3289 2935 Ἐν
3335 2883 3459 2951 γὰρ’
3497 2882 3610 2944 τοῖς

2028 2982 2197 3051 ἱεροῖς
2246 2978 2631 3049 Εὐαγγελίοις,
2673 2980 2704 3032 6
2745 2975 3066 3045 Δεσπότης⁹
3113 2972 3350 3044 Χριστὸς
3410 2973 3609 3043 δυσχε-

2030 3073 2308 3144 ραίνουσιν
2360 3071 2636 3134 Ἰουδαίοις
2656 3110 2672 3137 ,
2708 3069 2872 3142 ἡνίκα
2897 3067 2969 3121 τὰ
2999 3067 3190 3120 παιδία
3212 3066 3254 3098 ¹⁰
3302 3063 3444 3135 μετά
3476 3063 3609 3116 κλά-

2027 3168 2133 3222 δων
2164 3165 2471 3236 ἡγούμενα,
2498 3184 2517 3217 ι
2566 3163 2797 3219 Ὡσαννά
2827 3165 2886 3218 ὲν
2909 3164 3024 3226 τοῖς
3046 3161 3314 3230 ὑψίστοις,
3346 3178 3366 3211 ›
3398 3157 3608 3226 ελεγον.
3695 3171 3698 3174 ’

2034 3275 2053 3307 ι
2108 3255 2477 3327 εὐλογημένος
2507 3257 2535 3308 6
2584 3257 2883 3328 ἐρχόμενος
2924 3256 2984 3308 ὲν
3022 3253 3249 3324 ὀνόματι
3295 3250 3544 3323 Κυρίου,
3587 3269 3604 3300 ι

2028 3348 2397 3419 ἀπεκρίνατοο
2423 3366 2443 3399 ‹
2480 3348 2596 3403 Οὐκ
2631 3348 2905 3417 ἀνέγνωτε
2928 3347 3058 3400 ’Ἐκ
3095 3345 3367 3415 στόματος
3396 3342 3612 3414 νηπίων

2030 3437 2126 3491 καὶ
2155 3435 2502 3508 θηλαζόντων
2551 3436 2870 3509 κατηρτίσω
2902 3431 3094 3502 αἷνονς
3150 3454 3169 3488 ι
3214 3435 3466 3489 Κάκείνα
3502 3431 3611 3486 τοί-

2029 3545 2124 3581 νυν
2153 3528 2223 3582 τὰ
2258 3530 2448 3584 παιδία
2495 3529 2588 3584 τὸν
2617 3528 2913 3599 ἀγνώμονα
2958 3528 3070 3583 τῶν
3123 3524 3397 3582 Ἰουδαίων
3443 3541 3614 3578 κατα-

2032 3619 2208 3691 κρίνει
2242 3619 2406 3687 λαὸν,
2433 3620 2523 3675 τὸν
2550 3621 2754 3692 ὁμοίως
2782 3619 2860 3692 τῷ
2899 3620 3134 3692 διαϐόλῳ
3163 3624 3260 3674 καὶ
3292 3617 3493 3690 ἐχθρὸν
3522 3619 3614 3670 καὶ

2032 3694 2349 3782 ἐκδικητὴν.
2397 3713 2508 3766 Καὶ
2555 3712 2666 3782 γὰρ
2714 3706 2868 3776 οὗτος
2908 3711 3001 3766 τὸν
3041 3710 3187 3765 θετον
3222 3709 3385 3780 νόμον
3436 3725 3616 3780 παρα-

2034 3802 2236 3858 ϐαίνων
2264 3803 2382 3868 ἀεὶ,
2424 3804 2521 3857 καὶ
2550 3803 2816 3859 τάναντία
2842 3806 2957 3867 τοῖς
2998 3802 3106 3857 ὑπὸ
3141 3801 3237 3855 τοῦ
3267 3799 3403 3854 Θεοῦ
3438 3800 3619 3868 διηγο-

2037 3895 2325 3968 ρευμένοις
2349 3895 2820 3967 διαπραττόμενος
2839 3934 2856 3961 ,
2889 3895 3054 3950 πάλιν
3073 3894 3140 3960 ίί,
3176 3895 3251 3957 ὡς
3283 3893 3426 3964 ὑπὲρ
3450 3894 3494 3923 ¹¹
3523 3890 3615 3946 τοῦ

2035 3988 2328 4059 νομοθέτου
2370 3988 2536 4058 δῆθεν
2582 3989 3018 4060 ἀγωνιζόμενος,
3050 3986 3364 4058 ὲσταύρωσε
3395 3985 3491 4038 τὸν
3527 3987 3619 4037 Δε-

2038 4082 2308 4152 σπότην¹³
2346 4083 2626 4154 Χριστὸν,
2675 4080 2926 4137 ἀντίθεον
2958 4078 3252 4136 ἀποκαλῶν
3298 4078 3396 4133 καὶ
3435 4077 3619 4148 παρά-

2037 4190 2096 4226 νο
2102 4190 2224 4243 μον.

2106 4266 2168 4319 δ’.
2207 4283 2227 4317 ι
2260 4267 2383 4319 Ὅτι
2421 4264 2626 4336 ὄψομαι
2671 4265 2799 4329 τοὺς
2843 4265 3136 4336 οὐρανοὺς,
3169 4264 3299 4320 τάιδ
3331 4264 3475 4337 ἔργα
3511 4262 3619 4317 τῶν

2037 4354 2314 4409 δακτύλων
2357 4372 2483 4420 σου,
2537 4355 2769 4427 σελήνην
2808 4355 2904 4409 καὶ
2945 4354 3206 4427 ἀστέρας,
3246 4354 3284 4409 ἃ.
3329 4356 3396 4408 σύ
3431 4355 3619 4423 ἐθεμε·

2039 4445 2260 4510 λίωσας.
2304 4466 2323 4500 ι
2385 4447 2573 4501 Ἱκανὰ
2600 4445 2711 4518 γὰρ
2731 4448 2793 4509 ⁸³,
2822 4448 2978 4518 φησι,
3012 4447 3106 4501 καὶ
3144 4447 3215 4501 τὰ
3247 4447 3492 4516 στοιχεῖα
3520 4444 3617 4512 τὴν

358 4534 418 4582 ιιι
452 4534 624 4589 tuam,
652 4541 685 4581 ο
724 4526 972 4591 Domine,
992 4526 1457 4595 magniﬁcentiam
1508 4526 1834 4590 ostendant,
1885 4545 1915 4581 e

2041 4536 2163 4607 σὴν,
2195 4530 2242 4591 ὧ
2270 4537 2536 4602 Δέσποτα,
2567 4536 2739 4603 δεῖξαι
2769 4538 3203 4610 μεγαλουργίαν,
3238 4538 3336 4592 καὶ
3362 4536 3614 4608 οὐρανὸς,

359 4617 578 4683 caelum,
614 4628 667 4673 et
698 4625 862 4683 terra,
900 4627 957 4673 et
994 4618 1148 4680 luna,
1187 4626 1241 4672 et
1266 4618 1369 4683 sol,
1418 4628 1474 4672 et
1508 4617 1645 4672 ordo
1681 4629 1938 4674 ornatus-

360 4723 467 4777 que
488 4709 913 4778 pulcherrimus,
938 4709 1035 4780 qui
1057 4710 1141 4764 his
1160 4709 1323 4765 inest.
1351 4709 1699 4765 Providentia
1729 4721 1935 4781 autem,

399 4855 421 4883 ι
461 4843 669 4901 llabac.
709 4863 795 4912 ιιι,
829 4840 882 4901 3.

2045 4627 2140 4681 καὶ
2168 4627 2276 4698 γῆ,
2339 4628 2435 4683 καὶ
2484 4628 2720 4701 σελήνη,
2760 4629 2856 4683 καὶ
2892 4629 3069 4693 ἥλιος,
3107 4629 3202 4683 καὶ
3245 4630 3277 4699 ἡ
3319 4630 3378 4682 ὲν
3405 4629 3620 4688 τούτοις

2043 4718 2271 4786 εὐταξία
2310 4736 2372 4774 τε
2415 4720 2511 4775 καὶ
2542 4720 2845 4791 εὐκοσμίαο
2879 4721 2914 4792 ἡ
2949 4722 3009 4774 δὲ
3049 4721 3214 4794 μέχρι
3244 4721 3356 4776 τῶν
3386 4718 3621 4775 εὐτελῶν

972 4848 992 4884 ⁸
1034 4847 1168 4902 Gen.
1206 4865 1380 4915 χχχιι,
1415 4849 1505 4905 29.
1581 4863 1610 4890 ιι
1650 4851 1693 4906 ll
1728 4853 1865 4925 Reg.
1901 4872 1920 4911 ι

2026 4899 2034 4924 ,
2070 4859 2162 4914 95.
2237 4868 2265 4898 ν
2301 4858 2493 4914 Matth.
2536 4875 2664 4922 xxt,
2699 4858 2753 4913 9.
2831 4868 2857 4896 ι
2896 4859 3028 4915 ibid.
3074 4859 3159 4914 16.
3207 4856 3216 4865 ’

1456 4982 1693 5041 VARIAE
1728 4986 2114 5046 LECTIONES
2168 4989 2258 5044 ET
2300 4989 2536 5046 NOTAE.

432 5083 481 5116 "
514 5079 641 5154 Τῶν
667 5080 1172 5154 οὐρανῶνηΑιιοει
1212 5095 1242 5134 a
1291 5079 1413 5154 cod.
1441 5079 1589 5154 Flor.
1663 5082 1711 5154 ’ξ
1742 5085 1889 5154 Μέν.
1917 5130 1920 5138 .

2026 5095 2085 5142 :st
2128 5102 2159 5141 a
2195 5086 2317 5142 cod.
2347 5085 2403 5142 2.
2500 5085 2750 5153 ’τΑῠτὸς
2788 5116 2859 5126 -
2887 5086 3002 5140 ἀεί.
3047 5084 3182 5139 Cod.
3219 5082 3364 5137 Flor.
3397 5082 3622 5154 Σοὶ-μιν

360 5151 1177 5252 ι.ἀς,,;ῑῖ’.εξξὲξιλεςτξεεξὲῖωέἱῖ
1234 5152 1632 5252 ’ξῗθῗῗέληθλῖἒῗ

361 5220 409 5258 ’⁸
441 5220 765 5290 Μακάριος.
795 5220 926 5277 Coll.
949 5221 985 5275 2
1013 5221 1175 5285 θεῖος.
1251 5220 1297 5253 ⁹⁹
1362 5221 1376 5242 ’

1376 5223 1678 5299 Αϐᾳκορμ.
1703 5223 1838 5299 Cod.
1872 5234 2101 5299 uterque
2144 5223 2498 5299 ῘᾺμϐακοῦμ.

363 5308 531 5363 quam
560 5292 850 5347 lectionem
866 5292 1062 5348 Carafa
1085 5299 1306 5348 secutus
1333 5301 1440 5346 est.
1472 5292 1497 5363 _’
1536 5295 1904 5350 Κατασκιου.

2026 5300 2077 5354 d.
2134 5297 2170 5350 2
2212 5292 2364 5353 addit
2389 5292 2601 5360 δασέος.

1673 5148 1742 5228 ἧι
1779 5153 1837 5228 δὲ
1887 5172 1918 5208 τ

2052 5156 2365 5227 ἀνθρώποις
2406 5156 2704 5228 γνώριμον.
2728 5148 2966 5228 Reliqua
3008 5154 3286 5228 desuntin
3325 5154 3446 5208 cod.
3474 5148 3620 5228 Elor.

2576 5222 2599 5259 "
2628 5222 3067 5296 Θαιμάνξεονὰ.
3101 5240 3155 5296 p.
3188 5224 3289 5296 l56
3327 5222 3622 5296 μακρόθεν,

2704 5292 3063 5363 ⁸Ἀὶνέσεως.
3096 5294 3231 5350 Cod.
3265 5295 3293 5348 1
3329 5292 3621 5356 συνέσεως,

364 5361 603 5433 ascripta
631 5372 860 5445 'tamen_
883 5363 1114 5445 lectione
1157 5371 1397 5445 recepta:
1428 5361 1492 5445 -.ξ
1541 5363 1763 5445 Ἰαίιῴόῖ
1799 5364 2028 5445 Praestat
2080 5369 2241 5445 lectio
2284 5369 2504 5445 Μαχωὲ,
2556 5381 2719 5445 quam
2750 5367 2914 5421 habet
2951 5361 3126 5445 gara.
3160 5366 3298 5445 .l._c.
3338 5362 3513 5445 Verba
3542 5363 3624 5445 ci-

364 5445 476 5488 tata
510 5432 1061 5512 pertitietttad_.]udic.
1085 5449 1202 5512 15m,
1224 5433 1335 5512 18L
1376 5433 1398 5463 '
1426 5432 1600 5512 Ἔφη.
1619 5436 1977 5512 A_be_stacod.
1993 5439 2050 5496 2.
2110 5436 2346 5512 ⁸Αἷγον.
2365 5432 2935 5512 Reliquijnterpretes
2953 5434 3129 5512 Graeci
3160 5434 3366 5512 habent
3384 5432 3468 5512 v_el
3491 5435 3628 5512 κρά-

366 5521 458 5577 τος
493 5505 574 5559 vel
618 5504 789 5574 ἰσχύν.
836 5504 909 5577 λυ
957 5504 1241 5577 Ἐκεῖνον.
1273 5504 1443 5558 Abest
1490 5520 1520 5556 a
1562 5505 1684 5559 cod.
1725 5508 1774 5562 1.
1851 5508 1871 5540 ⁷
1905 5533 1920 5562 ι

2026 5511 2157 5577 ούς.
2185 5510 2351 5564 Abest
2374 5524 2404 5561 a
2439 5503 2558 5561 cod.
2592 5507 2646 5562 2.
2682 5503 2845 5562 (10rd.
2879 5507 3041 5560 habet
3070 5505 3299 5577 autoig::
3346 5503 3368 5537 ⁸
3397 5503 3622 5577 Eine-ir.

368 5575 425 5628 In
454 5573 700 5661 nutroque.
751 5574 891 5659 cmi.’
929 5576 1176 5645 sequitur
1231 5583 1354 5643 post
1411 5578 1878 5661 παρασκευάσαςῇ

2029 5573 2315 5661 suam.
2372 5577 2604 5661 Anbest_a
2658 5578 2875 5661 com-2.
2910 5577 3101 5661 Id
3127 5573 3625 5661 namingébestla

369 5642 501 5716 cod.
525 5646 577 5716 l_,
609 5642 734 5716 post
762 5642 1039 5716 ἡγούμενα
1098 5642 1280 5716 autem
1308 5660 1451 5700 ascr.
1475 5642 1543 5716 τά
1572 5648 1761 5716 νήπια.
1826 5642 1881 5681 ⁷¹¹
1919 5695 1920 5701 η

2026 5686 2028 5694 ,
2055 5681 2125 5691 _
2150 5642 2356 5703 mum
2390 5648 2515 5702 Des.
2545 5647 2600 5701 in
2625 5646 2748 5701 cod.
2782 5647 2833 5700 l.
2910 5647 2953 5678 "
2984 5644 3082 5712 Ὠς
3113 5644 3284 5716 ὑπέρ.
3330 5642 3466 5716 C_od.
3493 5642 3625 5716 l'ti);

370 5708 929 5798 nspi.Co'rd.'pi"t5§
956 5714 1169 5798 ὥσπερτ
1244 5715 1286 5746 ³³
1321 5708 1650 5782 Δεσπότηνῆ
1683 5718 1848 5776 Abest
1882 5734 1913 5774 a

2026 5718 2139 5791 i._2
2234 5718 2280 5751 "
2316 5718 2417 5773 Τά.
2447 5718 2615 5774 Abest
2649 5718 2717 5772 ab
2753 5726 2986 5787 utroque
3014 5708 3113 5771 cod
3215 5708 3258 5747 ί*
3283 5712 3431 5784 Γάρ.
3488 5712 3623 5768 Cod.

372 5782 602 5856 utorque
632 5784 742 5855 μοι.
771 5782 934 5840 Cord.
971 5784 1070 5855 μὲν
1106 5782 1231 5857 γάρ.
