3854 6318
447 261 555 327 923
582 310 585 315 .

1449 258 1941 321 THEODOBETI
1969 255 2309 318 EPISCOPI
2339 255 2706 317 CYRENSIS

3664 251 3779 314 924
3804 252 3805 259 “

526 377 690 435 Vens.
726 377 781 432 6.
817 396 835 428 ι
874 375 1169 445 lncrepasti
1212 384 1422 446 gentes,
1468 385 1525 431 et
1578 376 1743 446 periit
1791 376 2025 446 impius:

2208 372 2283 441 ς’.
2322 391 2342 425 ι
2378 372 2755 443 Ἐπετίμησας
2782 369 2985 436 ἔθνεσι,
3013 369 3111 425 καὶ
3137 367 3395 423 ἀπώλετο
3434 370 3470 422 ὁ
3501 369 3731 440 ἀσεϐής
3750 385 3766 401 ο

454 488 654 527 nomen
686 472 806 541 ejus
839 469 1084 524 delevisti
1116 469 1171 522 in
1202 477 1495 534 aeternum,
1553 478 1609 524 et
1663 470 1719 524 in
1771 472 2032 525 sreculum

454 565 659 619 saeculi.
695 581 714 614 ι
752 560 870 617 Νοη
895 561 1039 616 enim
1072 561 1314 616 tolerasti
1336 601 1351 626 ,
1392 561 1587 631 inquit,
1611 563 1819 618 diutius
1854 562 2035 617 homi-

455 673 585 712 num
627 666 880 710 naturam
910 653 1213 721 despicere,
1247 653 1318 709 ab
1347 655 1547 710 acerbo
1577 663 1810 726 tyranno
1840 655 1892 709 in
1917 670 2036 710 ser-

455 750 682 802 vitutem
727 747 869 802 male
933 747 1236 812 redactam,
1298 749 1392 804 sed
1441 757 1700 820 tanquam
1763 749 2035 819 quispiam

451 841 618 908 judex
651 854 819 910 super
840 838 980 894 solio
1013 840 1254 909 quodam
1310 841 1421 895 alto
1471 848 1525 896 et
1594 841 1821 897 terribili
1857 841 2036 897 tribu-

457 928 567 985 nali
602 931 821 991 sedens,
846 929 1010 983 talem
1040 928 1143 998 ipsi
1178 944 1396 999 poenam
1433 929 1766 999 imposuisti,
1811 940 1874 986 ut
1922 940 2040 987 me-

458 1020 631 1074 moria
665 1018 830 1088 hujus
860 1019 1196 1087 sempitcrna
1239 1018 1518 1074 oblivione
1542 1019 1884 1076 obscuretur.
1914 1019 2041 1078 Haec

459 1118 641 1163 autem
673 1108 879 1162 verba:
920 1125 940 1158 ι
981 1104 1280 1177 increpasti
1314 1118 1528 1178 gentes,
1598 1117 1656 1165 et
1720 1111 1881 1181 periit
1934 1111 2041 1166 im-

462 1200 608 1270 pius,
656 1217 675 1251 ι
726 1199 873 1253 hunc
897 1198 1099 1254 habent
1127 1214 1347 1255 sensum
1371 1217 1384 1254 :
1413 1198 1521 1256 Per
1546 1215 1735 1257 sacros
1765 1203 2040 1271 apostolos

463 1301 511 1344 ct
541 1305 638 1360 per
668 1302 944 1358 praecones
977 1289 1247 1355 veritatis,
1280 1290 1374 1360 qui
1430 1300 1555 1360 post
1606 1291 1731 1347 illos
1798 1291 2037 1358 fuerunt,

462 1382 711 1438 obtulisti
738 1383 1018 1457 'genlibus
1070 1381 1256 1436 divina
1301 1382 1599 1454 dogmata:
1631 1383 1737 1440 illae
1771 1398 1898 1440 vero
1915 1399 2039 1439 cum

463 1476 831 1545 accepissent,
863 1483 917 1529 et
970 1474 1040 1529 ab
1076 1489 1266 1531 errore
1317 1474 1561 1530 liberata
1619 1484 1824 1539 essent,
1881 1478 2046 1548 periit

464 1568 685 1637 impius,
714 1582 821 1622 non
855 1568 1089 1638 amplius
1133 1569 1341 1630 habens
1388 1569 1645 1625 seductos
1702 1570 2042 1629 adoratores.

465 1661 560 1716 Sic
593 1661 871 1716 Barnabas
931 1670 988 1716 et
1013 1660 1219 1717 Paulus
1272 1661 1579 1733 Lycaones,
1636 1663 1728 1733 qui
1765 1663 2044 1718 conaban-

465 1762 556 1807 tur
584 1752 719 1821 ipsis
750 1750 1085 1815 sacrilicare,
1139 1751 1565 1823 increpaverunt
1616 1752 1990 1810 vociferantes
2026 1769 2043 1809 :

472 1863 492 1896 ι
521 1843 663 1911 Quid
684 1844 896 1910 facitis,
922 1844 1071 1899 viri?
1096 1850 1151 1900 et
1178 1858 1281 1901 nos
1302 1844 1563 1901 mortales
1593 1860 1808 1909 sumus,
1841 1845 2051 1902 similes

465 1935 620 1989 vobis
657 1934 929 1997 homines,
963 1941 1343 1991 convertentes
1376 1949 1478 1991 vos
1510 1935 1579 1990 ab
1609 1936 1697 1991 his
1731 1936 1895 1992 rebus
1954 1952 2050 1991 va-

463 2028 552 2083 nis
589 2027 657 2081 ad
699 2027 864 2081 Deum
897 2035 946 2080 ιι.
990 2046 1010 2079 ι
1041 2027 1133 2082 Sic
1155 2027 1322 2081 etiam
1362 2026 1565 2083 beatus
1620 2026 1825 2083 Paulus
1871 2027 2049 2084 incre-

464 2116 611 2186 pavit
648 2113 871 2169 Galatas
904 2132 917 2168 :
974 2132 995 2166 ι
1030 2113 1276 2171 Ostolidi
1325 2113 1554 2182 Galatae,
1595 2116 1721 2186 quis
1745 2128 1847 2171 vos
1880 2116 2049 2173 fasci-

464 2207 637 2272 uavit,
669 2207 872 2276 quibus
900 2213 1029 2261 ante
1060 2206 1253 2261 oculos
1275 2205 1437 2263 Jesus
1489 2206 1746 2264 Christus
1785 2210 2042 2279 praescri-

466 2309 594 2368 ptus
625 2307 710 2355 est
741 2298 1040 2356 cruciﬁxus
1065 2299 1129 2353 οἳ
1159 2317 1179 2353 ι
1219 2299 1313 2356 Sic
1338 2300 1405 2355 ad
1436 2299 1758 2358 Corinthios
1786 2319 1800 2356 :
1859 2320 1879 2355 ι
1916 2300 2049 2357 0m-

465 2392 600 2445 nino
625 2394 645 2416 ‘
675 2392 901 2447 auditur
924 2392 1068 2446 inter
1093 2405 1194 2448 vos
1222 2390 1535 2461 fornicatio,
1570 2400 1624 2448 et
1643 2393 1769 2450 talis
1802 2393 2048 2450 fornica-

468 2482 564 2546 tio,
598 2483 778 2552 qualis
809 2497 985 2553 neque
1012 2480 1181 2554 659
1211 2481 1355 2537 inter
1377 2492 1567 2553 gentes
1599 2485 1910 2540 nominatur
1942 2495 1990 2542 ι’.
2023 2503 2045 2536 ι

467 2573 608 2644 Ergo
637 2575 938 2644 increpavit
967 2583 1182 2644 gentes,
1215 2582 1272 2629 et
1300 2574 1464 2644 periit
1491 2575 1714 2646 impius,
1754 2585 1810 2631 et
1839 2591 2041 2632 nomen

464 2666 584 2735 ejus
617 2668 816 2721 delevit
856 2667 910 2722 in
964 2667 1224 2723 saeculum
1289 2668 1498 2724 seculi.
1568 2667 1851 2724 Exstincta
1898 2670 2048 2725 enim

466 2775 693 2830 prorsus
727 2770 857 2814 sunt
883 2760 1184 2830 impietatis
1226 2774 1407 2828 sacra,
1458 2769 1515 2816 et
1561 2761 1844 2818 oblivione
1899 2777 2048 2817 sem-

466 2848 681 2918 piterna
709 2850 886 2904 deleta
920 2859 1069 2913 sunt,
1106 2858 1168 2905 ut
1193 2866 1354 2906 nemo
1405 2867 1473 2906 ex
1523 2851 1843 2909 hominibus
1882 2852 2047 2925 hujus

470 2940 737 3010 temporis
768 2942 906 2997 sciat
937 2941 1237 3011 impietatis
1267 2942 1548 3013 mysteria.

2135 467 2197 521 τὸ
2231 466 2402 536 ὄνομα
2441 464 2608 519 αὑτοῦ
2639 464 2930 535 ἐξήλειψας
2983 463 3064 526 εἰς
3116 462 3213 515 τὸν
3261 462 3477 526 αἰῶνα,
3535 463 3646 515 καὶ
3686 466 3768 524 εἰς

2135 558 2227 613 τὸν
2264 558 2438 612 αἰῶνα
2474 557 2570 611 τοῦ
2619 556 2836 620 αἰῶνος.
2895 576 2915 609 ι
2959 557 3037 609 Οὐ
3068 554 3179 626 γάρ
3220 556 3511 626 ἠνέσχου,
3558 555 3761 626 φησὶν,

2136 650 2231 703 ἐπὶ
2259 650 2511 703 πλεῖστον
2544 647 2808 721 περιϊδεῖν
2840 647 2952 703 τῶν
2975 647 3282 719 ἀνθρώπων
3304 647 3412 718 τὴν
3443 645 3636 715 φύσιν
3659 646 3771 700 ὑπὸ

2135 741 2232 795 τοῦ
2265 739 2463 812 πικροῦ
2491 741 2757 811 τυράννου
2799 738 3169 811 δουλουμένην
3202 739 3425 803 κακῶς,
3485 737 3620 792 ἀλλ’
3649 734 3765 791 οἷόν

2137 851 2222 898 τις
2256 833 2540 905 δικαστὴς,
2591 833 2687 886 ἐπὶ
2716 833 2907 905 θρόνου
2936 833 3082 897 τινὸς
3116 832 3324 903 ὑψηλοῦ
3358 833 3475 886 καὶ
3510 830 3767 903 φοϐεροῦ

2141 926 2385 998 βήματος
2436 925 2672 990 καθίσας
2707 927 2774 992 ⁸⁸,
2810 924 3069 998 τοιαύτην
3118 924 3266 996 αὐτῷ
3297 925 3608 997 τιμωρίαν
3667 927 3767 977 ἐπ-

2140 1019 2380 1091 ήνεγκας
2393 1057 2406 1084 ,
2437 1016 2579 1070 ὥστε
2595 1015 2732 1089 λήθῃ
2751 1016 3007 1070 παντελεῖ
3026 1016 3217 1071 τούτου
3234 1017 3643 1088 παραδοθῆναι
3661 1017 3766 1087 τὴν

2144 1111 2384 1181 μνήμην.
2422 1110 2495 1162 Τὸ
2523 1107 2582 1162 δέ
2622 1124 2716 1178 γε,
2758 1126 2778 1161 ι
2814 1109 3193 1179 Ἐπετίμησας
3244 1108 3464 1175 ἔθνεσι,
3503 1109 3611 1162 καὶ
3658 1110 3765 1163 ἀπ⁴

2140 1201 2309 1255 ώλετο
2329 1203 2358 1255 ό
2380 1200 2617 1271 ἀσεϐὴς,
2649 1218 2669 1254 ι
2698 1199 2905 1272 ταύτην
2936 1200 3050 1272 ἔχει
3073 1201 3177 1272 τὴν
3210 1200 3618 1255 διάνοιαν-Διά
3652 1200 3764 1253 τῶν

2146 1294 2307 1364 ἱερῶν
2361 1294 2709 1359 ἀποστόλων,
2744 1293 2839 1346 καὶ
2878 1290 2987 1346 τῶν
3025 1291 3142 1362 μετ’
3174 1291 3435 1355 ἐκείνους
3488 1291 3603 1362 τῆς
3635 1290 3762 1362 ἀληο

2144 1386 2292 1451 θείας
2320 1386 2581 1458 κηρύκων
2598 1386 2664 1451 ⁸³,
2699 1385 3081 1456 προσήνεγκες
3101 1383 3150 1417 ⁸⁸
3178 1387 3291 1448 τοῖς
3317 1383 3520 1438 ἔθνεσι
3540 1384 3616 1438 τὰ
3641 1384 3756 1441 θεῖα

2143 1479 2389 1550 δόγματα
2414 1479 2491 1512 ⁶⁸ι
2526 1476 2755 1531 ἐκείνων
2791 1475 2848 1530 δὲ
2893 1475 3238 1547 δεξαμένων,
3271 1475 3367 1531 καὶ
3402 1478 3522 1546 τῆς
3543 1474 3759 1546 πλάνης

2144 1568 2576 1639 ἀπαλλαγέντων
2600 1608 2616 1635 ,
2648 1565 2898 1622 ἀπώλετο
2925 1568 2955 1620 ό
2990 1566 3217 1639 ἀσεϐὴς,
3250 1567 3382 1629 τοὺς
3439 1564 3757 1633 ἀπατωμέ-

2145 1676 2271 1725 vos;
2309 1660 2406 1715 καὶ
2446 1658 2895 1730 προσκυνοῦντας
2922 1659 3024 1713 οὐκ
3063 1658 3223 1729 ἔχων.
3254 1656 3421 1712 υῦτω
3443 1656 3497 1689 ⁸⁸
3538 1654 3757 1726 Βαρνά-

2146 1751 2247 1815 ϐας
2274 1752 2370 1806 καὶ
2415 1751 2629 1816 Παῦλος
2677 1750 2839 1806 θῦσαι
2890 1750 3201 1822 πειραθεϊσι
3231 1750 3524 1805 Λυκάοσιν
3570 1746 3759 1802 ὲπετίο

2150 1859 2330 1914 μησαν
2382 1842 2651 1913 βοῶντεςο
2707 1861 2726 1894 ι
2759 1842 2826 1896 Τί
2879 1845 3128 1908 ποιεῖτε,
3161 1842 3391 1914 ἀνδρεςς
3433 1842 3541 1895 καὶ
3595 1842 3757 1911 ἡμεῖς

2144 1935 2496 2007 ὁμοιοπαθεῖς
2525 1937 2694 2007 ἐσμεν
2730 1937 2859 2007 ὑμῖν
2889 1935 3192 2006 ἄνθρωποι,
3223 1934 3334 1989 ἀπὺ
3364 1934 3596 1989 τούτων
3641 1933 3749 1987 τῶν

2150 2027 2396 2099 ματαίων
2441 2027 2581 2099 πρὸς
2625 2027 2719 2081 τὸν
2767 2026 2905 2079 Θεὸν
2954 2027 3105 2098 ὑμᾶς
3142 2027 3677 2099 ὲπιστρέφοντες⁶⁷.
3726 2042 3747 2075 ι

2148 2118 2303 2172 Οὕτω
2339 2119 2615 2183 Γαλάταις
2645 2120 2675 2171 ό
2713 2118 2987 2191 μακάριος
3019 2118 3386 2190 ἐπετίμησε⁸⁸
3434 2116 3663 2181 Παῦλος
3678 2117 3747 2150 0'-

2145 2205 2217 2264 Ὦ
2243 2210 2459 2283 ἀνόητοι
2487 2210 2746 2277 Γαλάται,
2776 2211 2861 2275 τίς
2899 2211 3045 2282 ὑμᾶς
3081 2209 3388 2264 ἐϐάσκανεν
3402 2210 3481 2278 τ’,
3511 2205 3599 2273 οἷς
3628 2206 3753 2261 κατ’

2146 2302 2462 2373 ὀφθαλμοὺς
2495 2301 2704 2373 Ἰησοῦς
2735 2301 2971 2373 Χριστὸς
3001 2303 3332 2372 προεγράφη
3378 2298 3749 2371 ἐσταυρωμέι

2146 2410 2265 2461 νος-ς
2309 2412 2327 2445 ι
2364 2393 2522 2448 Οὕτω
2569 2392 2880 2464 Κορινθίοις
2905 2407 2918 2423 ⁶
2957 2409 2978 2445 ι
3013 2392 3192 2456 Ὅλως
3220 2391 3493 2447 ἀκούεται
3522 2392 3587 2445 ὲν
3624 2390 3751 2461 ὑμῖν

2147 2485 2395 2558 πορνεία,
2451 2486 2547 2541 καὶ
2580 2485 2809 2557 τοιαύτη
2848 2485 3100 2559 πορνεία,
3153 2484 3243 2539 οἵα
3259 2486 3306 2518 τί
3351 2485 3471 2539 οὐδ’
3525 2485 3587 2539 ἑν
3638 2484 3747 2545 τοῖς

2147 2578 2356 2632 ἔθνεσιν
2384 2577 2735 2648 ὀνομάζεται.
2759 2596 2777 2628 ι
2825 2576 3163 2648 Ἐπετίμησε
3187 2576 3374 2631 τοίνυν
3401 2575 3619 2640 ἔθνεσι,
3657 2573 3747 2627 καί

2146 2666 2398 2721 ἀπώλετο
2442 2668 2471 2719 ό
2503 2665 2728 2737 ἀσεϐὴς,
2775 2667 2870 2720 καὶ
2911 2666 2974 2720 τὸ
3018 2666 3193 2738 όνομα
3237 2665 3407 2721 αὑτοῦ
3460 2663 3744 2733 ἐξήλειψεν

2147 2759 2227 2822 εἰς
2275 2758 2367 2812 τὸν
2397 2757 2571 2812 αίῶνα
2601 2757 2644 2790 ’⁸
2674 2757 2771 2811 τοῦ
2801 2756 3017 2821 αἰῶνος.
3053 2757 3428 2830 Ἐσϐέσθησαν
3468 2757 3585 2829 γὰρ
3615 2771 3745 2808 παν-

2145 2849 2318 2912 τελῶς
2346 2849 2447 2920 τῆς
2497 2848 2758 2911 ἀσεϐείας
2790 2850 2847 2903 αί
2890 2848 3127 2916 τελεταὶ,
3162 2850 3260 2904 καὶ
3289 2849 3432 2922 λήθῃ
3487 2846 3747 2903 παντελεῖ

2147 2940 2529 3012 παρεδόθησαν
2555 2980 2568 3003 ,
2604 2940 2683 3002 ὡς
2716 2939 2921 3011 μηδένα
2958 2939 3069 2994 τῶν
3103 2939 3200 2995 νῦν
3244 2940 3567 3012 ἀνθρώπων
3608 2937 3740 2991 εἰδέ-

2074 3050 2122 3113 c
2150 3050 2241 3087 ναι
2268 3031 2337 3085 τὰ
2368 3032 2468 3102 τῆς
2499 3030 2760 3095 ἀσεϐείας
2793 3032 3096 3103 μυστήρια.

541 3119 706 3173 \‘Eas.
744 3121 796 3175 7.
836 3138 855 3171 ι
880 3119 1088 3177 Inimici
1113 3119 1437 3176 deiecerunt
1455 3120 1694 3191 gladiiin
1724 3129 2046 3191 perpetuum
2080 3189 2084 3193 ρ

468 3220 521 3264 et
553 3210 800 3265 civitates
829 3209 1168 3268 destruxisti.
1211 3228 1231 3262 ι
1282 3209 1530 3280 Propriis
1557 3211 1703 3265 enim
1732 3210 1903 3265 armis
1955 3225 2049 3265 or-

470 3302 632 3356 batus
661 3309 798 3362 erat,
825 3315 947 3355 cum
991 3300 1288 3369 impietatis
1326 3300 1612 3356 ministros
1648 3316 1760 3357 non
1804 3301 2048 3358 haberet.

472 3391 576 3457 Qui
610 3406 739 3446 vero
765 3406 825 3446 se
847 3390 998 3461 ipsos
1027 3390 1396 3447 instrumenta
1428 3392 1726 3463 impietatis
1744 3392 1893 3449 illius
1915 3408 2050 3449 con-

473 3485 784 3547 stituerant,
814 3484 866 3539 hi
924 3499 1072 3540 nunc
1134 3485 1353 3550 mutati,
1394 3485 1598 3541 bellum
1635 3494 1826 3543 contra
1893 3487 2048 3542 illum

472 3584 849 3647 susceperant.
891 3574 959 3631 Et
999 3576 1272 3640 civitates,
1334 3592 1524 3633 eversa
1562 3578 1862 3659 impietate,
1929 3594 2052 3649 quae

474 3669 530 3723 in
573 3670 713 3740 ipsis
745 3669 876 3723 olim
933 3670 1113 3724 locum
1168 3670 1427 3739 habebat,
1476 3671 1691 3742 pietatis
1734 3670 2053 3727 aediﬁcatio.

472 3774 595 3813 nem
652 3767 1033 3828 susceperunt.
1078 3758 1197 3815 Non
1229 3760 1375 3815 enim
1402 3760 1520 3815 ﬁeri
1552 3769 1767 3832 poterat
1791 3768 1853 3815 ut
1876 3761 2051 3831 pietas

472 3852 859 3919 mdilicaretnr,
901 3852 1006 3907 nisi
1054 3851 1212 3921 prius
1239 3852 1494 3922 impietas
1523 3853 1704 3909 diruta
1735 3861 1900 3908 esset.
1936 3848 2053 3910 Hoc

471 3958 527 4004 ct
558 3948 780 4004 divinus
802 3948 1099 4018 Apostolus
1126 3948 1264 4003 dixit
1301 3966 1314 4002 :
1351 3966 1372 4000 ί
1416 3949 1688 4020 Apparuit
1730 3948 1907 4021 gratia
1955 3948 2053 4006 Dei

472 4042 728 4097 salutaris
751 4041 1007 4097 omnibus
1038 4041 1370 4107 hominibus,
1404 4042 1662 4098 erudiens
1689 4057 1814 4106 nos,
1844 4050 1905 4097 ut
1952 4043 2052 4100 ab-

472 4139 736 4202 negantes
763 4131 1098 4201 impietatem
1132 4139 1188 4186 et
1220 4131 1505 4187 saecularia
1533 4132 1830 4199 desideria,
1863 4133 2050 4188 sobrie

472 4237 522 4278 ct
549 4224 632 4294 pie
660 4225 908 4281 vivamus
937 4225 990 4279 in
1026 4226 1129 4280 hoc
1155 4225 1415 4292 sacculos,
1455 4243 1475 4277 ι
1502 4233 1559 4279 et
1577 4241 1699 4295 qua:
1725 4235 2050 4294 sequuntur.

474 4315 565 4371 Sic
595 4317 826 4387 quilibet
858 4332 968 4371 non
1002 4332 1128 4372 cum
1157 4316 1382 4372 Christo
1416 4316 1673 4386 resurgit,
1732 4315 2051 4386 priusquam

2226 3124 2291 3190 ζ’.
2327 3142 2347 3176 ι
2370 3123 2477 3177 Τοῦ
2508 3124 2705 3196 ἐχθροῦ
2730 3123 2981 3191 ἐξέλιπον
3001 3126 3059 3178 αἰ
3092 3127 3364 3197 ρομφαῖαι
3391 3126 3442 3159 ⁷³
3462 3124 3546 3187 εἰς
3568 3121 3737 3185 τέλος,

2155 3216 2252 3272 καὶ
2287 3216 2476 3280 πόλεις
2509 3217 2780 3282 καθεῖλες.
2824 3235 2843 3269 ι
2894 3216 3221 3289 Ἐγυμνώθη
3255 3219 3366 3288 γὰρ
3393 3217 3509 3271 τῶν
3532 3214 3738 3270 οἰκείων

2155 3308 2355 3374 ὃπλων,
2390 3308 2490 3362 οὐκ
2520 3307 2661 3380 ἔχων
2690 3309 2793 3379 τῆς
2821 3309 3082 3374 ἀσεϐείας
3128 3309 3257 3373 τοὺς
3300 3306 3649 3380 ύπουργούς·
3688 3304 3737 3358 οί

2154 3398 2212 3453 δὲ
2245 3399 2388 3470 σφᾶς
2415 3398 2615 3463 αὐτοὺς
2655 3398 2868 3454 ἐκείνου
2900 3402 3352 3471 καταστήσαντες
3380 3400 3614 3473 ὄργανα,
3648 3389 3733 3450 οὗ-

2154 3509 2238 3548 τοι
2272 3490 2370 3546 νῦν
2417 3491 2856 3563 μεταταξάμενοι
2893 3493 2942 3526 "
2973 3493 3066 3547 τὸν
3099 3493 3220 3547 κατ’
3255 3494 3472 3549 ἐκείνου
3503 3491 3732 3561 πόλεμον

2156 3581 2501 3650 ἀνεδέξαντο.
2550 3583 2664 3637 Καὶ
2690 3584 2746 3637 αἰ
2774 3583 2957 3647 πόλεις
2982 3583 3041 3637 δὲ
3070 3584 3138 3650 ⁷⁸,
3163 3582 3264 3654 τῆς
3307 3586 3366 3637 ὲν
3412 3585 3606 3646 αὐταῖς
3634 3580 3730 3634 πά-

2156 3673 2247 3728 λαι
2298 3672 2725 3744 πολιτευομένης
2778 3673 3038 3739 ἀσεϐείας
3090 3674 3527 3748 καταλυθείσης,
3587 3674 3727 3728 εύσε·

2157 3766 2310 3829 ϐείας
2338 3766 2386 3797 ⁷⁸
2406 3765 2507 3834 τὴν
2543 3764 2857 3836 οἰκοδομίαν
2903 3766 3245 3832 ἀνεδέξαντο.
3279 3768 3404 3822 Τῶν
3462 3766 3729 3822 ἀδυνάτων

2157 3857 2268 3929 γάρ
2294 3851 2364 3928 ἦν
2400 3854 2691 3926 δείμασθαι
2736 3857 2782 3889 ’⁸
2817 3855 2918 3927 τὴν
2945 3859 2992 3890 ⁷⁹
3026 3858 3311 3913 εὐσέϐειαν
3357 3860 3434 3930 μὴ
3472 3857 3727 3929 πρότερον

2158 3947 2575 4012 καταλύσαντας
2613 3947 2715 4020 τὴν
2769 3947 3047 4005 ἀσέϐειαν.
3098 3949 3270 4004 Τοῦτο
3300 3950 3348 3983 ⁸ο
3390 3950 3487 4005 καὶ
3529 3952 3558 4002 ὁ
3597 3947 3727 4006 θεῖος

2172 4038 2496 4102 Ἀπόστολος
2523 4039 2567 4071 ⁸⁸
2602 4036 2745 4109 ἔφη’
2802 4058 2823 4090 ι
2880 4038 3153 4111 Ἐπεφάνη
3197 4043 3229 4111 ἡ
3278 4041 3439 4112 χάρις
3478 4042 3570 4096 τοῦ
3599 4035 3722 4094 Θεοῦ

2159 4131 2194 4200 ἡ
2231 4130 2504 4201 σωτήριος
2536 4131 2702 4185 πᾶσιν
2749 4130 3083 4201 ἀνθρώποις,
3123 4132 3456 4188 διδάσκουσα
3498 4135 3541 4167 ⁸³
3590 4129 3725 4201 ἡμᾶς

2161 4221 2230 4276 ἵν’
2278 4221 2654 4293 ἀρνησάμενοι
2699 4221 2802 4293 τὴν
2844 4223 3127 4290 ἀσέϐειαν,
3176 4224 3274 4279 καὶ
3321 4225 3422 4291 τάς
3468 4220 3721 4294 κοσμικὰς

2161 4313 2478 4382 ἐπιθυμίας,
2516 4313 2815 4386 σωφρόνως
2861 4315 2960 4368 κιιιί⁸
3010 4316 3249 4382 εὐσεϐῶς
3292 4318 3338 4351 ⁸³
3382 4319 3632 4391 ζήσωμεν
3669 4314 3721 4365 ἐν

473 4408 668 4463 mortis
726 4407 1282 4462 communicationem
1342 4407 1633 4477 acceperit.
1698 4407 2046 4477 Quapropter

2157 4401 2235 4473 τῷ
2265 4400 2363 4454 νῦν
2395 4403 2578 4469 αἰῶνι,
2618 4421 2637 4456 ›
2678 4403 2775 4457 καί
2803 4403 2871 4457 τὰ
2910 4405 3059 4476 ἑξῆς.
3095 4405 3285 4472 Οὕτως
3319 4408 3548 4472 ἕκαστος
3576 4404 3622 4437 ⁸⁵
3661 4402 3717 4456 οὑ

472 4500 693 4554 divinus
726 4497 931 4553 Paulus
967 4498 1082 4552 ait:
1140 4515 1161 4550 ι
1200 4498 1259 4553 Si
1290 4499 1437 4553 enim
1490 4499 1718 4569 plantati
1781 4497 2051 4553 fuerimus

472 4606 597 4643 cum
628 4605 694 4644 eo
723 4588 1084 4644 similitudine
1121 4588 1315 4643 mortis
1354 4587 1493 4658 ejus,
1550 4587 1717 4643 simul
1748 4596 1804 4642 et
1865 4602 2051 4642 resur-

475 4683 736 4739 rectionis
771 4682 1065 4753 participes
1097 4679 1307 4737 erimus
1364 4690 1411 4735 τ.
1445 4701 1464 4735 ι
1501 4679 1572 4735 Et
1631 4696 1830 4736 rursus
1860 4699 1874 4736 :
1934 4699 1957 4741 ι
1991 4679 2048 4736 Si

546 4848 572 4877 ιι
603 4838 723 4893 Act.
766 4853 874 4902 xxv,
908 4838 994 4893 15.
1074 4844 1099 4873 ο
1135 4836 1310 4895 Galat.
1342 4854 1420 4902 ιιι,
1451 4837 1504 4892 1.
1581 4848 1608 4889 P
1637 4838 1657 4893 l
1684 4837 1813 4893 Cor.
1843 4853 1895 4905 v,
1934 4838 1984 4893 i.

2160 4840 2218 4892 it.
2254 4853 2314 4905 ιι,
2351 4839 2436 4900 ii.
2487 4839 2574 4893 Η..

2153 4494 2420 4566 πρότερον
2450 4495 2839 4550 συνανίσταται
2869 4497 2915 4530 ⁸⁸
2945 4496 3021 4567 τῷ
3045 4500 3290 4571 Χριστῷ,
3320 4502 3450 4570 πρὶν
3479 4496 3717 4564 δέξασθαι

2149 4583 2247 4638 τοῦ
2299 4584 2533 4639 θανάτου
2584 4587 2686 4659 τὴν
2730 4588 3035 4643 κοινωνίαν.
3090 4590 3181 4644 Διὸ
3232 4593 3329 4646 καὶ
3374 4594 3403 4646 ό
3449 4588 3713 4646 θεσπέσιος

2152 4676 2365 4741 Παῦλός
2412 4694 2577 4748 φησιν
2608 4694 2624 4709 ο
2658 4696 2677 4730 ι
2725 4677 2787 4733 El
2833 4680 2943 4751 γὰρ
2979 4680 3254 4752 σύμφυτοι
3303 4684 3603 4754 γεγόναμεν
3646 4672 3716 4743 τῷ

2656 4849 2678 4877 τ
2709 4837 2871 4895 Rom.
2909 4855 2984 4909 vt,
3021 4842 3076 4900 5.

1612 5005 1844 5061 VARIA‘I
1886 5003 2268 5061 LECTIONES
2308 5005 2395 5059 ET
2435 5003 2667 5059 NOTAE.

449 5125 463 5139 ‘
508 5196 521 5197 η
550 5124 752 5197 “Cod.
787 5134 1018 5197 uterque
1057 5124 1417 5197 προκαθίσας.

1528 5126 1574 5159 ⁸³
1609 5125 1717 5180 Καὶ
1743 5142 1855 5193 amp

479 5196 524 5228 ⁸⁸
542 5196 827 5264 Δόγματα.
851 5195 1144 5264 (20(1.διδάγ

1151 5213 1318 5266 ματα,
1393 5198 1439 5228 ⁸⁸
1468 5196 1652 5261 Οὕτω,
1690 5213 1743 5249 κ.
1767 5211 1820 5266 τ.
1847 5195 1895 5248 λ.
1922 5193 2048 5266 Des.
2077 5194 2218 5266 apud
2257 5193 2420 5266 Cord.

1859 5126 2040 5195 metor.

2157 5122 2293 5195 5.7ink
2320 5123 2441 5195 cod.
2474 5122 2626 5195 Flor.
2701 5123 2745 5156 “
2768 5123 2903 5179 Cod.
2932 5123 3078 5195 Flor.
3102 5133 3156 5180 et
3180 5124 3344 5180 σοι-(1,
3370 5121 3699 5195 προσήνεγκε.

2453 5194 2660 5265 p475.
2738 5195 2783 5265 σῖ
2822 5194 2968 5250 Ἀπὸ
3002 5225 3070 5235 -
3097 5185 3564 5265 ἐπιστρέφόνζεξζ·
3593 5185 3698 5265 993,;

478 5265 534 5319 in
568 5249 851 5319 ro'ri.F|or.
925 5267 971 5298 “
1029 5249 1331 5334 Μακάριος
1361 5249 2046 5335 easttynozenDcs.‘ibid.

2158 5264 2178 5295 υ
2218 5249 2475 5335 Hamae.
2504 5261 2637 5335 Coll.
2677 5264 2812 5335 με,
2842 5249 2846 5250 ί
2876 5264 3087 5320 addunt
3119 5249 3288 5335 βοῶνζ
3339 5249 3573 5335 '"_c0.i.
3603 5251 3700 5319 ιβ

479 5335 802 5406 ἐϐάσκηνεν.
858 5337 903 5371 ⁷¹
924 5336 1051 5389 Οἴα.
1076 5337 1280 5400 CodJ,
1310 5338 1344 5388 2
1375 5337 1517 5406 ἥτις.

1594 5337 1637 5367 ⁷³
1656 5334 1868 5389 Λίὠνῑι.
1892 5333 1953 5387 In
1966 5333 2304 5404 cod.2sequ.
2329 5334 2426 5404 καὶ
2442 5335 2523 5404 εἰς
2549 5333 2641 5386 τὸν
2662 5334 2852 5387 αἰῶνα.
2927 5335 2975 5367 ⁷³
2990 5338 3057 5390 Al
3071 5333 3379 5404 ῥομφαῖαι.
3401 5333 3695 5404 Jux_ta_vers.

479 5390 690 5484 163102
720 5406 1157 5484 i:i'azstatnau_tem
1193 5406 1246 5459 h.
1269 5390 1310 5460 ἰ.
1332 5390 1712 5484 interpretatio
1740 5406 1948 5484 Aquilae
1999 5403 2046 5456 τέ

2157 5390 2293 5484 τιμία.
2314 5402 2430 5484 "7:
2451 5390 2587 5484 qod.
2607 5404 2654 5484 2
2684 5390 3255 5484 μεταδεξάμενόιείξ⁸
3283 5405 3377 5459 Δέ.
3402 5398 3586 5484 Gott}

479 5474 528 5506 ⁷⁸
561 5477 909 5544 Εὐσεϐείας.
941 5474 1078 5529 Cod.
1101 5485 1350 5544 uterque,
1377 5483 1431 5530 et
1461 5474 1621 5529 Cord.

1662 5491 1716 5543 p.
1740 5475 1857 5534 175.
1892 5489 2081 5544 prtem.
2117 5475 2239 5544 τῆς.

2314 5473 2361 5506 ’τ
2392 5458 2792 5544 God._utcrque
2819 5458 2874 5530 (ξι
2898 5458 3079 5529 'cbru.
3110 5458 3381 5542 ἐδέξαντο.
3456 5474 3499 5506 τι
3526 5458 3698 5544 9941.?

478 5551 535 5595 et
563 5542 726 5598 Cord.
752 5531 1061 5613 δειμίᾶσθαι.
1139 5546 1181 5577 ⁷¹
1395 5545 1528 5600 Coti.
1561 5546 1583 5597 1
1627 5531 1815 5612 prtam.
2040 5545 2046 5574 ¹

2157 5531 2327 5613 ’ὸ-ῦτο,
2361 5561 2416 5597 κ.
2449 5543 2500 5598 λ.
2534 5542 2635 5598 Des
2698 5531 2844 5613 apud
2875 5545 3041 5600 Cord.
3073 5546 3108 5598 Ι.
3142 5562 3192 5600 c.
3213 5531 3230 5542 ’
3269 5546 3311 5576 ⁸¹
3348 5544 3510 5609 Θεῖος
3535 5531 3694 5613 Α’ᾼΞόῖ

483 5616 727 5675 στολος.
758 5614 893 5667 Coll.
917 5616 953 5666 2
983 5613 1212 5677 Παῦλος.

684 5595 727 5675 ﬁ.
758 5595 1212 5677 (ἱσῖιξέᾖᾶῡλος.
1233 5595 1254 5599 “
1278 5595 1335 5648 ὗ
1356 5595 1791 5668 ’Δῖδᾶάᾶιοὶχὰάζ
1823 5595 1960 5668 Ceu.
2004 5614 2027 5666 ι

684 5682 766 5742 ῦς.
798 5683 931 5738 Cod.
966 5685 986 5737 i
1014 5693 1069 5738 et
1095 5684 1130 5736 2
1153 5699 1340 5742 βινοίη.
1375 5685 1469 5739 καὶ
1490 5684 1736 5742 δικαίως.
1814 5686 1860 5718 ⁸³
1898 5685 2046 5739 ’Ἕκα

2157 5595 2438 5674 νιδεύουσα.
2488 5595 2748 5742 ἐιδέιέιὲιῖ
2792 5595 2976 5696 ignitis
3006 5595 3259 5671 lectio-ne
3298 5595 3463 5669 sui».
3486 5595 3502 5609 ’
3533 5607 3577 5642 οι
3604 5595 3696 5657 Kal

2157 5700 2223 5742 lc.
2255 5683 2389 5741 Cod.
2428 5686 2476 5742 i.
2512 5685 2546 5740 2
2571 5685 2634 5740 ad
2680 5725 2694 5741 .
2723 5686 2903 5742 ἡμων.
2984 5686 3028 5719 ⁸⁸
3058 5685 3193 5741 Cod.
3219 5686 3254 5740 2
3286 5686 3606 5741 συνίσταται.

484 5683 766 5748 εὐσεϐῶς.
798 5683 931 5738 Cod.
966 5685 986 5737 i
1014 5693 1069 5738 et
1095 5684 1130 5736 2
1153 5699 1340 5754 prtem.
1375 5685 1469 5739 καὶ
1490 5684 1736 5747 δικαίως.
1814 5686 1860 5718 ⁸⁸
1898 5685 2046 5739 Ἕκα

2157 5700 2223 5748 ›ς.
2255 5683 2389 5741 Cod.
2428 5686 2476 5753 1,
2512 5685 2546 5740 2
2571 5683 2694 5742 add.

2723 5685 2903 5757 ήμῶν.
2984 5686 3028 5719 ⁸⁸
3058 5685 3193 5741 Cod.
3219 5686 3254 5740 2
3286 5686 3606 5741 συνίσταται.
