3838 6318
103 344 226 409 945

468 462 735 518 ΕΡΜΗΝ.
771 464 909 517 ΤΟΥ
935 461 1013 517 IB’
1042 464 1365 518 ΨΑΛΜΟΥ.

180 578 264 631 α’.
317 596 334 629 ι
393 577 490 639 Εἰς
541 578 603 629 τὸ
654 576 832 642 τέλος,
885 576 1099 647 ψαλμὺς
1153 577 1233 647 τῷ
1287 576 1472 630 Δασίδ.
1515 597 1533 629 ι
1597 579 1709 631 Καὶ

105 670 313 724 τοῦτον
345 671 427 733 εἰς
464 669 658 722 ἑαυτὸν
702 671 993 740 ἧνεγκεντσ
1024 670 1115 724 τὸν
1138 671 1360 741 ψαλμὸν
1379 672 1424 703 ⁷*
1456 674 1485 724 ὁ
1531 672 1706 741 μέγας

106 759 308 819 Δαεὶδ.
336 760 398 812 οὐ
432 759 541 831 μὴν
577 760 685 813 ὑπὸ
724 761 820 814 τοῦ
852 762 1027 816 Σαοὺλ
1059 755 1431 834 διωκόμενος,’
1454 763 1570 817 ἀλλ’
1600 764 1707 817 ὑπὸ

102 850 217 904 τοῦ
247 850 610 922 ’Λόεσσαλὼμ
637 852 769 906 πολε
778 853 880 924 μού
889 869 1068 924 μενος.
1098 855 1182 908 Τὰ
1205 857 1304 925 μὲν
1324 856 1435 925 γὰρ
1456 855 1598 909 κατὰ
1615 856 1705 909 τὸν

108 942 301 995 Σαοὺλ
327 942 436 1014 πρὸ
465 944 565 1012 τῆς
596 945 878 1015 ἁμαρτιας
927 941 1018 1017 ἦν,
1072 947 1167 1000 καὶ⁵
1219 947 1308 1000 διὰ
1352 947 1514 1001 τοῦτο
1568 949 1709 1019 μετὰ

104 1034 328 1104 πολλῆς
359 1033 582 1102 ἐλέγετο
607 1036 1012 1107 παρῤησίαςτε.
1045 1036 1126 1091 Τὰ
1172 1039 1230 1091 δέ
1282 1055 1346 1107 γε
1407 1041 1548 1093 κατὰ
1604 1040 1700 1094 τὸν

122 1124 502 1197 Ἀὅεσσαλὼμ
529 1128 667 1197 μετὰ
689 1130 791 1199 τὴν
812 1131 1111 1201 ἁμαρτίαν*
1142 1131 1230 1184 διὰ
1248 1133 1292 1164 ⁷³
1313 1132 1473 1185 τοῦτο
1499 1132 1703 1186 κλαυθ-

107 1218 226 1285 μὸς
296 1219 392 1272 καὶ
445 1220 754 1291 στεναγμὸς
807 1223 854 1254 ¹⁸⁰
909 1225 1024 1287 τοῖς
1093 1223 1273 1291 λόγοις
1340 1225 1700 1294 ἐγκέκραται.

110 1326 135 1357 α
178 1309 333 1372 Ἕως
355 1309 513 1375 πότε,
545 1311 740 1381 Κύριε,
773 1313 1008 1384 ἐπιλήσῃ
1034 1330 1138 1382 μου
1168 1316 1250 1378 εἰς
1270 1314 1461 1381 τέλος;
1488 1316 1635 1387 »Τὴν
1655 1318 1700 1350 ⁸⁸

104 1402 394 1472 ἀναϐολὴν
447 1404 547 1473 τῆς
610 1403 863 1474 βοηθείας
952 1406 1379 1476 ἐπιλησμονὴν
1424 1410 1703 1479 προσηγό-

106 1509 287 1563 ρευσε
305 1494 371 1547 ⁸³.
408 1496 728 1566 Παρακαλεί
758 1497 813 1550 δὲ
853 1498 927 1569 μὴ
988 1499 1069 1561 εἰς
1111 1500 1263 1561 τέλος
1295 1499 1657 1571 ὲπιλησθῆναι
1685 1517 1700 1532 ο

104 1586 374 1640 τουτέστι
410 1589 488 1658 μὴ
514 1589 796 1654 παντελῶς
831 1592 930 1661 τῆς
963 1592 1117 1654 θείας
1144 1592 1506 1663 γυμνωθῆναι
1563 1610 1701 1664 προ-

106 1680 297 1745 νοίας.
333 1702 351 1732 ι
400 1683 546 1745 Ἕως
584 1684 713 1737 πότε
759 1684 1131 1755 ἀποστρέφεις
1158 1686 1220 1739 τὸ
1274 1685 1566 1754 πρόσωπόν
1609 1702 1702 1740 σου

104 1770 213 1822 ἀπ’
244 1770 378 1839 ἐμοῦ
404 1790 418 1837 ;
458 1792 475 1823 ι
524 1772 621 1826 Ἐκ
650 1776 967 1845 μεταφορᾶς
990 1775 1098 1828 τῶν
1118 1775 1492 1847 ὀργιζομένων
1517 1778 1587 1840 ³³³,
1611 1777 1703 1832 καὶ

103 1862 249 1924 τοὺς
276 1865 791 1935 προσκεκρουκότας
824 1868 957 1937 ὁρᾷν
988 1868 1049 1920 οὐ
1081 1867 1444 1938 βουλομένων,
1487 1868 1701 1923 τέθεικε

107 1955 280 2005 τουτὶ
305 1953 368 2007 τὺ
399 1955 582 2026 ῥητόν.
612 1956 704 2009 Διὸ
740 1957 856 2027 μετ’
890 1958 1047 2026 ὀλίγα
1079 1957 1249 2028 λέγει·
1295 1978 1314 2010 ι
1378 1960 1701 2030 Ἐπίϐλεψον

1500 349 1585 410 IN
1625 350 1830 411 PSAL.
1869 350 2005 409 XII.

1740 475 1790 532 Δ

3285 353 3395 418 966

2131 486 2295 558 67⁷
2350 484 2619 541 INTERP.
2652 483 2927 541 PSALMI.
2957 484 3071 539 XII.

1888 599 2053 654 Vens.
2108 599 2160 654 Ι.
2218 618 2237 651 ι
2284 598 2340 653 in
2387 601 2574 665 linem,
2615 599 2868 656 Psalmus
2914 600 3125 655 Davidi.
3175 618 3194 651 ι
3239 599 3396 654 Πιιιιο

1815 705 2037 759 quoque
2063 693 2333 760 psalmum
2360 693 2427 746 de
2452 708 2512 748 se
2542 692 2660 762 ipso
2685 709 2912 762 magnus
2943 692 3109 747 David
3139 692 3388 763 protulit,

1814 797 1922 836 non
1965 781 2184 836 Saulem
2224 782 2459 851 fugiens,
2507 800 2695 839 verum
2752 784 2820 838 ab
2866 785 3161 840 Absalonm
3204 768 3397 840 bello'

1813 875 2037 944 petitus.
2069 874 2145 929 Ea
2196 874 2341 927 enim
2377 890 2501 944 quae
2550 875 2620 930 ad
2669 874 2889 930 Saulem
2947 878 3211 942 attinent,
3266 884 3393 930 ante

1813 973 2094 1033 peccatum
2121 964 2454 1030 acciderant,
2500 975 2554 1021 et
2590 966 2692 1020 hac
2718 969 2782 1020 de
2823 982 2985 1021 causa
3022 984 3217 1037 magna
3263 983 3388 1022 curn

1812 1054 2011 1109 fiducia
2059 1055 2407 1111 dicebantur.
2458 1057 2531 1111 Ea
2586 1073 2715 1111 vero
2765 1073 2886 1127 qua:
2926 1059 2993 1113 ad
3031 1060 3388 1115 Absalomum

1812 1153 2081 1213 spectant,
2124 1153 2244 1214 post
2285 1153 2567 1214 peceatum
2600 1147 2879 1212 exstitere,
2910 1157 2964 1202 et
2990 1159 3273 1218 propterea
3306 1151 3393 1204 lu-

1811 1243 1933 1288 ctus
1970 1242 2026 1288 et
2079 1235 2314 1304 gemitus
2366 1234 2644 1290 immistus
2687 1245 2770 1289 est
2814 1236 3387 1309 vet'bis.cUsquequo,

1810 1321 2061 1391 Domine,
2087 1325 2430 1381 Oblivisceris
2449 1327 2554 1381 mei
2583 1326 2636 1380 in
2665 1325 2822 1380 finem
2842 1328 2867 1380 ?
2893 1347 2911 1378 ι
2938 1325 3393 1385 Procrastinatio-

1810 1430 1934 1470 nem
1973 1416 2163 1469 auxilii
2198 1416 2510 1471 oblivionem
2551 1417 2841 1487 appellavit
2874 1434 2886 1470 :
2924 1417 3175 1473 obsecrat
3206 1429 3388 1474 autem

1811 1522 1878 1561 ne
1911 1507 2274 1563 obliviscatur
2304 1509 2358 1562 in
2388 1510 2573 1573 tinem,
2607 1510 2711 1564 hoc
2736 1519 2837 1576 est,
2867 1525 2935 1564 ne
2956 1511 3179 1566 omnino
3206 1510 3388 1565 divina

1809 1599 2148 1668 providentia
2178 1600 2528 1655 destituatur.
2566 1618 2585 1650 ι
2617 1599 2915 1669 Usquequo
2954 1602 3155 1656 avertis
3191 1600 3388 1657 faciem

1811 1700 1961 1746 tuam
1996 1707 2027 1746 a
2058 1693 2179 1747 me?
2219 1711 2238 1745 ι
2272 1692 2376 1748 Per
2414 1694 2789 1763 metaphoram
2827 1694 2896 1748 ab
2944 1694 3011 1749 iis
3042 1695 3136 1764 qui
3186 1711 3389 1751 exean-

1809 1782 2060 1845 descunt,
2088 1798 2293 1852 eosque
2322 1784 2416 1853 qui
2446 1783 2792 1839 offenderunt
2820 1783 3005 1838 videre
3049 1783 3260 1846 nolunt,
3293 1783 3390 1839 de-

1807 1885 2102 1943 sumptam,
2127 1876 2231 1930 hoc
2257 1875 2412 1931 dixit.
2434 1874 2562 1931 Ideo
2592 1876 2754 1945 paulo
2782 1885 2904 1944 post
2926 1875 3057 1931 dicit
3086 1894 3102 1930 :
3137 1896 3156 1927 ι
3197 1874 3388 1944 Respi-

1808 1979 1870 2018 ce
1907 1964 1960 2018 in
1990 1980 2098 2030 me,
2122 1975 2178 2020 et
2203 1965 2463 2021 miserere
2504 1967 2631 2021 mei.
2673 1984 2692 2017 ι
2727 1964 2915 2035 Neque
2953 1966 3149 2021 faciem
3200 1976 3260 2021 ut
3306 1967 3389 2021 fa-

108 2044 209 2096 ἐπ’
241 2046 364 2115 ἐμὲ,
399 2048 490 2100 καὶ
513 2047 738 2117 ἐλέησόν
772 2066 868 2119 με,
910 2068 929 2102 ι
966 2049 1092 2102 οὗτε
1129 2051 1427 2120 πρόσωπον
1462 2051 1600 2105 νοῶν
1641 2052 1703 2105 τὸ

1824 2058 1943 2110 :iem
1980 2057 2253 2125 intelligit,
2288 2072 2465 2126 neque
2511 2058 2856 2113 aversionem
2893 2068 2950 2112 ut
3003 2059 3386 2124 aversionem;

109 2136 442 2206 πρόσωπον,
478 2137 601 2192 οὔτε
649 2141 1005 2212 ἀποστροφὴν
1031 2143 1133 2212 τὴν
1164 2144 1522 2213 ἀποστροφήν
1546 2161 1559 2173 ·
1587 2143 1702 2197 ἀλλ’

106 2232 231 2285 ἀπὸ
307 2234 417 2287 τῶν
506 2235 866 2307 ἀνθρωπίνων
943 2236 1107 2292 πάλιν
1196 2237 1528 2309 σχηματίζει
1612 2237 1704 2291 τὸν

108 2323 286 2391 λόγον
306 2324 377 2378 ⁸⁸.

193 2414 267 2484 β’.
307 2433 323 2466 ι
363 2417 510 2481 Ἕως
561 2418 707 2483 τίνος
756 2419 997 2490 θήσομαι
1049 2420 1244 2491 βουλὰς
1295 2423 1352 2476 ὲν
1393 2422 1540 2494 ψυχῇ
1578 2439 1703 2494 μου,

108 2507 317 2569 οδύνας
350 2508 407 2559 ὲν
440 2507 639 2579 καρδίᾳ
702 2526 805 2578 μου
865 2509 1079 2580 ἡμέρας
1129 2512 1226 2564 καὶ
1256 2511 1484 2575 νυκτός;
1528 2531 1548 2563 ι
1588 2512 1700 2566 Νύ-

115 2616 279 2670 κτωρ
304 2596 350 2630 ⁸³
377 2600 470 2653 καὶ
517 2600 637 2669 μεθ’
690 2602 907 2672 ἡμέραν
944 2602 1282 2673 τρυχόμενος
1315 2603 1564 2668 διατελῶ,
1613 2605 1707 2658 καὶ

114 2696 258 2752 τοὺς
303 2692 600 2762 λογισμοὺς
654 2693 907 2766 στρέφων
959 2712 1017 2748 τε
1064 2695 1159 2749 καὶ
1208 2696 1524 2759 ἀνελίττων,
1578 2697 1707 2750 ποτε

118 2784 230 2851 μὲν
261 2783 673 2839 ἀπολαύσεσθαι
696 2785 743 2817 ⁸⁸
774 2787 1188 2859 φιλανθρωπίας
1233 2786 1441 2852 ἐλπίζω
1464 2790 1530 2856 ⁸⁷,
1577 2790 1708 2842 ποτὲ

116 2877 182 2929 δὲ
217 2876 545 2946 ἀμφιϐάλλω
564 2878 608 2910 ⁸⁸
636 2879 685 2931 εἰ
712 2879 996 2950 τεύξομαιο
1050 2879 1241 2934 ἄλλοτε
1274 2881 1330 2934 δὲ
1369 2881 1705 2953 ἀπαγορεύω

122 2970 231 3033 τὰς
258 2971 631 3044 χρηστοτέρας
666 2971 916 3035 ἐλπίδας.

198 3058 272 3129 γ’,
312 3078 332 3110 ι
381 3062 526 3125 Ἕως
582 3063 712 3115 πότε
747 3063 1098 3134 ὑψωθήσεται
1148 3066 1178 3118 ὁ
1211 3065 1405 3136 ἐχθρός
1454 3081 1558 3134 μου
1620 3065 1710 3118 ἐπ’

1804 2151 1899 2206 sed
1933 2151 2002 2205 ab
2033 2152 2291 2207 Immanis
2321 2152 2489 2207 rebus
2527 2166 2723 2207 rursus
2755 2152 3059 2207 orationem
3094 2152 3316 2207 format.

1877 2421 2041 2476 Vens.
2093 2422 2149 2475 2.
2206 2440 2223 2473 ι
2285 2418 2539 2486 Quandiu
2575 2435 2774 2491 ponam
2815 2419 3042 2476 consilia
3097 2420 3151 2473 in
3202 2419 3386 2475 anima

1807 2529 1947 2578 mea,
1980 2514 2228 2569 dolorem
2261 2514 2315 2567 in
2344 2513 2510 2568 corde
2541 2527 2660 2568 meo
2696 2527 2792 2582 per
2822 2511 2966 2566 diem
2999 2523 3053 2567 et
3080 2521 3292 2567 noctem
3311 2511 3336 2563 ?
3361 2530 3381 2564 ι

1805 2606 2010 2662 Noctes
2039 2607 2265 2676 diesque
2292 2621 2488 2670 vexor,
2545 2614 2598 2659 ct
2650 2604 3013 2673 cogitationes
3055 2605 3275 2658 volvens
3321 2619 3387 2659 ac

1808 2701 2117 2765 revolvens,
2144 2699 2444 2769 aliquando
2483 2698 2704 2768 quidem
2740 2696 3131 2767 benignitatem
3155 2696 3388 2766 adipisci

1808 2808 1991 2857 spero,
2024 2790 2323 2859 aliquando
2360 2804 2491 2843 vero
2525 2788 2744 2857 ambigo
2793 2802 2861 2840 an
2898 2801 3125 2856 compos
3172 2782 3390 2843 futurus

1809 2884 1911 2939 sim
1945 2901 1956 2938 :
1988 2882 2266 2937 interdum
2311 2896 2443 2936 vero
2496 2879 2716 2950 penitus
2764 2878 2935 2949 678
2990 2878 3192 2948 abjicio
3237 2893 3387 2949 spem

1810 2975 2115 3030 meliorem.

1884 3065 2050 3120 Vsus.
2082 3066 2136 3120 '5.
2176 3084 2196 3118 ι
2242 3066 2541 3135 Usquequo
2569 3064 2900 3120 exaltabitur
2931 3062 3191 3119 inimicus
3235 3073 3391 3115 meus

116 3155 267 3226 ἑμέ;
301 3172 319 3204 ι
356 3154 542 3209 Ταῦτα
596 3159 690 3210 καὶ
743 3156 876 3227 ἡμῖν
929 3158 1192 3229 ἁρμόττει
1225 3157 1404 3227 λέγειν
1456 3159 1562 3211 ὑπὸ
1607 3158 1703 3212 τοῦ

1824 3175 1978 3228 super
2001 3158 2131 3213 me?
2170 3178 2189 3211 ι
2225 3158 2350 3213 llaec
2377 3168 2431 3213 et
2468 3157 2626 3214 nobis
2652 3158 2744 3224 qui
2777 3171 2808 3211 a
2838 3155 3058 3212 diabolo
3106 3154 3250 3211 bello
3292 3168 3390 3223 pe-

120 3244 382 3302 διαὸόλου
413 3247 867 3318 πολεμουμένοις,
899 3249 993 3303 καὶ
1030 3250 1128 3320 τὴν
1155 3248 1308 3303 θείαν
1345 3250 1435 3303 ἀεὶ
1480 3267 1705 3320 συμμα-

118 3337 256 3407 χίαν
298 3338 504 3392 καλεῖν.
563 3340 675 3393 Καὶ
719 3340 830 3412 γὰρ
874 3342 903 3394 ὁ
938 3340 1271 3404 οειότατος⁸⁹
1301 3341 1469 3394 Δαδὶδ
1517 3342 1710 3411 ἠνιᾶτο

122 3438 256 3493 τοὺς
282 3430 576 3501 πολεμίους
599 3432 1099 3504 ἐπικρατεστέρους
1124 3431 1265 3503 ὁρῶν
1286 3431 1352 3486 ⁵ο.

197 3521 264 3575 δ’.
308 3540 327 3573 ι
378 3522 719 3594 Ἐπίϐλεψον,
756 3523 1081 3577 εἰσάκουσόν
1138 3540 1262 3593 μου,
1296 3523 1471 3595 Κύριε
1501 3525 1529 3578 ὁ
1577 3523 1712 3587 Θεός

128 3630 262 3683 μου,
294 3610 531 3681 φώτισον
554 3614 679 3677 τοὺς
706 3612 1021 3683 ὀφθαλμούς
1050 3630 1176 3683 μου,
1212 3613 1423 3682 μήποτε
1476 3611 1715 3666 ὑπνώσω

56 3729 70 3737 ·
130 3704 219 3766 εἰς
247 3702 498 3755 θάνατον.
542 3720 560 3753 ι
597 3701 676 3774 Τῇ
704 3704 862 3757 νυκτὶ
893 3701 1004 3756 τῶν
1028 3701 1324 3773 συμφορῶν
1375 3702 1709 3772 περιεχόμε-

126 3813 245 3859 νος,
274 3791 387 3848 οἷόν
414 3814 521 3849 τινι
567 3795 722 3867 ὕπνῳ
769 3798 836 3866 τῇ
889 3795 1099 3866 ἀθυμία
1160 3795 1488 3865 κατέχομαι.
1548 3795 1610 3846 Εἰ
1655 3793 1713 3846 δὲ

126 3885 330 3956 φανείη
362 3887 462 3957 τῆς
493 3887 591 3956 σῆς
616 3886 941 3957 ἐπικουρίας
968 3886 1030 3939 τὸ
1073 3890 1211 3955 φῶς,
1271 3889 1367 3939 καὶ
1411 3884 1509 3956 τὴν
1541 3886 1713 3939 νύκτα

131 3981 389 4035 σκεδάσει
426 3979 536 4031 τῶν
568 3979 887 4048 συμφορῶν,
918 3978 1133 4033 καὶτὸν
1157 3977 1325 4031 ὕπνον
1373 3978 1574 4032 παύσει
1613 3979 1714 4047 τῆς

122 4073 396 4142 ἀθυμίας.
435 4074 501 4125 Et
530 4073 587 4126 δὲ
612 4073 939 4137 ἀναϐάλλοις
964 4071 1065 4144 τὴν
1099 4072 1380 4143 βοήθειαν,
1436 4072 1584 4125 δέδια
1638 4073 1713 4141 μὴ

126 4176 213 4229 εἰς
252 4166 485 4219 θάνατον
507 4168 535 4218 ὁ
560 4164 728 4229 ὕπνος
755 4167 1066 4239 μεταπέσῃ,
1101 4165 1462 4235 ἰσχυροτέρας
1492 4166 1589 4234 τῆς
1623 4164 1715 4216 λύ-

126 4275 244 4335 πης
271 4257 575 4328 γενομένης
601 4256 712 4311 τῶν
754 4256 1117 4328 λογισμῶν⁹¹.

202 4358 266 4403 ε’.
291 4370 308 4401 ι
333 4351 573 4422 Μήποτε
595 4350 765 4423 εἶπῃό
784 4348 978 4419 ἐχθρός
999 4350 1360 4418 μου,Ἰσχυσα
1383 4347 1515 4417 πρὸς
1531 4347 1710 4400 αὐτόν.

1813 3251 2017 3315 timur,
2071 3251 2251 3306 dicere
2302 3251 2576 3314 convenit,
2632 3249 2985 3318 divinamque
3029 3261 3190 3317 opem
3245 3261 3390 3301 sem-

1812 3358 1906 3411 per
1936 3343 2250 3412 implorare.
2281 3341 2418 3397 Nam
2443 3353 2498 3396 ct
2526 3342 2748 3397 divinus
2786 3339 2956 3396 David
2993 3340 3178 3396 hostes
3201 3345 3391 3409 poten-

1813 3434 1981 3488 tiores
2007 3433 2195 3488 videns
2235 3432 2519 3488 mmrcbat.

1884 3524 2050 3579 Vens.
2089 3524 2141 3578 4.
2180 3545 2198 3576 ι
2238 3523 2491 3592 Respice,
2520 3533 2575 3578 et
2600 3523 2796 3590 exaudi
2844 3539 2953 3588 me,
2990 3522 3214 3579 Domine
3248 3523 3393 3577 Deus

1813 3614 1890 3668 mi
1930 3632 1945 3668 :
1989 3614 2238 3668 illumina
2281 3614 2475 3668 oculos
2532 3627 2726 3678 meos,
2782 3627 2853 3667 ne
2904 3628 3145 3682 unquam
3193 3611 3392 3666 obdor-

1816 3705 1982 3759 miam
2008 3704 2063 3758 in
2097 3718 2295 3759 morte.
2336 3723 2356 3754 ι
2393 3703 2562 3758 Nocte
2587 3704 2965 3758 calamitatum
2997 3701 3391 3765 circumdatus,

1816 3800 1982 3856 veluti
2017 3799 2257 3868 quodam
2295 3811 2491 3852 somno
2510 3811 2749 3851 mmrore
2773 3794 3039 3850 detineor.
3070 3793 3127 3846 Si
3152 3804 3291 3848 vero
3314 3793 3391 3846 tui

1817 3889 2008 3945 auxilii
2045 3890 2136 3942 lux
2175 3886 2461 3950 eﬂ‘ulserit,
2493 3896 2548 3939 et
2581 3884 2956 3940 calamitatum
2995 3890 3209 3937 noctem
3232 3881 3395 3936 dissi-

1821 3983 2014 4051 pabit,
2066 3988 2122 4033 et
2182 3978 2456 4033 mocstitim
2514 3992 2769 4032 somnum
2812 3976 3049 4031 sedabit.
3101 3972 3160 4028 Si
3215 3981 3394 4028 autem

1817 4088 1973 4142 opem
2003 4069 2243 4136 differas,
2286 4070 2451 4124 timeo
2478 4084 2547 4124 ne
2574 4069 2628 4137 in
2652 4076 2883 4122 mortem
2908 4082 3140 4122 somnus
3170 4065 3392 4131 incidat,

1817 4181 1940 4221 cum
1972 4163 2191 4219 tristitia
2222 4161 2496 4232 potentior
2524 4160 2961 4231 cogitationibus
2993 4159 3134 4214 facta
3170 4158 3356 4213 fuerit.

1890 4338 2056 4393 Vens.
2087 4339 2141 4394 5.
2173 4359 2191 4390 ι
2233 4337 2309 4393 Ne
2340 4338 2563 4408 quando
2589 4337 2736 4392 dicat
2763 4334 3024 4391 inimicus
3044 4349 3224 4401 meus,
3241 4327 3392 4388 Prie-

123 4445 199 4499 Οἱ
235 4442 515 4505 θλίῢοντές
544 4458 612 4511 με
657 4440 1104 4510 ἀγαλλιάσονται,
1134 4439 1231 4495 ἐὰν
1265 4439 1531 4492 σαλευθῶ.
1573 4458 1591 4490 ι
1621 4439 1709 4508 Μή

1824 4431 1965 4486 valui
1997 4430 2259 4485 adversus
2275 4445 2422 4484 cum.
2450 4428 2557 4495 Qui
2590 4426 2852 4482 tribulant
2880 4442 2989 4493 me,
3018 4424 3391 4488 exsultabant,

133 4551 206 4604 με
244 4536 357 4597 τοῖς
392 4508 716 4603 δυσμενέσιν
768 4533 1056 4603 ἀποφήνῃς
1108 4532 1403 4602 ἐπίχαρτον
1435 4548 1448 4563 ·
1497 4530 1709 4585 πάντων

1824 4525 1864 4579 si
1895 4537 2078 4579 motus
2111 4522 2285 4577 fuero.
2333 4539 2350 4571 ι
2385 4518 2463 4575 Ne
2495 4519 2735 4574 inimicis
2765 4518 3053 4574 ridiculum
3087 4532 3173 4571 me
3205 4523 3393 4571 osten-

127 4625 247 4696 γάρ
279 4642 369 4695 μοι
391 4627 499 4679 τῶν
528 4624 768 4695 ἀνιαρῶν
798 4623 1173 4695 ἁνιαρώτατον
1213 4626 1391 4677 τοῦτο.

209 4807 288 4867 ς’.
319 4819 337 4851 ι
391 4802 533 4871 Ἐγὼ
559 4802 615 4856 δὲ
642 4803 799 4856 sui”
828 4803 908 4873 τῷ
950 4801 1091 4855 ἐλέει
1126 4819 1221 4855 σου
1253 4801 1480 4872 ἤλπισα.
1532 4819 1549 4849 ι
1609 4802 1719 4852 Καὶ

131 4892 393 4945 ἐντεῦθεν
422 4894 605 4963 δῆλον,
644 4894 721 4957 ὡς
756 4893 897 4964 μετὰ
949 4893 1048 4964 τὴν
1083 4893 1364 4963 ἁμαρτίαν
1405 4892 1593 4945 τοῦτον
1627 4890 1718 4943 σεί-

133 5003 283 5056 ρηκε
312 4984 405 5037 τὸν
458 4988 693 5057 ψαλμόν.
749 4987 826 5039 Οὐ
858 4988 966 5057 γὰρ
1008 4985 1348 5053 δικαιοσύνῃ,
1409 4984 1527 5037 ἀλλ’
1583 4981 1717 5053 ἐλέῳ

1819 4618 1940 4681 das,
1977 4617 2080 4670 hoc
2103 4615 2247 4669 enim
2282 4614 2417 4668 mibi
2445 4613 2692 4667 otnnium
2730 4612 2975 4683 gravium
3008 4608 3396 4681 gravissimum

1820 4716 1925 4764 est.

1898 4799 2060 4852 Vens.
2092 4798 2145 4852 6.
2190 4817 2207 4849 ι
2248 4796 2359 4869 Ego
2389 4807 2568 4852 autem
2600 4797 2653 4850 in
2684 4795 3183 4851 misericordiatua
3212 4809 3400 4863 spera-

1822 4890 1898 4942 vi.
1940 4908 1959 4941 ι
1992 4888 2059 4943 Et
2083 4889 2210 4943 binc
2248 4888 2596 4944 manifestum
2639 4898 2723 4942 cst
2778 4903 2903 4942 eum
2946 4896 3068 4955 post
3112 4895 3397 4956 peccatum

1827 4980 1974 5034 hunc
1997 4978 2266 5049 psalmum
2298 4979 2525 5036 dixisse.
2568 4978 2686 5034 Non
2715 4979 2858 5034 enim
2895 4978 3142 5048 justitiam,
3171 4977 3262 5033 sed
3308 4977 3402 5032 be-

1225 5204 1461 5262 νΑιιιίιῑ
1502 5203 1886 5261 LECTIONES
1921 5204 2011 5259 ET
2062 5202 2293 5259 NOTAE.

211 5362 261 5396 ⁷⁸
290 5363 560 5427 ἽΙνεγκε.
588 5359 712 5415 cod.
746 5361 780 5414 5
804 5359 976 5413 εἶπεν.
1052 5360 1096 5393 ⁷⁷
1131 5358 1247 5413 Τὸν
1282 5360 1549 5427 ψαλμόν,
1589 5356 1709 5411 Des.

1841 5358 1962 5412 cod.
2002 5358 2022 5410 l
2069 5368 2121 5412 et
2157 5360 2210 5413 Ξ.

139 5450 197 5502 p.
219 5433 348 5502 235.
426 5432 469 5463 ⁷⁸
498 5430 628 5502 Διά.
670 5432 800 5502 cod.
840 5433 1093 5502 1_przem.
1123 5431 1237 5483 καί.
1267 5431 1449 5502 cod._5
1474 5430 1561 5502 δια
1598 5444 1702 5479 τοι.

2290 5358 2335 5431 τε
2363 5359 2470 5431 Καὶ
2501 5360 2865 5431 mappae-lac.
2898 5359 3022 5415 Des.
3054 5357 3197 5431 apud
3235 5357 3400 5431 Cord.

1796 5428 1841 5458 ⁸ο
1877 5427 1998 5481 eod.
2026 5428 2062 5480 2
2095 5438 2149 5500 rt
2176 5430 2339 5483 (Iord.
2363 5430 2415 5500 Vl.
2444 5445 2498 5500 (ε.
2531 5428 2841 5499 κλαυθμοὺς
2891 5432 2985 5483 καὶ
3036 5427 3401 5500 στεναγμούς.

141 5498 185 5539 3'
216 5501 349 5562 Τὸν,
376 5518 429 5555 κ.
447 5518 497 5555 τ.
529 5502 580 5554 λ.
610 5499 667 5553 In
703 5501 826 5554 cod.
858 5499 1005 5553 Flor.
1030 5501 1134 5552 alia
1167 5501 1361 5553 borum
1396 5498 1516 5553 loco
1550 5498 1824 5566 leguntur,
1855 5513 2047 5564 parum
2076 5498 2289 5553 diversa
2323 5499 2393 5553 ab
2427 5499 2535 5553 illis
2565 5515 2688 5565 qua:
2710 5498 2905 5553 deinde
2938 5502 3003 5554 ad
3032 5517 3083 5555 v.
3109 5500 3143 5553 2
3169 5498 3407 5566 seuttun-

146 5584 255 5624 tur.
331 5572 377 5603 ⁸³
401 5571 525 5625 cod.
555 5571 590 5623 5
619 5570 1069 5639 ἐπιλησμοσύνην
1113 5570 1418 5638 ὠνόμασεν.

146 5640 275 5694 lies.
313 5639 369 5695 in
398 5639 520 5693 cod.
546 5641 599 5693 5.
674 5640 719 5671 ⁸⁸
754 5638 876 5693 cod.
903 5638 939 5691 2
978 5638 1196 5701 νυκτός.

1517 5568 1561 5601 ⁸³
1607 5565 2046 5635 Ὀργιζομένων.
2081 5569 2198 5621 cod.
2228 5570 2262 5621 ‘2
2297 5567 2737 5636 ἀγωνιζομένων-

2833 5569 2885 5601 ⁸⁸
2924 5572 3072 5624 Οὔτε
3095 5598 3162 5609 -
3193 5569 3404 5634 λόγον.

1300 5640 1349 5685 ⁸⁸
1379 5638 1503 5693 cod.
1533 5637 1569 5689 ‘2
1600 5639 1709 5689 ἀπο

1824 5636 2039 5688 σασθαι.
2071 5639 2191 5692 cod.
2232 5639 2264 5688 5
2294 5635 2625 5691 ἀπολαῦσαι.
2700 5639 2745 5670 ⁸⁷
2777 5638 2899 5694 cod.
2937 5640 2973 5691 2
3000 5651 3056 5694 et
3082 5640 3115 5693 '5
3142 5636 3191 5690 ὲ)
3208 5635 3403 5697 πεςων.

145 5708 197 5740 ⁸⁸
239 5709 593 5777 ἀμφιϐάλλω
624 5738 695 5749 -—-
732 5709 963 5777 ἄλλοτε
993 5709 1080 5761 δέ.
1121 5708 1244 5763 Des.
1296 5709 1349 5761 in
1383 5709 1505 5762 cod.
1545 5708 1600 5761 2.
1664 5706 1709 5777 *⁸

1824 5706 1892 5761 ιιι.
1934 5706 1970 5757 2
1993 5705 2154 5777 θεῖος.

2231 5710 2277 5739 ⁰⁰
2316 5708 2512 5761 Ταῦτα
2545 5737 2616 5747 —-
2650 5707 2825 5776 ὁρῶν.
2858 5708 2982 5765 Haec
3004 5710 3060 5765 in
3094 5707 3218 5764 cod.
3251 5702 3402 5761 Flor.

146 5774 461 5835 tribuuntur
496 5778 786 5834 Theodoro
814 5774 1069 5834 AllliDCit.
1146 5778 1185 5808 ⁹¹
1218 5777 1547 5857 λογισμῶις.
1576 5774 1698 5832 cod.

1830 5776 2112 5848 υμφορῶν.
2189 5777 2233 5809 ⁸⁸
2264 5779 2415 5832 Ἐπί.
2451 5778 2573 5834 cod.
2598 5778 2633 5831 2
2661 5774 2741 5835 ἔν.
