3838 6318
132 286 258 352 9ί9

1505 295 1588 357 IN
1642 296 1846 354 PSAL.
1876 295 2048 354 XIII.

3308 302 3414 365 950

130 404 341 483 αὐτος
382 398 532 461 οῦτοι
554 404 858 474 γνώσονται
908 407 1009 477 τὴν
1039 407 1135 461 τοῦ
1188 407 1325 460 Θεοῦ
1374 407 1631 478 δύναμιν,
1683 407 1734 460 oi

1836 407 1931 475 qui
1972 406 2236 463 adversus
2265 423 2362 464 eos
2394 408 2623 464 dimicat
2649 426 2661 463 :
2695 417 2750 464 et
2782 409 2908 465 inde
2938 410 3119 466 veniet
3144 411 3253 467 illis
3301 422 3412 470 trc-

132 497 241 548 σιὸν
302 497 432 552 λαὸν
467 499 633 553 αὐτοῦ
684 500 806 553 ἀντὶ
849 501 1016 571 ἄρτου
1071 499 1419 564 δαπανῶντες
1459 502 1555 555 καὶ
1605 517 1736 555 κατ-

140 589 467 656 ετθίοντες;
514 591 627 645 Καὶ
675 592 880 657 πάντες
908 593 1268 663 γνωρίσουσιν
1305 594 1414 648 ἀπὸ
1449 593 1560 647 τῶν
1595 611 1738 664 πρα-

139 686 384 755 γμάτων
433 687 525 740 τὸν
566 687 908 758 πολεμοῦντα
949 690 1167 755 αὐτοῖς’
1215 691 1474 744 κάκεῖθεν
1501 692 1531 743 ό
1568 689 1735 759 φόϐος

140 775 337 838 αὐτοῖς
364 775 664 843 ἐλεύσεται,
684 777 809 832 ὅθεν
838 780 898 833 ού
928 781 1359 852 προσεδόκησαν.
1386 780 1500 834 Ποῦ
1522 780 1631 851 γὰρ
1666 781 1735 835 ἄν

141 860 414 933 ᾠήθησαν
449 865 532 918 ὃτι
577 866 685 919 ὑπὸ
740 866 979 935 ἀγγέλου
1026 868 1521 940 άναιρεθήσονται;
1573 870 1657 923 ὅτι
1705 871 1734 922 ὁ

143 950 287 1014 Θεὸς
308 951 528 1022 κήδεται
558 954 669 1007 τῶν
704 955 1008 1023 Ἰουδαίωνς
1053 960 1149 1011 καὶ
1194 960 1245 1011 oi
1292 960 1735 1031 μυκτηρίσαντες

142 1039 252 1112 τὴν
297 1042 490 1115 βουλὴν
538 1045 630 1098 τοῦ
685 1048 907 1120 πτωχοῦ
956 1050 1050 1103 καὶ
1109 1051 1538 1122 ταπεινόφρονος
1586 1052 1736 1115 Ἐζε-

145 1130 297 1193 κίου,
322 1132 441 1204 Θεῷ
466 1134 667 1205 μᾶλλον
700 1138 732 1208 ἢ
757 1139 942 1204 ὅπλοις
981 1140 1380 1213 θαρρήσαντας,
1423 1143 1733 1212 νοησουσιν,

141 1224 235 1277 ὅτι
265 1224 295 1277 ό
326 1226 520 1280 ἑαυτὸν
546 1227 641 1281 τοῦ
673 1228 808 1284 Θεοῦ
836 1232 1153 1302 ἀναρτήσας
1181 1232 1281 1303 τὴν
1311 1233 1389 1305 μὴ
1426 1233 1732 1304 καταισχύο

142 1334 350 1371 mus-av
403 1318 592 1373 ἐλπίδα
641 1322 934 1392 ἐκτήσατο.
984 1322 1079 1388 Τίς
1114 1324 1225 1396 γὰρ
1256 1324 1419 1389 ἄλλος
1463 1324 1497 1395 ἢ
1531 1327 1561 1379 ὁ
1597 1325 1736 1389 Θεὸς

142 1408 249 1462 καὶ
282 1410 411 1470 τοὺς
440 1411 846 1481 άπομείναντας
891 1414 950 1468 ὲν
1000 1417 1067 1486 τῇ
1093 1413 1233 1469 Σιὼν
1278 1415 1466 1481 σώσει,
1501 1416 1598 1470 καὶ
1634 1415 1735 1480 τὰς

140 1498 259 1570 ἤδη
274 1501 807 1572 αίχμαλωτισθείσας
832 1505 1004 1574 φυλὰς
1028 1506 1536 1579 ὲπαναγάγῃ,ῶστε
1553 1507 1733 1579 κοινὴν

141 1592 495 1664 εὐφροσύνην
533 1595 786 1663 γενέσθαι
849 1599 969 1661 ταῖς
1002 1596 1211 1652 δώδεκα
1241 1600 1460 1668 φυλαῖς,
1496 1594 1573 1653 ὧν
1598 1598 1731 1671 ῥίζα

141 1684 247 1739 καὶ
280 1685 423 1758 ἀρχὴ
451 1685 481 1739 ό
514 1687 862 1760 πατριάρχης
914 1689 1109 1744 Ἰακὼϐ
1134 1692 1528 1762 ἐχρημάτισεν,
1579 1695 1607 1745 ὁ
1637 1693 1734 1747 καὶ

157 1775 387 1846 Ἰσραὴλ
414 1777 876 1847 μετονομασθείς;
903 1779 1066 1833 Ὥστε
1090 1782 1186 1834 ἀπ’
1214 1779 1381 1835 αὑτοῦ
1408 1782 1503 1835 καὶ
1527 1781 1733 1844 ταύτας

155 1864 363 1920 Ἰακὼϐ
415 1868 511 1922 καὶ
562 1868 779 1941 Ἰσραὴλ
825 1869 1217 1941 ὀνομάζεσθαι.
1249 1872 1365 1927 Καὶ
1405 1871 1583 1926 ταῦτα
1632 1872 1734 1944 μὲν

139 1961 282 2014 ὅσον
311 1961 448 2033 πρὸς
508 1963 779 2033 ἱστορίαν,
830 1963 933 2034 τὴν
975 1964 1033 2017 δὲ
1085 1964 1379 2035 ἀναγωγὴν
1415 1967 1734 2037 ίσχνοτέραν

142 2051 570 2125 tandemsst
621 2053 1054 2126 «Διεφθάρησαν
1092 2056 1186 2110 καὶ
1229 2055 1632 2128 ἐϐδελύχθησαν
1677 2058 1735 2111 ὲν

141 2140 606 2213 ἐπιτηδεύμασιν,
653 2145 757 2199 οὐκ
818 2144 939 2199 ἐστι
1003 2145 1178 2200 ποιῶν
1240 2145 1652 2219 χρηστότητα⁸.
1710 2165 1730 2198 ι

156 2233 511 2305 ’Υποϐάθρα,
561 2235 720 2306 φησὶ,
756 2238 855 2291 καὶ
901 2238 1030 2309 ῥίζα
1082 2237 1184 2308 τῆς
1233 2238 1494 2303 άσεϐείας
1550 2244 1585 2311 ἡ
1637 2240 1737 2295 τοῦ

146 2326 272 2396 βίου
302 2328 592 2401 διαφθορά.
622 2331 719 2394 Είς
740 2330 1039 2386 ἀκολασίαν
1063 2331 1170 2403 γὰρ
1202 2334 1343 2402 σφᾶς
1391 2333 1592 2398 αὐτοὺς
1641 2336 1736 2388 καὶ

144 2418 399 2490 θηριώδη
441 2420 556 2491 βίον
590 2422 970 2488 ὲκδεδωκότες,
1031 2424 1128 2478 τοῦ
1184 2425 1319 2479 Θεοῦ
1368 2425 1469 2496 τὴν
1513 2428 1737 2498 μνήμην

142 2513 256 2582 τῆς
308 2513 550 2578 διανοίας
606 2514 862 2582 ἐξέϐαλον
885 2532 898 2545 ⁸
966 2515 1348 2587 ἠκολούθησαν
1393 2517 1452 2571 δὲ
1517 2520 1585 2588 τῇ
1639 2516 1733 2571 τοῦ

145 2607 465 2675 ἡγουμένου
521 2608 882 2680 παραπληξίᾳ
912 2608 1010 2663 καὶ
1064 2610 1116 2661 oi
1172 2608 1427 2679 ὑπήκοοι.
1460 2606 1507 2681 [⁸
1528 2610 1593 2664 Οί
1633 2610 1735 2680 μὲν

147 2695 340 2766 πάντη
366 2695 429 2750 τὸ
455 2696 614 2751 Θεῖον
647 2698 1048 2770 ἀρνησάμενοι,
1089 2700 1181 2753 καὶ
1231 2700 1369 2771 μηδὲ
1406 2701 1507 2771 τὴν
1558 2703 1735 2773 ἀρχὴν

142 2788 296 2845 εἶναι
323 2790 457 2846 Θεὸν
482 2792 918 2863 ἀποφηνάμενοι,
946 2793 1214 2849 ὑπόκενον
1237 2795 1294 2848 δὲ
1310 2790 1452 2849 εἶναι
1471 2793 1733 2867 τοῦνομα,

149 2883 255 2935 καὶ
286 2882 427 2937 κατά
461 2883 734 2955 μηδεμιᾶς
760 2884 951 2948 οὐσίας
978 2884 1344 2957 ὑποκείμενον
1366 2888 1729 2959 τεταγμένον.

146 2977 220 3029 οι
241 2976 325 3038 δὲ,
343 2974 469 3039 τοὺς
492 2975 569 3045 μὴ
590 2976 750 3040 ὄντας
776 2976 852 3037 ὡς
873 2976 1034 3042 ϐντας
1059 2978 1216 3042 θεοὺς
1233 2979 1730 3051 ἀναγορεύσαντες,

147 3070 251 3123 καὶ
280 3068 372 3123 τὸν
400 3070 561 3141 μόνον
583 3068 714 3123 ὅντα
736 3071 1127 3141 παρωσάμενοι
1151 3086 1165 3101 ’
1208 3072 1261 3125 oi
1287 3072 1344 3125 δὲ
1369 3069 1508 3126 εἶναι
1539 3073 1638 3144 μὲν
1658 3074 1735 3144 τῷ
1761 3109 1804 3167 C

145 3159 303 3231 λόγῳ
354 3160 825 3231 ὑποστησάμενοι,
869 3160 943 3232 μὴ
979 3162 1087 3234 μὴν
1128 3162 1186 3216 δὲ
1216 3166 1468 3234 προνοεῖν
1499 3164 1607 3218 τῶν
1641 3166 1735 3219 ἐπὶ

143 3252 285 3321 γῆς.
323 3252 462 3322 μηδὲ
492 3251 698 3323 ὲφορᾷν
730 3252 802 3305 τὰ
848 3251 1172 3323 ἀνθρώπινα
1217 3255 1730 3327 παραδεδειγμένοι.

160 3343 406 3414 ’Δθρόως
434 3345 498 3416 δὴ
526 3340 620 3399 οῦν
653 3345 704 3398 οἰ
734 3345 938 3408 πάντες
963 3348 1046 3409 είς
1090 3346 1188 3399 ἕνα
1214 3347 1373 3415 λόγον
1403 3347 1734 3419 άρνησίθεον

145 3437 630 3509 περιετράπησαν,
666 3435 743 3509 μὴ
787 3432 929 3490 εἶναι
985 3436 1121 3491 Θεὸν
1153 3437 1560 3508 διανοηθέντες
1612 3440 1734 3494 ἐπεὶ

142 3526 210 3580 δὲ
241 3526 321 3597 μὴ
345 3527 589 3598 ἐτόλμων
615 3526 707 3581 διά
742 3525 1016 3597 στόματος
1045 3525 1210 3579 τοῦτο
1257 3527 1489 3594 φάσκειν
1508 3542 1523 3558 ·
1571 3527 1733 3597 ἐνῆγε

146 3619 267 3689 γὰρ
293 3618 420 3682 τοὺς
454 3619 663 3682 πάντας
695 3618 766 3673 τὰ
797 3620 1004 3688 φυσικὰ
1055 3618 1357 3697 σπέρματα
1389 3620 1485 3673 καὶ
1526 3620 1578 3674 oi
1607 3621 1734 3690 περὶ

145 3708 253 3764 τοῦ
280 3708 415 3762 Θεοῦ
463 3710 684 3780 φυσικοί⁵
721 3710 974 3781 λογισμοὶ
1005 3710 1101 3762 ἐπὶ
1147 3709 1247 3781 τὴν
1277 3710 1578 3781 ὁμολογίαν
1632 3711 1734 3781 τῆς

146 3800 253 3855 τοῦ
286 3801 420 3854 Θεοῦ
466 3801 753 3869 γνώσεως·
804 3801 888 3855 διὸ
939 3801 1147 3872 χείλεσι
1183 3803 1280 3872 μὲν
1331 3802 1431 3856 οὐκ
1490 3803 1735 3871 ἐτόλμων

146 3892 464 3966 ἀρνεῖσθαι,
487 3893 601 3947 ἀλλ’
636 3892 836 3948 εἰδέναι
866 3893 1291 3965 προσεποιοῦντο
1328 3896 1387 3946 οὐ
1428 3896 1589 3960 μόνον
1614 3894 1733 3959 ἕνα,

147 3987 301 4043 ἀλλὰ
331 3988 429 4039 καὶ
469 3986 696 4057 μυρίους
729 3984 907 4050 θεούς.
939 3986 1018 4056 Τῇ
1053 4002 1117 4054 γε
1154 3987 1263 4057 μὴν
1289 3986 1487 4056 καρδίᾳ
1509 3987 1736 4050 ἑαυτοὺς

149 4081 384 4136 επειθον
412 4078 772 4149 ἀφραίνοντες
804 4077 1017 4147 άληθῶς
1053 4079 1148 4131 καὶ
1206 4078 1597 4148 μωραίνοντες,
1650 4079 1735 4131 ὅτι

148 4174 239 4243 μὴ
276 4171 424 4225 ἔστιν
467 4172 527 4222 ὲν
590 4168 670 4238 τῷ
719 4169 878 4223 παντὶ
911 4167 1079 4231 Θεός·
1131 4167 1354 4237 ἐλεγχος
1399 4167 1458 4220 δὲ
1511 4164 1580 4240 ἦν
1639 4168 1734 4221 τοῦ

150 4261 328 4316 ἀθέου
358 4258 535 4313 αὐτῶν
568 4256 832 4327 λογισμοῦ
877 4256 946 4309 τὰ
975 4256 1065 4309 ὑπ’
1090 4256 1270 4313 αὐτῶν
1299 4256 1559 4326 δρώμενα
1579 4275 1592 4288 ·
1627 4257 1737 4311 ἀπὸ

152 4354 272 4424 γὰρ
322 4349 418 4405 τοῦ
470 4347 688 4419 καρποῦ
739 4348 804 4402 τὸ
842 4348 1061 4419 δένδρον
1106 4347 1560 4417 ἐπιγινώσκεται.
1598 4350 1731 4402 Ὅτε

1838 511 1981 563 mor,
2015 499 2159 552 unde
2190 497 2432 554 futurum
2460 515 2567 555 non
2607 500 2923 556 credebant.
2954 503 3059 568 Qui
3111 504 3261 558 enim
3313 520 3412 560 su-

1836 588 2027 658 spicati
2054 596 2240 645 essent
2275 606 2334 646 se
2389 591 2458 646 ab
2487 592 2686 663 angelo
2712 607 2835 648 esse
2891 594 3243 663 perdendos?
3301 595 3412 652 Deo

1833 679 1979 732 enim
2008 693 2155 733 cura:
2182 689 2312 734 sunt
2359 680 2531 736 Judaei
2569 700 2580 734 :
2614 691 2667 736 ct
2691 683 2787 753 qui
2843 682 3167 741 deridebant
3229 687 3411 741 cousi-

1835 769 1969 823 lium
2003 770 2182 841 inopis
2213 785 2277 826 ac
2308 772 2557 829 modeste
2587 774 2654 828 de
2703 788 2762 830 se
2811 777 3101 832 sentientis
3160 778 3411 834 Ezeehiu:

1833 859 1890 914 in
1922 859 2037 916 Deo
2066 863 2242 932 magis
2268 878 2433 932 quam
2463 865 2519 919 in
2552 866 2722 920 armis
2751 882 2900 936 spem
2932 884 3087 923 suam
3127 872 3405 926 collocan-

1834 950 1925 1015 tis,
1959 951 2261 1022 intelligent
2303 967 2429 1008 eum
2454 957 2547 1024 qui
2580 957 2746 1011 unius
2778 956 2870 1014 Dei
2900 961 3152 1027 praesidio
3180 979 3239 1017 se
3259 978 3412 1018 cont-

1835 1041 2022 1107 mittit,
2054 1041 2258 1098 habere
2286 1058 2435 1113 spem
2469 1061 2590 1116 quae
2619 1062 2726 1101 non
2760 1048 3066 1106 confundit.
3103 1052 3236 1118 Quis
3259 1057 3405 1109 cnim

1834 1141 2031 1202 praeter
2057 1133 2226 1189 Deum
2257 1144 2311 1191 et
2335 1150 2432 1190 eos
2467 1137 2560 1207 qui
2591 1138 2644 1191 in
2660 1135 2827 1193 Sione
2850 1141 3164 1210 manebant,
3198 1146 3412 1200 salvare

1834 1232 2020 1293 posset
2044 1233 2098 1281 et
2133 1236 2453 1283 convertere
2483 1229 2854 1299 captivitatem
2882 1231 3121 1287 tribuum
3151 1250 3272 1304 qum
3297 1237 3409 1306 jam

1832 1322 1991 1370 erant
2038 1317 2094 1371 in
2124 1317 2443 1374 servitutem
2501 1320 2753 1385 redactae,
2793 1330 2852 1376 ut
2905 1332 3052 1377 esset
3103 1328 3412 1382 communis

1833 1406 2018 1462 laetitia
2069 1407 2357 1464 duodecim
2401 1410 2671 1476 tribubus,
2711 1428 2944 1480 quarum
2988 1415 3142 1470 radix
3185 1427 3238 1471 et
3262 1418 3413 1487 ιιι-ἰη-

1834 1512 1964 1568 ceps
1994 1498 2302 1568 patriarcha
2332 1498 2502 1555 Jacob
2528 1503 2835 1571 appellatus
2867 1515 2971 1569 est,
3010 1506 3172 1578 σει
3215 1507 3308 1578 qui
3358 1520 3414 1562 ct

1833 1588 2001 1645 Israel
2022 1598 2108 1646 est
2137 1592 2579 1661 cognominatus,
2612 1594 2687 1648 ita
2738 1606 2794 1648 ut
2822 1596 2892 1652 ab
2942 1612 3008 1652 eo
3075 1600 3204 1668 ipsae
3238 1599 3412 1654 tribus

1834 1678 2008 1736 Jacob
2038 1688 2089 1736 et
2125 1681 2293 1737 lsrael
2323 1697 2524 1738 nomen
2556 1685 2888 1754 acceperint.
2941 1684 3006 1740 Et
3034 1686 3137 1742 ista
3190 1688 3409 1756 quidem

1766 1769 1810 1828 Β
1836 1781 2084 1842 spectant
2110 1774 2394 1830 historiam
2424 1791 2438 1830 :
2472 1774 2882 1847 intelligentiam
2919 1793 3048 1834 vero
3074 1779 3408 1835 subtiliorem

1836 1863 2276 1937 investigemus.]
2341 1883 2359 1917 ι
2395 1866 2655 1937 Carrupti
2711 1877 2859 1937 sunt,
2912 1879 2969 1925 et
3017 1871 3410 1926 abominabiles

1837 1955 1964 2011 facti
1994 1959 2200 2012 suntin
2236 1958 2435 2013 studiis
2480 1959 2618 2023 suis,
2676 1977 2784 2016 non
2837 1968 2922 2016 est
2977 1963 3072 2031 qui
3111 1962 3278 2018 faciat
3316 1963 3411 2018 bo-

1835 2064 1990 2104 num.
2030 2069 2051 2101 ι
2084 2048 2557 2117 Fundamentum,
2592 2053 2789 2123 inquit,
2826 2063 2882 2109 et
2908 2056 3061 2109 radix
3095 2056 3410 2126 impietatis,

1837 2142 2288 2211 vitaecorruptels
2316 2153 2422 2198 est.
2441 2144 2578 2199 Cum
2610 2145 2755 2200 enim
2773 2161 2834 2202 se
2864 2147 3010 2216 ipsos
3042 2147 3411 2218 intemperan-

1835 2233 1925 2288 tite
1952 2242 2117 2302 atque
2147 2232 2336 2288 ferina!
2358 2235 2482 2290 vitae
2503 2235 2864 2300 addixissent,
2898 2240 2915 2259 '
2960 2237 3055 2293 Dei
3090 2240 3409 2295 memoriam

1834 2342 1902 2383 ex
1943 2328 2129 2385 animo
2167 2346 2273 2386 suo
2296 2332 2615 2402 eiecerunt:
2648 2332 2853 2388 subditi
2881 2341 3065 2389 autem
3116 2335 3276 2392 ducis
3324 2337 3410 2391 in-

1836 2420 2048 2476 saniam
2084 2421 2255 2477 secuti
2284 2432 2431 2478 sunt.
2458 2421 2739 2495 [Nonnulli
2769 2424 2989 2494 quidem
3028 2424 3198 2482 Deum
3254 2427 3412 2498 plane

1836 2521 2058 2582 negant,
2100 2528 2200 2569 nec
2236 2513 2410 2568 ullum
2449 2514 2571 2584 ejus
2595 2530 2718 2572 esse
2743 2516 3036 2587 imperium
3070 2518 3249 2588 palam
3280 2534 3410 2589 pro-

1836 2603 2078 2669 fitentur,
2109 2604 2298 2675 sicque
2334 2620 2535 2660 vanum
2576 2606 2682 2662 hoc
2711 2622 2833 2664 esse
2856 2624 3076 2677 nomen,
3114 2626 3215 2667 nec
3248 2610 3408 2665 talem

1837 2710 2078 2764 unquam
2138 2697 2503 2752 substantiam
2559 2697 2732 2754 fuisse
2787 2708 3057 2755 statuunt.
3108 2700 3214 2756 Alii
3281 2716 3412 2757 vero

1834 2786 1968 2842 deos
1996 2795 2291 2851 vocarunt,
2318 2787 2411 2857 qui
2439 2802 2546 2841 non
2579 2798 2743 2854 sunt;
2775 2803 2900 2843 eum
2933 2796 3115 2845 autem
3146 2791 3239 2860 qui
3262 2792 3413 2847 solus

1833 2888 1941 2944 est,
1972 2878 2301 2947 rejeceruut.
2334 2879 2703 2950 Aliideniquc
2755 2881 2940 2937 verbis
3000 2882 3219 2952 quidem
3274 2898 3409 2954 sup-

1834 2979 2139 3041 posuerunt
2201 2973 2372 3028 Deum
2456 2975 2761 3041 exsistere;
2825 2991 2949 3030 eum
3011 2986 3192 3032 autem
3255 2984 3412 3032 terra:

1836 3064 2002 3133 hujus
2031 3079 2333 3135 eorumque
2362 3080 2483 3133 qua:
2516 3067 2582 3121 ad
2619 3067 2868 3122 homines
2897 3068 3192 3137 pertinent,
3220 3084 3407 3124 curam

1838 3171 1951 3209 non
1984 3169 2194 3225 gerere,
2230 3157 2486 3212 evincere
2514 3158 2823 3214 voluerunt.
2862 3157 2930 3213 lii
2978 3173 3170 3215 omnes
3223 3160 3411 3230 itaque

1836 3247 1893 3301 in
1924 3247 2178 3303 eumdem
2215 3249 2471 3304 atlreismi
2504 3265 2748 3305 errorem
2787 3250 3029 3320 prolapsi
3056 3261 3206 3315 sunt,
3238 3251 3405 3306 Deum

1837 3353 1949 3393 non
2003 3353 2128 3394 esse
2190 3348 2465 3409 putantes.
2525 3340 2664 3407 Quia
2714 3350 2896 3398 autem
2954 3357 3065 3397 non
3120 3343 3240 3399 ausi
3284 3353 3411 3400 sunt

1836 3445 1931 3485 ore
1967 3444 2071 3486 suo
2118 3431 2220 3486 hoc
2279 3432 2522 3501 proﬁteri
2570 3432 2784 3505 (omnes
2836 3435 2981 3489 enim
3044 3436 3167 3492 illos
3203 3446 3411 3492 natura:

1834 3522 2058 3593 quidam
2094 3522 2386 3579 instinctus
2429 3534 2482 3579 et
2510 3526 2786 3581 naturales
2810 3526 3258 3584 ratiocinationes
3313 3544 3410 3583 ur-

1834 3615 2052 3683 gebant,
2084 3622 2146 3669 ut
2168 3615 2532 3685 cognitionem
2551 3617 2618 3671 de
2633 3616 2744 3672 Deo
2764 3617 2930 3689 032
2955 3619 3367 3687 confiterentur)
3397 3642 3407 3675 :

1837 3705 1961 3759 ideo
1989 3705 2147 3760 labiis
2170 3704 2391 3775 quidem
2428 3721 2537 3761 non
2566 3708 2687 3761 ausi
2735 3717 2866 3763 sunt
2913 3708 3083 3764 Deum
3118 3712 3410 3783 abnegare,

1837 3798 1935 3854 sed
1977 3812 2037 3853 se
2065 3798 2208 3852 scire
2244 3798 2598 3863 simularunt,
2625 3814 2733 3853 non
2786 3815 2955 3854 unum
3009 3802 3102 3856 sed
3156 3803 3413 3860 innume-

1838 3901 1928 3941 ros
1956 3901 2077 3941 esse
2110 3887 2262 3940 deos.
2314 3885 2513 3941 Animo
2561 3888 2745 3956 itaque
2801 3904 2903 3943 suo
2967 3890 3046 3954 bi,
3092 3905 3232 3960 quos
3289 3907 3414 3947 vere

1838 3986 2082 4032 amentes
2129 3986 2185 4032 et
2234 3978 2508 4047 insipidos
2558 3978 2802 4045 dixeris,
2860 3995 3180 4047 persuasum
3239 3981 3411 4037 liabe-

1838 4071 1970 4125 bant
2020 4069 2181 4140 plane
2207 4084 2315 4124 non
2343 4084 2465 4124 esse
2518 4071 2709 4125 Deum.
2773 4071 3044 4129 Atheismi
3084 4084 3268 4129 autem
3315 4090 3412 4129 eos

1840 4162 2012 4217 fuisse
2048 4175 2194 4226 reos,
2232 4162 2815 4231 patebatexoperibus
2866 4179 3054 4218 eorum
3118 4165 3171 4233 (e
3227 4165 3406 4220 fructu

1838 4253 1985 4309 enim
2014 4253 2354 4321 dignoscitur
2392 4252 2600 4322 arbor),
2633 4260 2747 4307 tum
2775 4268 2839 4308 ex
2866 4254 3199 4322 actionibus,
3242 4265 3354 4311 tum
3384 4274 3412 4311 e

1840 4355 1954 4402 toto
1998 4345 2212 4399 vivendi
2254 4360 2476 4415 genere.
2501 4344 2694 4400 Totam
2729 4346 2876 4399 enim
2922 4346 3161 4401 animam
3219 4350 3412 4418 depra-

149 4445 346 4498 τοίνυν
399 4444 522 4505 ταῖς
582 4439 849 4511 πράξεσιν
901 4442 1095 4503 αὑταῖς
1135 4442 1231 4494 καὶ
1276 4440 1354 4511 τῷ
1409 4441 1586 4512 λοιπῷ
1635 4442 1734 4515 βίῳ

1842 4443 2059 4500 varunt,
2090 4444 2146 4489 et
2184 4434 2300 4504 ipso
2332 4449 2555 4505 quoque
2602 4451 2836 4506 corpore
2893 4437 3236 4493 tradiderunt
3287 4455 3425 4494 sese-

153 4540 350 4593 πᾶσαν
382 4534 562 4589 αὐτῶν
600 4533 699 4603 τὴν
732 4533 912 4604 ψυχὴν
943 4533 1260 4605 διέφθειραν
1303 4532 1453 4603 αὐτῷ
1488 4533 1726 4603 σώματι,

152 4632 242 4693 εἰς
301 4629 486 4681 πᾶσαν
559 4625 903 4696 ὲκδεδομένοι
957 4624 1186 4695 φθορὰν,
1242 4625 1318 4687 ὡς
1366 4624 1461 4678 καὶ
1499 4624 1738 4697 ἄρρενας
1772 4608 1787 4629 ⁸

155 4723 393 4794 ἆρρεσιν
415 4716 825 4787 ἐπιμαίνεσθαι,
849 4716 944 4771 καὶ
960 4716 1163 4780 πάσαις
1185 4714 1626 4787 άθεμιτουργίαις
1642 4717 1739 4770 καὶ

153 4811 586 4886 ἀρῤητοποιῖαις
618 4808 1009 4880 καταφθείρειν
1034 4807 1262 4870 ἑαυτούς
1281 4823 1293 4836 ·
1330 4806 1653 4877 βδελυκτούς
1681 4826 1741 4861 τε

161 4898 311 4957 εἶναι
329 4903 397 4956 δι’
435 4902 595 4957 αύτάο
624 4902 743 4966 πῶς
763 4901 866 4954 οὐκ
896 4901 965 4953 ἂν
992 4899 1134 4952 εἰσὶν
1171 4897 1452 4968 πρόδηλοι,
1499 4898 1584 4951 ὅτι
1636 4897 1742 4953 κᾶν

160 4994 399 5066 μυρίους
443 4992 864 5066 ὲπιγράφωνται
915 4991 1072 5055 θεοὺς
1121 4989 1199 5061 τῷ
1243 4988 1417 5060 λόγῳ⁶
1454 4987 1559 5043 κᾶν
1586 4989 1742 5043 αὐτοὶ

1840 4529 2199 4599 cormptioni,
2243 4529 2315 4583 ita
2348 4537 2409 4583 ut
2448 4546 2631 4586 mares
2660 4546 2881 4602 quoque
2910 4545 3036 4601 erga
3091 4548 3272 4588 mares
3328 4534 3414 4587 in-

1843 4638 1978 4676 sano
1999 4635 2189 4675 amore
2227 4622 2536 4676 exarserint
2570 4631 2624 4676 ct
2654 4623 2887 4676 nefando
2916 4624 3112 4694 quovis
3169 4623 3417 4680 facinore

1841 4731 1899 4770 se
1928 4716 2243 4787 polluerint,
2284 4716 2474 4785 sicque
2507 4718 2911 4773 abominabiles
2945 4733 3006 4773 se
3059 4718 3413 4775 reddiderint.

1839 4807 2032 4863 Nonne
2072 4808 2255 4878 itaque
2286 4809 2424 4863 satis
2454 4820 2703 4878 apertum
2733 4819 2818 4864 est
2847 4826 2961 4873 eos,
3001 4810 3128 4865 licet
3158 4810 3411 4864 immute-

1841 4914 1932 4953 ros
1960 4899 2093 4953 deos
2132 4899 2314 4954 verbis
2347 4901 2659 4965 statuerint,
2695 4915 2863 4971 seque
2900 4899 3065 4956 Deum
3099 4900 3191 4971 qui
3227 4900 3411 4954 omnia

1840 4991 2175 5059 moderatur,
2219 4990 2360 5046 scire
2386 4997 2441 5046 et
2468 4990 2738 5059 confiteri,
2779 5008 2873 5047 ore
2900 4991 3133 5063 professi
3189 4991 3414 5058 fuerint,

1293 5146 1528 5204 VARM‘I
1567 5146 1948 5204 LECTIONES
1985 5148 2074 5204 ET
2111 5147 2340 5204 NOTAE.

233 5300 256 5332 '
286 5295 416 5369 Post
437 5294 780 5369 χρηστότητα
817 5291 1019 5369 omis_s_a
1050 5299 1178 5369 sunt
1220 5291 1392 5369 verba
1424 5299 1626 5369 textus,
1668 5290 1728 5343 οῦ

1836 5307 1942 5344 πτιν
1979 5289 2083 5352 ἕως
2110 5288 2408 5369 ἑνόςειραξο
2441 5298 2503 5343 ιιι
2544 5284 2985 5369 in_tc.xtu__l.leb.r.
3018 5286 3339 5369 i‘ta'quoque
3365 5283 3418 5338 in

160 5371 298 5426 edit.
329 5365 539 5435 Campi.
576 5365 793 5419 desunt.

899 5366 919 5395 ⁸
952 5361 1078 5416 llaec
1116 5363 1170 5416 in
1202 5361 1323 5434 cod.
1361 5362 1396 5415 5
1433 5361 1664 5430 August.
1700 5375 1734 5428 p

1836 5374 1979 5434 tntur
2008 5370 2151 5434 post
2194 5359 2476 5434 ἐξέϐαλον,
2521 5358 2747 5434 omissis
2778 5356 2884 5412 illis
2924 5355 3320 5434 ἠκολούθησαν.

286 5454 421 5501 κοοι,
446 5423 567 5505 quae
591 5444 771 5505 tamen
802 5433 922 5487 loco
956 5446 1057 5505 suo
1088 5430 1291 5505 moveri
1310 5446 1432 5505 _n_o_n
1464 5423 1783 5505 po't_nm‘tti_tt._
1806 5428 1977 5505 Totus
2008 5423 2109 5483 iste
2140 5423 2294 5505 locus
2322 5428 2570 5505 ejusdem
2584 5423 2691 5505 ξεί
2718 5423 3028 5505 argumenti
3054 5423 3422 5505 cumEnsebii

159 5441 195 5494 ὑ
286 5454 421 5501 κοοι,
446 5450 567 5505 quae
591 5444 770 5489 tamen
803 5439 922 5487 loco
956 5446 1057 5486 suo
1088 5439 1291 5486 moveri
1324 5446 1432 5483 non
1464 5439 1783 5510 potuerunt.
1806 5439 1977 5482 Totus
2008 5439 2109 5483 iste
2140 5439 2294 5483 locus
2322 5439 2567 5497 eiusdem
2595 5439 2680 5481 est
2718 5442 2760 5480 al

162 5439 383 5565 addixi.
406 5504 815 5561 Commentario
844 5501 989 5571 apud
1020 5500 1190 5571 (Iord.
1220 5515 1273 5571 p.
1305 5500 1433 5571 245,
1464 5508 1514 5554 et
1546 5497 1737 5571 Muntf.
1765 5513 1824 5571 in
1856 5498 2162 5571 Col.l._nova
2187 5496 2289 5554 PP.
2318 5505 2357 5571 t_.
2390 5498 2428 5561 Ι,
2463 5513 2517 5571 p_.
2543 5496 2612 5549 ὅθ
2644 5512 2760 5564 seq.

2848 5504 3039 5564 terque
3068 5501 3253 5549 autem
3284 5508 3423 5548 uou-

160 5563 277 5634 ‘nisi
302 5592 476 5647 pauca
498 5575 767 5636 exhibuit,
797 5563 1010 5648 qu:i:,_si
1036 5563 1252 5648 Eusebii
1276 5563 1644 5640 sint,egregie
1675 5584 1736 5623 ex
1765 5567 1869 5623 hoc
1887 5567 2082 5648 codice
2113 5576 2297 5648 nostro
2328 5563 2747 5648 locupletautur.
2775 5563 2975 5648 Nostro
3002 5563 3424 5648 haece-indicare

164 5632 281 5703 ﬁda
304 5632 703 5706 dubitavimus,
733 5632 846 5697 tum
873 5632 999 5716 quia
1030 5639 1243 5716 dicendi
1274 5655 1446 5716 genus
1462 5632 1591 5716 'an
1639 5646 1922 5716 repugnat,
1969 5637 2241 5716 tum-quia
2275 5632 2545 5716 in__codice
2584 5650 2689 5691 non
2706 5634 3016 5716 ascriptum
3051 5641 3133 5688 est
3161 5632 3422 5716 βύσεϐίου

168 5702 373 5791 δμοίως
408 5702 782 5787 oausam—.59,
810 5722 869 5767 ιιι
890 5702 1013 5767 "illis
1051 5711 1107 5766 in
1143 5702 1289 5766 locis
1316 5709 1436 5765 fieri
1469 5702 1907 5778 observavimus,
1937 5707 2028 5763 ubi
2062 5702 2255 5764 Noster
2286 5704 2500 5781 aliquid
2533 5720 2656 5761 cum
2703 5704 2810 5760 isto
2834 5702 3127 5761 continuae
3165 5702 3351 5758 habet.
