3854 6318
445 358 580 428 1011

1417 348 1872 412 THEODORET
1879 347 1905 406 Ι
1941 344 2280 407 EPISCOPI
2320 346 2685 407 CYRENSIS

3576 347 3718 412 10ίέ

352 508 358 512 -
440 493 530 538 tur
582 493 838 549 magnum
880 475 1142 530 Joannem
1186 471 1512 526 clamantem
1549 484 1561 520 :
1608 487 1624 519 ι
1661 467 1796 521 Ecce
1833 466 2018 535 Agnus

2127 458 2238 516 οἷόν
2268 481 2328 516 τε
2357 460 2424 534 ἦν
2453 464 2545 517 τὸν
2585 464 2682 535 οὐχ
2714 466 3072 536 ἡμαρτηκότα
3109 468 3308 536 λέγειν,
3351 461 3573 539 paxva
3605 470 3718 520 ἀπ’.

441 573 538 628 Dei
569 572 662 642 qui
697 571 832 625 tollit
862 577 1143 638 peccatum
1171 563 1356 619 mundi
1389 561 1430 615 ι.
1467 581 1484 613 ›
1514 561 1576 615 Ει
1608 559 1854 615 divinum
1887 558 2023 610 Pau-

442 669 555 723 lum
598 665 866 719 dicentem
905 679 917 714 ε
977 680 994 712 ι
1042 661 1176 714 Eum
1219 662 1236 680 '
1267 657 1361 728 qui
1404 671 1510 710 non
1562 661 1789 708 noverat
1827 664 2023 721 pecca-

441 773 580 822 tum,
601 773 698 830 pro
720 759 878 813 nobis
900 756 1059 826 735
1078 763 1361 826 peccatum
1383 751 1530 816 fecit,
1553 759 1612 804 ut
1642 764 1740 803 nos
1769 749 2024 802 ﬁeremus

439 853 655 925 justitia
697 853 751 904 in
778 851 976 921 ipso“.
1019 867 1036 899 ι
1078 848 1142 902 Et
1165 862 1358 901 rursus
1394 863 1408 899 :
1453 862 1470 896 ι
1506 841 1763 897 Christus
1794 838 2027 893 redemit

445 960 543 1000 nos
580 957 644 1000 ex
679 942 1067 998 maledictione
1107 940 1263 1010 legis,
1297 938 1476 992 lactus
1512 950 1613 1005 pro
1648 931 1810 987 nobis
1852 928 2026 984 male-

446 1037 617 1092 dictio
639 1045 687 1091 ιι.
722 1055 740 1086 ι
785 1032 1260 1100 Quemadmodum
1293 1031 1500 1098 itaque,
1535 1040 1661 1081 cum
1692 1024 1764 1079 sit
1793 1022 1915 1077 lons
1938 1021 2026 1090 ju-

447 1127 630 1190 stitiae,
671 1136 921 1179 nostrum
953 1128 1233 1192 peccatum
1263 1119 1524 1188 suscepit,
1561 1127 1797 1184 cumque
1823 1112 1893 1168 sit
1933 1112 2028 1165 be-

451 1217 783 1274 nedictionis
829 1213 1076 1285 pelagus,
1135 1210 1576 1266 maledictionem
1632 1205 1790 1262 nobis
1847 1204 2030 1258 immi-

449 1316 668 1364 nentem
717 1305 946 1373 accepit,
999 1311 1052 1360 et
1101 1316 1320 1359 crucem
1363 1298 1626 1357 sustinuit
1673 1295 2028 1366 opprobrium

450 1399 803 1470 despiciens;
836 1397 917 1453 sic
945 1406 1000 1452 et
1043 1411 1142 1466 pro
1192 1395 1352 1450 nobis
1391 1392 1556 1449 verba
1596 1389 1744 1445 fecit.
1787 1386 1844 1442 Si
1883 1386 2028 1441 enim

452 1493 614 1546 nobis
678 1498 937 1546 statutam
989 1489 1330 1558 disciplinam
1384 1492 1578 1556 sponte
1627 1481 1793 1539 subiit
1857 1478 2031 1549 (nam

2124 555 2224 624 τῆς
2249 554 2521 624 σωτηρίας
2546 571 2648 624 μου
2676 558 2723 608 οἱ
2755 555 2902 625 λόγοι
2928 558 3039 610 τῶν
3071 562 3539 630 παραπτωμάτων
3569 579 3676 628 μου
3701 578 3715 623 ;

2137 645 2555 699 Ἀκουσάτωσαν
2605 647 2782 699 τοίνυν
2825 647 3073 702 Ἰωάννου
3115 649 3207 703 τοῦ
3256 650 3397 703 πάνυ
3444 650 3715 720 βοῶντος·

2131 756 2150 789 ι
2175 738 2281 790 Ἴδε
2313 739 2340 790 ὁ
2369 737 2566 807 Ἀμνδς
2601 739 2694 792 τοῦ
2720 738 2877 802 Θεοῦ,
2911 741 2939 792 ὁ
2972 742 3144 812 αἴρων
3179 742 3276 812 τὴν
3309 742 3590 813 ἁμαρτίαν
3620 742 3721 794 τοῦ

2127 836 2354 906 κόσμου.
2387 855 2404 887 ι
2435 835 2539 888 Τοῦ
2571 836 2626 888 δὲ
2661 835 2950 889 θεσπεσίου
2969 839 3012 869 ⁷⁸
3041 838 3252 891 Παύλου
3276 839 3548 906 λέγοντοςο
3580 837 3722 890 «Τὸν

2129 925 2206 997 μὴ
2235 926 2430 994 γνόντα
2459 927 2732 997 ἁμαρτίαν
2759 928 2896 998 ὑπὲρ
2926 929 3082 998 ἡμῶν
3112 931 3389 1001 ἁμαρτίαν
3417 928 3712 1001 ἐποίησεν,

2129 1020 2214 1072 ἵνα
2243 1021 2403 1091 ἡμεῖς
2435 1019 2722 1088 γενώμεθα
2769 1019 3140 1094 δικαιοσύνηεω
3187 1026 3245 1077 ἐν
3298 1024 3466 1093 αὐτῷ.
3515 1044 3535 1075 ι
3605 1024 3722 1076 Καὶ

2129 1112 2292 1167 πάλιν
2314 1129 2328 1142 ·
2382 1131 2399 1163 ι
2429 1113 2662 1182 Χριστὸς
2690 1115 2839 1185 ἡμᾶς
2885 1115 3219 1185 ἐξηγόρασεν
3236 1115 3280 1147 ⁸¹
3312 1118 3376 1170 ἐκ
3404 1119 3504 1188 τῆς
3539 1117 3722 1170 κατά-

2134 1221 2231 1275 ρας
2277 1203 2370 1256 τοῦ
2430 1205 2618 1273 νόμου,
2671 1206 2963 1276 γενόμενος
3005 1207 3143 1278 ὑπὲρ
3191 1207 3348 1279 ἡμῶν
3399 1209 3637 1278 κατάρα.
3697 1228 3716 1260 ι

2131 1295 2432 1366 Τοιγαροῦν
2467 1293 2713 1368 ὦσπερ⁸²
2745 1297 3093 1367 δικαιοσύνης
3123 1300 3380 1370 ὑπάρχων
3409 1301 3583 1370 πηγὴ,
3616 1302 3725 1367 τὴν

2133 1387 2409 1459 ἡμετέραν
2441 1388 2716 1460 ἁμαρτίαν
2745 1389 2997 1456 ἀνέλαϐε,
3033 1393 3126 1444 καὶ
3156 1392 3402 1460 εὐλογίας
3435 1392 3508 1445 ὢν
3555 1393 3728 1445 πέλω

2133 1496 2248 1548 γος,
2303 1479 2403 1550 τὴν
2454 1480 2809 1550 ἐπικειμένην
2853 1483 2985 1551 ἡμῖν
3037 1481 3248 1547 ἐδέξατο
3300 1485 3572 1554 κατάραν,
3626 1487 3728 1538 καὶ

449 1605 477 1635 ι
517 1583 806 1653 disciplina
837 1582 989 1652 pacis
1017 1590 1216 1636 nostrae
1260 1595 1425 1649 super
1455 1593 1603 1638 eum,
1645 1594 1662 1626 ι
1703 1583 1763 1628 ιιι
1797 1574 1872 1628 ait
1901 1586 2031 1642 pro-

453 1678 614 1745 pheta
631 1676 697 1745 ο),
724 1675 894 1730 multo
925 1675 1095 1744 magis
1119 1688 1183 1728 ex
1217 1687 1446 1743 persona
1477 1677 1660 1724 nostra
1688 1667 1868 1722 verbis
1897 1680 2034 1720 usus

2135 1571 2366 1642 σταυρὸν
2412 1571 2704 1640 ὑπέμεινεν
2747 1574 3012 1644 αἰσχύνης
3060 1578 3476 1647 καταφρονήσας
3508 1592 3522 1604 ·
3578 1576 3730 1629 οὕτω

2135 1663 2383 1728 καὶτοὺς
2434 1664 2573 1734 ὑπὲρ
2597 1665 2758 1734 ἡμῶν
2789 1667 3085 1737 ἐποιήσατο
3125 1665 3338 1734 λόγους.
3385 1668 3447 1720 El
3480 1668 3589 1736 γὰρ
3625 1668 3732 1735 τὴν

454 1776 539 1822 est
571 1782 671 1837 pro
701 1767 886 1832 nobis,
917 1776 972 1821 et
1001 1765 1272 1822 exclamat
1301 1783 1312 1818 :
1351 1781 1370 1815 ι
1403 1762 1590 1832 Longe
1619 1777 1650 1816 a
1685 1759 1862 1815 salute
1911 1771 2034 1812 mea

2134 1755 2449 1827 ὡρισμένην
2480 1757 2610 1828 ὑμῖν
2651 1757 2902 1812 παιδείαν
2933 1759 3169 1827 ὑπῆλθεν
3199 1759 3342 1814 ἑκών
3370 1777 3383 1792 ο
3440 1779 3458 1812 ι
3491 1761 3733 1814 Παιδεία

458 1816 538 1822 ---
572 1816 666 1837 τυ-
703 1816 886 1832 --ν---ν
923 1816 970 1821 --
1007 1816 1310 1822 νην-μγ--
1460 1816 1555 1832 κνυ

454 1859 623 1915 verba
653 1859 980 1914 delictorum
1026 1872 1300 1914 meorum.
1335 1874 1353 1908 ι
1393 1854 1471 1910 Ne
1507 1852 1790 1924 respicias,
1834 1849 2028 1921 inquit,

2136 1816 2247 1920 γὰρ
2274 1816 2497 1920 ἐίρὴνης
2517 1816 2674 1920 ήμῶν
2702 1849 2788 1902 ἐπ’
2811 1849 2995 1914 αὑτὸν,
3141 1854 3362 1930 φησιν-ό
3396 1853 3693 1922 προφήτης
3716 1867 3731 1881 ⁶

453 1955 655 2008 delicta
693 1962 924 2016 natura,
957 1950 1050 2007 sed
1097 1948 1336 2005 concede
1369 1947 1600 2004 salutem
1629 1953 1850 2015 propter
1876 1955 2032 1998 meos

2139 1937 2318 2008 πολλῷ
2363 1938 2562 2008 μᾶλλον
2605 1941 2718 2002 τοῖς
2757 1938 2899 2010 ὑπὲρ
2927 1939 3085 2010 ήμῶν
3117 1941 3232 1993 ἀνθ’
3261 1941 3416 2011 ἡμῶν
3446 1943 3735 2011 ἐχρήσατο

454 2045 750 2100 cruciatus.
790 2045 855 2098 Et
898 2042 1342 2114 quandoquidem
1387 2040 1700 2111 passionem
1745 2049 1898 2089 more
1927 2033 2032 2087 bu-

2136 2029 2334 2097 λόγοις,
2365 2031 2458 2082 καὶ
2485 2029 2583 2100 βοᾷ
2657 2049 2674 2081 ι
2709 2031 2942 2100 Μακρὰν
2970 2030 3076 2086 ἀπὸ
3108 2033 3204 2102 τῆς
3239 2033 3510 2103 σωτηρίας
3538 2051 3648 2102 μου
3681 2035 3735 2086 οἱ

455 2153 620 2192 mano
650 2137 952 2200 sustinens,
990 2135 1188 2205 saepius
1217 2141 1467 2203 precatus
1495 2139 1578 2185 est
1610 2130 1730 2199 ipso
1755 2122 2030 2198 passionis

2135 2122 2282 2190 λόγοι
2331 2121 2437 2174 τῶν
2485 2123 2949 2193 παραπτωμάτων
2997 2141 3120 2193 μου.
3185 2143 3202 2174 ι
3257 2124 3348 2195 Μὴ
3381 2125 3734 2198 ἀποϐλέψῃς,

455 2239 740 2299 tempore:
791 2247 811 2279 ι
853 2226 1036 2289 Pater,
1091 2227 1139 2281 si
1190 2225 1307 2280 ﬁeri
1355 2222 1549 2293 possit,
1590 2227 1907 2275 transeat'a
1942 2231 2030 2273 me

2136 2213 2320 2284 φησὶν,
2349 2214 2429 2276 εἰς
2463 2213 2530 2266 τὰ
2557 2216 2656 2284 τῆς
2687 2213 2904 2283 φύσεως
2938 2214 3422 2286 πλημμελήματα’
3468 2216 3606 2269 ἀλλὰ
3639 2217 3738 2280 δὸς

453 2319 596 2378 calix
624 2318 812 2379 ister;
860 2335 878 2367 ι
924 2327 978 2370 et
1006 2331 1245 2372 maerore
1278 2314 1506 2372 aﬂ‘ectus
1541 2312 1679 2370 dixit
1715 2331 1727 2366 :
1766 2329 1784 2363 ι
1826 2308 2025 2364 Tristis

2133 2307 2232 2376 τὴν
2267 2305 2546 2379 σωτηρίαν
2582 2306 2670 2359 διὰ
2717 2309 2786 2360 τά
2832 2307 2942 2377 ἐμὰ
2976 2307 3297 2378 παθήματα.
3341 2309 3507 2362 Καὶ.⁸³
3535 2312 3738 2381 ἐπειδὴ

451 2420 536 2468 est
581 2412 760 2466 anima
799 2425 916 2465 mea
953 2425 1128 2480 usque
1177 2411 1243 2463 ad
1293 2415 1606 2472 mortemQ;
1653 2423 1669 2456 ι
1724 2403 1920 2458 merito
1971 2407 2026 2454 et

2132 2399 2191 2452 τὸ
2221 2400 2392 2463 πάθος
2425 2399 2782 2470 ἀνθρωπίνως
2823 2399 3124 2470 οἰκονομῶν
3171 2399 3430 2463 πολλάκις
3474 2403 3740 2472 προσηύ-

449 2504 696 2574 psalmus
733 2503 845 2558 haec
876 2502 1180 2572 praedicens
1213 2499 1288 2554 ait
1325 2517 1336 2551 :

2131 2491 2258 2554 ξατο
2285 2489 2434 2560 παρὰ
2461 2491 2551 2542 τὸν
2577 2491 2668 2544 τοῦ
2701 2491 2904 2555 πάθους
2939 2490 3130 2562 καιρόν
3151 2506 3165 2520 ο
3216 2509 3236 2542 ‹
3268 2491 3468 2561 Πάτερ,
3500 2492 3722 2560 λέγων,

450 2596 501 2648 εί
527 2593 772 2657 δυνατὸν,
804 2590 1120 2664 παρελθέτω
1145 2589 1205 2642 τὸ
1230 2589 1489 2660 ποτήριον
1518 2586 1674 2640 τοῦτο
1698 2583 1792 2638 ἀπ’
1841 2581 1976 2652 ἐμοῦ
2000 2597 2012 2609 ·
2071 2600 2090 2633 ι
2125 2582 2219 2635 καὶ
2267 2581 2494 2651 ἀθυμῶν
2527 2581 2679 2650 ἔλεγε
2701 2598 2714 2612 ·
2768 2603 2786 2634 ί
2819 2584 3121 2654 Περίλυπός
3164 2584 3310 2636 ἐστιν
3355 2584 3388 2656 ή
3430 2583 3579 2656 ψυχή
3626 2602 3742 2658 μου

449 2689 555 2752 ἕως
606 2686 868 2740 θανάτου’
903 2703 922 2737 ο
977 2684 1200 2746 εἰκότως
1249 2683 1341 2736 καὶ
1381 2683 1409 2734 ό
1443 2679 1658 2750 ψαλμὺς
1693 2677 1864 2732 ταῦτα
1899 2674 2285 2748 προαγορεύων
2317 2674 2453 2744 ἔφη·

529 2779 691 2835 Vens.
732 2781 784 2834 ὅ.
830 2797 848 2830 ι
885 2779 1029 2833 Deus
1063 2777 1158 2843 mi,
1192 2778 1445 2833 clamabo
1486 2791 1582 2845 per
1613 2775 1754 2829 diem
1786 2773 1853 2828 ad
1885 2781 1958 2837 te,
1978 2781 2031 2829 et

2206 2777 2276 2838 γ’.
2320 2789 2336 2821 ι
2375 2770 2432 2824 σο
2459 2769 2592 2834 Θεός
2639 2788 2742 2842 μου
2773 2771 3112 2842 κεκράξομαι
3145 2773 3359 2844 ἡμέρας
3401 2773 3540 2843 πρδς
3583 2773 3650 2828 σὲ
3667 2776 3743 2841 ab,

453 2888 564 2928 non
610 2871 891 2933 exaudies,
943 2880 998 2925 et
1044 2880 1221 2936 nocte,
1275 2877 1330 2924 et
1381 2881 1490 2924 non
1544 2866 1613 2922 ad
1662 2864 2030 2934 insipientiam

2135 2864 2229 2916 καὶ
2262 2862 2362 2914 οὐκ
2402 2861 2718 2934 είσακούσῃ,
2755 2863 2849 2915 καὶ
2883 2862 3099 2926 νυκτὸς,
3145 2865 3238 2916 καὶ
3283 2865 3382 2917 οὐκ
3426 2866 3508 2928 εἰς
3539 2866 3748 2920 ἄνοιαν

455 2964 616 3022 mihi.
654 2981 672 3014 ι
707 2961 803 3016 Vel
830 2962 1133 3018 secundum
1164 2969 1411 3026 caeteros,
1440 2968 1496 3014 et
1518 2967 1698 3026 nocte,
1730 2966 1785 3012 et
1814 2971 1920 3013 non
1951 2961 2034 3010 est

2135 2953 2276 3024 ἐμοί.
2312 2972 2328 3004 i
2366 2953 2491 3006 "l1"
2529 2953 2667 3006 κατὰ
2695 2953 2820 3016 τοὺς
2863 2953 3081 3015 λοιποὺς
3097 2954 3164 3018 ⁸⁸,
3203 2955 3302 3009 καὶ
3335 2957 3580 3022 νυκτός,
3631 2960 3747 3012 καὶ

452 3056 754 3111 silentium.
779 3075 796 3107 ι
832 3055 958 3110 Dies
975 3065 1290 3124 noctesque,
1324 3054 1521 3122 inquit,
1556 3068 1644 3106 me
1676 3052 2030 3112 clamantem,

2139 3050 2210 3101 οὺ
2231 3047 2396 3116 σιγή.
2428 3047 2686 3118 Νύκτωρ,
2718 3047 2871 3116 φησὶ,
2897 3047 2993 3101 καὶ
3021 3047 3138 3116 μεθ’
3159 3049 3375 3119 ἡμέραν
3395 3050 3674 3121 διηνεκῶς
3692 3050 3748 3085 ’τ

457 3154 514 3201 et
551 3146 716 3201 silere
767 3145 1067 3209 nolentem,
1123 3159 1231 3199 non
1289 3141 1603 3206 exaudisti,
1644 3139 1738 3194 sed
1789 3135 2034 3208 passioni

2142 3138 2392 3208 βοῶντος,
2447 3140 2541 3193 καὶ
2593 3140 2751 3210 σιγᾷν
2799 3140 2902 3192 οὐκ
2931 3139 3281 3208 ἀνεχομένου,
3315 3142 3416 3194 οὐκ
3455 3143 3745 3212 ἀκήκοας,

461 3237 762 3293 tradidisti.
789 3236 1180 3292 Verumtamen
1216 3236 1340 3290 novi
1366 3231 1791 3304 dispensationis
1833 3238 2034 3300 myste-

2141 3232 2274 3286 ἀλλὰ
2314 3230 2393 3301 τῷ
2437 3231 2598 3285 πάθει
2633 3231 2953 3302 παρέδωκας
2981 3247 2994 3260 ⁸
3053 3233 3168 3286 ἀλλ’
3209 3233 3358 3301 ὅμως
3386 3228 3503 3286 οἶδα
3537 3201 3601 3286 τὸ
3635 3235 3748 3305 τῆς

461 3329 628 3383 rium.
677 3326 791 3381 Hoc
843 3327 990 3380 enim
1034 3335 1116 3380 est
1145 3323 1290 3393 quod
1346 3320 1708 3391 signiﬁcabat,
1765 3337 1782 3368 ι
1821 3317 1941 3372 Non
1973 3314 2034 3370 ad

2142 3323 2452 3393 οἰκονομίας
2489 3324 2810 3395 μυστήριον.
2863 3324 3033 3377 Τοῦτο
3081 3324 3190 3394 γὰρ
3237 3325 3546 3397 παρεδήλου
3565 3326 3613 3356 ⁸⁸
3650 3328 3745 3395 τὸ,

462 3419 831 3490 insipientiam
865 3419 1020 3474 mihi.
1061 3436 1079 3468 ι
1117 3415 1254 3471 Novi
1299 3415 1462 3486 736
1497 3411 1642 3467 enim
1685 3424 1796 3464 non
1837 3406 2040 3464 frustra

461 3513 878 3569 concessionem
921 3511 1204 3584 petitionis
1243 3519 1297 3566 te
1327 3508 1751 3581 procrastinare,
1796 3503 1892 3560 sed
1926 3517 2043 3558 ma-

461 3623 628 3678 gnum
665 3608 796 3679 quid
833 3617 886 3662 et
915 3607 1158 3663 salutare
1179 3622 1247 3662 ex
1276 3605 1532 3676 passione
1557 3615 1875 3674 procurare.

538 3699 707 3756 Vens.
743 3701 796 3754 ι.
859 3720 877 3753 ι
929 3699 1009 3754 Tu
1059 3709 1242 3754 autem
1288 3699 1346 3754 in
1396 3705 1588 3753 sancto
1636 3694 1872 3758 habitas,
1920 3690 2042 3744 laus

466 3793 706 3849 Israelis.
749 3811 768 3844 ι
805 3793 922 3847 Hoc
945 3799 1151 3858 autem,
1175 3790 1274 3855 ait,
1299 3789 1545 3845 omnium
1569 3795 1653 3843 est
1679 3786 1916 3840 maxime
1943 3784 2042 3838 ad-

465 3886 738 3952 mirabile,
769 3885 914 3955 quod
952 3894 1005 3940 te
1035 3885 1088 3939 in
1121 3893 1313 3940 sancto
1339 3884 1444 3938 hoc
1471 3895 1703 3950 corpore
1737 3877 2038 3937 habitante,

465 3979 650 4048 passio
699 3984 1008 4047 peragatur.
1060 3973 1295 4028 Laudem
1343 3982 1525 4028 autem
1587 3969 1808 4023 Israelis
1864 3967 2040 4035 ipsum

469 4068 736 4133 nominat,
779 4077 839 4122 ut
869 4067 962 4138 qui
988 4065 1242 4121 laudatur
1279 4074 1334 4120 et
1360 4065 1682 4119 decantatur
1712 4077 1740 4114 a
1771 4059 1888 4114 suis
1919 4070 2044 4126 pro-

469 4161 604 4230 priis
635 4160 962 4215 cultoribus.
999 4156 1136 4214 Nam
1168 4172 1267 4228 pro
1299 4156 1480 4220 laude,
1535 4155 1796 4224 hymnum
1832 4151 1922 4204 alii
1954 4149 2040 4202 in-

470 4255 735 4316 terpretes
764 4254 1087 4317 posuerunt.

540 4337 703 4394 Vsus.
749 4337 802 4393 5.
860 4357 878 4390 ‹
930 4337 990 4392 ln
1042 4345 1094 4391 te
1145 4341 1505 4405 speraverunt
1553 4342 1739 4401 patres
1783 4327 1976 4384 nostri.
2018 4344 2037 4377 ι

466 4427 706 4485 Lucrum
746 4429 861 4499 spei
899 4429 1258 4484 demonstrat.

547 4543 566 4574 ι
599 4523 991 4593 Speraverunt,
1025 4528 1080 4575 et
1108 4519 1353 4574 liberasti
1388 4532 1503 4572 eos.
1542 4515 1734 4589 [Vens
1767 4513 1845 4585 6.]
1885 4511 1964 4566 Ad
1992 4521 2044 4566 te

468 4618 862 4681 clamaverunt,
889 4621 943 4668 et
968 4612 1105 4668 salvi
1136 4611 1266 4667 facti
1294 4619 1422 4666 sunt
1451 4628 1465 4666 :
1498 4609 1554 4664 in
1589 4617 1640 4663 te
1661 4612 2037 4676 speraverant,

2145 3435 2165 3469 ι
2197 3417 2311 3472 Οὐκ
2339 3417 2416 3480 εἰς
2445 3416 2634 3472 ἄνοιαν
2669 3416 2813 3486 ἐμοί.
2850 3434 2868 3468 ι
2917 3416 3170 3486 Νενόηκα
3203 3415 3310 3486 γὰρ
3345 3415 3417 3477 ὡς
3452 3416 3514 3468 οὺ
3548 3416 3748 3488 μάτην

2141 3508 2405 3564 άνεὸάλου
2431 3507 2531 3578 τὴν
2555 3508 2654 3578 τῆς
2681 3509 2949 3578 αἰτήσεως
2976 3507 3144 3574 δόσιν,
3191 3507 3330 3562 ἀλλὰ
3374 3507 3519 3578 μέγα
3548 3527 3602 3564 τι
3641 3512 3749 3565 καὶ

2143 3603 2407 3672 σωτήριον
2437 3601 2502 3654 ἐκ
2525 3599 2620 3654 τοῦ
2647 3600 2857 3664 πάθους
2887 3600 3214 3672 οἰκονομῶν.

2211 3695 2272 3749 δ’.
2307 3695 2408 3748 «Σὺ
2431 3694 2564 3747 δὲέν
2587 3694 2727 3764 ἁγίῳ
2746 3695 3016 3757 κατοικεῖς
3039 3696 3065 3747 ό
3092 3693 3313 3757 ἔπαινος
3333 3692 3426 3746 τοῦ
3447 3694 3703 3765 Ἰσραήλ.
3719 3715 3742 3749 ι

2144 3787 2218 3841 Τὸ
2261 3788 2318 3842 δὲ
2364 3787 2581 3840 πάντων
2611 3786 3053 3858 παραδοξότατόν
3085 3803 3274 3858 φησιν,
3315 3788 3398 3840 ὅτι
3431 3786 3527 3840 σοῦ
3563 3790 3625 3841 ἐν
3659 3789 3749 3858 τῷ

2141 3880 2287 3952 ἁγίῳ
2338 3880 2514 3951 τούτῳ
2571 3879 2788 3951 σώματι
2842 3879 3254 3943 κατοικοῦντος,
3313 3881 3621 3950 ἐνεργεῖται
3682 3883 3749 3935 τὸ

2142 3974 2336 4037 πάθος.
2363 3975 2649 4028 Ἐπαινον
2682 3974 2740 4028 δέ
2765 3973 2983 4046 Ἰσραὴλ
3007 3975 3173 4028 αὑτὸν
3201 3975 3479 4046 ὀνομάζει,
3513 3976 3592 4039 ὼς
3629 3977 3750 4030 ὑπὸ

2143 4067 2251 4122 τῶν
2296 4067 2511 4122 οἰκείων
2557 4063 2910 4138 Baptistae:th
2943 4068 3338 4139 ἐπαινούμενον
3384 4068 3477 4121 καὶ
3525 4069 3749 4138 ὑμνού-

2145 4177 2307 4232 μενον
2327 4178 2341 4192 ·
2391 4160 2513 4215 ἀντὶ
2555 4162 2662 4232 γὰρ
2691 4159 2784 4214 τοῦ
2812 4160 3053 4224 ἔπαινος,
3087 4160 3254 4230 ὕμνος
3281 4161 3330 4213 οἱ
3357 4161 3504 4214 άλλοι
3554 4163 3750 4216 τεθεί-

2143 4269 2304 4307 κασιν
2332 4252 2688 4324 ἐρμηνευταί.

2214 4352 2276 4402 ε’.
2321 4363 2340 4396 ι
2365 4345 2490 4398 Ἐπὶ
2513 4346 2594 4396 σοὶ
2615 4345 2850 4416 ἤλπισαν
2875 4344 2926 4396 οἱ
2955 4343 3190 4416 πατέρες
3213 4347 3246 4418 ἡ
3257 4345 3393 4417 μῶν.
3422 4365 3442 4398 ι
3477 4345 3754 4402 Δείκνυσι

2144 4433 2244 4504 τῆς
2271 4433 2485 4497 ἐλπίδος
2519 4433 2580 4487 τὸ
2610 4434 2822 4506 κέρδος.

2223 4545 2242 4579 ι
2269 4527 2540 4580 Ἦλπισαν
2571 4527 2666 4580 καὶ
2697 4526 2912 4598 ἐρρύσω
2935 4527 3153 4592 αὐτούς.
3187 4527 3312 4600 [ς’.]
3346 4528 3486 4600 Πρὸς
3519 4529 3579 4581 σὲ
3610 4529 3752 4585 ἐκέ-

2145 4617 2374 4687 κραξαν,
2421 4618 2515 4670 καὶ
2565 4615 2885 4686 ἐσώθησαν·
2939 4619 3034 4672 ἐπὶ
3084 4620 3166 4672 σοὶ
3214 4619 3469 4690 ήλπισαν,
3523 4620 3627 4672 καὶ
3680 4623 3748 4674 οὐ

467 4717 649 4764 etnon
674 4714 804 4761 sunt
830 4676 1069 4760 confusi.
1107 4722 1127 4756 ›
1168 4702 1359 4772 Atqui,
1388 4701 1584 4771 inquit,
1619 4697 1912 4753 manifesto
1942 4711 2034 4751 no-

2151 4676 2622 4778 κατησχύνθησαν.
2676 4723 2695 4758 ι
2733 4676 2965 4771 ’Καίτοῃ
3016 4708 3201 4778 φησὶν,
3236 4676 3356 4762 οῖδα
3393 4676 3605 4775 σαφῶς,
3665 4711 3751 4775 ὡς

466 4800 541 4862 vi,
578 4813 702 4853 cum
751 4811 942 4852 omnes
989 4804 1173 4866 patres
1235 4794 1408 4848 nostri
1447 4802 1540 4848 tuo
1589 4791 1791 4847 auxilio
1848 4788 2036 4844 conﬁsi

467 4897 709 4953 ‘essent,
749 4904 846 4959 spe
881 4888 1108 4963 minime
1132 4887 1424 4942 frustratos
1442 4900 1584 4947 esse,
1615 4898 1851 4952 cumque
1887 4891 2040 4936 tuum

470 4983 738 5038 auxilium
785 4981 1192 5052 implorassent,
1245 4987 1350 5034 tua:
1396 4977 1748 5048 providentiae
1802 4975 2041 5029 fructum

470 5077 706 5147 cepisse.

545 5235 566 5274 1
598 5235 759 5290 Joaa.
794 5233 946 5297 t,29,
969 5233 1060 5288 '56.
1135 5237 1174 5261 ἠ
1208 5229 1250 5284 ιι
1277 5227 1403 5283 Cor.
1437 5243 1491 5293 v,
1519 5227 1606 5281 2|.

1687 5237 1714 5264 ιι
1741 5226 1918 5282 Galat.
1954 5241 2037 5285 ιιι.
2071 5227 2160 5284 15.

2146 4796 2382 4859 ἅπαντες
2409 4795 2570 4865 ήμῶν
2604 4797 2653 4848 οί
2685 4797 2920 4866 πατέρες
2949 4799 3014 4868 τῇ
3058 4800 3122 4869 σῇ
3165 4796 3387 4869 βοηθείᾳ
3417 4795 3751 4868 θαρρήσαν-

2147 4907 2260 4957 τες,
2284 4889 2384 4941 οὑκ
2407 4887 2749 4958 ἐψεύσθησαν
2773 4889 2868 4958 τῆς
2897 4889 3111 4952 ἐλπίδος
3131 4907 3145 4920 ο
3176 4890 3270 4943 καὶ
3299 4891 3378 4952 είς
3407 4889 3753 4961 ἐπικουρίαν

2154 4996 2214 5032 σε
2246 4977 2572 5042 καλέσαντες
2597 4979 2692 5048 τῆς
2729 4977 2828 5050 σῆς
2855 4980 3114 5050 προνοίας
3140 4981 3476 5052 ἀπήλαυσαν.

2241 5236 2265 5263 °
2302 5228 2406 5284 lsa.
2431 5247 2548 5297 Lm,
2585 5233 2638 5288 5.
2714 5241 2744 5282 Ρ
2775 5231 2966 5286 Matth.
2997 5247 3147 5294 xxvi,
3178 5229 3268 5285 '59.
3344 5241 3374 5281 (ι
3405 5227 3541 5283 ibid.
3568 5230 3671 5287 '58.

1600 5385 1834 5443 VARIAE
1877 5384 2261 5441 LECTIONES
2299 5385 2386 5439 ET
2427 5385 2660 5441 NOT/E.

545 5510 586 5540 ⁷³
617 5509 975 5562 Θεσπεσίου.
1032 5508 1198 5562 Abest
1227 5523 1254 5560 a
1286 5508 1407 5560 cod.
1431 5508 1484 5561 2.

473 5649 524 5681 ⁸⁸
553 5649 708 5712 Πρός
729 5648 1015 5715 σεχΑΙΜξει
1041 5665 1068 5700 a
1097 5649 1258 5702 codd.
1297 5651 1436 5715 Aug.
1514 5649 1558 5680 ⁸⁸
1580 5652 1647 5703 Ἦ
1674 5679 1743 5688 -
1775 5663 1838 5701 σι

477 5773 645 5850 δῆλοὶ

1589 5510 1634 5540 ⁸ο
1658 5509 1923 5562 Amatae.
1955 5505 2115 5560 codd.
2137 5517 2291 5578 tres,
2321 5509 2459 5577 Aug.
2507 5509 2843 5578 praimittunt
2876 5509 3036 5564 Θεοῦ.

473 5579 518 5610 θ’
545 5579 772 5646 ’Ὠσπερ
800 5579 1124 5643 -ρ-ἐποίησ,
1171 5579 1414 5646 λόγους.
1459 5578 1581 5634 llzl'c
1617 5593 1786 5646 pauca
1824 5586 2031 5631 tantum

473 5649 524 5681 “
553 5649 708 5699 Hndc
729 5664 822 5699 σε.
852 5648 1015 5699 Abest
1041 5665 1068 5699 a
1097 5649 1258 5699 codd.
1297 5651 1436 5699 Aue.
1514 5649 1558 5680 ⁸⁸
1580 5652 1647 5699 Ἦ
1674 5679 1743 5688 -
1775 5646 1942 5699 σιγή.
1982 5646 2034 5698 ΑΙ

2121 5576 2224 5630 lbet
2257 5577 2419 5631 Col‘tl.

2121 5654 2147 5696 .l
2177 5663 2206 5699 a
2233 5649 2356 5699 cod.
2385 5649 2418 5699 5

477 5649 524 5681 ³⁸
553 5649 708 5712 Πρός
729 5664 822 5700 σε.
852 5648 1015 5700 Abest
1041 5665 1068 5700 a
1097 5649 1258 5702 codd.
1297 5651 1436 5715 Aug.
1514 5649 1558 5680 ⁸⁸
1580 5652 1647 5703 Ἦ
1674 5679 1743 5688 -
1775 5646 1942 5714 σιγή.
1982 5646 2147 5698 Abest
2177 5663 2206 5701 a
2233 5649 2356 5701 eod.
2385 5649 2437 5701 5.

477 5715 690 5786 Svnim.
723 5726 779 5772 et
810 5714 1071 5770 Theodot.
1110 5717 1266 5773 testis
1291 5725 1373 5774 est
1415 5716 1604 5777 Menti.
1635 5719 1672 5774 Ι.
1697 5732 1746 5773 c.
1776 5727 1814 5772 t.
1853 5717 1892 5784 I,
1923 5731 1977 5786 p.
2019 5715 2143 5770 500.
2247 5718 2293 5748 ⁸⁷
2332 5721 2434 5786 Am

3141 5510 3183 5542 "
3220 5511 3341 5565 cod.
3379 5510 3399 5562 1
3434 5509 3748 5579 tropus-sv.

2472 5595 2525 5647 p.
2555 5580 2679 5633 ⁸585.
2784 5581 2831 5612 ⁸³
2861 5581 2968 5633 Καὶ
2999 5611 3066 5620 -
3096 5581 3233 5649 ἔφη.
3267 5580 3388 5634 Des.
3440 5581 3491 5632 in
3529 5583 3660 5634 oud.
3689 5581 3747 5636 5.

2515 5651 2562 5680 ⁸⁸
2602 5651 2884 5716 Λοιπούς.
2909 5651 3034 5704 cod.
3060 5650 3093 5703 2
3123 5650 3374 5712 πολλούς.
3402 5650 3475 5701 De
3515 5651 3747 5718 Aquila,

2247 5718 2293 5748 ⁸⁷
2332 5719 2650 5787 Διηνεκῶς.
2683 5721 2847 5775 Abest
2886 5737 2916 5775 a
2949 5720 3071 5777 cod.
3108 5721 3159 5775 9.
3255 5722 3299 5752 ⁸⁸
3323 5721 3448 5776 cod.
3489 5721 3526 5774 5
3559 5738 3750 5789 παρα-
