3870 6318
137 300 285 370 1013

1512 307 1591 367 ΙΝ
1623 307 1826 378 PSAL.
1880 307 2044 368 ΧΧΙ.

3274 313 3402 380 1οΗ

131 433 136 438 ’
209 420 278 485 ζ’.
338 439 356 472 ι
389 419 535 490 Ἐγὼ
582 422 638 475 δέ
689 424 804 490 εἰμι
859 423 1096 493 σκώληξ,
1143 423 1236 476 καὶ
1269 424 1370 476 οὐκ
1401 422 1686 494 ἅνθρωπος
1716 435 1728 450 ·

1898 422 2075 478 .Vens.
2121 422 2172 477 7.
2223 442 2240 475 ι
2279 421 2392 492 Ego
2430 433 2609 479 autem
2651 438 2773 479 sum
2807 423 3032 491 vermis,
3065 435 3118 480 et
3158 442 3269 482 non
3311 441 3409 483 no-

133 513 345 576 ὄνειδος
378 512 667 583 άνθρώπου
687 514 752 579 ⁸ο,
801 515 896 566 καὶ
932 513 1268 584 ἐξουθένημα
1318 513 1470 567 λαοῦ.
1523 532 1542 565 ι
1591 512 1732 580 Ἐγὼ

135 605 220 669 δὲ,
272 605 428 674 φησὶ,
473 605 630 676 δίκην
681 606 984 678 σκώληκος,
1030 607 1249 678 εὐτελής
1288 625 1348 660 τε
1395 605 1603 676 ῶφθην,
1642 605 1735 660 καὶ

137 698 552 766 καταγέλαστος
581 701 872 770 ἐγενόμην.
923 701 1079 763 Τινὲς
1121 701 1176 753 δὲ
1203 699 1292 753 διὰ
1321 698 1416 752 τοῦ
1455 698 1735 769 σκώληκος

138 787 298 844 εἶπον
326 791 768 862 παραδηλοῦσθαι
797 794 890 846 καὶ
917 792 1015 864 τὴν
1043 796 1106 846 ἐκ
1138 793 1418 865 Παρθένου
1450 793 1702 861 γέννησιν
1720 809 1733 822 ·

141 883 244 936 οὐκ
268 885 335 936 ἐκ
365 883 653 946 συνουσίας
686 883 796 954 γὰρ
829 879 980 948 οὗτος
997 887 1042 916 ⁹⁰
1075 885 1186 956 ἔχει
1217 887 1278 939 τὸ
1312 882 1470 940 εἶναι.
1513 885 1653 954 Ἐγὼ
1680 887 1735 938 δὲ

142 971 390 1042 ἠγοῦμαι
438 971 536 1042 τὴν
584 972 860 1028 εὐτέλειαν
907 973 996 1027 διὰ
1040 973 1134 1027 τοῦ
1183 973 1466 1042 σκώληκος
1504 973 1737 1028 ἐνταῦθα

144 1064 311 1134 μόνον
329 1063 372 1094 ⁹¹
407 1063 851 1133 παραδηλοῦσθαι
873 1066 1303 1136 τεκμαιρόμενος
1321 1068 1366 1098 ’³
1385 1107 1399 1129 ,
1426 1067 1559 1137 φησὶ
1589 1067 1694 1135 γάρ
1719 1081 1732 1094 ’

216 1163 286 1226 η’,
329 1156 394 1210 θ’.
443 1175 460 1207 ι
498 1157 705 1219 Πάντες
731 1157 780 1208 οἱ
811 1156 1145 1229 θεωροῦντές
1174 1177 1264 1228 με,
1299 1158 1736 1230 ἐξεμυκτήρισάν

146 1265 215 1318 με
238 1265 251 1278 ·
285 1248 554 1318 ἐλάλησαν
583 1250 640 1301 ἐν
674 1249 929 1318 χείλεσιν,
961 1250 1218 1318 ἐκίνησαν
1243 1251 1508 1322 κεφαλήν.
1543 1252 1738 1304 Ἥλπι-

145 1358 241 1395 σεν
275 1342 370 1396 ἐπὶ
407 1342 632 1410 Κύριον,
672 1342 928 1412 ῥυσάσθω
955 1343 1114 1396 αὐτόν
1135 1359 1148 1372 ·
1182 1345 1411 1400 σωσάτω
1441 1343 1624 1409 αὐτὸν,
1655 1343 1736 1396 ὅτι

144 1431 296 1485 θέλει
318 1431 501 1485 αὐτόν.
538 1451 557 1484 ι
602 1433 710 1485 Ka‘t
741 1432 911 1486 ταῦτά
942 1434 1148 1486 tactv”
1181 1437 1238 1488 ἐν
1268 1437 1379 1498 τοῖς
1432 1435 1598 1506 ἱεροῖς
1630 1434 1737 1487 Εὐ-

143 1523 425 1590 αγγελίοις
456 1523 859 1594 προσκείμενα’
903 1545 922 1576 ι
955 1525 1148 1579 Πολλοὶ
1177 1525 1306 1596 γὰρ,
1341 1526 1495 1595 φησὶ,
1525 1525 1738 1581 κινοῦνο

141 1632 235 1676 τες
262 1615 360 1678 τὰς
389 1616 631 1685 κεφαλὰς
645 1617 711 1678 ⁸⁵,
739 1617 923 1685 ἔλεγον
943 1635 956 1648 ο
987 1618 1179 1681 ἄλλους
1210 1617 1434 1684 ἔσωσεν,
1462 1618 1653 1673 ἑαυτὸν
1676 1619 1736 1673 οὐ

143 1705 369 1760 δύναται
404 1707 595 1763 σῶσαι.
631 1728 649 1760 ι
703 1711 814 1764 Καὶ
853 1709 960 1764 τῶν
995 1710 1209 1782 λῃστῶν
1242 1710 1467 1781 θάτερος
1510 1711 1691 1779 ἔλεγεν
1718 1728 1732 1743 ο

1839 531 1949 578 mo,
1993 515 2348 586 opprobrium
2375 517 2635 581 hominis,
2667 525 2721 571 et
2748 516 2986 587 abjectio
3012 518 3210 588 plebis.
3245 538 3263 571 ι
3298 521 3412 587 Ego

1833 619 2040 673 autem,
2069 610 2164 674 ait,
2196 619 2248 665 et
2279 610 2451 664 instar
2479 611 2682 665 vermis
2726 611 2848 666 vilis
2878 611 3031 668 visus
3063 628 3210 678 sum,
3255 621 3309 668 et
3341 613 3414 667 ri-

1837 700 2054 754 diculus
2093 698 2288 774 factus.
2324 699 2505 768 Aliqui
2533 715 2629 768 per
2659 715 2880 754 vcrmen
2908 700 3122 755 ostendi
3155 698 3410 755 dixerunt

1825 791 2179 846 nativitatem
2205 807 2268 844 cx
2301 789 2523 860 Virgine
2551 810 2564 847 :
2598 807 2722 846 nam
2752 792 2953 847 vermis
2993 807 3101 846 non
3141 792 3316 848 oritur
3345 805 3410 844 ex

1836 881 2153 936 concubitu.
2193 881 2301 952 Ego
2323 897 2453 937 vero
2486 892 2614 948 puto
2672 899 2765 953 per
2792 899 3030 939 vermem
3060 888 3163 940 hoc
3199 885 3253 939 in
3291 885 3412 939 loco

1839 983 2049 1028 tantum
2080 975 2340 1029 vilitatem
2386 974 2622 1031 ostendi.
2665 974 2780 1031 Hoc
2817 991 2882 1031 ex
2905 991 2972 1032 eo
2997 977 3252 1048 conjicio,
3286 976 3414 1046 quia

1837 1067 1969 1122 dicit
2005 1087 2019 1121 :

1911 1157 2076 1214 Vens.
2104 1158 2157 1224 8,
2189 1159 2242 1214 9.
2291 1177 2308 1210 ι
2347 1156 2550 1214 Omnes
2571 1157 2819 1214 videntes
2841 1173 2946 1222 me,
2976 1159 3286 1215 deriserunt
3306 1177 3415 1229 me,

1836 1245 1890 1304 et
1917 1250 2086 1306 locuti
2127 1260 2256 1306 sunt
2291 1249 2472 1313 labiis,
2518 1259 2572 1304 et
2618 1257 2908 1304 moverunt
2947 1258 3130 1318 caput.
3165 1247 3421 1318 Speravit

1842 1342 1896 1395 in
1929 1340 2183 1404 Domino,
2217 1341 2415 1410 eripiat
2439 1355 2563 1396 eum
2600 1357 2613 1392 :
2654 1339 2864 1393 salvum
2897 1337 3062 1393 faciat
3097 1335 3241 1404 eum,
3281 1353 3416 1408 quo-

1845 1432 1992 1487 niam
2023 1433 2324 1486 delectatur
2352 1432 2466 1486 illo.
2501 1451 2518 1484 ι
2553 1431 2617 1486 Et
2647 1431 2764 1485 haec
2803 1431 2858 1484 in
2895 1429 3071 1484 sacris
3107 1426 3419 1498 Evangeliis

1841 1525 2018 1595 posita
2045 1533 2193 1579 sunt.
2235 1543 2253 1576 ι
2293 1523 2445 1579 Multi
2471 1524 2637 1588 enim,
2673 1523 2871 1593 inquit,
2901 1529 3183 1576 moventes
3216 1520 3418 1589 capita,

1839 1616 2126 1670 dicebant:
2154 1617 2304 1673 Alios
2331 1618 2512 1672 salvos
2539 1617 2686 1682 fecit,
2709 1631 2766 1671 se
2791 1616 2969 1684 ipsum
3002 1613 3212 1669 salvum
3237 1612 3420 1668 facere

1842 1723 1952 1762 non
1989 1707 2149 1778 737
2193 1717 2370 1777 potest
2395 1718 2444 1762 τ.
2483 1728 2500 1761 ι
2552 1707 2617 1763 Et
2660 1708 2797 1762 alter
2837 1706 3109 1759 latronum
3155 1703 3368 1759 dicebat
3401 1719 3418 1754 :

152 1818 170 1850 ι
205 1801 266 1852 Εἰ
301 1801 429 1864 Υἱὸς
463 1798 514 1855 εἷ
553 1803 648 1855 τοῦ
692 1802 849 1868 Θεοῦ,
889 1803 1060 1857 σῶσον
1109 1804 1332 1856 σεαυτὸν
1373 1805 1467 1857 καὶ
1500 1805 1668 1874 ἡμᾶς.
1710 1823 1728 1856 ι

1845 1820 1861 1852 ι
1902 1799 1957 1854 Si
1985 1811 2039 1854 tu
2064 1817 2123 1856 es
2150 1800 2318 1855 Filius
2347 1801 2464 1865 Dei,
2496 1802 2705 1856 salvum
2731 1799 2816 1854 fac
2839 1805 2893 1852 tc
2912 1797 3091 1867 ipsum
3116 1804 3170 1850 et
3191 1801 3358 1850 nos'.
3394 1811 3414 1846 ι

141 1893 257 1945 Καὶ
293 1893 476 1961 μέντοι
507 1895 602 1947 καὶ
633 1896 720 1949 τό·
761 1915 779 1947 ι
807 1895 1076 1949 Ἤλπισεν
1103 1897 1195 1950 ἐπὶ
1224 1896 1451 1967 Κύριον,
1480 1895 1734 1967 ῥυσάσθω

141 1984 329 2050 αὐτὸν,
371 1988 600 2039 σωσάτω
640 1987 821 2048 αὐτὸν,
865 1990 947 2042 ὃτι
987 1987 1130 2042 θέλει
1165 1988 1351 2054 αὑτὸν,
1395 2008 1413 2040 ι
1471 1989 1592 2042 sv“
1621 1990 1735 2052 τοῖς

145 2077 316 2147 ἱεροῖς
344 2079 702 2146 Εὑαγγελίοις
733 2079 881 2131 ἔστιν
909 2080 1112 2150 εὑρεῖν.

218 2177 271 2232 ι’,
300 2177 391 2224 ια’.
441 2189 458 2222 ι
487 2171 606 2224 Ὅτι
642 2171 705 2225 σὺ
737 2167 789 2224 εἴ
819 2173 847 2223 6
877 2173 1160 2234 ἐκσπάσας
1189 2189 1256 2244 με
1295 2172 1357 2225 ἐκ
1390 2171 1627 2242 γαστρός
1648 2188 1661 2202 ⁸
1699 2172 1732 2241 ἡ

141 2262 300 2325 ἐλπίς
351 2279 454 2332 μου
507 2263 616 2316 ἀπὸ
671 2263 895 2332 μασθῶν
939 2265 1037 2334 τῆς
1093 2264 1299 2334 μητρός
1343 2281 1466 2338 μου.
1519 2263 1644 2317 Ἐπὶ
1675 2263 1734 2316 σὲ

139 2339 452 2423 ἑπερῤίφην
497 2354 564 2404 ἐκ
597 2353 844 2423 μήτρας-⁸
895 2353 1005 2406 ἀπὸ
1051 2354 1286 2424 γαστρὸς
1319 2354 1365 2385 ⁸⁵
1401 2353 1605 2424 μητρός
1631 2369 1732 2422 μου

140 2442 279 2505 θεός
314 2459 416 2511 μου
442 2438 495 2495 εἷ
525 2443 612 2496 σύ.
643 2463 662 2496 ι
714 2443 899 2497 Ταῦτα
933 2446 1026 2497 καὶ
1055 2446 1081 2498 6
1113 2445 1383 2515 μακάριος
1411 2444 1735 2516 προεθέσπι-

143 2535 294 2587 cev”
337 2535 566 2599 Ἡσαΐας
599 2552 613 2568 ο
659 2535 898 2606 εἰρηκὼς
934 2537 1063 2609 γὰρ,
1097 2539 1178 2591 ὅτι
1228 2557 1245 2589 ι
1286 2537 1346 2591 Ἦ
1383 2538 1648 2610 παρθένος
1677 2541 1734 2591 ἐν

141 2627 348 2696 γαστρὶ
391 2626 640 2696 λήψεται,
679 2628 774 2682 καὶ
809 2629 1022 2692 τέξεται
1051 2629 1186 2696 υἱὸν,
1224 2631 1316 2683 καὶ
1354 2629 1642 2683 καλέσουσι
1673 2629 1735 2683 τὸ

139 2715 316 2784 ὕνομα
362 2715 528 2768 αὑτοῦ
573 2714 946 2787 Ἐμμανουὴλ,
987 2737 1004 2769 ι
1059 2720 1308 2786 ἐπήγαγε
1335 2734 1349 2748 ο
1406 2738 1422 2769 ι
1462 2719 1733 2789 Βούτυρον

138 2806 242 2860 καὶ
273 2806 397 2877 μέλι
413 2807 457 2840 ⁹⁸
489 2807 748 2876 φάγεται,
775 2811 959 2881 πρὶνῆ
993 2811 1194 2878 γνῶναι
1226 2811 1388 2863 αὑτὸν
1409 2812 1454 2844 ³⁸
1488 2810 1691 2879 ἀγαθὸν
1712 2811 1729 2842 ³

138 2898 174 2969 ἢ
232 2901 404 2954 κακόν
438 2902 481 2964 ⁸,
529 2901 750 2954 ἀπειθεῖ
801 2903 1038 2974 πονηρίᾳ
1067 2905 1110 2966 ³,
1160 2903 1255 2957 τοῦ
1307 2903 1628 2969 ἐκλέξασθαι
1673 2903 1733 2956 τὸ

135 2990 374 3058 ἀγαθόν.
431 3011 449 3044 ι
503 2994 616 3046 Kal.
660 2996 688 3046 6
734 2995 1045 3066 μακάριοςδ
1079 2996 1258 3049 τοίνυν
1300 2997 1487 3060 Δαΰὶδ,
1532 2996 1609 3066 τῷ
1636 2995 1730 3048 τοῦ

137 3085 456 3139 Δεσπότουδ
485 3086 720 3157 Χριστοῦ
754 3088 1094 3159 κεχρημένος
1125 3087 1401 3161 προσώπῳ
1433 3090 1618 3160 φησιν,
1649 3091 1730 3142 ὅτι

138 3177 220 3232 Σύ
253 3196 322 3249 με
353 3179 446 3232 καὶ
479 3156 772 3244 διέπλασας
817 3156 874 3233 ἐν
916 3156 1118 3252 μήτρᾳ,
1168 3156 1261 3235 καὶ
1314 3156 1524 3235 ἐκεῖθεν
1570 3180 1732 3235 πάλιν
1761 3156 1808 3217 c

135 3271 436 3342 ἐξήγαῖες,
469 3271 563 3326 καὶ
607 3271 687 3324 ἔτι
732 3271 1143 3342 τιθηνούμενος,
1197 3274 1290 3326 καὶ
1333 3273 1430 3343 τὴν
1471 3271 1731 3344 μητρῴαν

136 3362 321 3415 ἕλκων
348 3362 540 3432 θηλὴν,
572 3363 670 3432 τῆς
702 3361 802 3432 σῆς
829 3362 1155 3434 κηδεμονίας
1188 3363 1287 3427 τὰς
1329 3362 1468 3433 ἐμὰς
1507 3363 1729 3427 ἐλπίδας

135 3453 444 3523 ἐξήρτησα.

221 3543 314 3613 ιβ’.
361 3563 379 3594 ι
405 3544 493 3614 Μὴ
528 3545 773 3615 ἀποστῇς
805 3545 900 3599 ἀπ’
932 3543 1090 3614 ἐμοῦ,
1119 3544 1200 3597 ὃτι
1231 3543 1408 3614 θλίψις
1437 3544 1626 3614 ἐγγὺς,
1655 3547 1736 3600 ὅτι

135 3636 250 3690 οὐκ
282 3634 427 3689 ἔστιν
451 3637 478 3688 6
509 3635 724 3707 βοηθῶν
751 3637 897 3706 μοιθ.
933 3656 949 3687 ι
983 3637 1093 3690 Καὶ
1117 3636 1224 3706 γὰρ
1248 3636 1370 3689 τότε
1389 3636 1409 3666 ⁷
1431 3637 1542 3690 τῶν
1570 3637 1741 3709 μαθη-

134 3729 255 3781 τῶν
307 3728 469 3781 αὐτὸν
522 3728 896 3783 κατελελοίπει
943 3729 1136 3799 χορόςο
1191 3723 1309 3782 εἶτα
1352 3729 1605 3800 προλέγει
1637 3730 1737 3800 τῆς

135 3819 383 3888 θλίψεως
409 3821 484 3874 τὰ
511 3821 625 3891 εἴδη
640 3819 681 3874 ⁸.

219 3916 312 3979 ιγ’,
348 3910 428 3965 ιδ’.
477 3931 495 3964 ι
525 3911 984 3982 Περιεκύκλωσάν
1022 3928 1086 3982 με
1117 3911 1310 3982 μόσχοι
1348 3911 1530 3965 πολλοι
1553 3930 1567 3944 ο
1600 3911 1734 3966 ταῦ-

135 4021 232 4076 ροι
265 4002 450 4067 πίονες
481 4003 768 4076 περιέσχον
805 4021 891 4074 με.
940 4003 1197 4068 Ἥνοιξαν
1229 4003 1316 4056 ἐπ’
1344 4003 1446 4073 ἐμὲ
1474 4003 1533 4056 τὸ
1562 4003 1736 4074 στόμα

133 4097 360 4160 αὐτῶν,
402 4097 479 4161 ὡς
512 4097 648 4152 λέων
679 4098 944 4168 ἁρπάζων
978 4099 1070 4151 καὶ
1101 4097 1434 4168 ῶρυόμενος.
1473 4116 1491 4150 ι
1527 4095 1734 4150 Καλεῖ⁹

129 4191 198 4243 δὲ
247 4189 527 4256 ταύρους,
561 4194 686 4253 τοὺς
722 4189 902 4260 ἱερέας
933 4191 1026 4243 καὶ
1054 4190 1093 4243 Γ
1101 4190 1446 4261 ραμματέας,
1490 4189 1589 4259 τὴν
1639 4189 1733 4241 τοῦ

132 4282 279 4343 λαοῦ
313 4281 785 4352 πεπιστευμένους
827 4281 1022 4354 ἀρχὴν,
1069 4283 1164 4335 καὶ
1215 4281 1384 4352 πολλῇ
1433 4281 1735 4353 θρασύτητι

131 4371 552 4441 κεχρημένουςο
589 4372 867 4440 μόσχους
899 4371 975 4436 δὲ,
1005 4372 1131 4434 τοὺς
1154 4371 1196 4402 ¹⁰
1227 4370 1320 4424 ὑπ’
1351 4370 1550 4433 αὐτοὺς
1579 4387 1734 4423 τετα-

1841 1899 2019 1967 Atque
2067 1898 2173 1951 hoc
2221 1895 2432 1951 etiam:
2483 1913 2503 1946 ι
2536 1894 2790 1963 Speravit
2835 1895 2889 1948 in
2933 1893 3192 1955 Domino,
3223 1889 3420 1961 eripiat

1841 2005 1988 2055 eum,
2028 1989 2241 2043 salvum
2272 1987 2436 2042 faciat
2459 2002 2606 2050 eum,
2640 1987 2899 2056 quoniam
2931 1986 3236 2041 delectatur
3264 1996 3353 2048 eo,
3395 2001 3414 2034 ι

1841 2081 1895 2137 in
1924 2083 2094 2137 sacris
2119 2080 2432 2152 Evangeliis
2456 2079 2691 2134 inveniri
2716 2087 2913 2149 potest.

1912 2174 2080 2229 Vens.
2136 2173 2234 2238 l0,
2276 2173 2361 2227 Η.
2404 2179 2428 2224 ι’
2462 2171 2733 2239 Quoniam
2777 2181 2836 2226 tu
2899 2184 2961 2226 es
2999 2169 3095 2240 qui
3132 2167 3418 2225 extraxisti

1832 2281 1928 2320 .me
1950 2281 1980 2320 c
2011 2273 2224 2330 ventre;
2259 2279 2384 2333 spes
2413 2279 2532 2318 mea
2557 2263 2626 2318 ab
2655 2263 2915 2319 uberibus
2949 2261 3142 2317 matris
3171 2275 3326 2316 meae.
3357 2259 3419 2314 lu

1831 2369 1892 2413 .te
1921 2356 2198 2427 proiectus
2244 2371 2367 2411 sum
2400 2371 2467 2410 ex
2512 2363 2696 2419 utero,
2729 2355 2874 2410 inde
2914 2369 2945 2409 a
2990 2362 3180 2409 ventre
3227 2351 3422 2406 matris

1841 2467 1976 2504 mea:
2008 2449 2148 2506 Deus
2195 2465 2348 2504 meus
2383 2463 2449 2504 es
2498 2457 2576 2504 tu.
2612 2467 2632 2501 ι
2674 2447 2802 2503 Haec
2827 2447 2992 2502 etiam
3035 2447 3223 2501 beatus
3251 2443 3422 2499 Isaias

1841 2544 2170 2599 vaticinatus
2201 2552 2304 2599 est.
2336 2542 2473 2598 Cum
2505 2543 2651 2596 enim
2689 2541 2976 2596 dixissetz:
3022 2559 3040 2590 ι
3089 2539 3226 2595 Ecce
3265 2537 3424 2606 virgo

1837 2635 2110 2703 concipiet
2152 2635 2208 2690 in
2248 2644 2430 2697 utero,
2480 2645 2535 2688 ct
2577 2632 2755 2697 pariet
2799 2632 2994 2699 ﬁlium,
3043 2638 3098 2686 et
3147 2629 3424 2686 vocabunt

1841 2743 2040 2782 nomen
2091 2727 2211 2798 ejus
2257 2726 2601 2793 Emmanuel,
2630 2745 2660 2777 ·ι
2720 2723 3044 2794 subiunxit:
3094 2741 3112 2774 ι
3161 2721 3420 2791 Butyrum

1838 2831 1892 2875 ct
1945 2820 2050 2873 mel
2107 2819 2401 2886 comedet,
2462 2824 2517 2874 et
2575 2818 2898 2889 priusquam
2959 2816 3075 2886 ipse
3129 2823 3423 2884 cognoscat

1839 2911 2076 2974 bonum,
2141 2913 2226 2965 vel
2287 2911 2535 2977 malum,
2593 2926 2704 2965 non
2775 2909 3116 2978 obtemperat
3173 2905 3418 2967 malitiae,
3479 2969 3496 2979 ο

1839 3013 1901 3058 ιιι
1957 3004 2122 3072 eligat
2186 3005 2390 3058 bonum
2431 3004 2448 3041 ι
2490 3023 2508 3056 ι
2566 3002 2768 3058 Beatus
2829 3001 2993 3072 igitur
3068 2997 3260 3063 David,
3309 2995 3422 3051 Do-

1839 3096 1975 3150 mini
2004 3095 2210 3150 Ghristi
2242 3110 2436 3166 gerens
2487 3110 2802 3165 personam,
2843 3093 2918 3148 ait
2948 3110 2960 3146 :
2995 3091 3075 3146 Tu
3113 3099 3170 3145 et
3219 3089 3424 3143 fortna-

1840 3189 1907 3243 sti
1955 3202 2043 3242 me
2085 3188 2140 3241 in
2181 3196 2358 3252 utero,
2397 3194 2453 3242 et
2483 3185 2633 3240 illinc
2672 3200 2868 3240 rursus
2907 3181 3145 3239 eduxisti
3183 3199 3196 3234 :
3237 3188 3293 3234 et
3325 3177 3421 3232 ad-

1841 3280 1950 3335 huc
1991 3278 2218 3345 lactens,
2259 3278 2560 3348 matrisque
2601 3279 2766 3332 ubera
2801 3289 3024 3347 sugens,
3066 3274 3123 3328 in
3162 3281 3253 3328 tua
3289 3285 3422 3328 cura

1839 3385 1991 3441 spem
2025 3386 2202 3427 meam
2240 3370 2524 3425 collocavi.

1918 3531 2080 3584 Vsus.
2121 3529 2212 3582 l2.
2252 3548 2271 3580 ι
2313 3526 2389 3582 Ne
2418 3527 2745 3583 discesseris
2789 3539 2822 3579 a
2871 3539 2978 3592 me,
3027 3521 3287 3594 quoniam
3323 3517 3420 3573 tri-

1839 3623 2049 3678 bulatio
2073 3624 2321 3693 proxima
2348 3632 2452 3688 est,
2478 3622 2735 3692 quoniam
2767 3635 2878 3674 non
2907 3617 3108 3688 estqui
3138 3615 3413 3684 adjuvet.»

1839 3716 2053 3771 Etenim
2087 3715 2483 3785 discipulorum
2509 3715 2711 3770 chorus
2735 3725 2865 3768 tunc
2891 3713 3072 3782 ips‘um
3099 3711 3414 3786 dereliquit.

1837 3807 2042 3864 Deinde
2069 3809 2384 3865 amictionis
2417 3811 2630 3878 species
2658 3807 2924 3877 praedicit.

1916 3902 2078 3957 Vens.
2115 3902 2202 3964 l5,
2238 3901 2326 3954 14.
2366 3919 2383 3952 ι
2405 3900 2898 3956 Circumdederuut
2929 3914 3014 3954 me
3039 3897 3190 3953 vituli
3224 3902 3420 3969 multi;

1827 3993 1982 4058 tauri
2037 3993 2266 4064 pingues
2315 3991 2650 4048 obsederunt
2705 4006 2810 4045 me.
2867 3991 3216 4061 Aperuerunt
3259 4009 3422 4062 super

1837 4100 1925 4138 me
1953 4098 2016 4139 os
2051 4099 2236 4149 suum,
2268 4083 2410 4138 sicut
2443 4083 2528 4136 lco
2572 4081 2790 4151 rapiens
2851 4090 2906 4135 et
2933 4080 3178 4150 rugiens.
3221 4101 3237 4132 ι
3284 4080 3424 4135 Ταα-

1838 4195 1924 4232 ros
1953 4185 2134 4232 autem
2158 4185 2320 4232 vocat
2345 4174 2664 4231 sacerdotes
2689 4185 2744 4228 et
2782 4172 3024 4237 Scrihas,
3049 4174 3248 4244 quibus
3275 4176 3421 4244 priu—

1837 4269 2054 4339 cipatus
2079 4268 2265 4338 pepuli
2308 4267 2640 4323 commissus
2665 4276 2803 4332 erat,
2843 4265 3048 4336 quique
3077 4267 3246 4322 multa
3282 4268 3423 4322 fero-

1838 4362 1922 4419 cia
1956 4362 2292 4417 utcbantur:
2324 4359 2490 4431 738
2521 4358 2715 4414 vitulos
2746 4374 2896 4421 vero,
2928 4373 3116 4414 eorum
3151 4359 3418 4413 subditos.

128 4465 383 4535 γμένους
409 4481 422 4495 ·
473 4465 692 4532 πίονας
722 4464 779 4518 δὲ
826 4464 1023 4528 αὐτοὺς
1055 4465 1334 4535 ὀνομάζει,
1381 4463 1457 4526 ὡς
1493 4465 1610 4527 τοῖς
1641 4464 1732 4517 ὑπ’

1845 4458 1853 4477 ⁵
1889 4453 2062 4509 Vocat
2090 4453 2253 4509 etiam
2283 4468 2380 4509 eos
2410 4452 2652 4522 pingues,
2687 4459 2950 4519 tanquam
2987 4449 3148 4506 bonis
3191 4451 3260 4504 ab
3305 4450 3421 4520 ipso

130 4550 374 4606 αὑτοῦη
411 4551 798 4623 χορηγηθείσιν
843 4554 1291 4624 ἐντρυφήσαντας
1338 4552 1584 4620 ἀγαθοῖς.
1629 4552 1733 4607 Οὖ-

126 4639 277 4694 τω¹⁸
308 4639 417 4711 γὰρ
451 4641 546 4694 καλ⁸
590 4642 618 4693 6
655 4641 828 4712 μέγας
883 4642 1239 4713 προείρηκε¹³
1274 4643 1479 4712 Μωσῆς
1502 4657 1516 4673 ⁶
1573 4661 1592 4695 ι
1624 4644 1732 4698 Kal.

129 4729 347 4799 ἔφαγεν
399 4729 613 4795 Ἰακὼϐ,
671 4734 760 4791 καὶ
793 4732 1118 4804 ἐνεπλήσθη,
1161 4733 1256 4786 καὶ
1294 4733 1658 4788 ἀπελάκτισεν
1703 4737 1731 4788 6

129 4823 526 4894 ἡγαπημένος,
573 4823 857 4896 ἐλιπάνθη,
902 4825 1203 4896 ἐπαχύνθη,
1253 4825 1583 4898 ἐπλατύνθη,
1637 4826 1733 4880 καὶ

1839 4548 2202 4619 suppeditatis
2245 4545 2614 4602 abundantius
2652 4543 2915 4600 fruentes.
2965 4543 3057 4598 Sic
3099 4543 3243 4598 enim
3280 4558 3420 4612 pra:-

1831 4641 1978 4704 gdixit
2007 4641 2176 4697 etiam
2210 4654 2442 4710 mgnus
2481 4638 2660 4694 Moses
2690 4655 2704 4693 :
2745 4656 2763 4689 ι
2795 4635 2861 4690 Ει
2886 4635 3123 4691 comedit
3149 4633 3338 4700 Jacob,
3369 4643 3425 4690 et

1839 4734 1960 4788 cibo
1984 4733 2223 4802 repletus
2249 4741 2331 4786 est
2355 4747 2368 4796 ;
2389 4731 2622 4786 dilectus
2646 4727 3034 4790 recalcitravit,
3061 4727 3422 4787 incrassatus,

1844 4824 2239 4895 impinguatus,
2285 4832 2339 4878 et
2380 4823 2638 4878 dilatatus
2680 4830 2784 4886 est,
2817 4830 2871 4875 ct
2908 4819 3204 4890 dereliquit
3253 4816 3426 4874 Deum

215 4989 240 5018 ι’
273 4979 466 5036 Matth.
503 4996 675 5050 xxvn,
708 4983 797 5038 42.
876 4997 899 5032 s
935 4983 1068 5039 Luc.
1105 4953 1263 5050 χχιιι,
1296 4984 1385 5040 39.
1469 4985 1486 5020 ί
1527 4983 1634 5040 lsa.
1671 5001 1733 5040 vu

1845 4984 1893 5052 4,
1931 4984 2020 5039 15.

1281 5123 1516 5182 ἻΑῙΠᾹ]
1557 5123 1946 5184 LECTIONES
1986 5124 2076 5180 ET
2114 5123 2354 5180 NOTZE.

209 5286 270 5354 ’97
305 5293 425 5335 con.
465 5283 512 5346 Ι,
564 5282 599 5335 3
636 5281 962 5354 ἀνθρώπων.

1075 5283 1120 5315 ⁹⁰
1157 5279 1366 5350 Οὗτος.
1405 5285 1527 5339 cod.
1574 5285 1625 5350 l,
1653 5283 1688 5337 2
1721 5300 1784 5340 ac
1812 5283 1962 5338 Flor.

2001 5298 2188 5352 praem.
2247 5282 2391 5337 οὐδέ.
2497 5285 2539 5316 ⁹¹
2577 5284 2804 5338 Μόνον.
2834 5283 3002 5337 Abest
3033 5297 3061 5335 a
3095 5280 3216 5352 cod.
3266 5279 3415 5352 Flor.

133 5359 198 5430 "7
230 5353 725 5430 Texgcgpo’usfoc;
745 5351 876 5407 'cod.
911 5351 1060 5430 Flor1
1097 5371 1286 5430 prtem.
1313 5358 1426 5417 τοῖς
1460 5353 1606 5430 ἐ-ξῆς.

1847 5351 2249 5430 σιςιν.“οοι1.¹1,
2280 5353 2315 5430 ἓ
2350 5353 2480 5430 add.
2516 5355 2720 5430 stips-iv.
2797 5351 3188 5430 °f-ngacz_.§r2_r;_.
3222 5354 3346 5430 coll:
3387 5351 3410 5404 ί

133 5427 271 5479 add.
298 5419 528 5476 αὐτῶν(
575 5424 620 5455 9'
663 5426 764 5477 Ἑν
797 5453 870 5465 —-
896 5419 1116 5490 εὑρεῖν.
1156 5426 1282 5479 Des.
1311 5431 1361 5478 in
1393 5426 1517 5480 cod.
1539 5419 1608 5477 ’2.
1686 5424 1731 5455 ³⁵

1849 5425 1928 5475 πὸ
1952 5423 2238 5492 γαστρός.
2280 5422 2409 5477 Rec.
2446 5419 2608 5478 lectio
2639 5426 2702 5477 ἐκ
2731 5419 2978 5486 κοιλίαςζ
3039 5425 3083 5456 ⁸⁷
3120 5419 3420 5490 Προεθέσ-

133 5510 350 5548 πισεν.
381 5494 546 5548 Abest
579 5511 606 5546 a
641 5495 763 5548 cod.
800 5496 848 5548 Ι.
891 5495 934 5525 ⁹⁸
964 5493 1134 5549 Μέλι.
1167 5497 1292 5550 cod.
1331 5495 1366 5547 Ξ
1397 5495 1558 5562 γάλα.
1599 5496 1642 5526 ⁸⁸
1667 5498 1733 5547 Ar

1845 5511 1886 5545 ν.
1913 5493 2080 5548 Abest
2109 5492 2292 5563 arcod.
2321 5493 2376 5546 2.
2457 5495 2471 5558 ε
2521 5495 2780 5563 Ἀγαθόν.
2821 5493 2964 5548 Inter
2993 5495 3135 5547 hanc
3173 5501 3225 5547 ct
3247 5505 3417 5563 prarc.

132 5579 336 5618 vocem
376 5565 632 5634 quaedam
670 5564 970 5634 supplenda
993 5578 1121 5619 sunt
1142 5581 1173 5619 e
1194 5567 1443 5619 versione
1464 5564 1572 5618 τῶν
1606 5566 1681 5618 0’.

1845 5564 2025 5634 Taeter.
2061 5562 2182 5615 cod.
2206 5562 2240 5614 2
2264 5578 2399 5634 πονη

2411 5563 2556 5633 ρόνᾈ
2586 5561 2622 5595 ’³
2653 5564 2776 5618 cod.
2811 5564 2846 5618 2
2877 5564 3166 5633 πονηρίαν.
3201 5629 3204 5632 ν
3243 5561 3266 5633 ξ
3298 5565 3422 5633 Illa-

134 5634 374 5702 κάριος.
395 5629 523 5688 ’ροὼ
553 5633 586 5686 2
617 5629 790 5698 θεῖος.
824 5636 844 5666 ⁸
882 5635 1210 5689 Δεσπότου.
1246 5637 1412 5690 Abest
1434 5651 1463 5689 a
1491 5636 1610 5690 cod.
1639 5636 1694 5687 2.
1732 5645 1733 5656 ‘

1845 5633 1917 5687 οἱ.
1951 5631 2123 5686 Abest
2157 5647 2185 5684 a
2211 5633 2332 5687 cod.
2365 5629 2420 5702 ᾖ.
2455 5633 2476 5702 γ’
2516 5631 2677 5688 Τότε.
2717 5635 2839 5690 cod.
2875 5634 2929 5697 l,
2960 5629 3044 5687 2'6
3066 5629 3262 5702 enim}
3293 5631 3415 5702 cod.

137 5707 194 5767 ί,
216 5700 268 5756 ἲ
287 5704 354 5756 τὰ
384 5704 481 5773 τῆς
519 5703 755 5773 θλίψεως
778 5705 918 5772 εἴδη.
997 5704 1017 5733 ⁹
1047 5705 1231 5760 Καλεῐ
1250 5704 1733 5773 -τεταγμένους.

1845 5720 1892 5760 s.
1920 5704 1975 5757 iu
2003 5702 2124 5757 cod.
2153 5701 2205 5773 5.
2287 5702 2330 5733 ¹⁰
2364 5701 2688 5773 Τοὺς-ὠς.
2717 5703 2843 5770 Des.
2874 5704 2926 5770 in
2958 5703 3081 5773 cod_._
3112 5701 3167 5755 2.
3211 5701 3251 5730 “
3289 5700 3419 5752 ’Υπ’

135 5773 358 5828 αὐτοῦ.
391 5769 514 5830 cod.
540 5776 573 5830 5
601 5769 729 5846 παρ’
762 5769 946 5830 αὐτοῦ.
1029 5776 1071 5808 ¹²
1093 5776 1257 5830 Οὕτω
1283 5807 1353 5816 —
1388 5769 1656 5842 ἐπιθήσω
1691 5775 1733 5835 ζῖ

1845 5792 1886 5828 ιι.
1918 5774 2039 5828 Des.
2067 5772 2208 5842 apud
2248 5772 2412 5828 Cord.
2448 5788 2499 5842 p.
2529 5769 2654 5829 387.
2733 5775 2777 5806 ⁸³
2805 5769 2927 5830 eod.
2969 5775 3002 5828 ὃ
3027 5769 3238 5841 εἴρηκεὶ
