3854 6318
454 310 594 376 1015

1477 313 1968 374 TIIEODORETI
2007 313 2345 375 EPISCOPI
2379 313 2749 376 CYRENSIS

3594 313 3734 378 1016

450 425 714 481 factorem
745 439 906 480 suum
929 423 1189 489 “.iAtque
1233 421 1396 474 etiam
1426 422 1622 478 beatus
1651 423 1821 479 Oseas
1867 418 2033 480 feroci

2144 424 2469 492 ἐγκατέλιπε
2521 422 2783 496 Κύριον¹δ
2817 420 2908 476 τὸν
2959 423 3260 495 ποιήσαντα
3308 423 3490 480 αὐτόν.
3545 445 3565 477 ι
3622 427 3735 480 Καὶ

449 522 694 590 iuvenem
718 532 842 571 eum
877 514 1143 568 assimilat
1176 533 1188 568 :
1226 532 1242 563 ι
1287 512 1421 568 Nam
1455 523 1516 568 ut
1546 532 1708 571 vacca
1748 518 2032 574 insaniens

450 609 713 667 insamvit
756 605 1012 676 Ephraim
1040 613 1086 658 '.
1126 625 1144 657 ι
1196 603 1309 660 Hoc
1354 618 1534 660 autem
1573 609 1735 663 modo
1766 610 2030 680 populum

449 702 758 773 appellavit.
796 719 814 750 ι
855 698 946 753 Sic
985 711 1189 766 autem,
1216 699 1414 770 inquit,
1446 699 1704 771 Ephraim
1745 703 1912 757 vitula
1946 718 2034 758 as-

448 803 604 848 sueta
621 792 846 862 diligere
882 790 1288 846 contentionem
1317 805 1365 856 ι,
1403 810 1421 841 ι
1458 791 1563 846 hoc
1595 801 1696 856 est,
1745 809 1866 862 quae
1901 809 2035 849 con-

449 885 744 940 tentionem
769 893 822 938 et
845 886 1017 939 rixam
1043 894 1210 939 amat.
1235 883 1370 940 Nam
1392 887 1570 949 νεῖκος
1593 901 1698 940 non
1724 886 2030 954 victoriam,

445 977 539 1030 sed
569 976 976 1031 contentionem
1004 983 1182 1029 vocat.
1234 973 1299 1029 Et
1332 984 1458 1046 post
1500 977 1617 1031 haec
1652 986 1895 1032 secutam
1933 979 2034 1034 hu-

446 1067 736 1122 militatem
770 1067 1089 1131 ostendens,
1144 1065 1429 1135 subjunxit
1459 1085 1472 1121 :
1510 1086 1528 1119 ι
1557 1067 1669 1137 Ego
1697 1078 1878 1123 autem
1903 1085 2034 1124 eon-

445 1158 706 1225 scendam
747 1170 916 1227 super
939 1155 1405 1226 pulchritudinem
1445 1157 1570 1212 colli
1598 1158 1738 1228 ejus.
1777 1179 1795 1211 ι
1828 1159 2034 1229 Super-

448 1254 570 1305 bam
611 1250 732 1321 ejus
757 1249 1027 1304 cervicem
1057 1249 1387 1320 deprimam,
1435 1257 1490 1305 et
1523 1250 1805 1306 servitutis
1842 1251 2032 1323 jugum

445 1347 746 1413 imponam.
783 1339 884 1396 Hic
912 1342 1158 1411 psalmus
1192 1342 1378 1412 itaque
1413 1342 1764 1413 pontiﬁcum,
1808 1342 2032 1397 Scriba-

445 1452 567 1490 rum
609 1447 664 1491 et
734 1434 1136 1491 Pharisaaurum
1179 1435 1571 1492 insultationes
1613 1434 1898 1500 describit,
1939 1435 2033 1506 qui

447 1542 732 1585 taurorum
764 1528 1046 1594 ferociam,
1086 1528 1418 1599 leonumque
1456 1527 1701 1583 furorem
1734 1527 2031 1594 innitentes,

451 1621 742 1676 Dominum
778 1619 1060 1676 Christum
1093 1619 1436 1676 obsidebant.

521 1884 682 1939 Vens.
721 1883 808 1939 15.
849 1901 866 1934 ι
907 1883 1065 1940 Sicut
1101 1898 1241 1955 aqua
1267 1881 1476 1940 eﬂ‘usus
1512 1899 1658 1949 sum,
1693 1891 1749 1939 et
1779 1881 2028 1954 dispersa

442 1987 578 2034 sum
609 1977 791 2031 omnia
820 1991 947 2032 ossa
985 1991 1128 2032 mea.
1175 1995 1194 2029 ι
1235 1975 1370 2031 Ossa
1399 1988 1564 2032 vocat
1594 1991 1781 2032 sacros
1811 1986 2030 2046 aposto-

444 2075 547 2137 los,
585 2071 845 2142 quoniam
885 2078 941 2124 et
982 2085 1174 2139 corpus
1211 2068 1516 2125 Ecclesiam
1563 2069 1830 2135 nominat,
1861 2071 2030 2124 robur

441 2172 624 2218 autem
657 2161 906 2232 corporis
928 2175 1055 2216 ossa
1082 2170 1210 2216 sunt
1240 2179 1254 2216 :
1289 2177 1384 2231 per
1417 2161 1535 2216 hare
1570 2161 1716 2215 enim
1753 2161 2026 2232 quidquid

442 2257 495 2311 in
532 2270 762 2326 corpore
803 2254 985 2310 mollis
1030 2263 1083 2310 et
1122 2253 1252 2308 ﬂuxi
1298 2264 1401 2321 est,
1448 2253 1611 2325 739
1660 2263 2023 2311 sustentatur.

439 2349 704 2419 Dissipati
762 2356 894 2405 sunt
944 2357 1127 2404 autem
1180 2363 1374 2403 omnes
1431 2357 1678 2418 tempore
1726 2347 2024 2418 passionis,

440 2443 616 2497 instar
648 2456 805 2512 aquae
839 2440 948 2496 huc
972 2449 1026 2496 et
1059 2441 1189 2495 illuc
1214 2439 1472 2511 dispersi.

516 2554 534 2586 ι
570 2534 796 2591 Factum
845 2542 931 2590 est
977 2548 1074 2589 cor
1123 2547 1306 2588 meum
1363 2541 1626 2604 tanquam
1673 2549 1796 2589 cera
1845 2533 2024 2603 lique-

437 2643 598 2685 scens
632 2628 686 2682 in
717 2627 900 2683 medio
931 2627 1138 2683 ventris
1175 2627 1302 2682 mei.
1335 2625 1528 2699 [νεεδ.
1562 2624 1676 2698 16.]
1718 2625 1878 2680 Aruit
1900 2636 2025 2680 tan-

435 2735 600 2790 quam
633 2727 772 2776 testa
799 2720 976 2774 virtus
1005 2734 1147 2781 mea,
1183 2728 1237 2774 et
1264 2717 1450 2788 lingua
1492 2733 1613 2773 mea
1646 2716 1875 2772 adlimsit
1906 2716 2025 2771 fau-

434 2815 592 2871 cibus
622 2813 780 2879 meis,
818 2821 870 2867 et
905 2813 958 2866 in
1003 2812 1285 2883 pulverem
1323 2812 1519 2866 mortis
1551 2809 1829 2866 deduxisti
1860 2821 1968 2864 me.
2002 2828 2020 2860 ι

439 2908 617 2964 Etiam
671 2907 788 2960 haec
839 2905 1027 2960 omnia
1078 2905 1352 2975 passionis
1395 2913 1638 2975 tempore
1678 2902 2022 2960 acciderunt.

436 3000 572 3054 Nam
615 3014 709 3054 cor
752 2994 974 3069 quidem
1013 2998 1092 3052 ob
1140 2997 1412 3052 timorem‘
1447 3006 1504 3052 ut
1555 3013 1680 3052 cera
1724 2999 1789 3052 ad
1843 2998 2021 3069 ignem

2140 517 2323 588 μέντοι
2375 517 2470 570 καὶ
2513 517 2540 569 ό
2598 516 2865 588 μακάριος
2886 516 2928 548 ¹⁸
2979 515 3162 587 Ὠσηὲ,
3213 516 3514 588 δαμάλει¹⁶
3567 519 3733 572 aut?»

2135 609 2426 674 ἀπεικάζει
2449 609 2831 681 θρασυνομένῃ
2854 625 2868 641 ⁸
2913 627 2930 659 ι
2967 608 3054 672 Ὠς
3081 609 3312 680 δάμαλις
3341 609 3451 680 γὰρ
3475 612 3516 641 "
3541 629 3737 682 παροι-

2139 698 2360 770 στρῶσα
2388 699 2794 771 παροίστρησεν
2839 697 3102 770 Ἐφραῒμ.
3135 718 3152 750 ι
3208 699 3366 754 Οὕτω
3393 701 3448 754 δὲ
3481 701 3574 756 τὸν
3603 705 3734 756 λαόν

2137 793 2582 863 προσηγόρευσεν
2611 810 2625 824 ο
2685 811 2704 844 ι
2747 792 2904 848 Οὕτω
2924 795 2966 825 ³⁸
3011 794 3067 846 δέ
3115 795 3210 846 καὶ
3255 793 3517 866 Ἐφρατμ,
3571 796 3729 866 φησὶ,

2134 882 2366 954 δάμαλις
2395 883 2811 955 δεδιδαγμένη¹⁹
2847 886 3066 957 ἀγαπᾷν
3109 889 3318 950 νεῖκος·
3352 906 3372 940 ι
3422 889 3730 956 τουτέστιν,

2137 976 2387 1048 ὲριστικὴ
2417 977 2509 1030 καὶ
2539 977 2859 1046 φιλόνεικος.
2897 963 3109 1046 Νρςῖκοξ,⁵
3130 979 3173 1011 ’⁸
3201 979 3309 1050 γὰρ
3339 981 3400 1034 ού
3423 981 3520 1052 τὴν
3544 983 3730 1052 νίκην,

2135 1070 2272 1125 ἀλλὰ
2300 1072 2400 1142 τὴν
2433 1071 2766 1142 φιλονεικίαν
2813 1071 2986 1127 καλεῖ.
3041 1073 3149 1126 Καὶ
3199 1074 3416 1138 δεικνὺς
3449 1075 3548 1145 τήν
3588 1077 3732 1146 μετᾶ

2134 1165 2311 1220 ταῦτα
2343 1165 2670 1219 ταπείνωσιν
2701 1165 3015 1236 ἐπήγαγεν·
3059 1183 3078 1216 ι
3106 1165 3253 1234 Ἐγὼ
3298 1166 3355 1219 δέ
3387 1167 3730 1238 ἐπιϐήσομαι

2137 1256 2229 1309 ἐπὶ
2262 1255 2322 1308 τὸ
2356 1256 2551 1320 κάλλος
2597 1255 2689 1308 τοῦ
2741 1256 3016 1327 τραχήλου
3065 1256 3255 1326 αὐτῆς.
3291 1276 3309 1309 ι
3369 1256 3472 1309 Τὸν
3521 1257 3731 1327 γαῦρον

2137 1349 2369 1418 αύτῆς¹¹
2419 1349 2619 1419 αὐχένα
2657 1347 3000 1415 ταπεινώσω,
3049 1348 3144 1402 καὶ
3191 1347 3283 1401 τὸν
3331 1348 3430 1419 τῆς
3480 1348 3732 1412 δουλείας

2135 1442 2381 1513 ἐπιθήσω
2414 1442 2600 1511 ζυγόν.
2649 1440 2956 1512 Τοιγαροῦν
2973 1442 3016 1472 ³²
3047 1441 3143 1494 καὶ
3171 1442 3199 1494 ὁ
3238 1440 3450 1510 ψαλμὸς
3497 1440 3730 1512 προδια-

2137 1531 2341 1602 γράφει
2360 1531 2406 1563 ²³
2435 1531 2534 1595 τὰς
2558 1531 2668 1585 τῶν
2696 1531 3020 1602 ἀρχιερέων,
3071 1530 3167 1584 καὶ
3194 1531 3596 1602 Γραμματέων,
3629 1529 3730 1583 καὶ

2135 1623 2446 1697 Φαρισαίων
2475 1625 2894 1692 ἐπαναστάσεις,
2930 1623 2980 1676 οἳ
3011 1625 3228 1694 ταύρων
3257 1622 3595 1694 θρασύτητα,
3630 1623 3729 1677 καὶ

2134 1718 2362 1773 λεόντων
2398 1718 2594 1789 μανίαν
2643 1718 2972 1790 μιμούμενοι
3016 1715 3445 1788 περιεστοίχιζον
3474 1715 3570 1770 τὸν
3619 1717 3727 1768 Δε-

2137 1811 2401 1884 σπότηνίδ
2431 1811 2685 1882 Χριστόν.

2204 1911 2285 1958 ιε’.
2335 1924 2353 1956 ι
2390 1904 2534 1957 Ὠσεὶ
2562 1903 2711 1976 ὕδωρ
2741 1902 2970 1973 ἐξεχύθη
2987 1902 3032 1934 ’⁸
3062 1901 3240 1956 πάντα
3271 1901 3340 1956 τὰ
3371 1901 3508 1954 ὀστᾶ
3539 1917 3665 1971 μου.
3703 1920 3723 1953 ι

2143 1996 2318 2054 Ὀστᾶ
2351 1996 2512 2051 καλεῖ
2559 1997 2686 2060 τοὺς
2734 1996 2916 2066 ἱεροὺς
2953 1996 3286 2058 ἀποστόλους
3318 2012 3332 2026 ⁸
3388 1993 3578 2063 ἐπειδὴ
3628 1992 3729 2046 καὶ

2128 2089 2303 2158 σῶμα
2317 2089 2362 2120 ³⁸
2382 2087 2481 2160 τὴν
2501 2086 2833 2158 Ἐκκλησίαν
2855 2086 3043 2140 καλεῖ·
3078 2087 3230 2157 ἰσχὺς
3258 2085 3314 2138 δὲ
3339 2085 3436 2139 τοῦ
3465 2084 3728 2153 σώματος

2127 2180 2196 2234 τὰ
2224 2180 2358 2233 ὀστᾶ
2383 2194 2398 2208 ·
2447 2179 2552 2232 ὑπὸ
2569 2179 2612 2210 ⁸⁷
2645 2177 2850 2231 τούτων
2891 2177 3000 2248 γὰρ
3044 2176 3104 2229 τὺ
3139 2176 3308 2246 μανὸν
3339 2177 3432 2229 καὶ
3467 2175 3726 2246 διαρρέον

2126 2270 2221 2324 τοῦ
2260 2270 2510 2340 σώματος
2560 2270 2787 2341 φέρεται
2822 2286 2835 2299 ·
2887 2268 3334 2340 ἐσκορπίσθησαν
3370 2267 3425 2320 δὲ
3475 2267 3726 2331 ἅπαντες

2126 2364 2269 2417 κατὰ
2297 2362 2389 2416 τὸν
2419 2363 2513 2417 τοῦ
2545 2362 2754 2426 πάθους
2780 2361 2999 2434 καιρὸν,
3041 2362 3199 2432 δίκην
3229 2361 3421 2426 ὓδατος
3453 2361 3580 2432 τῇδε
3616 2363 3725 2414 κά-

2127 2457 2274 2510 κεῖσε
2303 2454 2756 2525 διαιρηθέντες²⁸.

2205 2567 2222 2600 ι
2277 2546 2546 2618 Ἐγενήθη
2578 2549 2611 2618 ὴ
2646 2546 2847 2618 καρδία
2888 2564 2988 2618 μου
3024 2548 3155 2600 ὡσεὶ
3184 2546 3356 2616 κηρός
3385 2545 3721 2617 τηκόμενος,

2125 2641 2183 2696 ἐν
2216 2642 2368 2712 μέσῳ
2399 2641 2500 2712 τῆς
2523 2639 2730 2704 κοιλίας
2761 2657 2883 2709 μου.
2911 2638 3038 2712 [ις’]
3083 2639 3386 2710 Ἑξηράνθη
3411 2638 3486 2703 ὡς
3516 2638 3724 2709 δστρα-

2125 2752 2220 2788 κον
2256 2733 2471 2804 ἡίσχύς
2510 2750 2633 2802 μου,
2669 2733 2764 2786 καὶ
2803 2734 2835 2804 ή
2870 2732 3092 2800 γλῶσσά
3133 2750 3232 2804 μου
3279 2729 3602 2800 κεκόλληται
3639 2729 3721 2801 τῷ

2123 2823 2363 2895 λάρυγγί
2417 2841 2542 2894 μου,
2580 2823 2676 2877 καὶ
2720 2825 2802 2886 είς
2845 2823 2976 2895 χοῦν
3015 2823 3247 2878 θανάτου
3293 2822 3615 2894 κατήγαγές
3672 2823 3720 2854 ³³

2128 2934 2216 2988 με.
2272 2935 2290 2968 ι
2346 2918 2457 2971 Καὶ
2501 2900 2675 2970 ταῦτα
2723 2917 2903 2969 πάντα
2954 2917 3248 2987 γεγένηται
3285 2915 3432 2984 παρὰ
3477 2914 3572 2968 τδν
3618 2913 3720 2968 τοῦ

2127 3007 2333 3087 πάθους
2364 3008 2578 3078 καιρόν.
2638 3006 2701 3061 Ἦ
2742 3008 2941 3079 καρδία
2975 3007 3075 3077 μὲν
3119 3007 3226 3080 γάρ
3278 3010 3342 3078 τῇ
3378 3007 3586 3078 δειλία,
3639 3006 3721 3070 ὡς

434 3091 679 3159 evanuit,
713 3101 767 3146 et
843 3091 1012 3146 robur
1075 3091 1181 3144 vim
1254 3091 1544 3160 pristinam
1599 3106 1704 3144 non
1748 3091 2018 3154 exhibuit,

2135 3102 2153 3155 5
2191 3101 2236 3132 ³ο
2264 3099 2434 3172 κηρὸς
2458 3099 2537 3172 τῷ
2585 3100 2742 3170 πυρὶ,
2785 3099 3024 3171 διελύθη,
3062 3100 3158 3154 καὶ
3189 3102 3220 3170 ἠ
3256 3101 3410 3169 ἰσχὺς
3440 3100 3538 3169 τὴν
3571 3117 3718 3169 προς

435 3195 602 3256 atque
631 3184 796 3239 etiam
831 3184 1015 3255 lingua
1063 3183 1361 3237 immobilis
1394 3182 1717 3252 permansit.
1751 3181 1818 3238 Et
1849 3184 2020 3239 divini

435 3277 788 3348 evangelista:
837 3292 942 3332 nos
973 3277 1175 3332 docent
1199 3291 1322 3329 eum
1351 3290 1455 3330 non
1488 3275 1859 3346 respondisse,
1896 3275 2022 3331 licet

435 3371 637 3442 saepius
683 3370 1059 3440 interrogatus
1093 3377 1262 3424 esset.
1298 3366 1561 3424 Traditus
1591 3377 1674 3423 est
1702 3377 1884 3424 autem
1932 3383 2020 3424 se-

435 3462 672 3532 pulturze
717 3469 840 3532 post
874 3448 1208 3530 passionem,
1256 3459 1308 3514 id
1351 3459 1498 3530 quod
1541 3459 1803 3529 pulverem
1836 3462 2019 3515 mortis

437 3555 756 3627 appellavit,
801 3555 930 3626 quia
975 3553 1196 3625 pulvere
1228 3553 1581 3610 obducuntur
1620 3553 1714 3624 qui
1747 3553 2019 3624 sepeliun-

435 3662 561 3726 tur._
1070 3651 1072 3653 ’

509 3741 678 3796 Vens.
711 3740 799 3796 17.
849 3759 867 3793 ι
906 3738 1179 3806 Quoniam
1227 3739 1706 3796 circumdederunt
1738 3755 1824 3794 me
1857 3754 2020 3796 canes

436 3833 620 3900 multi,
667 3841 722 3890 et
769 3833 1066 3889 concilium
1119 3832 1536 3902 malignantium
1593 3833 1810 3888 obsedit
1846 3847 1952 3886 me.
1997 3851 2015 3884 ι

435 3926 571 3982 Post
595 3925 815 3981 Judazos
836 3926 902 3980 de
931 3924 1175 3996 gentium
1208 3924 1452 3980 exercitu
1478 3925 1815 3981 mentionem
1847 3922 1975 3979 facit
2004 3942 2017 3978 :

435 4035 563 4075 nam
601 4019 679 4074 illi
712 4018 797 4075 his
826 4033 951 4074 eum
981 4017 1343 4073 tradiderunt.
1373 4016 1580 4072 Idcirco
1613 4015 1896 4088 prophetia
1931 4008 2021 4071 re-

435 4125 560 4164 rum
586 4109 751 4166 etiam
782 4109 1034 4164 ordinem
1067 4109 1404 4165 observavit.
1440 4108 1632 4164 Merito
1670 4117 1854 4164 autem
1895 4107 2020 4165 illos

436 4202 657 4271 quidem
712 4210 915 4268 tauros,
968 4203 1068 4257 hos
1117 4217 1249 4256 vero
1287 4217 1444 4255 canes
1477 4204 1496 4223 ¹
1536 4201 1872 4269 nominavit;
1914 4200 2020 4273 [illi

435 4294 584 4348 enim
619 4293 722 4350 sub
748 4295 882 4366 jugo
931 4294 1067 4366 legis
1106 4303 1285 4357 erant,
1317 4294 1419 4348 etsi
1455 4293 1626 4362 legem
1663 4294 1798 4348 satis
1829 4302 2019 4362 aperte

436 4384 988 4456 transgrederentur;
1027 4383 1081 4436 hi
1111 4399 1241 4438 vero
1272 4383 1575 4440 secundum
1615 4382 1786 4453 legem
1817 4383 2018 4453 impuri

2122 3194 2291 3265 τέραν
2329 3193 2611 3263 ἐνέργειαν
2655 3193 2758 3248 οὐκ
2809 3194 3055 3248 ἐδείκνυ·
3117 3194 3212 3246 καὶ
3281 3194 3468 3264 μέντοι
3526 3193 3625 3244 καὶ
3682 3193 3718 3263 ἡ

2123 3287 2343 3356 γλῶσσα
2383 3285 2639 3356 ἀκίνητος
2691 3285 2872 3356 ἔμενε.
2927 3287 3037 3340 Kal.
3089 3286 3434 3340 διδάσκουσιν
3477 3286 3629 3354 ἡμᾶς
3664 3285 3714 3337 οί

2123 3377 2404 3432 θεσπέσιοι
2437 3377 2844 3447 εύαγγελισταὶ,
2877 3379 2960 3431 ὅτι
2997 3376 3259 3441 πολλάκις
3291 3376 3592 3448 ἐρωτηθεὶς
3620 3376 3715 3429 ού-

2121 3470 2210 3523 δέν
2244 3469 2599 3541 ἁπεκρίνατο.
2635 3469 2916 3540 Παρεδόθη
2948 3468 3007 3521 δὲ
3053 3469 3149 3522 καὶ
3175 3467 3254 3539 τῷ
3283 3468 3440 3538 τάφῳ
3471 3467 3614 3538 μετά
3652 3468 3713 3522 τὸ

2123 3562 2314 3627 πάθος,
2351 3562 2489 3632 ὅπερ
2526 3561 2680 3630 χοῦν
2711 3561 2970 3616 θανάτου
3001 3560 3306 3632 ὠνόμασεν,
3339 3562 3434 3616 ἆτε
3466 3561 3533 3634 δή
3567 3578 3713 3632 χων-

2122 3672 2184 3707 νυ
2193 3653 2370 3725 μένων
2397 3653 2504 3706 τῶν
2539 3653 2911 3724 θαπτομένων.

2197 3747 2282 3811 ιζ’.
2331 3765 2348 3798 ι
2397 3746 2519 3799 Ὀτι
2564 3744 2882 3800 ἐκύκλωσάν
2923 3747 2964 3778 ⁸¹
3004 3763 3072 3817 με
3116 3744 3277 3807 κύνες
3312 3744 3531 3798 πολλοί·
3584 3763 3711 3798 σιν-

2122 3837 2317 3910 αγωγὴ
2349 3840 2801 3910 πονηρευομένων
2833 3840 3125 3911 περιέσχον
3160 3857 3228 3909 με
3259 3840 3324 3892 ³’.
3361 3857 3378 3889 ι
3401 3838 3559 3892 Μετὰ
3583 3841 3713 3901 τεὺς

2135 3929 2447 3994 Ἰουδαίους,
2499 3929 2595 3983 τοῦ
2635 3930 2680 3961 ³³
2723 3930 2782 3998 ἐξ
2830 3931 3002 3984 ἐθνῶν
3056 3928 3386 4002 μνημονεύει
3434 3927 3708 3998 στρατοῦ·

2120 4021 2330 4087 τούτοις
2382 4022 2493 4094 γὰρ
2539 4021 2704 4077 αὐτὸν
2756 4025 2955 4077 ἐκείνοι
3004 4022 3452 4095 παραδεδώκασιν
3503 4020 3570 4073 ³⁸.
3618 4020 3713 4072 Διὸ

2113 4109 2218 4169 ¹καὶ
2268 4115 2366 4187 τὴν
2409 4115 2564 4183 τάξιν
2608 4117 2641 4187 ή
2676 4115 2984 4188 προφητεία
3031 4116 3141 4171 τῶν
3185 4113 3528 4186 πραγμάτων
3573 4113 3710 4183 ἐφύο

2121 4207 2301 4275 λαξεν.
2330 4209 2572 4273 Είκότως
2604 4209 2662 4262 δέ
2695 4209 2953 4276 ταύρους
2990 4208 3090 4280 μὲν
3118 4209 3383 4273 ἐκείνους,
3416 4208 3609 4273 κύνας
3650 4206 3711 4260 δὲ

2119 4299 2344 4364 τούτους
2385 4301 2671 4371 ὠνόμασεν
2693 4317 2707 4332 ·
2740 4301 2811 4374 [³⁸
2860 4301 2910 4354 οἱ
2948 4301 3047 4371 μὲν
3078 4299 3188 4372 γὰρ
3223 4299 3329 4353 ὑπὸ
3361 4299 3453 4352 τὸν
3484 4299 3580 4351 τοῦ
3624 4299 3715 4350 νό-

2125 4408 2225 4461 μου
2275 4390 2439 4460 ςυγὸν
2469 4387 2642 4462 ἦσαν’
2683 4393 2731 4444 εί
2767 4392 2866 4446 καὶ
2908 4391 3203 4462 προφανῶς
3237 4391 3327 4444 τὸν
3364 4391 3527 4460 νόμον
3564 4407 3710 4461 παρα

434 4486 608 4531 erant.
646 4476 737 4532 Sic
765 4485 946 4530 autem
978 4474 1247 4530 Dominus
1280 4488 1500 4545 quoque
1542 4475 1835 4545 appellavit
1873 4475 2017 4529 Cha-

2135 4481 2334 4538 ἔϐαινον
2354 4501 2367 4515 ο
2397 4488 2445 4538 οἱ
2473 4483 2542 4538 δὲ’
2561 4485 2702 4539 κατὰ
2732 4487 2898 4556 νόμον
2930 4479 3074 4555 ἦσαν
3104 4483 3426 4553 ἀκάθαρτοι.
3466 4482 3622 4534 Οὕτω
3647 4483 3707 4536 δὲ

434 4567 731 4638 nanazam.]
769 4587 786 4617 ε
824 4566 938 4621 Non
973 4565 1120 4620 enim
1153 4565 1360 4620 bonum
1404 4574 1510 4631 est,
1560 4564 1758 4634 inquit,
1793 4580 2016 4622 sumere

2135 4575 2220 4628 καὶ
2262 4575 2292 4626 ὁ
2329 4573 2534 4644 Κύριος
2555 4575 2653 4646 τὴν
2680 4575 2994 4630 Χαναναίαν
3035 4570 3362 4644 ὼνόμασεν.]
3405 4591 3424 4624 ι
3445 4571 3560 4626 Οὐκ
3588 4570 3716 4626 ἐστι

435 4676 632 4731 panem
673 4659 935 4727 ﬁliorum,
970 4671 1024 4714 et
1059 4658 1192 4713 dare
1226 4657 1423 4714 catulis
1443 4666 1493 4712 γ.
1537 4675 1555 4708 ›
1595 4657 1758 4730 ’140
1788 4658 1893 4715 Sed
1931 4667 2014 4716 ta-

2135 4666 2223 4737 πὰρ
2257 4664 2440 4733 καλὸν,
2477 4667 2522 4698 ³⁸
2556 4667 2709 4736 φησὶ,
2744 4667 2931 4722 λαϐεῖν
2985 4667 3076 4721 τὸν
3111 4666 3276 4738 ἄρτον
3315 4664 3424 4718 τῶν
3469 4661 3704 4727 τέκνων,

1155 4783 1178 4811 ν
1214 4771 1354 4830 Osee
1383 4790 1458 4844 tv,
1499 4775 1586 4832 16.
1665 4783 1692 4812 κ
1731 4773 1870 4831 Osee
1903 4792 1960 4844 x,
1995 4776 2085 4833 11.
2180 4789 2210 4828 γ
2242 4778 2439 4834 Matth.
2477 4793 2568 4842 xv,
2602 4777 2694 4833 26.

1542 4891 1775 4947 νΑῐιιΑῑ
1815 4891 2199 4951 LECTIONES
2234 4895 2324 4950 ET
2362 4893 2596 4950 NOTAE.

511 5010 554 5040 "
585 5008 822 5072 Κύριον.
848 5003 976 5061 Rec.
1003 5005 1180 5077 lectio
1209 5007 1301 5060 τὸν
1329 5006 1483 5063 Θεόν.
1545 5009 1590 5040 ¹³
1617 5006 1942 5074 Μακάριος.
1967 5023 2042 5063 (304

2135 5008 2161 5062 2
2189 5008 2353 5073 θεῖος.
2429 5008 2474 5042 ¹⁶
2509 5008 2766 5076 Δαμὰλει
2795 5039 2865 5050 -
2885 5005 3325 5077 θρασυνομένη.
3359 5003 3699 5077 "aedemin

433 5079 559 5134 eod.
588 5080 643 5132 2.
661 5077 887 5150 __"’_I’¢_ip.
914 5076 1037 5150 cod.
1057 5077 1237 5150 5iadid.
1257 5077 1382 5150 ἔφη.
1417 5079 1462 5110 ⁸⁸
1489 5079 1659 5150 Οὕτω
1675 5077 1743 5130 δὲ
1767 5073 2042 5134 καίζοοάό

2135 5095 2216 5135 res
2242 5081 2378 5150 Aug.
2405 5079 2500 5133 καὶ
2517 5073 2701 5134 πάλιν.
2737 5079 2779 5110 ¹⁹
2804 5073 2929 5134 eod.
2961 5079 2995 5132 2
3018 5073 3360 5150 δεδείγμένη.
3392 5073 3673 5150 ’ξ-Νεῐκο

449 5147 698 5220 -καλεῖ,
719 5147 1146 5220 ὃοάᾃιπεοηίεοιὶο
1176 5149 1213 5202 l.
1244 5147 1401 5204 mest
1422 5151 1588 5212 νῖκος,
1614 5149 1857 5220 victoria.
1897 5151 1940 5182 ²¹
1971 5152 2042 5203 Ai

2135 5150 2190 5216 ῖς.
2228 5147 2354 5204 cod:
2383 5152 2435 5214 1,
2467 5151 2502 5204 2
2532 5166 2716 5219 prtem.
2757 5150 2884 5220 γάρ.
2915 5151 2959 5182 ¹¹
2991 5147 3314 5220 Τοιγαροῦν
3329 5147 3697 5220 -ΑΧριστῲίκ

435 5217 802 5307 De‘skinit'od.
823 5218 903 5307 Si.“
960 5219 1005 5250 ’³
1043 5219 1176 5307 god.
1200 5220 1234 5307 ᾖ
1261 5219 1574 5307 ξαγράφει.
1651 5218 1710 5307 ’.δ’
1736 5221 2042 5307 δεσπότην

2135 5213 2274 5276 {best
2307 5221 2481 5307 a‘eod.
2514 5213 2569 5274 2.
2592 5291 2606 5307 ἱ
2641 5221 2694 5307 λδ
2724 5213 3032 5307 ἰςξὲχύ-ρτῃέ
3058 5213 3218 5307 codd.
3243 5217 3521 5307 tresnAgg’.
3561 5213 3696 5270 add.

434 5291 532 5361 καὶ
553 5287 963 5361 διεσκορπίσθη.
987 5359 998 5361 Α
1043 5291 1088 5321 ⁸⁸
1122 5289 1242 5343 eod.
1269 5289 1303 5343 2
1338 5285 1586 5361 σώματα.
1664 5290 1710 5322 ι’
1754 5290 1887 5342 Ὑπὸ
1913 5285 2042 5360 -ήᾳ

2135 5308 2270 5344 stat.
2310 5290 2431 5345 Des.
2465 5291 2607 5358 apud
2637 5291 2802 5346 Cord.
2921 5291 3044 5344 587.
3090 5289 3166 5361 _’§
3195 5287 3316 5342 cod.
3351 5288 3401 5347 1,
3487 5285 3700 5361 διαιρε-

437 5359 642 5422 θέντες.
752 5359 797 5391 ²⁹
821 5359 944 5413 cod.
975 5359 1011 5413 2
1041 5362 1377 5429 κατήγαγον.
1423 5359 1431 5361 “
1487 5361 1532 5392 ³⁸
1572 5361 1668 5426 Ὠς
1702 5363 1754 5414 ὁ.
1787 5361 1911 5413 cod.
1946 5359 2042 5424 πε

2135 5362 2250 5414 ισεί.

436 5432 643 5484 omisso
667 5431 770 5483 ὅτι.
847 5429 892 5499 θ’
917 5430 1048 5496 Qua:
1078 5431 1144 5484 ad
1171 5427 1320 5485 hunc
1350 5440 1403 5486 et
1426 5446 1542 5499 seq.
1573 5446 1714 5484 vers.
1752 5445 1780 5484 a
1816 5429 2016 5486 Nostro
2043 5433 2184 5486 dicta
2217 5440 2367 5492 sunt,
2401 5439 2621 5484 exstant
2644 5433 2804 5485 etiam
2840 5431 2891 5483 iu
2921 5429 3138 5485 Eusebii
3161 5429 3224 5481 ad
3260 5429 3312 5480 h.
3342 5429 3379 5479 Ι.
3404 5427 3702 5499 Commen-

435 5501 600 5562 tario,
643 5500 782 5570 apud
816 5495 1006 5570 Montf.
1034 5502 1069 5554 Ι.
1106 5518 1154 5554 e.
1185 5510 1223 5555 t.
1254 5499 1295 5563 Ι,
1328 5517 1380 5569 p.
1415 5495 1588 5556 85.'ln
1614 5501 1735 5554 cod.
1763 5500 1902 5567 Aug.
1941 5503 2100 5556 tertio
2125 5518 2232 5554 una
2267 5516 2391 5555 cum
2435 5501 2616 5570 Nostri
2647 5501 2866 5555 nomine
2901 5501 3196 5570 ascriptum
3221 5506 3316 5570 est
3356 5496 3558 5570 ὁμοίως
3588 5495 3696 5570 E9-

439 5570 643 5626 σεϐίου.
680 5564 694 5570 ’
715 5571 760 5641 '_’
801 5565 910 5641 1ξοῦ
936 5600 1008 5612 --
1035 5564 1468 5638 στρατοῦξουιί.
1494 5572 1530 5624 2
1561 5573 1641 5634 είς
1667 5571 1758 5641 τδν
1779 5564 1888 5624 τῶν
1927 5572 2042 5625 ἐθνὲ

2135 5571 2267 5624 νεύει
2307 5572 2558 5641 στρατόν.
2591 5569 2698 5625 Pro
2724 5571 2817 5641 τοῦ
2850 5564 3101 5641 στρατοῦ.
3133 5569 3254 5624 cod.
3288 5569 3321 5621 5
3346 5564 3535 5641 habet
3583 5564 3699 5618 τῶν

438 5639 807 5712 στρατιωτῶν.
833 5638 906 5693 Ita
932 5637 1152 5710 quoque
1175 5641 1279 5709 leg.
1309 5643 1452 5710 apud
1478 5641 1674 5694 Euseb.
1710 5640 1745 5693 Ι.
1773 5657 1823 5695 c.
1901 5642 1949 5674 “
1970 5658 2042 5696 col

435 5710 509 5766 ob
563 5709 972 5781 ὀμοιοτέλευτα,
1005 5719 1066 5766 ut
1098 5711 1330 5778 videtur,
1359 5711 1693 5766 exciderant.
1733 5711 1933 5768 Eadem
1970 5728 2038 5782 ap

2135 5643 2180 5701 Ι.
2207 5641 2241 5694 2
2268 5637 2590 5711 παρέδοσαν.
2669 5643 2714 5674 ³⁵
2750 5639 2791 5693 E
2823 5637 2944 5694 eod'.
2978 5642 3011 5694 ’5
3033 5639 3170 5709 Aug.
3203 5638 3379 5708 suppl.
3425 5637 3541 5690 haec
3573 5651 3699 5703 qua

2139 5710 2338 5767 Euseb.
2374 5711 2412 5767 Ι.
2449 5726 2498 5766 c.
2537 5711 2808 5781 leguntur.
2892 5711 2935 5743 “
2965 5713 3188 5766 Καλόν.
3224 5709 3389 5764 Abest
3412 5724 3442 5762 a
3474 5707 3601 5762 eod.
3637 5705 3694 5762 ὅ.

806 5745 972 5777 divi“,
1007 5745 1066 5766 υι
1105 5745 1330 5778 νιυιῖιαν,
1359 5745 1693 5766 ιλιιυυιιιιιιο
1733 5745 1933 5768 uaucul
1970 5745 2111 5778 apuu
2139 5745 2338 5767 nunc".
2374 5745 2412 5767 Ι.
2449 5745 2498 5766 υ.
2537 5745 2808 5778 ιῠδυιιιυιο
2965 5745 3188 5766 (lu-51.17.
3224 5745 3389 5764 (ιυυσι
3412 5745 3442 5762 α
3474 5745 3601 5762 νυυο
3637 5745 3694 5762 νο

505 4789 533 4818 ιι
564 4776 720 4831 Dent.
756 4790 929 4842 xxxu,
963 4773 1050 4829 15.

2361 5361 2404 5392 "
2437 5355 2559 5414 "Ott
2586 5355 2966 5415 ἐκύκλωσαν.
3005 5359 3127 5414 cod.
3159 5360 3192 5414 5
3217 5355 3697 5426 περιεκύκλωσαν,
