3870 6318
184 320 318 389 1917

1539 333 1620 394 ΙΝ
1653 335 1856 396 PSAL.
1891 337 2055 400 XXI.

3303 341 3435 406 1018

179 439 271 494 καὶ
313 434 494 492 δοῦναι
521 437 565 470 ³⁷
597 439 708 504 τοῖς
755 442 1054 515 κυναρίοις.
1086 460 1104 494 ι
1153 443 1294 498 Ἀλλ’
1320 446 1469 518 ὅμως
1507 449 1647 518 μετὰ
1689 451 1732 503 τί

1853 467 1978 507 men
2017 465 2139 523 post
2168 457 2505 526 passionem,
2543 457 2638 530 qui
2672 457 2801 513 olim
2839 473 3003 512 canes
3033 466 3211 524 erant,
3245 475 3339 529 per
3368 463 3433 513 ti-

179 528 368 592 πάθος,
433 530 483 582 οἱ
546 529 716 585 πάλαι
786 532 981 599 κύνες,
1037 533 1128 587 διὰ
1195 535 1438 601 πίστεως
1507 540 1588 603 είς
1653 541 1750 612 τὴν

174 621 282 674 τῶν
333 619 463 674 υἱῶν
517 623 924 696 μεταϐεϐήκασι
972 625 1164 691 τάξιν·
1216 629 1266 681 οἱ
1315 629 1374 683 δὲ
1426 629 1596 683 πάλαι
1646 633 1745 706 τὴν

177 711 306 766 υἱῶν
355 712 654 782 ἐσχηκότες
699 716 1048 787 κηδεμονίαν,
1085 717 1186 788 τὴν
1237 718 1419 772 κυνῶν
1472 737 1749 792 προσηγο-

174 806 293 876 ρίαν
324 805 594 872 ἐδέξαντο,
621 806 716 860 ἂτε
746 808 811 879 δὴ
838 808 1016 862 κυνῶν
1047 809 1205 880 δίκην
1237 811 1378 864 κατὰ
1424 813 1517 866 τοῦ
1547 815 1748 867 Δεσπό-

171 916 263 951 του
313 898 358 930 ³³
406 899 802 970 λυττήσαντες.
860 902 995 973 Περὶ
1047 903 1253 958 τούτων
1298 905 1326 957 ὁ
1379 906 1651 977 μακάριος
1703 907 1746 940 ³⁸

172 990 376 1054 Παῦλος
414 989 511 1061 βοᾷ
536 1009 550 1022 ο
595 1011 611 1043 ι
651 991 890 1045 Βλέπετε
936 994 1063 1056 τοὺς
1104 993 1298 1057 κύνας,
1345 994 1572 1064 βλέπετε
1620 997 1744 1060 τοὺς

169 1084 366 1145 κακοὺς
401 1085 660 1154 ἐργάτας,
697 1085 922 1155 βλέπετε
957 1087 1056 1157 τὴν
1085 1089 1421 1157 κατατομήν.
1463 1107 1481 1138 ›
1531 1089 1589 1142 Ὀ
1616 1089 1746 1158 μέν·

164 1193 243 1229 τοι
277 1177 617 1245 προφητικδς
646 1176 804 1246 λόγος
845 1178 1014 1241 κύνας
1046 1179 1495 1250 προσαγορεύσας
1526 1180 1570 1211 ⁵ο
1601 1181 1706 1250 ἔφη
1727 1199 1740 1214 ο

171 1285 188 1318 ι
213 1267 511 1340 Συναγωγή
565 1270 1026 1340 πονηρευομένων
1057 1271 1346 1341 περιέσχον
1369 1272 1414 1303 ⁸¹
1452 1289 1541 1343 με.
1590 1292 1610 1324 ι
1655 1270 1744 1327 Εἷ-

163 1378 229 1415 τα
256 1360 299 1394 "
333 1362 604 1432 διηγεῖται
637 1363 705 1417 τὰ
734 1362 827 1417 ὑπ’
874 1363 1056 1416 αὐτῶν
1088 1364 1449 1435 τολμηθέντα.

237 1469 256 1504 ι
280 1452 518 1525 Ὠρυξαν
548 1455 740 1525 χεῖράς
769 1472 894 1525 μου,
917 1455 1012 1508 καὶ
1037 1455 1202 1519 πόδας
1225 1473 1347 1526 μου.
1369 1454 1486 1528 [ιη’]
1529 1455 1742 1528 Ἐξηρί-

165 1545 375 1616 Θμησαν
405 1547 585 1600 πάντα
615 1546 683 1601 τὰ
729 1548 865 1601 ὀστᾶ
918 1565 1042 1619 μου;
1097 1565 1116 1598 ι
1151 1549 1264 1601 Καὶ
1301 1548 1460 1603 τοῦτο
1498 1548 1544 1582 ⁸³
1582 1549 1740 1620 δῆλόν

161 1641 273 1692 ἐστι
316 1639 388 1706 ⁸⁵,
445 1640 540 1694 καὶ
595 1640 788 1711 σαφὲς,
836 1641 931 1694 καὶ
979 1643 1096 1704 τοῖς
1148 1641 1270 1693 λίαν
1323 1642 1736 1711 φιλονεικοῦσιν.

172 1732 465 1805 Ἀκούομεν
492 1735 602 1806 γὰρ
629 1735 687 1788 ἐν
714 1735 825 1797 τοῖς
857 1734 1022 1803 ἱεροῖς
1057 1733 1413 1802 Εὐαγγελίοις
1445 1734 1611 1788 αὐτοῦ
1642 1734 1737 1788 τοῦ

1853 546 1973 602 dem
2011 549 2064 603 in
2096 550 2332 606 ﬁliorum
2369 555 2619 609 ordinem
2648 555 3019 609 transiverunt
3049 573 3062 610 :
3099 567 3152 609 et
3181 558 3273 626 qui
3303 557 3432 610 olim

1855 649 2116 710 tanquam
2167 643 2262 698 ﬁlii
2310 648 2708 712 tractabantur,
2763 663 2962 701 canum
3012 649 3431 718 appellatmnem

1852 744 2196 802 acceperunt,
2242 745 2302 790 ut
2336 739 2430 807 qui
2460 755 2660 794 canum
2711 755 2863 795 more
2911 752 3103 795 contra
3140 740 3428 794 Dominum

1848 826 2004 880 rabie
2035 828 2225 894 perciti
2280 828 2514 884 fuerant.
2559 831 2634 884 De
2665 833 2747 886 his
2790 833 2981 888 beatus
3013 834 3214 888 Paulus
3245 833 3428 888 excla-

1849 931 2007 972 mat:
2053 938 2071 970 ι
2121 917 2305 974 Videte
2329 937 2515 985 canes,
2553 923 2732 978 videte
2781 925 2956 978 malos
3005 925 3308 994 operarios,
3348 925 3431 977 vi-

1848 1011 1972 1065 dete
1996 1013 2368 1066 concisionem
2400 1024 2442 1066 ι.
2478 1035 2495 1067 ι
2526 1013 2714 1082 Itaque
2740 1017 3095 1085 propheticus
3127 1033 3304 1072 Sermo
3337 1016 3429 1070 ubi

1849 1119 2011 1158 canes
2061 1120 2155 1160 eos
2204 1106 2539 1176 appellavit:
2578 1125 2597 1159 ι
2636 1106 2968 1175 Concilium,
3021 1111 3219 1179 inquit,
3270 1110 3428 1163 mali:

1846 1195 2133 1265 gnantium
2189 1196 2406 1251 obsedit
2459 1211 2568 1252 me.
2611 1216 2630 1248 ι
2687 1195 2892 1254 Deinde
2951 1209 3138 1253 narrat
3188 1215 3310 1270 quae
3360 1200 3429 1255 ab

1846 1286 1982 1356 ipsis
2009 1304 2144 1344 ausu
2173 1289 2384 1344 nefario
2411 1299 2622 1360 patrata
2652 1300 2801 1345 sunt.

1922 1465 1941 1498 ι
1981 1445 2261 1502 Foderunt
2297 1463 2496 1504 manus
2523 1463 2698 1517 meas,
2743 1459 2796 1504 et
2825 1449 2991 1514 pedes
3024 1463 3196 1505 meos.
3233 1447 3427 1522 [νεεδ.

1845 1539 1958 1612 18.]
1991 1538 2367 1597 Numerarunt
2401 1541 2588 1597 omnia
2619 1557 2746 1597 ossa
2780 1557 2921 1596 mea.
2960 1561 2978 1594 ι
3020 1541 3087 1596 Ει
3118 1543 3223 1597 hoc
3252 1541 3428 1596 mani-

1843 1630 2044 1688 festum
2093 1642 2176 1689 est
2228 1643 2283 1689 et
2333 1635 2543 1690 clarum
2605 1636 2772 1690 etiam
2827 1635 2980 1689 valde
3026 1635 3423 1705 pertinacibus.

1840 1725 2111 1781 Audimus
2152 1726 2300 1780 enim
2340 1726 2394 1781 in
2435 1726 2611 1782 sacris
2647 1725 2962 1797 Evangeliis
3008 1727 3188 1797 ipsum
3235 1725 3425 1781 Domi-

161 1825 358 1895 Κυρίου
405 1825 542 1896 πρὸς
575 1827 703 1888 τοὺς
747 1825 935 1894 ἁγίους
968 1825 1137 1880 αὐτοῦ
1174 1825 1423 1894 λέγοντος
1465 1827 1732 1899 μαθητάς·

1842 1831 1971 1870 num
2027 1815 2142 1870 suis
2191 1816 2399 1871 sanctis
2452 1815 2738 1887 discipulis
2789 1817 3064 1872 dicentem
3109 1833 3121 1869 :
3173 1835 3191 1866 ι
3232 1814 3424 1871 Videte

163 1933 181 1966 ι
225 1915 461 1969 Βλέπετε
492 1915 588 1979 τὰς
617 1915 809 1986 χεῖράς
845 1933 946 1986 μου
1003 1916 1098 1969 καὶ
1131 1916 1257 1979 τοὺς
1291 1915 1460 1979 πόδας
1491 1934 1614 1987 μου,
1653 1918 1737 1970 ὅτι

156 2007 311 2071 αὐτὸς
354 2007 468 2076 ἐγώ
512 2009 649 2078 είμι.
707 2026 726 2059 ι
767 2007 875 2061 Kal
922 2006 1106 2077 μέντοι
1150 2008 1243 2059 καὶ
1288 2007 1368 2076 τῷ
1400 2004 1586 2077 ’Θωμᾷ
1629 2008 1737 2062 τῶν

157 2099 293 2170 ἥλων
316 2100 448 2159 τοὺς
473 2100 680 2162 τύπους
709 2097 978 2165 ὑπέδειξε,
1010 2099 1104 2152 καὶ
1146 2098 1244 2168 τὴν
1274 2098 1381 2152 ἀπὸ
1411 2099 1512 2169 τῆς
1537 2098 1738 2170 λόγχης

156 2190 386 2260 πληγήν.
419 2191 492 2244 Τὸ
517 2190 576 2243 δὲ
609 2209 628 2240 ι
661 2189 1064 2262 ἐξηρίθμησαν,
1093 2189 1276 2243 πάντα
1299 2188 1366 2242 τὰ
1391 2189 1525 2242 ὀστᾶ
1552 2206 1674 2260 μου,
1711 2207 1730 2241 ι

155 2285 304 2338 τοῦτο
333 2286 382 2317 ⁸⁸
411 2285 582 2355 δηλοῖ,
617 2286 699 2338 ὅτι
732 2285 889 2338 Οὕτω
921 2302 988 2355 με
1019 2284 1284 2337 διέτειναν
1308 2283 1732 2355 προσηλοῦντες,

159 2375 228 2440 ὣς
262 2395 318 2429 τε
353 2378 539 2450 ῥᾴδιον
565 2373 705 2431 εἶναι
732 2377 808 2447 τῷ
842 2377 1154 2446 βουλομένῳ
1187 2376 1283 2430 καὶ
1312 2376 1405 2429 τὸν
1427 2375 1536 2429 τῶν
1562 2374 1735 2430 ὀστῶν

154 2468 383 2540 ἀριθμὸν
407 2469 725 2537 διαγνῶναι.
761 2488 778 2521 ι
803 2469 968 2522 Αὐτοὶ
991 2468 1046 2520 δὲ
1075 2469 1431 2538 κατενόησαν,
1464 2468 1559 2522 καὶ
1587 2468 1734 2520 ἐπεῖ-

152 2562 233 2615 δόν
263 2581 353 2633 με,
386 2582 404 2614 ι
429 2563 549 2617 ἀντὶ
589 2562 1151 2627 τοῦ,ὲπιτωθάξοντες
1197 2561 1295 2616 καὶ
1322 2562 1366 2593 ⁸⁸
1384 2561 1652 2630 γελῶντες
1665 2561 1730 2615 ⁸⁷.

219 2654 300 2706 ιϐ’.
351 2673 370 2704 ι
410 2653 802 2724 Διεμερίσαντο
829 2654 896 2705 τὰ
924 2653 1114 2723 ἱμάτιά
1145 2669 1246 2721 μου
1270 2653 1502 2716 ἑαυτοῖς,
1526 2652 1620 2706 καὶ
1641 2651 1733 2704 ἐπὶ

151 2742 237 2796 τὸν
277 2745 577 2814 ἱματισμόν
636 2761 736 2812 μου
766 2742 956 2796 ἔϐαλον
1009 2742 1230 2813 κλῆρον.
1272 2761 1290 2793 ι
1328 2743 1438 2795 Kal.
1475 2741 1633 2795 τοῦτο
1676 2741 1733 2794 δὲ

155 2837 332 2906 σαφῶς
374 2837 420 2869 ⁸³
447 2839 481 2908 ἡ
508 2837 620 2890 τῶν
652 2835 814 2908 ἱερῶν
843 2836 1190 2906 Εὑαγγελιων
1217 2834 1431 2904 ἱστορία
1465 2834 1727 2889 διδάσκει.

214 3018 403 3089 κ’-κβ’.
431 3036 449 3069 ι
469 3019 540 3072 Σὺ
562 3017 640 3084 δὲ,
662 3015 856 3088 Κύριε,
884 3017 958 3088 μὴ
987 3016 1273 3088 μακρύνῃς
1295 3015 1394 3086 τὴν
1412 3014 1664 3087 βοήθειάν
1686 3014 1730 3049 δ’

154 3124 242 3160 σου
271 3107 370 3161 ἀπ’
407 3106 540 3178 ἐμοῦ
591 3106 673 3138 ’θ’
723 3107 802 3169 εἰς
834 3110 934 3176 τὴν
982 3105 1268 3176 ἀντίληψιν
1311 3123 1412 3176 μου
1469 3107 1726 3176 πρόσχες.

162 3199 342 3254 Ῥῦσαι
377 3201 487 3253 ἀπὸ
516 3200 790 3270 ῥομφαίας
820 3200 920 3271 τὴν
952 3199 1130 3270 ψυχήν
1167 3218 1291 3270 μου,
1322 3200 1418 3253 καὶ
1450 3201 1514 3253 ὲκ
1543 3199 1727 3270 χειρὸς

151 3292 302 3356 κυνὸς
346 3291 451 3363 τὴν
509 3293 772 3363 μονογενῆ
826 3310 951 3361 μου.
1001 3292 1182 3344 Σῶσόν
1231 3309 1298 3362 με
1343 3292 1409 3344 ἐκ
1455 3291 1728 3361 στόματος

149 3381 376 3448 λέοντος,
415 3383 510 3437 καὶ
539 3383 648 3436 ἀπὸ
679 3383 930 3453 κεράτων
967 3383 1359 3454 μονοκερώτων
1389 3382 1488 3452 τὴν
1538 3384 1729 3438 ταπεί-

151 3474 305 3527 νωσιν
350 3492 475 3545 μου.
515 3492 533 3525 ι
578 3473 797 3544 Ἐπειδὴ
831 3475 901 3538 ⁵¹,
938 3475 1125 3545 φησὶν,
1157 3468 1417 3545 οὐδεμίαν
1448 3473 1726 3546 ἀνθρωπί-

150 3581 246 3634 νην
274 3564 380 3635 ἔχω
405 3564 675 3635 βοήθειαν,
704 3565 806 3636 τῆς
850 3565 951 3635 σῆς
983 3565 1322 3636 ἀντιλήψεως
1352 3565 1592 3636 τύχοιμι,
1633 3565 1727 3619 καὶ

151 3654 406 3726 ρυσθείην
437 3655 546 3710 ἀπό
579 3673 639 3708 τε
668 3655 896 3721 τούτων,
931 3657 1042 3709 ἀπό
1079 3673 1138 3708 τε
1168 3655 1262 3709 τοῦ
1287 3656 1378 3710 διὰ
1402 3656 1605 3710 τούτων
1636 3658 1725 3710 ὲν-

149 3747 456 3814 εργοῦντος,
509 3747 605 3800 καὶ
637 3747 795 3818 δίκην
836 3746 995 3810 κυνὸς
1039 3748 1133 3800 καὶ
1180 3746 1397 3810 λέοντος
1440 3748 1722 3810 ὲπιόντος’

146 3839 356 3896 λέοντα
381 3842 490 3912 γὰρ
524 3842 570 3882 δ’
595 3841 773 3904 καλεῖ,
805 3840 899 3894 καὶ
923 3841 1099 3904 κύνα,
1119 3839 1216 3894 καὶ
1238 3838 1620 3909 μονοκέρωτα
1649 3839 1720 3904 ⁸³,

146 3933 231 3986 τὸν
267 3936 326 3989 τὸ
374 3935 580 4005 κράτος
623 3934 818 4005 ἔχοντα
854 3933 950 3987 τοῦ
999 3933 1254 3994 θανάτου,
1304 3933 1446 3987 κατὰ
1491 3932 1591 4003 τὴν
1627 3931 1722 3987 τοῦ

157 4023 477 4078 Ἀποστόλου
511 4025 731 4095 φωνήν·
777 4025 1030 4078 τουτέστι
1074 4023 1166 4076 τὸν
1205 4023 1476 4088 διάϐολον,
1521 4023 1582 4087 ὃς
1628 4023 1724 4077 καὶ

146 4115 287 4184 παρὰ
339 4117 436 4170 τὸν
490 4115 584 4169 τοῦ
641 4115 850 4180 πάθους
905 4115 1096 4184 καιρὸν
1151 4115 1314 4186 Θηρδς
1366 4114 1517 4185 αύτῷ
1566 4115 1722 4186 δίκην

146 4205 356 4274 ἐπῆλθε,
406 4206 500 4258 τὸν
548 4207 777 4260 θάνατον
823 4207 1190 4276 ἐπαγόμενος.
1243 4204 1414 4258 Τοῦτο
1459 4205 1514 4259 δὲ
1563 4205 1657 4259 καὶ
1695 4206 1724 4258 ό

144 4294 338 4366 Κύριος
380 4296 605 4368 εἴρηκεν
650 4300 708 4351 ὲν
748 4299 861 4361 τοῖς
901 4297 1066 4360 θείοις
1110 4296 1499 4364 Εὑαγγελίοιςο
1543 4314 1561 4346 ι
1607 4293 1722 4347 Νῦν

143 4387 315 4455 κρίσις
364 4390 485 4442 ἐστὶ
530 4389 625 4443 τοῦ
659 4391 866 4460 κόσμου
919 4389 1150 4443 τούτου⁸
1183 4389 1279 4442 νῦν
1318 4392 1346 4443 ὁ
1391 4389 1577 4460 ἄρχων
1622 4387 1718 4441 τοῦ

145 4479 346 4550 κόσμου
403 4480 594 4558 τούτου
639 4482 1040 4553 ἐκϐληθήσεται
1091 4482 1217 4549 ἔξω.
1282 4501 1301 4534 ι
1361 4483 1469 4536 Καὶ
1519 4481 1715 4536 πάλιν·

148 4585 166 4620 ι
210 4572 475 4643 Ἔρχεται
507 4575 536 4630 ὀ
580 4572 675 4627 τοῦ
709 4575 919 4645 κόσμου
951 4574 1146 4629 τούτου
1190 4574 1238 4606 ⁵⁸
1272 4574 1476 4644 ἄρχων,
1519 4574 1613 4628 καὶ
1659 4573 1716 4626 ὲν

1840 1922 2036 1962 manus
2087 1923 2260 1973 meas,
2314 1917 2370 1964 et
2408 1910 2573 1980 pedes
2621 1924 2796 1975 meos,
2853 1910 3114 1980 quoniam
3159 1907 3275 1979 ipse
3324 1923 3424 1979 ego

1839 2013 1960 2054 sum
1985 2009 2028 2052 ⁸.
2088 2018 2107 2052 ι
2177 2000 2357 2071 Atque
2413 2002 2578 2055 etiam
2627 2000 2856 2056 Thema:
2916 2001 3199 2056 clavorum
3265 2001 3423 2072 signa

1839 2091 2102 2156 ostendit,
2149 2102 2204 2146 et
2263 2093 2482 2162 plagam
2533 2093 2724 2148 lancea
2779 2094 3007 2148 illatam.
3065 2093 3178 2148 Hoc
3213 2104 3418 2158 autem,

1845 2203 1865 2236 ‹
1902 2193 2265 2238 numerarunt
2318 2185 2502 2238 omnia
2557 2200 2683 2240 ossa
2721 2201 2861 2251 mea,
2912 2203 2930 2235 ι
2973 2185 3074 2240 hoc
3127 2186 3418 2257 signiﬁcat,

1841 2278 1932 2334 Sic
1962 2294 2050 2333 me
2101 2278 2488 2332 distenderunt
2523 2279 2931 2348 cruciﬁgenles,
2986 2287 3044 2332 ut
3087 2277 3246 2333 facile
3278 2278 3421 2334 foret

1840 2371 2073 2426 cuilibet
2099 2386 2226 2426 ossa
2257 2386 2609 2426 enumerare.
2655 2391 2673 2422 ι
2716 2370 2818 2442 Ipsi
2857 2385 2987 2424 vero
3029 2371 3417 2425 considerave-

1835 2473 1986 2530 runt,
2037 2471 2092 2519 et
2151 2472 2481 2533 aspexernnt
2524 2478 2633 2528 me,
2673 2481 2691 2514 ι
2745 2463 2999 2518 videlicet
3034 2461 3326 2518 illudentes
3365 2472 3423 2518 et

1836 2557 2152 2613 irridentes.

1907 2646 2075 2702 Vens.
2121 2645 2207 2700 19.
2257 2665 2276 2697 ι
2318 2645 2626 2700 Divisernnt
2674 2645 2778 2699 sibi
2825 2645 3147 2700 vestimenta
3184 2659 3327 2708 mea,
3361 2651 3418 2698 et

1836 2753 2001 2810 super
2035 2749 2239 2794 vestem
2294 2754 2470 2793 meam
2520 2739 2791 2793 miserunt
2825 2746 3057 2793 sortem.
3100 2757 3118 2790 ›
3168 2735 3419 2806 Apertis-

1835 2835 1973 2890 sime
2027 2835 2133 2890 hoc
2191 2835 2356 2889 etiam
2409 2849 2690 2890 sacrorum
2726 2833 3147 2904 Evangeliorum
3183 2833 3416 2889 historia

1835 2927 1991 2998 741
2031 2927 2188 2983 docet
2209 2928 2259 2982 ιι.

1905 3015 2070 3071 Vens.
2103 3017 2296 3071 20-22.
2339 3037 2358 3069 ι
2399 3015 2479 3071 Tu
2506 3026 2711 3082 autem,
2745 3017 2995 3084 Domine,
3029 3032 3094 3072 ne
3124 3017 3416 3088 elongave-

1833 3107 1909 3164 ris
1937 3109 2199 3164 auxilium
2239 3119 2390 3164 tuum
2439 3127 2469 3166 a
2533 3127 2637 3177 me,
2706 3112 2772 3166 ad
2813 3111 3187 3166 defensionem
3235 3123 3414 3163 meam

1837 3202 2063 3271 respice.
2100 3201 2241 3257 Erue
2267 3217 2296 3255 a
2319 3203 2520 3273 gladio,
2556 3202 2721 3264 Deus.
2758 3202 2999 3256 animam
3033 3216 3236 3264 meam,
3263 3206 3318 3255 et
3347 3200 3416 3255 de

1835 3306 2000 3346 manu
2031 3293 2186 3348 canis
2219 3294 2435 3347 unicam
2468 3293 2847 3348 meam.Salva
2879 3308 2966 3347 me
2989 3308 3056 3346 ex
3083 3307 3180 3347 ore
3213 3291 3410 3355 leonis.

1829 3394 1940 3439 eta
2000 3385 2262 3440 cornibus
2318 3386 2670 3441 unicornium
2725 3386 3089 3440 humilitatem
3143 3398 3341 3439 meam.
3386 3402 3406 3435 ι

1829 3475 2120 3544 Quoniam,
2153 3477 2252 3542 ait,
2283 3478 2484 3532 nullam
2519 3478 2816 3532 humanam
2871 3491 3029 3547 opem
3063 3476 3258 3539 habeo,
3306 3484 3412 3530 tua:

1828 3569 2167 3625 defensionis
2208 3586 2434 3638 compos
2481 3571 2628 3638 ﬁam,
2659 3580 2716 3626 et
2764 3570 2962 3625 liberer
3020 3581 3132 3624 tum
3177 3570 3247 3623 ab
3299 3567 3408 3634 his,

1831 3669 1945 3714 tum
1978 3661 2048 3716 ab
2073 3676 2138 3716 eo
2173 3661 2267 3731 qui
2323 3677 2424 3732 per
2452 3662 2555 3717 hos
2591 3663 2707 3717 haec
2735 3669 3016 3732 operatur,
3053 3657 3260 3731 quique
3321 3661 3408 3713 in-

1827 3766 1943 3809 Star
1973 3755 2128 3810 canis
2160 3763 2324 3824 atque
2348 3755 2523 3809 leonis
2559 3770 2645 3809 me
2677 3754 2898 3808 invasit.
2929 3752 3062 3806 Nam
3102 3753 3324 3818 leonem,
3350 3761 3406 3806 et

1826 3861 2030 3910 canem,
2072 3855 2236 3914 atque
2280 3846 2590 3898 unicornem
2637 3859 2761 3898 eum
2820 3851 3003 3904 vocat,
3056 3843 3150 3912 qui
3210 3841 3407 3896 mortis

1825 3934 2116 4002 imperium
2149 3936 2400 4001 habebat,
2451 3936 2752 3991 secundum
2810 3933 3056 4002 Apostoli
3111 3947 3300 3986 vocem
3334 3941 3402 3986 c:

1825 4028 2034 4084 scilicet
2059 4029 2361 4092 diabolum,
2416 4028 2508 4098 qui
2549 4026 2824 4097 passionis
2885 4033 3128 4094 tempore
3166 4031 3226 4077 ut
3288 4021 3404 4078 fera

1825 4119 2003 4189 ipsum
2039 4134 2336 4190 aggressus
2366 4127 2473 4184 est,
2513 4127 2744 4172 mortem
2775 4116 3038 4172 inferens.
3099 4115 3156 4171 Id
3219 4123 3402 4169 autem

1826 4211 2088 4265 Dominus
2112 4225 2330 4282 quoque
2366 4211 2537 4267 sacris
2574 4210 2626 4264 in
2657 4208 2968 4277 Evangeliis
2983 4207 3122 4262 dixit
3153 4226 3167 4263 :
3203 4226 3222 4258 ι
3246 4205 3406 4261 Nunc

1818 4303 2086 4373 judicium
2120 4312 2204 4359 est
2232 4308 2248 4325 '
2279 4305 2472 4358 mundi
2509 4304 2696 4374 hujus,
2745 4317 2893 4356 nunc
2931 4301 3186 4371 princeps
3236 4299 3402 4370 hujus

1823 4396 2012 4451 mundi
2047 4396 2300 4464 ejicietur
2323 4397 2472 4451 foras
2499 4395 2550 4451 ἀ.
2585 4415 2604 4448 ι
2644 4396 2707 4450 Et
2733 4406 2970 4449 rursus:
3009 4410 3027 4444 ι
3074 4390 3405 4460 Venilprin-

1752 4517 1795 4572 ο
1825 4503 1954 4558 ceps
2012 4490 2202 4545 mundi
2243 4489 2431 4560 hujus,
2479 4499 2535 4545 et
2583 4489 2636 4543 in
2666 4503 2754 4542 me
2812 4503 2922 4542 non
2969 4485 3207 4540 inveniet
3240 4484 3404 4554 quid-

1823 4595 1989 4650 quam
2022 4592 2069 4636 ο.
2103 4600 2123 4634 ι
2157 4581 2263 4638 Sed
2296 4589 2480 4638 tamen
2509 4589 2565 4637 et
2589 4581 2724 4635 nihil
2755 4595 2946 4636 eorum
2980 4593 3104 4651 quat
3125 4577 3407 4649 quaerebat

209 4780 232 4808 ι
265 4770 504 4847 ξῂὶιίρρ.
537 4772 702 4839 "1,2.
778 4784 805 4814 ι
839 4771 972 4829 Luc.
1009 4788 1156 4842 xxiv,
1207 4771 1300 4828 '59.
1375 4773 1403 4814 δ
1429 4773 1618 4830 Matth.
1652 4790 1824 4844 xxvu,
1884 4778 1974 4834 55.
2051 4789 2076 4820 ο
2111 4777 2276 4835 Hebr.
2303 4795 2366 4847 tt,
2418 4779 2505 4834 14.
2579 4777 2790 4834 dJoan.
2857 4792 2959 4844 xu,
3014 4776 3106 4832 3|.
3185 4789 3210 4818 ο
3239 4775 3400 4835 Joan.

139 4853 244 4908 xrv,
275 4842 368 4898 30.

1241 5022 1470 5080 VARIAS
1511 5023 1894 5082 LECTIONES
1928 5026 2017 5082 ET
2053 5025 2292 5085 NOTAE.

207 5139 249 5214 τ’
277 5136 668 5214 δοῦναιᾉοοᾶ.
694 5136 729 5191 2
760 5137 960 5214 βαλεῖν.
991 5155 1112 5210 qua:
1131 5149 1219 5214 est
1237 5140 1538 5214 rec_._lectio
1561 5143 1599 5198 l.
1634 5159 1684 5198 c.

1842 5143 2327 5214 Δεσπότου.γεο(1.
2361 5143 2384 5197 1
2415 5143 2684 5214 σωτῆρος.
2743 5139 3138 5214 ξθμΜακὰριος.
3173 5137 3340 5214 Abest
3368 5153 3401 5194 a

140 5207 257 5276 cod.
291 5210 349 5262 ‘2.
433 5207 482 5239 ⁸⁸
504 5207 1026 5276 Προσαγορεύσας.
1055 5209 1174 5263 cod.
1203 5213 1235 5264 5
1267 5212 1392 5265 add.
1424 5214 1549 5276 τοὺς
1581 5231 1732 5276 στρατ

1842 5232 1941 5274 :ac.

2017 5215 2060 5246 ⁵³
2093 5213 2215 5268 cod.
2247 5215 2271 5267 1
2301 5207 2584 5282 περιέσχε.
2644 5207 2708 5244 ⁷¹⁵¹
2729 5207 2880 5282 Εἶτα
2906 5235 2976 5282 τ-
3001 5208 3398 5282 τοξμηθέντα.

143 5275 260 5330 Des.
283 5278 337 5330 in
367 5278 488 5332 cod.
522 5279 556 5332 5
583 5288 637 5332 et
662 5279 804 5348 apud
836 5278 1034 5333 Euseb.
1060 5281 1097 5332 l.
1132 5296 1181 5335 e.
1259 5281 1304 5311 “
1337 5275 1541 5337 Τοῦτο.
1566 5275 1685 5338 cod.
1714 5285 1732 5338 Ξ

1847 5286 1924 5338 dit
1945 5283 2022 5338 δέ.
2097 5282 2145 5314 ⁸⁵
2171 5285 2358 5337 Ἐστι.
2377 5275 2552 5338 "Abest
2583 5298 2613 5337 a
2640 5281 2763 5337 cod.
2794 5283 2842 5336 1.
2918 5279 2964 5311 ⁸³
2992 5279 3171 5332 Τοῦτο
3197 5307 3266 5317 ——
3289 5279 3396 5332 ὅτι.

140 5348 292 5418 codd.
331 5349 367 5402 5
390 5349 526 5415 Aug.
557 5349 858 5402 τουτέστιν.
936 5349 982 5380 ⁸⁸
1009 5351 1136 5403 Καί.
1170 5351 1290 5404 cod.
1325 5351 1360 5403 9.
1385 5367 1572 5417 praem.
1607 5354 1732 5406 εἰσί.

1842 5356 1856 5386 ⁷
1885 5353 2216 5418 Γελῶντες.
2257 5353 2370 5406 Νοη
2404 5353 2777 5407 dubitavimus
2805 5349 3228 5418 emendatiorem
3262 5348 3401 5403 hanc

142 5415 447 5480 lectionem.
462 5435 567 5541 Pro
592 5418 862 5487 λέγοντες.
893 5429 952 5473 ut
993 5419 1228 5474 habebat
1257 5420 1344 5474 od.
1379 5415 1571 5487 Sirm.,
1608 5423 1963 5490 substituere,
1995 5415 2319 5477 auctoritate
2356 5423 2604 5478 codicum
2643 5423 2806 5476 trium
2831 5421 3064 5489 August.
3102 5428 3155 5472 et
3181 5417 3398 5471 Eusebii

142 5488 276 5541 apud
311 5487 455 5541 Munt
485 5529 498 5541 .
528 5489 562 5541 Ι.
596 5503 646 5541 c.
684 5488 775 5541 Sic
795 5505 1012 5541 unonne
1053 5492 1179 5541 lenit
1204 5491 1367 5541 Cord.
1405 5501 1442 5541 t.
1473 5494 1513 5541 I-
1551 5509 1601 5541 η.
1637 5493 1739 5541 587
1767 5533 1781 5541 .
1815 5509 1926 5541 (Illo
1973 5503 2254 5541 nmennte
2301 5494 2368 5541 de
2394 5494 2497 5541 hac
2527 5494 2864 5541 correctione
2895 5504 2994 5541 nos
3033 5489 3139 5541 iant
3187 5489 3398 5541 monuit

142 5488 276 5542 apud
311 5487 455 5542 Mont

142 5501 276 5553 apud
311 5501 498 5542 Montt.
529 5501 562 5541 I.
596 5503 646 5544 c.
684 5501 775 5543 me
795 5505 1012 5558 quoque
1053 5501 1179 5560 legit
1204 5501 1367 5545 (λοι-ιι.
1405 5501 1442 5546 ι.
1475 5501 1513 5558 l,
1551 5509 1583 5558 ι)

141 5555 438 5628 ῼοιθιθτίυε
472 5557 707 5628 Monum.
739 5558 990 5614 Ecclesia:
1020 5559 1112 5613 Gr.
1141 5562 1244 5613 vol.
1283 5559 1345 5614 ll.
1375 5577 1428 5628 p.
1460 5562 1586 5617 625.

140 5624 174 5679 Ξ
195 5628 322 5691 τοὺς
345 5627 680 5698 οἰκτιρμούς.

142 5704 224 5749 est
249 5698 348 5770 τὴν
389 5697 639 5770 βοήθειάν
668 5716 794 5770 μου.

148 5765 480 5837 μονόκερονᾙ
529 5768 575 5803 ⁸⁸
608 5765 844 5826 Τούτου.
871 5769 1035 5827 Abest
1057 5785 1087 5826 a
1119 5765 1240 5827 cod.
1268 5771 1317 5837 l,
1341 5772 1394 5829 σε.

528 5489 562 5541 l.
596 5503 646 5544 c.
684 5488 1012 5560 Siequoque
1038 5492 1179 5560 legit
1204 5491 1367 5560 (Iord.
1405 5501 1442 5546 t.
1473 5494 1513 5558 I,
1551 5509 1601 5558 p.
1637 5493 1739 5547 587
1767 5533 1781 5557 ,

1857 5509 1926 5546 uo
1953 5489 2254 5563 'praaeunte
2301 5494 2368 5547 de
2394 5494 2497 5547 hac
2527 5494 2864 5563 correctione
2895 5504 2994 5563 nos
3028 5489 3139 5563 jam
3187 5489 3402 5563 monuit

1664 5563 1708 5596 ⁸⁸
1745 5559 1868 5619 cod.
1902 5565 1936 5619 5
1958 5559 2006 5618 et
2039 5563 2237 5618 Euseb.
2267 5563 2621 5632 σαφέστερον.
2699 5563 2745 5596 ⁸³
2786 5561 2905 5632 Τὴν
2922 5560 3252 5632 βοήίζειανκ
3273 5559 3373 5632 cod

759 5631 803 5661 ⁸ο
841 5633 960 5683 Σου
984 5631 1092 5700 ,ἀπ’
1113 5631 1280 5700 ἐμοῦ.
1321 5631 1470 5688 Hanc
1501 5633 1786 5687 lectionem
1821 5635 2024 5688 habent
2059 5636 2148 5688 ed.
2175 5633 2296 5687 Ald.
2325 5627 2381 5687 et
2407 5627 2648 5700 Compl.,
2681 5642 2818 5689 teste
2845 5629 3030 5685 Bosio.
3053 5627 3400 5700 _Bec._lectio

901 5700 944 5731 “
980 5699 1614 5768 Ἐπειδὴ-ἐπιόντος.
1643 5703 1767 5760 Des.
1794 5705 1847 5762 in
1873 5705 1996 5760 cod.
2023 5703 2076 5758 5.

2174 5704 2221 5735 "
2253 5703 2400 5771 de.
2441 5696 2612 5759 Abest
2665 5718 2694 5758 a
2730 5702 2854 5758 cod.
2884 5701 2947 5755 3-
3051 5697 3098 5731 ⁵⁸
3124 5696 3246 5752 cod.
3288 5696 3311 5750 1
3351 5699 3388 5752 2
