3854 6318
374 277 513 343 1023

1373 281 1869 343 THEODORETI
1910 281 2250 342 EPISCOPI
2287 282 2656 343 CYBENSIS

3502 275 3642 339 mat
3697 229 3702 232 ’

442 409 460 428 ο
494 389 672 446 Vens.
708 390 798 445 29.
831 409 849 440 ι
897 390 1164 456 Quoniam
1203 389 1422 444 Domini
1467 403 1550 446 est
1592 409 1842 463 regnum,
1895 402 1948 448 et

2121 391 2224 444 xB'.
2263 410 2286 443 ι
2336 392 2458 444 ’Ότι
2495 391 2588 443 τοῦ
2634 390 2895 461 Κυρίουή
2934 373 3199 459 βασιλεία,
3232 387 3325 439 καὶ
3362 386 3528 445 αὐτὸς
3559 387 3617 437 δε

372 484 490 555 ipse
514 485 828 538 dominatur
852 482 1119 552 gentibus.
1159 503 1176 534 ι
1232 482 1350 537 Νοιι
1385 483 1528 538 enim
1583 495 1796 540 tantum
1850 485 1948 539 Ju-

373 576 614 630 dteorum
669 574 810 628 Deus
840 583 926 629 est
969 573 1134 639 Deus,
1169 586 1224 630 ut
1257 576 1332 630 illi
1361 577 1698 644 existimant,
1757 594 1946 634 verum

373 666 542 721 totiUs
575 666 824 718 humana:
866 674 1075 720 naturae
1097 675 1179 721 est
1209 676 1445 725 creator.
1490 669 1581 725 Sic
1612 679 1667 725 et
1708 669 1947 740 Aposto-

373 755 460 809 lus
503 755 616 808 ait:
659 773 676 804 ι
719 754 974 824 Nunquid
1002 755 1314 812 Iudaeorum
1360 759 1499 813 Deus
1557 768 1642 814 est
1696 760 1949 814 tantum?

374 860 553 900 nonne
584 854 637 900 et
663 847 904 915 gentium
937 846 962 898 ’ἲ
995 848 1221 900 omnino
1249 850 1413 903 etiam
1475 851 1716 920 gentium
1753 871 1765 906 :
1805 867 1934 922 quo-

371 935 517 990 niam
556 951 697 990 unus
743 945 828 990 est
860 935 1023 998 Deus,
1061 937 1153 1005 qui
1207 937 1531 1006 justiﬁeabit
1591 940 1948 997 circumeisos

369 1042 437 1082 ex
477 1027 598 1093 ﬁde,
618 1035 672 1080 et
727 1026 1096 1095 prmputiatos,
1151 1042 1246 1094 per
1282 1028 1439 1082 Iidem
1468 1026 1515 1083 ιι.
1567 1044 1586 1077 ι

440 1117 610 1173 Vens.
643 1118 731 1174 30.
766 1137 783 1168 ι
817 1118 1305 1184 Manducaverunt,
1339 1131 1392 1175 et
1433 1122 1798 1179 adorarerunt
1823 1141 1948 1180 eum

373 1227 571 1266 omnes
602 1210 832 1281 pingues
862 1220 1064 1263 terrae:
1132 1209 1186 1263 in
1229 1221 1524 1282 conspectu
1581 1213 1703 1283 ejus
1755 1215 1953 1270 cadent

373 1319 564 1359 omnes
622 1303 715 1373 qui
745 1301 1086 1358 descendunt
1113 1302 1167 1356 in
1205 1312 1426 1360 terram.
1467 1323 1485 1356 ι
1528 1304 1630 1371 Qui
1677 1309 1822 1362 enim
1854 1325 1952 1364 co.

375 1399 664 1453 mederunt
690 1405 746 1451 et
778 1396 985 1466 impleti
1016 1407 1166 1460 sunt,
1200 1397 1268 1452 de
1296 1398 1729 1456 immortalicibo
1748 1403 1952 1473 gratias

373 1502 618 1564 agentes,
650 1507 776 1547 eum
815 1492 908 1561 qui
939 1491 1072 1570 base.
1092 1492 1456 1562 suppeditavit
1493 1504 1550 1549 ut
1594 1495 1773 1563 Deum
1816 1497 1952 1551 ado-

375 1583 592 1636 rabunt.
623 1582 689 1636 Et
717 1582 844 1651 quia
883 1582 936 1635 in
969 1581 1308 1651 praecedente
1339 1599 1499 1638 versu
1531 1585 1809 1656 pinguium
1835 1597 1953 1643 tau-

373 1684 488 1728 tum
527 1675 857 1728 mentionem
894 1673 1040 1738 fecit,
1073 1683 1132 1728 ut
1185 1674 1278 1744 qui
1325 1677 1392 1730 ab
1449 1677 1545 1731 illo
1579 1679 1766 1734 divino
1828 1681 1951 1736 cibo

377 1766 510 1820 tales
542 1765 716 1820 eﬂ'ecti
753 1765 882 1832 sint,
919 1767 1112 1820 merito
1135 1766 1277 1821 dixit
1311 1783 1324 1820 :
1368 1786 1387 1819 ι
1417 1769 1476 1822 In
1510 1782 1804 1841 conspectu
1829 1774 1948 1843 ejus

373 1858 568 1912 cadent
601 1871 794 1911 omnes
841 1858 932 1926 qui
962 1858 1303 1912 descendunt
1333 1859 1386 1914 in
1423 1869 1647 1916 terram.
1691 1881 1710 1915 ι
1761 1864 1949 1935 Siqui-

373 1949 496 2003 dem
536 1958 657 2018 post
692 1949 1150 2003 resurrectionem
1183 1964 1248 2003 ex
1281 1953 1538 2015 mortuis,
1592 1953 1684 2007 alii
1727 1956 1944 2022 quidem

375 2047 635 2114 volentes,
671 2047 760 2102 alii
798 2061 928 2102 vero
959 2046 1136 2112 inviti,
1174 2056 1229 2102 et
1256 2049 1347 2102 alii
1387 2049 1605 2118 quidem
1635 2067 1698 2106 ex
1736 2067 1946 2120 amore,

373 2140 466 2195 alii
495 2155 622 2196 vero
648 2155 678 2194 e
713 2140 926 2206 timore,
962 2139 1110 2196 hunc
1139 2139 1248 2195 Deo
1277 2139 1510 2197 oﬂ‘erent
1565 2145 1800 2212 cultum,
1863 2163 1950 2202 se-

371 2232 612 2286 cundum
646 2232 794 2285 illam
828 2231 1077 2301 Apostoli
1115 2247 1303 2288 vocem
1336 2252 1349 2288 :
1411 2252 1429 2284 ι
1473 2235 1550 2288 Illi
1603 2251 1768 2292 omne
1807 2252 1950 2308 genu

371 2323 632 2388 ﬂectetur,
661 2324 993 2390 ccelestium,
1023 2327 1385 2392 terreStrium,
1418 2336 1473 2383 et
1499 2328 1863 2396 inferuerunt,
1896 2344 1952 2387 et

372 2417 549 2472 omnis
603 2417 785 2488 lingua
854 2419 1223 2482 conﬁtebitur,
1290 2421 1577 2476 Dominum
1609 2438 1730 2478 esse
1763 2422 1948 2480 Jesum

367 2509 668 2576 Christum,
698 2512 752 2566 in
784 2512 1013 2583 gloriam
1045 2512 1210 2585 746
1243 2512 1334 2568 Dei
1373 2513 1556 2570 Patris
1595 2515 1637 2570 ι.
1674 2535 1693 2569 ι

445 2689 605 2746 Vens.
633 2691 720 2746 5t.
759 2709 777 2742 ι
812 2689 878 2745 Et
910 2691 1093 2764 anima
1151 2708 1270 2746 mea
1328 2692 1402 2746 illi
1449 2693 1618 2759 vivet,
1655 2705 1708 2750 et
1765 2712 1949 2752 semen

373 2797 552 2838 meum
583 2783 782 2837 serviet
811 2783 934 2853 ipsi.
975 2803 993 2836 ι
1036 2783 1223 2839 Semen
1255 2784 1471 2840 Domini
1545 2787 1745 2844 Christi
1800 2799 1948 2856 sunt,

373 2875 466 2944 qui
498 2890 593 2943 per
633 2875 830 2928 lavacri
875 2879 1342 2946 regenerationem
1377 2881 1551 2935 renati
1581 2891 1731 2950 sunt,
1789 2893 1954 2955 atque

374 2963 683 3032 adoptionis
730 2964 959 3034 gratiam
1003 2977 1350 3035 receperunt.
1388 2965 1685 3040 Propterea
1727 2974 1948 3043 quidem

2052 480 2239 546 σπόζει
2265 483 2374 536 τῶν
2415 483 2608 536 ἐθνῶν.
2649 500 2668 534 ι
2709 482 2784 534 Ού
2823 483 2932 552 γὰρ
2981 483 3139 551 μόνον
3183 479 3457 532 Ἰουδαίων
3508 478 3643 537 Θεὸς

2047 577 2076 628 6
2104 575 2258 640 Θεὸς,
2289 575 2367 639 ὼς
2395 577 2590 630 ἐκεῖνοι
2637 575 2969 646 νομίζουσιν,
2999 573 3133 627 ἀλλὰ
3177 572 3357 640 πάσης
3392 572 3492 640 τῆς
3532 571 3647 624 τῶν

2049 666 2355 737 ἀνθρώπων
2397 665 2614 734 φύσεως
2654 668 2905 738 ποιητής.
2938 665 3094 719 Οὕτω
3124 664 3217 717 καὶ
3247 666 3274 716 6
3316 663 3647 726 ’Λπόστολος

2048 757 2188 827 ἔφη·
2233 759 2305 810 Ἦ
2344 759 2390 790 ³⁸
2437 759 2706 812 Ἰουδαίων
2745 760 2773 812 6
2820 757 2954 820 Θεὸς
2998 757 3160 826 μόνον
3201 757 3248 789 ⁶⁹
3293 756 3414 826 οὐχὶ
3443 755 3500 808 δὲ
3543 755 3649 808 καὶ

2052 848 2257 915 ὲΘνῶν;
2283 851 2372 902 ναὶ
2397 849 2492 902 καὶ
2517 850 2687 903 ἐθνῶν
2710 867 2724 882 ο
2762 850 2994 919 ἐπείπερ
3021 844 3101 912 εἷς
3131 849 3158 900 6
3184 848 3336 911 Θεὸς,
3374 847 3430 909 ὃς
3461 849 3645 900 δικαι-

2050 939 2181 994 ώσει
2227 940 2532 1013 περιτομὴν
2575 943 2637 995 ἐκ
2687 942 2944 1007 πίστεως,
2993 941 3086 995 καὶ
3132 940 3501 1012 ἀκροϐυστίαν
3548 937 3645 992 διὰ

2049 1032 2153 1102 τῆς
2184 1033 2438 1094 πίστεως.
2477 1051 2498 1086 ι

2123 1122 2186 1177 λ’.
2236 1143 2254 1175 ι
2306 1125 2549 1194 ’Ἑφαγον
2573 1125 2668 1178 καὶ
2691 1123 3106 1195 προσεκύνησαν
3133 1120 3282 1192 αὐτῷ
3315 1122 3332 1151 ¹
3359 1121 3563 1183 πάντες
3587 1122 3644 1174 οἱ

2053 1217 2235 1281 πίονες
2262 1216 2362 1287 τῆς
2385 1218 2506 1287 γῆς,
2541 1217 2771 1270 ἐνώπιον
2799 1215 2966 1270 αὐτοῦ
3002 1214 3405 1286 προπεσοῧνται
3435 1215 3644 1276 πάντες

2051 1310 2103 1363 οἱ
2131 1310 2560 1374 καταϐαίνοντες
2601 1311 2683 1372 είς
2709 1309 2833 1380 γῆν.
2884 1328 2902 1360 ι
2944 1309 3008 1361 Οἱ
3037 1311 3063 1362 ..'
3099 1307 3209 1376 γὰρ
3245 1308 3514 1376 φαγόντες
3544 1306 3648 1360 καὶ

2056 1400 2464 1470 ἐμπλησθέντες
2497 1403 2537 1466 ⁸,
2572 1401 2734 1471 χάριν
2779 1399 3170 1470 ὁμολογοῦντες
3204 1401 3333 1469 περὶ
3365 1399 3466 1468 τῆς
3501 1397 3645 1451 ἀθα-

2053 1493 2216 1546 νάτου
2257 1495 2484 1564 τροφῆς,
2522 1495 2992 1566 προσκυνήσουσιν
3025 1491 3100 1554 ὡς
3130 1492 3264 1544 Θεὸν
3304 1491 3396 1544 τὸν
3429 1490 3646 1542 τούτων

2054 1585 2348 1654 γενόμενον
2397 1586 2653 1656 χορηγόν.
2714 1585 2826 1637 Καὶ
2881 1583 3070 1654 ἐπειδὴ
3127 1585 3184 1636 ὲν
3241 1582 3320 1652 τῷ
3380 1583 3646 1654 προτέρῳ

2057 1677 2226 1748 στίχῳ
2267 1676 2377 1729 τῶν
2415 1677 2616 1730 πιόνων
2660 1675 3035 1746 ἐμνημόνευσε
3070 1674 3267 1744 μόνων,
3300 1674 3395 1728 ἆτε
3429 1675 3493 1744 δὴ
3529 1690 3650 1726 τοι·

2051 1770 2225 1824 ούτων
2251 1769 2355 1824 ὑπὸ
2378 1771 2478 1840 τῆς
2514 1769 2664 1832 Θείας
2691 1769 2909 1838 ἐκείνης
2933 1767 2955 1800 ⁸
2983 1767 3371 1837 γεγενημένων
3406 1767 3646 1837 τροφῆς.

2051 1862 2276 1925 εἰκότως
2325 1857 2480 1914 εἶπεν
2512 1861 2569 1894 ⁸·
2628 1879 2647 1912 ι
2713 1860 2974 1914 Ἐνώπιον
3021 1858 3186 1912 αὑτοῦ
3236 1857 3649 1928 προπεσοῦνται

2051 1953 2252 2016 πάντες
2281 1954 2331 2005 οἱ
2360 1951 2790 2014 καταϐαίνοντες
2821 1953 2902 2014 είς
2931 1949 3058 2019 γῆν.
3112 1968 3132 2002 ›
3185 1949 3340 2003 Μετὰ
3385 1949 3496 2018 γὰρ
3540 1949 3650 2016 τὴν

2051 2047 2118 2100 ὲκ
2149 2045 2359 2116 νεκρῶν
2391 2046 2704 2107 ἀνάστα-σιν,
2742 2044 2791 2096 οἱ
2830 2044 2928 2113 μὲν
2957 2042 3195 2104 ἑκόντες,
3228 2041 3276 2093 οἱ
3307 2040 3363 2094 δὲ
3390 2041 3648 2104 ἄκοντες,

2051 2139 2148 2192 καὶ
2184 2138 2234 2190 οἱ
2271 2117 2369 2207 μὲν
2396 2136 2570 2206 πόθῳ,
2601 2137 2650 2188 οἱ
2683 2135 2739 2188 δὲ
2767 2135 2938 2205 φόϐῳ,
2970 2133 3179 2201 ταύτην
3207 2131 3284 2201 τῷ
3322 2131 3442 2202 Θεῷ
3471 2148 3654 2200 προσ-

2051 2229 2258 2282 οίσουσι
2302 2228 2402 2300 τὴν
2453 2226 2860 2299 προσκύνησιν,
2910 2225 3053 2279 κατὰ
3087 2225 3108 2256 ⁸
3140 2222 3239 2293 τὴν
3277 2223 3652 2294 ἀποστολικὴν

2052 2319 2264 2389 ἐκείνην
2292 2318 2479 2389 φωνήν
2497 2331 2510 2346 °
2537 2317 2618 2370 ὅτι
2651 2335 2669 2367 ι
2691 2315 2850 2386 Αὐτῷ
2873 2314 3080 2385 κάμψει
3109 2315 3215 2366 πᾶν
3241 2313 3368 2381 γόνυ
3402 2314 3653 2383 ἐπουρα-

2054 2411 2204 2476 νίων,
2263 2411 2360 2464 xal
2408 2410 2687 2478 ἐπιγείων,
2749 2410 2848 2461 καὶ
2899 2406 3296 2476 καταχθονίων,
3346 2404 3443 2457 καὶ
3493 2406 3653 2459 πᾶσα

2052 2505 2273 2575 γλῶσσα
2302 2505 2757 2574 ἐξομολογήσεται
2801 2506 2844 2570 ⁷,
2895 2504 2976 2557 ὅτι
3019 2501 3226 2572 Κύριος
3268 2498 3478 2570 Ἰησοῦς
3516 2500 3648 2572 Χρι-

2055 2599 2178 2664 στός
2208 2601 2289 2663 εἰς
2323 2598 2482 2663 δόξαν
2509 2596 2646 2650 Θεοῦ
2681 2595 2888 2668 πατρός
2933 2595 2978 2649 ⁸.
3009 2614 3027 2647 ι

2123 2693 2229 2748 λα’.
2277 2711 2296 2744 ‹
2338 2692 2450 2744 Καὶ
2479 2691 2499 2722 ⁹
2533 2692 2566 2761 ἡ
2597 2689 2739 2760 ψυχή
2773 2705 2874 2756 μου
2902 2686 3052 2757 αὐτῷ
3081 2685 3169 2758 ζῇ,
3201 2684 3296 2737 καὶ
3322 2683 3382 2736 τὸ
3414 2683 3651 2754 σπέρμα

2058 2805 2161 2858 μου
2190 2784 2468 2839 δουλεύσει
2503 2781 2669 2853 αὐτῷ.
2712 2801 2730 2833 ι
2781 2781 3023 2850 Σπέρμα
3074 2778 3130 2833 δὲ
3175 2777 3286 2832 τοῦ
3331 2777 3652 2830 Δεσπότου

2054 2878 2352 2947 Χριστοῦ,
2407 2877 2456 2929 oi
2507 2875 2594 2928 διὰ
2621 2875 2723 2945 τῆς
2763 2873 2857 2926 τοῦ
2907 2871 3137 2942 λουτροῦ
3215 2869 3652 2938 παλιγγενεσίας

2056 2968 2492 3039 ἀναγεννώμενοι
2544 2968 2610 3032 ¹⁰,
2663 2967 2756 3019 καὶ
2788 2965 2852 3019 τὸ
2906 2967 3006 3034 τῆς
3056 2962 3326 3026 υἱοθεσίας
3360 2961 3652 3031 δεχόμενοι

374 3055 612 3111 animam
681 3071 835 3110 suam
902 3056 980 3110 illi
1034 3059 1261 3123 vivere,
1313 3067 1368 3113 et
1425 3076 1532 3114 non
1610 3071 1816 3118 servire
1871 3067 1952 3119 di—

2062 3065 2324 3134 χάρισμα.
2356 3059 2449 3114 Διὸ
2477 3059 2520 3090 ¹¹
2547 3058 2644 3130 τὴν
2672 3059 2771 3130 μὲν
2793 3055 2957 3110 αὐτοῦ
2985 3055 3163 3127 ψυχὴν
3197 3053 3346 3124 αὐτῷ
3373 3053 3496 3124 ζῇν,
3526 3052 3652 3105 ἀλλ’

375 3147 491 3209 xit,
550 3161 735 3202 semen
815 3162 946 3202 vero
1025 3149 1588 3220 serrire.-Siquidem
1678 3167 1955 3224 assumpta

376 3246 569 3292 natura
626 3251 750 3290 eum
797 3236 1082 3292 divinitate
1114 3249 1428 3294 assumente
1455 3242 1707 3311 capulata
1750 3247 1870 3309 fuit,
1903 3256 1959 3302 et

374 3331 618 3402 ejusdem
651 3329 836 3399 gloria
861 3337 914 3384 et
949 3330 1175 3386 honoris
1233 3331 1374 3386 facta
1405 3343 1488 3388 est
1520 3337 1814 3406 particeps.

449 3422 616 3477 Vens.
646 3422 737 3477 52.
772 3440 790 3474 ι
829 3422 1258 3477 Annuntiabitur
1276 3423 1505 3479 Domino
1531 3429 1807 3497 generatio
1830 3445 1960 3485 ven-

376 3523 520 3580 tura,
549 3523 602 3568 et
647 3515 1051 3569 annuntiabunt
1090 3514 1359 3584 justitiam
1425 3518 1546 3587 ejus
1608 3521 1806 3590 populo
1863 3523 1958 3592 qui

375 3616 657 3672 nascetur,
685 3621 846 3676 quem
873 3603 1004 3660 fecit
1048 3605 1334 3662 Dominus.
1378 3625 1397 3659 ι
1441 3608 1559 3662 Non
1589 3610 1656 3664 de
1714 3613 1836 3675 hac,
1870 3615 1956 3668 in-

257 3693 266 3704 ’
375 3699 518 3770 quit,
568 3698 692 3753 dico
723 3697 1096 3768 generatione,
1149 3700 1448 3753 secundum
1493 3716 1656 3770 quam
1693 3719 1792 3773 ego
1855 3705 1960 3759 Da-

375 3793 464 3846 vid
497 3792 610 3846 haae
654 3791 932 3860 praedico:
970 3805 1160 3843 verum
1189 3789 1257 3844 de
1305 3789 1507 3856 futura,
1573 3803 1736 3862 atque
1777 3796 1844 3849 de
1893 3811 1960 3852 eo

375 3885 573 3956 populo
618 3884 711 3954 qui
747 3890 1020 3946 nascetur,
1054 3897 1216 3951 quem
1280 3881 1398 3952 ipse
1437 3883 1817 3940 universorum
1852 3885 1960 3941 Do-

374 3977 561 4032 minus
591 3975 898 4031 constituit.
928 3973 1028 4028 Hie
1057 3973 1275 4042 quidem
1299 3974 1484 4029 omnia
1540 3975 1642 4030 ista
1690 3977 1959 4046 praedixit.

375 4067 490 4138 Ego
517 4077 698 4122 autem
725 4066 1038 4121 Iudaeorum
1073 4077 1352 4134 stuporem
1396 4065 1644 4136 deploro,
1698 4071 1958 4134 quoniam

376 4158 435 4212 in
479 4158 681 4214 divinis
709 4159 949 4214 oraculis
983 4173 1198 4228 semper
1237 4167 1545 4226 versantes,
1582 4159 1866 4215 veritatem
1903 4163 1958 4216 in

377 4253 469 4308 his
515 4251 888 4321 splendentem
922 4249 1148 4304 minime
1181 4250 1554 4318 conspiciunt,
1592 4253 1686 4306 sed
1721 4259 1737 4273 '
1771 4253 1824 4306 in
1853 4253 1961 4308 Da-

375 4344 554 4399 videm
582 4343 786 4398 dictum
827 4359 948 4399 esse
978 4342 1127 4396 hunc
1174 4342 1446 4409 psalmum
1523 4355 1800 4410 asserunt,
1858 4362 1961 4401 au-

2059 3155 2119 3208 ού
2157 3153 2433 3208 δουλεύειν
2465 3153 2682 3224 εἴρηκε,
2714 3150 2776 3203 τὸ
2813 3149 2869 3202 δὲ
2900 3149 3120 3219 σπέρμα
3153 3147 3195 3177 ¹²
3225 3145 3527 3199 δουλεύειν.
3582 3144 3652 3197 Ἢ

2058 3247 2166 3318 γὰρ
2194 3246 2465 3316 ληφθεῖσα
2497 3243 2658 3312 φύσις
2683 3240 2867 3312 ήνῶθη
2909 3242 2974 3311 τῇ
3007 3238 3248 3309 λαϐούσῃ
3273 3237 3510 3308 θεότητι,
3552 3235 3655 3288 καὶ

2057 3340 2156 3410 τῆς
2184 3339 2351 3408 αὐτῆς
2379 3337 2540 3407 δόξης
2573 3335 2862 3406 μετείληχε
2899 3333 2941 3364 ⁸³
2973 3333 3068 3386 καὶ
3101 3331 3268 3402 τιμῆς
3306 3330 3371 3384 ίι.

2129 3429 2228 3500 λβ¹.
2277 3449 2296 3481 ι
2354 3427 2817 3498 Ἀναγγελήσεται
2869 3423 2946 3496 τῷ
2987 3423 3178 3496 Κυρίῳ
3218 3422 3380 3490 γενεὰ
3416 3422 3447 3491 ἡ
3492 3423 3652 3491 ἐρχο-

2063 3521 2222 3593 μένη,
2261 3521 2357 3574 καὶ
2401 3518 2762 3588 ἀναγγελοῢσι
2805 3515 2902 3588 τὴν
2941 3513 3292 3584 δικαιοσύνην
3336 3512 3500 3566 αὑτοῦ
3533 3513 3652 3584 λαῷ

2057 3614 2138 3685 τῷ
2165 3613 2571 3684 τεχθησομένῳ,
2602 3609 2662 3663 ὃν
2690 3609 2736 3642 ¹⁵
2763 3609 3020 3678 ἐποίησεν
3052 3609 3078 3660 6
3106 3606 3331 3678 Κύριος.
3367 3625 3384 3656 ι
3411 3605 3486 3658 Οὐ
3517 3605 3652 3676 περὶ

2057 3705 2284 3774 ταύτης,
2318 3703 2473 3774 φησι,
2502 3703 2648 3770 λέγω
2677 3702 2778 3772 τῆς
2810 3702 3025 3769 γενεᾶς,
3059 3699 3184 3752 καθ’
3215 3700 3282 3770 ἣν
3326 3696 3437 3766 ἐγὼ
3481 3700 3511 3750 6
3539 3699 3649 3751 Δα-

2060 3799 2144 3852 ϐὶδ
2179 3798 2352 3852 ταῦτα
2383 3796 2745 3868 προαγορεύω
2783 3795 2847 3860 ’⁸,
2894 3795 3030 3848 ἀλλὰ
3063 3795 3190 3861 περὶ
3223 3793 3322 3862 τῆς
3351 3792 3646 3862 ἐσομένης,

2061 3892 2156 3945 καὶ
2203 3891 2298 3944 τοῦ
2343 3889 2747 3960 τεχθησομένου
2793 3885 2948 3948 λαοῦ,
2981 3886 3040 3938 ὃν
3083 3883 3243 3948 αὐτὸς
3282 3884 3309 3935 6
3350 3881 3460 3934 τῶν
3509 3883 3654 3934 ὅλων

2064 3983 2436 4053 συνεστήσατο
2465 3979 2690 4051 Κύριος.
2737 3979 2794 4032 Ὀ
2829 3978 2930 4048 μὲν
2956 3976 3050 4030 οὖν
3095 3974 3267 4029 ταῦτα
3306 3973 3651 4046 προηγόρευ-

2065 4093 2154 4128 σεν
2185 4073 2421 4128 ἅπαντα.
2464 4071 2608 4141 Ἐγὼ
2639 4071 2680 4103 ¹⁷
2712 4071 2769 4124 δὲ
2798 4069 2897 4141 τὴν
2942 4066 3215 4122 Ἰουδαίων
3243 4063 3651 4136 ἐμϐροντησίαν

2063 4166 2268 4238 θρηνῶ,
2298 4166 2379 4219 ὅτι
2424 4167 2537 4228 τοῖς
2563 4162 2729 4227 θείοις
2757 4161 2958 4231 λογίοις
2986 4157 3250 4229 διηνεκῶς
3293 4155 3651 4225 ἐντυγχάνον-

2063 4278 2188 4324 τες,
2236 4259 2336 4331 τὴν
2396 4260 2454 4313 ὲν
2499 4257 2712 4320 τούτοις
2763 4255 3181 4323 διαλάμπουσαν
3223 4251 3282 4303 οὐ
3345 4247 3649 4320 συνορῶσιν

2064 4348 2348 4420 ἀληθειαν,
2381 4346 2496 4400 ἀλλ’
2527 4347 2608 4410 είς
2649 4345 2742 4398 τὸν
2790 4343 2954 4397 Δαϐὶδ
3003 4339 3259 4411 εἰρῆσθαι
3288 4339 3378 4392 τὸν
3417 4336 3648 4406 Ψαλμὸν

377 4433 586 4488 dientes
617 4433 874 4487 Davidem
930 4433 1370 4486 exelamantem:
1441 4448 1461 4480 ι
1522 4432 1952 4494 Annuutiabilur

2062 4442 2477 4511 ἀποφαίνονται,
2505 4439 2598 4493 τοῦ
2633 4439 2868 4510 βοῶντος
2893 4437 2938 4470 ¹⁸
2967 4435 3282 4498 ἀκούοντες,
3325 4455 3343 4486 ι
3385 4433 3650 4499 Ἀναγγε-

377 4522 612 4579 Domino
635 4523 914 4594 generatio
950 4531 1199 4586 ventura,
1239 4530 1294 4575 et
1341 4521 1750 4578 annuntiabunt
1794 4526 1979 4594 justi-~

381 4616 513 4672 tiam
541 4616 661 4685 ejus
695 4614 896 4685 populo
936 4613 1030 4684 qui
1075 4607 1354 4678 nascetur,
1389 4627 1555 4683 quem
1582 4613 1710 4669 fecit
1763 4615 1954 4676 Domi-

449 4734 479 4774 k
507 4732 665 4790 Rom.
695 4750 782 4800 ιιι,
819 4734 912 4798 29,
943 4731 1033 4787 50.
1116 4729 1130 4769 ¹
1196 4730 1432 4802 Philipp.
1469 4746 1531 4796 ιι,
1583 4731 1672 4797 10,
1715 4733 1807 4788 Η.

2061 4535 2291 4604 λήσεται
2325 4532 2402 4602 τῷ
2431 4531 2622 4603 Κυρίῳ
2650 4530 2817 4600 γενεὰ
2857 4532 2890 4601 ἡ
2944 4527 3241 4598 ἐρχομένη,
3274 4526 3368 4580 καὶ
3407 4525 3649 4592 ἀναγγε-

2063 4622 2216 4677 λοῦσι
2243 4622 2340 4694 τὴν
2363 4620 2714 4692 δικαιοσύνην
2745 4618 2937 4686 αὑτοῦ,
2965 4619 3084 4690 λαῷ
3128 4616 3208 4689 τῷ
3240 4613 3648 4686 τεχθησομένῳ,

1478 4843 1712 4901 VARIAE
1750 4834 2268 4902 LECTIONES'ET
2312 4843 2549 4902 ΝΟΤᾸΕ.

467 4944 515 4979 ⁸³
548 4945 642 4999 Ἤ.
701 4942 866 4996 Abest
910 4956 937 4993 a
973 4940 1095 4995 eod.
1145 4939 1199 4995 2.

381 5017 520 5086 Aug.
551 5023 602 5069 et
631 5029 661 5068 a
692 5010 1181 5086 vers_ione_G_r:eca.

381 5083 546 5141 Abest
579 5101 606 5137 ιι
642 5087 762 5137 cod.
797 5083 853 5134 2.

382 5173 436 5226 p.
470 5157 593 5210 590.
742 5152 1093 5226 Ἐξομολογέ
1118 5151 1240 5226 rod.
1276 5152 1474 5226 {addit
1509 5150 1680 5226 amitti).

1304 4941 1349 4972 ⁹⁹
1391 4940 1452 4993 '0
1507 4939 1650 5006 Θεὸς
1699 4944 1911 5009 μόνον.
1959 4940 2084 4996 cod.
2137 4943 2160 4994 1

971 5010 1181 5064 Graeca.
1273 5013 1293 5043 '
1325 5013 1483 5063 01——
1510 5011 1787 5079 χορηγόν.
1817 5010 1938 5065 Des.
1975 5011 2027 5063 in
2060 5010 2180 5065 eod.
2218 5011 2271 5064 5.
2372 5012 2393 5041 ³
2450 5010 2584 5063 eode

945 5081 966 5112 ⁵
994 5077 1199 5134 Εἶπεν.
1231 5079 1393 5135 Abest
1422 5095 1448 5132 a
1480 5083 1602 5135 cod.
1650 5084 1700 5146 l,
1732 5082 1786 5135 2.
1829 5083 1951 5134 cod.
1984 5082 2018 5135 5
2051 5082 2212 5135 habet
2248 5080 2496 5150 ἐπήγαγε
2524 5078 2584 5130 τό

1185 5121 1199 5134 .
1231 5097 1393 5135 Aoe5t
1422 5097 1448 5132 a
1480 5097 1602 5135 cou.
1650 5097 1700 5146 ι,
1732 5097 1786 5135 2.
1829 5097 1951 5134 con.

1187 5151 1240 5204 d.
1276 5153 1296 5204 l
1333 5152 1474 5204 addit
1509 5150 1680 5218 αὐτῷ.
1779 5153 1952 5213 ’Πατ

2062 5097 2212 5135 manet
2248 5097 2496 5150 επηγαγε
2524 5097 2604 5130 το.
2706 5097 2727 5109 "
2758 5097 2937 5138 nata,
2965 5097 3020 5128 κ.
3059 5097 3106 5126 Α.
3160 5097 3279 5126 vus.
3312 5097 3450 5139 ιιιιιιυ
3487 5097 3646 5126 nuru.

2062 5191 2075 5204 .
2107 5151 2160 5203 In
2194 5151 2316 5206 cod.
2349 5153 2383 5204 5
2410 5152 2677 5218 sequitur,
2709 5147 2880 5217 ἁμήν.
2921 5145 3116 5206 Καλῶς
3143 5145 3197 5196 δὲ
3227 5144 3325 5218 τὴν
3350 5141 3648 5218 αὑτοῦλψυ-

2225 4940 2384 5008 μόνον
2415 4941 2444 4993 ὁ
2471 4937 2622 5000 Θεός.
2662 5006 2680 5008 _
2725 4937 2749 5008 7‘
2781 4934 2972 5008 Αὐτῷ.
2993 4933 3174 5008 _Ahest
3207 4949 3238 4988 a
3285 4932 3442 5008 codd.
3474 4931 3647 5008 tribus

2372 5012 2393 5041 ³
2450 5008 2622 5063 codex
2655 5006 2691 5060 2
2720 5005 3224 5076 ἐμπλησθήσονται.
3307 5003 3330 5034 ⁸
3355 5003 3646 5076 Ἑφρςζνης.

2706 5077 2727 5109 ⁸
2755 5071 2937 5138 Κατὰ,
2965 5071 3020 5128 κ’.
3057 5074 3106 5126 λ.
3159 5073 3279 5126 Des.
3312 5073 3450 5139 apud
3487 5071 3646 5126 ϐαι-(Ι.

640 5221 791 5301 αὐτῷ
820 5206 946 5301 ἔφη,
980 5206 1094 5272 ἀλλ’
1119 5222 1180 5301 ού
1210 5221 1516 5301 δουλεύεινέ
1551 5223 1583 5291 ἡ
1611 5206 1808 5301 γὰρι-
1831 5208 1952 5290 τιμῖ

2062 5221 2182 5275 Hzec
2217 5221 2284 5275 ad
2311 5206 2626 5301 sequentem
2667 5206 3136 5301 vleﬁsfpertiuent.
3225 5213 3244 5245 °
3261 5206 3486 5301 itali:-
3511 5206 3648 5263 seu-

383 5285 796 5356 ξὶέύάὲιαὺτῷ.
857 5285 1060 5345 omnes
1119 5293 1438 5360 interpretes
1468 5285 1640 5346 Graéci
1686 5285 1944 5346 aberraru

2062 5311 2089 5346 a
2127 5307 2290 5345 sensu
2339 5285 2632 5344 verborum
2683 5285 2854 5360 Hebr.
2890 5287 3046 5360 psal._
3077 5299 3211 5344 χχιι,
3261 5285 3351 5346 '50,
3385 5285 3488 5360 Δ51ζ
3533 5297 3649 5360 qua;

386 5365 611 5420 Hieron.
651 5365 850 5416 rectius
889 5361 968 5416 sic
1015 5363 1175 5415 vertit
1205 5382 1216 5416 :
1255 5363 1322 5416 Et
1364 5364 1545 5417 anima
1572 5362 1686 5431 ejus
1721 5379 1824 5416 non
1858 5363 1990 5416 vivet
2018 5377 2036 5415 :
2064 5379 2241 5416 semen
2269 5363 2456 5415 serviet
2485 5361 2555 5414 ei.

385 5435 704 5504 γενώμενοι.
783 5435 823 5464 ίί
859 5432 954 5504 Διὸ
991 5450 1042 5486 κ.
1075 5433 1124 5486 λ.
1157 5435 1280 5489 Des.
1313 5436 1365 5488 in
1400 5434 1497 5486 rod
1553 5435 1601 5486 l.
1683 5434 1724 5464 "
1757 5435 1952 5500 Σπέρμ

2062 5435 2167 5486 30d.
2199 5432 2234 5484 ‘2
2263 5435 2413 5485 addit
2448 5449 2570 5498 μου.

2654 5359 2698 5389 ¹⁰
2731 5350 3245 5424 Ἀναγῖεννώμενοι.
3297 5355 3418 5408 Cod.
3534 5350 3647 5401 ἐστὶ

2673 5428 2716 5459 ⁸³
2747 5428 2906 5481 codd.
2967 5423 3077 5480 tres
3127 5426 3264 5493 Aug.
3332 5423 3645 5493 μετείληφε.

389 5492 432 5538 δι
459 5504 515 5558 In
537 5492 790 5573 margine
821 5503 941 5559 cod.
973 5504 994 5555 l
1034 5506 1260 5573 paucula
1292 5506 1356 5557 ad
1387 5519 1529 5558 vers.
1562 5505 1723 5557 istum
1759 5492 2056 5557 alia-manu
2088 5504 2359 5569 adscripta
2392 5492 2539 5573 sunt,
2566 5515 2694 5573 qua:
2725 5507 2907 5573 tamen
2939 5498 3100 5573 culp:
3133 5492 3252 5563 ejus
3279 5494 3382 5573 (ιιιί¹
3403 5492 3641 5573 codiceni

386 5578 678 5646 compegit,
717 5578 983 5645 integrum
1031 5591 1137 5628 non
1187 5575 1683 5646 Itahcutiseysum.

1783 5575 1825 5605 ¹⁵
1857 5574 1989 5626 Ὃν.
2044 5573 2267 5626 Rectius
2321 5571 2512 5640 Aquila
2564 5571 2719 5640 habet
2774 5569 2878 5622 ὅτι.

387 5639 550 5702 Cnrd.
586 5639 786 5713 p.590
820 5639 1086 5714 sequitur,
1123 5645 1220 5712 τὴν
1259 5644 1352 5696 τοῦ
1391 5642 1527 5698 Θεοῦ
1570 5643 1918 5713 δικαιοσύνην

390 5718 555 5762 διιόν-
587 5717 707 5762 llzpn
743 5717 931 5762 nam-is;
967 5715 1188 5762 mutatis
1221 5713 1362 5762 anud
1386 5715 1548 5762 (Iord.
1580 5714 1832 5762 leguntur
1859 5729 1911 5762 ιι.
1947 5745 1952 5756 ι

2090 5643 2328 5704 πίστεως
2365 5639 2785 5762 ἐνεργουμένην.

2062 5752 2070 5762 .
2151 5711 2192 5745 ⁸⁸
2228 5711 2518 5762 Βοῶντοιν.
2549 5713 2670 5762 cod.
2747 5750 2760 5762 .

390 5718 556 5773 Θεόν.
585 5708 708 5775 Πωο
740 5708 931 5789 paucis
966 5708 1188 5770 mutatis
1221 5713 1363 5785 apud
1386 5715 1548 5771 Cord.
1580 5714 1832 5784 leguntur
1859 5708 1911 5783 ιί.
1947 5745 1952 5756 ι

2062 5752 2070 5766 .
2151 5711 2192 5745 ’⁸
2228 5708 2518 5779 Βοῶντος.
2549 5713 2670 5767 cod.
2709 5708 2760 5775 1,
2793 5708 2828 5764 2

2980 5555 3453 5639 ιαίιρόαγορεύω.
3498 5565 3546 5639 1t~
3546 5555 3646 5626 pm!

2881 5638 2922 5668 "
2950 5636 3098 5706 Ἐγὼ
3127 5636 3649 5706 -1-_;zpooxvt-1jo'a¢

2859 5704 3050 5780 prtem.
3086 5704 3268 5758 Δαϐἱδ.
