3870 6318
183 299 305 365 1025

1505 302 1587 365 1N
1618 303 1824 364 PSAL.
1889 303 2083 363 XXII.

3270 304 3409 370 1026

174 407 233 463 ιν
261 407 495 479 ἐποίησεν
537 410 567 463 6
604 407 806 480 Κύριος
828 426 840 437 ·
891 409 1296 482 μνησθήσονται
1331 409 1427 462 καὶ
1468 410 1729 481 ἐπιστρα-

1839 424 1954 464 nus.
1983 406 2450 473 Reminisccntur,
2479 413 2533 462 et
2555 414 2946 463 convertentur
2975 407 3045 464 ad
3111 409 3406 470 Dominum

178 502 415 572 φήσονται
460 499 596 573 πρὸς
642 501 848 574 Κύριον
881 502 1062 556 πάντα
1100 499 1170 554 τά
1207 499 1425 572 πέρατα
1453 501 1553 570 τῆς
1582 501 1686 570 γῆς
1707 517 1721 533 ο

176 594 262 646 καὶ
285 593 736 663 προσκυνήσουσιν
766 595 998 648 ἐνώπιον
1024 592 1191 646 αὐτοῦ
1217 595 1390 646 πᾶσαι
1417 593 1475 644 αί
1500 593 1727 665 πατριαὶ

173 683 277 736 τῶν
304 683 478 738 ὲθνῶν.
537 685 649 739 Καὶ
687 683 914 755 ἔφαγον,
965 687 1062 740 καὶ
1114 684 1528 756 προσεκύνησαν
1578 685 1726 756 αὐτῷ

175 777 351 840 πάντες
383 777 423 808 ¹⁹
455 778 504 830 οἱ
539 777 722 840 πίονες
769 778 871 847 τῆς
915 777 1040 848 γῆς.
1097 793 1116 828 ι
1159 775 1377 829 Τούτων
1423 777 1532 845 γὰρ
1572 775 1726 828 οὐδὲν

174 870 261 922 ἐπὶ
286 870 364 923 τοῦ
402 869 566 922 Δαϐὶδ
597 869 815 940 ὁρῶμεν
845 868 1234 939 γεγενημένον,
1281 867 1406 920 οὐδὲ
1450 867 1539 919 ὲπί
1580 883 1727 930 τινος

171 961 274 1014 τῶν
307 962 361 1014 ἐκ
396 960 578 1014 Δαὸίδ.
621 962 800 1024 Μόνος
843 961 901 1014 δὲ
931 961 958 1013 6
984 959 1263 1029 Δεσπότης
1308 959 1566 1028 Χριστὸς,
1609 959 1638 1011 6
1663 959 1728 1011 ὲκ

170 1048 321 1101 Δαϐὶδ
347 1049 481 1102 κατά
517 1049 717 1120 σάρκα,
765 1051 793 1102 ό
825 1049 1255 1121 ὲνανθρωπήσας
1306 1049 1439 1112 Θεὸς
1475 1049 1672 1117 Λόγος,
1699 1049 1727 1100 6

169 1141 232 1192 ἐκ
257 1138 406 1192 Δαϐὶδ
435 1139 615 1194 λαϐὼν
643 1140 742 1212 τὴν
768 1140 865 1195 τοῦ
895 1141 1083 1194 δούλου
1117 1142 1335 1212 μορφήν
1355 1158 1368 1171 ·
1402 1142 1586 1194 πᾶσαν
1619 1141 1727 1210 γὰρ

168 1231 266 1301 γῆν
303 1232 385 1284 καὶ
414 1233 690 1287 θάλασσαν
741 1237 841 1305 τῆς
891 1233 1221 1302 θεογνωσίας
1271 1233 1586 1304 ἐπλήρωσε,
1631 1235 1725 1286 καὶ

169 1325 382 1377 πέπεικε
406 1327 533 1389 τοὺς
563 1326 732 1380 πάλαι
773 1326 1158 1396 πλανωμένους
1189 1326 1257 1391 ³ο,
1292 1326 1388 1380 καὶ
1425 1328 1537 1388 τοῖς
1573 1324 1726 1378 είδώ-

165 1415 276 1480 λοις
305 1418 706 1489 προσφέροντας
735 1418 834 1490 τὴν
885 1418 1276 1492 προσκύνησιν,
1328 1419 1450 1472 ἀντὶ
1495 1418 1601 1471 τῶν
1629 1419 1728 1470 οὐκ

165 1505 323 1558 ὄντων
347 1506 436 1559 τὸν
465 1507 596 1561 ὄντα
640 1509 1020 1578 προσκυνῆσαι
1051 1508 1202 1564 Θεόν.
1234 1509 1397 1562 Ἀλλά
1437 1509 1566 1571 τοὺς
1591 1508 1728 1578 πρὸς

161 1598 287 1661 τοὺς
311 1598 590 1662 Ἰουδαίους
630 1599 826 1667 λόγους
867 1599 909 1630 ²¹
940 1599 1358 1662 καταλιπόντες,
1391 1600 1484 1650 ἐπὶ
1513 1599 1640 1661 τοὺς
1679 1599 1725 1629 ²¹

163 1690 424 1761 παρόντας
449 1691 693 1760 ἀγῶνας,
711 1691 808 1745 καὶ
835 1692 880 1723 ³⁸
901 1691 994 1745 ὲπὶ
1017 1691 1117 1763 τὴν
1137 1691 1245 1744 τῶν
1271 1690 1479 1745 λοιπῶν
1498 1689 1727 1760 ψαλμῶν

160 1781 448 1852 ἑρμηνείαν
487 1782 814 1853 βαδίσωμεν.

475 1898 742 1953 ΕΡΜΗΝ.
774 1898 912 1952 ΤΟΥ
941 1895 1048 1952 KB'
1078 1897 1398 1952 ΨΑΛΜΟΥ.

231 2016 298 2070 α’.
327 2017 416 2078 Εἰς
444 2014 506 2068 τὸ
528 2012 678 2075 τέλος
705 2011 774 2077 ’⁸,
809 2010 1024 2082 ψαλμὸς
1048 2010 1126 2080 τῷ
1155 2009 1340 2063 Δαϐίδ.
1368 2029 1386 2060 ι
1413 2008 1482 2080 [³⁵
1507 2008 1730 2080 ’ᾼδεται

154 2110 190 2162 6
219 2107 574 2180 προκείμενος
596 2103 812 2174 ψαλμὸς
829 2105 893 2158 ἐκ
915 2101 1215 2176 προσώπου
1235 2101 1344 2154 τῶν
1368 2102 1537 2155 ἐθνῶν
1561 2101 1732 2169 ἀγαλ-

157 2201 395 2272 λομένων
438 2200 532 2252 ἐπὶ
578 2198 658 2268 τῷ
709 2198 976 2268 ποιμᾶναι
1010 2194 1184 2248 αὑτά·
1214 2193 1310 2248 καὶ
1364 2193 1469 2263 μὴν
1511 2193 1604 2244 καὶ
1633 2193 1732 2262 τὴν

159 2292 422 2364 μυστικὴν
474 2289 800 2361 ἐξηγοῦνται
843 2288 1078 2360 εὐωχίαν
1107 2287 1174 2358 ἣν
1207 2285 1518 2357 παρέθηκεν
1547 2285 1733 2346 αὐτοῖς

152 2388 186 2439 6
211 2383 510 2454 ποιμαίνων
556 2379 830 2452 αὑτούς.]
870 2398 888 2431 ι
942 2379 1149 2449 Κύριος
1199 2376 1480 2445 ποιμαίνει
1520 2391 1608 2444 με,
1639 2374 1735 2428 καὶ

151 2473 310 2528 οὐδέν
345 2489 412 2542 με
454 2471 768 2542 ὑπερήσει.
813 2487 832 2520 r
885 2467 998 2538 Τὴν
1038 2466 1207 2538 αὐτὴν
1267 2466 1380 2535 ἔχει
1418 2464 1514 2517 καὶ
1563 2462 1736 2517 ταῦτα

150 2561 270 2628 τοῖς
315 2561 811 2634 προερμηνευθεῖσι
841 2561 887 2591 ³⁸
940 2561 1203 2614 διάνοιαν.
1241 2556 1494 2629 Εἰρηκὼς
1524 2557 1634 2628 γὰρ
1678 2557 1735 2609 ὲν

149 2659 234 2729 τῷ
277 2659 382 2728 πρὸ
425 2659 622 2710 τούτου
663 2654 913 2726 ψαλμῷ,-
944 2672 962 2706 ι
998 2654 1271 2722 Φάγονται
1321 2650 1584 2720 πένὴτες,
1642 2649 1736 2703 καὶ

148 2748 639 2821 ἐμπλησθήσονται
669 2749 736 2814 ³⁷,
777 2746 874 2801 καὶ
908 2746 1184 2799 αίνέσουσι
1215 2745 1421 2816 Κύριον
1465 2743 1514 2794 οί
1569 2741 1735 2812 ἐκζη-

147 2841 371 2906 τοῦντες
400 2841 561 2894 αὐτόν
587 2856 600 2871 ο
643 2859 662 2893 ι
712 2839 807 2894 καὶ
843 2838 1032 2904 πάλιν,
1074 2857 1092 2890 ι
1123 2838 1392 2907 Ἔφαγον,
1440 2837 1536 2889 καὶ
1569 2852 1740 2908 προσ-

147 2933 428 3000 εκύνησαν
451 2931 498 2963 ⁸⁸
525 2931 731 2994 πάντες
757 2933 807 2984 οί
844 2931 1029 2994 πίονες
1059 2933 1158 3000 τῆς
1183 2929 1286 3000 γῆς
1316 2945 1331 2961 ο
1366 2949 1384 2982 ι
1421 2929 1738 2983 ὑποδείκνυ-

1830 501 2072 557 universi
2107 501 2241 556 lines
2274 511 2456 566 terrae,
2517 510 2572 556 et
2612 500 2773 572 747
2807 501 3119 556 adorabunt
3168 503 3222 557 in
3272 519 3408 560 con-

1828 602 2018 663 spectu
2059 592 2180 661 ejus
2214 593 2484 649 universa:
2515 591 2737 647 familiae
2761 594 3004 661 gentium
3035 611 3049 647 :
3087 603 3142 648 et
3172 597 3408 651 mandu-

1829 697 2108 749 caverunt,
2141 695 2196 740 et
2222 687 2586 741 adoraverunt
2623 687 2774 740 illum
2811 702 3004 742 omnes
3040 689 3272 758 pingues
3298 698 3410 744 ter-

1829 793 1925 834 rae.
1960 797 1979 830 ι
2024 777 2160 832 Nam
2194 780 2332 833 nihil
2360 780 2558 833 horum
2595 779 2785 833 Davidi
2815 779 3085 835 accidisse
3131 783 3406 848 videmus,

1828 885 1931 926 nec
1985 871 2149 925 alicui
2192 885 2384 925 eorum
2463 870 2554 940 qui
2591 886 2656 924 ex
2705 870 2906 926 Davide
2950 875 3201 942 prognati
3259 885 3407 931 sunt.

1831 961 1993 1018 Solus
2045 973 2224 1016 autem
2260 960 2527 1016 Dominus
2557 962 2830 1029 Christus,
2862 965 2955 1032 qui
2985 979 3048 1019 ex
3083 965 3288 1022 Davide
3320 983 3410 1023 se-

1830 1055 2073 1109 cundum
2102 1069 2322 1108 carnem
2359 1053 2504 1108 Deus
2564 1053 2806 1109 Verbum
2844 1054 3023 1110 factus
3073 1066 3155 1113 est
3225 1061 3410 1125 homo,

1829 1148 1921 1218 qui
1984 1165 2047 1203 ex
2105 1148 2305 1202 Dav-ide
2336 1149 2570 1202 formam
2605 1149 2748 1202 servi
2780 1149 3009 1217 accepit,
3044 1165 3260 1206 omnem
3296 1164 3406 1207 ter-

1828 1255 1945 1293 ram
1975 1255 2038 1294 ac
2069 1257 2216 1293 mare
2246 1240 2425 1293 divina
2451 1238 2758 1308 cognitione
2789 1237 3055 1308 implevit,
3088 1250 3142 1294 et
3181 1259 3408 1310 persua-

1829 1332 1900 1386 sit
1937 1333 2002 1386 iis
2057 1333 2149 1402 qui
2183 1333 2311 1385 olim
2342 1331 2620 1396 errabant,
2653 1339 2816 1400 atque
2837 1331 2979 1384 idola
3012 1332 3282 1399 colebant,
3311 1349 3410 1402 pro

1830 1423 1937 1478 illis
1968 1424 2060 1492 qui
2093 1440 2196 1476 non
2221 1433 2368 1488 sunt,
2403 1422 2595 1487 Deum,
2619 1423 2830 1492 quiest,
2868 1422 3120 1477 adorare.
3149 1423 3415 1481 Porrois—

1832 1517 1901 1570 tis
1929 1530 2051 1569 cum
2080 1513 2282 1569 Iudaeis
2315 1514 2661 1568 sermonibus
2683 1512 2911 1578 relictis,
2933 1529 3032 1568 nos
3049 1515 3114 1567 ad
3137 1514 3414 1584 inceptum

1829 1616 2130 1672 certamen,
2164 1615 2218 1660 et
2253 1606 2318 1660 ad
2361 1604 2697 1674 reliquorum
2755 1603 3090 1673 psalmorum
3146 1605 3416 1675 interpre-

1830 1699 2090 1753 tationem
2127 1707 2494 1754 transeamus.

2252 1899 2526 1955 INTERP.
2554 1898 2810 1954 PSALMI
2841 1898 3006 1954 XXII.

1907 2012 2068 2071 Vens.
2108 2013 2165 2067 l.
2223 2033 2241 2065 ι
2283 2013 2339 2068 In
2368 2015 2554 2079 tinem,
2606 2017 2853 2084 psalmus
2883 2016 3098 2072 Davidi.
3135 2037 3154 2069 ›
3230 2015 3420 2090 [Cani-

1837 2117 1923 2161 tur
1952 2107 2042 2161 hic
2063 2108 2309 2176 psalmus
2338 2122 2403 2161 ex
2437 2123 2672 2177 persona
2721 2108 2962 2179 gentium
3030 2111 3418 2164 exsultantium

1833 2211 2120 2268 propterea
2171 2200 2316 2268 quod
2347 2201 2525 2270 pascit
2573 2215 2686 2256 eas.
2728 2200 2926 2271 Sicque
2980 2203 3269 2272 mySticum
3317 2219 3417 2256 ex-

1834 2296 2048 2358 ponunt
2073 2289 2408 2356 convivium,
2442 2289 2588 2359 quod
2629 2277 2722 2360 qui
2779 2291 3043 2361 pascebat
3092 2307 3204 2356 eas,
3249 2307 3419 2362 appo-

1836 2377 1994 2449 suit.]
2027 2397 2044 2430 ι
2089 2377 2350 2434 Dominus
2381 2379 2556 2449 pascit
2587 2394 2694 2447 me,
2715 2389 2770 2434 et
2817 2380 2954 2435 nihil
2983 2381 3114 2434 mihi
3167 2382 3357 2436 deerit.
3393 2399 3413 2434 ι

1835 2469 2010 2526 Etiam
2053 2473 2168 2528 haec
2198 2473 2442 2527 eamdem
2470 2473 2668 2527 habent
2697 2474 3046 2540 sententiam,
3105 2489 3268 2544 quam
3320 2489 3418 2530 su—

1837 2563 2074 2631 periora.
2103 2561 2240 2616 Cum
2271 2562 2415 2616 enim
2442 2562 2673 2618 dixisset
2704 2563 2757 2618 in
2784 2563 2995 2634 psalmo
3027 2564 3366 2635 praecedente
3396 2583 3411 2620 :

1843 2670 1861 2703 ι
1897 2651 2072 2708 Edent
2097 2669 2391 2725 pauperes,
2423 2662 2478 2710 et
2505 2655 2924 2722 saturabuntur,
2963 2655 3267 2710 laudabunt
3313 2655 3419 2710 Do-

1838 2747 2052 2803 minum
2113 2749 2206 2819 qui
2236 2750 2526 2818 requirunt
2566 2764 2714 2814 eum,
2750 2769 2770 2800 ι
2817 2755 2872 2801 et
2916 2762 3154 2803 rursus:
3218 2766 3236 2799 ι
3269 2746 3423 2801 Man-

1838 2839 2197 2904 ducaverunt,
2227 2850 2280 2896 et
2308 2842 2676 2896 adoraverunt
2701 2855 2892 2895 omnes
2915 2840 3144 2910 pingues
3171 2851 3362 2908 terrae;
3393 2857 3415 2892 ι

1841 2933 2045 2988 indicat
2073 2934 2176 2987 hoc
2223 2934 2343 2988 loco
2375 2933 2541 3003 hujus
2575 2934 2682 2988 cibi
2720 2933 3063 3002 largitorem,
3091 2942 3145 2988 et
3189 2932 3423 2987 nutrito-

149 3045 241 3080 σιν
263 3025 498 3079 ἐνταῦθα
527 3024 618 3079 τὸν
669 3027 768 3096 τῆς
802 3024 1061 3096 τοιαύτης
1091 3024 1302 3094 τροφῆς
1335 3022 1572 3093 χορηγόν
1594 3039 1607 3053 ·
1644 3022 1731 3075 καὶ

1840 3040 1956 3080 rem
2005 3025 2170 3097 748
2199 3027 2434 3096 appellat
2459 3034 2758 3095 pastorem.
2795 3024 2886 3080 Sic
2921 3026 3067 3080 enim
3121 3038 3182 3080 se
3239 3024 3420 3092 ipsum

145 3118 313 3173 καλεῖ
353 3118 446 3172 τὸν
474 3117 683 3189 τροφέα
724 3092 960 3186 ποιμένα
981 3133 993 3147 ³
1017 3092 1188 3170 Ὀὕτω
1211 3092 1321 3184 γάρ
1354 3092 1451 3167 καὶ
1476 3115 1503 3166 ό
1531 3112 1731 3166 Δεσπό-

1841 3116 2106 3172 Dominus
2150 3116 2401 3172 Christus
2457 3116 2802 3171 nominavit:
2850 3134 2868 3166 ι
2901 3113 3012 3184 Ego
3073 3130 3195 3170 sum
3233 3123 3422 3184 pastor

141 3227 252 3283 της
269 3211 315 3244 ²⁹
339 3210 578 3282 Χριστὸς
631 3211 828 3265 ἑαυτὸν
850 3209 1317 3280 προσηγόρευσεν·
1353 3226 1370 3258 ι
1413 3203 1554 3274 Ἐγώ
1576 3207 1691 3274 εἰμι
1712 3206 1740 3258 6

143 3303 357 3376 ποιμὴν
387 3307 415 3358 6
450 3303 633 3368 καλὸς,
676 3304 771 3357 καὶ
799 3303 1056 3371 γινώσκω
1085 3303 1154 3354 τὰ
1189 3299 1320 3372 ὲμά,
1353 3300 1450 3353 καλ⁸
1471 3297 1737 3368 γινώσκο-

144 3414 256 3467 μαι
292 3395 400 3448 ὑπὸ
432 3395 542 3449 τῶν
574 3395 745 3466 ὲμῶν.
781 3413 799 3446 ι
859 3395 1048 3458 Οὕτως
1093 3393 1290 3448 ἑαυτὸν
1326 3393 1421 3446 καὶ
1443 3391 1532 3445 διά
1573 3391 1737 3456 Ἰεζε-

139 3485 285 3558 κιὴλ
314 3486 540 3538 ἐκάλεσε
558 3487 652 3539 τοῦ
676 3487 976 3556 προφήτου.
1006 3483 1303 3538 Κάνταῦθα
1330 3482 1516 3536 τοίνυν
1557 3483 1735 3536 ἄπαν-

137 3595 246 3640 τες
279 3577 329 3628 οἱ
359 3577 456 3645 τῆς
511 3576 783 3647 σωτηρίου
826 3575 1035 3646 τροφῆς
1080 3572 1490 3636 ἀπολαύσαντες
1545 3571 1735 3642 βοῶσιο

144 3684 170 3718 σ
225 3665 438 3736 Κύριος
483 3665 764 3736 ποιμαίνει
787 3681 876 3734 με,
913 3665 1008 3718 καὶ
1060 3664 1215 3717 οὐδέν
1247 3680 1316 3734 με
1344 3661 1657 3733 ύστερήσει.
1711 3680 1730 3714 ι

135 3755 518 3828 Παντοδαπὴν
549 3757 658 3827 γάρ
686 3756 987 3810 ἀπόλαυσιν
1014 3755 1238 3825 ἀγαθῶν
1271 3758 1299 3809 6
1351 3753 1550 3824 ποιμὴν
1583 3746 1738 3818 οὗτος

129 3848 261 3910 τοῖς
296 3846 394 3898 ὑπ’
423 3845 592 3898 αὐτοῦ
630 3845 1079 3916 ποιμαινομένοις
1101 3845 1410 3919 χαρίζεται.

217 3937 293 4010 β’.
335 3957 356 3990 ι
399 3940 491 4002 Εἰς
523 3940 690 3992 τόπον
746 3938 934 4009 χλόης,
968 3939 1086 3993 ἐκεῖ
1123 3957 1191 4010 με
1227 3945 1672 4013 κατεσκήνωσεν.
1714 3961 1733 3996 ι

1839 3209 2043 3272 bonus,
2071 3218 2124 3263 et
2156 3201 2434 3278 cognosco
2477 3223 2608 3263 oves
2642 3223 2814 3274 meas,
2847 3217 2900 3263 et
2951 3215 3290 3277 cognoscunt
3334 3220 3422 3261 me

1839 3317 1974 3356 meae
1995 3309 2055 3355 ω.
2087 3319 2106 3353 ι
2137 3299 2340 3356 Eodem
2379 3301 2550 3355 modo
2584 3310 2637 3354 et
2677 3315 2774 3370 per
2812 3299 3131 3371 prophetam
3157 3297 3419 3357 Ezechie-

1839 3395 1944 3448 lem
1978 3403 2006 3430 ι
2053 3409 2112 3449 se
2141 3394 2320 3464 ipsum
2374 3392 2688 3463 appellavit.
2730 3390 2799 3446 Et
2865 3393 2959 3447 hic
3020 3392 3185 3464 igitur
3230 3405 3422 3447 omnes

1839 3488 1932 3559 qui
1980 3487 2206 3543 salutari
2239 3486 2363 3542 cibo
2417 3486 2576 3556 potiti
2605 3495 2753 3552 sunt,
2788 3485 3120 3550 exclamant,
3163 3501 3182 3535 ι
3229 3481 3417 3537 Domi-

1842 3596 1946 3636 nus
1977 3580 2152 3649 pascit
2180 3595 2291 3645 me,
2320 3579 2457 3633 nihil
2490 3578 2626 3634 mihi
2657 3579 2852 3634 deerit.
2901 3597 2920 3630 ι
2957 3575 3094 3632 Nam
3116 3576 3295 3632 omnis
3324 3589 3420 3646 ge-

1843 3673 1993 3726 neris
2027 3671 2299 3726 bonorum
2337 3671 2581 3725 fructum
2630 3669 2722 3725 hic
2761 3679 2953 3738 pastor
2992 3668 3061 3725 iis
3085 3669 3180 3738 qui
3230 3665 3300 3722 ab
3354 3679 3422 3722 eo

1844 3771 2146 3835 pascuntur
2170 3762 2418 3833 largitur.

1924 3940 2164 4000 Vsas.2.
2205 3961 2224 3994 ι
2269 3939 2328 3995 In
2360 3941 2482 3996 loco
2533 3939 2724 4010 pascui
2771 3937 2847 3994 ibi
2897 3951 2986 3992 me
3052 3934 3360 3992 collocavit.
3394 3953 3414 3988 ι

147 4030 393 4101 Ἐπειδὴ
445 4032 682 4102 ποιμένα
740 4033 833 4084 τὸν
883 4031 992 4084 τῶν
1059 4032 1284 4100 ἀγαθῶν
1333 4036 1731 4106 προσηγόρευσε

1848 4031 2147 4101 Postquam
2183 4041 2460 4102 pastorem
2508 4031 2780 4085 bonorum
2816 4028 3063 4084 datorem
3102 4025 3420 4098 appellavit,

128 4123 420 4195 χορηγόν,
484 4122 710 4188 εἰκότως
768 4125 864 4176 καὶ
909 4124 1008 4193 τῆς
1061 4125 1170 4177 τῶν
1217 4126 1509 4196 προϐάτων
1539 4127 1731 4197 τροφῆς

1849 4125 2047 4180 merito
2071 4124 2219 4180 etde
2263 4123 2446 4177 ovium
2480 4130 2639 4194 pastu
2670 4137 2737 4177 ex
2797 4119 3156 4176 translatione
3192 4117 3425 4174 mentio-

127 4217 443 4286 τροπικῶς
470 4218 870 4287 ἐμνημόνευσε,
905 4217 1112 4285 Χλόην
1127 4217 1183 4270 δὲ
1206 4215 1443 4271 ἐνταῦθα
1462 4218 1562 4289 τὴν
1593 4217 1731 4290 ίεράι

1850 4231 1974 4272 nem
2004 4214 2152 4270 fecit.
2209 4214 2475 4270 Pascuum
2510 4223 2692 4270 autem
2724 4213 2826 4268 hoc
2856 4212 2911 4266 in
2955 4210 3078 4266 loco
3105 4225 3316 4267 sacram
3347 4209 3426 4266 di-

126 4307 261 4361 τῶν
296 4307 464 4361 θείων
499 4307 695 4377 λογίων
732 4307 1090 4362 διδασκαλίαν
1120 4309 1299 4363 καλεῖ.
1327 4309 1603 4380 Πρότερον
1635 4313 1731 4380 γὰρ

1849 4309 2105 4364 vinorum
2164 4308 2511 4364 oraculorum
2557 4305 2912 4362 doctrinam‘
2941 4312 3122 4360 vocat.
3175 4302 3423 4358 Primum

126 4399 424 4470 ἐκτρέφει
462 4372 584 4463 τοῖς⁷
627 4399 832 4469 λόγοις,
862 4400 955 4453 καὶ
996 4400 1118 4453 τότε
1173 4401 1271 4472 τὴν
1326 4372 1731 4474 μυστικωτέραξ

1853 4402 2000 4456 enim
2041 4400 2280 4456 oraculis
2319 4415 2420 4454 nos
2452 4400 2566 4466 alit,
2595 4407 2651 4453 et
2678 4397 2875 4453 deinde
2901 4395 3074 4466 magis
3133 4394 3424 4467 mysticum

124 4509 259 4563 προ
273 4492 471 4564 ςφέρει
511 4494 740 4564 τροφήν.
767 4512 784 4543 σ
819 4492 943 4546 Ἐπὶ
965 4493 1009 4524 ³ο
1034 4493 1229 4558 ὓδατος
1265 4493 1629 4560 ἀναπαύσεως
1659 4494 1731 4560 ἐξ·

1855 4493 2012 4549 aﬂert
2041 4494 2246 4550 cibum.
2307 4512 2326 4544 ι
2365 4492 2542 4563 Super
2575 4506 2774 4562 aquam
2805 4487 3125 4546 refectionis
3170 4487 3425 4543 educavit

121 4583 360 4653 ἑθρεψέ
389 4601 477 4654 με.
503 4604 522 4636 ι
559 4585 632 4637 T6
659 4586 759 4655 τῆς
787 4584 1214 4654 παλιγγενεσίας
1239 4585 1383 4658 ὕδωρ
1421 4587 1731 4642 αἰνίττεται.

1845 4601 1952 4643 me.
1991 4605 2011 4638 ›
2068 4585 2517 4656 Regenerationis
2558 4599 2758 4655 aquam
2808 4583 3010 4647 innuit,
3072 4581 3128 4636 in
3161 4595 3264 4652 qua
3294 4580 3426 4635 dum

121 4681 196 4732 ὲν
233 4671 287 4745 ᾧ
331 4677 737 4749 βαπτιζόμενος
789 4679 818 4731 ὁ
862 4678 959 4749 τῆς
996 4681 1220 4750 χάριτος
1270 4680 1582 4751 ἐφιέμενος,
1611 4682 1731 4734 ἀπο·

1847 4673 2156 4742 baptizatur
2177 4674 2272 4742 qui
2309 4674 2538 4744 gratiam
2605 4672 2971 4744 concupiscit,
2997 4678 3277 4726 senectute
3303 4669 3430 4740 qui-

117 4765 352 4820 δύεται
398 4767 495 4837 μὲν
549 4767 610 4821 τὸ
671 4767 852 4841 γῆρας
908 4768 1006 4840 τῆς
1038 4769 1336 4840 ἁμαρτίας,
1381 4771 1500 4835 νέος
1529 4770 1587 4825 δὲ
1627 4769 1731 4825 ἀντ’

1847 4766 1970 4821 dem
2003 4770 2210 4837 peccati
2259 4767 2502 4836 exuitur,
2538 4754 2756 4839 juvenis
2841 4780 2972 4823 vero
3024 4781 3125 4837 pro
3151 4779 3280 4823 sene
3317 4763 3431 4822 elli-

117 4859 545 4928 γεγηρακότος
567 4859 937 4914 ἀποτελεῖται.

1849 4859 2014 4914 citur.

208 5043 260 5073 In
299 5029 477 5087 Joan.
507 5048 564 5100 ι,
612 5045 687 5097 io.
765 5043 792 5072 η
822 5033 1021 5090 Ezech.
1058 5051 1242 5102 xxxiv,
1274 5033 1340 5089 10
1379 5050 1532 5107 seqq.

1274 5195 1511 5250 VARUE
1549 5192 1934 5251 LECTIONES
1972 5193 2061 5248 ET
2101 5194 2332 5253 NOT/E.

205 5333 266 5408 '_’
296 5333 564 5399 Πάντες.
602 5333 816 5408 Abesta
851 5332 974 5408 cod.
1019 5333 1069 5408 Ι.
1131 5333 1176 5408 ξο
1200 5329 1731 5408 (ἰωῇ-[πεπλανῃμέ

1839 5345 1879 5391 ς.
1901 5331 1948 5408 ξι
1968 5330 2485 5408 _A67m'¢._Abest_a
2517 5332 2640 5408 cod.
2676 5333 2814 5408 1,2.
2874 5334 2920 5408 ’λ’
2954 5311 3430 5405 Τοὺςλ-ἀγῶνας,

106 5404 274 5475 cod:
328 5416 587 5471 uterque,
619 5403 718 5475 τού
746 5404 1013 5475 παρόντος
1035 5403 1279 5470 ἀγῶνος.
1309 5403 1354 5432 ³³
1383 5399 1703 5475 Κςιὶ-ςτῶνς

1965 5401 2058 5452 ὲπί
2089 5402 2308 5475 τετῶν.
2337 5403 2382 5434 ³³
2407 5404 2510 5475 Εἰς
2552 5403 2617 5456 τό
2651 5404 2842 5469 τέλος.
2875 5399 3097 5458 Abesta
3139 5399 3259 5459 cod.
3301 5409 3348 5469 1,
3375 5408 3432 5459 2.

105 5477 170 5508 ³⁵
214 5473 275 5527 Ε
307 5475 444 5527 cod.
475 5469 653 5544 suppl.
684 5469 886 5544 Eade'ln
926 5474 1037 5527 fere
1072 5469 1200 5528 sunt
1253 5487 1375 5540 qua:
1403 5471 1571 5544 Cord.
1607 5478 1646 5523 t.
1680 5470 1723 5544 ί,

1839 5469 1960 5544 412,
1994 5478 2047 5523 et
2086 5472 2187 5544 sub
2221 5473 2329 5525 alio
2359 5474 2577 5544 nomine
2611 5490 2662 5542 p.
2693 5475 2797 5527 418
2832 5476 3076 5530 exhibet.
3166 5477 3212 5508 “
3243 5475 3437 5528 Ταῦτα

100 5544 276 5608 τοῖς
313 5538 719 5616 προερμξόοᾱ.
746 5545 780 5596 2
801 5538 956 5616 οὗτος
983 5545 1059 5612 τῷ
1088 5538 1603 5616 προερμηνευθέντι.
1681 5542 1723 5616 ξτ
1753 5540 2342 5616 Ἐμίτληᾳθήσᾳντρι.
2372 5543 2550 5616 θρα-η]
2589 5538 3074 5616 εὐφρανθήσονται.
3164 5545 3210 5616 ’ξ
3242 5549 3431 5616 Προσν

99 5608 668 5681 εκύνηὸίιφίξϋοιι.
705 5617 726 5668 1
766 5624 818 5668 et
850 5615 884 5667 2
918 5608 1334 5682 διιόὶιιιιάύτῷζ
1423 5613 1465 5642 ’θ
1495 5610 1731 5663 Δεσπότπ

1856 5608 1978 5663 Des.
2012 5609 2066 5663 in
2096 5611 2213 5665 cod.
2250 5612 2303 5668 2.
2401 5613 2444 5644 ³⁰
2475 5613 2606 5666 Ἐπὶ
2634 5608 2706 5657 σέ
2730 5608 3015 5684 ἐξέθρεψέ
3040 5632 3134 5683 με.
3179 5615 3235 5668 In
3270 5608 3435 5670 Hebr.

99 5709 251 5778 leg.
291 5691 480 5797 ’ἔθων
521 5703 724 5769 ninan
761 5691 939 5782 ἰο-³η
975 5716 1040 5762 ad
1078 5723 1243 5774 aquas
1279 5704 1462 5758 leniter
1490 5703 1711 5772 ﬂuentes

1839 5711 1893 5755 ἐι
1922 5719 2022 5756 me.
