3854 6318
418 284 559 356 1031

1409 273 1899 337 THEODORETI
1926 243 2265 333 EPiSCOPI
2294 269 2660 331 CYRENSIS

3544 258 3704 328 1032

418 400 526 459 bus
566 397 807 454 animam
832 402 1119 465 purgatam
1164 388 1384 456 habeat,
1425 397 1482 447 et
1503 404 1702 445 manus
1722 388 1795 444 ab
1811 387 2003 444 istius-

2118 383 2383 455 λογισμῶν
2416 385 2636 438 ἀτόπων
2660 382 2762 456 τήν
2787 378 2989 455 ψυχήν,
3019 381 3373 453 καθαρεύειν,
3405 379 3503 436 καὶ
3542 382 3708 450 πρά-

420 490 572 547 modi
602 487 914 545 actionibus
953 483 1187 540 mundas
1216 492 1388 553 gerat.
1419 481 1632 538 Etenim
1673 497 1864 536 manus
1894 494 1995 550 pro

421 579 732 636 actionibus
762 576 964 645 posuit,
1004 590 1103 644 per
1142 589 1234 627 cor
1277 580 1460 627 autem
1511 570 1872 642 cogitationes
1914 569 2000 624 in-

421 672 564 727 nuit.
603 667 715 723 Hoc
758 667 902 721 enim
938 665 1337 730 consultamus,
1376 662 1486 718 illis
1513 678 1647 717 vero
1682 675 1996 732 Operamur.

421 763 589 819 Decet
626 769 833 826 autem,
866 758 1064 828 inquit,
1102 755 1421 828 huiusmodi
1460 753 1740 810 hominem
1791 752 1997 807 nullam

420 871 534 910 rem
586 853 791 908 ﬂuxam
840 858 897 907 et
946 850 1206 906 caducam
1254 848 1669 917 concupiscere.
1702 844 1813 900 Has
1851 844 1999 899 enim

422 943 764 1014 nuncupavit
791 957 875 997 res
908 956 1072 995 vanas
1095 955 1115 993 :
1142 938 1413 1007 siquidem
1442 936 1608 991 etiam
1645 934 2002 990 Ecclesiastes

420 1039 504 1095 sic
526 1052 622 1093 eas
654 1035 904 1090 nominat
934 1050 949 1089 :
989 1050 1008 1084 ι
1049 1029 1297 1096 Vanitas,
1342 1028 1551 1093 dicens,
1592 1027 1914 1093 vanitatum,
1948 1034 2004 1081 et

419 1131 605 1186 omnia
636 1128 849 1182 vanitas
875 1136 923 1180 Ρ.
953 1143 972 1177 ι
1007 1123 1073 1179 Ει
1097 1123 1357 1194 quoniam
1382 1121 1541 1177 dolus
1562 1134 1616 1176 et
1637 1119 2003 1192 transgressio

421 1219 786 1293 iurisiurandi
827 1217 1071 1272 avaritiae
1117 1215 1413 1286 conjuncta
1452 1220 1601 1279 sunt,
1652 1215 1849 1268 merito
1886 1213 2003 1267 haec

420 1328 546 1370 cum
575 1313 665 1366 illa
705 1309 913 1379 respuit
945 1326 959 1362 :
999 1326 1017 1359 ι
1051 1307 1116 1362 Ει
1136 1322 1245 1361 non
1273 1305 1480 1377 juravit
1511 1304 1567 1358 in
1599 1304 1725 1360 dolo
1748 1304 2001 1371 proximo

420 1420 545 1464 suo.
582 1421 604 1457 ι
645 1402 852 1458 Deinde
888 1401 1231 1456 demonstrat
1268 1398 1465 1452 horum
1499 1406 1649 1452 recte
1723 1391 2000 1451 factorum

418 1494 685 1552 fructum.

493 1702 661 1756 \‘sns.
687 1691 741 1747 5.
776 1709 794 1742 ι
838 1687 933 1744 llic
963 1686 1196 1757 accipiet
1220 1684 1654 1741 benedictionem
1680 1699 1711 1739 a
1743 1683 2000 1749 Domino,

2072 463 2238 543 ’ξεων
2270 477 2703 550 τοιουτοτρόπων
2720 476 2765 509 ⁸⁷
2804 474 3099 547 ἐλευθέρας
3130 474 3277 547 ἔχειν
3317 474 3419 537 τὰς
3472 475 3701 547 χεῖρας.

2103 567 2219 632 Τὰς
2245 567 2357 639 γάρ
2386 568 2450 640 δὴ
2491 567 2717 637 χεῖρας,
2751 566 2874 620 ἀντὶ
2909 566 3165 638 πράξεων
3209 565 3427 621 τέθεικε
3450 582 3466 599 ·
3498 565 3593 619 διὰ
3637 565 3704 618 δὲ

2100 662 2204 732 τῆς
2234 661 2503 732 καρδίας,
2534 661 2635 724 τάς
2663 660 2996 732 ἐνθυμήσεις
3045 659 3292 732 ᾐνίξατο.
3325 660 3405 731 Τῇ
3438 658 3537 730 μὲν
3578 660 3705 729 γὰρ

2105 754 2508 826 βουλευόμεθα,
2564 756 2689 818 ταῖς
2740 753 2800 807 δέ
2862 754 3201 825 πράττομεν.
3271 752 3550 823 Προσήκει
3606 751 3704 816 δὲ,

2104 847 2260 918 φησὶ,
2293 848 2385 900 τὸν
2416 845 2658 899 τοιοῦτον
2685 844 2917 916 μηδενὸς
2953 844 3065 898 τῶν
3095 843 3331 916 ῥεόντων
3382 844 3479 899 καὶ
3536 842 3707 914 φθει-

2105 939 2354 1011 ρομένων
2414 938 2667 1008 ἐφίεσθαι
2698 954 2711 967 ο
2752 935 2928 992 ταῦτα
2981 935 3092 1008 γὰρ
3136 937 3365 991 ἐκάλεσε
3426 934 3700 1005 μάταια·

2102 1030 2248 1085 οὕτω
2274 1030 2383 1102 γὰρ
2410 1031 2456 1065 ⁸⁸
2513 1026 2653 1084 αὐτά
2691 1031 2784 1083 καὶ
2836 1032 2865 1083 ό
2906 1027 3347 1100 Ἐκκλησιαστὴς
3408 1027 3703 1098 ὀνομάζει,

2110 1143 2128 1176 ι
2148 1122 2487 1194 Ματαιότης,
2506 1123 2702 1191 λέγων,
2729 1122 3129 1192 ματαιοτήτων,
3159 1121 3232 1174 τά
3261 1120 3442 1175 πάντα
3465 1121 3707 1192 ματαιό-

2101 1228 2222 1282 της.
2258 1229 2277 1262 ι
2323 1212 2433 1264 Καὶ
2469 1211 2657 1282 ἐπειδὴ
2712 1211 2805 1263 καὶ
2842 1209 2993 1272 δόλος
3018 1209 3114 1264 καὶ⁴
3153 1209 3471 1280 παράϐασις
3508 1211 3704 1280 ὅρκων

2104 1307 2171 1376 τῇ
2213 1303 2624 1377 φιλοχρηματίᾳ
2664 1303 3044 1370 συνέζευκται,
3105 1303 3335 1367 εἰκότως
3389 1305 3483 1358 καὶ
3517 1303 3705 1358 ταῦτα

2108 1395 2228 1468 μετ’
2270 1396 2491 1467 ἐκείνης
2518 1396 2887 1467 ἀπαγορεύει·
2926 1414 2947 1445 σ
2987 1395 3166 1449 Ka‘t“
3201 1395 3304 1449 οὐκ
3334 1394 3551 1466 ὤμοσεν
3601 1397 3705 1450 ἐπὶ

2104 1485 2242 1557 δόλῳ
2280 1485 2360 1558 τῷ
2417 1486 2646 1557 πλησίον
2686 1485 2873 1542 αὑτοῦ.
2922 1504 2942 1538 ι
2981 1480 3116 1540 Εἶτα
3167 1486 3414 1555 δείκνυσι
3441 1487 3535 1541 τὸν
3584 1488 3703 1541 τῶν

2105 1575 2558 1648 κατορθωμάτων
2581 1577 2628 1608 ⁷⁵
2650 1576 2859 1630 τούτων
2884 1576 3117 1647 καρπόν.

2177 1688 2241 1746 ε’.
2283 1708 2302 1743 ι
2346 1684 2516 1753 Οὗτος
2561 1689 2794 1760 λήψεται
2846 1691 3101 1761 εὐλογίαν
3130 1690 3283 1763 παρὰ
3335 1691 3574 1764 Κυρίου,
3601 1693 3708 1747 καὶ

420 1797 475 1844 et
502 1782 939 1841 misericordiam
978 1796 1009 1835 a
1034 1779 1147 1834 Deo
1176 1779 1451 1834 salvatore
1479 1793 1603 1832 suo.
1635 1796 1654 1830 ι
1690 1777 2000 1831 Admodum

2118 1782 2482 1855 ἐλεημοσύνην
2538 1783 2693 1856 παρά
2735 1783 2873 1838 Θεοῦ
2913 1785 3159 1856 σωτῆρος
3183 1783 3374 1840 αὑτοῦ.
3421 1803 3442 1838 ι
3477 1786 3705 1858 Κομιδῆ

422 1892 663 1946 congrue
683 1872 1119 1930 misericordiam
1144 1886 1268 1926 cum
1293 1870 1671 1925 benedictione
1695 1868 2002 1939 conjunxit.

423 1967 635 2024 Etenim
672 1982 796 2037 quae
829 1947 1220 2020 existimantur
1259 1960 1755 2026 remunerationes,
1787 1973 1884 2028 per
1917 1973 2006 2013 so-

422 2059 534 2113 lam
582 2057 826 2113 divinam
876 2053 1267 2123 benignitatem
1319 2050 1635 2105 hominibus
1675 2049 2004 2120 praebentur.

423 2149 628 2206 Omnes
658 2148 802 2204 enim
835 2146 1124 2201 hominum
1151 2143 1379 2214 iustitia:
1410 2142 1549 2197 nihil
1577 2151 1707 2198 sunt
1743 2141 1812 2197 ad
1861 2141 2008 2198 dona

422 2259 547 2313 qua:
573 2256 604 2296 a
645 2240 757 2294 Deo
784 2238 897 2309 jam
932 2236 1091 2292 nobis
1122 2235 1466 2305 suppeditata
1505 2242 1668 2299 sunt,
1705 2231 1908 2287 nedum
1940 2232 2008 2287 ad

424 2336 610 2390 futura
639 2345 894 2395 munera,
922 2343 1046 2399 quae
1068 2337 1122 2382 et
1147 2340 1369 2382 omnem
1401 2327 1699 2380 humanam
1725 2322 2011 2394 cogitatio-

310 2490 311 2493 η
424 2442 564 2483 nem.
579 2421 997 2481 transcendunt.

494 2563 660 2635 753
693 2560 862 2617 Vens.
902 2559 955 2615 6.
1002 2579 1022 2612 ι
1055 2557 1182 2614 Haec
1219 2566 1303 2613 est
1333 2557 1615 2628 generatio
1648 2555 2008 2626 quaerentium

424 2656 740 2722 Dominum,
771 2652 1136 2725 quaerentium
1187 2650 1383 2706 faciem
1435 2649 1532 2704 Dei
1573 2646 1784 2703 Jacobi.
1823 2667 1841 2701 ι
1880 2646 2008 2714 Qui,

424 2750 641 2819 inquit,
691 2745 994 2802 secundum
1050 2743 1166 2798 haec
1208 2740 1438 2798 consilia
1493 2741 1678 2795 vivere
1722 2746 2007 2805 statuunt,

423 2857 616 2898 revera
665 2839 983 2895 desiderant
1022 2837 1209 2893 videre
1254 2836 1436 2907 ipsum
1475 2833 1693 2889 virtutis
1733 2832 2011 2903 legislato-

424 2950 566 2999 rem,
601 2933 694 3004 qui
744 2931 857 3003 iam
910 2931 1041 2986 olim
1089 2930 1254 2986 etiam
1305 2943 1563 2998 magnum
1607 2926 1871 2982 Jacobum
1908 2939 2011 2980 suo

426 3028 602 3099 ipsius
655 3032 879 3095 aspectu
940 3024 1198 3095 dignatus
1245 3030 1350 3077 est.
1404 3019 1461 3074 In
1498 3018 1803 3077 undecimo
1847 3019 2011 3090 igitur

2107 1876 2166 1931 δέ
2215 1876 2515 1947 προσφυῶς
2548 1876 2647 1948 τὴν
2671 1876 3045 1949 ἐλεημοσύνην
3080 1881 3145 1950 τῇ
3177 1878 3404 1950 εὐλογίᾳ
3434 1880 3709 1945 συνέζευ-

2110 1968 2189 2034 ξε.
2230 1970 2341 2023 Καὶ
2387 1970 2498 2041 γὰρ
2550 1970 2609 2024 αἱ
2646 1971 3004 2041 νομιζόμεναι
3042 1970 3341 2034 ἀντιδόσεις
3382 1971 3473 2025 διὰ
3524 1969 3708 2045 μόνην

2108 2059 2210 2129 τὴν
2268 2057 2422 2113 θείαν
2478 2057 2897 2132 φιλανθρωπίαν
2965 2061 3080 2124 τοῖς
3158 2059 3470 2128 ἀνθρώποις
3544 2078 3707 2132 παρ-

2109 2152 2302 2223 έχοντα
2325 2151 2393 2208 τί.
2430 2152 2608 2207 Πᾶσαι
2633 2154 2742 2225 γὰρ
2768 2151 2881 2208 τῶν
2913 2152 3221 2223 ἀνθρώπων
3244 2154 3301 2206 αἱ
3321 2153 3703 2220 δικαιοσύναι,

2110 2245 2268 2299 οὐδὲν
2293 2246 2340 2278 ⁷³
2385 2245 2523 2317 πρὸς
2582 2244 2683 2310 τὰς
2734 2245 2837 2318 ήδη
2887 2244 3183 2316 δεδομένας
3240 2245 3347 2299 ὑπὸ
3406 2245 3503 2299 τοῦ
3550 2245 3705 2300 Θεοῦ

2108 2340 2319 2412 δωρεὰς
2354 2340 2666 2413 ἀποχρῶσι,
2707 2342 2892 2413 μήπου
2911 2340 2960 2373 ⁷³
2992 2357 3058 2410 γε
3081 2341 3145 2412 δὴ
3194 2340 3335 2411 πρὸς
3361 2341 3463 2404 τὰς
3501 2343 3713 2416 ἐσομέ-

2109 2449 2228 2496 νας,
2265 2432 2322 2488 αἳ
2358 2435 2455 2488 καὶ
2487 2433 2752 2505 λογισμὸν
2781 2432 3122 2505 ἀνθρώπινον
3151 2433 3600 2505 ὑπερϐαίνουσιν.

2180 2577 2258 2637 ς’.
2284 2572 2429 2644 Δῢτη
2458 2570 2675 2647 ήγενεά
2698 2570 3007 2643 ζητούντων
3038 2572 3131 2625 τὸν
3155 2571 3358 2643 Κύριον
3376 2570 3441 2634 ⁷⁸,
3466 2569 3709 2642 ζητούν-

2109 2677 2219 2716 των
2289 2661 2351 2716 τὸ
2407 2664 2704 2733 πρόσωπον
2733 2662 2828 2716 τοῦ
2879 2661 3017 2717 Θεοῦ
3079 2662 3296 2718 Ἰακώὸ.
3339 2681 3358 2714 ι
3393 2663 3523 2715 Oi."
3554 2663 3712 2717 κατὰ

2110 2751 2337 2819 ταύτας,
2387 2754 2543 2824 φησὶ,
2573 2753 2673 2817 τὰς
2721 2753 3006 2824 ὑποθήκας
3057 2749 3207 2825 βιοῦν
3239 2753 3706 2825 προαιρούμενοι,

2110 2842 2190 2914 τῷ
2220 2843 2333 2899 ὄντι
2367 2842 2596 2898 ποθοῦσι
2634 2845 2733 2916 τῆς
2771 2845 2974 2917 ἀρετῆς
3001 2845 3094 2900 τὸν
3127 2844 3426 2915 νομοθέτην
3466 2845 3628 2911 ἰδεῖν,
3652 2844 3713 2910 ὃς

2112 2936 2282 2992 πάλαι
2314 2937 2445 2991 ποτὲ
2494 2938 2590 2991 καὶ
2627 2937 2722 2991 τὸν
2763 2938 2940 3010 μέγαν
2995 2937 3191 2992 Ἰακὼὸ
3223 2941 3320 3010 τῆς
3344 2939 3552 3001 οἰκείας
3577 2941 3710 2994 ἐπι-

2112 3028 2343 3098 φανείας
2392 3028 2648 3099 ἠξίωσεν.
2684 3031 2778 3084 Ἐν
2803 3030 2850 3062 ⁷⁸
2905 3029 3006 3102 μὲν
3055 3026 3148 3085 οὖν
3182 3031 3227 3062 ⁷⁷
3284 3030 3363 3101 τῷ
3426 3031 3712 3105 ἑνδεκάτῳ

425 3120 663 3192 psalmo,
687 3118 756 3173 de
781 3117 1138 3188 generatione
1170 3114 1339 3169 altera
1361 3112 1618 3168 omnibus
1648 3112 1794 3169 vitiis
1818 3110 2003 3167 aﬂ'ecta

2118 3118 2318 3191 ψαλμῷ
2369 3121 2501 3194 περὶ
2538 3122 2732 3190 γενεᾶς
2784 3121 2977 3192 ἐτέρας
3009 3120 3075 3195 [⁷⁸
3106 3124 3135 3176 ό
3190 3122 3490 3195 Προφήτης
3519 3123 3711 3178 διαλε-

430 3211 701 3285 [loquens
729 3203 1030 3277 Propheta]
1061 3204 1230 3260 Deum
1255 3202 1582 3273 precabatur
1609 3202 1795 3256 dicens
1821 3218 1835 3255 :
1867 3220 1884 3252 ι
1905 3200 2003 3269 Tu,

2118 3208 2371 3282 γόμενος]
2402 3211 2553 3284 πάσῃ
2578 3210 2751 3282 κακίᾳ
2800 3212 2899 3264 καὶ
2931 3210 3168 3283 πονηρία
3198 3209 3453 3282 συζώσης
3477 3211 3710 3282 ἠντιϐό-

428 3302 684 3367 Domine,
716 3299 996 3356 custodies
1037 3311 1167 3362 nos,
1207 3303 1264 3351 et
1312 3292 1557 3349 servabis
1595 3306 1698 3347 nos
1726 3306 1758 3345 a
1786 3306 2003 3362 genera-

2118 3303 2194 3356 λει
2214 3302 2307 3357 τὸν
2332 3303 2466 3357 Θεὸν
2486 3303 2662 3373 λέγων
2681 3303 2727 3336 ⁷⁸
2756 3318 2769 3334 ·
2806 3322 2825 3356 ι
2845 3303 2944 3370 Σὺ,
2960 3302 3156 3374 Κύριε,
3186 3302 3442 3375 φυλάξεις
3459 3303 3506 3335 ⁸⁸
3528 3305 3709 3376 ἡμᾶς,

428 3394 579 3451 tione
612 3394 717 3449 hac
744 3392 799 3447 in
829 3396 1095 3446 aeternum
1115 3398 1167 3441 τι.
1209 3404 1229 3439 ι
1265 3385 1367 3441 llic
1394 3393 1575 3440 autem
1610 3383 1883 3438 contraria
1918 3398 2003 3436 va-

2118 3396 2212 3451 καὶ
2244 3396 2604 3468 διατηρήσεις
2642 3397 2792 3468 ἡμᾶς
2822 3396 2932 3451 ἀπὸ
2980 3396 3082 3468 τῆς
3124 3398 3320 3467 γενεᾶς
3353 3396 3556 3468 ταύτης
3613 3399 3711 3452 καὶ

428 3485 708 3551 ﬂauam":
755 3501 774 3535 ε
815 3483 1057 3564 Ηωοβιηι
1103 3479 1386 3551 generatio
1419 3476 1784 3548 (Ιυετθηιίυω
1833 3475 2015 3530 θυωῖ·
2088 3489 2198 3564 ,είς
2228 3489 2323 3542 τὸν
2379 3489 2575 3546 αἰῶνα.
2609 3507 2627 3540 ι
2675 3489 2942 3543 Ἐνταῦθα
2976 3487 3035 3543 δὲ
3090 3490 3356 3545 τάναντία
3401 3490 3706 3556 θεσπίζει·

429 3590 586 3632 num.
620 3594 640 3628 ι
668 3574 804 3630 Nam
834 3583 960 3645 post
986 3572 1423 3627 incarnationem
1453 3568 1472 3590 ¹
1500 3567 1599 3622 Dei
1625 3576 1682 3623 et
1713 3566 2003 3622 Salvatorit

2122 3597 2141 3631 ι
2170 3577 2320 3650 Αὕτη
2356 3580 2391 3650 ἡ
2429 3579 2596 3648 γενεὰ
2630 3577 2938 3651 ζητούντων
2969 3578 3062 3632 τὸν
3093 3577 3323 3650 Κύριον.
3362 3597 3382 3630 ι
3409 3579 3566 3633 Μετά
3598 3581 3711 3652 γὰρ

431 3668 633 3736 nostri,
690 3668 871 3722 omnis
915 3675 1061 3720 terra
1101 3675 1156 3719 et
1189 3676 1343 3717 mare
1395 3660 1594 3715 divinae
1641 3658 2003 3729 praedicationi

2118 3669 2216 3743 τὴν
2247 3671 2665 3742 ἐνανθρώπησιν
2693 3668 2791 3724 τοῦ
2835 3669 2972 3724 Θεοῦ
2995 3670 3040 3702 ⁸¹
3089 3669 3184 3724 καὶ
3221 3670 3473 3742 Σωτῆρος
3513 3672 3705 3743 ἡμῶν,

431 3761 837 3830 obtemperans,
863 3758 1156 3829 dereliquit
1180 3756 1401 3826 quidem
1429 3755 1561 3809 deos
1593 3754 1819 3824 patrios,
1846 3753 2003 3807 Deum

2118 3765 2271 3818 πᾶσα
2301 3764 2424 3836 ήγῆ
2440 3762 2537 3817 καὶ
2561 3761 2811 3817 θάλασσα
2837 3761 2907 3834 τῷ
2932 3762 3066 3827 θείῳ
3091 3762 3379 3817 πεισθεῖσα
3398 3762 3706 3836 κηρύγμα-

430 3862 616 3911 autem
653 3850 845 3908 Jacobi
880 3851 1131 3922 inquirit.
1183 3848 1300 3904 Hoc
1340 3846 1506 3902 modo
1545 3845 1700 3902 orbis
1743 3854 2003 3900 terrarum

2118 3873 2192 3924 τι,
2228 3855 2491 3910 κατέλιπε
2524 3855 2623 3927 μὲν
2663 3856 2791 3920 τοὺς
2824 3855 3114 3927 πατρῴους
3149 3855 3326 3922 θεοὺς,
3358 3855 3452 3909 τοῦ
3493 3855 3551 3909 δὲ
3595 3857 3709 3911 Ἰα-

433 3949 610 4006 salute
653 3946 939 4019 praedicta,
991 3943 1152 3999 docet
1185 3941 1444 4010 deinceps
1473 3952 1570 3993 eos
1605 3937 1700 4009 qui
1737 3937 1806 3992 ad
1855 3937 2003 3991 ﬁdem

2118 3947 2235 4001 κὼϐ
2260 3946 2575 4019 ἐπιζητεί⁸¹
2630 3948 2722 4001 τὸν
2752 3947 2905 4001 Θεόν.
2940 3946 3098 4015 Οὕτω
3152 3946 3572 4020 προαγορεύσας
3603 3946 3709 4020 τῆς

433 4051 815 4108 accesserunt,
843 4040 1142 4097 Dominum
1172 4038 1452 4094 Christum
1486 4050 1597 4091 non
1628 4035 1805 4091 solum
1838 4048 2003 4090 resur-

2119 4041 2449 4113 οἰκουμένης
2472 4040 2518 4073 ⁸³
2548 4041 2648 4113 τὴν
2683 4043 2981 4113 σωτηρίαν,
3008 4041 3250 4098 διδάσκει
3266 4043 3453 4097 λοιπὸν
3477 4043 3609 4108 τοὺς
3637 4046 3704 4116 τῇ

432 4138 648 4193 rexisse
675 4134 891 4191 devicto
923 4133 1119 4189 mortis
1149 4129 1402 4200 imperio,
1441 4128 1533 4185 sed
1568 4127 1734 4182 etiam
1763 4125 1817 4180 in
1849 4125 2003 4180 coelo:

2121 4133 2305 4188 πίστει
2348 4133 2842 4206 προσεληλυθότας,
2888 4134 2964 4198 ὡς
3022 4135 3085 4188 ού
3149 4133 3310 4204 μόνον
3347 4132 3548 4205 ἀνέστη
3607 4133 3705 4187 τοῦ

431 4227 686 4283 rediisse.
725 4224 997 4294 Quoniam
1030 4224 1178 4279 enim
1209 4222 1505 4278 vicesimus
1535 4219 1746 4290 primus
1777 4217 2003 4288 psalmus

2122 4227 2356 4282 θανάτου
2386 4227 2703 4293 καταλύσας
2751 4228 2814 4282 τὸ
2839 4228 3044 4300 κράτος
3073 4230 3101 4282 ὁ
3129 4227 3410 4298 Δεσπότης
3439 4228 3704 4294 Χριστὸς,

434 4318 657 4375 oracula
685 4318 1002 4373 continebat
1044 4316 1114 4372 de
1161 4314 1392 4371 salutari
1442 4313 1718 4383 passione,
1767 4325 1870 4365 nec
1913 4325 2001 4365 non

2121 4317 2258 4374 ἀλλά
2300 4319 2392 4374 καὶ
2422 4320 2504 4383 είς
2546 4320 2810 4393 οὐρανοὺς
2857 4320 3208 4392 ἀνελήλυθεν.
3253 4319 3473 4390 Ἐπειδὴ
3504 4318 3551 4351 ³³
3591 4320 3707 4390 γάρ

433 4412 845 4484 praedictionem
874 4412 942 4466 de
970 4408 1214 4480 gentium
1248 4409 1427 4463 salute
1449 4443 1465 4471 ,
1496 4405 1691 4460 merito
1719 4418 1908 4457 rursus
1931 4401 2003 4456 hit

2124 4414 2153 4467 ὁ
2178 4412 2397 4483 πρῶτος
2448 4413 2545 4466 καὶ
2597 4413 2845 4477 εἰκοστὸς
2912 4412 3131 4484 ψαλμὸς
3161 4412 3231 4467 τὰ
3261 4411 3371 4466 τῶν
3411 4412 3704 4485 σωτηρίων

433 4505 529 4560 ubi
567 4504 634 4560 de
663 4504 916 4576 gentibus
946 4501 1281 4557 mentionem
1312 4497 1464 4561 fecit,
1514 4504 1569 4551 et
1599 4509 1790 4550 earum
1828 4495 2003 4564 cogni-

2123 4502 2464 4576 παθημάτων
2518 4500 2634 4576 εἶχε
2672 4504 3045 4575 θεσπίσματα,
3080 4504 3178 4559 καὶ
3230 4503 3331 4574 τῆς
3384 4502 3493 4558 τῶν
3533 4503 3707 4557 ἐθνῶν

434 4600 639 4654 tionem
676 4597 948 4668 praedixit,
977 4604 1031 4650 et
1069 4592 1286 4649 Domini
1329 4588 1707 4646 ascensionem
1732 4586 2003 4654 describit,

2125 4595 2398 4668 σωτηρίας
2423 4596 2522 4669 τὴν
2554 4596 2917 4669 προφητείαν,
2945 4598 3173 4661 εἰκότως
3199 4596 3364 4651 πάλιν
3395 4596 3637 4650 ἐνταῦθα
3660 4596 3709 4629 ⁸⁸

432 4698 489 4746 et
515 4690 676 4746 nobis
715 4690 1037 4760 angelorum
1090 4686 1292 4740 choros
1344 4679 1605 4745 ostendit,
1655 4679 1759 4734 hos
1794 4677 2003 4748 quidem

2123 4684 2232 4738 τῶν
2272 4684 2444 4739 ἐθνῶν
2482 4686 2893 4758 μνημονεύσας,
2920 4687 3017 4741 καὶ
3043 4686 3143 4757 τὴν
3173 4686 3381 4740 τούτων
3408 4686 3707 4755 ἐπίγνωσιν

436 4782 723 4839 Dominum
775 4783 1053 4840 Christum
1109 4783 1439 4850 praeeuntes,
1496 4772 1622 4829 illos
1668 4769 1833 4843 ’154¹
1884 4786 2003 4828 vero

2127 4779 2557 4854 κρησμῳδήσας,
2589 4780 2687 4835 καὶ
2729 4779 2830 4852 τὴν
2869 4779 3214 4851 Δεσποτικὴν
3258 4777 3528 4851 ἀνάληψιν
3571 4796 3708 4852 προ.

505 4992 536 5036 r
574 4980 783 5041 Eccles.
820 4996 859 5047 ι,
898 4980 956 5035 2.
1036 4988 1065 5028 q
1106 4976 1199 5033 Ps.
1239 4993 1317 5047 λι,
1360 4981 1414 5037 7.

1529 5165 1763 5222 VARUS
1801 5163 2187 5222 LECTIONES
2226 5165 2316 5222 ET
2352 5165 2584 5247 NOTAE.

509 5306 552 5377 '7
585 5305 709 5377 βοά·
733 5304 797 5377 1·
820 5301 862 5377 2
883 5303 1112 5377 τεῖιούτφ
1134 5303 1343 5377 τρόπῳ.
1373 5303 1448 5377 lla
1480 5321 1700 5377 quoque
1731 5305 1874 5376 apud
1904 5303 2003 5360 Cor

2118 5321 2158 5375 ρ.
2191 5307 2318 5363 425.
2395 5298 2441 5341 ⁸⁸
2476 5305 2623 5376 Γὰρ.
2655 5304 2776 5361 cod.
2802 5305 2828 5360 1
2850 5302 2928 5358 δέ.
2967 5374 2977 5377 Α
3006 5303 3052 5337 ⁸³
3079 5302 3467 5377 Καί-αὐτοῦ.
3505 5303 3626 5377 Drs.
3647 5303 3702 5357 in

437 5375 561 5432 cod.
589 5376 645 5430 2.
692 5375 778 5447 _"°
810 5372 975 5447 (Iord.
1003 5372 1215 5447 p.124,
1254 5372 1688 5447 κατορθοῦντων.
1746 5372 1825 5447 7"“
1851 5378 2003 5447 Παρέ

2118 5372 2244 5447 ται.
2274 5378 2437 5432 codd
2476 5372 2812 5447 χαρίζονται,
2839 5374 3075 5445 ascripta
3107 5385 3284 5447 tamen
3316 5374 3548 5429 lectione
3603 5374 3703 5447 ista

435 5447 627 5517 altera.
683 5445 750 5517 _"‘
780 5444 900 5517 cod.
933 5445 967 5499 3
998 5443 1143 5517 οὐδέ.
1218 5446 1266 5477 ⁷³
1292 5443 1535 5514 Μήᾶτου.
1567 5449 1688 5501 cod.
1727 5446 1762 5502 ὅ
1797 5446 1871 5517 μή
1901 5443 1974 5517 τι.

2133 5446 2250 5500 Τὸν
2274 5443 2517 5515 Κύριοκ.
2552 5443 2691 5517 liec.
2709 5447 2890 5509 lectio,
2910 5443 3095 5517 ﬁliam
3142 5443 3698 5517 vulgataexpressit,

436 5521 522 5568 est
564 5513 747 5568 αὐτόν.
823 5514 869 5546 ⁷⁵
908 5517 1062 5568 Ol-
1088 5510 1518 5580 ἐξίωσενζυωε.
1563 5518 1616 5570 in
1641 5517 1762 5571 cod.
1929 5516 1976 5547 ⁷⁸

2118 5556 2131 5571 .
2160 5518 2284 5572 cod.
2314 5510 2565 5585 ὄρνεα).
2598 5516 2716 5571 καί.
2792 5517 2837 5548 "
2866 5510 3001 5585 οὔκ.
3043 5515 3170 5585 Des.
3203 5510 3274 5585 inf
3296 5514 3417 5571 cod.
3450 5510 3510 5585 3.
3590 5510 3701 5585 "AE

437 5585 562 5637 cod.
593 5586 836 5664 suppl.
946 5586 1259 5664 figi-Error;
1284 5585 1642 5664 Abestacod.
1684 5587 1742 5664 l._
1805 5586 1853 5619 ⁸ο
1884 5588 2003 5664 φυέῖ

2118 5605 2183 5664 τις
2209 5617 2280 5627 --
2308 5581 2869 5664 diaznpdqetc:_cod.
2901 5583 3316 5664 i,_2_cgu).d§atg
3338 5614 3410 5664 -τ
3439 5581 3700 5664 διατηρή-

438 5602 562 5637 cou.
594 5602 628 5638 ο
657 5602 758 5654 sup
802 5602 836 5641 I.
950 5602 991 5619 η
1018 5602 1241 5657 Λεγων.
1284 5602 1642 5640 Abestarou.
1684 5602 1730 5640 ι.
1805 5602 1853 5619 συ
1884 5602 2003 5640 ww

438 5602 798 5728 gat;-I(COII£
842 5673 895 5727 p.
942 5656 1105 5728 676_._
1139 5674 1192 5712 n.
1230 5657 1340 5728 7_et
1371 5656 1450 5728 8.)
1524 5656 1568 5688 ⁸¹
1595 5656 2003 5728 Θεοῦηοοιιηὸ

2118 5605 2183 5652 τις
2209 5617 2280 5627 --
2308 5602 2713 5652 omz'npaaetc.
2744 5602 2869 5640 con.
2901 5602 2953 5649 1,
2981 5602 3016 5637 2
3050 5602 3316 5664 φυλαςαις
3338 5614 3410 5623 —-
3439 5602 3696 5653 οιατηρη-

2123 5658 2262 5728 ρίου.
2338 5657 2384 5690 ⁸³
2418 5654 2540 5728 cod.
2573 5657 2832 5728 ἐπεζήτει
2928 5654 2976 5728 ξ’
3002 5654 3122 5728 Tne
3157 5656 3533 5725 οἰκουμένης.
3569 5652 3696 5709 Des.

436 5723 493 5778 in
511 5729 610 5781 cod
635 5733 724 5795 gl.
797 5723 859 5761 ³⁸⁷
884 5725 1123 5796 Ἐπειδὴ
1146 5756 1216 5765 -
1239 5724 1572 5795 διαγράφει.
1605 5726 1727 5798 Des.
1783 5725 1838 5781 in
1868 5726 1991 5781 cod.

2124 5723 2200 5799 '_"
2236 5725 2552 5785 Ἐνταῦθα.
2585 5723 2754 5781 Abest
2784 5739 2815 5780 ιι
2847 5726 2970 5781 cod.
3002 5725 3057 5779 ἓ.
