3854 6318
429 308 568 377 1643

1420 318 1911 383 THEODOIlETI
1950 320 2295 389 EPISCOPI
2326 324 2697 391 CYRENSIS

3573 327 3712 395 1644

428 438 596 483 tatem
619 441 821 496 meam,
850 434 904 483 et
938 427 1182 483 laborem
1209 442 1413 497 meum,
1444 442 1498 486 et
1521 431 1736 488 dimitte
1761 434 2005 489 universa

2127 437 2608 509 ταπείνωσινσμου,
2653 439 2748 494 καὶ
2782 438 2876 494 τιν
2919 439 3092 496 κόπον
3120 458 3245 513 μου,
3279 440 3376 497 καὶ
3411 441 3553 512 ἄφες
3600 448 3711 501 πά-

425 521 623 576 delicta
677 536 818 579 mea.
858 539 878 571 ι
924 517 1120 585 Multae,
1171 520 1367 591 inquit,
1414 521 1741 581 amictioncs
1791 541 1879 581 me
1910 525 2021 581 cir-

429 623 726 671 cumstant.
781 613 915 668 Cum
946 612 1112 684 igitur
1162 614 1307 671 banc
1355 632 1532 672 meam
1566 618 1928 690 alijcctionem
1966 631 2022 678 et

428 703 706 758 miseriam
759 701 896 759 meis
949 704 1192 776 peccatis
1252 707 1590 777 rependeris,
1643 710 1882 766 concede
1931 725 2020 767 re-

427 796 770 863 missionem,
805 805 971 868 atque
1003 798 1216 880 veniam
1252 800 1453 871 praebe.

495 978 660 1061 Vens.
716 978 802 1035 {9.
860 999 879 1032 ι
928 978 1157 1051 Respice
1206 980 1466 1039 inimicos
1517 998 1691 1050 meos,
1750 986 2015 1056 quoniam

427 1076 776 1148 multiplicati
828 1085 975 1142 sunt,
1021 1084 1076 1131 et
1106 1076 1234 1131 odio
1268 1078 1459 1150 iniquo
1492 1080 1728 1134 oderunt
1760 1095 1865 1135 me.
1905 1099 1925 1132 ι
1958 1080 2017 1137 Si

423 1186 533 1225 non
557 1171 766 1234 videor,
797 1169 895 1235 ait,
917 1169 1114 1240 dignus
1135 1170 1498 1239 humanitate,
1525 1188 1649 1227 cum
1676 1173 1876 1230 talibus
1898 1189 2014 1230 ma-

422 1262 493 1319 lis
513 1264 837 1331 colluctans,
863 1263 1048 1319 saltem
1066 1264 1298 1334 injustas
1330 1265 1674 1323 inimicorum
1699 1268 2016 1327 inimicitias

424 1357 791 1427 conspiciens,
828 1342 1220 1413 misericordiae
1251 1359 1572 1430 participem
1599 1360 1760 1432 763
1786 1378 1871 1416 mc
1902 1361 2011 1419 lac.

427 1448 486 1507 In
516 1459 567 1507 te
595 1450 742 1505 enim
792 1450 1038 1521 peccavi,
1065 1466 1188 1507 cum
1209 1460 1298 1506 tua
1331 1463 1600 1524 praecepta
1636 1463 2015 1527 transgressus

427 1543 530 1599 sim
563 1561 578 1599 :
614 1543 693 1609 illi
727 1553 934 1606 autem.
986 1559 1110 1599 cum
1144 1545 1282 1602 nibil
1317 1546 1451 1603 mihi
1485 1548 1616 1604 vitio
1649 1557 1859 1604 vertere
1886 1565 2012 1620 pos-

425 1635 557 1698 sint.
609 1636 812 1708 injuste
848 1636 1047 1695 bellum
1077 1646 1300 1709 gerunt.
1782 1699 1786 1703 ,

494 1726 659 1784 Vens.
691 1729 784 1785 20.
832 1748 850 1782 ι
886 1729 1114 1786 Custodi
1140 1732 1381 1787 animam
1412 1749 1611 1799 meam,
1640 1741 1694 1789 et
1720 1750 1852 1789 erue
1882 1750 2005 1804 me;

2124 545 2224 593 σας
2253 531 2355 594 τὰς
2390 533 2683 604 ἀνομίας⁸¹
2718 550 2844 604 μου.
2880 552 2900 585 ι
2938 534 3184 601 Πολλοῖς,
3210 536 3398 608 φησὶν,
3436 535 3717 604 ἀλγεινοῖς

2122 624 2463 695 πανταχόθεν
2494 627 3000 699 περιστοιχίζομαι.
3027 626 3248 698 Ταύτην
3276 644 3381 697 μου
3405 627 3589 682 τοίνυν
3609 628 3709 701 τὴν

2118 715 2475 783 ταπείνωσιν,
2509 718 2606 772 καὶ
2648 721 2750 790 τὴν
2794 717 3204 791 ταλαιπωρίαν,
3235 720 3357 783 ταῖς
3404 720 3570 789 ἐμαῖς
3607 722 3708 773 ἀν-

2117 808 2550 874 τιταλαντεύσας
2574 810 2968 883 παρανομίαις,
2997 810 3088 876 δὸς
3112 808 3213 883 τὴν
3238 809 3456 880 ἄφεσιν,
3484 813 3581 868 καὶ
3604 809 3708 882 τὴν

2119 902 2456 974 συγγνώμην
2493 905 2769 975 παράσχε.

2191 995 2277 1050 ιθ’.
2321 1013 2342 1048 ι
2383 995 2492 1051 Ἴδε
2520 995 2650 1061 τοὺς
2700 996 2933 1068 ἐχθρούς
2968 1012 3099 1068 μου,
3137 994 3227 1049 ὅτι
3255 993 3702 1065 ὲπληθύνθησαν,

2117 1087 2212 1151 καὶ
2244 1090 2404 1159 μῖσος
2440 1088 2631 1143 ἄδικον
2670 1089 2942 1161 ἐμίσησάν
2979 1106 3072 1161 με.
3112 1106 3137 1143 ι
3166 1088 3231 1142 El
3274 1088 3351 1159 μὴ
3386 1087 3571 1154 δοκῶ,
3593 1105 3704 1159 φη·-

2116 1180 2223 1247 σὶν,
2265 1181 2419 1249 ἄξιος
2470 1177 2612 1236 εἶναι
2661 1182 3099 1255 φιλανθρωπίας,
3133 1181 3413 1245 τοσούτοις
3445 1197 3706 1252 προσπα·

2113 1273 2284 1329 λαὶων
2320 1276 2533 1343 κακοῖς,
2562 1274 2664 1345 τὴν
2697 1275 2887 1328 ἄδικον
2921 1274 3054 1343 γοῦν
3110 1273 3221 1327 τῶν
3262 1272 3545 1343 πολεμίων
3591 1273 3705 1326 ἀπ-

2113 1364 2331 1437 έχθειαν
2354 1365 2711 1438 θεασάμενος,
2736 1366 3153 1439 φιῗανθρωπίας
3202 1365 3455 1435 μετάδος.
3493 1363 3595 1428 Εἰς
3643 1363 3705 1418 σὲ

2114 1456 2223 1528 γὰρ
2255 1458 2687 1530 ὲπλημμέλησα,
2722 1459 2821 1524 τὰς
2853 1459 2951 1523 σὰς
2996 1456 3406 1530 παραϐεϐηκὼς
3430 1456 3660 1520 ἐντολάς
3686 1471 3700 1485 ⁸

2112 1550 2317 1605 ἐκεῖνοι
2335 1549 2394 1602 δὲ
2417 1550 2588 1622 μηδὲν
2616 1548 2871 1620 ἐγκαλεῖν
2928 1549 3180 1621 ἔχοντες,
3218 1546 3554 1619 πολεμοῦσιν
3583 1546 3704 1601 ἀδί-

2113 1660 2246 1707 κως.

2182 1742 2251 1789 κ’.
2298 1754 2317 1787 ι
2345 1735 2588 1800 Φύλαξον
2615 1734 2714 1806 τὴν
2741 1735 2925 1805 ψυχήν
2959 1752 3085 1805 μου,
3135 1735 3230 1789 καὶ
3270 1733 3431 1805 ῥῦσαί
3464 1751 3535 1805 με
3559 1750 3573 1764 ο
3629 1735 3706 1804 μὴ

424 1834 535 1874 non
562 1822 905 1888 erubescam,
933 1824 1194 1892 quoniam
1227 1827 1441 1895 speravi
1475 1827 1527 1880 in
1561 1835 1635 1881 te.
1664 1846 1683 1878 ι
1720 1827 1829 1883 Etsi
1858 1830 2003 1884 enim

2127 1826 2568 1898 ιαταισχυνθείην
2582 1827 2651 1894 ⁸⁸,
2678 1827 2761 1879 ὅτι
2793 1826 3220 1897 ὲπεκαλεσᾶμην
3251 1842 3310 1880 σε
3326 1826 3395 1881 ⁸⁷.
3427 1845 3447 1879 ι
3497 1827 3563 1880 El
3592 1826 3707 1897 γὰρ

422 1910 636 1981 aliquas
697 1920 912 1966 tuarum
945 1913 1125 1983 legum
1158 1924 1536 1987 transgressus
1575 1933 1718 1983 sum,
1762 1926 1946 1974 tamen
1975 1934 2006 1975 a

421 2013 514 2059 tua
552 2004 889 2075 providentia
937 2008 1207 2079 mcipsum
1255 2025 1362 2065 non
1405 2013 1651 2080 separavi
1676 2030 1689 2065 :
1718 2020 2006 2083 prOpterea

420 2113 642 2169 quoque
686 2106 746 2153 ut
780 2098 848 2155 ab
878 2098 1126 2161 hostibus
1159 2101 1378 2171 liberer,
1416 2112 1470 2158 et
1510 2114 1567 2159 ut
1597 2120 1891 2161 conserver
1907 2106 2023 2169 ob:

418 2204 576 2247 SCOI‘O
585 2226 601 2242 ο

497 2281 657 2340 Vens.
692 2284 784 2339 21.
822 2303 840 2338 ι
876 2285 1199 2345 lnnocentes
1221 2297 1278 2345 et
1309 2290 1441 2346 recti
1462 2291 1811 2359 adhaeserunt
1843 2290 2002 2356 mihi,

416 2372 542 2447 quia
604 2377 911 2447 exspectavi
964 2385 1035 2434 te.
1087 2397 1105 2429 ι
1162 2377 1230 2433 Ει
1277 2380 1381 2436 hoc
1448 2381 1728 2451 proprium
1784 2380 2003 2436 virtutis

415 2478 503 2525 est
540 2468 913 2540 improborum
956 2472 1410 2529 consuetudinem
1451 2473 1581 2529 odio
1621 2473 1865 2540 habere;
1906 2488 2003 2530 eos

416 2577 548 2617 vero
570 2559 662 2631 qui
682 2559 1052 2628 aequalitatem
1078 2561 1372 2634 honorant,
1391 2577 1445 2622 et
1477 2567 1805 2623 rectitudine
1835 2575 2003 2623 utun-

415 2663 526 2720 tur,
564 2663 618 2709 et
645 2670 675 2709 a
709 2648 920 2713 malitia
951 2654 981 2690 ³*
1014 2655 1167 2710 liberi
1219 2666 1372 2723 sunt,
1407 2657 1532 2724 hos,
1565 2659 1809 2730 inquam,
1844 2657 2004 2715 fami-

414 2746 576 2804 liares
608 2758 661 2802 et
675 2748 883 2802 amicos
908 2747 1125 2803 habere.
1162 2745 1277 2803 Hoc
1306 2758 1488 2809 autem
1525 2751 1788 2822 praplieta
1822 2766 1882 2808 se
1915 2751 2000 2806 l'e-

415 2840 558 2896 cisse
604 2839 701 2906 ait,
764 2850 1025 2913 tanquam
1085 2841 1140 2896 in
1194 2841 1300 2899 hoc
1346 2841 1642 2900 Dominum
1679 2845 1862 2902 colere
1881 2844 2002 2900 exi-

413 2932 667 2989 stimans.

485 3024 650 3080 Vsus.
704 3025 795 3082 22.
833 3046 851 3079 ι
892 3026 1108 3095 Libera,
1144 3028 1309 3096 Deus,
1353 3028 1606 3086 lsraelcm
1635 3047 1702 3088 ex
1744 3034 2002 3089 omnibus

414 3116 864 3174 tribulationibus
901 3118 1068 3174 illius.
1112 3139 1131 3171 ι
1176 3120 1304 3175 Haec
1335 3122 1647 3192 deprecatio
1683 3122 1793 3179 Deo
1819 3126 1999 3181 oblata
2029 3146 2072 3204 (ς

414 3210 530 3285 regi
563 3210 840 3272 convenit.
867 3209 1032 3267 Decet
1057 3212 1203 3269 enim
1233 3227 1384 3280 eum,
1414 3214 1508 3283 qui
1542 3214 1599 3268 in’
1616 3214 1846 3284 imperio
1870 3231 2001 3272 con-

415 3302 642 3358 stitutus
675 3309 779 3367 cst,
812 3301 878 3356 de
907 3302 1141 3357 subditis
1163 3319 1383 3359 omnem
1413 3320 1601 3360 curam
1629 3321 1841 3376 gerere.
1870 3307 2004 3363 Proc-

414 3405 600 3466 ptrrea
643 3394 836 3450 beatus
871 3393 1040 3451 David
1072 3410 1178 3451 non
1208 3403 1418 3450 tantum
1451 3412 1551 3468 pro
1581 3412 1641 3454 se
1672 3413 1862 3471 preces
1900 3399 2000 3454 ob-

414 3487 561 3553 tulit,
590 3502 778 3542 verum
812 3487 975 3541 etiam
1012 3501 1112 3557 pro
1142 3487 1344 3558 populo
1365 3487 1466 3543 sibi
1495 3490 1820 3557 commisso,
1855 3499 2001 3547 tam.-

413 3580 520 3635 ctsi
570 3579 623 3633 in
679 3578 798 3647 ejus
832 3580 924 3650 qui
977 3579 1117 3635 bene
1163 3580 1535 3652 praeclareque
1596 3593 1796 3655 regnat
1826 3585 2005 3640 salute

415 3672 732 3736 communis
781 3672 991 3728 utilitas
1034 3673 1216 3743 populi
1258 3674 1531 3731 consistit.
1574 3676 1786 3732 Habent
1819 3687 2000 3733 autem

414 3773 470 3820 et
504 3765 673 3819 alium
714 3779 936 3819 sensum
978 3764 1095 3820 luec
1123 3766 1307 3821 verba.
1343 3766 1560 3825 Divisus
1587 3778 1705 3824 erat
1732 3768 1919 3835 Israel,
1950 3778 2006 3825 et

416 3868 667 3927 tempore
716 3856 926 3923 Saulis,
959 3867 1016 3914 et
1046 3858 1482 3930 Memphibostte,
1514 3868 1570 3917 et
1608 3861 1910 3921 Absalomi.
1943 3861 2003 3918 Si

414 3950 583 4022 igitur
637 3960 813 4018 tuum,
864 3953 1065 4023 inquit,
1104 3953 1373 4011 auxilium
1409 3953 1573 4027 765
1608 3970 2003 4025 consequerer,

414 4053 470 4099 et
532 4043 722 4099 bosu-s
772 4057 1110 4114 superarent,
1161 4055 1216 4102 et
1254 4046 1373 4117 ipse
1418 4046 1589 4102 Israel
1612 4048 1772 4104 civile
1798 4049 2002 4105 bellum

417 4135 621 4202 ﬁniret,
677 4151 868 4207 pacem
914 4136 1206 4205 obtineret,
1259 4147 1314 4195 et
1357 4139 1517 4196 bonis
1546 4142 1808 4199 omnibus
1851 4142 2003 4198 frue-

416 4239 591 4287 τῡιυῐ.

803 4554 1080 4612 INTERP.
1143 4554 1399 4612 PSALMI
1440 4555 1609 4614 XXV.

488 4690 655 4747 Vens.
702 4692 755 4745 l.
794 4707 814 4743 ι
859 4689 1113 4746 Psalmus
1148 4686 1361 4743 Davidi.
1402 4706 1421 4740 ι
1457 4687 1523 4744 Ει
1549 4687 1699 4745 hunc
1727 4692 1998 4761 psalmum

416 4783 638 4841 divinus
668 4783 838 4842 David
856 4781 927 4839 de
952 4782 1136 4851 seipso
1163 4780 1373 4838 dixisse
1432 4782 1568 4837 mihi
1599 4783 1818 4840 videtur
1842 4805 1856 4841 :
1882 4790 2003 4844 exi-

418 4879 582 4935 stimo
597 4886 780 4963 autem
803 4876 951 4941 hunc
967 4883 1093 4935 ante
1112 4877 1504 4949 praecedentem
1522 4877 1791 4949 scriptum
1808 4879 1999 4939 fuisse.

2110 1915 2204 1970 καί
2234 1934 2386 1980 τινας
2417 1915 2526 1970 τῶν
2572 1917 2679 1969 σῶν
2715 1914 3085 1987 παραϐέϐηκα
3125 1916 3307 1987 νόμων
3331 1954 3348 1979 ,
3394 1914 3512 1969 ἀλλ’
3544 1911 3644 1970 οὖν
3657 1915 3704 1948 ⁸⁸

2107 2008 2208 2079 τῆς
2235 2011 2335 2080 σῆς
2367 2007 2606 2079 ἐμαυτὸν
2653 2008 2757 2061 οὐκ
2804 2006 3048 2078 ἐχώρισα
3077 2007 3423 2078 προμηθείας
3442 2023 3459 2039 ·
3496 2007 3579 2061 διὸ
3608 2006 3707 2062 καὶ

2111 2100 2377 2174 ῥυσθῆναι
2409 2101 2518 2157 τῶν
2560 2100 2965 2172 πολεμούντων,
3004 2100 3099 2154 καὶ
3139 2100 3480 2171 φυλαχθῆναι
3508 2116 3702 2172 παρα-

2109 2193 2285 2248 καλῶ.

2178 2263 2283 2340 καί
2331 2304 2351 2337 ι
2379 2285 2613 2340 Ἀκακοι
2650 2284 2746 2338 καὶ
2787 2283 2965 2348 εὐθεῖς
2994 2282 3294 2338 ὲκολλῶντό
3323 2300 3435 2355 μοι,
3468 2283 3554 2337 ὅτι
3586 2282 3704 2338 ὕπ-

2106 2374 2300 2446 έμεινά
2346 2392 2430 2440 σε,
2463 2374 2657 2447 Κύριε.
2704 2394 2724 2429 ι
2780 2376 2891 2428 Καὶ
2934 2373 3095 2430 τοῦτο
3112 2374 3159 2408 ⁸³
3192 2374 3325 2429 ἴδιον
3375 2375 3606 2445 ἀρετῆς.
3642 2374 3719 2428 τὸ.

2107 2472 2286 2540 μισεῖν
2316 2469 2416 2540 μὲν
2444 2468 2552 2523 τῶν
2600 2467 2820 2540 φαύλων
2856 2469 2957 2534 τὰς
3003 2467 3317 2534 συνουσίας,
3351 2468 3480 2532 τοὺς
3505 2466 3566 2522 δὲ
3599 2467 3707 2539 τὴν

2108 2561 2658 2634 ίσότητατιμῶντας,
2689 2562 2785 2614 καὶ
2813 2560 3071 2631 εὐθύτητι
3100 2561 3438 2632 χρωμένους,
3465 2559 3566 2614 καὶ
3598 2576 3706 2613 κα-

2103 2654 2229 2718 κίας
2295 2653 2788 2725 ἀπηλλαγμένους,
2843 2651 3096 2723 συνήθεις
3144 2651 3291 2722 ἔχειν
3341 2653 3438 2706 καὶ
3484 2650 3702 2720 φίλους.

2104 2747 2279 2801 Τοῦτο
2295 2748 2342 2780 ⁸ο
2373 2747 2481 2818 γὰρ
2511 2746 2606 2800 καὶ
2635 2748 2664 2799 ὁ
2696 2746 2985 2818 προφήτης
3014 2744 3118 2816 ἔφη
3172 2744 3558 2817 πεποιηκέναι,
3598 2742 3704 2799 ἅτε

2103 2840 2168 2910 δὴ
2204 2838 2526 2910 θεραπύειν
2555 2840 2612 2894 ὲν
2627 2839 2671 2870 ⁹¹
2713 2838 2890 2909 τούτῳ
2916 2838 2982 2911 δὴ
2997 2840 3043 2905 "_
3080 2839 3175 2892 τὸν
3212 2837 3495 2908 Δεσπότην
3526 2834 3705 2908 ἡγού-

2107 2949 2286 3002 μενος.

2176 3022 2279 3090 κβ’.
2308 3041 2327 3074 ι
2351 3021 2662 3093 Δύτρωσαι,
2691 3023 2720 3074 ὁ
2744 3021 2902 3086 Θεὸς,
2930 3022 3022 3076 τὸν
3048 3020 3262 3092 Ἰσραὴλ
3289 3020 3355 3074 ἐκ
3376 3021 3568 3074 πασῶν
3584 3022 3703 3076 τῶν

2104 3113 2338 3185 θλίψεων
2368 3113 2556 3169 αὑτοῦ.
2584 3134 2604 3167 ι
2635 3113 2912 3168 Βασιλεί⁹³
2934 3112 3219 3185 πρέπουσα
3249 3115 3282 3185 ἠ
3311 3114 3704 3186 προσενεχθεῖ-

2105 3222 2174 3261 σα
2207 3204 2284 3277 τῷ
2316 3206 2436 3277 Θεῷ
2466 3206 2766 3276 προσευχὴ.
2800 3206 3075 3276 Προσήκει
3113 3205 3223 3277 γὰρ
3254 3205 3345 3260 τὸν
3377 3205 3569 3275 ἄρχειν
3605 3224 3702 3261 τε-

2062 3330 2069 3334 ‹
2100 3300 2396 3370 ταγμένον,
2441 3301 2621 3354 πᾶσαν
2667 3297 2999 3371 ποιήσασθαι
3013 3298 3061 3331 ⁸⁸
3089 3300 3198 3354 τῶν
3235 3300 3492 3370 ὑπηκόων
3535 3300 3704 3370 κηδε-

2105 3392 2318 3462 μονίαν.
2371 3392 2472 3448 Διά
2502 3409 2587 3446 τοι
2633 3390 2794 3445 τοῦτο
2829 3392 2926 3447 καὶ⁵
2966 3393 2995 3446 ὁ
3043 3391 3367 3463 μακάριος⁹⁸
3397 3391 3585 3456 Δαϐιδ,
3632 3393 3702 3447 οὐ

2106 3486 2266 3554 μόνον
2299 3483 2442 3555 ὑπὲρ
2472 3482 2667 3537 ἑαυτοῦ
2684 3486 2732 3518 ’⁸
2775 3485 3144 3556 προσενήνοχε
3187 3483 3285 3555 τὴν
3333 3484 3522 3555 εὐχὴν,
3558 3483 3705 3542 ἀλλὰ

2102 3579 2197 3633 καὶ
2247 3578 2389 3648 ὑπὲρ
2442 3577 2926 3649 ἐγκεχειρισμένου
2961 3576 3091 3632 λαοῦ
3112 3596 3127 3611 ο
3173 3577 3405 3642 ᾶλλως⁹⁷
3439 3595 3500 3631 τε
3533 3580 3635 3633 καὶ
3660 3581 3700 3652 ἠ

2100 3669 2198 3725 τοῦ
2223 3666 2283 3724 εὖ
2332 3670 2428 3723 ml.
2480 3669 2665 3732 καλῶς
2695 3669 3091 3740 βασιλεύοντος.
3127 3670 3375 3741 σωτηρία
3406 3672 3565 3743 κοινὴ
3595 3672 3700 3726 τοῦ

2101 3763 2231 3818 λαοῦ
2267 3763 2608 3834 καθέστηκεν
2628 3763 2673 3795 ⁸⁸
2703 3763 2961 3831 ὠφέλεια.
3000 3764 3152 3834 Ἔχει
3180 3764 3238 3818 δὲ
3266 3764 3361 3818 καὶ
3390 3764 3586 3836 ἑτέραν
3610 3766 3703 3819 εν-

2102 3873 2254 3910 νοιαν
2307 3856 2369 3910 τὸ
2418 3856 2605 3928 ῥητόν.
2657 3855 2892 3927 Διῄρητο
2934 3858 2963 3910 ὁ
3010 3856 3252 3928 Ἰσραὴλ,
3301 3859 3397 3911 καὶ
3450 3859 3547 3911 ἐπὶ
3592 3858 3698 3913 τοῦ

2102 3948 2297 4016 Σαοὺλ,
2327 3949 2422 4003 καὶ
2442 3948 2535 4002 ἐπὶ
2556 3947 2651 4002 τοῦ
2680 3948 3039 4019 Μεμφιὸοσθὲ
3052 3951 3119 4015 ⁸⁸,
3151 3950 3247 4003 καὶ
3264 3949 3359 4004 ἐπὶ
3384 3949 3482 4003 τοῦ
3504 3949 3703 4005 Ἀϐεσ-

2103 4040 2358 4112 σαλώμ¹.
2382 4041 2444 4095 El
2474 4040 2679 4106 τοίνυν,
2713 4041 2850 4112 φησὶ
2867 4042 2909 4107 ²,
2948 4041 3050 4112 τῆς
3084 4041 3186 4111 σῆς
3232 4042 3406 4113 ῥοπῆς
3445 4042 3701 4097 ἀπολαύ·

2104 4149 2285 4202 σαιμι,
2336 4132 2432 4186 καὶ
2483 4131 2749 4203 κρείττων
2795 4132 3060 4201 γενοίμην
3099 4133 3212 4187 τῶν
3251 4134 3560 4204 δυσμενῶν,
3601 4136 3702 4188 καὶ

2103 4223 2271 4286 αὐτὸς
2316 4224 2346 4276 ὁ
2403 4222 2658 4294 Ἰσραὴλ,
2715 4224 3018 4294 έμφύλιον⁸
3065 4224 3303 4295 πόλεμον
3354 4226 3697 4293 καταλύσας,

2104 4315 2328 4387 εἰρήνης
2386 4313 2671 4379 τεύξεται,
2725 4313 2822 4367 καὶ
2874 4316 2992 4379 τοῖς
3052 4317 3165 4379 σοῖς
3220 4314 3451 4384 ἀγαθοῖς
3497 4317 3699 4388 ἐντρυ-

2107 4408 2290 4479 φήσει.
2318 4430 2322 4435 ’

2414 4566 2683 4622 ΕΡΜΗΝ.
2723 4565 2864 4621 ΤΟΥ
2904 4568 3011 4622 ΚΕ¹
3049 4567 3372 4622 ΨΑΛΜΟΥ.

2175 4707 2247 4758 α’.
2289 4719 2308 4753 ι
2339 4701 2572 4772 1ἱιναλμδς
2607 4702 2689 4773 τῷ
2718 4702 2901 4757 Δαδξδ.
2935 4720 2954 4756 ι
2998 4702 3108 4756 Καὶ
3134 4699 3327 4756 τοῦτον
3353 4700 3447 4754 τὸν
3470 4699 3695 4772 ψαλμὸν

2103 4794 2133 4847 ὁ
2159 4792 2302 4857 θεῖος
2331 4793 2496 4847 Δαϐὶδ
2528 4795 2607 4858 εἰς
2637 4794 2835 4849 ἑαυτὸν
2866 4794 3148 4866 εἰρηκέναι
3180 4793 3333 4848 δοκεῖ
3361 4808 3484 4864 μοι’
3521 4792 3699 4863 ήγοῦ-

2107 4902 2209 4956 μαι
2239 4885 2296 4940 δὲ
2323 4884 2510 4940 τοῦτον
2552 4886 2765 4941 ἐκείνου
2809 4886 3238 4959 προγενέστερον
3276 4882 3436 4942 εἶναι.
3491 4885 3556 4939 '0
3587 4884 3692 4957 μὲν

1518 5110 1757 5169 VARUS
1799 5109 2185 5170 LECTIONES
2221 5113 2308 5173 ET
2342 5113 2581 5171 NOTAE.

490 5291 539 5323 “
580 5289 883 5359 Ἀνομίας.
914 5289 1038 5346 cod.
1064 5290 1115 5349 l.
1148 5292 1184 5346 2
1209 5293 1504 5419 ἁμαρτίας,
1531 5310 1652 5364 qua!
1694 5302 1782 5350 est
1811 5308 1923 5349 rec.
1961 5293 2005 5348 le

507 5358 1003 5419 Ἐπεκαλεσὰιιην
1030 5378 1123 5416 σε.
1153 5364 1275 5419 cod.
1388 5365 1593 5419 ἤλπισα
1622 5365 1715 5417 ἐπὶ
1749 5366 1831 5419 σὲ.
1864 5380 1987 5419 urite

2150 5294 2208 5349 lt.
2237 5294 2276 5349 1.
2373 5294 2427 5377 ξ’
2455 5293 2553 5357 Μὴ
2584 5297 3112 5386 καταισχυνθείην.
3158 5294 3329 5352 Abest
3371 5309 3401 5348 a
3454 5291 3593 5375 cod:~

2127 5380 2226 5419 rec.
2264 5365 2445 5419 lectio.
2520 5364 2567 5396 ⁸⁸
2609 5367 2910 5419 Αλλόυν.
2941 5367 3061 5419 cod.
3104 5367 3126 5419 l
3165 5367 3320 5419 ἀλλά.
3395 5364 3443 5397 ⁸⁸
3483 5367 3593 5419 Του

1426 5365 1593 5420 λπισα
1622 5365 1715 5417 ἐπὶ
1749 5366 1831 5424 σὲ,
1864 5380 1987 5433 quite

2127 5380 2226 5419 rec.
2264 5365 2445 5421 lectio.
2520 5364 2567 5396 ⁸⁸
2604 5364 2910 5422 Ἀλλόὗν.
2941 5367 3061 5421 cod.
3104 5367 3126 5420 l
3165 5367 3320 5421 ἀλλά.
3395 5364 3443 5397 ⁸⁸
3483 5364 3688 5421 Τοῦτο.

421 5362 464 5394 ⁸⁷
507 5358 1003 5429 Ἐπεκαλεσὰμην
1030 5378 1123 5416 σε.
1153 5358 1275 5419 cod.

422 5433 545 5487 cod.
580 5434 614 5484 5
643 5431 793 5484 addit
824 5430 902 5485 δέ.
1007 5432 1054 5464 ⁹⁹
1088 5434 1360 5488 Τοῦτο-

418 5502 474 5557 2.
577 5501 625 5533 ⁸³
653 5501 919 5555 Βασιλεῖ.
945 5502 1068 5559 rod.
1103 5506 1139 5559 5
1165 5504 1317 5560 addit
1345 5501 1426 5560 δέ.

422 5571 659 5644 αύτοΰμμ
708 5572 754 5644 ξ’
799 5574 1019 5644 ᾌλλας
1050 5605 1121 5614 -
1157 5575 1435 5644 ὠφέλεια.
1474 5575 1598 5631 Des.
1633 5575 1688 5631 in
1736 5575 1856 5631 00d.
1902 5575 1956 5629 5.

424 5642 471 5672 ⁸³
499 5642 606 5697 Kal
635 5642 733 5697 ἐπὶ
758 5641 867 5705 τοῦ
888 5641 1084 5713 Mopso.
1128 5641 1252 5701 Des.
1291 5647 1343 5700 in
1372 5647 1494 5700 cod.
1525 5646 1578 5700 '5.

425 5781 450 5835 Ι
461 5821 475 5849 ,
498 5784 533 5839 2
561 5781 747 5857 prim.
780 5784 894 5846 τόν.

1690 5646 1706 5676 ¹
1743 5647 1802 5700 Ἀ
1812 5646 2132 5714 σεσσαλώμ

422 5713 528 5789 τού
554 5715 851 5789 Βηρσαϐεέ.
884 5717 1068 5777 cod.5
1096 5717 1191 5775 καὶ
1221 5716 1315 5770 ἐπὶ
1343 5715 1439 5775 τοῦ
1469 5715 1666 5787 Σαμιέ.
1702 5714 1862 5778 Conl.
1896 5732 1950 5789 p.
1972 5713 2098 5771 713.

2378 5294 2427 5377 .“
2455 5293 3126 5386 “inceramenta.
3158 5294 3329 5386 alter
3371 5291 3593 5386 anes":
3630 5288 3687 5347 ε·

1434 5438 1739 5505 γούμενος.
1772 5434 1894 5489 Des.
1926 5435 1980 5488 in

2127 5474 2133 5488 .
2163 5435 2216 5489 ὅ.
2249 5435 2291 5467 ’³
2346 5437 2472 5505 Ἐν.
2497 5433 2621 5490 Des.
2658 5435 2710 5505 in
2748 5437 2870 5491 cod.
2900 5436 2956 5491 3.
3009 5436 3053 5468 ³²
3079 5436 3181 5504 Avi.
3210 5436 3381 5492 Abest
3414 5450 3445 5489 a
3474 5435 3600 5505 cod.
3635 5433 3686 5493 l.

1523 5506 1570 5540 θ’
1598 5507 1722 5561 cod.
1759 5505 1800 5560 3
1833 5504 2125 5560 ποιεῖσθαι.

2222 5506 2267 5539 ⁸⁵
2301 5502 2624 5571 Μακάριος.
2660 5503 2830 5560 Abest
2882 5521 2911 5559 a
2942 5507 3062 5562 eod.
3099 5502 3155 5563 2.
3276 5506 3324 5540 ⁸⁸
3349 5506 3472 5559 cod.
3513 5503 3550 5557 2
3574 5514 3631 5558 et
3656 5504 3689 5558 5

2060 5574 2105 5610 ⁸⁸
2142 5577 2400 5629 Καθεστ.
2445 5573 2720 5641 ὠφέλεια.
2780 5576 2902 5631 eod.
2934 5576 2969 5629 2
3007 5577 3404 5644 καθεστηκέναι
3454 5574 3688 5643 ὀφείλει.

2138 5688 2151 5701 .
2210 5647 2332 5698 cod.
2363 5645 2387 5697 1
2424 5644 2596 5710 addit,
2622 5645 2715 5699 καὶ
2748 5646 2841 5699 ἐπὶ
2877 5647 2975 5700 τοῦ
3004 5647 3218 5700 Σεϐεαί.
3253 5646 3375 5700 cod.
3407 5646 3443 5700 2
3473 5646 3570 5699 καὶ
3598 5644 3690 5698 ἐπὶ

2216 5716 2237 5746 ⁸
2267 5715 2443 5784 dinei.
2470 5714 2688 5772 Abesta
2718 5717 2841 5775 cod.
2872 5717 2923 5782 l,
2947 5718 3002 5773 ‘2.
3105 5718 3128 5749 ³
3167 5716 3517 5787 Ἐμφύλιον.
3561 5715 3689 5775 00d.
