3854 6318
432 233 567 299 107i

1465 235 1960 298 TIIEODORETI
1981 235 2316 295 EPlSCOPl
2368 233 2734 294 CYRENSIS

3556 230 3697 296 1072

421 356 588 402 tatem
623 344 881 408 instituit.
933 344 1047 401 Deo
1075 345 1278 416 gratias
1312 362 1500 416 agens,
1535 347 1796 417 queuiam
1825 357 1879 401 et
1907 345 2006 401 illis

2119 344 2250 415 ρίων
2278 344 2580 415 ἀναίρεσιν,
2623 347 2716 397 καὶ
2743 343 2841 414 τὴν
2870 345 2966 414 τῆς
2991 344 3306 417 ἀρρωστίας
3351 345 3698 416 ἀπαλλαγὴν,

420 439 651 492 salutem
687 436 933 502 donavit,
963 447 1016 494 et
1041 447 1289 493 sanctum
1323 453 1482 492 suum
1513 439 1775 508 templum
1810 438 1878 492 ab
1909 438 2008 491 ho-

418 530 526 584 stili
555 529 678 601 igne
717 529 986 585 liberavit.
1033 529 1304 597 Quoniam
1345 531 1512 602 igitur
1543 547 1606 585 ea
1643 548 1765 601 qua:
1809 532 2009 586 liebant

417 621 782 678 dedicationis
803 620 942 677 festo
969 622 1169 676 similia
1201 634 1377 689 erant,
1403 624 1530 692 jure
1557 634 1609 677 et
1639 624 1781 676 hanc
1806 622 2010 692 recepit

419 709 857 780 inscriptionem.
903 709 1199 766 Sciendum
1247 721 1334 767 est
1365 720 1547 765 autem
1605 711 1721 767 inec
1760 710 2008 766 Ezechiae

421 819 514 874 per
547 803 777 873 ﬁguram
811 818 1132 874 congruere,
1174 804 1478 860 secundum
1519 805 1692 874 ipsam
1721 805 2004 860 veritatem

417 906 599 952 autem
626 897 774 951 omni
812 897 1064 951 humana:
1107 897 1270 969 787
1317 907 1544 952 naturai.
1573 895 1708 952 Nam
1741 899 2007 968 quemad-

421 987 639 1040 modum
667 984 759 1039 ille
793 1001 916 1039 cum
953 1000 1148 1055 magna
1183 985 1439 1055 superbia
1480 985 1656 1042 elatus
1691 994 1835 1042 esset
1879 986 2007 1058 (hoc

417 1077 564 1134 enim
599 1077 1055 1147 Paralipomenon
1094 1077 1320 1132 historia
1346 1079 1534 1134 docuit
1555 1079 1626 1150 ι),
1655 1079 1848 1133 mortis
1881 1094 2008 1133 scn-

419 1169 643 1221 tentiam
671 1166 893 1235 recepit,
923 1166 1106 1220 divina
1129 1177 1309 1222 autem
1339 1168 1514 1238 gratia
1543 1169 1707 1223 vitam
1739 1183 2008 1224 consecu-

421 1268 510 1311 tus
537 1265 650 1320 est;
683 1256 876 1308 eodem
909 1254 1070 1308 modo
1099 1253 1270 1309 Adam
1301 1257 1513 1326 primus
1543 1272 1763 1327 parens.
1793 1272 1918 1312 cum
1948 1271 2008 1312 se

420 1347 588 1401 Deum
635 1345 754 1400 fore
803 1347 1071 1412 crederet,
1113 1355 1167 1401 et
1223 1359 1410 1402 contra
1459 1364 1619 1402 suum
1656 1349 2006 1404 Conditorem

419 1441 732 1511 arrogantia
783 1439 958 1495 elatus
1013 1447 1178 1507 esset,
1231 1452 1404 1497 morte
1452 1441 1670 1511 quidem
1727 1443 2006 1504 multatus.

420 1533 602 1587 divina
650 1541 834 1592 tamen
883 1531 1220 1603 benignitate
1266 1533 1721 1588 resurrectionem
1781 1533 2008 1604 adeptus

419 1633 522 1680 est.

494 1827 726 1886 \‘aas.2.
749 1845 767 1880 ι
797 1826 1064 1883 Exaltabo
1085 1835 1157 1893 te,
1177 1826 1424 1894 Domine,
1445 1825 1704 1896 quoniam
1719 1825 2010 1897 suscepisti

423 1938 528 1991 me,
565 1937 666 1978 nec
695 1921 894 1992 gaudio
927 1919 1154 1976 ali‘ecisti
1183 1918 1438 1974 inimicos
1464 1933 1619 1974 meos
1648 1933 1811 1989 super
1837 1933 1944 1974 me.
1987 1939 2006 1971 ›

419 2017 558 2070 Cum
607 2015 752 2069 enim
799 2012 1062 2068 Dominus
1099 2021 1320 2067 nostras
1369 2011 1642 2082 primitias
1690 2012 2010 2082 accepisset,

420 2121 638 2163 onmem
676 2115 928 2160 naturam
957 2118 1051 2174 per
1074 2103 1224 2174 ipsas
1253 2103 1430 2160 salute
1453 2102 1674 2173 dignam
1711 2103 1924 2169 habuit,
1954 2113 2011 2158 et

421 2197 660 2254 ludibrio
701 2211 823 2252 esse
871 2194 1111 2249 inimicis
1146 2202 1201 2248 et
1236 2193 1489 2249 hostibus
1529 2193 1869 2249 daemonibus
1903 2209 2010 2251 non

421 2292 567 2348 sivit.

495 2405 658 2460 Vens.
693 2403 747 2467 5,
779 2401 834 2456 4.
878 2418 896 2451 ι
929 2397 1158 2454 Domine
1187 2397 1332 2454 Deus
1363 2397 1462 2464 mi,
1503 2396 1735 2454 clamavi
1762 2397 1825 2453 ad
1852 2406 1926 2463 te,
1957 2404 2011 2452 et

420 2495 628 2552 sanasti
676 2508 783 2549 me.
830 2490 1074 2554 Domine,
1111 2489 1348 2544 eduxisti
1398 2505 1464 2544 ex
1503 2489 1719 2544 inferno
1769 2489 2009 2544 animam

423 2603 621 2652 meam,
675 2584 898 2641 salvasti
945 2597 1032 2638 me
1073 2597 1103 2637 a
1144 2581 1606 2638 descendentibus
1645 2583 1698 2636 iu
1742 2581 1942 2645 lacum.
1983 2598 2004 2635 ι

423 2678 550 2734 Haec
592 2671 832 2731 humana
867 2683 1063 2728 natura
1099 2682 1392 2727 enarrante
1419 2673 1693 2729 audimus.
1740 2672 1856 2729 lioc
1908 2688 2010 2728 au-

423 2781 554 2835 tem,
582 2787 599 2820 ‹
636 2767 866 2823 clamavi
899 2765 964 2820 ad
993 2775 1066 2828 te,
1097 2773 1152 2819 et
1177 2765 1384 2820 sanasti
1413 2780 1518 2834 me,
1558 2785 1577 2818 ι
1613 2767 1858 2822 Ezechia:
1889 2768 2012 2838 qui-

422 2862 543 2915 dem
581 2859 861 2924 convenit,
915 2856 1215 2912 secundum
1264 2859 1577 2928 proximum
1628 2869 1683 2913 et
1720 2858 2008 2915 litteralem

424 2965 672 3020 sensum,
705 2953 955 3004 humanae
983 2965 1112 3004 vero
1142 2960 1354 3007 natura:
1379 2967 1487 3006 non
1520 2953 1616 3006 ita.
1649 2951 1838 3023 Neque
1862 2953 2008 3008 enim

426 3045 543 3114 ipsa
571 3042 739 3097 Deum
776 3043 1064 3112 deprecata
1093 3051 1199 3105 est,
1229 3059 1330 3098 nec
1369 3044 1440 3099 ab
1475 3044 1697 3099 interitu
1730 3044 2009 3100 liberatio-
2035 3077 2079 3140 ο

425 3151 551 3191 nem
591 3134 932 3205 postulavit:
979 3134 1130 3188 luctu
1188 3144 1368 3189 autem
1413 3143 1468 3189 et
1503 3134 1707 3204 ejulatu
1743 3139 2006 3192 continuo

426 3231 702 3295 utebatur,
751 3239 978 3282 mortem
1022 3227 1240 3297 quidem
1273 3228 1494 3295 videns,
1549 3230 2005 3285 resurrectionem

426 3339 558 3378 vero
587 3322 808 3377 minime
840 3329 1184 3390 exspectans.
1211 3321 1506 3391 Lacrymas
1536 3321 1700 3391 igitur
1737 3331 1792 3377 et
1824 3322 2003 3392 lletus,

426 3415 596 3486 quiin
628 3413 1014 3486 aegrotantibus
1043 3420 1097 3466 et
1118 3411 1480 3466 morientibus
1512 3414 1668 3477 llunt,
1701 3427 1800 3483 pro
1829 3413 2007 3484 preci-

429 3509 532 3562 bus
564 3507 766 3577 posuit,
789 3504 1238 3574 ‘ineXplicabilem
1265 3503 1359 3559 Dei
1391 3504 1782 3574 benignitatem
1821 3513 2008 3560 osten-

427 3599 564 3654 dens
593 3616 608 3653 :
642 3598 925 3668 quoniam,
961 3596 1082 3650 licet
1111 3611 1218 3651 non
1245 3604 1490 3661 vocatus,
1533 3596 1629 3652 sed
1661 3597 2007 3651 lamentatio-

429 3707 527 3748 nes
560 3701 766 3746 tantum
791 3689 999 3755 videns,
1025 3687 1280 3743 misertus
1301 3695 1387 3742 est
1417 3702 1605 3742 eorum
1637 3703 1756 3758 qua:
1785 3687 2004 3754 liehant,

426 3789 480 3834 et
517 3787 748 3834 mortem
802 3777 1017 3833 evertit.
1069 3775 1204 3830 Nam
1244 3784 1299 3830 et
1349 3776 1404 3830 in
1467 3777 1572 3832 hoe
1638 3777 1759 3832 loco
1815 3793 2006 3832 rursus

428 3871 595 3942 788
629 3879 857 3924 mortem
887 3868 1066 3921 lacum
1099 3866 1411 3937 appellavit.

497 4066 664 4123 Vens.
689 4065 742 4132 5,
773 4062 868 4121 03¢
903 4065 1124 4122 Psallite
1152 4065 1591 4133 Domino,sancti
1620 4069 1760 4139 ejus,
1791 4078 1844 4125 et
1876 4084 2007 4124 con-

426 4160 652 4215 ﬁtemini
689 4159 964 4214 memoriae
994 4161 1302 4218 sanctitatis
1332 4163 1473 4233 ejus.
1522 4163 1792 4230 Quoniam
1829 4162 1906 4216 ira
1950 4163 2005 4216 in

428 4251 797 4322 indignatione
829 4251 970 4321 ejus,
1005 4263 1060 4308 ct
1087 4253 1196 4309 vita
1234 4255 1289 4308 in
1331 4257 1612 4311 voluntate
1641 4257 1780 4327 ejus.
1821 4275 1838 4306 ι
1877 4254 2006 4310 Jure

427 4347 630 4401 sanctis
671 4347 932 4418 hymnum
983 4348 1394 4418 gratiarumque
1433 4353 1701 4406 actionem
1733 4351 2002 4407 attribuit.

2115 435 2308 506 ἑορτὴν
2335 435 2413 498 ὡς
2439 435 2586 496 sino;
2626 434 2890 504 μεγίστην
2913 436 3225 502 ἐπετέλεσε,
3251 435 3332 506 τῷ
3371 436 3493 506 Θεῷ
3522 437 3567 468 ⁸⁸
3601 438 3702 508 χά-

2117 544 2202 596 ριν
2225 526 2528 597 ὁμολογῶν,
2558 529 2644 583 ὅτι
2686 528 2784 580 καὶ
2814 527 2998 590 αὐτοῖς
3042 529 3355 600 ἐδωρήσατο
3396 529 3699 600 σωτηρίαν,

2115 619 2209 672 καὶ
2252 618 2345 672 τὸν
2386 618 2541 686 ἅγιον
2581 615 2747 671 αὐτοῦ
2787 617 2916 672 ναὸν
2954 617 3048 670 τοῦ
3085 617 3194 671 τῶν
3224 617 3498 687 πολεμίων
3526 619 3702 688 πυρὸς

2112 711 2508 783 ἠλευθέρωσεν.
2527 711 2746 784 Ἐπειδὴ
2776 711 2960 766 τοίνυν
2994 712 3286 779 ὲγκαινίων
3315 710 3478 781 ἐῴκει
3515 711 3585 765 τὰ
3611 729 3701 765 τε-

2113 803 2350 875 λούμενα
2379 804 2708 875 πανηγύρει,
2738 805 2966 868 εἰκότως
2994 803 3092 858 καὶ
3131 803 3334 873 ταύτην
3358 805 3576 869 ἐδέξατο
3603 805 3700 873 τὴν

2113 899 2447 968 ἐπιγραφήν.
2490 898 2688 953 Ἰστέον
2731 898 2933 967 μέντοι,
2985 897 3060 960 ὡς
3101 896 3181 967 τῷ
3230 896 3451 968 Ἐζεκίᾳ
3479 900 3621 951 κατά
3652 898 3698 928 “¹
3739 888 3746 908 ³

2113 987 2282 1040 τύπον
2314 988 2577 1057 ἁρμόττει
2602 1029 2620 1054 ,
2653 987 2802 1060 πάσῃ
2844 985 2901 1040 δὲ
2932 989 3001 1057 τῇ
3043 986 3203 1055 φύσει
3243 987 3357 1038 τῶν
3389 985 3696 1057 ἀνθρώπων

2114 1079 2234 1129 κατ’
2288 1077 2456 1147 αὐτὴν
2503 1077 2602 1147 τὴν
2649 1075 2928 1146 ἀλήθειαν.
2985 1076 3198 1145 Ὥσπερ
3249 1078 3295 1108 ⁸³
3336 1079 3448 1147 γὰρ
3487 1079 3699 1140 ἐκεῖνος

2115 1165 2316 1235 ὑψηλὸν
2350 1164 2735 1235 εἰσδεξάμενος
2767 1165 2814 1196 ⁸⁸
2851 1165 3103 1235 φρόνημα
3127 1181 3141 1197 ·
3191 1164 3350 1219 τοῦτο
3383 1165 3491 1236 γὰρ
3525 1167 3559 1235 ἡ
3589 1167 3699 1218 τῶν

2115 1259 2615 1331 Παραλειπομένων
2648 1257 2887 1324 ἐδίδαξεν
2924 1257 3164 1330 ἱστορία·
3199 1258 3293 1312 τοῦ
3327 1258 3563 1312 θανάτου
3601 1259 3701 1330 τὴν

2113 1350 2294 1422 ψῆφον
2329 1350 2572 1417 ἐδέξατο,
2611 1351 2796 1423 χάριτι
2827 1351 2884 1404 δὲ
2921 1350 3042 1422 θείᾳ
3075 1350 3340 1421 τετύχηκε
3379 1351 3481 1421 τῆς
3517 1351 3699 1420 ζωῆς·

2115 1442 2290 1505 οὕτως
2337 1443 2508 1515 ’Δδὰμ
2541 1446 2569 1497 ὁ
2603 1444 2926 1516 προπάτωρ,
2957 1443 3090 1508 Θεδς
3137 1443 3354 1497 ἔσεσθαι
3387 1443 3699 1514 προσδοκήε-

2117 1553 2238 1600 σας,
2270 1537 2367 1590 καὶ
2399 1538 2544 1608 μέγα
2586 1538 2633 1569 ⁸⁸
2667 1537 2810 1592 κατὰ
2849 1536 2942 1590 τοῦ
2994 1537 3352 1609 πεποιηκότος
3397 1536 3697 1608 φρονήσας,

2117 1629 2391 1700 παρεδόθη
2425 1628 2525 1700 μὲν
2553 1629 2805 1700 θανάτῳ·
2839 1632 2906 1702 τῇ
2937 1630 2995 1684 δὲ
3025 1629 3148 1701 θείᾳ
3179 1628 3564 1700 φιλανθρωπίᾳ
3595 1627 3698 1697 τῆς

2042 1717 2085 1772 Β
2114 1719 2464 1785 ἀναστάσεως
2493 1721 2707 1793 ἔτυχεν.

2185 1834 2252 1905 β’.
2284 1854 2302 1887 ε
2340 1834 2576 1905 ’Υψώσω
2602 1852 2685 1902 σε,
2719 1836 2916 1908 Κύριε,
2940 1837 3024 1890 ὅτι
3051 1835 3322 1900 ὑπέλαϐές
3348 1851 3446 1906 με·
3476 1835 3573 1888 καὶ
3599 1835 3702 1888 οὒκ

2113 1927 2391 1999 εὔφρανας
2422 1929 2551 1993 τοὺς
2594 1928 2823 2000 ἐχθρούς
2861 1947 2964 2000 μου
3003 1928 3091 1983 ἐπ’
3128 1929 3253 1998 ἐμέ.
3297 1947 3318 1980 ι
3363 1927 3561 1982 Λαϐὼν
3590 1930 3704 1997 γὰρ

2109 2021 2211 2092 τὴν
2244 2021 2524 2093 ἡμετέραν
2557 2022 2814 2094 ἀπαρχὴν
2841 2023 2870 2076 ὁ
2897 2022 3198 2090 Δεσπότης,
3223 2023 3402 2076 πᾶσαν
3430 2021 3500 2075 δι’
3526 2021 3704 2086 αὐτῆς

2111 2114 2213 2186 τὴν
2246 2113 2410 2183 φύσιν
2441 2113 2544 2184 τῆς
2575 2115 2853 2186 σωτηρίας
2892 2115 3118 2186 ἠξίωσε,
3146 2115 3241 2170 καὶ
3270 2114 3564 2185 ἐπίχαρτον
3602 2131 3701 2180 γε·

2112 2201 2301 2257 νέσθαι
2345 2205 2459 2269 τοῖς
2505 2201 2722 2274 ἐχθροῖς
2770 2205 2865 2260 καὶ
2911 2204 3198 2276 πολεμίοις
3243 2203 3344 2258 οὐκ
3378 2204 3533 2257 εἴασε
3579 2203 3703 2257 δαί-

2115 2309 2293 2363 μοσιν.

2181 2412 2254 2474 γ’,
2286 2405 2349 2460 δ’.
2396 2424 2416 2458 ε
2462 2405 2634 2479 Κύριε
2683 2409 2712 2462 ὁ
2758 2409 2890 2474 Θεός
2941 2428 3064 2482 μου,
3114 2411 3388 2482 ἐκέκραξα
3431 2412 3568 2483 πρὸς
3617 2413 3702 2475 σὲ,

2113 2498 2209 2552 καὶ
2255 2497 2393 2553 ίάσω
2433 2516 2524 2568 με.
2574 2500 2770 2566 Κύριε,
2797 2502 3075 2572 ἀνήγαγες
3105 2502 3167 2568 ἐξ
3209 2503 3334 2576 ᾅδου
3381 2503 3481 2574 τὴν
3513 2503 3703 2575 ψυχήν

2115 2603 2250 2660 μου·
2283 2588 2497 2653 ἔσωσας
2539 2608 2608 2661 με
2649 2592 2760 2646 ἀπὸ
2805 2593 2914 2646 τῶν
2964 2594 3406 2648 καταϐαινόντων
3444 2597 3524 2658 είς
3566 2595 3704 2649 λάκ-

2110 2697 2229 2735 κον.
2260 2699 2279 2733 ›
2301 2680 2488 2736 Ταῦτα
2513 2683 2618 2753 τῆς
2642 2683 2992 2755 ἀνθρωπίνης
3016 2685 3232 2755 φύσεως
3260 2685 3635 2756 διηγουμένης
3657 2688 3703 2718 ⁸⁸

2111 2773 2416 2845 ἀκούομεν·
2443 2775 2505 2829 τὸ
2537 2776 2742 2846 μέντοι,
2776 2795 2795 2828 ι
2832 2776 3136 2848 Ἐκέκραξα
3153 2777 3288 2848 πρὸς
3317 2778 3395 2839 σὲ,
3430 2779 3527 2832 καὶ
3563 2780 3704 2832 ἰάσω

2114 2883 2184 2936 με
2221 2867 2288 2935 ⁸⁷,
2320 2866 2398 2938 τῷ
2429 2869 2527 2938 μὲν
2565 2868 2786 2939 Ἐζεκίᾳ
2818 2870 3082 2940 ἁρμόττει
3108 2873 3248 2926 κατὰ
3275 2873 3366 2926 τὸν
3403 2873 3704 2943 πρόχειρον

2111 2957 2256 3024 νοῦν,
2290 2962 2357 3032 τῇ
2401 2960 2458 3014 δὲ
2492 2961 2812 3033 ἀνθρωπεία
2843 2962 2888 2994 ⁸⁸
2923 2962 3082 3031 φύσει
3124 2965 3223 3017 οὐκ
3269 2963 3371 3018 ἔτι.
3409 2965 3550 3016 υἰιτε
3585 2965 3705 3035 γὰρ

2111 3050 2249 3122 αὕτη
2299 3053 2344 3086 ⁸³
2393 3052 2485 3107 τὸν
2534 3053 2670 3108 Θεὸν
2723 3055 3003 3116 ἱκέτευσε,
3059 3057 3155 3109 καὶ
3201 3056 3301 3125 τῆς
3347 3056 3557 3127 φθορᾶς
3596 3057 3706 3127 τὴν

2109 3139 2425 3211 ἐλευθερίαν
2470 3141 2742 3214 ἐζήτησεν
2791 3145 2876 3176 "-
2915 3145 3169 3216 ὀδυρμοῖς
3221 3146 3274 3199 δὲ
3321 3147 3415 3200 καὶ
3465 3148 3702 3219 ὀλοφυρ-

2112 3233 2232 3301 μοῖς
2261 3232 2306 3264 ⁸¹
2351 3234 2606 3304 χρωμένη
2655 3234 2899 3300 διετέλει,
2932 3237 3025 3290 τὸν
3073 3238 3171 3309 μὲν
3204 3239 3435 3292 θάνατον
3483 3241 3702 3311 ὁρῶσα,

2107 3322 2206 3392 τὴν
2231 3321 2288 3376 δὲ
2321 3322 2617 3378 ἀνάστασιν
2643 3327 2706 3379 οὐ
2735 3328 3136 3398 προσμένουσα.
3162 3329 3244 3382 Τὰ
3268 3329 3482 3396 δάκρυα
3509 3333 3701 3386 τοίνυν

2052 3496 2056 3500 Δ
2107 3414 2202 3468 καὶ
2243 3416 2369 3480 τοὺς
2415 3415 2704 3488 ὀδυρμοὺς,
2756 3420 2880 3484 τοὺς
2916 3421 3008 3473 ἐπὶ
3055 3425 3166 3485 τοῖς
3201 3423 3548 3495 ἀρρωστοῦσι
3599 3427 3702 3479 καὶ

2106 3503 2397 3558 τελευτῶσι
2445 3507 2841 3577 γιγνομένους,
2882 3509 3130 3563 τέθεικεν
3178 3512 3297 3564 ἀντὶ
3353 3516 3697 3584 προσευχῆς,

2111 3597 2206 3668 τὴν
2234 3597 2439 3667 ἄφατον
2469 3598 2564 3652 τοῦ
2593 3599 2729 3654 Θεοῦ
2759 3602 3172 3674 φιλανθρωπίαν
3215 3607 3450 3673 δεικνὺς,
3487 3609 3570 3661 ὅτι
3604 3613 3704 3664 καί

2107 3702 2188 3738 τοι
2222 3687 2298 3758 μὴ
2345 3687 2703 3759 καλούμενος,
2740 3691 2856 3744 ἀλλ’
2883 3692 3027 3761 ὀρῶν
3065 3695 3227 3764 μόνον
3265 3696 3392 3760 τοὺς
3432 3697 3699 3768 θρήνους,

2107 3781 2341 3852 ᾤκτειρε
2389 3781 2460 3835 τὰ
2510 3783 2774 3854 γινόμενα
2825 3786 2892 3850 ⁵³,
2943 3787 3038 3840 καὶ
3091 3788 3180 3841 τδν
3228 3788 3458 3844 θάνατον
3509 3791 3697 3845 ἔλυσε.

2107 3871 2404 3925 Κάνταῦθα
2433 3872 2547 3944 γὰρ
2581 3874 2744 3927 πάλιν
2782 3875 2830 3908 ⁵⁸
2859 3877 3096 3932 λάκκον
3118 3878 3212 3942 τὸν
3241 3879 3474 3934 θάνατον
3518 3898 3702 3952 προσ-

2107 3965 2396 4037 ηγόρευσε.

2179 4085 2242 4146 ε’,
2288 4086 2364 4144 ς’.
2413 4099 2430 4132 ι
2476 4081 2698 4136 Ψάλατε
2745 4082 2824 4154 τῷ
2860 4084 3050 4155 Κυρίῳ
3091 4086 3140 4138 oi
3177 4087 3312 4140 ὅσιοι
3357 4087 3552 4154 αὑτοῦ,
3601 4091 3703 4146 καὶ

2109 4169 2519 4240 ἐξομολογεῖσθε
2567 4175 2633 4244 τῇ
2689 4175 2878 4246 μνήμῃ
2917 4175 2965 4208 ⁵⁸
2996 4175 3098 4247 τῆς
3141 4178 3452 4248 ἁγιωσύνης
3501 4181 3698 4238 αὖτοῦ.

2109 4260 2229 4314 Ὀτι
2261 4261 2398 4333 ὀργὴ
2431 4264 2476 4296 ⁸⁵
2504 4265 2563 4316 ἐν
2606 4263 2684 4336 τῷ
2712 4265 2869 4338 θυμῷ
2897 4268 3064 4322 αὐτοῦ
3086 4285 3100 4300 ·
3133 4271 3226 4322 καὶ
3255 4269 3368 4342 ζωὴ
3413 4273 3472 4324 ἐν
3501 4271 3580 4342 τῷ
3607 4275 3701 4327 οε-

2106 4351 2308 4424 λήματι
2336 4353 2528 4409 αὐτοῦ.
2568 4375 2586 4407 ι
2624 4357 2866 4422 Εἰκότως
2897 4359 2944 4392 ³⁸
2968 4364 3076 4424 τοῖς
3105 4362 3271 4427 ὁσίοις
3306 4365 3567 4434 ἀπονέμει
3599 4366 3699 4418 τὸν

426 4437 696 4504 Quoniam
737 4441 882 4494 enim
917 4441 1176 4494 omnibus
1205 4441 1522 4497 hominibus
1559 4443 1873 4514 resurgeudi
1912 4443 2006 4496 (In-

2116 4445 2300 4516 ὕμνον,
2330 4447 2424 4500 καὶ
2455 4448 2554 4520 τὴν
2595 4449 2886 4520 ὁμολογίαν
2919 4452 3012 4522 τῆς
3054 4453 3274 4525 χάριτος
3295 4470 3310 4484 ·
3355 4456 3543 4526 ἐπειδὴ
3578 4458 3698 4529 γὰρ

429 4545 557 4582 num
610 4529 839 4601 largitus
886 4537 992 4592 est,
1034 4544 1222 4584 verum
1279 4547 1389 4585 non
1437 4545 1629 4586 omnes
1680 4533 1782 4587 hac
1831 4533 2002 4601 gratia

425 4619 574 4689 digni
631 4630 782 4685 sunt,
819 4627 1184 4688 congruenter
1224 4621 1328 4677 hoc
1367 4622 1631 4678 benelicio
1669 4623 1865 4693 dignos
1907 4637 2002 4678 ca-

426 4711 618 4767 nendis
671 4711 888 4782 hymnis
925 4719 1232 4768 consecrat.
1286 4712 1460 4768 Porro
1520 4729 1684 4784 quam
1737 4715 1998 4786 Optimam

425 4801 587 4856 aliam
659 4801 980 4858 divisionem
1051 4800 1200 4857 fecit.
1252 4801 1392 4858 lram
1438 4805 1584 4860 enim
1643 4807 1998 4879 indignationi

499 4965 526 4995 ι
549 4955 590 5010 il
623 4955 801 5013 Paral.
834 4971 1008 5018 χχχιι,
1032 4955 1123 5009 ‘25.

2110 4536 2313 4590 ἅπασιν
2341 4537 2648 4610 ἀνθρώποις
2685 4541 2856 4594 ἔδωκε
2886 4543 2946 4595 τὸ
2974 4543 3076 4612 τῆς
3113 4546 3460 4607 ἀναστάσεως
3491 4548 3696 4619 δὼρον,

2106 4628 2167 4682 οὐ
2197 4628 2400 4693 πάντες
2421 4629 2478 4684 δὲ
2508 4631 2608 4700 τῆς
2629 4632 2850 4704 χάριτος
2875 4634 3037 4700 ἄξιοι,
3064 4635 3337 4709 ἁρμοδίως
3359 4639 3487 4702 τοὺς
3507 4639 3702 4706 ἀξίους

2106 4721 2188 4783 εἰς
2219 4720 2346 4784 τοὺς
2399 4722 2598 4792 ὕμνους
2647 4725 2885 4795 ἀφιεροῖ.
2936 4728 3191 4801 Ἀρίστην
3239 4731 3296 4785 δὲ
3342 4731 3539 4803 κομιδῆ
3595 4751 3703 4787 πει

2109 4813 2331 4884 ποίηται
2381 4816 2477 4868 καὶ
2521 4816 2623 4888 τὴν
2665 4817 2835 4890 ἀλλην
2872 4820 3174 4892 διαίρεσιν·
3221 4824 3321 4896 τὴν
3365 4826 3474 4896 γὰρ
3519 4827 3699 4898 ὀργὴν

1561 5116 1791 5175 νΑΒΙΑΞ
1834 5119 2218 5184 LECTIONES
2255 5127 2344 5184 ΕΤ
2383 5129 2614 5190 NOTAE.

495 5272 538 5304 “
703 5269 856 5360 Θεῷζ
872 5271 934 5360 in
962 5271 1083 5327 cod.
1198 5275 1418 5360 ponitur
1447 5281 1883 5360 ροειμεγίστην.
1958 5281 2002 5314 ⁸¹

2119 5288 2211 5342 τά.
2249 5286 2374 5360 eod.
2409 5292 2434 5345 ι
2470 5306 2659 5360 praem.

2695 5295 2816 5380 μέν.
2833 5368 2875 5380 η
2965 5296 3222 5380 ῘΩσπερ.
3253 5305 3454 5380 cod._2.
3471 5378 3480 5380 4
3499 5311 3694 5380 εἴπερ.

426 5340 473 5371 ⁸⁸
497 5343 618 5396 cod.
652 5343 674 5394 l
714 5341 1037 5406 εἰσεδέξατο.
1114 5342 1158 5378 ⁸³
1193 5340 1318 5399 cod.
1355 5345 1379 5398 1
1439 5340 1688 5416 μεγάλα(
1747 5340 2006 5421 ⁸⁶’Διηγοτ

427 5411 592 5450 “md
637 5411 656 5450 Ι
686 5411 998 5450 ἂνθηωτὸυπ
1096 5412 1141 5446 ιθ
1175 5415 1273 5450 mnl
1327 5416 1347 5450 ιι
1412 5419 1444 5450 ο)
1468 5419 1603 5450 λη’..ρά
1703 5422 1750 5450 lo
1780 5422 2006 5450 ’Df.'.-“.

427 5412 474 5515 ἒξ
493 5411 658 5467 cod.l
686 5411 1048 5499 ἀνθρωπίνῃ..
1096 5412 1141 5446 ⁸⁵
1175 5415 1296 5468 end.
1327 5416 1378 5477 l,
1412 5411 1450 5469 Ξ
1467 5411 1625 5490 αὕτη.
1703 5422 1750 5453 ⁵ο
1780 5411 2122 5488 Ἔζιῖὲησξςν.
2159 5411 2280 5482 cod.
2311 5411 2642 5501 ιῖξῆτῆςῖεῖὶζ

429 5517 459 5532 ..
483 5481 802 5543 γιγνόμενα.
893 5484 938 5516 ⁸³
961 5487 1176 5538 Halm.
1219 5486 1388 5541 Abest
1415 5503 1442 5540 a
1473 5490 1596 5543 cod.
1630 5489 1684 5543 2.
1762 5493 1808 5524 ⁵⁸
1835 5492 1934 5543 eod
1959 5494 1993 5543 2
2019 5495 2117 5543 τὴν
2151 5499 2396 5543 avsum-
2429 5487 2437 5502 ⁸
2497 5503 2542 5534 ω
2568 5506 2642 5543 ἠ

425 5492 459 5532 '2
483 5492 802 5549 γιγνόμενα.
893 5492 938 5516 ⁵³
961 5492 1176 5538 Πάλιν.
1219 5492 1388 5541 Abest
1415 5503 1442 5540 a
1473 5492 1596 5543 eod.
1630 5492 1684 5544 2.
1762 5493 1808 5524 ⁵⁸
1835 5492 1934 5546 eod
1959 5494 1993 5546 2
2019 5510 2049 5546 τ

423 5549 595 5605 Graeci
631 5567 815 5608 vocem
856 5565 964 5634 νῇ
1003 5557 1419 5622 transtulerunt,
1443 5559 1585 5614 unde
1622 5563 1861 5632 suspicio
1887 5565 2052 5618 oritur

425 5483 462 5561 ἓ
483 5481 802 5561 γιγνόμενα,

2053 5499 2117 5564 ὴν
2149 5499 2396 5567 μνήμην-

2058 5537 2112 5564 .,.
2149 5537 2396 5578 rum”...
2545 5564 2556 5576 _
2589 5537 2770 5576 υμι-ιι.
2839 5537 2916 5565 ιιίι
2959 5537 3073 5566 tere
3127 5537 3318 5571 ("nues
3359 5537 3696 5588 Interpretcs

2053 5581 2083 5628 ',
2120 5582 2214 5621 eos
2256 5571 2450 5640 legisse
2487 5583 2601 5665 τέἾ.
2633 5579 2910 5647 Aptiorem
2944 5599 3164 5638 sensum
3195 5589 3472 5655 expressit
3501 5589 3697 5646 Hiero-

2723 5437 2764 5516 ¹ξ¹
2789 5441 2910 5516 cod.
2951 5443 3001 5516 ί,
3027 5445 3060 5495 2
3085 5437 3401 5516 ὀλοφύρσει.
3480 5448 3528 5480 ⁸⁸
3559 5437 3692 5504 ἷόίΙ.

2839 5510 2916 5565 Ita
2959 5503 3073 5566 férc
3127 5503 3318 5571 omnes
3359 5503 3696 5588 interprmcs’

425 5670 640 5726 nymus,
670 5661 763 5731 qui
812 5662 994 5730 vertit,
1032 5664 1436 5718 admomemum
1465 5676 1540 5720 est
1580 5669 1662 5722 ira
1704 5679 1814 5725 tua.
1893 5671 1939 5702 ⁸⁸
1964 5671 2006 5722 E

2116 5689 2228 5740 τως
2253 5704 2319 5715 -
2352 5661 2601 5749 ἁριεέοῖ.
2647 5683 2774 5741 Des.
2817 5689 2955 5756 apud
2989 5690 3151 5745 Cord.
3187 5705 3236 5758 ιι.
3271 5692 3396 5750 505.
