3870 6322
568 395 698 460 1107

562 516 814 580 sidiatur,
843 531 941 570 nec
966 515 1131 570 verbo
1155 516 1318 582 lwdit,
1346 532 1445 572 net:
1472 519 1616 575 facto
1643 541 1654 575 ε
1685 521 1978 586 benefacit,
2009 538 2125 576 con-

2250 520 2561 589 ὑφαιρεῖται
2582 535 2594 547 ·

560 606 712 670 sulit,
763 606 889 659 aliis
935 607 1194 675 impertit,
1250 606 1516 674 defendit,
1567 610 1732 665 simul
1780 612 2140 681 periclitatur,

559 699 726 752 simul
764 706 958 752 certat.
993 697 1143 753 Talis
1173 700 1319 754 enim
1353 711 1435 756 est
1481 717 1609 757 vera
1639 705 1906 770 cbaritas,
1937 715 1992 759 et
2032 707 2144 759 sin-

557 806 681 845 cera
709 789 971 845 amicitia.
1006 790 1208 847 Deinde
1233 807 1425 848 rursus
1455 794 1650 850 horum
1681 794 1921 851 fructum
1960 809 2143 853 esten-

554 884 654 937 dit.
745 929 769 955 ,

630 1068 795 1124 Vsus.
829 1069 915 1124 16.
953 1088 971 1120 ι
1007 1070 1162 1125 Oculi
1197 1071 1417 1126 Domini
1448 1087 1616 1143 super
1648 1074 1854 1144 jnstos,
1893 1085 1948 1130 et
1976 1090 2138 1131 aures

553 1161 677 1228 ejus
713 1162 764 1214 in
808 1176 998 1230 preces
1027 1177 1217 1217 eorum
1243 1165 1486 1234 (intentae
1511 1169 1682 1236 sunt).
1724 1187 1742 1218 υ
1775 1167 1901 1234 Qui,
1937 1169 2137 1240 inquit,

557 1251 672 1306 haec
702 1252 928 1316 faciunt,
957 1269 986 1306 a
1019 1251 1256 1309 Domino
1287 1256 1397 1312 Deo
1429 1261 1823 1328 respiciuntur,
1865 1271 1916 1315 et
1942 1275 2101 1332 posto
2123 1295 2138 1304 -

557 1344 733 1398 iantes
781 1343 944 1409 bona,
980 1360 1111 1400 suas
1155 1348 1448 1417 petitiones
1500 1352 1772 1408 obtinent.
1822 1355 2028 1412 Deinde
2070 1375 2135 1412 ex

553 1436 835 1491 contrario
876 1453 999 1507 quae
1033 1438 1177 1495 dicta
1202 1451 1358 1496 erant
1391 1444 1700 1500 conﬁrmat.

627 1527 792 1583 Vens.
824 1529 910 1582 17.
955 1548 973 1581 ι
1013 1529 1211 1588 Vultus
1251 1545 1432 1589 autem
1459 1535 1676 1592 Domini
1723 1553 1893 1609 super
1929 1541 2136 1597 facien-

555 1628 637 1673 tes
670 1618 832 1682 tuala,
869 1628 927 1673 ut
968 1622 1160 1690 perdat
1204 1623 1269 1678 de
1303 1633 1443 1679 terra
1482 1629 1802 1682 memoriam
1854 1645 2068 1684 eorum.
2111 1651 2129 1683 ›

550 1711 763 1780 Aspicit
787 1753 800 1771 ,
831 1713 928 1779 ait,
969 1715 1135 1768 etiam
1189 1731 1305 1783 eos,
1339 1719 1433 1787 qui
1468 1720 1744 1775 contraria
1788 1723 2135 1778 committere

551 1805 776 1870 audent,
810 1814 863 1860 et
901 1807 1094 1862 mortis
1124 1811 1453 1864 sententiam
1477 1822 1670 1867 contra
1698 1813 1849 1884 ipsos
1883 1831 2130 1885 pronun-

551 1897 669 1951 tiat.

621 1987 789 2045 Vens.
822 1991 908 2055 18,
948 1992 1034 2047 19.
1093 2012 1112 2045 ι
1165 1993 1557 2053 Clamaverunt
1593 2001 1754 2069 justi,
1787 2012 1843 2057 et
1873 2004 2135 2061 Dominus

551 2081 837 2135 exaudivit
859 2097 976 2147 eos,
1005 2092 1142 2140 etex
1174 2088 1434 2143 omnibus
1461 2091 1912 2150 tribulationibus
1941 2112 2132 2151 eorum

552 2171 804 2227 liberavit
825 2190 939 2228 eos.
963 2175 1318 2247 Propinquus
1342 2191 1425 2234 est
1451 2182 1717 2240 Dominus
1763 2187 1847 2241 bis
1878 2188 1971 2258 qui
1997 2205 2132 2244 con-

549 2264 661 2318 triti
684 2275 814 2320 sunt
836 2267 1022 2332 corde,
1045 2279 1100 2324 et
1125 2269 1362 2327 humiles
1388 2273 1580 2342 spiritu
1608 2277 1866 2332 salvabit.
1893 2298 1911 2331 ι
1942 2280 2129 2347 Adest,

545 2355 752 2426 inquit,
790 2357 956 2428 justis
999 2361 1286 2429 Dominus,
1323 2375 1606 2430 et.eorunt
1659 2385 1850 2435 preces
1899 2371 2133 2428 libenter

544 2448 826 2504 admitlit:
863 2453 1136 2522 przecipue
1185 2467 1366 2510 autem
1409 2468 1566 2513 curat
1607 2475 1724 2525 eos,
1758 2463 1852 2531 qui
1886 2465 2128 2519 modesta

543 2548 674 2595 sunt
700 2553 899 2599 mente.
925 2542 1037 2599 llos
1065 2547 1210 2601 enim
1244 2548 1403 2603 corde
1439 2550 1609 2620 818
1633 2554 1888 2608 contritas
1914 2572 2131 2611 nuncu-

542 2637 712 2703 pavit.
755 2635 872 2692 Hoc
920 2648 1103 2692 autem
1156 2649 1208 2694 et
1250 2639 1332 2694 in"
1355 2641 1462 2696 alio
1493 2644 1706 2713 psalmo
1740 2647 1916 2702 dicit:
1957 2668 1975 2700 ι
2021 2650 2131 2704 Cor

540 2730 837 2785 contritum
870 2741 925 2786 et
950 2732 1300 2788 bumiliatum
1331 2737 1473 2793 Deus
1501 2753 1610 2792 non
1641 2739 1907 2810 despiciet
1933 2743 1983 2796 ἀ.
2036 2766 2054 2795 ι

616 2986 893 3058 Vsus.20,
926 2994 1019 3047 21.
1063 3015 1078 3046 ι
1127 2995 1308 3052 Multae
1353 3009 1480 3056 sunt
1515 3003 1902 3061 tribulationes
1945 3007 2127 3076 justo-

543 3096 688 3145 rum,
743 3085 836 3138 sed
878 3101 945 3140 ex
980 3089 1238 3144 omnibus
1284 3091 1373 3146 liis
1413 3093 1673 3151 liberabit
1701 3113 1797 3153 eos
1836 3099 2125 3157 Dominus.

1558 401 2054 462 TlIEODORETl
2094 399 2432 458 EPISCUPI
2474 401 2842 461 CYEIENSIS

2639 520 2702 572 ού
2753 517 3065 589 μιαιφονίας
3117 518 3456 589 κατατολμᾷ,
3514 517 3580 570 οὺ
3631 517 3824 585 γάμοις

2245 610 2610 672 ἐπιϐουλεύει,
2644 612 2704 664 οὐ
2753 612 2904 679 λέγει
2955 611 3165 674 κακῶς,
3213 612 3274 664 ού
3312 611 3546 679 πράττει
3601 610 3819 671 κακῶς·

2243 701 2552 772 εὐεργετεῖ,
2624 704 3027 773 προμηθεῖται,
3085 702 3432 772 μεταδίδωσι,
3507 704 3820 770 συνηγορεῖ,

2245 793 2672 860 συγκινδυνεύει,
2702 795 3159 862 συναγωνίζεται·
3205 791 3431 862 τοιαύτη
3466 792 3579 861 γὰρ
3607 794 3640 860 ἡ
3696 790 3822 842 εἰλι-

2243 887 2436 957 κρινὴς
2474 887 2666 957 ἀγάπη
2689 929 2703 951 ,
2743 889 2840 940 καὶ
2879 887 3078 957 γνησία
3114 885 3288 956 φιλία.
3334 881 3473 938 Εἶτα
3513 885 3681 938 πάλιν
3712 883 3817 936 δεί-

2244 996 2339 1032 κνυ
2349 997 2399 1031 σι
2424 979 2514 1034 τὸν
2545 981 2753 1032 τούτων
2785 979 3021 1047 καρπόν.

2316 1078 2410 1136 ις’.
2441 1090 2459 1121 ι
2514 1073 2811 1142 Ὅφθαλμοὶ
2859 1069 3064 1140 Κυρίου
3117 1067 3212 1119 ἐπὶ
3257 1067 3520 1132 δικαίους.
3563 1068 3661 1120 καὶ
3707 1061 3820 1120 ὦτα

2241 1163 2408 1217 αὑτοῦ
2443 1166 2525 1227 είς
2581 1165 2766 1236 δέησιν
2815 1163 3016 1216 αὐτῶν.
3077 1180 3094 1212 ι
3148 1160 3637 1214 Ἐποπτεύονται⁵¹
3691 1162 3818 1230 γὰρ,

2241 1260 2431 1326 φησιν,
2468 1260 2518 1310 oi
2547 1258 2721 1311 ταῦτα
2763 1258 3003 1328 δρῶντες
3028 1260 3135 1314 ὑπὸ
3172 1257 3268 1310 τοῦ
3325 1256 3600 1308 Δεσπότου
3646 1255 3783 1307 Θεοῦ
3805 1296 3819 1316 ,

2241 1352 2333 1404 καὶ
2388 1349 2668 1414 αἰτοῦντες
2735 1351 2918 1418 ἁγαθᾶ
2979 1353 3313 1422 τυγχάνουσι
3362 1349 3472 1402 τῶν
3523 1350 3815 1418 αἰτήσεων.

2243 1439 2476 1493 Ἔπειτα
2497 1439 2603 1492 ἀπὸ
2634 1440 2726 1492 τοῦ
2753 1442 2999 1493 ἐναντίου
3023 1441 3095 1495 τὰ
3119 1442 3391 1514 εἰρημένα
3421 1439 3711 1510 κρατύνει.

2311 1527 2397 1592 ιζ’.
2447 1547 2465 1579 ι
2505 1529 2802 1598 Πρὸσω-πον
2833 1529 2890 1582 δὲ
2925 1531 3129 1603 Κυρίου
3181 1533 3276 1584 ἐπὶ
3323 1532 3620 1592 ποιοῦντας
3651 1529 3818 1590 κακὲ,

2238 1617 2331 1670 τοῦ
2383 1617 2767 1689 ὲξολοθρεῧσαι
2809 1620 2873 1672 ἐκ
2910 1620 3012 1688 γῆς
3050 1621 3112 1672 τὸ
3154 1621 3502 1690 μνημόσυνον
3561 1619 3762 1672 αὐτῶν.
3795 1638 3812 1668 ι

2251 1709 2388 1781 ’0ρᾷ
2423 1711 2502 1774 δὲ,
2549 1713 2701 1782 φησὶ,
2739 1711 2834 1764 καὶ
2877 1712 3004 1774 τοὺς
3057 1714 3318 1766 τάναντία
3358 1712 3700 1782 τολμῶντας.
3729 1714 3817 1763 καὶ

2239 1802 2337 1874 τῆς
2377 1803 2752 1872 πανωλεθρίας
2785 1804 2906 1857 κατ’
2936 1805 3114 1859 αὐτῶν
3158 1805 3386 1876 ἐκφέρει
3415 1804 3514 1876 τὴν
3549 1806 3753 1876 ψῆφον.

2311 1994 2401 2057 ιη’,
2450 1987 2533 2040 ιθ’.
2582 2007 2600 2037 ι
2666 1987 3004 2059 Ἐκέκραξαν
3044 1988 3094 2041 οἱ
3139 1988 3362 2054 δίκαιοι,
3409 1988 3504 2040 καὶ
3541 1990 3570 2040 ὁ
3617 1987 3816 2056 Κύριος

2237 2080 2558 2149 εἰσήκουσεν
2583 2079 2764 2132 αὐτῶν
2786 2095 2802 2111 ο
2825 2080 2921 2132 καὶ
2940 2081 3004 2132 ὲκ
3031 2080 3224 2133 πασῶν
3251 2079 3360 2133 τῶν
3378 2079 3614 2148 θλίψεων
3640 2080 3818 2132 αὐτῶν

2235 2170 2506 2243 ἐρρύσατο
2553 2170 2771 2234 αὐτούς.
2835 2171 3035 2240 Ἐγγὺς
3094 2173 3300 2241 Κύριος
3347 2173 3459 2232 τοῖς
3490 2187 3818 2240 συντετριμο

2238 2264 2420 2334 μένοις
2453 2266 2519 2334 τῇ
2553 2263 2755 2335 καρδίᾳ
2787 2264 2855 2331 ³³,
2886 2264 2980 2318 καὶ
3009 2265 3137 2327 τοὺς
3178 2265 3472 2326 ταπεινοὺς
3522 2262 3602 2331 τῷ
3655 2263 3816 2314 πνεύ-

2237 2371 2366 2424 ματι
2407 2353 2593 2406 σώσει.
2628 2374 2646 2405 ι
2680 2354 2939 2424 [lapso-rt,
2973 2356 3127 2424 φησὶ,
3161 2357 3270 2416 τοῖς
3297 2353 3532 2416 δικαίοις
3559 2356 3585 2406 ὁ
3610 2355 3816 2406 Δεσπό-

2231 2461 2352 2513 της,
2383 2445 2600 2508 καὶτὰς
2651 2443 2853 2497 τούτων
2891 2445 3150 2514 ἀσμένως
3198 2445 3414 2514 δέχεται
3450 2447 3768 2515 προσευχὰς
3792 2463 3808 2476 ·

2232 2535 2597 2605 διαφερόντως
2653 2536 2711 2589 δὲ
2767 2535 2990 2606 κήδεται
3054 2537 3169 2589 τῶν
3233 2537 3440 2609 μετρίῳ
3505 2539 3812 2607 φρονήματι

2233 2628 2632 2698 κεχρημένωνο
2677 2627 2904 2691 τούτους
2930 2627 3042 2698 γὰρ
3071 2627 3146 2696 τῇ
3196 2628 3410 2696 καρδίᾳ
3457 2643 3812 2694 συντετριμ-

2225 2719 2453 2787 μένους
2509 2718 2755 2772 ὲκὰλεσε.
2819 2718 2991 2772 Τοῦτο
3039 2718 3096 2770 δὲ
3151 2720 3248 2771 καὶ
3309 2721 3367 2770 ὲν
3433 2717 3610 2787 ἑτέρῳ
3663 2715 3812 2783 λέγει

2230 2809 2429 2881 ψαλμῷ
2447 2810 2513 2843 ⁸⁸·
2573 2829 2591 2861 ι
2635 2810 2882 2882 Καρδίαν
2926 2808 3404 2881 συντετριμμένην
3429 2809 3528 2862 καὶ
3559 2825 3815 2860 τεταπει-

2230 2907 2482 2975 νωμένην
2508 2907 2535 2958 ὁ
2568 2904 2700 2966 Θεὸς
2728 2905 2829 2957 οὐκ
2853 2903 3226 2968 ὲξουδενὼσει.
3290 2924 3306 2955 ι

2300 3004 2372 3059 κ’,
2407 3003 2512 3050 κα’.
2554 3013 2571 3046 ι
2616 2994 2818 3048 Πολλαὶ
2849 2996 2904 3047 αί
2942 2995 3153 3064 θλίψεις
3186 2995 3296 3048 τῶν
3327 2995 3579 3058 δικαίων,
3612 2995 3709 3048 καὶ
3750 2996 3811 3048 ἐκ

2230 3090 2420 3142 πασῶν
2446 3087 2626 3143 αὐτῶν
2659 3088 2881 3157 ῥύσεται
2940 3087 3140 3151 αὐτοὺς
3197 3088 3224 3140 ὁ
3258 3087 3490 3155 Κύριος.
3544 3086 3809 3139 Φυλάσσει

541 3173 795 3228 Custodit
826 3175 1089 3234 Dominus
1111 3184 1294 3237 omnia
1327 3200 1453 3240 ossa
1478 3203 1694 3252 eorum,
1729 3207 1898 3246 unum
1931 3209 1997 3248 ex
2037 3196 2122 3250 his

2240 3184 2432 3251 Κύριος
2457 3183 2637 3235 πάντα
2660 3181 2729 3234 τὰ
2753 3181 2888 3233 ὀστᾶ
2917 3181 3120 3247 αὐτῶν,
3166 3182 3224 3234 ἓν
3263 3180 3322 3247 ἐξ
3354 3179 3534 3234 αὐτῶν
3579 3180 3642 3232 οὐ
3687 3195 3809 3232 συν-

542 3280 648 3317 non
679 3274 1016 3322 conteretur.
1059 3289 1077 3322 ›
1121 3269 1330 3328 Etenim
1371 3277 1502 3331 sinit
1529 3279 1748 3348 quidem
1771 3283 1930 3354 .ipsos
1961 3287 2014 3343 in
2041 3285 2121 3341 af-

539 3357 845 3412 ﬂictionnm
875 3361 1186 3429 palaestram
1220 3365 1574 3435 descendere,
1623 3375 1881 3430 subvenit
1913 3389 2121 3447 autem,

538 3459 593 3502 et
637 3450 1017 3520 ingruentium
1065 3457 1441 3516 calamitatum
1488 3465 1727 3522 victores
1761 3469 1957 3536 reddit,
1996 3488 2122 3528 cor-

541 3542 811 3598 roborans
842 3555 896 3600 ct
945 3548 1151 3603 solidas
1206 3552 1441 3610 reddens
1490 3571 1682 3612 eorum
1734 3563 2120 3632 cegitationes,

537 3649 677 3700 quas
721 3651 842 3690 ossa
886 3640 1200 3708 appellavit.
1239 3641 1311 3697 Ut
1345 3647 1490 3701 enim
1542 3664 1640 3718 per
1689 3668 1816 3708 ossa
1859 3664 2119 3728 tanquam

541 3726 714 3780 solida
746 3729 1018 3798 reliquum
1069 3749 1270 3804 corpus
1299 3749 1642 3796 sustentatur
1678 3764 1690 3799 :
1728 3746 1808 3800 sic
1840 3763 1936 3818 per
1970 3726 2120 3821 cogi-

536 3819 772 3876 tationes
801 3823 984 3877 anima
1015 3827 1246 3883 salutem
1282 3834 1658 3903 consequitur.

607 3996 771 4051 Vsus.
809 3999 898 4062 9:2,
934 4001 1023 4055 25.
1072 4021 1091 4054 ι
1152 4003 1297 4060 Mors
1341 4017 1690 4075 peccatorum
1729 4015 1893 4077 mala,
1933 4029 1987 4070 et
2025 4019 2118 4086 qui

533 4090 769 4144 oderunt
791 4092 1003 4160 justum
1031 4095 1373 4166 delinquent.
1409 4099 1660 4156 Redimet
1707 4102 1972 4163 Dominus
2000 4110 2120 4163 ani-

537 4195 654 4234 mas
687 4197 973 4238 servorum
1026 4201 1280 4252 suorum,
1327 4199 1382 4244 et
1415 4207 1522 4245 non
1567 4195 1893 4266 delinquent
1927 4215 2121 4256 omnes

533 4272 625 4337 qui
659 4285 879 4340 sperant.
930 4277 984 4329 in
1034 4293 1118 4331 eo.
1186 4297 1203 4329 ι
1262 4278 1366 4345 Qui
1401 4282 1564 4350 igitur
1616 4287 1833 4344 virtutis
1885 4291 2116 4347 studiosi

532 4375 682 4430 sunt,
719 4369 881 4421 tantis
906 4369 1065 4422 bonis
1097 4369 1372 4426 fruentur.
1407 4375 1510 4440 Qui
1538 4392 1665 4432 vero
1695 4380 1841 4436 vitiis
1872 4394 2001 4438 sunt
2027 4385 2120 4440 de-

531 4455 655 4520 diti,
690 4455 850 4510 linem
881 4459 1145 4527 recipient
1175 4476 1288 4515 sua:
1319 4463 1442 4516 vitae
1472 4478 1886 4537 congruentem,
1920 4484 1974 4528 et
2003 4492 2118 4529 ma-

2226 3277 2568 3346 τριεήσεται.
2613 3295 2630 3326 ι
2665 3275 2943 3344 Συγχωρεί
2980 3275 3079 3344 μὲν
3098 3274 3264 3345 γὰρ¹⁵⁵
3287 3274 3484 3335 αὐτοὺς
3508 3274 3588 3336 εἰς
3620 3272 3680 3325 τὸ
3705 3273 3811 3323 τῶν

2227 3368 2458 3437 θλίψεων
2497 3369 2743 3420 κατιέναι
2777 3368 3076 3438 γυμνάσιον
3100 3384 3114 3397 ·
3145 3369 3379 3437 ἐπαρκεῖ
3402 3365 3480 3426 δὲ,
3507 3366 3599 3417 καὶ
3626 3365 3809 3434 κρείτ-

2224 3475 2351 3520 τους
2386 3458 2679 3527 ἀποφαίνει
2699 3457 2809 3510 τῶν
2834 3456 3298 3528 προσπιπτουσῶν
3318 3454 3642 3525 συμφορῶν,
3669 3471 3810 3524 κραο

2223 3552 2398 3606 τύνων
2453 3550 2634 3604 αὐτῶν
2687 3549 2814 3612 τοὺς
2861 3548 3197 3619 λογισμοὺς,
3271 3547 3370 3600 καὶ
3400 3547 3445 3577 ⁵⁸
3514 3547 3810 3613 στεγανους

2224 3640 2802 3715 ἐργαζόμενοςοόστᾶ
2835 3641 2945 3711 γὰρ
2999 3641 3127 3704 τοὺς
3179 3637 3476 3707 λογισμοὺς
3499 3637 3543 3667 ⁸⁷
3601 3636 3809 3689 ἁπεκά-

2222 3735 2377 3787 λεσε·
2412 3735 2666 3804 καθάπερ
2697 3732 2804 3803 γὰρ
2841 3732 3012 3784 uno"
3058 3731 3167 3782 τῶν
3215 3729 3409 3793 ὀστῶν,
3438 3729 3513 3790 ὡς
3537 3729 3582 3759 ⁸⁹
3621 3743 3808 3796 στερε-

2227 3830 2417 3900 μνίων,
2475 3829 2534 3881 τὸ
2586 3828 2772 3880 λοιπον
2827 3826 3052 3896 φέρεται
3107 3825 3302 3894 σῶμα,
3364 3822 3509 3875 οὓτω
3565 3822 3657 3874 διὰ
3699 3821 3808 3874 τῶν

2223 3921 2501 3990 λογισμῶν
2531 3922 2562 3990 ἡ
2591 3918 2741 3988 ψυχὴ
2763 3921 2864 3988 τὴν
2895 3917 3175 3988 σωτηρίαν
3208 3916 3540 3986 καρποῦται.

2291 4011 2397 4083 κβ’,
2430 4019 2534 4078 κγ’.
2577 4028 2595 4060 ι
2634 4010 2877 4072 Θάνατος
2899 4011 2943 4040 ⁶⁰
3001 4009 3343 4080 ἁμαρτωλῶν
3396 4011 3671 4078 πονηρός·
3714 4011 3808 4062 καὶ

2220 4103 2271 4155 οἱ
2314 4102 2600 4173 μισοῦντες
2632 4102 2725 4154 τὸν
2753 4101 2964 4154 δίκαιον
3004 4101 3522 4172 πλημμελήσουσιν.
3579 4101 3802 4172 Λυτρὼ·

2222 4213 2376 4248 σεται
2403 4195 2607 4266 Κύριος
2625 4194 2803 4264 ψυχὰς
2843 4192 3050 4246 δούλων
3083 4192 3274 4257 αὑτοῦ,
3299 4194 3395 4246 καὶ
3422 4194 3483 4246 οὐ
3521 4195 3595 4263 μὴ
3621 4195 3805 4262 πλημο

2223 4289 2517 4359 μελήσουσι
2572 4288 2773 4350 πάντες
2825 4288 2872 4340 ol
2917 4286 3228 4350 ἐλπίζοντες
3287 4286 3381 4337 ἐπ’·
3414 4285 3598 4338 αὐτόν.
3659 4306 3676 4336 ι
3741 4285 3805 4337 (ti

2223 4381 2322 4450 μὲν
2359 4379 2451 4432 οὖν
2503 4379 2602 4446 τῆς
2640 4379 2841 4448 ἀρετῆς
2878 4379 3107 4448 ἐρασταὶ
3150 4378 3193 4408 ει
3242 4375 3520 4429 τοσούτων
3573 4376 3803 4442 ἀγαθῶν

2219 4471 2618 4524 ἀπολαύσουσιν
2641 4470 2704 4524 ⁸³.
2726 4473 2788 4523 Οἱ
2804 4471 2860 4523 δὲ
2885 4470 3121 4541 πονηρίᾳ
3142 4469 3413 4532 συζῶντες
3431 4471 3692 4538 προσφυὶ
3716 4469 3802 4521 δέ-

530 4546 616 4602 los
664 4563 844 4602 mores
885 4549 1062 4603 maltts
1114 4551 1239 4605 linis
1269 4554 1287 4572 ⁶
1323 4555 1659 4611 terminabit.
1708 4561 1982 4621 Caeterum
2020 4569 2114 4638 qui

2240 4565 2404 4629 ξονται
2430 4562 2527 4633 τὴν
2558 4562 2815 4634 τελευτὴν
2854 4565 2922 4634 τῇ
2969 4561 3166 4633 Coiﬁ“,
3203 4563 3298 4616 καὶ
3327 4563 3574 4631 πονηρᾶς
3618 4562 3803 4631 βιοτῆς

531 4637 702 4692 Deum
740 4640 920 4698 colere
952 4650 1283 4706 statuerunt,
1330 4645 1528 4714 quique
1570 4665 1719 4719 spem
1759 4669 1914 4711 suam
1961 4661 2016 4715 in
2040 4637 2116 4717 ﬁco

529 4727 892 4796 collocarunt,
931 4731 1000 4784 ab
1030 4731 1152 4799 ipso
1181 4733 1412 4788 salutem
1446 4751 1850 4809 consequentur
1872 4761 1885 4800 :
1909 4751 2116 4821 quippe

529 4821 623 4889 qui
653 4820 951 4877 noluerunt
983 4823 1195 4892 penitus
1225 4825 1541 4896 delinquere
1573 4832 1624 4886 in
1651 4834 1794 4906 leges
1826 4839 1895 4895 ab
1914 4857 1979 4897 eo
2010 4820 2112 4913 po-

531 4908 662 4963 sitas
675 4948 691 4964 .

561 5195 772 5276 flPsal.
806 5215 858 5265 ι.,
893 5202 978 5258 17.

2223 4655 2458 4727 πονηρὸν
2489 4655 2642 4708 ἔσται
2675 4654 2736 4708 τὸ
2765 4655 2936 4716 τέλος.
2973 4657 3036 4707 Οἱ
3070 4655 3126 4706 δὲ
3175 4653 3268 4707 τοῦ
3320 4653 3456 4706 Θεοῦ
3499 4653 3601 4724 τὴν
3637 4653 3802 4722 θερα-

2222 4751 2381 4802 πείαν
2407 4749 2674 4817 ἑλόμενοι,
2700 4748 2792 4799 καὶ
2811 4747 2908 4818 τὴν
2934 4748 3016 4810 εἰς
3039 4747 3202 4800 αὑτὸν
3229 4746 3416 4800 ἐλπίδα
3443 4747 3800 4816 κτησάμενοι,

2218 4847 2316 4912 τῆς
2346 4845 2476 4914 παρ’
2500 4841 2666 4895 αὐτοῦ
2710 4839 2992 4903 τεύξονται
3018 4840 3296 4910 σωτηρίας
3328 4857 3342 4870 ·
3376 4839 3474 4892 ἆτε
3521 4839 3588 4908 δὴ
3618 4841 3801 4909 πλημ-

2232 4938 2465 5006 μελῆσαι
2498 4934 2778 4997 παντελῶς
2809 4935 2886 4998 εἰς
2927 4934 3054 4998 τοὺς
3083 4933 3174 4986 ὑπ’
3209 4932 3374 4986 αὐτοῦ
3416 4933 3676 4996 τεθέντας
3703 4933 3803 4984 οὐκ

2221 5029 2584 5100 ἀνασχόμενοι
2611 5027 2828 5097 νόμους.

1663 5421 1900 5478 νΑιιιΑς
1941 5425 2326 5482 LECTIONES
2369 5428 2454 5481 ΕΤ
2496 5425 2729 5482 NOTAE.

615 5571 662 5604 ⁵³
691 5573 812 5627 cod.
849 5574 884 5628 ἲ
946 5577 1362 5637 ὑποπτεύονται.

523 5643 644 5698 cod.
669 5642 703 5695 2
731 5644 844 5700 καί.

525 5711 577 5776 1,
607 5713 642 5765 ι).
670 5715 784 5768 ἐπί.

520 5785 752 5838 malitia.
795 5785 870 5841 Ita

521 5853 908 5910 ἀπολαύουσιν.

885 5718 930 5749 ⁵³
968 5719 1083 5784 Ὡς.
1126 5718 1317 5794 cod!
1347 5718 1557 5794 ὥσπερ.

917 5805 1136 5858 quoque
1175 5789 1369 5858 Syrus.

987 5858 1032 5888 ⁸³
1054 5859 1176 5916 cod.
1201 5860 1235 5912 9..
1278 5861 1378 5931 τῆς
1417 5861 1582 5934 ζωῆς.

946 5584 1362 5637 ὑποπτεύονται.
1439 5585 1485 5617 ⁸³
1515 5584 1642 5639 llec.
1679 5587 1840 5640 lectio
1896 5588 1951 5641 Ιι.
1986 5589 2020 5640 l.
2052 5598 2136 5641 est
2162 5587 2261 5658 τὴν
2299 5587 2547 5654 καρδίαν.

919 5649 964 5677 ⁸⁸
995 5651 1101 5694 Ῐίηλ
1131 5680 1200 5689 —
1232 5652 1617 5694 inmanius-vnn
1661 5660 1760 5694 nml
1815 5657 1848 5694 9
1883 5658 2008 5694 ann.
2043 5658 2135 5694 ντί
2259 5657 2302 5688 ³⁷
2339 5658 2456 5694 ΙἿιη
2475 5675 2540 5694 τη

993 5651 1101 5702 Καὶ
1131 5680 1200 5689 -
1232 5652 1635 5720 ἐργαζόμενος.
1661 5660 1782 5710 cod.
1815 5657 1850 5710 ‘2
1883 5658 2008 5710 ὅθεν
2043 5667 2125 5710 κα4

993 5722 1083 5784 Ως.
1126 5723 1248 5795 cond.
1283 5723 1317 5774 2
1347 5722 1557 5795 ὥσπερ.
1658 5727 1702 5756 ⁶⁰
1738 5725 2005 5792 Θάνατος
2031 5758 2099 5766 -

2259 5657 2302 5688 ⁵⁷
2334 5651 2456 5723 Ιίὰρ
2475 5657 2616 5722 τοὺς
2641 5660 2771 5723 Jay.
2816 5656 2940 5709 Des.
2975 5657 3026 5708 in
3063 5659 3181 5708 coal.
3219 5656 3274 5710 2.
3375 5659 3422 5688 ⁸³
3463 5659 3633 5711 ’Υ.τό.
3675 5651 3794 5714 rod.

2240 5727 2413 5793 ηρός.
2446 5725 2609 5780 Hebr.
2661 5739 2780 5788 .‘t'j‘t
2813 5729 2940 5788 υιζῨἾ
2981 5737 3181 5784 nmizn
3243 5725 3539 5795 Inlcrﬁcict
3600 5729 3798 5780 malum

1444 5793 1826 5862 σιἾΕρασ-τιιί,
1864 5797 1986 5850 cod.
2028 5798 2048 5850 1
2091 5800 2125 5864 ἐγ

2240 5815 2345 5860 ται,
2386 5797 2623 5866 ascripta
2676 5805 2856 5849 tatnen
2893 5797 3122 5851 lectione
3177 5798 3370 5851 al:era.

2625 5589 2671 5619 ”
2703 5585 2945 5650 Ψαλμῷ.
2981 5586 3147 5640 Abest
3181 5601 3209 5638 a
3270 5587 3395 5640 cod.
3435 5587 3490 5641 ‘2.
3571 5590 3618 5622 "
3653 5588 3791 5654 Pri-rt.

2259 5657 2302 5688 "
2334 5658 2456 5723 Γὰρ
2475 5657 2616 5722 τοὺς
2641 5660 2771 5723 Jay.
2816 5656 2940 5709 Des.
2975 5657 3026 5708 in
3063 5659 3181 5708 coal.
3219 5656 3274 5710 2.
3375 5659 3422 5688 ⁸³
3463 5659 3633 5711 ’Υ.τό.
3675 5663 3794 5714 rod.

3450 5801 3496 5830 ”
3527 5802 3647 5856 coJ.
3687 5799 3730 5860 ι,
3767 5798 3802 5856 2.
