3870 6322
456 342 593 410 1119

1442 352 1931 415 THEODORETI
1970 356 2311 419 EPISCOPI
2348 360 2718 423 CYliENSIS

3586 361 3723 427 1120

447 464 501 518 In
536 463 676 516 hanc
710 460 876 531 igitur
907 460 1271 518 differentiam
1313 464 1685 537 inspicientes,
1716 472 2009 540 cognoscin

2132 491 2246 537 τοις
2277 475 2370 529 καὶ
2396 478 2424 528 ὁ
2455 476 2597 539 θεῖος
2654 476 2982 539 Ἀπόστολος
3010 475 3112 548 ἔφη
3136 494 3150 509 °
3207 494 3224 525 ι
3279 476 3597 546 Εὑλογεῖτε,
3631 487 3725 536 καὶ

444 555 574 626 quid
631 555 733 624 legi
770 563 1055 624 congruat,
1094 556 1224 625 quid
1259 559 1470 628 gratiae.
1525 559 1790 616 Praeterea
1836 564 2028 620 beatus

444 648 609 703 David
641 634 1115 706 non-maledicens
1151 652 1269 707 haec
1311 653 1472 719 dixit,
1520 655 1614 711 sed
1646 658 2029 726 prophetantis

442 754 594 795 more
638 738 891 809 prmdixit
934 755 999 795 ea
1052 755 1175 809 qua)
1205 747 1364 812 piane
1416 745 1598 803 futura
1656 757 1803 800 sunt.
1869 748 2026 814 Quod

438 840 622 886 autem
653 840 706 885 et
753 831 918 898 idem,
953 834 1253 889 secundum
1291 835 1561 904 Evangelii
1595 838 1788 908 legem,
1823 839 2026 908 injuria

438 921 744 979 allicientes
774 940 881 978 non
916 925 1064 987 ullus
1095 926 1187 987 sit.
1240 928 1423 980 audite
1473 928 1650 997 ipsam
1699 929 1970 985 dicentem
2009 949 2022 984 :

443 1034 464 1068 ι
510 1015 567 1071 Si
617 1017 826 1071 reddidi
879 1018 1305 1073 retribuentibus
1355 1020 1489 1073 mihi
1542 1022 1722 1086 mala,
1771 1022 2023 1079 decidam

441 1109 642 1164 merito
686 1110 755 1163 ab
789 1108 1031 1164 inimicis
1073 1111 1210 1166 meis
1244 1126 1484 1177 vacuus;
1519 1125 1878 1182 persequatur
1920 1118 2025 1170 ini-

440 1199 614 1255 micus
661 1201 900 1253 animam
951 1216 1147 1262 meam.
1186 1212 1240 1257 et
1289 1204 1734 1273 comprehendat,
1789 1218 1842 1262 et
1886 1222 2022 1262 con-

433 1292 611 1345 culcet
630 1291 800 1361 828
822 1293 875 1346 in
912 1301 1055 1346 terra
1082 1295 1252 1348 vitam
1287 1310 1484 1355 meam.
1514 1307 1567 1351 et
1592 1298 1819 1366 gloriam
1846 1313 2022 1354 meam

436 1381 490 1432 in
523 1381 801 1449 pulverem
831 1380 1132 1436 deducat".
1184 1401 1202 1433 ι
1240 1381 1429 1454 Neque
1461 1401 1591 1441 vero
1628 1386 1769 1440 dixit
1797 1389 2021 1457 quidem

435 1472 571 1530 haec,
632 1484 740 1522 non
780 1468 1005 1538 perfecit
1062 1482 1245 1525 autem
1286 1490 1300 1527 :
1336 1475 1432 1529 sed
1489 1478 1650 1530 verha
1707 1478 1774 1532 ad
1813 1481 2020 1533 exitum

435 1562 708 1627 perduxit,
742 1572 796 1617 et
847 1563 1111 1619 clariores
1156 1576 1286 1620 sunt
1336 1582 1424 1623 res
1460 1569 1590 1638 ipsa:
1634 1586 1799 1641 quam
1831 1572 2017 1627 verba.

434 1649 523 1706 llis
553 1651 700 1705 enim
752 1640 993 1721 quidem,
1029 1670 1154 1709 cum
1197 1657 1408 1710 hostem
1451 1640 1725 1728 captivum
1777 1667 2021 1736 accepis-

431 1751 535 1806 set,
571 1757 680 1797 non
709 1745 869 1799 modo
900 1746 1079 1813 ipsum
1104 1762 1209 1800 non
1239 1749 1457 1813 occidit,
1490 1766 1677 1805 verum
1700 1755 1867 1809 etiam
1897 1772 2014 1821 eos,

431 1835 524 1902 qui
559 1836 868 1890 interﬁcere
908 1838 1180 1902 volebant,
1218 1841 1499 1908 prohibuit
1535 1861 1548 1892 :
1584 1852 1749 1914 atque
1784 1847 1837 1900 in
1883 1864 2022 1917 prae-

318 1961 320 1964 μ
432 1928 927 1982 liooccumbentem
949 1945 1133 1984 amare
1163 1930 1330 1998 ﬂevit,
1377 1943 1431 1987 et
1464 1949 1613 2001 eum,
1655 1938 1748 2008 qui
1788 1949 2015 1996 mortem

431 2017 718 2082 mimiavit,
768 2027 1028 2088 tanquam
1075 2023 1428 2091 gaudentem,
1471 2036 1524 2081 et
1569 2029 1886 2097 juveniliter
1931 2035 2015 2101 ja-

426 2117 662 2163 ctantcm
699 2126 758 2165 se
804 2111 957 2166 illum
1019 2114 1312 2182 occidisse,
1363 2127 1543 2173 morte
1587 2122 1855 2177 multavit.
1892 2122 2015 2180 llaec

426 2210 606 2255 autem
640 2204 887 2272 persequi
925 2214 1150 2261 coactus
1183 2206 1257 2260 fui
1298 2209 1370 2263 ob
1417 2209 1541 2264 illos
1582 2211 1677 2281 qui
1710 2214 2017 2282 imprecan-

427 2304 535 2358 tur,
577 2307 631 2347 et
668 2294 912 2349 divinum
951 2297 1211 2353 Davldem
1260 2299 1314 2353 in
1352 2302 1590 2355 medium
1624 2304 1926 2372 proferunt,
1957 2316 2015 2362 ut

427 2401 678 2455 attagnam
724 2386 944 2444 Davidis
984 2391 1388 2461 philosophiam
1445 2395 1699 2450 utilitatis
1731 2398 2017 2467 exemplar

422 2476 680 2533 habeant.
1807 2494 1813 2501 '

800 2653 1079 2711 lNTEliP.
1123 2657 1373 2715 PSALMI
1413 2660 1631 2718 XXXV.

494 2767 659 2826 Vens.
692 2771 742 2826 1.
795 2790 814 2822 ι
872 2771 927 2824 ln
970 2773 1170 2839 tinem,
1226 2790 1386 2830 servo
1447 2775 1663 2832 Domini
1713 2778 1922 2835 Davidi.
1985 2801 2003 2834 ι

419 2861 650 2926 Quando
677 2862 899 2918 divinus
932 2863 1098 2919 David
1136 2865 1176 2932 ι,
1224 2866 1439 2922 Saulem
1473 2871 1743 2940 captivum
1776 2874 2005 2942 habens,

423 2968 529 3004 non
561 2952 740 3006 solum
774 2954 889 3023 ipse
913 2958 929 2977 ‘
958 2971 1065 3009 non
1097 2957 1393 3025 interemit,
1425 2975 1614 3014 verum
1645 2962 1809 3016 etiam
1839 2966 2009 3021 inter-

420 3044 590 3098 imere
637 3055 900 3102 conantes
931 3048 1249 3116 prohibuit,
1294 3053 1468 3118 prima
1499 3054 1619 3109 lucc
1663 3055 1719 3109 in
1768 3057 2006 3125 quodam

2133 565 2210 637 μὴ
2253 568 2584 637 καταρᾶσθε.
2639 587 2657 619 ι
2710 568 2801 631 Εἰς
2846 568 3056 639 ταύτην
3088 569 3269 622 τοίνυν
3315 567 3415 640 τὴν
3456 569 3728 642 διαφορὰν

2130 653 2548 720 ἀποϐλέποντες,
2585 657 2759 723 γνῶτε
2812 658 2863 711 τε
2908 659 3008 728 μὲν
3048 659 3310 729 ἁρμόττει
3336 660 3415 730 τῷ
3450 660 3629 731 νόμῳ,
3673 663 3726 714 τί

2128 742 2186 797 δὲ
2216 747 2281 815 τῇ
2327 746 2534 817 χάριτι.
2572 748 2781 811 ’Ἄλλως
2825 766 2883 801 τε
2933 749 2989 802 δὲ
3040 750 3137 803 καὶ
3171 750 3200 801 ὁ
3240 751 3515 823 μακάριος
3556 752 3729 805 Δασὶδ

2128 834 2228 885 οὐκ
2272 834 2630 904 ἐπαρώμενος
2684 836 2855 889 ταῦ.α
2902 838 3109 905 ἔλεγεν,
3164 838 3304 891 ἀλλὰ
3356 841 3726 912 προφητικῶς

2128 924 2395 994 προῦλεγε
2448 928 2518 979 τὰ
2567 927 2788 990 πάντως
2833 928 3090 997 ἐσόμενα.
3140 928 3264 982 Ὅτι
3314 929 3370 982 δὲ
3417 931 3515 982 καὶ
3557 930 3723 993 αὐτὸς

2126 1017 2270 1069 κατὰ
2294 1017 2393 1087 τὴν
2435 1018 2799 1090 εὖαγγελικὴν
2827 1022 3150 1091 νομοθεσίαν
3181 1024 3284 1076 οὐκ
3311 1022 3561 1093 ἠμύνατο
3593 1023 3723 1087 τοὺς

2126 1106 2471 1172 ἀδικοῦντας.
2530 1110 2803 1163 ἀκούσατε
2842 1111 3009 1165 αὑτοῦ
3038 1112 3311 1179 λέγοντος·
3350 1133 3369 1165 ι
3411 1113 3476 1166 El
3506 1114 3722 1167 ἀνταπ-

2126 1199 2307 1252 έδωκα
2336 1203 2446 1264 τοῖς
2480 1202 2894 1257 ἀνταποδιδοῦσὶ
2929 1220 3020 1272 μοι
3041 1204 3206 1269 κακὰ,
3238 1204 3575 1274 ἀποπέσοιμι
3613 1205 3722 1276 ἄρα

2124 1290 2233 1342 ἀπὸ
2286 1290 2394 1344 τῶν
2453 1292 2665 1364 ἐχθρῶν
2719 1312 2824 1364 μου
2891 1295 3080 1361 κενὸς,
3134 1294 3469 1361 καταδῐώξαι
3519 1295 3632 1367 ἄρα
3693 1296 3722 1348 6

2123 1381 2318 1452 ἒχθρδς
2340 1383 2439 1454 τὴν
2481 1386 2664 1456 ψυχήν
2690 1404 2815 1456 μου,
2848 1389 2945 1442 καὶ
2977 1388 3299 1452 καταλὰὅοι,
3330 1390 3425 1442 καὶ
3461 1405 3719 1442 καταπαο

2122 1472 2287 1540 τήσαι
2330 1472 2376 1504 ’³³
2404 1476 2485 1536 εἰς
2514 1475 2619 1544 γῆν
2660 1475 2759 1546 τὴν
2803 1478 2952 1548 ζωήν
2999 1496 3128 1549 μου,
3157 1480 3252 1532 καὶ
3285 1479 3387 1548 τὴν
3420 1477 3585 1543 δόξαν
3616 1496 3718 1548 μου

2122 1563 2203 1622 εἰς
2244 1562 2375 1632 χοῦν
2411 1566 2845 1636 κατασκηνώσαι
2886 1568 2955 1623 ⁸ο.
3009 1587 3029 1620 ι
3077 1570 3190 1623 Καὶ
3219 1569 3321 1623 οὐκ
3369 1565 3492 1621 εἷπε
3528 1568 3631 1638 μὲν
3671 1568 3714 1602 ⁸³

2120 1650 2315 1714 ταῦτα,
2342 1654 2444 1708 οὐκ
2474 1654 2678 1725 ἔπραξε
2720 1658 2779 1711 δέ
2801 1676 2816 1691 ι
2849 1660 2964 1724 τοῖς
3009 1658 3118 1731 γὰρ
3147 1659 3193 1690 ⁸⁸
3226 1659 3407 1727 λόγοις
3448 1658 3512 1713 τδ
3544 1659 3718 1730 πέρας

2121 1742 2358 1816 ἐπέθηκε
2385 1746 2452 1810 ⁸³,
2482 1748 2578 1801 καὶ
2616 1750 2933 1820 σαφέστερα
2974 1752 3086 1805 τῶν
3130 1754 3396 1823 ῥημάτων
3438 1753 3511 1806 τὰ
3537 1755 3716 1824 πράγ-

2128 1853 2294 1905 ματα.
2330 1839 2425 1903 Δὶς
2483 1840 2583 1910 μὲν
2609 1841 2720 1912 γὰρ
2744 1845 3058 1915 ὑποχείριον
3084 1844 3269 1899 λαϐὼν
3302 1846 3394 1898 τὸν
3424 1846 3714 1916 πολέμιον,

2117 1930 2178 1982 οὐ
2222 1931 2382 2000 μόνον
2412 1934 2576 1997 αὐτὸς
2605 1936 2706 1988 οὐκ
2747 1937 2982 2001 ἀνεῖλεν,
3016 1937 3153 1991 ἀλλὰ
3200 1938 3296 1991 καὶ
3322 1940 3451 2001 τοὺς
3497 1939 3715 1992 ἀνελεῖν

2090 2019 2481 2092 -βουληθέντας
2530 2024 2836 2079 ἐκώλυσεν·
2870 2026 2928 2079 ὲν
2971 2026 3195 2099 πολέμῳ
3242 2029 3297 2082 δὲ
3344 2030 3589 2082 πεσόντα
3629 2048 3713 2083 πι-

2117 2110 2268 2180 κρῶς
2296 2110 2619 2183 ὠλοφύρατο
2651 2113 2721 2183 ⁸δ,
2771 2118 2864 2170 καὶ
2893 2117 2985 2169 τὸν
3016 2120 3373 2189 μεμηνυκότα
3415 2120 3509 2173 τὸν
3542 2119 3709 2174 Odru-

2116 2216 2227 2265 τον,
2257 2200 2333 2264 ὡς
2360 2202 2692 2275 ἐφηδόμενον
2732 2208 2828 2259 καὶ
2857 2209 3196 2278 ἀνῃρηκέναι
3227 2211 3710 2282 νεανιευσάμενον,

2114 2289 2191 2359 τῷ
2217 2290 2436 2363 θανάτῳ
2463 2296 2818 2366 παρέπεμψε.
2847 2298 3035 2351 Ταῦτα
3059 2299 3115 2352 δὲ
3143 2300 3437 2367 διεξελθεῖν
3456 2303 3708 2371 ἠναγκά-

2117 2384 2255 2453 σθην
2278 2384 2367 2438 διὰ
2398 2387 2526 2449 τοὺς
2570 2389 2984 2459 ἐπαρωμένους,
3018 2392 3114 2445 καὶ
3146 2392 3238 2445 τὸν
3266 2392 3410 2447 θεῖον
3437 2395 3605 2447 Δαϐὶδ
3633 2397 3713 2458 εἰς

2118 2472 2284 2539 μέσον
2311 2476 2681 2545 παράγοντας,
2712 2478 2800 2533 ἵνα
2835 2478 2932 2550 τὴν
2969 2480 3236 2552 μεγίστην
3278 2483 3373 2535 τοῦ
3405 2484 3571 2537 Δασὶδ
3622 2502 3711 2555 ιρι-

2113 2562 2375 2633 λοσοφίαν
2404 2568 2714 2638 ἀρχέτυπον
2746 2569 2945 2639 ἔχωσιν
2973 2572 3265 2642 ὠφελείας.

2428 2678 2692 2735 EPMllN.
2735 2683 2873 2736 ἸῸΥ
2912 2685 3015 2738 ΛΕ⁹
3056 2686 3376 2742 ΨΛΛΜΟΥ.

2184 2797 2257 2842 α’.
2303 2810 2322 2843 ι
2369 2793 2464 2856 Εἰς
2488 2793 2549 2844 τὸ
2577 2794 2750 2860 τέλος,
2784 2795 2860 2867 τῷ
2885 2796 3058 2868 δούλῳ
3086 2801 3316 2870 Κυρίου,
3360 2801 3438 2873 τῷ
3459 2803 3651 2857 Δαϐίδ.
3682 2825 3701 2857 ι

2126 2881 2322 2937 Ἠνίκα
2348 2884 2439 2936 τὸν
2461 2886 2633 2939 Σαοὺλ
2654 2889 2681 2939 ὁ
2710 2887 2852 2952 θεῖος
2880 2889 3046 2943 Δαϐὶδ
3072 2891 3251 2945 λαϐὼν
3281 2894 3623 2966 ὑποχείριον,
3646 2898 3708 2951 οὐ

2115 2974 2277 3045 μόνον
2308 2975 2469 3038 αὐτὸς
2495 2977 2541 3007 ⁸⁸
2575 2977 2674 3031 οὐκ
2701 2978 2911 3033 ἀνεῖλεν
2941 2979 3008 3046 ⁸⁸,
3056 2981 3191 3035 ἀλλὰ
3219 2985 3314 3037 καὶ
3342 2985 3471 3047 τοὺς
3495 2987 3709 3043 ἀνελεῖν

2114 3065 2482 3137 πειραθέντας
2513 3066 2805 3135 ἐκώλυσεν,
2835 3071 3056 3142 ἡμέρας
3083 3076 3405 3147 γενομένης,
3434 3079 3529 3131 ἐπί
3560 3098 3709 3145 τινος

418 3147 602 3191 monte
654 3142 1008 3207 constitutus,
1075 3142 1325 3212 ohjnrgat
1367 3143 1612 3211 Saulem,
1662 3157 1715 3201 et
1771 3149 2006 3218 injustas

2116 3160 2423 3230 ἀκρωρείας
2466 3162 2783 3229 γενόμενος,
2833 3142 3227 3235 ἐπιμέμφεται
3251 3142 3581 3237 ’τῷ-Σαούλπ
3612 3142 3707 3228 καί

416 3228 736 3284 inimicitias
765 3231 1067 3301 redarguit,
1105 3233 1516 3302 demonstrans,
1538 3239 1684 3307 quod
1731 3252 1890 3296 nocte
1920 3242 2001 3313 ip-

416 3338 539 3377 sum
592 3324 951 3378 dormientem
990 3325 1292 3393 inveniens,
1333 3343 1440 3381 non
1488 3338 1546 3382 ut
1581 3330 1789 3385 hostem
1831 3333 2000 3388 inter-

416 3416 626 3482 fecerit,
662 3418 756 3475 sed
813 3428 870 3471 ut
926 3416 1231 3472 beneﬁcum
1280 3420 1577 3474 servaverit
1620 3440 1632 3474 :
1671 3433 1725 3476 et
1767 3425 2001 3481 ostendit

415 3527 569 3565 oram
619 3510 944 3580 chlamydis,
980 3520 1033 3564 ct
1076 3513 1343 3582 scyphum
1391 3526 1567 3582 aqua},
1633 3524 1686 3570 ct
1729 3516 2000 3585 lanceam,

413 3617 577 3670 quam
612 3602 679 3657 ad
714 3602 1202 3657 demonstrandam
1235 3603 1313 3658 rei
1358 3605 1639 3660 veritatem
1671 3620 1998 3678 sumpserat.

411 3697 492 3750 Ad
528 3695 642 3750 haec
682 3693 814 3750 Saul
850 3696 1153 3765 respondit,
1196 3696 1378 3753 verbis
1412 3706 1573 3753 utens
1624 3699 1999 3755 benevolentia

412 3788 697 3856 coloratis,
731 3796 787 3843 et
817 3787 1075 3842 amicitiae
1107 3802 1401 3858 personam
1444 3804 1555 3859 pm
1587 3806 1645 3846 se
1679 3789 1998 3847 ferentibus.

411 3880 680 3950 Apposuit
735 3888 916 3934 autem
969 3880 1135 3935 etiam
1195 3880 1542 3941 sermonibus
1586 3881 1999 3951 jusjurandum,

414 3971 788 4039 ptenitentiam
856 3971 1144 4027 simulans.
1211 3970 1366 4028 Tunc
1419 3970 1588 4041 829
1636 3972 1800 4042 igitur
1857 3973 2003 4028 hunc

412 4064 684 4132 psalmum
722 4065 916 4118 beatus
952 4063 1114 4119 David
1163 4063 1321 4130 dixit,
1352 4080 1621 4120 accusans
1651 4080 1748 4121 eos
1774 4067 1864 4134 qui
1902 4066 2003 4120 ini-

412 4172 519 4223 que
585 4157 817 4225 vivunt,
852 4164 909 4212 et
963 4155 1058 4211 Dei
1112 4157 1509 4227 providentiam
1581 4174 2003 4229 quoquoversus

413 4252 807 4322 pertingentem
855 4253 1179 4321 praedicans.
1222 4253 1536 4309 Admiscuit
1579 4266 1762 4309 autem
1821 4254 2003 4311 verbis

412 4344 745 4413 theologiam
785 4353 840 4400 et
870 4346 1233 4415 prophetiam.
1272 4345 1483 4401 Idcirco
1516 4354 1570 4401 et
1613 4347 1898 4418 inscriptio
1947 4349 2003 4401 in

413 4436 573 4504 ﬁnem
622 4436 943 4491 transmittit
969 4436 1255 4490 lectorem.

487 4603 652 4660 Vens.
685 4605 742 4661 2.
785 4626 802 4657 ι
835 4607 977 4662 Dicit
1010 4607 1250 4678 injustus
1282 4606 1424 4676 apud
1452 4622 1533 4671 sc,
1567 4618 1623 4661 ut
1654 4609 1987 4681 delinquat.»

414 4699 596 4763 Putat,
631 4700 832 4769 inquit,
869 4701 1091 4755 malitiae
1119 4701 1398 4767 alumnus,
1419 4702 1633 4757 occulta
1656 4704 1775 4773 cjus
1798 4706 1996 4762 anima

413 4793 645 4848 consilia
674 4794 948 4849 neminem
979 4794 1203 4848 intueri.
1235 4792 1370 4847 Nam
1398 4795 1549 4859 dicit,
1603 4812 1700 4865 pro
1749 4813 1814 4852 eo
1848 4801 1992 4869 quod

414 4895 500 4939 est
528 4887 803 4940 existimat
851 4895 906 4941 et
950 4886 1224 4953 opinatur,
1262 4887 1442 4957 posnit
1486 4906 1500 4941 :
1536 4886 1661 4942 Non
1708 4899 1786 4944 est
1836 4891 1997 4945 timor

416 4976 515 5031 Dei
548 4988 672 5032 ante
702 4978 883 5032 oculos
914 4976 1053 5046 ejus.
1085 4974 1257 5032 Porro
1281 4991 1446 5033 causa
1470 4977 1637 5048 hujus
1665 4980 1998 5050 stupiditatis

418 5185 443 5235 lt
478 5182 632 5253 Psal.
664 5203 760 5264 vn,
787 5186 841 5254 5,
874 5187 928 5244 ϐ.
1007 5187 1027 5226 ι
1060 5188 1079 5241 l
1120 5189 1254 5262 Reg.
1284 5207 1427 5255 xxiv,
1457 5190 1481 5243 l
1521 5205 1672 5260 seqq.

2099 3253 2200 3322 τῆς
2230 3252 2555 3322 δυσμενείας
2571 3254 2784 3326 ἐλέγχει
2815 3256 2877 3310 τὸ
2905 3258 3094 3312 ἄδικον
3113 3275 3127 3288 ·
3156 3260 3429 3315 διδάσκων
3453 3264 3530 3329 ὡς
3563 3266 3703 3320 καθ-

2100 3342 2323 3396 εύδοντα
2342 3343 2559 3415 νύκτωρ
2582 3346 2782 3415 εὑρὼν,
2812 3348 2912 3419 οὐχ
2933 3350 3009 3413 ὡς
3030 3351 3288 3420 πολέμιον
3309 3354 3545 3421 ἀνεῖλεν,
3575 3358 3699 3410 ἀλλ’

2101 3433 2177 3496 ὡς
2195 3435 2491 3506 εὐεργέτην
2524 3437 2750 3494 διέσωσε
2770 3456 2783 3469 ο
2805 3441 2901 3495 καὶ
2920 3442 3161 3496 δείκνυσι
3186 3444 3248 3499 τὸ
3275 3448 3572 3517 πτερύγιον
3593 3451 3695 3520 τῆς

2100 3524 2385 3590 διπλοΐδος.
2406 3527 2500 3580 καὶ
2521 3527 2611 3582 τὸν
2627 3531 2797 3599 φακὸν
2808 3532 2903 3586 τοῦ
2923 3533 3135 3600 ὕδατος,
3152 3537 3244 3589 καὶ
3261 3537 3323 3590 τὸ
3337 3537 3488 3608 δόρυ,
3506 3539 3700 3612 ε5περ⁸⁷

2102 3619 2469 3684 εἰςάπόδειξιν
2492 3621 2705 3694 εἰλήφει
2721 3625 2820 3694 τῆς
2836 3624 2946 3678 τῶν
2975 3627 3237 3698 ῥημάτων
3254 3629 3532 3700 ἀληθείας.
3556 3634 3701 3704 Πρὸς

2102 3708 2273 3760 ταῦτα
2311 3710 2340 3762 ὀ
2385 3711 2555 3765 Σαοὺλ
2592 3713 2951 3784 ἀπεκρίνατο,
2982 3718 3192 3787 ῥήμασι
3212 3721 3566 3792 χρησάμενος
3597 3742 3694 3778 κε-

2102 3800 2443 3871 χρωσμένοις
2465 3803 2511 3835 ⁸⁸
2534 3804 2741 3876 εὐνοίᾳ,
2760 3806 2929 3861 καὶτὸ
2958 3810 3057 3878 τῆς
3072 3809 3118 3842 ⁸⁸
3136 3810 3321 3879 φιλίας
3348 3819 3699 3885 προσωπεῖον

2104 3892 2537 3963 περικειμένοις.
2586 3895 2948 3965 Προστέθεικε
2991 3898 3049 3953 δὲ
3079 3902 3193 3965 τοῖς
3232 3902 3412 3971 λόγοις
3458 3907 3557 3959 καὶ
3604 3910 3699 3979 δρ-

2104 4001 2255 4052 κους,
2291 3986 2639 4056 σκηψάμενος
2670 3990 2716 4022 ”
2751 3993 3138 4064 μεταμέλειαν.
3174 3990 3494 4067 Τηνικαῦτα
3514 4003 3697 4055 τοίνυν

2102 4076 2194 4131 τὸν
2233 4077 2449 4149 ψαλμὸν
2512 4081 2705 4137 τοῦτον
2744 4085 2773 4137 ὁ
2807 4085 3080 4156 μακάριος
3116 4088 3161 4120 ’ί
3211 4088 3316 4160 ἔφη
3350 4091 3535 4156 Δασὶδ,
3570 4111 3699 4148 κατ-

2107 4170 2341 4239 ηγορίαν
2366 4170 2688 4241 ποιούμενος
2710 4174 2820 4230 τῶν
2861 4179 3101 4251 πονηρίᾳ
3139 4180 3445 4249 συζώντων,
3473 4186 3574 4238 καὶ
3597 4187 3696 4257 τὴν

2105 4257 2195 4313 διὰ
2225 4260 2447 4315 πάντων
2480 4262 2775 4335 διήκουσαν
2805 4268 2900 4321 τοῦ
2927 4269 3062 4324 Θεοῦ
3108 4274 3453 4344 προμήθειαν
3482 4277 3692 4347 ἀνακη-

2105 4347 2350 4418 ρύττων’
2386 4351 2611 4424 ἀνέμιξε
2654 4354 2711 4409 δὲ
2772 4358 2865 4411 καὶ
2895 4359 3178 4429 θεολογίαν
3219 4364 3337 4426 τοῖς
3371 4364 3557 4435 λόγοις
3600 4370 3692 4422 καὶ

2105 4440 2446 4511 προφητείαν
2466 4458 2479 4471 ⁸
2506 4439 2567 4498 οὗ
2591 4444 2655 4516 δὴ
2681 4447 2842 4517 χάριν
2872 4450 2965 4503 καὶ
2998 4453 3031 4520 ἡ
3062 4453 3347 4527 ἐπιγραφὴ
3375 4458 3465 4523 εὶς
3498 4458 3566 4512 τὸ
3598 4456 3689 4512 τέ-

2095 4533 2209 4595 λος
2241 4533 2606 4606 παραπέμπει
2636 4537 2728 4591 τὸν
2756 4540 3184 4613 ἐντυγχάνοντα.

2174 4625 2237 4695 β’.
2291 4646 2310 4679 ι
2335 4629 2503 4695 Φησὶν
2533 4630 2561 4681 ὁ
2595 4632 2909 4704 παράνομος
2954 4636 3049 4690 τοῦ
3083 4640 3421 4712 ἁμαρτάνειν
3464 4644 3525 4697 ἐν
3559 4646 3689 4701 ἑαυ-

2099 4714 2198 4785 τῷ.
2231 4736 2250 4769 ι
2298 4718 2504 4785 Οίεται,
2539 4723 2725 4793 φησιν,
2769 4727 2798 4778 ὁ
2826 4727 2997 4798 κακίᾳ
3030 4730 3531 4803 συντεθραμμένος,
3584 4753 3688 4807 μη-

2099 4807 2227 4862 δένα
2260 4808 2487 4879 θεωρεῖν
2519 4815 2622 4884 τῆς
2650 4816 2829 4888 ψυχῆς
2870 4820 3036 4874 αὐτοῦ
3077 4821 3146 4874 τὰ
3177 4827 3538 4895 κεκρυμμένα
3568 4826 3690 4897 βου-

2098 4898 2427 4970 latinam".
2474 4904 2550 4959 Τὸ
2592 4908 2723 4978 γὰρ,
2774 4911 2991 4979 φησιν,
3029 4913 3150 4967 ἀντὶ
3194 4913 3288 4968 τοῦ
3320 4916 3553 4986 ἡγεῖται
3596 4920 3689 4973 καὶ

2102 4992 2516 5065 ὑπολαμϐάνει
2544 4998 2810 5057 τέθεικεν.
2842 5006 2966 5058 Οὐκ
2998 5004 3131 5060 ἔστι
3161 5007 3348 5077 φόϐος
3378 5011 3533 5067 Θεοῦ
3578 5013 3689 5068 ἀπ·

1514 5346 1746 5405 νΑιιιιΕ
1782 5351 2167 5410 LECTIONES
2208 5354 2296 5409 ET
2331 5354 2560 5413 ΝΟΤᾹΞ.

480 5491 537 5525 ’⁷³
568 5491 690 5569 cod.
717 5491 1181 5569 ελιαταπαλιξήσειἶ
1237 5566 1252 5569 Α
1283 5496 1331 5569 ’ξ
1363 5496 1487 5569 cod.
1510 5498 1543 5552 5
1567 5499 2006 5569 κατασκηνώσει.

2109 5504 2153 5535 ⁸⁸
2184 5504 2620 5576 οοά.2-μέντοι.
2702 5507 2751 5539 ⁸⁸
2781 5505 2916 5572 Τοῖς
2964 5505 3096 5576 γάρ.
3131 5504 3253 5561 cod.
3280 5504 3317 5559 2
3350 5506 3490 5560 ἀλλὰ
3547 5509 3677 5571 τοῖς.

412 5560 465 5607 ⁸³
497 5560 680 5646 coit}
708 5561 938 5646 τέθεικε.
1008 5560 1063 5646 ’ξί
1083 5566 1205 5646 cod.
1230 5566 1266 5619 2
1290 5566 1604 5646 ὀλοφύρετο.
1683 5569 1731 5646 ff
1752 5560 2009 5646 [ltitng

2116 5582 2155 5629 it
2178 5589 2206 5627 a
2235 5560 2426 5646 cod.2:
2502 5575 2549 5609 ”
2568 5560 3323 5645 'ArsTJsr.cod:2'ﬂp6varo.
3400 5576 3446 5608 δ’
3479 5560 3677 5646 Ὄπερ.

623 5633 787 5727 ἅπερ.
862 5632 1059 5727 “Leod.
1089 5637 1110 5689 Ι
1149 5632 1606 5727 ὲκελρξρσμένοις.
1682 5639 1729 5672 ⁸⁸
1762 5639 1835 5727 1:6
1852 5632 1936 5727 τ’
1958 5643 2422 5727 περικειμέζοις.-
2462 5632 2652 5727 cod.
2707 5646 2787 5717 τῷ
2811 5677 2878 5689 --
2901 5632 3231 5727 προσωπείῳ
3280 5632 3675 5727 περικειμένῄ

418 5701 466 5778 '_°
494 5702 617 5778 c_od_.
671 5704 709 5758 2
738 5701 1125 5778 σκεψάμενος.

423 5772 785 5857 βουλεύματα.

1230 5705 1621 5777 πΜαὶιάριος.
1699 5711 1821 5767 cod.
1879 5710 1915 5764 2
1949 5705 2143 5782 μέγας.

2250 5715 2295 5747 ⁸³
2323 5715 2447 5771 cod.
2508 5717 2532 5772 1
2590 5717 2659 5771 τὰ
2716 5715 3080 5790 κεκρυμμένα
3137 5715 3236 5787 τῆς
3286 5715 3470 5788 ψυχῆς
3508 5715 3675 5771 αὐτοῦ
