3870 6318
114 232 249 296 1125

1452 232 1532 293 IN
1566 232 1768 297 PSAL
1811 236 2077 297 XXXVI.

3249 247 3385 313 1126

176 337 268 394 ια’.
310 356 327 390 ι
359 338 694 411 Παράτεινον
723 336 784 391 τὸ
813 336 957 400 ἔλεός
992 355 1085 392 σου
1108 343 1221 402 τοῖς
1244 340 1573 408 γινώσκουσί
1601 357 1689 395 σε·

1876 341 2042 399 Vens.
2081 344 2133 399 ll
2152 383 2165 397 .
2199 361 2217 395 ι
2244 341 2524 400 Protende
2547 345 2985 403 misericordiam
3013 358 3160 404 tuam
3192 351 3260 406 ad
3283 361 3384 408 eos

103 431 197 486 καὶ
244 430 337 500 τὴν
377 429 732 500 δικαιοσύνην
777 448 873 484 σου
908 434 1025 495 τοῖς
1066 431 1252 487 εὐθὲσι
1299 436 1367 504 τῇ
1414 434 1631 506 καρδίᾳ.
1672 452 1692 486 ι

105 521 391 592 Τοιγάρτοι
422 519 686 592 διηνεκῶς
711 523 812 592 τῆς
850 521 1061 593 ἡμέρου
1094 539 1186 577 σου
1218 523 1314 577 καὶ
1350 523 1570 588 δικαίας
1600 542 1699 596 με-

100 616 257 679 τάδος
289 615 644 686 κηδεμονίας,
670 615 772 685 τῆς
786 615 831 648 ³³
856 615 1191 686 θεογνωσίας
1218 618 1565 689 ἠξιωμένοις,
1603 618 1699 672 καὶ

102 710 283 779 ἁγαθά
338 710 606 781 πράττειν
668 711 1152 782 προαιρουμένοις.
1206 711 1531 784 Ἀμφότερα
1585 716 1697 785 γάρ

103 806 226 875 περὶ
260 802 369 855 τῶν
406 803 589 855 αὐτῶν
614 804 830 874 εἴρηκε,
868 803 1009 857 κατὰ
1033 805 1149 857 τὸ³⁸
1180 806 1382 859 οἰκεῖον
1408 805 1604 878 ἰδίωμα
1628 810 1694 878 τῇ

102 895 362 966 διαιρέσει
388 895 763 967 χρησάμενος.
806 897 882 951 Οὐ
921 898 1032 969 γὰρ
1068 898 1265 962 ἄλλους
1290 898 1438 968 λέγει
1463 900 1589 962 τοὺς
1619 901 1698 953 εἰ·

103 988 251 1051 δὸτας
299 987 483 1050 αὐτδν,
531 988 727 1052 ἄλλους
772 988 830 1042 δὲ
854 989 982 1053 τοὺς
1021 989 1199 1055 εὐθεῖς
1219 993 1285 1060 τῇ
1316 991 1530 1062 καρδίᾳ,
1573 991 1696 1045 οὐδὲ

104 1082 209 1144 τοῖς
257 1083 357 1150 μὲν
412 1080 506 1133 τὸν
567 1081 739 1144 ἔλεον,
798 1084 914 1145 τοῖς
948 1082 1007 1135 δὲ
1060 1081 1160 1154 τὴν
1215 1083 1561 1154 δικαιοσύνην
1604 1084 1694 1149 ἐξ-

103 1173 386 1244 ῄτησενπ·
419 1173 556 1226 ἀλλὰ
599 1174 699 1244 τὴν
721 1173 936 1226 τελείαν
978 1174 1178 1246 ἀρετὴν
1203 1176 1260 1228 ὲν
1305 1174 1531 1246 ἀληθέσι
1568 1176 1692 1243 δόγ-

106 1286 233 1341 μασι
307 1268 404 1321 καὶ
470 1267 796 1339 πράγμασιν
818 1267 863 1297 ³⁵
902 1265 1129 1335 ἀγαθοῖς
1177 1268 1525 1338 ὁρισάμενος,
1580 1272 1693 1333 τοῖς

104 1360 301 1429 ταύτην
348 1362 710 1432 κεκτημένοις
752 1359 846 1414 τὸν
889 1359 1040 1414 ἔλεον
1081 1362 1176 1415 καὶ
1210 1361 1309 1432 τὴν
1348 1361 1694 1434 δικαιοσύνην

105 1453 446 1524 ἐπήγγειλεν.

169 1545 255 1617 ιβ’,
290 1550 383 1615 ιγ’.
431 1565 450 1596 ι
481 1545 574 1616 Μὴ
612 1544 815 1600 ἐλθέτω
843 1562 936 1617 μοι
977 1545 1112 1610 ποῦς
1152 1545 1553 1618 ὑπερηφανίας,
1599 1547 1693 1600 καὶ

104 1639 216 1710 χεὶρ
249 1636 582 1709 ἀμαρτωλοῦ
617 1637 693 1710 μὴ
718 1637 1019 1712 σαλεύσῃ⁸⁷
1044 1654 1133 1708 με.
1168 1637 1320 1691 Ἐκεῖ
1341 1636 1537 1691 ἔπεσον
1557 1638 1693 1693 πάν-

103 1748 186 1793 τες
202 1730 247 1763 ⁸⁸
284 1731 337 1783 οί
368 1727 733 1801 ἐργαζόμενοι
776 1728 875 1802 τὴν
912 1729 1179 1801 ἀνομίαν·
1221 1728 1558 1798 ἐξώσθησαν,
1595 1729 1691 1784 καὶ

102 1825 158 1876 οὐ
197 1823 270 1894 μὴ
307 1822 577 1876 δύνωνται
617 1822 830 1893 στῆναι,
863 1840 883 1873 ι
938 1822 1012 1875 Τὸ
1050 1841 1068 1873 ι
1093 1822 1244 1875 Ἐκεῖ
1266 1821 1462 1875 ἔπεσον
1490 1823 1690 1887 πάντες

102 1918 147 1969 oi
187 1915 550 1987 ἐργαζόμενοι
590 1915 687 1986 τὴν
731 1916 961 1985 ἀνομίαν
981 1916 1048 1981 ⁸⁸,
1082 1933 1100 1968 ι
1128 1916 1156 1968 6
1182 1915 1477 1986 Σύμμαχος
1517 1914 1690 1980 οὕτως

101 2009 445 2079 ἡρμήνευσεν
464 2023 478 2036 ο
510 2007 705 2061 Ὅπου
736 2007 1072 2062 πίπτουσιν
1092 2010 1146 2061 οἱ
1172 2007 1546 2078 ἐργαζόμενοι
1574 2007 1691 2077 τὴν

103 2101 374 2170 ἀνομίαν,
422 2098 715 2153 ὠθοῦνται
762 2099 862 2153 καί
907 2100 980 2153 οὐ
1029 2098 1400 2168 δυνήσονται
1444 2099 1683 2169 στῆναι.

103 2193 242 2244 Δίτεί
260 2192 320 2244 δὲ
351 2194 379 2244 6
404 2193 692 2263 προφήτης
713 2190 814 2261 τῆς
836 2190 1052 2261 φύσεως
1075 2192 1142 2244 τὰ
1172 2191 1347 2261 μέτρα
1376 2191 1683 2261 φυλάττειν,

104 2284 312 2354 καὶτῆς
363 2284 578 2348 εὐθείας
607 2282 728 2336 ὁδοῦ
767 2284 842 2352 μὴ
885 2282 1385 2355 παρατραπῆναι¹⁵⁰
1426 2285 1548 2346 ταῖς
1577 2282 1686 2336 τῶν

103 2374 434 2446 παρανόμων
455 2374 771 2437 ἐπιϐουλαῖς
793 2392 809 2406 ο
844 2374 941 2429 ἅτε
978 2374 1043 2446 δὴ
1076 2372 1362 2443 γινώσκων
1396 2375 1495 2445 τῆς
1528 2376 1684 2429 ἐναν-

102 2468 212 2530 τίας
237 2466 366 2519 ὀδοῦ
394 2466 455 2519 τὸ
495 2466 667 2530 τέλος.
691 2467 755 2520 OE
778 2465 886 2537 γὰρ
910 2467 992 2529 είς
1026 2468 1226 2531 ἐκεῖνο,
1263 2468 1418 2536 φησὶ,
1448 2466 1686 2521 καταπί-

104 2558 342 2622 πτοντες,
367 2559 671 2628 ἀναστῆναι
701 2556 889 2609 λοιπὸν
921 2557 1013 2609 καὶ
1053 2557 1135 2620 είς
1167 2556 1266 2628 τὴν
1304 2557 1501 2627 ἑτέραν
1554 2556 1684 2628 δρα-

106 2652 214 2720 μεῖν
245 2651 306 2703 οὐ
362 2649 704 2718 δυνήσονται.
746 2650 969 2713 Τούτοις
1013 2648 1159 2702 ἔοικε
1206 2648 1276 2702 τὰ
1318 2648 1589 2720 εἰρημένα
1628 2649 1686 2701 ὲν

102 2740 171 2810 τῷ
197 2741 343 2812 ἕκτῳ
384 2738 618 2811 ψαλμῷο
666 2757 685 2789 ι
713 2739 837 2793 ’Ότι
877 2740 979 2793 οὐκ
1023 2740 1171 2793 ἔστιν
1203 2741 1262 2795 ὲν
1294 2740 1376 2811 τῷ
1418 2740 1632 2811 θανάτῳ
1658 2742 1686 2793 6

104 2833 453 2905 μνημονεύων
492 2849 587 2886 σου
614 2848 627 2861 ⁸
679 2834 736 2887 ὲν
775 2832 834 2886 δὲ
870 2832 949 2903 τῷ
984 2832 1085 2906 ᾄδῃ
1114 2834 1198 2898 τίς
1229 2833 1686 2905 ἐξομολογήσεταί

104 2943 225 2991 σοι;
268 2947 287 2980 ι

408 3061 673 3118 ΕΡΜΗΝ.
715 3063 873 3117 ΤΟΥ,
886 3065 1008 3133 Aq'
1045 3066 1365 3120 ΨΑΛΜΟΥ.

165 3186 231 3245 αξ.
278 3197 297 3230 ι
327 3176 566 3248 Ψαλμὺς
598 3176 676 3248 τῷ
714 3177 901 3234 Δαϐίδ.
942 3178 1035 3251 Μὴ
1079 3178 1398 3251 παραζήλου
1429 3181 1488 3233 ὲν
1522 3196 1689 3252 πονη-

108 3271 451 3344 ρευομένοις·
504 3271 639 3341 μηδὲ
693 3269 861 3342 ζήλου
915 3273 1043 3336 τοὺς
1085 3274 1378 3337 ποιοῦντας
1420 3274 1520 3345 τὴν
1560 3275 1689 3329 ἀνο-

108 3368 244 3437 μίαν.
268 3386 288 3420 ι
314 3368 401 3438 Τῇ
419 3365 463 3398 ⁵³
487 3367 654 3438 πείρᾳ
678 3365 866 3438 μαθὼν
885 3369 914 3422 6
934 3367 1078 3431 θεῖος
1096 3367 1280 3431 Δαϐὶδ,
1301 3368 1442 3423 ὅσων
1464 3367 1688 3434 ἀγαθῶν

107 3453 374 3530 πρόξενος
398 3462 433 3529 ἡ
477 3460 742 3531 πραότης,
772 3460 870 3513 καὶ
913 3460 1000 3514 ὅτι
1034 3458 1145 3512 τῶν
1176 3459 1361 3531 ἀδικίᾳ
1400 3459 1687 3524 συζώντων

106 3553 191 3605 καὶ
224 3552 521 3624 ἀλαζονείᾳ
547 3551 868 3623 χρωμένων,
906 3552 968 3605 τδ
1012 3549 1170 3614 τέλος
1214 3552 1437 3622 ἀνιαρὸν
1477 3552 1574 3606 καὶ
1609 3551 1688 3622 τῷ

108 3642 198 3714 βίῳ
222 3643 565 3714 κατάλληλον
586 3658 600 3673 ⁶
649 3643 1059 3714 ὲμεμαθήκειδ²
1091 3642 1149 3695 δὲ
1179 3641 1353 3695 ταῦτα
1386 3642 1450 3695 ἐκ
1489 3660 1550 3696 τε
1582 3642 1688 3697 τῶν

106 3737 232 3790 κατά
257 3737 359 3790 τὸν
386 3735 559 3790 Σαοὺλ
584 3736 682 3789 καὶ
712 3736 804 3789 τὸν
828 3734 1208 3804 Ἀϐεσσαλὼμ,
1232 3734 1329 3788 καὶ
1351 3735 1462 3789 τῶν
1486 3734 1684 3802 ἄλλων,

105 3827 206 3882 ὅσοι
231 3828 449 3883 τούτων
470 3827 769 3899 δεδράκασι
797 3827 1157 3899 παραπλήσια
1176 3842 1191 3855 ·
1232 3826 1557 3897 παραίνεσιν
1583 3828 1688 3879 εἰσ-

107 3925 247 3992 φέρει
278 3922 457 3976 πᾶσιν
484 3920 795 3993 ἀνθρώποις
817 3937 831 3951 υ
872 3919 1060 3990 φέρειν
1090 3918 1188 3990 μὲν
1222 3918 1462 3982 καλῶς’⁸
1499 3935 1684 3989 παρα-

105 4013 270 4068 καλῶν
290 4013 372 4068 τά
395 4013 811 4085 προσπίπτοντα
833 4010 1073 4084 λυπηρὰ,
1099 4011 1198 4074 τάς
1223 4011 1281 4065 δὲ
1302 4012 1409 4064 τῶν
1434 4010 1686 4083 πονηρῶν

105 4105 401 4177 ἀνθρώπων
426 4105 728 4178 εὐημερίας
749 4105 843 4159 καὶ
889 4104 1188 4177 εὐπραξίας
1203 4104 1249 4135 ⁸⁵
1279 4103 1352 4175 μὴ
1409 4103 1687 4174 μακαρίας

106 4198 363 4267 νομίζειν,
398 4196 592 4261 ἀθλίας
616 4197 672 4251 δὲ
704 4197 906 4267 μᾶλλον
927 4195 1225 4251 ἀποκαλεῖν
1239 4196 1282 4229 ⁵⁸
1302 4215 1318 4231 ο
1348 4190 1410 4250 οὐ
1428 4196 1474 4227 ⁸⁸
1503 4195 1568 4268 δὴ
1591 4197 1688 4266 χά-

111 4304 185 4356 ριν
220 4289 382 4352 εὐθὺς
405 4288 452 4320 ⁸⁷
505 4289 813 4360 ἀρξάμενος
864 4287 959 4341 τοῦ
1008 4287 1249 4358 ψαλμοῦ,
1308 4288 1491 4357 φησί·
1546 4307 1565 4339 ί
1594 4289 1686 4357 Μὴ

110 4372 418 4463 πέραζήλρυ
482 4380 540 4432 ὲν
602 4379 1101 4451 πονηρευομένοις,
1156 4379 1293 4450 μηδὲ
1336 4379 1500 4451 ζήλου
1556 4379 1681 4442 τοὺς

1592 3050 1595 3059 ‘
1703 3040 1751 3102 (Ξ

1800 433 1896 503 qui
1924 443 2131 490 norunt
2166 445 2237 501 te,
2273 444 2325 491 et
2363 435 2638 507 justitiam
2669 446 2817 493 tuam
2853 439 2921 494 ad
2961 439 3086 505 illos
3111 441 3205 513 qui
3233 453 3387 497 recte

1800 537 1929 580 sunt
1956 527 2143 581 corde.
2187 545 2206 579 ι
2263 525 2492 598 Largire
2528 528 2712 598 itaque
2743 529 3008 585 continue
3039 544 3190 600 tuam
3225 546 3387 586 man-

1799 626 2013 671 suetam
2088 629 2143 674 et
2187 619 2393 688 justam
2449 620 2854 690 providentiam
2911 622 2996 677 his
3053 624 3149 693 qui
3196 622 3386 678 divina

1798 709 2113 777 cognitione
2143 710 2330 769 donati
2372 720 2541 773 sunt,
2595 719 2650 765 et
2699 711 2786 767 bis
2839 728 2933 782 qui
2982 728 3137 769 recte
3184 714 3385 782 agendi

1799 798 1943 853 viam
1980 801 2287 871 elegerunt.
2340 806 2639 873 Utrumque
2673 808 2821 862 enim
2858 807 2926 861 de
2974 805 3170 861 iisdem
3202 805 3378 871 dixit,

1798 892 2108 947 secundum
2130 894 2333 964 lingua:
2362 898 2750 967 proprietatem
2777 899 3047 953 divisione
3080 913 3237 952 usus.
3262 895 3383 951 Non

1797 986 1948 1041 cnim
1985 986 2123 1042 alios
2159 987 2293 1042 dicit
2322 988 2559 1043 scientes
2604 991 2787 1058 ipsum
2810 1032 2825 1056 ,
2881 990 3020 1044 alios
3055 988 3220 1060 833
3256 1004 3385 1043 vero

1799 1090 1981 1135 rectos
2033 1079 2245 1135 corde:
2284 1095 2464 1150 neque
2504 1096 2601 1150 pro
2648 1082 2735 1137 his
2784 1082 3006 1152 quidem
3062 1081 3384 1137 misericor-

1796 1174 1970 1239 diam,
2004 1189 2105 1244 pro
2134 1173 2242 1228 illis
2266 1188 2399 1227 vero
2422 1173 2695 1242 jusritiam
2726 1171 2879 1242 petiit
2907 1187 2922 1225 :
2957 1171 3052 1226 sed
3083 1171 3384 1241 perfectam

1796 1267 2058 1321 virtutem
2093 1265 2243 1320 reris
2276 1265 2626 1335 dogmatibus
2654 1274 2708 1319 et
2736 1263 2904 1319 rectis
2942 1262 3255 1317 actionibus
3286 1262 3385 1318 de-

1796 1357 2016 1424 ﬁniens,
2056 1358 2140 1412 his
2171 1359 2264 1427 qui
2300 1358 2442 1414 hanc
2475 1358 2798 1429 possident,
2858 1353 3295 1411 misericordiam
3329 1362 3387 1411 et

1791 1452 2062 1522 justitiam
2100 1451 2373 1521 promisit.

1874 1544 2041 1598 Vens.
2078 1544 2170 1611 12,
2207 1544 2297 1598 l3.
2332 1562 2351 1596 ι
2388 1542 2506 1597 Non
2553 1542 2735 1596 veniat
2779 1541 2915 1597 mihi
2946 1555 3042 1611 pes
3069 1539 3343 1610 superbiae
3367 1579 3384 1605 ,

1795 1644 1849 1690 et
1869 1650 2068 1689 manus
2096 1635 2408 1705 peccatoris
2437 1649 2547 1688 non
2572 1643 2793 1689 moveat
2821 1648 2931 1686 me.
2955 1632 3030 1686 lbi
3066 1632 3387 1687 ceciderunt

1795 1743 1993 1785 omnes
2046 1727 2142 1797 qui
2180 1736 2486 1798 operantur
2538 1725 2886 1795 iniquitatem
2922 1742 2935 1778 :
2969 1724 3180 1794 expulsi
3229 1729 3382 1788 sunt,

1794 1837 1896 1877 nec
1927 1829 2191 1891 poterunt
2218 1830 2387 1875 stare.
2419 1838 2438 1870 ι
2477 1817 2656 1873 Verba
2688 1818 2792 1872 ista
2825 1834 2840 1870 :
2882 1836 2901 1869 ‹
2937 1814 3014 1872 lbi
3042 1816 3382 1882 ceciderunt,
3471 1804 3477 1809 ’

1791 1912 1886 1982 qui
1919 1919 2225 1982 operantur
2252 1908 2623 1980 iniquitatem,
2659 1927 2678 1960 ι
2708 1906 3079 1979 Symmachus
3104 1907 3185 1961 sic
3214 1906 3383 1960 inter-

1790 2017 2040 2080 pretatus
2088 2015 2219 2061 est:
2273 2003 2374 2059 Ubi
2429 2004 2629 2059 cadunt
2676 2014 2956 2073 operantes
3011 2004 3382 2072 iniquitatem,

1790 2099 2165 2169 impelluntur,
2219 2108 2269 2154 et
2320 2113 2424 2153 non
2472 2106 2723 2167 poterunt
2779 2107 2947 2150 atare.
3010 2093 3155 2150 Petit
3196 2104 3381 2150 autem

1789 2193 2084 2265 Propheta,
2116 2201 2176 2248 ut
2206 2192 2382 2262 possit
2410 2201 2622 2246 naturae
2654 2204 2973 2257 mensuram
3013 2203 3256 2256 servare,
3288 2203 3380 2244 ne-

1790 2304 1897 2360 que
1924 2305 1951 2342 a
1983 2289 2071 2344 via
2118 2297 2268 2343 recta
2317 2302 2416 2357 per
2463 2287 2863 2342 sceleratorum
2921 2284 3155 2341 insidias
3196 2284 3378 2340 diver-

1791 2391 1958 2444 tatur,
1994 2391 2052 2437 ut
2087 2381 2181 2451 qui
2231 2379 2496 2436 contrarii
2531 2378 2748 2433 itineris
2799 2378 2961 2432 finem
2999 2384 3378 2448 cognosceret.

1792 2470 1897 2534 Oui
1947 2470 2121 2533 enim,
2177 2469 2278 2536 ait,
2320 2468 2375 2523 in
2414 2468 2571 2523 illum
2624 2467 2894 2535 incidunt,
2955 2481 3063 2522 non
3123 2475 3377 2537 poterunt

1787 2562 2046 2632 deinceps
2084 2576 2388 2632 resurgere,
2430 2570 2482 2615 ct
2520 2560 2575 2614 in
2613 2559 2777 2613 aliam
2813 2559 2956 2614 viam
2992 2575 3233 2615 currere.
3272 2558 3374 2614 llis

1787 2665 1970 2709 autem
2022 2668 2268 2709 consona
2317 2660 2466 2719 sunt,
2516 2667 2639 2722 qua:
2674 2652 2820 2708 dicta
2863 2651 3085 2707 fuerunt
3132 2653 3188 2707 in
3222 2659 3384 2708 sexto

1788 2748 2047 2819 psalmo:
2092 2764 2111 2798 ι
2150 2744 2420 2812 Quoniam
2476 2759 2587 2798 non
2634 2753 2721 2800 est
2761 2744 2816 2799 in
2868 2752 3066 2811 morte,
3123 2744 3217 2814 qui
3259 2757 3379 2800 me-

1787 2856 1909 2895 mor
1956 2839 2030 2895 sit
2084 2839 2200 2905 tui,
2243 2838 2297 2893 in
2339 2836 2559 2893 inferno
2606 2847 2792 2892 autem
2844 2838 2969 2908 quis
3022 2836 3373 2892 conﬁtebitur

1789 2931 1884 2984 tibi
1907 2930 1974 2983 tl?
2009 2948 2029 2981 ι

2139 3066 2159 3090 ⁴
2202 3063 2476 3118 INTERP.
2516 3062 2771 3119 PSALMI
2812 3063 3056 3118 XXXVI.

1859 3181 2028 3237 Vens.
2062 3181 2115 3235 1.
2153 3199 2172 3232 ι
2215 3177 2471 3233 Psalmus
2524 3178 2735 3233 Davidi.
2785 3176 2910 3234 Noli
2957 3178 3204 3233 aemulari
3247 3195 3376 3249 erga

1788 3275 2085 3345 malignos,
2147 3287 2328 3341 neque
2384 3270 2504 3326 zelo
2547 3271 2875 3328 exardescas
2925 3286 3055 3343 erga
3109 3271 3381 3329 facientes

1788 3368 2158 3438 iniquitatem.
2202 3382 2222 3417 ι
2283 3363 2635 3434 Experientia
2684 3364 2883 3419 doctus
2913 3365 3135 3420 divinus
3180 3364 3374 3430 David,

1787 3476 1953 3531 quam
1989 3458 2287 3513 multorum
2324 3457 2596 3511 bonorum
2635 3457 2983 3512 conciliatrix
3012 3459 3085 3512 sit
3119 3473 3377 3514 mansne.

1788 3552 1940 3617 tudo,
1974 3558 2029 3604 et
2059 3550 2205 3619 quod
2237 3563 2453 3613 eorum,
2491 3548 2586 3617 qui
2631 3548 2835 3619 injuste
2863 3549 3059 3603 vivunt
3086 3550 3374 3619 superbia-

1787 3657 1895 3713 que
1920 3649 2171 3704 utuntur,
2207 3639 2331 3694 ﬁnis
2353 3640 2425 3694 sit
2455 3640 2633 3695 tristis
2658 3651 2713 3693 et
2739 3639 2864 3694 vitae
2898 3655 3210 3709 congruens
3240 3643 3377 3712 (haec

1788 3742 1971 3790 autem
2020 3749 2086 3788 ex
2125 3733 2197 3788 iis
2228 3732 2531 3795 didicerat,
2584 3747 2706 3800 qua:
2755 3732 2902 3786 circa
2942 3732 3110 3804 834
3155 3733 3372 3790 Saulem

1786 3838 1842 3884 et
1887 3828 2250 3883 Absalomum
2307 3825 2647 3887 acciderant.
2697 3834 2752 3880 et
2789 3842 2854 3879 ex
2903 3826 3028 3880 aliis
3061 3827 3379 3899 quicunque

1788 3919 1992 3976 similia
2039 3917 2342 3987 fecerunt),
2397 3917 2828 3972 admonitionem
2864 3917 3072 3987 profert
3119 3922 3376 3978 omnibus

1791 4010 2132 4076 hominibus,
2168 4008 2667 4064 commonefaciens
2701 4017 2760 4063 ut
2789 4025 2949 4081 aequo
2980 4011 3169 4067 animo
3202 4011 3377 4071 ferant

1788 4118 1878 4157 res
1910 4103 2197 4168 molestas,
2229 4118 2349 4172 quae
2375 4101 2632 4157 accidere
2662 4102 2843 4158 solent
2877 4122 2890 4158 :
2924 4102 3214 4163 felicitates
3248 4123 3382 4164 vero

1789 4196 2062 4251 malorum
2105 4195 2388 4251 hominum
2456 4208 2511 4251 et
2571 4197 2967 4265 prosperitates
3022 4214 3381 4271 nequaquam

1789 4287 1981 4342 beatas
2015 4288 2354 4350 existiment,
2391 4287 2502 4341 imo
2551 4287 2784 4341 miseras
2813 4288 2998 4357 potius
3036 4300 3367 4359 nuncnpent.

1790 4376 2057 4446 Quocirca
2110 4379 2382 4447 psalmum
2424 4377 2718 4434 exordiens
2766 4379 2948 4434 statim
3008 4379 3084 4434 ait
3122 4403 3134 4436 ;
3186 4398 3206 4432 ι
3251 4379 3373 4434 Noli

109 4462 385 4534 ποιοῦντας
407 4469 508 4542 τὴν
529 4470 785 4539 ἀνομίαν.
815 4490 838 4522 ›
868 4471 940 4524 Τὸ
967 4471 1025 4524 δὲ
1051 4470 1138 4541 μὴ
1166 4470 1510 4539 παραζήλου
1533 4471 1561 4523 ὁ
1589 4469 1684 4540 μὲν

1795 4469 2039 4525 mmulari
2069 4485 2200 4540 erga
2229 4470 2714 4540 malignosmeque
2741 4472 2859 4525 zelo
2893 4471 3220 4527 exardescas
3245 4489 3373 4542 erga

109 4560 418 4633 Σύμμαχος,
438 4562 524 4632 μὴ
551 4563 883 4632 φιλονείκει
906 4602 922 4628 ,
952 4565 980 4616 6
1003 4562 1059 4615 δὲ
1088 4561 1401 4627 Θεοδοτίων,
1429 4558 1514 4631 μὴ
1537 4576 1685 4628 παρ-

106 4654 353 4721 ερεθίζου
392 4655 772 4727 ἡρμήνευσενο
813 4655 936 4708 ἀντὶ
968 4653 1091 4720 τοῦ,
1132 4654 1225 4725 Μὴ
1256 4653 1561 4724 παροξύνου
1605 4652 1685 4714 εἰς

109 4744 330 4817 μίμησιν
380 4744 494 4800 τῶν
533 4745 852 4818 παρανομίᾳ
898 4744 1207 4810 συζώντων,
1249 4744 1347 4816 τὴν
1385 4756 1684 4816 προσγενο-

100 4998 119 5043 Ι.
155 4954 178 4993 ίῖ
199 4952 345 5009 Psal.
377 4968 465 5019 VI,
509 4953 566 5008 6.

1791 4561 2057 4619 facientes
2091 4563 2460 4634 iniquitatem.
2504 4582 2522 4614 ι
2562 4562 2679 4619 Hoc
2704 4573 2910 4631 autem,
2953 4552 3065 4620 noli
3104 4566 3373 4641 aemulari,

1793 4651 2180 4725 Symmachus,
2209 4670 2272 4708 ne
2298 4654 2610 4719 contendas,
2649 4652 2957 4710 Thcodotio
2984 4670 3134 4720 vero,
3161 4671 3223 4708 ne
3250 4657 3364 4709 irri-

1794 4745 1940 4809 teris,
1988 4743 2383 4815 interpretatus
2411 4752 2517 4809 est,
2558 4742 2663 4800 boc
2710 4752 2835 4807 est,
2868 4742 2991 4798 Noli
3034 4742 3253 4799 incitari
3306 4744 3378 4797 ad

1214 5154 1453 5211 VARUE
1484 5154 1872 5213 LECTIONES
1898 5154 1986 5209 ET
2016 5153 2155 5210 ΝΟΤ
2161 5153 2255 5209 1E.

174 5268 221 5302 ³³
255 5268 402 5338 Τῆς.
456 5270 582 5326 cod.
613 5270 641 5325 i
671 5274 805 5329 τοῖς.
858 5270 982 5326 cod.
1026 5270 1063 5323 2
1102 5272 1213 5334 τοῖς
1268 5269 1390 5336 τῆς.

109 5337 712 5424 πῌράγμασζιγιῇςοᾱ.
755 5346 804 5408 1,
922 5340 1207 5424 πράξεσιν.

106 5426 376 5464 Genavam.

105 5483 219 5532 t‘tnl.
247 5482 298 5532 1.

106 5621 127 5670 1
155 5619 423 5702 νομίζειν,
461 5619 701 5692 ascripta
727 5619 905 5677 tamen
932 5622 1165 5677 lectione
1195 5621 1382 5676 altera.

107 5702 328 5758 μαλλον.

1470 5270 1516 5301 ³⁸
1563 5272 1725 5324 Κατὰ
1762 5272 1849 5323 τό.
1901 5271 2022 5325 cod.
2071 5270 2094 5323 1
2138 5271 2282 5324 κατ’.

1301 5341 1344 5373 ³⁷
1377 5343 1501 5395 col.
1536 5342 1572 5395 Ξ).
1604 5341 1885 5393 σαλεῦσαι.
1927 5356 2049 5408 qth
2094 5351 2179 5395 est
2211 5339 2373 5395 lectio
2407 5341 2527 5395 cod.

453 5412 500 5445 ⁸⁸
529 5411 780 5495 μάζτες.
816 5408 985 5495 A~best
1014 5428 1042 5464 a
1066 5411 1295 5495 Lco’dzl,
1328 5411 1382 5474 9.,
1412 5427 1523 5495 nec“
1559 5412 1638 5493 in.
1680 5421 1689 5464 I

1797 5427 1827 5462 u
1886 5410 2051 5495 llebr:
2100 5411 2277 5495 locum
2336 5411 2519 5495 habet;
2593 5408 2804 5495 Ἀτθὶς
2839 5410 3313 5495 ἀνομίαςκᾼϋςιξι
3351 5434 3378 5465 ει

184 5483 219 5532 l.
247 5482 298 5532 l.
382 5480 425 5512 "°
449 5483 572 5536 cod.
625 5481 661 5534 2
688 5482 987 5553 τραπῆναι.
1065 5480 1107 5512 ⁴¹
1142 5479 1226 5547 Τῇ
1278 5481 1689 5550 παραπλησίᾳ.

184 5550 309 5603 679.
391 5550 437 5582 "
462 5553 587 5606 cod.
614 5553 650 5604 ἓ
676 5551 1011 5606 μεμαθήκει.
1085 5550 1132 5582 ’⁵³
1166 5551 1401 5606 Καλῶς.
1439 5552 1602 5604 Abest
1630 5567 1659 5603 a

1795 5495 1858 5533 rs.
1910 5479 2051 5546 apud
2098 5481 2264 5535 Cord.

1799 5588 1812 5601 .
1847 5549 1897 5606 1,
1934 5549 1987 5601 ‘2.
2066 5552 2114 5579 “
2143 5549 2264 5603 cod.

105 5565 153 5616 p.
184 5565 309 5603 om.
391 5565 435 5582 "
462 5565 587 5606 cou.
614 5565 650 5604 2
675 5565 1011 5622 μεμαυηκει.
1085 5565 1132 5582 ’⁸
1166 5565 1401 5617 Λιιλως.
1439 5565 1602 5604 Abest
1630 5567 1659 5603 a

106 5621 127 5670 l
155 5619 423 5689 νομίζειν,
461 5624 701 5689 ascripta
727 5633 905 5677 tamen
932 5622 1165 5677 lectione
1195 5621 1382 5676 altera.
1474 5621 1522 5652 ⁸⁸
1556 5617 1637 5676 Οὖ
1670 5651 1689 5659 -

1799 5588 1812 5601 .
1847 5565 1897 5613 t,
1934 5565 1987 5601 2.
2066 5565 2114 5579 "
2143 5565 2268 5603 coa.
2296 5565 2316 5602 1
2348 5566 2675 5618 ευπραγιας.
2772 5565 2815 5580 ’ν
2845 5565 3213 5603 anomalam.
3253 5565 3372 5605 t'tnl.

1802 5620 2037 5688 νομίαν.
2070 5619 2195 5674 Des.
2233 5620 2375 5689 apud
2422 5619 2585 5675 ὕοι-(1.
2670 5618 2714 5651 ⁸⁷
2750 5617 2931 5688 Χάριν
2960 5620 3161 5687 εὐθύς.
3193 5620 3310 5674 cod.
3342 5621 3380 5673 2

2361 5269 2407 5301 ³⁸
2437 5267 2938 5340 Ὲξῄζησενηοοὰ.
2987 5268 3024 5323 2
3089 5268 3373 5340 ἐζήτησενι

2607 5340 2738 5394 atic.
2783 5337 2990 5393 Codex.
3024 5337 3182 5394 Alex.
3213 5337 3375 5398 habet

2325 5496 2376 5548 p.
2415 5478 2545 5534 666.
2583 5479 2699 5533 Alia
2740 5478 2939 5533 Nostro
2985 5481 3174 5533 tt'ihnit
3235 5483 3375 5534 idmu

2066 5552 2114 5579 “
2143 5549 2268 5603 cod.
2296 5551 2316 5602 1
2348 5548 2675 5618 εὐπραγίας.
2772 5549 3213 5618 ⁸³ηἈποκίιλεῖν.
3253 5556 3372 5605 md.
