3870 6322
489 395 620 461 llfil

1485 377 1976 444 THEO‘DORETI
2010 372 2353 434 EPISCOPI
2405 324 2774 433 crae};er

3622 368 3644 433 1
3660 369 3761 436 132

487 511 671 582 pient,
707 516 760 561 et
793 513 1050 573 praeterea
1095 495 1448 568 sempiternis
1493 493 1652 548 bonis
1697 489 2066 561 perfruentur.

2196 482 2418 548 ίέξονται
2455 481 2556 552 τὴν
2612 479 2971 550 αὐτάρκειαν,
3024 477 3120 531 καὶ
3179 475 3318 550 πρὸς
3384 476 3596 544 τούτοις
3655 483 3763 534 τῶν

489 604 661 656 Porro
692 594 891 650 famem
928 592 1127 662 opinor
1174 588 1263 644 hic
1297 585 1593 657 signiﬁcari
1620 600 1742 639 eam
1763 623 1778 646 ,
1811 597 1935 652 quae
1968 596 2069 634 an-

489 691 659 761 tiquis
682 687 887 743 ludatis
917 685 1181 740 intentata
1215 681 1352 736 fuit:
1393 699 1410 732 ι
1442 677 1646 734 Ducam
1674 677 1874 731 famem
1907 687 2072 742 super

489 795 693 838 terram
719 819 732 844 ,
769 793 875 832 non
906 775 1106 830 famem
1137 773 1326 845 panis,
1367 786 1539 842 neque
1571 769 1720 826 sitim
1751 781 1940 839 aquae,
1975 764 2069 819 sed

489 878 687 932 famem
721 871 978 930 audiendi
1010 872 1234 927 verbum
1269 867 1360 922 Dei
1391 874 1433 922 ι.
1465 885 1483 917 ι

544 1051 707 1107 Vens.
744 1050 837 1104 20.
893 1067 913 1100 ι
954 1047 1093 1113 Quia
1142 1055 1455 1112 peceatores
1497 1043 1754 1114 peribunt
1794 1061 1807 1097 :
1864 1040 2071 1096 inimici

489 1161 616 1200 vero
651 1143 912 1209 Domini,
944 1139 1109 1195 simul
1133 1155 1197 1193 ac
1223 1137 1568 1194 lionoriﬁcati
1605 1135 1811 1191 fuerint
1839 1141 1895 1188 et
1922 1132 2072 1187 exal-

488 1237 618 1303 tati,
647 1235 970 1291 deﬁcientes
1001 1230 1468 1302 quemadmodum
1515 1228 1702 1284 fumus
1728 1225 2011 1282 deﬁciunt.
2047 1239 2067 1274 ι

493 1327 719 1383 Mutatio
752 1323 1160 1394 coniunctionis
1193 1321 1556 1376 differentiam
1589 1330 1956 1388 personarum
1985 1314 2072 1368 in-

488 1420 675 1483 duxit,
703 1428 756 1472 et
790 1431 983 1472 ansam
1015 1415 1186 1486 838
1225 1415 1430 1485 praebet
1464 1410 1894 1482 interpretandi,
1936 1407 2074 1462 alios

489 1528 611 1568 esse
637 1521 977 1583 peccatores,
1004 1509 1142 1563 alios
1166 1507 1421 1562 inimicos
1443 1505 1684 1560 Domini.
1719 1502 1918 1574 Aquila
1942 1516 2074 1556 vero

488 1616 545 1660 et
571 1603 938 1676 Symmachus
969 1617 1069 1672 pro
1103 1618 1221 1656 vero
1250 1599 1692 1670 coniunctionem
1729 1606 1778 1651 et
1820 1600 1834 1619 ‘
1870 1609 2076 1665 ponen-

489 1705 592 1766 tes,
631 1694 853 1750 eosdem
887 1709 1010 1748 esse
1044 1701 1360 1762 peccatores
1387 1700 1440 1746 et
1477 1689 1569 1744 Dei
1601 1689 1853 1744 inimicos
1886 1697 2040 1742 osten
2062 1715 2075 1728 -

488 1789 705 1841 derunt.
757 1784 892 1838 Dicit
935 1792 1114 1836 autem
1147 1781 1394 1836 homines
1446 1779 1517 1834 ob
1573 1777 1794 1848 propria
1853 1784 2074 1847 peccata

2176 573 2414 628 αἰωνίων
2460 569 2866 624 ἀπολαύσουσιν
2914 567 3156 636 ἀγαθῶν.
3211 568 3384 640 Λιμὸν
3433 569 3492 630 δὲ
3523 570 3762 642 ἠγοῦμαι

2176 665 2412 720 ἐνταῦθα
2449 663 2494 695 ⁸⁵
2546 661 2996 734 παραδηλοῦσθαι
3073 661 3165 716 τὸν
3238 661 3410 716 πάλαι
3488 663 3764 730 Ἰουδαίοις

2175 756 2545 828 ἀπειληθέντα
2571 772 2586 790 ο
2622 775 2640 807 ι
2664 754 2883 820 Ἐπάξω
2909 755 3068 826 λιμὸν
3102 754 3195 809 ἐπὶ
3225 755 3326 826 τὴν
3349 756 3456 823 γῆν
3476 772 3488 785 ·
3523 757 3584 809 οὐ
3609 756 3764 828 λιμὴν

2176 855 2363 924 ἄρτου,
2406 853 2526 906 οὐδὲ
2562 851 2724 922 δίψαν
2762 851 2974 920 ὓδατος,
3020 853 3158 918 ἀλλὰ
3199 852 3361 923 λιμὸν
3398 851 3497 907 τοῦ
3535 854 3765 908 ἀκοῦσαι

2177 947 2335 1017 λόγον
2376 947 2581 1016 Κυρίου
2592 985 2604 998 .
2643 964 2661 997 ι

2249 1038 2318 1094 κ’.
2356 1057 2374 1090 ε
2411 1039 2533 1092 ’Ότι
2558 1040 2606 1092 οί
2638 1037 2957 1108 ἁμαρτωλοὶ
2979 1037 3346 1093 ἀπολοῦνταιο
3382 1041 3432 1093 οί
3473 1039 3533 1094 δὲ
3582 1039 3764 1110 ἐχθροὶ

2177 1131 2274 1186 τοῦ
2308 1130 2542 1201 Κυρίου,
2586 1130 2706 1200 ἅμα
2727 1130 2774 1160 ⁸⁸
2828 1129 2906 1201 τῷ
2941 1129 2984 1160 ⁸⁷
3030 1129 3359 1198 δοξασθῆναι
3414 1131 3614 1194 αὐτοὺς
3676 1133 3766 1184 καὶ

2181 1222 2508 1294 ὑψωθῆναι,
2557 1222 2907 1286 ἐκλείποντες
2968 1221 3104 1276 ὡσεὶ
3169 1223 3380 1286 καπνὸς
3438 1222 3702 1289 ἐξέλιπον.
3744 1242 3764 1276 ι

2190 1317 2255 1371 Ἦ
2308 1316 2402 1370 τοῦ
2457 1317 2758 1386 συνδέσμου
2819 1315 3088 1387 ἱναλλαγὴ
3145 1316 3411 1388 διαφοράν
3460 1318 3768 1389 προσώπων

2179 1409 2492 1480 εἰργάσατο·
2517 1409 2610 1462 καὶ
2634 1409 2826 1472 ἄλλους
2852 1409 2951 1479 μὲν
2975 1408 3264 1462 ὐποὸἀλλει
3285 1412 3426 1462 νοεῖν
3444 1411 3571 1473 τοὺς
3592 1412 3770 1481 ἀμαρ-

2179 1502 2404 1566 τω).οὐς,
2435 1501 2628 1565 ἄλλους
2655 1501 2710 1554 δὲ
2746 1500 2973 1571 ἐχθροὺς
2994 1502 3041 1533 ⁸⁸
3071 1500 3167 1554 τοῦ
3202 1502 3431 1572 Κυρίου.
3476 1503 3767 1566 Ἀκύλας⁸⁹

2179 1593 2236 1648 δὲ
2284 1594 2376 1650 καὶ
2409 1593 2438 1645 6
2469 1593 2767 1664 Σύμμαχος
2813 1594 2934 1647 ἀντὶ
2977 1594 3071 1646 τοῦ
3103 1592 3171 1646 δὲ
3205 1593 3298 1646 τὸν
3337 1594 3436 1647 καὶ
3471 1593 3769 1664 σύνδεσμον

2183 1685 2534 1750 τεθεικότες,
2585 1688 2715 1748 τοὺς
2761 1685 2964 1750 αὐτοὺς
3013 1685 3223 1750 ἔδειξαν
3278 1687 3639 1757 ἁμαρτωλοὺς
3680 1687 3770 1740 καὶ

2183 1779 2277 1833 τοῦ
2332 1779 2539 1851 Κυρίου
2590 1778 2843 1851 ἐχθρούς.
2875 1779 3041 1848 Λέγει
3071 1779 3130 1832 δὲ
3161 1780 3244 1832 ὅτι
3277 1780 3326 1833 ei
3378 1780 3654 1850 θεομισεῖς
3687 1778 3772 1833 διὰ

492 1878 768 1942 inimicos,
821 1890 947 1930 cum
993 1889 1189 1944 parum
1239 1871 1500 1942 temporis
1549 1869 1890 1932 ﬂoruissent,
1924 1877 2085 1937 atque

2196 1871 2288 1935 τὰς
2313 1872 2522 1938 οἰκείας
2561 1871 2910 1942 παρανομίας
2937 1871 3242 1943 ἄνθρωποι,
3285 1871 3466 1941 ὀλίγον
3498 1872 3772 1942 ἀνθήσαν-

488 1970 736 2024 illustres
762 1976 816 2023 et
843 1967 976 2024 clari
1011 1965 1112 2022 visi
1155 1973 1374 2029 essent,
1409 1972 1468 2018 ut
1517 1961 1728 2016 fumum
1788 1960 2089 2017 dissolutos

491 2060 680 2114 fuisse.

563 2148 728 2203 Vens.
768 2146 860 2199 2|.
911 2164 930 2196 ι
966 2143 1253 2204 Mutuatur
1291 2151 1585 2214 peccator,
1631 2149 1684 2196 ct
1721 2155 1829 2194 non
1871 2138 2081 2192 solvet:

489 2241 674 2310 justus
733 2248 916 2293 autem
973 2238 1299 2302 miseretur,
1351 2244 1404 2290 et
1452 2235 1662 2289 tribuit.
1711 2252 1729 2284 ι
1786 2230 1938 2287 Talis
1987 2230 2089 2285 fuit

495 2333 648 2395 Saul,
670 2331 765 2402 qui
792 2346 1010 2400 semper
1036 2329 1316 2385 beneﬁciis
1338 2327 1568 2382 affectus
1597 2342 1626 2380 a
1647 2326 1836 2384 divino
1861 2323 2083 2385 Davide.

494 2429 635 2477 bona
680 2421 1020 2477 benefactori
1066 2419 1368 2490 rependere
1403 2417 1603 2473 noluit.
1649 2416 1721 2471 At
1756 2417 1945 2472 beatus
1977 2415 2084 2468 Da-

495 2514 614 2579 vid,
669 2513 953 2583 proprium
989 2511 1287 2566 Dominum
1329 2510 1592 2575 imitans,
1637 2508 1730 2579 qui
1787 2505 1920 2562 oriri
1957 2505 2089 2562 facit

495 2604 664 2659 solem
701 2618 862 2658 suum
895 2617 1061 2672 super
1089 2601 1266 2655 bonos
1313 2609 1366 2654 et
1411 2599 1584 2655 malos
1608 2607 1672 2665 ιι,
1712 2597 1779 2652 de
1823 2597 1915 2651 illo
1953 2597 2088 2651 bene

496 2693 692 2747 mereri
731 2707 841 2746 non
874 2690 1146 2748 cessabat.
1176 2689 1336 2744 Tales
1371 2687 1594 2744 fuerunt
1617 2686 1815 2751 Juda‘i,
1847 2687 1940 2756 qui
1967 2700 2087 2744 om-

497 2785 586 2836 nia
619 2782 927 2838 s:udiorum
957 2797 1152 2852 genera
1182 2797 1209 2835 a
1236 2782 1408 2838 sacris
1433 2780 1700 2850 apostolis
1729 2779 2085 2848 accipientes,

499 2874 982 2944 sanguinolentum
1029 2872 1272 2940 animum
1317 2879 1508 2928 contra
1551 2886 1650 2927 eos
1704 2869 2085 2926 ostendebant.

499 2966 756 3019 Attamen
781 2965 952 3019 divini
981 2964 1214 3036 apostoli
1237 2963 1424 3019 divina
1458 2965 1600 3018 dona
1632 2962 1766 3033 ipsis
1790 2961 2089 3018 liberaliter

499 3059 927 3116 distribuebant.

575 3260 737 3317 Vans.
767 3260 859 3316 22.
908 3280 927 3313 ‹
959 3259 1231 3326 Quoniam
1281 3258 1667 3314 benedicentes
1711 3258 1760 3312 ei
1798 3257 2089 3313 haeredita-

503 3356 640 3409 bunt
672 3362 874 3409 terram
898 3393 913 3419 ,
943 3351 1334 3408 maledicentes
1375 3358 1557 3405 autem
1594 3351 1643 3405 ei
1672 3350 2038 3419 disperibunt.
2066 3366 2084 3400 ι

505 3446 619 3503 lloc
648 3445 976 3516 patriarcha:
1010 3445 1324 3499 Abrahamo
1368 3441 1514 3498 Deus
1545 3443 1926 3497 universorum
1962 3457 2090 3512 pro-

507 3538 654 3591 misit
684 3556 698 3592 :
739 3557 757 3588 ι
789 3535 1111 3590 Beuedicam
1147 3533 1602 3589 benedicentibus
1629 3531 1724 3588 tibi
1750 3573 1765 3600 ,
1795 3545 1848 3588 et
1877 3533 2094 3587 maledi-

505 3630 755 3684 ccntibus
781 3629 878 3683 tibi
910 3628 1237 3683 maledicam
1265 3637 1314 3682 τ.
1351 3645 1370 3679 ›

581 3719 747 3772 Vens.
780 3717 852 3772 23
872 3755 887 3782 ,
913 3717 1004 3771 24.
1057 3735 1075 3767 ι
1103 3717 1149 3772 Α
1178 3715 1411 3771 Domino
1434 3730 1660 3786 gressus
1693 3716 1932 3771 hominis
1957 3716 2088 3770 diri-

506 3820 750 3882 guttlur,
792 3818 847 3865 et
873 3810 960 3864 via
988 3809 1111 3879 ejus
1141 3807 1300 3864 valde
1338 3807 1718 3862 delectabitur.
1770 3807 1908 3861 Cum
1953 3811 2095 3861 ceci-

507 3904 688 3965 derit,
716 3918 824 3956 non
858 3901 1167 3967 collidatur,
1200 3900 1331 3971 quia
1358 3899 1624 3954 Dominus
1657 3898 1946 3954 conﬁrmat
1976 3915 2093 3952 ma-

508 4015 640 4054 num
673 3998 816 4068 ejus.
851 4018 870 4050 ›
913 3997 1026 4052 Hac
1049 3997 1196 4052 enim
1225 3998 1293 4052 de
1321 4010 1490 4050 causa
1521 3995 1704 4049 laudat
1729 3993 1946 4064 quidem
1987 3992 2098 4046 lau-

497 4089 726 4143 dantem
762 4089 1005 4158 justum,
1047 4087 1467 4143 maledicentcm
1512 4083 1682 4155 339
1727 4099 1854 4138 vero
1897 4084 2094 4153 aequali

509 4182 664 4235 lance
686 4191 1086 4245 remuneratur,
1115 4178 1377 4250 quoniam
1413 4177 1530 4248 ipse
1557 4177 1838 4247 justorum
1872 4176 1989 4232 vias
2013 4177 2097 4230 di-

512 4272 657 4341 rigit.
696 4271 841 4326 Fieri
872 4273 1016 4326 enim
1057 4287 1163 4326 non
1207 4280 1386 4341 potest
1435 4279 1493 4324 ut
1538 4269 1661 4341 quis
1688 4270 1893 4338 absque
1923 4269 2097 4339 ipsius

509 4362 684 4425 gratia
715 4364 835 4417 sine
865 4362 1025 4431 culpa
1053 4361 1107 4414 in
1137 4359 1358 4413 virtutis
1390 4357 1477 4410 via
1515 4357 1748 4410 incedat.
1790 4355 1956 4410 Favet
1997 4355 2100 4426 igi-

511 4453 730 4514 turbis,
763 4453 857 4522 qui
895 4451 998 4505 tale
1024 4448 1363 4518 propositum
1398 4445 1600 4499 habent
1627 4462 1643 4512 ;
1679 4453 1735 4500 et
1766 4461 1989 4501 necesse
2013 4455 2097 4500 est

2190 1980 2283 2026 τες
2305 1962 2519 2035 χρόνον,
2566 1963 2661 2017 καὶ⁹
2691 1960 2942 2027 δόξαντες
2970 1957 3110 2015 εἷναι
3143 1964 3465 2033 περιφανεῖς
3494 1963 3593 2016 καὶ
3622 1961 3772 2033 περί·

2192 2055 2432 2122 ϐλεπτοι,
2465 2054 2624 2125 δίκην
2659 2053 2870 2108 καπνοῦ
2901 2053 3251 2127 διελύθησαν.

2262 2155 2369 2203 κα’.
2412 2165 2431 2198 ε
2465 2148 2786 2212 Δανείζεται
2811 2151 2838 2203 6
2865 2149 3211 2220 ἁμαρτωλὸς,
3241 2147 3337 2200 καὶ
3366 2146 3467 2199 οὐκ
3491 2147 3770 2199 ἀποτίσει·

2191 2243 2218 2296 6
2245 2241 2299 2294 δὲ
2329 2241 2536 2306 δίκαιος
2557 2244 2842 2314 οίκτείρει,
2877 2243 2971 2298 καὶ
2992 2241 3209 2295 δίδωσιν
3235 2243 3304 2294 ⁸ο.
3335 2259 3353 2292 ι
3383 2238 3639 2299 Τοιοῦτος
3658 2235 3726 2311 ἦν
3747 2241 3774 2292 6

2191 2331 2386 2401 Σαοὺλ,
2415 2332 2503 2386 ἀεὶ
2536 2332 2634 2404 μὲν
2664 2333 3124 2406 εὐεργετούμενος
3156 2330 3263 2384 ὐπὸ
3296 2331 3390 2384 τοῦ
3420 2329 3707 2385 θειοτάτου
3727 2332 3770 2364 ’⁸

2189 2425 2376 2492 Δαὸὶδ,
2429 2425 2767 2498 ἀμείψασθαι
2818 2426 2874 2479 δὲ
2920 2425 3146 2495 ἀγαθοῖς
3191 2424 3284 2477 τὸν
3337 2423 3636 2494 εὐεργέτην
3677 2425 3773 2478 οὐκ

2191 2520 2542 2592 ἀνεχόμενος.
2601 2519 2660 2574 '0
2690 2520 2744 2574 δὲ
2800 2520 3074 2592 μακάριος
3103 2520 3149 2552 ⁸⁸
3196 2518 3380 2584 Δαόὶδ,
3427 2519 3521 2574 τὸν
3575 2519 3774 2572 οἰκεῖον

2189 2613 2470 2684 Δεσπότην
2515 2610 2873 2683 μιμούμενος,
2908 2595 3273 2667 ἀνατέλλοντα
3299 2610 3392 2664 τὸν
3425 2611 3580 2682 ήλιον
3609 2608 3773 2664 αὐτοῦ

2189 2705 2284 2758 ἐπὶ
2329 2705 2604 2775 πονηροὺς
2663 2705 2760 2757 καὶ
2820 2704 3086 2772 ἀγαθοὺς,
3152 2702 3458 2774 εὐεργετῶν
3525 2703 3766 2756 διετέλει.

2191 2797 2439 2856 Τοιοῦτον.
2481 2795 2622 2870 ἦσαν
2650 2799 2701 2850 οί
2767 2797 3034 2861 Ἰουδαῖοι,
3075 2797 3174 2860 τὰς
3213 2796 3564 2860 παντοδαπὰς
3613 2794 3776 2866 θερα-

2189 2891 2350 2954 πείας
2399 2891 2553 2962 παρά
2609 2891 2719 2944 τῶν
2767 2891 2932 2961 ίερῶν
2994 2891 3310 2945 ἀποστόλων
3343 2889 3648 2960 δεχόμενοι,
3685 2889 3777 2942 καὶ

2188 2981 2288 3053 τὴν
2324 2982 2610 3052 μιαιφόνον
2655 2981 3093 3052 ἐπιδεικνύμενοι
3146 2980 3374 3052 γνώμην
3409 2995 3424 3009 ·
3475 2980 3596 3034 ἀλλ’
3629 2981 3775 3051 ὅμως

2189 3074 2239 3126 ot
2268 3072 2403 3127 θεῖοι
2421 3073 2709 3129 ἀπόστολοι
2732 3075 2832 3140 τὰς
2860 3075 3013 3141 θείας
3041 3076 3224 3141 αὐτοῖς
3245 3075 3455 3147 δωρεὰς
3482 3074 3776 3148 φιλοτίμως

2191 3164 2456 3236 διένεμον.

2264 3257 2367 3328 κβ’.
2403 3279 2422 3314 ι
2461 3261 2584 3314 Ὅτι
2633 3261 2682 3314 οἱ
2711 3260 3066 3330 εὐλογοῦντες
3097 3261 3262 3314 αὐτὸν
3297 3261 3777 3334 κληρονομήσουσι

2192 3352 2316 3422 γῆν,
2353 3353 2402 3406 oi
2436 3353 2492 3406 δὲ
2531 3355 2916 3426 καταρώμενοι
2953 3354 3117 3408 αὐτὸν
3139 3353 3720 3425 ἑξολοθρευθήσονται.
3753 3372 3771 3406 ι

2193 3445 2365 3497 Τοῦτο
2417 3444 2497 3516 τῷ
2550 3447 2870 3518 πατριάρχῃ
2930 3446 3186 3520 Ἀϐραὰμ
3225 3449 3254 3501 6
3303 3447 3416 3501 τῶν
3462 3447 3605 3502 ὅλων
3647 3447 3778 3510 Θεὸς

2193 3533 2580 3606 ἐπηγγείλατο,
2620 3555 2639 3589 ι
2677 3535 2974 3608 Εὐλογήσω
2996 3538 3122 3600 τοὺς
3153 3535 3520 3606 εὐλογοῦντάς
3556 3554 3642 3604 σε,
3687 3536 3778 3591 καὶ

2193 3630 2320 3692 τοὺς
2347 3629 2779 3700 καταρωμένους
2813 3646 2874 3683 σε
2908 3630 3313 3702 καταράσομαι.
3345 3647 3364 3682 ι

2264 3727 2372 3789 κγ’,
2408 3717 2508 3774 κδ’.
2553 3739 2574 3772 ε
2617 3720 2776 3794 Παρὰ
2803 3721 3012 3792 Κυρίου
3034 3723 3103 3775 τὰ
3129 3719 3446 3792 διαδήματα
3487 3719 3778 3789 ἀνθρώπω

2195 3809 2612 3876 κατευθύνεται,
2647 3811 2742 3868 καὶ
2768 3809 2868 3882 τὴν
2892 3811 3010 3865 ὁδὸν
3037 3809 3207 3865 αὐτοῦ
3229 3809 3451 3880 θελήσει
3487 3808 3695 3880 σφόδρα
3713 3809 3777 3863 ’³.

2197 3899 2315 3952 ’Ὀτ’
2368 3899 2434 3954 ἂν
2467 3900 2512 3934 ⁸⁸
2549 3899 2712 3971 ,πέσῃ
2767 3899 2829 3952 όύ
2881 3897 3424 3971 καταρραχθήσεται,
3471 3898 3552 3950 ὅτι
3580 3896 3781 3968 Κύριος

2199 3990 2574 4062 ἀντιστηρίζει
2649 3994 2807 4061 χεῖρα
2880 3989 3029 4060 αὐτῷ
3078 3986 3143 4044 ⁵⁸.
3217 4005 3240 4042 ι
3277 3987 3479 4041 Τούτου
3541 3988 3654 4059 γάρ
3705 4003 3782 4040 τοι

2196 4084 2358 4154 χάριν
2401 4083 2615 4150 εὐλογεῖ
2662 4083 2759 4152 μὲν
2816 4082 2908 4138 τὸν
2953 4079 3347 4151 εὐλογοῦντακ
3394 4080 3488 4133 τὸν
3542 4081 3780 4138 δίκαιον.

2197 4175 2289 4228 τὸν
2332 4175 2388 4228 δὲ
2431 4174 2828 4246 καταρώμενον
2872 4177 2984 4238 τοῖς
3023 4172 3160 4237 ἴσοις
3207 4172 3540 4245 ἀμείϐεταν
3601 4171 3782 4238 ἐπειδὴ

2200 4267 2364 4330 αὐτὸς
2400 4265 2726 4321 κατευθύνει
2749 4266 2849 4328 τὰς
2877 4265 2987 4319 τῶν
3013 4265 3242 4320 δικαίων
3272 4264 3445 4329 ὁδούς.
3497 4265 3782 4319 ’Δδύνατον

2199 4359 2309 4431 γὰρ
2332 4358 2454 4430 δίχα
2485 4362 2585 4430 τῆς
2611 4358 2778 4412 αὐτοῦ
2815 4360 3045 4431 χάριτος
3082 4359 3394 4431 ἀμέμπτως
3415 4356 3634 4410 ὁδεῦσαί
3664 4373 3782 4409 τινα

2201 4451 2304 4523 τὴν
2330 4451 2429 4515 τῆς
2461 4451 2665 4522 ἀρετῆς
2706 4452 2847 4505 ὀδόν.
2898 4452 3168 4522 Συνεργεῖ
3194 4450 3377 4522 μέντοι
3395 4449 3440 4483 ⁸⁷
3489 4449 3604 4512 τοῖς
3659 4446 3784 4501 τοῦ-

511 4546 578 4599 ad
610 4544 832 4598 virtutis
875 4539 1298 4611 acquisitionem
1327 4579 1342 4603 ,
1381 4537 1679 4590 humanam
1713 4537 2087 4606 promptitudi-

2203 4561 2294 4597 τον
2319 4541 2365 4576 ⁸⁸
2407 4543 2589 4614 έχουσι
2641 4544 2735 4597 τὸν
2775 4544 3017 4598 σκοπόνο
3056 4544 3150 4598 καὶ
3202 4543 3364 4614 χρεία
3411 4541 3557 4595 κατὰ
3593 4541 3784 4596 ταύτὸν

511 4652 635 4688 nem
668 4645 719 4688 et
745 4635 986 4688 divinam
1014 4646 1172 4701 opem
1203 4645 1309 4684 una
1333 4643 1686 4685 concurrere.
1712 4626 1802 4682 Sic
1825 4630 1970 4682 enim
1995 4629 2097 4685 etsi

511 4724 806 4794 aliquando
844 4723 1163 4793 prolabatur
1207 4719 1301 4789 qui
1354 4719 1460 4772 hoc
1504 4717 1610 4772 iter
1645 4716 1818 4782 facit,
1849 4718 2092 4776 divinam

511 4824 694 4869 tamen
725 4830 882 4883 opem
922 4811 1298 4882 consequitur.
1344 4809 1548 4865 Eodem
1580 4811 1740 4865 modo
1771 4809 1964 4866 beatus
1989 4811 2093 4865 Da-

511 4909 638 4975 vid,
675 4922 797 4962 cum
850 4905 1202 4970 offendisset,
1269 4912 1323 4959 et
1367 4917 1438 4958 ne
1472 4903 1548 4956 in'
1582 4913 1781 4958 terram
1843 4904 2098 4974 procide-

518 5008 600 5053 ret
650 4998 1094 5067 periclitaretur,
1150 5010 1247 5067 per
1299 4994 1540 5051 divinam
1591 4995 1822 5066 gratiam
1879 5006 2095 5054 erectus

511 5103 618 5146 est.

591 5209 612 5244 ι
646 5209 815 5260 Amos
851 5218 985 5270 rm,
1020 5204 1108 5258 ll.
1181 5212 1208 5240 ιι
1244 5203 1434 5259 Matth.
1468 5219 1535 5267 v,
1577 5201 1668 5258 45.
1745 5202 1935 5260 νϐοη.
1979 5187 2082 5268 xu,
2123 5207 2177 5260 5.

2207 4632 2538 4704 συνδραμεῖν
2583 4632 2664 4696 είς
2709 4632 2808 4704 τήν
2859 4633 3058 4704 κτῆσιν
3095 4633 3200 4702 τῆς
3233 4632 3433 4705 ἀρετῆς
3477 4630 3785 4702 προθυμίαν

2202 4723 2572 4796 ἀνθρωπίνην,
2623 4727 2721 4780 καὶ
2760 4725 2912 4780 θείαν
2948 4724 3316 4798 προμήθειαν.
3349 4723 3509 4778 Οὕτω
3549 4723 3659 4793 γὰρ
3685 4721 3785 4774 κᾶν

2201 4818 2466 4890 ὀλισθήσῃ
2501 4817 2634 4872 ποτὲ
2668 4819 2877 4891 ὁτήνδε
2903 4819 3006 4888 τὴν
3047 4817 3273 4889 πορείαν
3309 4815 3656 4886 ποιούμενος,
3687 4812 3783 4881 τῆς

2203 4911 2357 4975 θείας
2411 4911 2756 4982 ἀντιλήψεως
2805 4909 3080 4976 τεύξεται.
3130 4908 3319 4973 Οὕτως
3368 4910 3397 4962 6
3447 4899 3784 4978 μακάριος⁹¹

2200 5004 2584 5075 προσπταίσας
2626 5003 2812 5070 Δασὶδ,
2855 5004 2947 5058 καὶ
2991 5001 3389 5072 κατενεχθῆναι
3438 4998 3782 5058 κινδυνεύσας

2196 5096 2276 5158 εἰς
2309 5096 2432 5168 γῆν,
2459 5096 2565 5150 ὑπὸ
2591 5097 2690 5166 τῆς
2719 5095 2871 5160 θείας
2893 5097 3119 5167 χάριτος
3145 5091 3447 5164 ἀνωρθώθη
3469 5094 3510 5148 ¹.

1658 5320 1890 5378 VARUE
1921 5320 2301 5380 LECTIONES
2331 5320 2420 5376 ET
2449 5318 2683 5377 ΝΟΤΕ.

585 5416 652 5497 ⁸⁸.
683 5415 804 5469 cod.
834 5414 898 5481 1,
952 5415 988 5469 2
1032 5415 1582 5517 ἐνταῇθανήγοῦιμαὲ.
1627 5413 1733 5495 Pro
1773 5416 2087 5517 ήζξῦμμιαε

2217 5415 2457 5517 ante:
2503 5408 2736 5517 res.
2782 5409 2889 5517 17.7:

1913 5485 2218 5552 Ἐχθρούς.
2256 5487 2378 5539 cod.
2424 5485 2476 5550 Ι,
2505 5483 2541 5536 2
2569 5498 2759 5554 praem.
2797 5483 2945 5546 τούς.
3046 5483 3094 5512 θ’
3124 5483 3387 5542 Ἀκύλας
3415 5505 3488 5517 -
3516 5483 3781 5546 ἐχθροῠςο

1884 5556 1929 5588 ὀ
1959 5555 2236 5610 Δίὃωσιν.
2267 5553 2345 5608 ita
2387 5554 2491 5624 leg.
2528 5555 2582 5608 in
2630 5555 2753 5608 cod.
2806 5552 2960 5624 Alex.
2995 5550 3246 5624 sedp_co_d.
3291 5546 3414 5624 Vat.
3445 5546 3616 5624 habet
3635 5539 3781 5624 διδοῖ·

2196 5625 2346 5692 ίδρα.
2381 5616 2618 5680 Additur
2647 5625 2699 5678 in
2732 5623 2858 5679 cod.
2896 5622 3050 5676 Alex.
3085 5620 3136 5693 γ’)
3166 5618 3298 5693 Reg.
3332 5618 3608 5693 lectiofst
3635 5616 3776 5693 ὁτιὴ

515 5485 687 5554 gloria
720 5502 1060 5553 pascuorum.
1157 5487 1201 5519 ⁸⁷
1239 5486 1342 5552 Τῷ.
1384 5485 1508 5542 cod.
1536 5489 1571 5540 2
1601 5485 1718 5539 τοῦ.

518 5557 631 5609 lloc
655 5557 899 5610 scholion
928 5566 1107 5612 exstat
1129 5557 1181 5611 in
1204 5559 1334 5611 edit.
1369 5556 1527 5612 Rom.
1559 5555 1669 5610 τῶν
1695 5555 1774 5610 0'.

514 5627 561 5658 “
595 5627 716 5682 cod.
751 5627 784 5679 2
818 5626 982 5681 θείου.
1079 5629 1125 5658 ⁹¹
1161 5625 1482 5694 Μακάριος.
1514 5629 1638 5683 cod.
1669 5625 1704 5678 2
1725 5626 1906 5688 θεῖος.

519 5697 566 5730 ⁸⁸⁸
593 5699 712 5752 cod.
747 5698 796 5762 l,
825 5699 860 5750 2
889 5697 1075 5764 αὐτοῦ,
1108 5713 1230 5767 quae
1260 5697 1422 5752 etiam
1443 5709 1541 5767 est
1580 5711 1694 5767 rec.
1743 5696 1903 5767 lectio
1948 5695 2000 5749 in
2046 5712 2087 5748 Vt

2235 5695 2447 5767 Graeca.

2782 5409 2830 5442 ⁸⁸
2863 5411 3013 5479 Ἅμα
3052 5439 3125 5450 —
3160 5403 3503 5480 ὑψωθῆναι.
3529 5402 3693 5480 llebr.
3713 5408 3780 5480 _ttt

3046 5480 3094 5512 θ’
3124 5471 3387 5542 Ἀκύλας
3415 5505 3488 5517 -
3516 5471 3781 5546 ἐχθρούς.

2548 5695 2595 5726 ’⁸
2630 5695 2754 5750 (·ο.Ι.
2808 5695 2842 5745 2
2871 5694 3000 5756 τοὺς
3043 5689 3425 5759 εὐλογοῦντας.
3504 5689 3548 5720 ’⁷
3590 5680 3788 5759 ch._2

524 5768 642 5838 μέν.
730 5753 795 5800 ⁸⁸⁷
818 5753 1075 5823 Τοῦτον-ί
1095 5753 1265 5821 Ᾰὺεει
1289 5783 1319 5821 a
1353 5766 1477 5822 cod.
1514 5769 1568 5838 2.
1598 5835 1607 5838 Α
1635 5766 1683 5838 7’9
1712 5765 2037 5836 Μακάριος.
2076 5783 2087 5820 ε

2196 5810 2197 5818 χ
2230 5765 2265 5820 2
2296 5767 2459 5825 θεῖος.
2539 5766 2555 5796 ³
2585 5764 2827 5834 χάριτος
2859 5753 3204 5832 ἀνωρθώθη.
3231 5761 3352 5817 cod.
3383 5761 3418 5816 2
3443 5753 3777 5824 ἔπανεκλήθη

523 5835 766 5912 χάριτος.
792 5839 956 5895 Cord.
989 5855 1046 5909 p.
1080 5839 1203 5892 (569.
1238 5838 1456 5907 χάριτος
1484 5835 1715 5909 ἠξιώθη.
