3870 6322
505 242 638 313 l'..'l

1502 258 1996 324 TIIEODORETI
2024 263 2365 326 EPISCOPI
2397 265 2769 329 CYRENSIS

3631 270 3762 338 IllS

498 366 728 423 machus
765 367 847 424 sic
911 367 1298 440 interpretatus
1336 381 1457 428 cst:
1500 372 1831 442 Culefactum
1864 385 1942 429 est
1988 393 2060 430 σοι

2183 377 2479 450 Σύμμαχος
2521 379 2697 444 οὕτως
2742 381 3090 453 ήρμήνευσεν
3123 381 3194 415 ’³ο
3253 383 3690 455 Ἔξεθερμὰνθη
3725 391 3759 451 ὴ

497 476 670 514 memn
701 461 844 514 intra
881 477 979 524 me,
1015 473 1063 515 et
1103 463 1228 516 dum
1261 465 1442 518 animo
1501 467 1874 534 expenderent,
1932 484 2080 522 com-

497 553 725 607 burebar
763 555 898 623 igne.
930 555 1216 610 licvocans
1248 556 1300 610 in
1334 559 1683 624 memoriam,
1725 560 1925 630 inquit,
1955 577 2081 631 pec-

496 655 678 701 catum
706 662 910 712 meum,
942 650 1198 704 maeroris
1236 649 1360 720 igne
1387 651 1672 706 ardebam.

563 821 729 878 Vens.
755 824 811 878 5.
845 843 865 876 ι
912 823 1158 881 Locutus
1189 841 1308 881 sum
1343 829 1528 898 lingua
1568 846 1710 897 mea,
1747 833 1950 888 Notum
1992 833 2080 888 fac

495 918 649 982 mihi,
694 917 942 986 Domine,
986 921 1144 974 linem
1191 937 1411 975 meum:
1440 932 1494 976 et
1535 939 1824 981 numerum
1864 927 2075 982 dierum

494 1027 775 1080 meorum,
829 1013 955 1084 quis
1007 1015 1118 1078 sit;
1160 1024 1218 1069 ut
1267 1016 1436 1072 sciam
1483 1019 1613 1088 quid
1655 1020 1797 1076 desit
1849 1022 2004 1076 mihi.
2047 1041 2068 1076 ι

490 1102 861 1158 Conviciatori
904 1104 1068 1172 igitur
1109 1106 1244 1159 nihil
1293 1109 1582 1178 respondi,
1617 1109 1854 1167 Domino
1892 1123 2073 1168 autem

492 1198 876 1253 universorum
941 1199 1266 1269 supplicavi,
1345 1210 1404 1255 ut
1456 1209 1648 1257 notum
1720 1205 1850 1260 mihi
1913 1207 2072 1262 tinem

493 1304 671 1342 meum
702 1287 891 1354 faciat,
934 1289 1093 1344 valde
1125 1301 1362 1346 mortem
1394 1293 1733 1351 desiderans.

561 1377 726 1437 Vens.
757 1382 814 1438 6.
856 1401 874 1433 ι
903 1384 1042 1438 Ecce
1065 1385 1463 1441 mensurabiles
1492 1388 1725 1456 posuisti
1754 1387 1873 1444 dies
1895 1404 2069 1456 meos,

488 1482 542 1528 et
577 1476 884 1529 substantia
926 1491 1046 1530 mea
1088 1485 1351 1547 tanquam
1409 1479 1643 1534 nihilum
1699 1495 1886 1536 coram
1945 1492 2015 1538 te.
2048 1502 2067 1534 ι

485 1565 652 1637 852
688 1566 800 1621 lloc
826 1583 1020 1622 rursus
1044 1568 1414 1639 Symmachus
1459 1571 1541 1627 sic
1578 1574 1854 1643 expressit
1883 1593 1896 1628 :
1939 1573 2072 1629 Ecce

486 1659 680 1711 dedisti
714 1659 845 1711 mihi
875 1660 1008 1723 dies,
1039 1669 1097 1712 ut
1159 1659 1388 1729 palatos,
1418 1671 1466 1715 et
1494 1664 1603 1716 vita
1660 1679 1774 1717 mea
1823 1673 1880 1717 ut
1939 1665 2071 1720 nihil

2184 471 2399 540 καρδία
2435 489 2556 542 μου
2585 474 2759 542 ἐντός
2801 492 2924 545 μου
2945 515 2960 543 ,
3010 476 3081 530 ἐν
3114 473 3196 542 τῷ
3223 477 3562 533 ἀναπολεῖν
3585 481 3634 512 ⁵³
3654 499 3756 550 με,

2182 562 2616 633 ἁνεκαιόμην⁸⁸
2651 565 2818 634 πυρί.
2878 567 3466 639 Ἀναμιμνησκόμενος
3491 570 3575 635 ⁸⁸,
3612 575 3757 642 φησὶ,

2182 655 2284 726 τῆς
2311 658 2586 729 ἁμαρτίας
2615 677 2744 730 μου,
2770 660 2851 732 τῷ
2868 662 2914 694 ⁸⁸
2938 662 3040 734 τῆς
3064 661 3301 733 ἀθυμίας
3335 664 3759 739 ἐνεπιμπράμην

2183 749 2316 818 πυρί
2344 749 2411 803 ³⁷.

2251 845 2314 896 ε’.
2337 859 2355 890 ι
2380 839 2649 912 Ἑλάλησα
2669 844 2728 897 ἐν
2749 843 2968 918 γλώσσῃ
2991 865 3114 917 μου,
3138 840 3411 923 Γνώρισόν
3433 865 3546 919 μοι,
3571 847 3756 920 Κύριε,

2178 931 2241 985 τὸ
2269 932 2445 1004 πέρας
2483 951 2584 1004 μου
2607 952 2621 966 ο
2659 937 2752 988 καὶ
2799 936 2892 990 τὸν
2937 940 3174 1011 ἀριθμὸν
3220 942 3330 997 τῶν
3361 941 3592 1014 ἡμερῶν
3627 959 3755 1012 μου,

2175 1026 2261 1088 τίς
2293 1027 2472 1080 ἐστιν·
2511 1028 2599 1081 ἵνα
2642 1028 2754 1096 γνῶ
2787 1029 2840 1083 τί
2879 1030 3092 1104 ὑστερῶ
3122 1034 3253 1104 ἐγώ.
3292 1055 3312 1088 ι
3362 1033 3509 1106 Πρὸς
3543 1033 3645 1105 μὲν
3670 1029 3759 1088 οῦν

2178 1118 2268 1171 τὸν
2311 1118 2722 1191 λοιδορούμενον
2755 1124 3143 1196 ἀπεκρινάμην
3189 1126 3377 1192 οὐδὲν,
3421 1126 3516 1179 τὸν
3546 1125 3605 1179 δὲ
3651 1125 3753 1179 τῶν

2176 1209 2312 1265 ὅλων
2344 1210 2598 1266 ἱκέτευσα
2627 1213 2852 1285 Κύριον,
2885 1215 3042 1285 δῆλόν
3077 1235 3167 1288 μοι
3215 1219 3442 1289 ποιῆσαι
3486 1219 3590 1289 τῆς
3617 1217 3758 1289 ζωῆς

2179 1318 2282 1372 μου
2312 1301 2372 1354 τὸ
2402 1301 2584 1369 τέλος,
2617 1304 2821 1374 σφόδρα
2849 1305 2947 1375 τῆς
2974 1306 3232 1379 τελευτῆς
3255 1307 3573 1378 ἐφιέμενος.

2248 1397 2322 1456 ς’.
2362 1410 2380 1443 ι
2450 1392 2582 1446 Ἰδοὺ
2633 1393 2937 1460 παλαιστὰς
2968 1396 3015 1428 ⁸⁸
3055 1396 3180 1450 ἔθου
3225 1399 3328 1462 τὰς
3373 1399 3593 1469 ἡμέρας
3625 1416 3753 1469 μου,

2175 1487 2272 1539 καὶ
2312 1488 2345 1556 ἡ
2393 1486 2688 1551 ὑπόστασίς
2725 1505 2825 1558 μου
2843 1487 2890 1521 ⁸⁵
2921 1489 3055 1542 ὡσεὶ
3101 1491 3252 1544 οὐδὲν
3291 1491 3530 1546 ἐνώπιόν
3581 1509 3692 1545 σου.
3733 1513 3751 1544 ι

2175 1577 2347 1632 Τοῦτο
2383 1578 2545 1632 πάλιν
2579 1581 2606 1632 ὁ
2636 1579 2935 1652 Σύμμαχος
2974 1582 3148 1644 οὕτως
3177 1585 3555 1655 ἡρμήνευσεν·
3609 1583 3756 1638 Ἰδοὺ

2173 1670 2255 1736 ὡς
2299 1670 2608 1740 σπιθαμὰς
2653 1671 2886 1739 ἔδωκας
2923 1674 3030 1740 τὰς
3085 1674 3311 1744 ἡμέρας
3359 1693 3522 1745 μου,
3580 1676 3678 1729 καὶ
3720 1679 3754 1742 ἡ

486 1765 608 1808 ante
638 1766 706 1810 te.
741 1757 1000 1811 Desidero
1029 1768 1212 1812 autem
1254 1767 1509 1826 mortem,
1553 1761 1736 1816 sciens
1771 1761 2060 1818 humanam

2170 1763 2392 1828 ,βίωσίς
2419 1782 2539 1832 μου
2577 1764 2658 1830 ὡς
2688 1763 2870 1819 οὐδὲν
2907 1765 3197 1836 ἄντικρύς
3223 1782 3361 1822 σου.
3407 1769 3667 1839 Ἐφίεμαι
3706 1768 3756 1822 δέ

487 1853 740 1900 naturam
779 1849 1006 1903 minime
1045 1850 1346 1920 longawam
1371 1867 1512 1907 esse.
1567 1850 1764 1908 Nostra
1788 1855 1933 1908 enim
1955 1855 2060 1910 vita

2177 1853 2438 1924 τελευτῆς
2455 1855 2520 1920 ⁸⁸,
2550 1856 2610 1908 οὺ
2633 1857 2675 1889 ⁸⁸
2711 1856 3010 1927 μακρόϐιον
3029 1862 3127 1930 τὴν
3157 1859 3512 1930 ἀνθρωπείαν
3536 1860 3756 1914 ἐπιστά-

487 1955 553 1993 ne
597 1940 899 1995 consistere
932 1941 1154 2010 quidem
1195 1943 1413 1998 videtur
1444 1945 1565 1999 vitae
1596 1954 1700 2001 tua:
1728 1957 2060 2017 comparata.

2177 1959 2339 2015 μενος
2361 1945 2547 2012 φύσιν.
2589 1945 2652 2000 Ἢ
2677 1945 2785 2018 γὰρ
2807 1949 3055 2020 ἡμετέρα
3083 1949 3236 2021 βιοτὴ
3263 1951 3386 2004 οὐδὲ
3411 1951 3458 1982 ⁸³
3495 1952 3749 2006 συνεστά-

485 2027 563 2084 Τιι
605 2030 750 2084 enim
792 2031 913 2086 sine
954 2033 1229 2103 principio
1267 2049 1346 2100 es,
1383 2043 1438 2090 et
1487 2034 1638 2090 line:
1698 2047 1888 2094 nostra
1935 2055 2060 2096 vero

2173 2053 2261 2090 ναι
2307 2035 2457 2090 δοκεῖ
2499 2039 2565 2108 τῇ
2601 2040 2666 2109 σῇ
2723 2039 3190 2113 παραϐαλλομένη
3222 2042 3354 2114 ζωῇ.
3398 2044 3473 2097 Σὺ
3512 2043 3618 2114 μὲν
3652 2046 3753 2115 γὰρ

485 2124 595 2178 vita
632 2132 1010 2190 mensuratur,
1043 2133 1103 2179 ut
1157 2127 1489 2195 quibusdam
1516 2129 1795 2185 mensuris
1821 2131 1987 2200 palmi
2012 2141 2060 2188 et

2171 2125 2410 2198 ἄναρχος
2465 2126 2561 2180 καὶ
2608 2127 2946 2199 ἀπέραντος,
3003 2131 3032 2183 ὁ
3073 2130 3130 2184 δὲ
3182 2131 3453 2204 ἡμέτερος
3487 2133 3607 2204 βίος
3650 2131 3756 2187 οἶόν

481 2215 675 2273 cuhiti.
710 2215 812 2270 Per
874 2217 981 2272 hoc
1038 2226 1221 2272 autem
1283 2218 1680 2276 demonstravit
1739 2222 2062 2278 brevitatem

484 2308 742 2378 temporis
785 2308 1039 2364 humana:
1069 2310 1212 2365 vitae.
1247 2307 1339 2364 Sic
1378 2319 1434 2366 et
1462 2312 1590 2366 alibi
1627 2311 1761 2368 dicit
1797 2332 1809 2368 :
1855 2332 1873 2366 ι
1909 2313 2062 2380 Quo-

480 2403 626 2458 niam
657 2402 808 2456 mille
852 2403 982 2457 anni
1013 2412 1140 2458 ante
1179 2404 1372 2460 oculos
1428 2413 1574 2470 tuos,
1639 2415 1899 2477 tanquam
1941 2408 2058 2463 dies

477 2495 794 2560 hesternas,
835 2495 928 2565 qui
959 2495 1248 2566 praeteriit,
1276 2505 1331 2550 ct
1367 2497 1615 2552 custodia
1666 2497 1721 2552 in
1760 2508 1922 2553 nocte
1955 2499 2000 2554 ί.
2035 2518 2057 2550 ι

475 2586 540 2642 Ει
564 2589 714 2655 alibi,
735 2606 860 2644 cum
885 2593 950 2645 de
966 2590 1124 2646 caelis
1153 2600 1207 2646 et
1240 2600 1383 2646 terra
1417 2590 1750 2645 mentionem
1785 2589 2008 2646 fecisset
2041 2609 2055 2645 :

479 2702 498 2734 ι
547 2683 676 2754 lpsi,
711 2682 916 2752 inquit,
957 2682 1236 2754 peribunt,
1269 2691 1326 2738 tu
1364 2692 1546 2738 autem
1611 2697 1926 2753 permanes,
1960 2685 1977 2704 '
2006 2692 2061 2739 et

472 2791 666 2831 onmes
723 2775 867 2830 sicut
929 2775 1321 2830 vestimentum
1376 2784 1750 2843 veterascent;
1805 2785 1861 2831 et
1916 2776 2061 2832 sicut

473 2866 734 2920 amictum
779 2864 1020 2920 mutabis
1063 2879 1182 2931 eos,
1209 2873 1264 2920 ct
1297 2865 1657 2921 mutabuntur
1693 2883 1708 2920 :
1758 2875 1811 2921 tu
1871 2875 2056 2922 autem

473 2959 617 3014 idem
648 2959 765 3027 ipse
803 2973 886 3023 es,
934 2967 988 3014 et
1038 2959 1168 3013 anni
1246 2957 1325 3013 tui
1371 2973 1481 3013 non
1537 2958 1792 3014 deﬁcient
1843 2968 1890 3012 ε.
1935 2978 1954 3012 ι
1987 2987 2060 3002 --

477 3070 497 3104 ι
535 3049 928 3106 Verumtamen
958 3050 1215 3105 universa
1266 3049 1504 3116 vanitas,
1533 3051 1716 3106 omnis
1757 3051 1922 3106 homo
1973 3051 2054 3106 vi-

2169 2236 2278 2273 τισι
2308 2219 2353 2251 ⁸³
2395 2219 2701 2290 σπιθαμαῖς
2729 2222 2827 2275 καὶ
2873 2223 3197 2287 παλαισταῖς
3231 2226 3611 2296 ἐκμετρεῖται.
3662 2228 3755 2281 Διά

2167 2309 2364 2364 τούτου
2380 2309 2425 2342 ⁸⁸
2455 2310 2513 2364 δὲ
2540 2311 2900 2382 παρεδήλωσε
2928 2317 2992 2367 τδ
3019 2313 3387 2385 ὀλιγοχρόνιον
3407 2317 3512 2386 τῆς
3545 2316 3755 2387 ἀνθρω-

2169 2401 2330 2466 πείας
2359 2401 2525 2470 ζωῆς.
2553 2401 2711 2456 οὕτω
2735 2405 2830 2457 καὶ
2856 2404 3087 2476 ἑτέρωθι
3118 2407 3292 2475 λέγει·
3323 2423 3344 2458 ι
3381 2407 3508 2461 Ὅτι
3540 2408 3691 2478 χίλια
3710 2409 3754 2442 ⁸⁵

2167 2494 2261 2566 ετη
2315 2495 2420 2548 ὑπὸ
2444 2495 2490 2528 ⁸⁸
2533 2494 2835 2567 ὀφθαλμοῖς
2893 2515 3009 2561 σου,
3038 2497 3212 2570 Κύριε
3237 2539 3253 2564 ,
3300 2499 3378 2564 ὼς
3406 2497 3452 2532 ⁸⁷
3506 2500 3752 2571 ἠμέραή

2166 2588 2319 2658 ἐχθὲς
2336 2587 2401 2652 ⁸⁸,
2433 2588 2558 2658 ἥτις
2588 2588 2773 2660 διῆλθε
2802 2589 2846 2622 ⁸³
2867 2632 2880 2655 ,
2917 2590 3014 2643 καὶ
3079 2590 3294 2660 φυλακὴ
3330 2593 3388 2644 ἐν
3425 2592 3472 2624 ⁷⁸
3503 2591 3679 2645 νυκτί.
3727 2611 3745 2644 ι

2165 2680 2275 2734 Καὶ
2301 2680 2542 2751 ἀλλαχοῦ
2573 2680 2682 2736 τῶν
2719 2681 2968 2752 οὐρανῶν
3005 2683 3101 2736 καὶ
3135 2682 3238 2754 τῆς
3281 2684 3384 2754 γῆς
3443 2684 3754 2755 μνημονεύ-

2167 2789 2301 2837 σας,
2337 2790 2357 2824 ‹
2403 2774 2590 2838 Αὐτοὶ,
2621 2774 2808 2846 φησιν,
2854 2773 3211 2838 ἀπολοῦνται,
3257 2774 3322 2828 σὺ
3353 2775 3410 2828 δέ
3449 2773 3749 2846 διαμένεις,

2164 2862 2261 2916 καὶ
2308 2861 2513 2925 πάντες
2541 2862 2617 2925 ὡς
2665 2863 2886 2932 ἱμάτιον
2919 2863 3442 2935 παλαιωθήσονταιο
3491 2863 3592 2916 καὶ
3625 2863 3750 2917 ὡσεὶ

2165 2953 2515 3026 περιϐόλαιον
2543 2954 2741 3020 ἑλίξεις
2765 2954 2984 3020 αὐτοὺς,
3020 2956 3112 3008 καὶ
3135 2955 3577 3026 ἀλλαγήσονται·
3605 2958 3672 3010 σὺ
3695 2957 3749 3010 δέ

2163 3044 2192 3097 ὁ
2245 3044 2407 3108 αὐτὸς
2450 3039 2518 3111 εἶ,
2570 3044 2666 3098 καὶ⁸
2691 3041 2767 3098 τὰ
2809 3045 2908 3117 ἐτη
2949 3043 3041 3099 ἂου
3091 3047 3192 3099 οὐκ
3221 3045 3562 3116 ἐκλείψουσι.
3613 3063 3633 3099 ι
3684 3077 3751 3088 -

470 3160 627 3200 vena.
667 3162 688 3195 ι
741 3142 924 3210 Quare
959 3144 1161 3208 omnis,
1216 3143 1312 3208 ait,
1365 3143 1651 3198 hominum
1719 3150 1937 3210 natura,
2004 3153 2060 3200 et.

2170 3153 2184 3187 ι
2246 3135 2394 3206 Πλὴν
2440 3134 2510 3188 τὰ
2553 3135 2845 3206 σύμπαντα
2905 3136 3238 3209 ματαιότης,
3294 3139 3401 3200 πᾶς
3456 3137 3748 3209 ἅνθρωπος

471 3237 686 3302 divites,
721 3244 776 3290 et
808 3250 1098 3305 pauperes,
1137 3236 1330 3304 vapori
1363 3235 1572 3291 similes
1615 3244 1764 3303 sunt,
1819 3239 1911 3308 qui
1942 3238 2060 3294 dis-

472 3329 730 3391 solvitur,
780 3336 835 3381 et
871 3335 1080 3381 temere
1107 3342 1172 3381 ac
1207 3325 1410 3381 frustra
1441 3327 1735 3394 aediﬁcant,
1782 3329 2056 3398 plantam,

473 3421 696 3478 divitias
729 3428 780 3476 et
811 3418 1104 3475 facultates
1132 3427 1488 3489 congregant.

545 3587 710 3656 Vitis.
731 3598 783 3654 7.
809 3616 828 3650 ι
859 3596 1252 3653 Verumtamen
1277 3596 1332 3650 in
1365 3596 1604 3668 imagine
1631 3598 1830 3653 transit
1857 3597 2050 3666 homo,

471 3695 585 3750 imo
639 3691 844 3748 frustra
896 3691 1283 3746 conturbatur.
1345 3688 1662 3746 Thesauros
1718 3691 1950 3762 colligit,
1999 3701 2059 3748 et

469 3787 690 3858 ignorat
739 3783 834 3840 cui
877 3792 1314 3854 congregaturus
1367 3781 1466 3838 sit‘
1496 3797 1614 3838 eos.
1657 3802 1676 3835 ι
1733 3780 1900 3850 Nihil,
1955 3785 2056 3850 ait.

467 3878 713 3936 viventes
749 3876 1007 3931 homines
1056 3874 1320 3930 ditl‘erunt
1366 3873 1438 3930 ab
1480 3873 1571 3940 iis,
1599 3874 1695 3944 qui
1755 3874 1810 3929 in
1839 3875 2053 3944 pictura

465 3971 716 4043 expressi
746 3979 909 4027 sunt:
942 3969 1230 4039 aequaliter
1266 3969 1411 4024 enim
1440 3976 1494 4024 et
1531 3971 1728 4023 horum
1751 3976 1808 4022 et
1831 3968 2054 4025 illorum

469 4074 665 4121 natura
710 4075 958 4135 tempore
986 4062 1213 4129 labitur,
1261 4071 1315 4118 et
1334 4062 1733 4132 corrumpitur.
1761 4061 1928 4133 853
1950 4063 2054 4117 Ve-

466 4164 780 4212 rumtamen
811 4155 1178 4211 nihilominus
1200 4155 1453 4210 homines
1475 4155 1876 4210 contendentes
1924 4169 2050 4223 per-

469 4250 781 4312 turbantur,
812 4249 1164 4313 dimicantes,
1196 4247 1401 4302 bellum
1445 4254 1724 4318 gerentes,
1764 4245 2048 4316 negotian-

466 4352 587 4398 tes:
645 4352 700 4398 et
735 4342 924 4398 omnis
962 4342 1206 4396 humana
1245 4341 1357 4394 vita
1415 4347 1737 4408 tempestate
1780 4346 1836 4394 et
1872 4337 2050 4394 ﬂucti-

467 4433 569 4489 bus
601 4431 800 4488 referta
827 4441 932 4495 est,
966 4432 1125 4485 linem
1149 4428 1359 4484 habens
1398 4435 1632 4482 mortem
1667 4447 1680 4483 :
1710 4441 1838 4483 cum
1861 4427 2049 4483 labore

2161 3225 2270 3290 ζῶν
2290 3227 2356 3280 τί.
2390 3243 2410 3280 ι
2441 3227 2602 3280 ’Ὥστε
2626 3229 2799 3292 πᾶσα,
2833 3229 2989 3300 φησί,
3015 3229 3124 3281 τῶν
3153 3229 3463 3301 ἀνθρώπων
3492 3230 3528 3300 ἡ
3563 3229 3744 3299 φύσις,

2159 3317 2254 3370 καὶ
2283 3317 2332 3369 οἱ
2372 3316 2753 3381 πλουτοῦντες,
2785 3316 2879 3371 καὶ
2911 3318 2961 3370 oi
2999 3318 3308 3389 πενόμενοι,
3339 3316 3502 3388 ἀτμῷ
3543 3318 3746 3372 ἐοίκασι

2156 3409 2494 3482 διαλυομένῳ
2517 3451 2534 3478 ,
2569 3410 2664 3464 καλ
2695 3412 2818 3480 εικῆ
2860 3412 2958 3465 καὶ
2993 3411 3174 3482 μάτην
3225 3410 3576 3482 οἰκοδομοῦσι
3599 3453 3614 3478 ,
3645 3427 3745 3483 φυ-

2153 3502 2371 3556 τεύουσι
2397 3504 2468 3570 ⁷²,
2501 3502 2731 3557 πλοῦτον
2757 3506 2850 3558 καὶ
2879 3504 3200 3575 περιουσίαν
3220 3504 3267 3536 ⁷³
3299 3503 3676 3575 ἀθροίζουσιν.

2225 3596 2291 3660 ζ’.
2327 3612 2346 3646 ι
2385 3595 2585 3649 Μέντοι
2615 3611 2680 3664 γε
2715 3597 2773 3650 ἐν
2807 3596 2978 3649 εικόνι
3008 3597 3394 3666 διαπορεύεται
3428 3596 3742 3667 ἄνθρωπος,

2155 3687 2296 3760 πλὴν
2329 3689 2508 3760 μάτην
2541 3688 2900 3760 ταράσσεταιι
2940 3689 3298 3761 Θησαυρίζει,
3352 3690 3448 3743 καὶ
3477 3689 3542 3745 οὐ
3577 3689 3740 3759 γινώ-

2158 3797 2279 3833 σκει
2311 3780 2419 3834 τίνι
2466 3781 2684 3846 συνάξει
2730 3782 2892 3837 αὐτά.
2953 3802 2972 3834 ι
3029 3782 3222 3849 Οὐδὲν,
3255 3781 3390 3853 φησὶ
3417 3782 3486 3848 ’⁸,
3538 3783 3652 3836 τῶν
3688 3785 3740 3836 ἐν

2155 3871 2326 3926 εἰκόνι
2370 3873 2774 3944 γεγραμμένων
2805 3876 2854 3928 οἱ
2894 3874 3097 3940 ζῶντες
3142 3876 3497 3948 διαφέρουσιν
3533 3878 3744 3950 ἄνθρω-

2153 3978 2284 4015 ποιο
2339 3962 2539 4032 ὁμοίως
2586 3963 2696 4033 γὰρ
2753 3963 2854 4018 καὶ
2909 3964 3118 4018 τούτων
3171 3967 3441 4022 κάκείνων
3486 3970 3522 4038 ή
3576 3970 3741 4038 φύσις

2151 4051 2381 4124 ὑπορρεῖ
2405 4052 2483 4125 τῷ
2505 4053 2684 4126 χρόνῳ
2715 4056 2809 4109 καὶ
2838 4055 3246 4128 διαφθείρεται.
3291 4059 3429 4112 Ἀλλ’
3458 4059 3618 4130 ὅμως
3655 4061 3742 4114 οὐ·

2150 4143 2239 4196 δέν
2265 4139 2427 4216 ἦττον
2456 4145 2911 4218 διαταράττονται
2951 4149 2997 4181 ⁷⁸
3030 4149 3501 4219 φιλονεικοῦντες,
3535 4152 3740 4223 διαμα-

2151 4235 2404 4307 χόμενοι,
2452 4238 2843 4309 πολεμοῦντες,
2897 4241 3367 4313 ἐμπορευόμενοι·
3423 4244 3520 4296 καὶ
3569 4243 3739 4313 ζάλης

2151 4327 2298 4392 ἅπας
2328 4331 2358 4382 ὁ
2403 4327 2516 4397 βίος
2562 4329 2780 4399 μεστὸς,
2828 4331 2980 4394 τέλος
3013 4332 3154 4402 ἔχων
3197 4333 3291 4388 τὸν
3321 4332 3566 4386 θάνατον
3588 4349 3607 4365 ο
3641 4335 3738 4386 σὺν

2150 4420 2298 4489 πόνῳ
2325 4420 2386 4475 δέ
2414 4421 2597 4492 πολλῷ
2634 4421 2730 4476 καὶ
2759 4422 2945 4494 ἱδρῶτι
2968 4423 3062 4478 τὸν
3099 4423 3336 4479 πλοῦτον
3359 4423 3732 4494 ἀθροίζοντες.

466 4540 596 4580 vero
635 4525 811 4580 multo
841 4532 896 4578 et
948 4524 1153 4578 sudore
1181 4535 1315 4589 opes
1367 4528 1750 4589 congerentes,
1793 4520 2049 4575 nesciunt

2170 4513 2242 4566 τὸν
2293 4513 2552 4583 ἐσόμενον
2597 4513 2698 4565 οὐκ
2733 4513 2881 4567 ίσασι
2916 4515 3278 4586 κληρονόμον.
3330 4514 3504 4567 Τοῦτο
3533 4514 3591 4566 δὲ
3643 4514 3738 4567 καὶ

466 4610 712 4666 futurum
731 4609 1022 4665 haeredem.
1057 4606 1174 4663 Hoc
1207 4621 1340 4661 vero
1371 4606 1562 4661 beatus
1597 4606 1764 4661 David
1786 4607 1894 4672 his,
1919 4624 2044 4679 quae

2170 4625 2176 4654 ι
2213 4603 2486 4675 μακάριος
2503 4605 2550 4636 ⁷⁸
2579 4605 2748 4659 Δαϐὶδ
2781 4606 2876 4660 καὶ
2908 4607 2972 4660 ἐκ
3012 4609 3124 4660 τῶν
3160 4607 3287 4661 καθ’
3325 4606 3520 4662 ἑαυτὸν
3551 4605 3737 4660 κινού-

463 4711 720 4771 expertus
751 4708 892 4766 erat,
925 4705 1210 4769 permotus
1233 4697 1476 4766 scripsit.
1518 4697 1732 4752 Etenim
1781 4713 1906 4752 cum
1957 4715 2044 4754 re-

463 4809 631 4861 gnum
692 4793 996 4847 maximum
1036 4800 1090 4846 et
1131 4790 1285 4846 valde
1328 4789 1550 4845 illustre
1574 4787 1903 4845 reddidisset
1935 4805 2035 4860 per

539 4904 560 4944 ί
594 4904 740 4963 Psal.
779 4921 1006 4970 eum,
1057 4904 1111 4960 ι.
1189 4905 1216 4945 ⁸
1253 4901 1400 4961 Psal.
1477 4919 1554 4971 et,
1593 4901 1686 4967 26,
1759 4903 1855 4960 27.

2152 4713 2312 4766 μενος
2349 4697 2617 4767 γέγραφε.
2653 4698 2780 4762 Τοῖς
2809 4699 2918 4769 γὰρ
2949 4700 3016 4753 ἐκ
3051 4698 3162 4754 τῶν
3209 4700 3464 4768 πολέμων
3486 4699 3533 4731 ⁷⁷
3565 4699 3741 4768 λαφύο

2151 4805 2296 4860 ροις,
2331 4791 2426 4843 καὶ
2457 4787 2537 4860 τῷ
2567 4789 2722 4861 παρά
2770 4790 2880 4845 τῶν
2924 4790 3242 4861 ἀλλοφύλων
3289 4791 3583 4862 φερομένῳ
3642 4791 3738 4844 δα-

1579 5016 1814 5073 VARUE
1857 5009 2247 5074 LEGTIO'NES
2273 5013 2360 5069 ET
2397 5009 2633 5071 ΝΟΤΕ.

564 5107 611 5147 κ
659 5105 783 5183 eod.
829 5109 864 5183 ξ’)
903 5109 1263 5183 ἑρμηνευσεν.

1367 5109 1416 5144 ⁸³
1447 5113 1570 5169 cod.
1612 5112 1636 5166 1
1680 5115 2057 5182 ἀναλάμποντι

2170 5109 2288 5182 30d.
2329 5112 2381 5182 _3
2428 5109 2748 5182 ἀναπολᾷν,
2789 5113 3366 5182 ίιυιιιιιίιιοεῑθιιίοιοιιι
3427 5112 3728 5170 lectionem

461 5185 628 5240 etiam
672 5179 864 5264 Montl‘.
893 5179 952 5236 in.
975 5179 1135 5240 'co'dd.
1181 5183 1461 5264 nonnullis
1495 5184 1723 5264 invenit,
1759 5179 1912 5264 u_t‘i'_n_
1939 5179 2195 5264 llexayli's
2227 5180 2384 5264 ad.h.
2410 5179 2661 5264 I_._r_ei'(_3rt.
2695 5179 2934 5264 ..δίοοψ
2967 5179 3086 5264 Ξίᾶν
3110 5183 3418 5264 ἐκαιόμηνζ.
3474 5185 3522 5264 ξ’
3559 5187 3731 5264 ‘A_rc_t-

459 5252 957 5336 ιιιμνησκόμεζος
975 5283 1044 5295 -—
1261 5253 1386 5310 Des.
1499 5255 1619 5346 (and:
1641 5253 1711 5346 ll.
1771 5254 2002 5346 ¹Ἰλίου3
2027 5269 2060 5305 τ

2170 5251 2277 5346 36?.
2407 5252 2527 5346 cod.
2693 5251 2736 5283 ⁸⁷
2763 5250 3171 5346 Πυρίκοξκμβ
3210 5250 3360 5346 addit
3397 5253 3518 5346 erat
3559 5257 3733 5346 αξη-ης

467 5321 1353 5463 9335;2‘3221‘132’35”iiii?
1396 5323 2060 5466 νξζτθὲἷξ¹ί³τὲξιῖξ³ιξξρζῗῗῖ

2170 5321 2361 5376 tabent
2397 5321 2660 5386 παλαιὰς.
2725 5331 2848 5392 (ιιιώ
2888 5329 2970 5377 est
3019 5321 3184 5378 lectio
3230 5325 3353 5378 cod.
3399 5324 3576 5380 Vatic.
3608 5321 3726 5380 h.l.

2170 5391 2232 5466 .i_o
2277 5393 2412 5466 satis
2467 5392 2609 5466 bene
2667 5385 3011 5466 [espondct.__
3041 5393 3105 5466 “°
3137 5395 3290 5466 coda
3325 5393 3343 5448 Ι
3377 5396 3727 5465 τελευτῆσαι.

468 5460 514 5492 ⁸¹
567 5460 869 5515 Ot').'AlteSt
897 5480 926 5516 a
958 5460 1081 5519 cdd.
1111 5464 1166 5519 2.
1271 5462 1315 5498 “
1333 5467 1456 5519 coul.
1497 5464 1533 5518 2
1562 5465 1740 5519 οὐδέν.

467 5528 557 5583 τά.

1855 5463 1901 5495 ⁸³
1927 5463 2047 5518 cod.
2074 5459 2110 5516 2
2147 5461 2223 5516 τί.
2299 5460 2344 5494 ⁸⁸
2380 5457 2503 5516 cod.
2530 5463 2564 5516 2
2609 5457 2793 5516 τοῦτο.-

2837 5461 3151 5534 .A‘9Xl1ta.,
3193 5465 3316 5520 cod.
3376 5466 3426 5529 t,
3459 5467 3492 5520 2
3539 5461 3729 5534 prem.

639 5525 892 5605 ⁶⁶ζξνπάΔ
917 5536 1036 5590 cod.
1075 5536 1180 5600 1,2
1203 5537 1280 5589 ἐν.
1357 5536 1400 5568 ⁸⁷
1433 5537 1558 5589 cod.
1594 5534 1801 5590 Ξὼσεί.
1878 5533 1924 5565 ⁸⁸
1951 5527 2060 5605 cod

2183 5531 2354 5605 χθές.-
2408 5533 2453 5564 ⁶⁹
2484 5533 2607 5605 c0d_.
2637 5532 2688 5605 2A
2703 5531 2987 5605 παρῆλθε.Δ
3049 5533 3098 5564 ⁷⁸
3136 5527 3252 5587 Ἔν.
3293 5525 3422 5590 cod.
3472 5536 3506 5590 2
3536 5525 3730 5605 prtem.

469 5599 524 5667 ἡ.
597 5600 653 5674 "7
687 5599 834 5674 Ζῶν,
865 5602 1032 5660 Abest
1066 5622 1094 5659 a
1119 5599 1240 5660 eod.
1277 5606 1331 5660 2.
1409 5607 1455 5637 τ’
1481 5606 1842 5662 Φυτεύουσι.
1880 5603 2004 5658 cod.
2034 5603 2060 5674 il

2177 5600 2456 5665 ditcolon,
2487 5600 2613 5656 cod.
2659 5600 2693 5655 2
2733 5599 2913 5674 autem
2973 5602 3082 5674 hoc
3129 5605 3354 5674 verbum
3407 5599 3590 5674 jungit
3644 5620 3735 5660 se-

470 5673 656 5744 quenti
695 5673 897 5744 nomini
939 5675 1194 5740 πλοῦτον,
1246 5676 1331 5730 cui
1367 5688 1594 5728 comma
1659 5675 1971 5744 apponitur.
2030 5673 2060 5729 l

2170 5686 2273 5744 que
2337 5675 2508 5744 codex
2563 5673 2923 5744 praemuniat.

470 5738 517 5772 ⁷⁸
554 5743 727 5813 Φησί.
759 5745 924 5802 Abest
969 5763 999 5801 a
1041 5738 1251 5802 cod.i5.
1325 5747 1370 5777 ⁷⁵
1400 5745 1523 5800 cod.
1577 5745 1599 5800 t
1639 5738 2085 5817 διαπράττονται.

3040 5673 3098 5745 τί
3132 5667 3254 5745 eod.
3297 5673 3346 5745 2
3384 5667 3730 5745 περιουσίας.

2163 5743 2209 5776 ⁷⁸
2241 5739 2718 5812 Μακάριος-ζεοά.
2751 5739 2787 5797 2
2813 5743 2976 5809 θεῖος.
3019 5743 3100 5820 ..⁷⁷
3138 5744 3263 5800 cod.
3293 5744 3328 5800 5
3354 5739 3659 5815 πολεμίων.
