3870 6318
424 293 554 360 1151

1415 296 1907 357 THEODORETI
1939 293 2280 356 EPISCOPI
2308 293 2680 358 CYRENSIS

3555 285 3694 349 1152

420 408 671 479 regrinus
707 406 852 466 sicut
875 423 1065 464 omnes
1093 418 1274 479 patres
1307 408 1437 464 mei.
1469 407 1870 464 Remissionem
1917 407 1998 462 in-

2128 405 2510 478 ιαρεπίδημος,
2553 405 2738 472 καθὼς
2771 406 2972 473 πάντες
3009 409 3058 460 οἱ
3093 405 3329 477 πατέρες
3354 422 3480 476 μου.
3530 403 3695 469 Ἀνες

419 497 582 571 dulge
604 499 758 564 milii,
793 509 853 554 ut
887 515 1126 554 recreem
1156 499 1322 570 855
1346 514 1432 554 me
1460 499 1780 570 priusquam
1804 499 1998 554 abeam

420 599 476 647 et
503 591 742 661 amplius
775 606 882 645 non
911 605 1025 644 ero.
1063 609 1083 642 ι
1141 590 1184 645 '1‘
1191 591 1285 656 ibi,
1338 589 1590 656 Domine,
1622 591 1824 663 inquit,
1874 607 2002 662 snp-

421 684 584 754 plico,
611 682 808 738 exaudi
850 699 936 737 me
963 683 1368 748 obsecrantem,
1439 692 1494 738 et
1560 699 1685 738 cum
1742 684 2002 756 lacrymis

423 777 834 846 deprecantem.
868 775 986 828 Non
1031 776 1180 830 enim
1230 775 1482 830 inliabito
1528 783 1734 830 terram
1775 784 1833 829 ut
1873 790 2002 846 pro-

420 871 622 941 priam,
674 867 769 925 sed
796 878 1059 938 tanquam
1106 869 1433 938 peregrinus
1490 868 1694 934 incolo,
1755 876 1811 923 et
1860 869 2005 924 sicut

422 978 613 1018 omnes
646 972 828 1030 patres
859 963 984 1028 mei,
1045 972 1338 1032 postquam
1375 977 1566 1031 parum
1617 962 1881 1032 temporis
1920 963 2004 1016 vi-

421 1068 578 1118 xero,
595 1063 828 1107 mortem
845 1052 1028 1107 obibo.
1050 1052 1250 1107 Breves
1275 1053 1460 1123 itaque
1486 1053 1734 1107 inducias
1763 1053 2002 1122 indulge,

423 1147 482 1195 ut
507 1157 708 1211 paucos
738 1141 855 1197 dies
880 1141 998 1197 sine
1019 1141 1302 1196 doloribus
1334 1142 1441 1196 vita
1485 1141 1657 1207 fruar,
1687 1142 2004 1214 priusquam

421 1249 453 1288 e
487 1235 597 1288 vita
629 1233 864 1287 avolem.
901 1233 1168 1303 Egressus
1200 1234 1349 1288 enim
1391 1249 1502 1289 non
1559 1245 1825 1290 revertar.
1893 1235 2007 1292 Hoc

422 1326 570 1380 enim
601 1325 759 1390 dixit,
797 1325 1026 1395 amplius
1060 1342 1164 1378 non
1185 1342 1297 1392 ero,
1329 1327 1433 1380 hoc
1458 1335 1563 1390 est,
1605 1327 1658 1381 in
1690 1327 1834 1383 hanc
1881 1343 2006 1384 cor-

425 1425 640 1486 ruptam
667 1416 832 1470 vitam
867 1431 974 1470 non
1002 1428 1266 1472 revertar.
1321 1417 1595 1473 Caeterum
1652 1433 1870 1489 aequum
1926 1429 2010 1475 est

427 1526 688 1580 maguum
721 1507 978 1564 Davidem
1016 1511 1304 1576 admirari,
1342 1512 1437 1581 qui
1468 1527 1592 1566 cum
1627 1521 1774 1566 esset
1824 1512 1879 1566 in
1929 1528 2012 1568 re-

428 1620 556 1674 gno,
595 1613 649 1660 et
679 1605 877 1675 cupiis,
911 1615 1077 1676 atque
1125 1606 1393 1676 potentia,
1427 1607 1672 1676 seipsum
1740 1606 2008 1662 advenam

427 1708 482 1753 et
513 1699 863 1768 peregrinum
898 1699 1165 1764 nominat,
1190 1709 1243 1753 et
1273 1697 1518 1754 felicitati
1546 1699 1825 1754 conlidere
1849 1700 2012 1753 mini-

431 1804 518 1844 me
552 1790 688 1844 vult.
717 1788 852 1844 Nam
887 1805 1076 1845 revera
1103 1790 1220 1845 haec
1251 1791 1417 1846 verba
1451 1806 1577 1844 cum
1609 1791 1881 1861 sapientia
1929 1791 2011 1845 di-

429 1888 516 1937 eta
553 1891 702 1946 sum,
727 1898 848 1952 quae
881 1898 1066 1937 rerum
1094 1891 1348 1938 naturam
1376 1885 1504 1950 scit,
1532 1892 1587 1939 et
1617 1885 1720 1939 hac
1746 1884 1814 1939 de
1841 1899 2010 1941 causa

430 1985 752 2045 pmsentem
786 1973 1102 2029 felicitatem
1136 1974 1390 2044 despicit.

788 2085 806 2105 ⁶
835 2081 1110 2138 INTERP.
1145 2082 1398 2138 PSALMI
1431 2083 1682 2140 XXXIX.

505 2195 674 2250 Vsus.
706 2196 758 2250 Ι.
797 2213 816 2249 ι
857 2196 917 2249 ln
959 2195 1142 2260 tinem,
1180 2197 1424 2266 psalmus
1459 2197 1673 2252 Davidi.
1716 2217 1734 2250 ι
1777 2197 2014 2265 Quidam

434 2288 500 2342 de
526 2287 688 2342 beato
712 2284 953 2341 Jeremia
984 2288 1132 2341 hunc
1164 2288 1434 2357 psalmum
1480 2287 1826 2357 interpretati
1861 2299 2010 2354 sunt,

433 2381 525 2434 alii
555 2385 622 2434 de
647 2379 956 2434 admirabili
985 2378 1225 2444 Daniele,
1295 2381 1555 2450 quoniam
1627 2381 1716 2435 hic
1747 2390 1800 2436 et
1838 2381 1928 2436 ille
1962 2381 2016 2434 in

436 2474 614 2527 lacum
653 2472 935 2541 conjectus
969 2471 1095 2534 fuit,
1127 2473 1413 2526 exordium
1449 2481 1629 2525 autem
1679 2472 1872 2541 psalmi
1937 2472 2018 2526 la-

436 2578 535 2616 eus
561 2562 897 2615 mentionem
965 2560 1114 2615 facit.
1166 2560 1279 2614 Hoc
1327 2577 1494 2614 unum
1560 2561 1744 2629 itaque
1790 2561 2016 2615 verbum

435 2657 800 2720 attendentes,
835 2657 889 2710 in
925 2656 1079 2709 ἰΙΙιιιιι
1115 2670 1336 2710 sensum
1369 2654 1534 2709 delati
1559 2664 1706 2710 sunt.
1730 2652 1900 2708 Porro
1917 2653 2019 2707 ali-

435 2749 532 2820 qui
563 2751 794 2820 captivis
826 2749 1160 2821 Babylonem
1195 2747 1568 2801 habitantibus
1594 2747 1863 2816 psalmum
1883 2762 2020 2816 qua-

435 2845 598 2898 drare
625 2844 906 2897 dixerunt.
937 2841 1049 2909 Ego
1077 2850 1262 2894 autem
1317 2840 1624 2894 secundum
1680 2839 1908 2907 ﬁguram
1953 2838 2021 2892 de

438 2935 548 2989 illis
598 2935 845 3005 quidem,
897 2950 1019 3004 quae
1078 2935 1182 3003 ipsi
1220 2931 1406 2986 Davidi
1478 2933 1817 2998 acciderunt,
1876 2931 2021 2985 hunc

2107 517 2221 570 μοι,
2270 501 2357 554 ἵνα
2388 500 2652 570 ἀποψύξω
2687 501 2796 573 πρὸ
2829 502 2924 554 τοῦ
2961 518 3027 572 με
3056 498 3335 563 ἀπελθεῖν,
3361 498 3458 552 καὶ
3497 497 3692 550 οὐκέτι

2102 591 2165 644 οὐ
2205 591 2279 662 μὴ
2333 593 2581 664 ὑπάρξω.
2637 613 2655 646 ι
2737 593 3082 658 ⁹1κετεύωσε
3108 594 3149 655 ³,
3201 591 3357 662 φησὶ,
3414 589 3693 655 Δέσποτα,

2104 685 2426 738 εἰσάκουσον
2454 685 2825 756 ποτνιωμένου
2857 685 2952 740 καὶ
3009 684 3152 756 μετά
3181 683 3437 756 δακρύων
3467 683 3696 736 ἀντιϐο-

2103 777 2326 840 λοῦντος
2351 780 2394 832 ¹.
2429 777 2565 830 Οὐδὲ
2597 779 2706 849 γάρ
2737 777 2978 832 κατοικῶ
2999 777 3097 849 τὴν
3125 778 3228 850 γῆν
3251 777 3292 842 ³,
3328 770 3463 830 ἀλλά
3496 793 3698 846 παροι-

2108 870 2212 936 κῶ,
2249 870 2479 934 καὶτοῖς
2507 869 2750 941 πατράσι
2788 870 3211 941 παραπλησίως,
3259 869 3445 938 ὀλίγον
3485 867 3699 938 βιώσας

2107 963 2323 1034 χρόνον,
2359 961 2453 1016 τὸν
2483 963 2714 1016 θάνατον
2744 962 2990 1032 δέξομαι.
3016 963 3239 1034 Μικρᾶς
3269 963 3450 1014 τοίνυν
3477 963 3697 1015 ἀνακω-

2108 1054 2209 1124 χῆς
2245 1071 2336 1124 μοι
2367 1055 2616 1126 μετάδος,
2671 1055 2759 1108 ἵνα
2784 1054 2971 1123 ὀλίγας
2994 1053 3126 1122 γοῦν
3166 1054 3378 1124 ἡμέρας
3419 1053 3547 1122 δίχα
3574 1051 3698 1106 ὀδύ-

2108 1165 2207 1217 νης
2243 1147 2446 1217 βιώσω,
2492 1150 2624 1218 πρὶν
2655 1146 2804 1200 τόνδε
2843 1147 2936 1199 τὸν
2979 1144 3093 1216 βίον
3126 1144 3466 1212 ὑπεξελθεῖν.
3511 1144 3699 1208 Ἐξελ-

2110 1241 2222 1295 θὼν
2256 1241 2365 1312 γὰρ
2394 1242 2494 1294 οὐκ
2526 1240 2853 1312 ἀναστρέψω
2870 1242 2913 1294 ⁵.
2945 1239 3117 1294 Τοῦτο
3138 1240 3158 1272 ⁸
3211 1240 3318 1309 γὰρ
3347 1236 3528 1303 εἶπεν,
3559 1241 3701 1292 οὐκ-

2109 1332 2199 1387 ἐτι
2222 1335 2294 1388 οὐ
2310 1333 2396 1403 μὴ
2418 1332 2687 1402 ὑπάρξω,
2707 1333 2979 1398 τουτέστι,
3002 1332 3139 1403 πρὸς
3176 1332 3267 1384 τὸν
3300 1332 3549 1402 φθαρτὸν
3577 1331 3700 1385 τοῦ-

2111 1442 2203 1480 τον
2225 1425 2325 1478 οὐκ
2378 1423 2706 1494 ἀναστρέψω
2743 1423 2879 1493 βίον.
2933 1423 3228 1493 Θαυμάσαι
3267 1423 3325 1476 δὲ
3380 1423 3556 1488 ἀξιον,
3609 1421 3701 1475 τὸν

2116 1518 2290 1590 μέγαν
2333 1518 2500 1572 Δαϐὶδ
2536 1520 2594 1570 ὲν
2637 1517 2909 1587 βασιλείᾳ,
2965 1517 3056 1570 καὶ
3109 1516 3348 1586 πλούτῳ,
3381 1517 3476 1570 καὶ
3539 1517 3700 1568 62m.-

2115 1611 2268 1683 στείᾳ
2287 1612 2328 1676 ⁸,
2353 1610 2617 1683 πάροικον
2635 1611 2832 1663 ἑαυτὸν
2851 1609 3235 1662 ἀποκαλοῦντα
3261 1610 3355 1662 καὶ
3383 1609 3698 1679 παρεπίδη-

2118 1717 2236 1771 μον,
2261 1702 2354 1753 καὶ
2381 1703 2447 1771 τῇ
2471 1699 2738 1772 εὐκληρίᾳ
2767 1699 3044 1771 θαρρῆσαι
3078 1699 3152 1770 μὴ
3185 1699 3588 1769 ἀνασχόμενον.
3612 1697 3702 1767 Τῷ

2113 1795 2228 1848 ὄντι
2263 1795 2372 1866 γὰρ
2399 1794 2592 1863 σοφίας
2624 1795 2797 1865 μεστά
2826 1794 2895 1847 τὰ
2926 1796 3153 1865 ῥήματα
3177 1793 3219 1856 ⁷,
3249 1794 3343 1846 καὶ
3383 1793 3488 1862 τὴν
3537 1791 3703 1862 φύσιν

2114 1887 2219 1940 τῶν
2249 1888 2418 1940 ὄντων
2457 1887 2854 1957 ἐπισταμένης,
2886 1887 2979 1940 καὶ
3012 1886 3204 1939 τούτου
3241 1886 3403 1958 χάριν
3431 1887 3532 1954 τῆς
3559 1900 3701 1956 παρ-

2113 1978 2279 2050 ούσης
2309 1979 2612 2050 εὐημερίας
2647 1979 3126 2050 καταφρονούσης.

2425 2093 2692 2148 ΕΡΜΙΙΝ.
2735 2094 2875 2147 ΤΟΥ
2913 2093 3016 2147 ΛΘ¹
3071 2094 3394 2147 ΨΑΛΜΟΥ.

2188 2213 2258 2262 α’.
2297 2225 2315 2258 ι
2356 2206 2450 2266 Είς
2490 2204 2552 2258 τὸ
2578 2207 2750 2270 τέλος.
2797 2207 2874 2277 τῷ
2901 2207 3063 2260 Δαϐὶδ
3099 2206 3332 2276 ψαλμός.
3370 2225 3388 2257 ι
3431 2207 3594 2270 Τινὲς
3626 2208 3706 2272 είς

2119 2297 2210 2350 τὸν
2244 2297 2516 2368 μακάριον
2538 2297 2559 2327 ⁸
2605 2297 2877 2367 Ἰερεμίαν
2900 2297 3089 2350 τοῦτον
3123 2297 3323 2350 ἔλαϐον
3348 2298 3445 2350 τὸν
3463 2297 3705 2368 ψαλμὸν,

2118 2388 2265 2451 τινὲς
2291 2389 2372 2451 είς
2398 2388 2492 2441 τὸν
2518 2387 2825 2458 θαυμάσιον
2847 2387 3077 2459 Δανιὴλ·
3107 2389 3300 2459 ἐπειδὴ
3329 2389 3587 2453 κάκεῖνος
3618 2392 3710 2443 καὶ

2119 2475 2272 2544 οὗτος
2312 2483 2391 2544 είς
2433 2482 2638 2534 λάκκον
2685 2481 3017 2552 ἐϐλήθησαν,
3077 2483 3357 2554 μέμνηται
3397 2482 3456 2536 δὲ
3498 2482 3705 2536 λάκκου

2119 2569 2214 2623 τοῦ
2243 2569 2462 2638 ψαλμοῦ
2493 2569 2552 2622 τὸ
2580 2571 2868 2640 προοίμιον
2889 2587 2902 2599 ·
2932 2571 3027 2623 καὶ
3049 2570 3127 2640 τῷ
3159 2571 3240 2624 ἐνὶ
3264 2573 3702 2642 προσεσχηκότες

2123 2661 2293 2735 ῥητῷ,
2354 2664 2435 2725 είς
2473 2661 2688 2732 ἐκείνην
2747 2663 3048 2732 ἐτράποντο
3099 2663 3200 2732 τὴν
3249 2663 3512 2717 διάνοιαν.
3551 2665 3709 2727 Τινὲς

2121 2755 2179 2808 δὲ
2218 2758 2332 2819 τοῖς
2363 2757 2619 2826 οίκήσασι
2643 2756 2742 2827 τὴν
2777 2755 3079 2809 Βαϐυλῶνα
3102 2755 3466 2827 δορυαλώτοις
3499 2757 3708 2827 ἁρμάτι-

2122 2863 2237 2900 τειν
2276 2847 2486 2917 ἔφασαν
2531 2848 2624 2900 τὸν
2661 2847 2896 2919 ψαλμόν.
2964 2847 3104 2916 Ἐγὼ
3138 2848 3195 2901 δὲ
3220 2849 3469 2911 τυπικῶς
3500 2850 3603 2919 μὲν
3633 2852 3710 2912 είς

2122 2939 2192 2992 τά
2237 2938 2628 3010 συμϐεϐηκότα
2669 2938 2746 3007 τῷ
2795 2938 2961 2992 Δαϐὶδ
3005 2939 3240 2993 τοῦτον⁹
3291 2939 3710 3010 συγγεγράφθαι

438 3028 808 3096 conscriptum
841 3043 965 3082 esse
1012 3028 1227 3096 Opinor,
1268 3024 1457 3080 referri
1529 3041 1661 3080 vero
1716 3026 1880 3078 etiam
1953 3023 2017 3078 ad

2128 3032 2373 3104 νομίζωο
2428 3031 2802 3103 ἀναφέρεσθαι
2853 3032 2911 3085 δὲ
2969 3031 3070 3086 καλ⁸
3123 3035 3202 3096 είς
3255 3032 3548 3086 ἀπασανη
3605 3033 3713 3086 τῶν

437 3135 658 3174 onmem
697 3121 983 3174 hominum
1003 3130 1277 3184 naturam,
1305 3134 1428 3187 quae
1455 3135 1605 3187 spem
1641 3117 1810 3189 856
1838 3133 2019 3173 resur-

2128 3123 2437 3195 ἀνθρώπων
2474 3125 2575 3195 τὴν
2627 3124 2815 3194 φύσιν,
2862 3123 2967 3177 ὑπὸ
3013 3123 3108 3176 τοῦ
3138 3123 3276 3178 Θεοῦ
3308 3125 3406 3177 καὶ
3459 3124 3714 3196 Σωτῆρος

442 3213 599 3284 gendi
662 3228 692 3266 a
747 3211 858 3266 Deo
905 3210 1191 3265 Salvatore
1251 3220 1440 3264 nostro
1487 3212 1716 3278 accvpit.
1761 3210 1814 3262 In
1881 3210 2019 3264 hanc

2128 3217 2287 3287 ἡμῶν
2315 3216 2416 3279 τὰς
2465 3217 2564 3287 τῆς
2597 3215 2952 3278 ἀναστάσεως
2998 3215 3298 3286 δεξαμένην
3334 3215 3585 3279 ἐλπίδας.
3611 3215 3713 3279 BL:

445 3317 573 3358 vero
600 3302 927 3357 sententiam
960 3302 1180 3356 divinus
1218 3302 1418 3354 Paulus
1469 3317 1569 3356 nos
1609 3303 1778 3364 ducit,
1830 3301 1924 3370 qui
1969 3301 2019 3354 in

2128 3310 2186 3363 δὲ
2222 3308 2430 3378 ταύτην
2487 3309 2636 3378 ἡμᾶς
2683 3306 2914 3374 ποδηγεῖ
2955 3305 3056 3375 τὴν
3090 3304 3334 3359 διάνοιαν
3364 3307 3393 3358 ὸ
3418 3304 3709 3368 Θεσπέσιος

444 3396 688 3466 Epistola
723 3399 788 3450 ad
820 3395 1098 3463 Hebrzeos,
1148 3397 1460 3465 aliquorum
1529 3412 1594 3450 ex
1635 3397 1700 3450 iis
1754 3409 1876 3463 quce
1939 3395 2019 3449 hic

2129 3399 2364 3463 Παῦλος,
2388 3401 2445 3452 ὲν
2468 3401 2535 3470 τῇ
2560 3397 2698 3467 πρὸς
2726 3397 3016 3468 Ἐϐραίους
3065 3397 3326 3468 ἐπιστολῇ
3353 3397 3536 3468 ῥητῶν
3558 3398 3713 3451 ἐνίων

445 3488 705 3542 dicuntur
742 3487 1015 3540 meminit.

517 3577 684 3634 Vens.
706 3577 762 3644 2,
786 3579 839 3633 5.
878 3597 897 3630 ι
934 3577 1267 3647 Exspectans
1296 3578 1603 3646 exspectavi
1632 3576 1943 3641 Dominum,
1975 3587 2030 3635 et

447 3671 760 3726 attenditad
800 3686 904 3725 me.
939 3668 1005 3723 Et
1032 3669 1310 3724 exaudivit
1333 3685 1522 3739 preces
1557 3685 1728 3733 meas,
1757 3679 1814 3725 et
1839 3671 2031 3727 eduxit

450 3779 592 3821 mee
642 3764 762 3819 lacu
804 3763 1064 3827 miseriae,
1120 3771 1230 3818 ete
1282 3763 1394 3818 luto
1446 3763 1616 3819 faecis.
1651 3783 1669 3815 ›
1706 3762 2033 3834 Congruunt

451 3860 567 3913 hac
591 3857 756 3912 etiam
783 3858 944 3912 beato
980 3856 1192 3919 Davidi,
1249 3867 1302 3911 et
1333 3871 1578 3911 consona
1639 3865 1771 3912 sunt
1833 3871 2034 3926 prrece-

449 3953 597 4009 denti
637 3955 870 4024 psalmo.
897 3952 1030 4007 Nam
1073 3953 1126 4006 in
1159 3953 1252 4006 illo
1279 3954 1497 4022 quidem
1529 3953 1704 4006 dixit:
1745 3972 1763 4004 ι
1795 3951 2030 4018 Exaudi,

451 4046 699 4112 Domine,
719 4047 1020 4101 orationem
1042 4061 1241 4110 meam,
1268 4047 1777 4115 etdeprecationcm
1815 4061 1989 4100 meam
2018 4062 2031 4098 :

453 4141 681 4195 auribus
709 4142 927 4210 percipe
951 4140 1135 4194 ﬂetum
1190 4156 1414 4195 meum:
1475 4157 1541 4194 ne
1595 4142 1781 4203 sileas,
1833 4142 2033 4196 remis-

455 4231 665 4286 sionem
700 4232 918 4303 indulge
945 4233 1079 4286 mihi
1139 4243 1198 4286 ut
1253 4249 1495 4287 rccreem
1551 4249 1637 4286 me
1711 4234 2032 4304 priusquam

457 4323 672 4388 abeam,
698 4334 752 4377 et
777 4324 1015 4394 amplius
1046 4338 1159 4376 non
1202 4338 1318 4378 ero.
1371 4343 1389 4376 ι
1426 4320 1487 4377 Ει
1554 4327 1718 4392 paulo
1775 4328 2036 4396 superius

2137 3491 2400 3564 μνησθείς
2426 3490 2489 3546 ¹¹.

2205 3585 2270 3656 β’,
2313 3584 2384 3653 γ’.
2439 3603 2458 3637 ι
2513 3584 2838 3653 Ὑπομένων
2889 3583 3168 3654 ὑπέμεινα
3219 3583 3313 3636 τὸν
3352 3582 3585 3655 Κύριον,
3628 3583 3718 3636 καὶ

2134 3676 2406 3750 προσέσχε
2437 3693 2548 3746 μοι.
2581 3675 2690 3727 Καὶ⁵
2717 3673 3005 3744 είσήκουσε
3045 3673 3147 3743 τ’ἡς
3183 3672 3423 3742 δεήσεως
3459 3691 3587 3744 μου,
3626 3678 3719 3724 καὶ

2135 3769 2382 3838 ἀνήγαγέ
2421 3785 2487 3838 με
2522 3767 2586 3820 ἐκ
2609 3765 2816 3822 λάκκου
2847 3765 3244 3835 ταλαιπωρίας,
3275 3767 3369 3818 καὶ
3402 3766 3519 3819 ἀπὸ
3547 3765 3720 3837 πηλοῦ

2141 3861 2307 3925 ῑλύος.
2345 3879 2364 3914 ι
2407 3860 2699 3932 Ἀρμόττει
2744 3859 2802 3913 δὲ
2847 3859 2944 3912 καὶ
2975 3858 3056 3928 τῷ
3089 3860 3348 3931 μακαρίῳ
3377 3862 3420 3891 η
3443 3859 3616 3912 Δαϐὶδ
3650 3859 3719 3911 τά

2141 3955 2398 4026 ῥήματαο
2457 3953 2723 4023 σύμφωνα
2797 3952 2907 4022 γάρ
2985 3953 3101 4004 ἐστι
3150 3950 3231 4021 τῷ
3287 3952 3721 4023 προτεταγμένῳ

2136 4045 2364 4118 ψαλμῷ.
2407 4046 2495 4098 Ἑν
2525 4045 2719 4115 ἐκείνῳ
2769 4045 2867 4114 μὲν
2907 4042 3015 4113 γὰρ
3048 4043 3233 4110 ἔλεγεν
3257 4058 3272 4073 ·
3311 4063 3328 4095 ι
3386 4043 3721 4097 Εἰσάκουσον

2137 4139 2236 4210 τῆς
2268 4136 2580 4211 προσευχῆς
2615 4137 2957 4208 μου.Κύριε,
3001 4136 3097 4190 καὶ
3121 4136 3162 4166 ⁸³
3195 4135 3296 4205 τῆς
3323 4136 3566 4208 δεήσεως
3598 4153 3719 4207 μου·

2139 4230 2523 4293 ὲνώτισαι,τῶν
2545 4228 2801 4300 δακρύων
2834 4243 2967 4298 μουο
3009 4227 3083 4299 μὴ
3115 4232 3592 4302 παρασιωπησῃς,
3628 4229 3721 4282 καὶ

2139 4326 2264 4388 άνες
2296 4340 2384 4394 μοι
2405 4322 2492 4374 ἵνα
2515 4320 2774 4390 ἀναψύξω
2795 4321 2837 4351 ⁸³
2856 4320 2963 4390 πρὸ
2991 4319 3087 4373 τοῦ
3117 4337 3183 4390 με
3213 4320 3497 4385 ἀπελθεῖν,
3520 4323 3614 4374 καὶ
3632 4323 3718 4373 οὖ-

455 4413 566 4468 ait:
604 4433 622 4466 ι
663 4413 728 4470 Et
770 4431 892 4485 quae
936 4432 1085 4470 nunc
1116 4424 1199 4470 est
1227 4415 1566 4485 exspectatio
1623 4417 1791 4471 mea?
1843 4434 2019 4474 nonne

2141 4417 2258 4470 κέτι
2281 4417 2342 4470 ού
2365 4417 2440 4486 μὴ
2459 4413 2710 4485 ὑπάρξω.
2739 4432 2756 4465 ι
2781 4414 2894 4466 Καὶ
2917 4413 3178 4482 ἀνωτέρω
3193 4414 3250 4467 δὲ
3267 4412 3374 4484 ἔφη
3397 4430 3414 4447 ο
3445 4433 3464 4464 ι
3497 4415 3604 4468 Καὶ
3628 4413 3718 4466 νῦν

456 4505 847 4563 Βοιιιίιιυεῖει
894 4506 1203 4562 substantia
1239 4521 1357 4561 mea
1410 4505 1555 4576 apud
1598 4515 1652 4561 te
1699 4518 1803 4564 est.
1839 4528 1858 4562 ι
1930 4509 2034 4566 Hic

456 4614 606 4664 vero,
641 4611 898 4670 tanquam
930 4599 1316 4669 deprecatione
1375 4598 1637 4664 admissa,
1675 4609 1728 4654 et
1768 4603 2035 4671 petitione

456 4709 739 4762 concessa,
770 4695 942 4750 dicit:
973 4712 992 4746 ι
1029 4695 1364 4764 Exspectans
1386 4693 1696 4764 exspectavi
1742 4694 2033 4752 Dominum

455 4796 511 4840 et
538 4785 767 4839 attendit
802 4783 869 4838 ad
899 4801 1004 4840 me.
1045 4804 1063 4836 ι
1102 4785 1243 4840 Cum
1306 4784 1452 4839 enim
1489 4795 1774 4854 peccatum
1819 4802 2039 4843 aversa-

408 4887 413 4892 ‘
458 4885 546 4932 tus
589 4886 754 4941 esset,
788 4877 1107 4932 benevolam
1135 4875 1330 4932 faciem
1363 4876 1496 4930 mihi
1529 4877 1792 4941 ostendit,
1829 4887 1882 4932 et
1911 4895 2038 4950 pre-

463 4983 556 5024 ces
597 4982 746 5024 meas
772 4967 1073 5022 exaudivit.
1129 4965 1196 5019 Et
1234 4965 1364 5034 quid
1409 4963 1561 5031 fecit,
1614 4979 1740 5020 cum
1779 4966 2039 5020 exaudis-

459 5059 592 5115 set?
621 5079 640 5113 ι
673 5059 873 5116 Eduxit
902 5075 988 5114 me
1013 5075 1045 5116 e
1091 5059 1212 5114 lacu
1247 5057 1502 5123 miseriae,
1538 5065 1594 5113 et
1616 5074 1648 5114 e
1683 5059 1800 5113 luto
1833 5057 2035 5114 faecis.»

461 5139 555 5207 Sic
581 5160 764 5210 autem
795 5166 968 5208 sacrae
999 5151 1220 5206 Litterae
1246 5150 1486 5206 maxima
1523 5150 1843 5207 discrimina
1897 5168 2042 5205 nun-

2140 4511 2225 4573 τίς
2256 4511 2289 4580 ἡ
2316 4509 2562 4579 ὑπομονή
2599 4523 2732 4577 μους
2761 4505 2884 4576 οὐχὶ
2936 4503 3178 4576 Κύριος;
3225 4506 3323 4558 καὶ
3362 4507 3396 4576 ὴ
3427 4505 3720 4566 ὑπόστασίς

2147 4619 2249 4673 μου
2289 4600 2440 4672 παρά
2489 4597 2582 4652 σοῦ
2626 4599 2797 4651 ἐστιν.
2857 4616 2877 4650 ι
2933 4596 3206 4651 Ἐνταῦθα
3237 4597 3317 4664 δὲ,
3371 4596 3450 4661 ὡς
3481 4597 3583 4666 τῆς
3619 4599 3723 4649 ἱκε-

2141 4697 2294 4760 τείας
2323 4691 2626 4764 δεχθείσης,
2646 4689 2741 4743 καὶ
2769 4688 2866 4758 τῆς
2889 4689 3161 4758 αἰτήσεως
3184 4688 3456 4758 δοθείσης,
3497 4707 3518 4740 ι
3567 4689 3722 4742 Ύπο-

2139 4793 2338 4866 μένων,
2370 4787 2560 4857 φησὶν,
2601 4781 2876 4852 ὑπέμεινα
2917 4780 3009 4834 τὸν
3041 4781 3273 4852 Κύριον,
3313 4782 3410 4835 καὶ
3452 4782 3723 4852 προσέσχε

2140 4899 2283 4953 μοι.»
2327 4873 2816 4946 Ἀπεστραμμένος
2843 4869 2952 4941 γὰρ
2973 4872 3072 4943 τὴν
3098 4870 3142 4901 ³⁸
3162 4872 3467 4941 ἁμαρτίαν,
3498 4871 3724 4941 εὐμενές

2139 4989 2230 5043 μοι
2264 4968 2562 5041 πρόσωπον
2597 4962 2774 5028 ἔδειξε
2806 4963 2873 5027 ¹⁵,
2902 4964 2999 5016 καὶ
3041 4963 3330 5033 εἰσήκουσε
3364 4967 3466 5034 τῆς
3490 4961 3724 5035 δεήσεως

2139 5081 2265 5134 μου.
2307 5061 2418 5116 Καί
2437 5076 2488 5112 τι
2509 5055 2816 5126 πεποίηκεν
2856 5053 3218 5120 είσακούσας;
3255 5074 3273 5106 ι
3312 5056 3424 5109 Καὶ
3452 5057 3495 5088 ιο
3523 5057 3725 5125 ἀνήγι.

2137 5156 2204 5224 γέ
2230 5171 2298 5224 με
2323 5153 2387 5206 ὲκ
2407 5151 2611 5206 λάκκου
2633 5146 3034 5218 ταλαιπωρίας,
3061 5147 3159 5201 καὶ
3178 5147 3284 5200 ἀπὸ
3311 5148 3491 5220 πηλοῦ
3513 5149 3678 5214 ἰλύος.
3703 5168 3722 5202 ι

1629 5267 1866 5324 VARIE
1904 5267 2291 5324 LECTIONES
2325 5267 2410 5322 ET
2443 5264 2676 5321 NOTIE.
2720 5279 2726 5282 '

562 5382 583 5416 ¹
635 5381 732 5437 re.
767 5381 936 5437 Abest
983 5398 1013 5437 a
1052 5381 1175 5437 cod.
1217 5381 1272 5434 9..

468 5455 490 5486 δ
509 5452 914 5520 Ἅγαρ-τρέψω.
945 5454 1066 5506 cod.
1099 5452 1135 5505 2
1171 5451 1321 5506 addit
1346 5450 1514 5520 βιοῦν.

465 5525 486 5556 '
516 5519 618 5576 Τά.
652 5519 817 5576 Abest
839 5538 867 5576 a
902 5527 1024 5577 cod.
1062 5524 1108 5575 I.

468 5609 598 5646 των.
699 5592 739 5622 ¹¹
772 5595 875 5658 Εἰς
905 5623 974 5634 -
999 5593 1312 5663 μνησθείς.
1369 5593 1489 5646 Des.
1547 5591 1689 5661 apud
1739 5591 1905 5647 Cord.
1965 5607 2020 5662 p.

470 5662 663 5726 ψύξω.
707 5662 830 5717 Des.
865 5665 916 5719 in
947 5664 1070 5720 cod.
1108 5666 1157 5720 l.
1264 5664 1307 5695 "
1339 5660 1481 5726 Τήν.
1513 5663 1745 5718 Praestat
1778 5661 1939 5716 lectio
1972 5676 2020 5716 ct

470 5678 663 5730 ψυιςω.
708 5678 830 5717 νος.
865 5680 916 5719 ιιι
947 5678 1070 5720 cou.
1108 5678 1157 5720 ι.

467 5751 497 5791 a
525 5733 644 5822 cod.
677 5733 731 5788 Ξ.

1359 5381 1378 5452 ῗ
1422 5381 1935 5452 Ἀντιϐοᾼρῦντοᾳ
1971 5381 2092 5436 cod.
2142 5382 2163 5434 1
2209 5379 2678 5452 παρακαλοῦντος.

1628 5453 1648 5483 ⁵
1673 5450 1859 5505 Τοῦτο
1889 5482 1955 5494 -
1983 5452 2147 5516 βίον.
2179 5450 2305 5506 Des.
2339 5452 2391 5504 in
2427 5452 2552 5505 cod.
2584 5451 2638 5504 ἓ.

1221 5523 1244 5556 ⁸
1274 5522 1603 5590 Μακάρων.
1661 5523 1784 5577 cod.
1826 5523 1862 5576 2
1895 5522 2089 5592 μέγαν.

1221 5593 1312 5644 sic.
1369 5593 1489 5644 Des.
1547 5591 1689 5644 anud
1739 5591 1904 5644 Cord.
1965 5607 2020 5644 1).
2074 5591 2176 5644 754

1264 5613 1312 5658 ς.
1369 5610 1489 5646 U88.
1547 5610 1689 5661 apud
1739 5610 1904 5647 LOH].
1965 5610 2020 5662 ρ.
2084 5610 2197 5646 (Ol.
2297 5610 2339 5622 ⁸⁸
2395 5610 2590 5659 ιιιακαι

1264 5664 1307 5695 ⁸⁵
1339 5660 1481 5732 Τήν.
1513 5663 1745 5718 Praestat
1778 5661 1939 5716 lectio
1972 5661 2094 5718 cod.
2130 5661 2164 5716 Ξ).
2187 5659 2274 5716 διὰ
2303 5661 2400 5731 τὴν
2431 5661 2590 5731 ἐμήν.

2784 5379 2820 5458 ³.
2859 5375 2984 5445 Τὴν
3021 5377 3158 5458 γῆν.
3208 5377 3363 5458 φιλλ
3385 5376 3422 5430 2
3453 5377 3727 5458 ἐνταῦθα.

2749 5451 2769 5481 ⁸
2792 5449 3148 5514 Δυνσστείᾳ.
3178 5448 3299 5503 cod.
3329 5446 3366 5500 2
3398 5448 3552 5501 addit
3584 5449 3726 5501 ὄντα.

2204 5523 2224 5554 ⁹
2263 5523 2386 5576 cod.
2433 5521 2468 5573 2
2502 5521 2677 5573 τοῦτο.
2798 5519 2839 5550 ⁸⁸
2888 5519 3182 5572 Ἂπασαν.
3236 5516 3359 5571 cod.
3407 5518 3464 5582 ί,
3499 5518 3536 5571 2
3565 5519 3730 5572 ἁπάν-

2296 5592 2339 5622 ¹¹
2395 5591 2703 5659 Μακαρίῳ.
2761 5589 2887 5643 cnd.
2926 5588 2961 5640 2
3016 5589 3168 5656 θείῳ.
3269 5587 3317 5619 ⁸³
3348 5589 3727 5658 Kal—dra-

2303 5661 2400 5723 τὴν
2431 5661 2590 5723 ἐμήν.
2691 5661 2733 5691 ⁸⁸
2767 5659 2887 5714 cod.
2933 5659 2950 5713 l
2989 5657 3217 5723 ἔδειξας.
3320 5657 3364 5689 ⁸⁸
3400 5660 3529 5712 Καί.
3565 5659 3731 5712 Abest
