3870 6322
448 279 584 343 1159

521 390 688 448 Vens.
719 391 806 444 t3.
863 407 880 440 ι
919 383 1190 452 Quoniam
1228 382 1708 439 circumdederunt
1745 397 1831 437 me
1866 381 2031 445 mala,
2061 387 2108 443 Α

445 497 680 555 quorum
729 496 839 535 non
886 489 970 533 est
1007 491 1273 532 numerus
1321 494 1334 530 :
1381 476 1914 546 comprehenderunt
1949 492 2037 532 me

445 573 758 644 iniquitates
803 585 958 633 meae,
997 579 1191 624 etnon
1232 568 1381 638 potui
1427 568 1629 624 videre.
1673 567 1867 623 Plures
1908 575 2038 624 sunt

445 668 658 737 capillis
692 665 890 736 capitis
936 663 1067 726 mei,
1101 672 1156 716 et
1193 678 1289 717 cor
1319 677 1500 716 meum
1536 662 1829 732 dereliquit
1870 679 1978 718 me.
2011 682 2030 715 ι

445 760 464 780 ⁸
493 761 625 826 Quae
656 757 745 812 hic
778 757 1058 820 dicuntur,
1093 768 1254 808 nemo
1279 755 1572 824 pugnantia
1603 754 1881 809 existimet
1911 769 2035 810 eum

445 852 553 916 his,
595 866 718 919 quae
765 850 929 904 modo
974 848 1221 916 exposita
1268 856 1415 902 sunt.
1464 845 1679 901 Etenim
1727 857 1837 900 tres
1879 845 2034 916 pueri

445 958 660 999 summa
705 941 902 997 virtute
945 940 1191 1011 praediti,
1249 950 1412 1010 atque
1464 939 1783 1010 triumphali
1832 957 2034 997 corona

445 1037 645 1099 ornati,
677 1037 728 1090 in
761 1035 979 1088 camino
1008 1043 1232 1088 orantes
1261 1033 1520 1088 dixerunt
1549 1052 1562 1088 :
1606 1051 1625 1084 ι
1662 1033 2031 1100 Peccavimus,

446 1130 633 1198 inique
668 1130 902 1195 egimus,
931 1123 1289 1192 deliquimus,
1325 1131 1382 1178 et
1409 1125 1786 1181 recessimusa
1811 1125 2037 1180 manda-

446 1223 518 1275 tis
571 1221 703 1281 tuis,
748 1231 848 1271 nec
889 1215 1304 1271 observavimus
1357 1216 1604 1272 instituta
1656 1226 1748 1270 tua
1773 1227 1836 1268 ω.
1883 1235 1903 1269 ι
1943 1216 2034 1272 Sic

445 1311 790 1372 admirabilis
831 1309 1044 1374 Daniel,
1080 1309 1160 1364 sic
1196 1310 1416 1364 divinus
1457 1307 1742 1373 Jeremias,
1779 1309 1860 1364 sic
1893 1307 2032 1364 divi-

446 1421 552 1462 nus
592 1405 784 1469 Isaias,
843 1402 925 1458 sic
969 1401 1410 1472 sapientissimus
1439 1401 1662 1457 Paulus.
1716 1419 1734 1452 ι
1779 1400 2034 1458 Christus

445 1499 614 1564 enim,
642 1498 841 1567 inquit,
864 1494 1026 1551 Jesus
1049 1496 1200 1551 venit
1234 1495 1288 1548 in
1329 1495 1476 1549 hunc
1501 1493 1785 1557 mundum,
1826 1505 1886 1549 ut
1906 1510 2033 1566 pec-

1409 271 1906 333 THEODORETI
1931 271 2272 334 EPISCOPI
2321 273 2688 335 CYRENSIS

2211 382 2300 452 ιγ’.
2331 401 2349 434 t
2425 383 2550 436 Ὅτι
2613 381 2906 454 περιέσχον
2947 400 3015 452 με
3073 384 3241 450 κακὰ,
3279 378 3357 441 ὧν
3407 387 3511 443 οὐκ
3571 391 3726 444 ἔστιν

2137 471 2406 542 ἀριθμός·
2453 471 2756 526 κατέλαόόν
2809 489 2878 543 με
2919 474 2982 526 at.
3019 475 3245 544 ἀνομίαι
3296 495 3426 548 μου,
3489 481 3588 534 καὶ
3617 481 3725 535 οὐκ

2137 563 2414 636 ἠδυνήθην
2467 565 2561 618 τοῦ
2619 564 2857 635 βλέπειν.
2924 566 3372 639 Ἐπληθύνθησαν
3427 572 3570 644 ὑπὲρ
3619 574 3724 639 τὰς

2135 655 2444 726 τρίχαςτῆς
2473 656 2721 726 κεφαλῆς
2749 674 2850 726 μου
2866 659 2933 725 ’⁸,
2966 659 3060 711 καὶ
3083 661 3115 730 ἡ
3140 660 3338 731 καρδία
3368 679 3475 732 μου
3508 664 3723 732 ἐγκατ-

2138 744 2294 798 έλιπέ
2357 762 2444 813 με.
2495 765 2513 798 ι
2552 746 2757 818 Μηδεὶς
2795 747 2854 800 δὲ
2887 747 3206 819 ἀνάρμοστα
3255 754 3368 814 τοῖς
3418 754 3718 830 ἡρμηνευ-

2141 839 2322 911 μένοις
2346 839 2587 910 ἡγείσθω
2611 841 2680 894 τὰ
2701 841 2986 912 εἰρημένα.
3015 843 3124 896 Καὶ
3144 844 3254 914 γὰρ
3279 845 3329 897 oi
3356 849 3510 915 τρεῖς
3528 849 3724 912 παῖδες

2136 933 2236 1000 τῆς
2269 933 2444 1004 ἄκρας
2474 933 2678 1004 ἀρετῆς
2706 934 3125 1006 ἐπειλημμένοι,
3162 936 3257 990 καὶ
3293 937 3388 991 τὸν
3420 941 3721 1013 νικηφόρον

2137 1025 2604 1096 ἁναδησάμενοι⁷⁶
2652 1027 2942 1095 στέφανον,
2971 1029 3028 1082 ἐν
3059 1031 3125 1100 τῇ
3161 1029 3379 1101 καμίνῳ
3414 1035 3720 1104 προσευχό-

2139 1133 2289 1186 μενοι
2318 1116 2524 1187 ἔλεγον,
2565 1135 2584 1169 ι
2631 1117 3002 1190 Ἦμάρτομεν,
3038 1121 3420 1193 ἡνομήσαμεν,
3453 1124 3721 1196 ἠδικήσα-

2138 1226 2258 1280 μεν,
2297 1210 2391 1263 καὶ
2444 1210 2766 1281 ἀπέστημεν
2799 1212 2908 1265 ἀπὸ
2927 1213 3034 1266 τῶν
3066 1214 3298 1270 ἐντολῶν
3339 1233 3455 1281 σου,
3494 1219 3590 1272 καὶ
3617 1220 3720 1273 οὐκ

2135 1300 2481 1371 έφυλάξαμεν
2510 1301 2580 1355 τὰ
2629 1302 2977 1372 δικαιώματά
3009 1322 3126 1358 σου.
3173 1325 3190 1357 ι
3223 1305 3412 1373 Οὕτως
3441 1310 3472 1362 ὁ
3500 1311 3717 1381 θαυμά-

2137 1394 2314 1456 σιοςτσ
2339 1392 2559 1464 Δανιὴλ,
2578 1392 2750 1458 οὕτως
2775 1396 2803 1448 ὁ
2821 1394 3111 1460 Θεσπέσιος
3130 1398 3174 1428 ’⁷
3215 1398 3511 1470 Ἱερεμίας,
3539 1400 3718 1465 οὕτως

2133 1485 2161 1536 ὁ
2217 1483 2360 1548 θεῖος
2424 1485 2679 1549 Ἡσαΐας,
2727 1485 2901 1550 οὕτως
2955 1490 2984 1541 ὁ
3033 1489 3346 1559 σοφώτατος
3364 1493 3410 1524 ⁷⁸
3473 1493 3711 1558 Παῦλος.

445 1599 659 1644 calores
679 1589 859 1644 salvos
889 1585 1117 1650 faceret,
1145 1601 1380 1653 quorum
1414 1587 1626 1655 primus
1655 1598 1754 1655 ego
1779 1600 1902 1641 sum
1929 1591 1976 1638 ιι.
2007 1605 2024 1640 ι

2139 1595 2156 1628 ι
2199 1576 2436 1648 Χριστὸς
2489 1578 2619 1650 γὰρ,
2673 1579 2862 1648 φησιν,
2919 1581 3192 1652 Ἰησοῦς⁷⁹
3246 1581 3412 1657 ἦλθεν
3471 1589 3555 1652 είς
3621 1589 3716 1642 τὸν

445 1681 512 1735 Et
541 1695 770 1735 rursus:
807 1697 826 1731 t
859 1677 981 1732 Non
1012 1693 1134 1732 sum
1164 1678 1364 1747 dignus
1396 1677 1578 1732 vocari
1609 1678 1893 1748 apostolus
1921 1677 1974 1732 ⁰.
2001 1697 2022 1732 ι

2135 1668 2361 1739 κόσμον,
2399 1670 2759 1742 ἁμαρτωλοὺς
2791 1673 2983 1740 σῶσαι,
3033 1672 3108 1730 ὧν
3141 1679 3360 1750 πρῶτός
3410 1683 3529 1754 εἰμι
3577 1684 3711 1754 ἐγώ.

447 1771 540 1826 Sic
575 1772 742 1840 igitur
772 1770 824 1823 in
865 1771 967 1823 hoc
999 1769 1120 1823 loco
1166 1768 1258 1822 Dei
1295 1768 1560 1834 Ecclesia,
1599 1769 1893 1838 impiorum
1924 1769 2024 1825 ilu-

2135 1761 2244 1813 Καὶ
2273 1762 2458 1827 πάλιν,
2496 1781 2516 1816 ο
2560 1765 2673 1818 Οὐκ
2702 1767 2818 1837 είμὶ
2849 1767 3000 1833 ἄξιος
3027 1745 3311 1826 καλεῖσθαι
3340 1745 3664 1837 ἀπόστολος.
3690 1799 3708 1831 ι

445 1863 625 1917 ctihus
671 1876 974 1922 concussa,
1030 1874 1136 1913 non
1184 1858 1426 1923 eﬂ‘ertur,
1482 1871 1742 1931 tanquam
1788 1878 2032 1933 pugnare

445 1953 654 2018 volens,
706 1954 801 2006 sed
840 1965 962 2021 quae
994 1950 1272 2017 accidunt,
1306 1952 1544 2020 peccatis
1579 1964 1634 2006 et
1671 1953 1884 2009 delictis
1931 1955 2031 2009 tri-

445 2045 583 2107 buit,
614 2053 668 2098 et
703 2059 730 2097 a
767 2042 1051 2097 Salvatore
1086 2059 1245 2113 Opem
1285 2045 1549 2114 consequi
1580 2046 1854 2102 obsecrat.
1883 2047 2030 2103 Prae-

445 2145 591 2191 terea
621 2152 720 2192 nec
761 2135 850 2190 Dei
885 2135 1128 2192 Ecclesia
1168 2153 1236 2192 ex
1282 2138 1598 2194 hominibus
1623 2138 1878 2208 perfectis
1921 2149 2030 2196 tota

443 2238 682 2296 constat,
716 2231 810 2284 sed
850 2229 1013 2285 habet
1042 2231 1206 2285 etiam
1241 2231 1488 2300 ignavos,
1521 2243 1574 2287 et
1611 2234 1705 2304 qui
1743 2235 2027 2290 remissam

443 2324 608 2376 vitam
637 2322 870 2392 amplexi
906 2332 1052 2386 sunt,
1085 2331 1139 2378 et
1173 2325 1268 2394 qui
1296 2325 1665 2395 voluptatibus
1700 2327 1908 2383 servire
1937 2327 2030 2383 de-

439 2423 752 2468 creverunt.
795 2413 860 2466 Et
905 2413 1166 2482 quoniam
1201 2430 1370 2470 unum
1394 2425 1478 2471 est
1508 2432 1731 2486 corpus,
1765 2429 2026 2488 tanquam

439 2519 504 2558 ex
537 2519 646 2558 una
669 2518 905 2579 persona
935 2514 990 2560 et
1017 2505 1131 2561 haec
1159 2515 1214 2561 et
1245 2505 1336 2561 illa
1371 2506 1745 2578 proferuntur.

509 2766 677 2826 Vens.
720 2772 807 2834 H,
849 2771 934 2826 l5.
977 2791 996 2824 ‹
1036 2772 1254 2828 Placeat
1303 2773 1424 2839 tibi,
1475 2772 1721 2841 Domine,
1773 2786 1832 2833 ut
1859 2794 2026 2838 eruas

439 2877 567 2918 me:
603 2861 852 2929 Domine,
888 2863 954 2916 ad
979 2863 1346 2933 adjuvandum
1387 2881 1472 2922 me
1505 2869 1736 2937 respice.
1775 2871 2026 2928 Confun-

437 2956 659 3016 dantur,
687 2963 741 3008 et
780 2955 988 3024 pudore
1009 2956 1401 3012 sull‘uudantur
1435 2960 1618 3026 simul,
1646 2963 1741 3032 qui
1775 2976 2026 3033 quarunt

435 3047 676 3100 animam
707 3062 908 3115 meam,
952 3057 1010 3102 ut
1036 3047 1468 3121 auferantsea
1491 3068 1636 3109 eam.
1671 3073 1689 3106 ι
1721 3056 1842 3110 Non
1874 3059 2020 3112 enim

434 3138 725 3192 vulnerare
770 3138 986 3203 volunt,
1040 3138 1135 3192 sed
1171 3144 1517 3207 sempiterna:
1570 3145 1732 3197 morti
1785 3147 2026 3220 tradere.

441 3245 461 3279 ι
495 3227 897 3280 Convertantur
927 3236 1243 3292 retrorsum,
1275 3237 1330 3282 et
1355 3228 1785 3301 confundantur,
1810 3241 1903 3307 qui
1934 3258 2027 3298 νο-

438 3318 558 3373 lunt
590 3319 724 3373 mihi
747 3318 910 3372 mala.
946 3337 962 3370 ι
1007 3317 1168 3373 Verte
1196 3319 1342 3389 ipsos
1366 3321 1418 3376 in
1451 3321 1661 3395 fugam,
1688 3336 1743 3381 et
1769 3329 2026 3392 aberrare

437 3405 523 3462 fac
551 3406 620 3460 ab
651 3407 734 3462 his
768 3421 890 3476 quae
927 3405 1239 3461 desiderant
1276 3426 1289 3463 :
1324 3409 1468 3464 mala
1511 3412 1660 3468 enim
1705 3426 1895 3474 contra
1936 3437 2025 3477 me

437 3506 675 3553 struunt.
1356 3506 1358 3509 ’

509 3585 674 3642 Vens.
703 3587 790 3640 16.
823 3606 841 3639 t
880 3585 1030 3643 lllieo
1066 3599 1344 3660 reportent
1369 3592 1774 3663 confusionem,
1805 3601 1900 3670 qui
1933 3603 2018 3658 dis

433 3691 568 3736 euut
596 3681 748 3746 mihi,
784 3679 948 3751 Euge,
975 3696 1129 3752 euge.
1168 3701 1186 3734 ι
1236 3681 1351 3752 His,
1385 3686 1478 3757 qui
1510 3687 1776 3748 insultant
1797 3701 1853 3747 et
1893 3696 2020 3750 irri-

433 3773 562 3828 dent
589 3789 697 3838 me,
731 3772 945 3831 fructus
984 3775 1054 3831 sit
1073 3775 1269 3846 pudor.

507 3943 668 4002 Vens.
702 3948 788 4002 17.
827 3968 846 4001 ι
879 3948 1184 4018 Exsulteut,
1221 3963 1278 4009 et
1305 3953 1556 4014 laetentur
1606 3976 1772 4032 super
1815 3973 1867 4020 te
1895 3981 2012 4023 om~

431 4053 528 4093 nes
547 4048 851 4108 quaerentes
878 4052 947 4105 te,
984 4041 1233 4110 Domine,
1253 4055 1308 4101 et
1329 4047 1514 4106 dicant
1543 4068 1782 4125 semper,
1808 4058 2010 4130 Magni-

429 4131 620 4186 ﬁcetur
659 4131 948 4198 Dominus,
999 4137 1091 4206 qui
1122 4138 1356 4211 diligunt
1393 4145 1625 4201 salutem
1667 4157 1838 4208 tuam.
1875 4174 1893 4206 ι
1942 4156 2012 4212 Αι

426 4232 736 4293 quaerentes
785 4235 857 4292 te,
902 4227 1098 4298 inquit,
1135 4240 1191 4285 et
1220 4233 1528 4302 laudantes,
1562 4248 1618 4295 et
1647 4257 1864 4315 semper
1887 4247 2009 4303 dili-

427 4323 634 4384 gentes,
668 4327 927 4387 perpetua
976 4320 1156 4376 laetitia
1210 4323 1395 4395 imple.
1446 4328 1512 4382 Et
1539 4332 1633 4401 qui
1684 4335 1760 4390 tui
1801 4341 2006 4397 amoris

2133 1849 2290 1904 Οὕτω
2322 1853 2501 1906 τοίνυν
2523 1854 2568 1886 ⁸⁸
2596 1858 2717 1920 ταῖς
2749 1858 2900 1929 παρὰ
2933 1859 3042 1912 τῶν
3080 1861 3358 1917 δυσσεσῶν
3387 1868 3714 1938 τρικυμίαις

2134 1939 2437 2015 βαλλομένη
2473 1945 2507 2017 ἡ
2545 1945 2640 2000 τοῦ
2694 1947 2832 2001 Θεοῦ
2881 1949 3202 2021 Ἐκκλησία,
3249 1956 3310 2007 οὐ
3348 1963 3710 2030 μεγαφρονεῖ,

2132 2034 2208 2098 ὡς
2259 2035 2658 2109 ἀγωνιζομένη,
2688 2039 2825 2094 ἀλλὰ
2854 2042 3156 2114 ἁμαρτίαις
3185 2047 3279 2098 καὶ
3300 2047 3712 2119 πλημμελείαις

2131 2126 2416 2198 ἀνατίθησι
2433 2127 2479 2160 ⁸¹
2506 2129 2575 2183 τὰ
2591 2131 2872 2202 γινόμενα,
2895 2135 2988 2188 καὶ
3017 2135 3119 2204 τῆς
3152 2139 3303 2209 παρὰ
3330 2137 3424 2192 τοῦ
3453 2141 3712 2213 Σωτῆρος

2131 2219 2452 2290 ἐπικουρίας
2480 2223 2789 2280 ἀπολαῦσαι
2839 2229 3170 2297 παρακαλεῖ.
3217 2231 3425 2296 ’Ἄλλως
3479 2251 3538 2288 τε
3586 2236 3711 2289 οὐδὲ

2131 2310 2194 2362 ὲκ
2223 2311 2444 2366 τελείων
2469 2315 2619 2366 πᾶσα
2649 2315 2985 2388 συνέστηκεν
3016 2321 3048 2390 ἡ
3081 2320 3175 2373 τοῦ
3199 2321 3337 2375 Θεοῦ
3372 2324 3674 2396 Ἐκκλησία
3697 2345 3709 2356 ·

2129 2401 2244 2455 ἀλλ’
2299 2401 2414 2473 ἔχει
2471 2405 2567 2458 καὶ
2608 2407 2736 2472 τοὺς
2787 2409 3041 2483 ῥᾳστώνῃ
3095 2413 3396 2481 συζῶντας,
3450 2418 3548 2471 καὶ
3613 2419 3707 2473 τὸν

2128 2493 2413 2565 ἀνειμένον
2439 2494 2554 2566 βίον
2591 2497 3032 2569 ἀσπαζομένους,
3069 2505 3162 2558 καὶ
3183 2506 3400 2576 ἡδοναῖς
3433 2508 3712 2565 δουλεύειν

2127 2587 2508 2658 αἱρουμένους.
2541 2591 2651 2644 Καὶ
2675 2591 2864 2664 ἐπειδὴ
2897 2593 2955 2646 ἓν
2985 2596 3100 2648 ἐστι
3133 2597 3316 2668 σῶμα,
3367 2600 3444 2664 ὡς
3475 2602 3536 2668 ἐξ
3587 2603 3710 2668 ἐνὸς

2128 2677 2420 2752 προσώπου
2448 2683 2545 2734 καὶ
2572 2681 2749 2736 ταῦτα
2777 2685 3009 2740 κάκεῖνα
3040 2687 3400 2758 προφέρεται.

2201 2771 2282 2837 ιδ’,
2319 2772 2463 2827 ιεᾍί
2507 2774 2848 2844 Εὐδόκησον,
2897 2777 3103 2849 Κύριε,
3144 2779 3240 2832 τοῦ
3281 2781 3549 2852 ῥύσασθαί
3590 2803 3660 2858 με
3691 2805 3705 2821 υ

2126 2863 2322 2935 Κύριε,
2344 2867 2424 2928 είς
2447 2865 2507 2918 τὸ
2538 2864 2805 2938 βοηθῆσαί
2842 2885 2932 2940 μοι
2968 2870 3205 2942 πρόσχες
3234 2873 3301 2928 υ.
3355 2877 3704 2951 Καταισχυν-

2125 2954 2353 3026 θείησαν
2405 2957 2500 3010 καὶ
2545 2959 2943 3036 ὲντρᾳπείησαν
2988 2961 3108 3034 ἅμα
3151 2966 3201 3017 oi
3256 2965 3549 3037 ζητοῦντες
3603 2973 3706 3044 τὴν

2125 3043 2300 3117 ψυχήν
2333 3063 2458 3116 μου,
2481 3047 2574 3101 τοῦ
2603 3046 2795 3120 ἐξᾶραι
2826 3051 3017 3121 αὐτήν.
3047 3072 3065 3104 ι
3099 3053 3174 3106 Οὐ
3203 3056 3312 3126 γὰρ
3343 3058 3554 3128 τρῶσαι
3577 3043 3704 3132 ped.

2127 3135 2486 3204 λονται,ἁλλᾶ
2505 3137 2581 3207 τῷ
2601 3139 2805 3210 αἰωνίῳ
2829 3143 3198 3214 παραπέμψαι
3223 3145 3460 3220 Θανάτῳ.
3486 3173 3507 3204 ‹
3545 3156 3703 3210 Ἀπο-

2131 3229 2508 3300 στραφείησαν
2549 3232 2632 3294 είς
2653 3231 2722 3285 τὰ
2743 3233 2934 3296 ὀπίσω,
2967 3236 3062 3289 καὶ
3089 3242 3624 3318 καταισχυνθείησαν
3650 3252 3699 3303 οἱ

2129 3322 2374 3386 θέλοντές
2405 3341 2496 3394 μοι
2528 3325 2696 3381 κακά.
2731 3345 2750 3377 ι
2781 3326 2993 3398 Τρέψον
3016 3328 3063 3360 ⁸³
3098 3331 3296 3397 αὐτοὺς
3313 3336 3361 3365 ⁸⁸
3387 3339 3468 3400 είς
3496 3341 3696 3413 φυγὴν,

2125 3415 2220 3468 καὶ⁷
2264 3415 2588 3487 διαμαρτεῖν
2633 3411 2707 3472 ὧν
2759 3420 3001 3490 ἐφίενται
3039 3426 3496 3496 παρασκεύασον·
3552 3411 3696 3488 κακὰ

2122 3506 2232 3578 γάρ
2268 3523 2359 3577 μοι
2388 3507 2734 3564 καττύουσιν.

2195 3603 2292 3660 ις’.
2437 3598 2877 3669 Κομισάσθωσαν
2943 3602 3209 3674 αίσχύνην
3283 3613 3695 3684 παραχρῆμαη

2119 3688 2168 3740 οἱ
2187 3686 2440 3756 λέγοντές
2467 3706 2584 3760 μοι,
2605 3687 2770 3760 Εὖγε,
2793 3690 2942 3763 εὖγε.
2978 3714 2996 3747 ι
3029 3697 3140 3750 Καὶ
3158 3701 3269 3763 τοῖς
3291 3701 3694 3768 ὲπιτωθάζουσι

2117 3782 2233 3835 se"
2261 3783 2356 3836 καὶ
2378 3783 2678 3852 ὲπιγελῶσί
2698 3803 2811 3855 μοι,
2843 3787 3086 3855 γενέσθω
3101 3789 3147 3821 ⁸⁷
3169 3790 3378 3856 τούτοις
3410 3796 3626 3865 καρπὸς
3661 3800 3691 3869 ἡ

2117 3873 2370 3945 αίσχύνη.

2189 3964 2275 4028 ιζ’.
2340 3982 2360 4016 t
2429 3965 2909 4034 Ἀγαλλιάσθωσαν
2926 3970 2972 4002 ⁸⁸
3007 3971 3108 4040 ,καὶ
3154 3972 3690 4046 εὐφρανθήτωσαν⁸³

2112 4055 2208 4109 ἐπὶ
2231 4057 2316 4109 σοὶ
2344 4057 2546 4121 πάντες
2569 4061 2617 4112 οἱ
2642 4059 2935 4128 ζητοῦντές
2966 4079 3048 4127 σε,
3082 4063 3281 4134 Κύριε,
3317 4068 3410 4120 καὶ
3452 4071 3689 4126 είπάτω-

2115 4165 2215 4204 σαν
2233 4151 2280 4182 ⁹⁰
2314 4151 2632 4218 διαπαντὸς,
2674 4153 3092 4225 Μεγαλυνθήτω
3135 4158 3162 4208 ὁ
3189 4157 3418 4230 Κύριος,
3466 4164 3516 4215 οἱ
3548 4164 3685 4232 ἀγα-

2113 4241 2326 4306 πῶντες
2370 4243 2432 4296 τὸ
2471 4244 2742 4316 σωτήριόν
2801 4262 2897 4300 σου
2926 4245 3218 4313 διαπαντός
3236 4250 3304 4304 ⁹¹.
3361 4272 3380 4304 ι
3443 4254 3585 4319 Τοὺς
3629 4255 3684 4309 δὲ

2113 4333 2414 4405 ζητοῦντάς
2455 4353 2536 4404 σε,
2563 4337 2719 4409 φησὶ,
2745 4339 2840 4393 καὶ
2878 4339 3210 4409 ὑμνοῦντας,
3256 4344 3352 4397 καὶ
3390 4345 3681 4413 διαπαντὸς

426 4406 780 4462 mutationem
822 4424 931 4463 non
965 4410 1186 4476 habent,
1227 4428 1403 4484 neque
1429 4421 1612 4487 gaudii
1649 4429 2004 4488 mutationem

2135 4427 2465 4494 ιγαπῶντας,
2499 4406 2784 4499 διηνεκοῦς
2819 4406 3097 4502 ἔμπλησον
3131 4433 3498 4510 εὐφροσύνης,
3526 4441 3622 4494 καὶ
3639 4406 3682 4474 ⁸1

423 4499 685 4554 sentiant.
713 4499 831 4555 Non
862 4503 1010 4556 enim
1045 4505 1370 4573 simpliciter
1399 4515 1712 4571 amantibus
1742 4522 2001 4588 gaudium

421 4599 675 4657 precatus
703 4602 808 4658 est,
838 4593 931 4648 sed
961 4594 1061 4648 his'-
1087 4597 1182 4664 qui
1215 4611 1434 4667 semper
1469 4611 1522 4658 et
1549 4607 1806 4666 continue
1837 4612 2001 4672 bene-

420 4675 655 4732 volentia
676 4677 897 4749 diguum
923 4695 1165 4736 amorem
1191 4683 1414 4741 habent.

493 4849 654 4906 Vens.
677 4850 788 4907 18.⁶
815 4871 833 4904 ι
861 4852 972 4923 Ego
998 4865 1179 4912 autem
1207 4861 1489 4922 mendicus
1511 4883 1656 4938 sum,
1675 4882 1730 4930 et
1750 4891 1991 4951 pauper:

489 4973 526 4995 ··
561 4963 694 5019 Dan.
732 4983 812 5032 ιιι,
846 4967 937 5034 29,
965 4969 1054 5024 50.
1128 4978 1157 5010 ⁸
1189 4972 1210 5027 l
1242 4975 1384 5033 Tim.
1415 4998 1455 5050 ι,
1493 4983 1582 5039 15.
1659 4996 1680 5019 °
1707 4988 1728 5043 l
1753 4989 1880 5048 Cor.
1914 5011 2003 5064 xv,
2039 4996 2096 5053 9.

2109 4517 2210 4587 τῆς
2221 4519 2268 4551 ⁸³
2293 4518 2394 4588 σῆς
2411 4518 2634 4590 ἀγάπης
2664 4521 2970 4592 μεταϐολὴν
2995 4522 3072 4593 μὴ
3085 4523 3132 4556 ’δ
3155 4523 3440 4595 δεχόμενοι
3456 4528 3527 4593 τι,
3555 4530 3683 4602 min

2109 4614 2456 4678 δεξάσθωσαν
2481 4615 2753 4688 θυμηδίας
2776 4618 3105 4690 μεταϐολήν.
3137 4621 3213 4673 Οὐ
3233 4619 3342 4694 γὰρ
3357 4624 3471 4686 τοῖς
3497 4625 3681 4689 ἁπλῶς

2109 4705 2402 4774 ἀγαπῶσιν
2429 4708 2600 4780 ᾔτησε
2661 4708 2761 4781 τὴν
2806 4710 3100 4782 θυμηδίαν,
3137 4711 3274 4767 ἀλλὰ
3317 4717 3430 4779 τοῖς
3469 4719 3560 4772 ἀεὶ
3591 4719 3680 4772 καὶ

2110 4797 2370 4867 διηνεκῶς
2413 4799 2595 4871 έχουσι
2622 4801 2716 4856 τὸν
2743 4802 3068 4877 ἀξιέραστον
3087 4805 3286 4877 ἔρωτα.

2177 4888 2266 4960 ιη’.
2300 4908 2319 4942 ‹
2373 4890 2514 4961 Ἐγὼ
2559 4893 2616 4947 δὲ
2667 4895 2884 4966 πτωχός
2925 4897 3041 4967 είμι
3092 4898 3188 4950 καὶ
3239 4897 3441 4971 πένης-
3475 4901 3679 4973 Κύριος

1518 5107 1753 5168 VARUE
1794 5115 2177 5176 LECTIONES
2208 5120 2296 5176 ET
2335 5120 2570 5178 NOTAE.

514 5159 568 5238 ς’
599 5204 746 5262 Hau.
781 5206 949 5263 Abest
979 5225 1007 5264 a
1042 5213 1163 5269 cod.
1199 5217 1248 5272 1.

411 5276 450 5330 2
481 5274 674 5342 μέγας.

412 5412 534 5491 cod.
567 5415 626 5491 ι,
665 5413 701 5464 ει
725 5415 876 5491 addit
915 5412 1064 5491 (ρησί.

410 5481 618 5574 3.9;}.
650 5553 667 5574 .
721 5484 766 5574 ξιξ
800 5481 1076 5574 ιτενξάρω
1098 5525 1170 5536 -
1199 5481 1964 5574 αῐᾲξὶιᾶἠ.”οὲξνιῖιλὲὁ¹ιῗ“εἶ

646 5553 669 5607 ί
715 5555 1164 5638 ἱῦφεζανθείησαν.

410 5635 656 5677 versione
689 5633 795 5680 τῶν
829 5633 904 5686 0'.

405 5689 442 5741 2
473 5689 811 5764 δεχομένους.

1160 5427 1380 5520 "need...
1402 5427 1469 5501 1,’
1497 5427 1934 5520 2ᾒπαραχρῆμαῐ
1953 5427 2024 5502 ἇίῇ

2135 5470 2236 5520 νην.
2277 5451 2514 5518 Uterque
2557 5455 2678 5509 cod.
2734 5456 2883 5510 addit
2930 5427 3130 5510 aﬁttbrv.

1269 5521 1726 5604 33"3.'.".z_‘_’_°f;_‘.“
1751 5521 1875 5604 99‘}-
1908 5521 1967 5604 ελ
2019 5590 2024 5601 .

2135 5521 2254 5604 eod.
2291 5523 2316 5576 1
2353 5521 2799 5604 ἀγαλλιᾴσοιντο,
2835 5537 3083 5604 quaeest
3124 5527 3458 5604 lectio_co_d.
3481 5531 3660 5604 ‘Alex.

1333 5577 1720 5659 Ε’ίπιίτωσξαν1
1753 5586 1877 5659 cod.
1932 5588 1968 5640 2
2019 5590 2348 5659 λεγέτωσαν.

1345 5222 1565 5313 mood;
1581 5231 1617 5284 2
1641 5234 1807 5313 διναδυ
1815 5237 2018 5313 σάμενο

2136 5242 2204 5272 η·
2228 5242 2592 5313 aeuum-mc,
2628 5244 2749 5300 cod.
2779 5245 2813 5298 2
2846 5246 3008 5310 θεῖος.
3087 5249 3128 5280 ’⁷
3158 5247 3517 5313 Θεσπέσιος.
3551 5256 3672 5307 cod.

750 5277 1244 5377 :Acog.n2niozgéc_._
1264 5291 1346 5377 J"
1373 5277 1620 5377 ἰἀξνῖῦᾷ

2228 5277 2466 5310 uuiku
2481 5277 2592 5310 ους.
2628 5277 2749 5300 υυυ-
2783 5277 2813 5298 ι-
2847 5277 3008 5310 υςιυν
3093 5277 3121 5280 ν’
3158 5277 3517 5313 σιυθισυιυς-
3551 5277 3672 5307 CD".

2193 5313 2240 5344 ⁸ο
2276 5311 2514 5368 Τοίνυν.
2540 5315 2664 5369 cod.
2704 5317 2756 5377 1,
2788 5315 2822 5369 2
2857 5319 3064 5372 addunt
3092 5318 3390 5371 κάνταῦθα.
3467 5319 3511 5352 ⁸¹
3547 5322 3676 5376 dvas

410 5343 613 5445 ἷέἓῖπσξ·
644 5342 700 5445 '3
729 5342 1306 5445 ἳὲεξε.²..ιὶ⁰.¹Ξίιιίτ.ἐ)οει
1329 5342 1620 5445 γιὲὂῐιέῧᾶἶ
1655 5342 2024 5445 Ἳῖῖῖἒόῖἓὲἓ

2199 5342 2208 5344 “
2229 5342 2232 5343 ⁷
2278 5342 2300 5365 Ι
2319 5342 2514 5368 υινυν.
2540 5342 2590 5369 ιιι

2135 5383 2236 5436 :ovl.
2267 5383 2293 5436 1
2334 5382 2590 5438 σπεῦσον.

2702 5386 2750 5418 ⁸³
2779 5388 2899 5466 cod.
2931 5386 2966 5440 2
2996 5387 3248 5470 στρέψον.
3346 5387 3394 5419 ⁸⁵
3421 5390 3668 5455 Αὐτούς.

2734 5456 2883 5510 addit
2930 5459 3130 5510 αὑτων.
3241 5457 3290 5489 ⁸⁸
3311 5456 3404 5511 Δέ.
3437 5457 3608 5516 Abest
3640 5483 3667 5517 ει

2457 5594 2502 5626 ⁸³
2543 5594 2899 5659 Διαπαντόρ.
2931 5598 3099 5652 Abest
3142 5613 3170 5652 a
3217 5598 3343 5652 cod.
3385 5599 3439 5663 1,
3477 5597 3514 5653 2
3547 5611 3601 5658 et
3634 5622 3659 5655 ιι

890 5672 933 5736 ;.
971 5635 1649 5736 3..¹ί⁰ί·...ἒέεὲί.ἒοο.τέί
1691 5635 1885 5735 ἀπ”δί
1925 5635 2024 5736 fit:

2311 5635 2502 5732 prtem.
3122 5635 3170 5724 an
3183 5635 3439 5724 cBEI'i."
3466 5635 3514 5700 ’ς

963 5707 1058 5775 Μὴ
1085 5736 1151 5748 -
1175 5715 1539 5781 μεταϐολήν.
1576 5719 1697 5779 Des.
1732 5725 1786 5779 in
1842 5707 2049 5784 εοιῖίῖξ
