3870 6318
193 360 331 425 11-51

1568 363 1647 424 IN
1694 366 1898 426 PSAL.
1966 368 2085 427 XL.

3323 382 3458 449 1162

181 481 438 550 φροντιεῖ
470 495 572 548 μου
596 496 608 509 ·
633 476 828 547 βοηθός
867 493 966 547 μου
1012 477 1103 529 κού⁸
1132 475 1545 547 ὑπερασπιστὴς
1581 494 1682 547 μου
1715 474 1759 531 ει

1874 478 2135 536 Dominus
2166 482 2434 540 sollicitus
2469 484 2572 539 erit
2611 485 2739 540 mei.
2774 487 3006 557 Arijutor
3043 504 3221 554 meus,
3246 502 3299 546 et
3327 508 3455 562 pro-

181 572 564 643 σῦ,Κύριε⁹⁷,
607 571 681 641 μὴ
733 569 992 641 χρονίσῃς
1014 568 1080 623 ⁸⁸.
1143 587 1162 620 ι
1215 567 1433 638 ’Ὠσπερ
1473 570 1764 640 ἁμαρτιῶν

180 665 598 735 ἐμνημόνευσεν
627 665 758 728 άνω,
790 661 935 716 οὔτω
964 662 1057 716 καὶ
1105 661 1318 731 πτωχὸν
1347 662 1597 715 έαυτὺν⁹⁹
1629 664 1767 716 ἀπο-

180 756 369 822 καλεῖ,
411 755 488 819 ὡς
529 753 814 826 βοηθείας⁸
873 753 1259 818 σπανίζονταί,
1316 752 1408 807 καὶ
1456 753 1558 823 τῆς
1615 755 1766 819 θείας

179 848 482 917 δεόμενον³
534 846 892 917 ἐπικουρίας·
950 845 1081 899 atat"
1134 846 1339 915 ταύτης
1391 847 1474 899 ὅτι
1535 846 1765 918 τάχιστα

182 937 423 990 ἱκετεύει
469 940 676 1008 τυχεῖν.
720 935 1017 1007 Ἀρμόττει
1068 936 1125 989 δὲ
1179 935 1355 989 ταῦτα
1393 936 1765 1006 διαφερόντως

177 1027 260 1097 τῷ
294 1027 593 1099 μακαρίῳις
636 1027 823 1082 Δαϐίδ.
871 1027 1141 1097 Ἦγοῦμαι
1166 1026 1295 1096 γάρ,
1332 1027 1413 1079 ὅτι
1459 1029 1556 1095 τὴν
1592 1026 1764 1099 πρόρ-

181 1119 348 1187 ρησιν
377 1117 595 1187 ἐκείνην
641 1116 999 1187 θεασάμενος,
1042 1117 1135 1170 καὶ
1174 1117 1273 1187 τὴν
1326 1116 1637 1187 φιλοτιμίαν
1667 1118 1765 1187 τῆς

179 1208 429 1276 χάριτος,
470 1206 686 1276 πτωχὸν
708 1206 901 1260 ἑαυτὸν
946 1206 1043 1260 καὶ
1078 1206 1289 1276 πένητα
1328 1207 1760 1277 προσηγόρευσε,

180 1302 280 1352 καὶ
304 1300 407 1370 τῆς
436 1299 588 1363 θείας
613 1303 707 1353 καὶ
739 1299 901 1363 αὐτὸς
926 1299 1236 1353 ἀπολαῦσαι
1262 1298 1523 1369 προνοίας
1550 1297 1763 1350 ἱκέτευ-

182 1408 297 1444 σεν.
346 1391 646 1445 ’Λντιϐολεῖ
669 1390 727 1444 δὲ
751 1393 771 1424 ⁸
800 1391 877 1464 μὴ
904 1392 1153 1463 χρονίσαι
1180 1391 1278 1462 τὴν
1327 1389 1764 1460 τεθεσπισμένην

182 1484 488 1554 σωτηρίαν,
558 1482 693 1554 μηδὲ
753 1485 833 1545 εἰς
892 1482 1137 1553 μακροὺς
1195 1481 1572 1552 ἀναϐληθῆναι
1638 1479 1764 1551 χρό-

181 1591 329 1637 νους,
382 1573 519 1628 ἀλλά
546 1575 785 1645 τάχιστα
828 1575 942 1637 τοῖς
986 1573 1298 1645 ἀνθρώποις
1339 1572 1545 1643 ταύτην
1583 1589 1761 1640 παρα-

180 1664 466 1737 σχεθῆναι.

511 1780 778 1835 ΕΡΜΗΝ.
808 1779 947 1833 ΤΟΥ
996 1776 1065 1833 Μ’
1095 1777 1415 1832 ΨΔΛΜΟΥ.

247 1892 321 1949 α’.
368 1912 386 1945 ι
437 1895 530 1957 El;
584 1893 646 1946 τὸ
682 1892 856 1956 τέλος,
899 1890 1129 1961 Ψαλμδς
1166 1888 1245 1960 τῷ
1295 1888 1479 1942 Δαϐίδ.
1536 1908 1553 1940 ι
1600 1888 1758 1951 Τινὲς

177 1988 281 2058 μὲν
311 1987 389 2056 τῷ
423 1986 588 2039 Δαϐὶδ
638 1984 925 2049 ἀνέθεσαν,
961 1983 1107 2046 τινὲς
1160 1981 1217 2035 δὲ
1246 1981 1324 2051 τῷ
1391 1980 1611 2052 Ἐζεκία
1666 1980 1759 2032 τὸν

181 2079 433 2149 παρόντα
461 2078 676 2148 ψαλμόν
696 2094 709 2107 ·
739 2078 841 2130 οὐκ
869 2077 933 2148 ἐᾷ
970 2075 1026 2129 δὲ
1060 2076 1207 2145 ἡμᾶς
1235 2074 1295 2127 τὸ
1343 2073 1485 2126 θεῖον
1515 2072 1759 2141 Εὐαγγέ-

178 2178 292 2223 trav
323 2169 607 2241 οὐδέτερον
634 2167 909 2233 δέξασθαι.
951 2166 1009 2219 '0
1053 2166 1163 2237 γὰρ
1194 2166 1476 2234 Δεσπότης
1522 2163 1759 2235 Χριστὸς

177 2260 419 2327 διάλεξιν
450 2276 574 2313 τινα
605 2261 743 2330 πρὸς
788 2259 918 2321 τοὺς
950 2258 1132 2328 ίεροὺς
1170 2257 1541 2327 ποιησάμενος
1579 2253 1759 2325 μαθη-

172 2350 302 2413 τὰς,
321 2351 570 2419 ἐπήγαγε
595 2350 689 2400 καὶ
710 2345 885 2400 ταῦτα
901 2362 915 2376 ·
948 2363 966 2395 ι
994 2345 1057 2398 El
1074 2343 1249 2398 ταῦτα
1265 2343 1466 2407 οἴδατε,
1497 2336 1757 2413 μακάριοί

175 2443 328 2505 ἐστε,
383 2440 477 2493 ὲὰν
528 2435 723 2509 ποιῆτε
777 2436 1010 2491 ταῦτα’.
1064 2436 1138 2488 Οὐ
1174 2434 1304 2505 περὶ
1347 2433 1566 2486 πάντων
1602 2431 1757 2502 ὑμῶν

176 2533 351 2600 λέγω,
413 2527 569 2585 οἷδαθ
627 2531 718 2594 οὓς
760 2527 1129 2598 ἐξελεξάμην·
1189 2525 1304 2580 ἀλλ’
1361 2527 1448 2578 ἵνα
1478 2528 1511 2596 ὴ
1566 2524 1758 2597 Γραφὴ

174 2623 468 2695 πληρωθῇ·
514 2623 573 2677 '0
597 2622 827 2693 τρώγων
860 2622 977 2693 μετ’
1010 2619 1146 2690 ἐμοῦ
1176 2620 1270 2672 τὸν
1317 2619 1503 2688 ἄρτον,
1554 2617 1758 2688 ἐπῆρεν

173 2713 269 2766 ἐπ’
307 2712 408 2780 ἐμὲ
438 2710 539 2783 τὴν
591 2712 832 2782 πτέρναν
862 2707 1050 2762 αὑτοῦ·
1087 2709 1182 2765 ἀπ’
1242 2706 1369 2778 ἄρτι
1430 2705 1576 2774 λέγω
1629 2706 1758 2777 ὑμῖν

173 2805 291 2874 πρὸ
342 2804 435 2858 τοῦ
483 2803 792 2874 γενέσθαιῇ
838 2803 925 2856 ἵνα
955 2803 1085 2856 ὅταν
1147 2800 1373 2872 γένηται
1418 2797 1758 2868 πιστεύσητε

174 2898 264 2950 ὅτι
294 2895 409 2965 ἐγώ
434 2898 573 2967 εἰμι.
604 2914 623 2947 ι
647 2895 754 2948 Τοῦ
785 2895 990 2965 Κυρίου
1013 2891 1192 2946 τοίνυν
1218 2891 1488 2961 λέγοντος,
1525 2909 1543 2943 ι
1579 2890 1698 2944 Ἵνα
1721 2892 1754 2961 ή

173 2988 374 3060 Γραφὴ
430 2987 720 3059 πληρωθῇ,
771 3004 791 3038 ι
857 2986 953 3039 καὶ⁵
1000 2983 1311 3048 δεικνύντος
1364 2983 1456 3036 τὸν
1512 2983 1758 3055 παρόντα

173 3081 396 3152 ψαλμὸν
426 3079 576 3153 αὐτῷ
604 3081 698 3134 καὶ
730 3078 830 3135 οὐκ
864 3078 1008 3150 ἄλλῳ
1041 3094 1123 3149 τῳ
1157 3076 1526 3150 προσήκοντα,
1582 3075 1755 3151 θρασὺ

1872 581 2046 628 tector
2089 589 2242 630 meus
2283 583 2336 630 tu
2372 593 2451 641 es,
2489 577 2740 645 Domine,
2783 596 2851 636 ne
2891 581 3215 640 tardaveris.
3250 603 3269 636 ι
3301 585 3457 642 Sicut

1869 665 2123 733 superius
2158 676 2502 735 peccatorum
2538 671 2808 735 meminit,
2841 674 2923 729 sic
2952 682 3005 729 et
3043 689 3335 747 pauperem
3367 693 3457 734 sc-

1871 755 2047 823 ipsum
2085 767 2385 828 nuncupat,
2427 767 2692 829 tanquam
2733 763 2937 818 auxilio
2980 774 3253 837 egentem,
3284 778 3340 823 et
3371 770 3459 823 di-

1870 847 1995 901 vina
2033 863 2135 917 ope
2176 861 2480 920 carentem;
2524 863 2578 907 et
2626 856 2769 910 hanc
2810 856 3030 925 quidem
3074 870 3130 912 ut
3169 860 3456 916 celerrime

1868 950 2240 1009 consequatur
2264 943 2553 1011 supplicat.
2587 945 2911 1016 Congruunt
2933 958 3115 1004 autem
3147 951 3258 1011 huic
3285 948 3453 1025 864

1868 1031 2214 1099 potissimum
2256 1033 2413 1088 beato
2449 1034 2661 1091 Davidi.
2713 1038 2918 1107 Opinor
2949 1042 3096 1095 enim
3134 1058 3282 1110 eum,
3327 1062 3451 1101 cum

1868 1120 2310 1177 vaticinationem
2358 1125 2504 1179 illam
2534 1135 2595 1181 et
2625 1130 2812 1198 gratia:
2848 1130 3226 1187 liberalitatem
3262 1150 3454 1191 cerne-

1868 1220 1968 1271 ret,
2002 1225 2291 1279 pauperem
2331 1215 2571 1282 seipsum
2613 1232 2678 1272 ac
2717 1234 2950 1287 egenum
2993 1222 3333 1292 appellasse,
3365 1240 3452 1280 at-

1865 1310 1971 1363 que
2012 1304 2072 1349 ut
2104 1297 2288 1353 divina
2320 1303 2664 1369 providentia
2696 1306 3069 1375 perfrucrctur
3101 1325 3225 1365 esse
3257 1314 3451 1382 deprc-

1864 1397 2067 1441 catum.
2114 1388 2246 1445 Orat
2283 1407 2447 1461 porro
2477 1410 2543 1450 ne
2581 1396 2731 1452 salus
2785 1400 3042 1466 przedicta
3077 1406 3449 1471 procrastine-

1867 1485 1975 1541 tur,
2028 1494 2164 1535 neve
2212 1482 2265 1536 in
2323 1484 2541 1555 longum
2596 1497 2809 1558 tempus
2863 1502 3206 1563 prorogetur,
3249 1495 3342 1551 sed
3390 1506 3451 1552 ut

1864 1568 2111 1628 celeriter
2143 1575 2456 1633 hominibus
2491 1581 2843 1637 concedatur.

2288 1778 2563 1836 INTERP.
2605 1782 2854 1839 PSALMI
2904 1787 3016 1843 XL.

1936 1889 2094 1946 Vens.
2134 1893 2185 1947 1.
2218 1913 2236 1944 ι
2273 1892 2328 1946 In
2376 1894 2560 1961 linem,
2600 1897 2852 1954 Psalmus
2894 1901 3103 1958 Davidi.
3146 1925 3165 1954 ι
3203 1904 3444 1962 Praesen-

1861 1990 1965 2035 tem
1996 1983 2262 2051 psalmum
2289 1986 2505 2053 quidam
2540 1987 2749 2054 Davidi,
2781 1992 3004 2059 quidam
3044 2010 3173 2049 vero
3200 1997 3445 2054 Ezechizc

1861 2074 2234 2143 ascripserunt
2279 2096 2292 2130 :
2336 2078 2580 2133 divinum
2615 2096 2744 2135 vero
2789 2081 3142 2155 Evangelium
3188 2100 3441 2145 neutrum

1857 2180 1923 2219 ex
1973 2163 2081 2220 illis
2120 2166 2294 2236 accipi
2334 2168 2484 2223 sinit.
2524 2169 2661 2224 Nam
2689 2168 2945 2228 Christus
2974 2173 3237 2233 Dominus
3270 2181 3443 2234 collo-

1858 2254 1991 2325 quio
2017 2270 2141 2311 cum
2184 2258 2390 2313 sanctis
2437 2258 2728 2331 discipulis
2756 2262 2967 2328 habito,
3001 2265 3115 2320 haec
3151 2268 3393 2324 subdidit
3424 2288 3439 2327 :

1864 2366 1883 2400 ι
1921 2346 1977 2402 Si
2005 2349 2118 2404 haec
2149 2349 2320 2416 scitis,
2355 2351 2496 2405 beati
2535 2353 2715 2418 eritis,
2749 2354 2795 2410 si
2836 2354 3075 2412 feceritis
3101 2373 3184 2413 ea.
3227 2359 3343 2414 Non
3373 2363 3443 2416 de

1858 2435 2114 2491 omnibus
2144 2436 2296 2492 vobis
2339 2437 2501 2492 dico:
2531 2454 2633 2509 ego
2682 2443 2797 2496 scio
2826 2457 2966 2512 quos
3010 2444 3307 2512 elegerint;
3345 2447 3441 2501 sed

1860 2538 1920 2582 ut
1944 2528 2238 2598 impleatur
2269 2529 2590 2602 Scriptura:
2621 2531 2728 2598 Qui
2761 2534 3055 2589 manducat
3094 2551 3290 2606 panem
3330 2553 3444 2594 me-

1858 2635 2006 2686 cum,
2037 2621 2270 2677 elevavit
2310 2633 2501 2678 contra
2543 2639 2629 2678 me
2658 2626 2980 2681 calcaneum
3012 2642 3198 2682 suum.
3230 2627 3305 2682 Ex
3339 2630 3443 2685 hoc

1859 2713 1984 2769 inde
2032 2723 2278 2785 tempore
2320 2717 2446 2772 dico
2487 2717 2646 2773 vobis
2674 2719 2996 2789 priusquam
3045 2720 3157 2784 (lat,
3203 2730 3264 2776 ut
3313 2738 3439 2777 cum

1860 2803 2061 2858 factum
2096 2804 2278 2872 fuerit,
2320 2808 2555 2864 credatis
2603 2810 2748 2879 quod
2780 2825 2882 2881 ego
2909 2813 3011 2865 sim
3044 2821 3093 2866 P.
3135 2830 3154 2863 ι
3211 2814 3444 2868 Domino

1858 2897 2022 2966 igitur
2046 2897 2261 2954 dicente
2293 2917 2306 2954 :
2358 2918 2377 2952 ι
2417 2900 2489 2957 Ut
2515 2901 2799 2971 Scriptura
2828 2903 3122 2973 impleatur
3144 2943 3157 2968 ,
3202 2922 3221 2956 ι
3264 2914 3317 2959 et
3347 2906 3442 2960 de-

1858 2999 2195 3047 monstrante
2245 3004 2564 3062 praesentem
2606 2995 2877 3064 psalmum
2938 2997 3042 3051 sibi
3094 3005 3150 3052 et
3188 3012 3298 3051 non
3348 2997 3444 3053 alii

1858 3098 2178 3154 congruere,
2221 3102 2331 3141 rem
2363 3089 2605 3143 audacia:
2637 3105 2701 3145 ac
2746 3091 3065 3146 temeritatis
3103 3093 3318 3162 plenam
3349 3092 3445 3163 ju-

173 3175 391 3244 νομίζω
433 3175 528 3227 καὶ
580 3173 875 3245 τολμηρὸν,
911 3172 1081 3243 ἄλλην
1135 3169 1288 3240 αὐτῷ
1322 3169 1539 3240 καὶ’μὴ
1588 3185 1758 3240 προσ-

1867 3179 2004 3244 dico,
2038 3181 2185 3235 aliud
2218 3192 2601 3252 argumentum
2635 3186 2763 3240 huic
2802 3186 3013 3255 psalmo
3054 3185 3280 3241 minime
3308 3201 3444 3240 con-

172 3268 424 3337 ήκουσαν
449 3264 706 3319 ὑπόθεσιν
730 3263 1046 3320 διαπλάσαι.

252 3358 323 3429 β’.
352 3376 371 3410 ι
403 3359 691 3429 Μακάριος
717 3358 745 3410 ὁ
769 3354 965 3410 συνιὼν
993 3357 1087 3409 ἐπὶ
1113 3354 1326 3425 πτωχὸν
1354 3354 1450 3408 καὶ
1475 3353 1701 3424 πένητα.
1733 3372 1751 3404 ι

170 3450 316 3503 To”
347 3449 445 3504 καὶ
470 3450 701 3517 πένητα
727 3449 784 3504 ἒν
814 3447 980 3512 ἐνίοις
1010 3441 1169 3517 εὗρον
1198 3446 1584 3516 ἀντιγράφοις·
1633 3442 1756 3524 οὔτε

170 3538 239 3591 δὲ
269 3538 424 3607 παρὰ
458 3539 537 3609 τῷ
571 3537 834 3609 Ἑϐραίῳ,
897 3535 1023 3590 οὔτε
1046 3537 1089 3569 ¹¹
1122 3538 1274 3606 παρὰ
1306 3534 1383 3605 τῷ
1422 3533 1600 3605 Σύρῳ,
1632 3533 1757 3586 οὔτε

172 3629 337 3701 παρὰ
372 3632 486 3693 τοῖς
540 3628 721 3692 ἄλλοις
753 3628 1120 3699 έρμηνευταῖς
1143 3626 1208 3680 ⁸⁸.
1256 3624 1504 3694 Πτωχόν
1544 3623 1644 3694 μέν
1673 3639 1757 3675 τοι

174 3717 341 3771 καλεῖ
374 3719 464 3771 τὸν
488 3716 597 3769 τῶν
629 3716 765 3771 ὅλων
793 3716 1019 3786 Κύριον,
1054 3733 1073 3767 ι
1104 3714 1292 3783 ἐπειδὴ
1318 3713 1575 3777 πλούσιος
1600 3732 1617 3764 ι
1656 3712 1753 3777 ὢν,

173 3809 255 3872 ὣς
287 3809 333 3841 ⁸³
360 3827 525 3879 φησιν
551 3811 580 3863 ὁ
608 3808 753 3873 θεῖος
808 3808 1166 3874 Ἀπόστολος,
1224 3825 1243 3860 t
1279 3807 1347 3861 δι’
1393 3808 1542 3878 ἡμᾶς
1575 3804 1758 3858 έπτώι-

173 3919 399 3973 χευσεν,
449 3902 538 3956 ἶνα
587 3903 747 3973 ἡμεῖς
788 3903 856 3973 τῇ
896 3900 1110 3954 ἐκείνου
1138 3899 1387 3970 πτωχεία]⁸
1435 3897 1756 3967 πλουτήσωα-

176 4011 309 4065 μεν.
347 4013 367 4046 ι
404 3995 517 4048 Καὶ
559 4011 580 4046 ι
628 3993 717 4047 Ἐν
750 3996 933 4065 μορφῇ
960 3992 1096 4045 Θεοῦ
1130 3990 1414 4061 ὑπάρχων,
1449 3989 1547 4059 οὐχ
1573 3988 1756 4056 ἁρπα-

171 4085 325 4155 γμὸν
352 4086 602 4156 ἡγήσατο
631 4078 771 4138 εἶναι
799 4081 892 4138 ῐσα
920 4083 1040 4155 Θεῷ
1059 4099 1073 4113 ·
1109 4082 1223 4136 ἀλλ’
1269 4080 1463 4135 ἑαυτὸν
1491 4078 1757 4133 ἐκένωσεν

180 4179 406 4249 μορφὴν
435 4176 623 4230 δούλου
650 4176 852 4230 λαϐὼν.
883 4195 903 4230 ι
952 4177 1064 4230 Καὶ
1114 4173 1327 4245 ὁρατῶν
1364 4172 1459 4225 καὶ
1508 4170 1757 4242 ἀοράτων

176 4269 488 4335 δεσπόζων,
518 4269 619 4322 οὐκ
644 4267 757 4340 εἶχε
815 4267 918 4322 ποῦ
970 4267 1072 4338 τὴν
1131 4265 1376 4335 κεφαλὴν
1420 4266 1619 4329 κλῖναι,
1663 4265 1757 4318 καὶ

176 4358 472 4428 γεννηθεὶς
531 4360 598 4411 ὲκ
644 4356 964 4427 Παρθένου,
1015 4356 1103 4410 διὰ
1165 4355 1362 4410 σπάνιν
1421 4354 1608 4425 κλίνης
1663 4356 1756 4409 ἐπὶ

146 4450 396 4530 ,φάτνης
424 4447 602 4519 ἐτέθη.
631 4448 943 4519 Μακαρίζει
966 4447 1010 4480 ιδ
1034 4448 1219 4503 τοίνυν
1243 4449 1271 4501 ὁ
1299 4446 1642 4518 προφητικὸς
1669 4446 1755 4498 λό-

1863 3284 2066 3339 grueus
2086 3270 2358 3342 allingere.

1938 3360 2102 3416 Vens.
2130 3361 2185 3414 ‘2.
2231 3381 2248 3413 ι
2279 3363 2478 3419 Beatus
2506 3369 2597 3433 qui
2622 3367 2854 3421 attendit
2881 3368 2947 3422 ad
2975 3383 3207 3439 egenum
3237 3379 3289 3424 et
3312 3385 3445 3439 pau-

1862 3464 2069 3518 perem.
2104 3469 2124 3502 ι
2167 3451 2279 3508 Hoc
2309 3462 2357 3507 et
2387 3469 2690 3522 pauperem,
2724 3456 2778 3509 in
2811 3458 3141 3526 quibusdam
3169 3460 3447 3530 exempla-

1865 3541 2015 3596 ribus
2042 3541 2222 3596 inveni
2265 3561 2279 3599 :
2323 3543 2412 3597 sed
2448 3559 2550 3599 nec
2583 3545 2725 3614 apud
2769 3544 3058 3600 llebrzeum
3096 3547 3310 3618 legitur,
3348 3563 3446 3603 nec

1864 3632 2006 3699 apud
2065 3630 2285 3702 Syrum,
2345 3648 2443 3688 nec
2495 3635 2637 3703 apud
2681 3635 2846 3707 865
2892 3637 3031 3691 alios
3095 3638 3441 3708 interpretes,

1864 3720 2102 3791 Egenum
2145 3724 2310 3794 igitur
2363 3734 2646 3794 nuncupat
2696 3728 3081 3782 universorum
3128 3727 3440 3794 Dominum,

1863 3813 2120 3880 quoniam
2159 3832 2176 3865 ι
2210 3830 2335 3868 cum
2370 3825 2512 3870 esset
2538 3816 2711 3878 dives.
2737 3834 2755 3866 ι
2794 3817 2947 3870 utait
2969 3817 3187 3871 divinus
3208 3820 3443 3887 Aposto-

1862 3904 1950 3958 lus
1971 3945 1984 3968 ,
2033 3922 2051 3954 ι
2076 3914 2296 3974 propter
2323 3920 2421 3959 nos
2446 3922 2650 3974 egenus
2669 3906 2848 3961 factus
2873 3917 2977 3973 est,
3007 3917 3065 3961 ut
3083 3908 3230 3965 illius
3262 3913 3441 3982 inopia

1862 3994 2058 4050 divites
2103 4009 2348 4051 essemus
2373 4003 2422 4047 ει.
2474 4015 2492 4047 ι
2542 3995 2605 4048 Ει
2641 4014 2654 4050 :
2693 4015 2711 4047 ι
2753 3996 2890 4050 Cum
2937 3998 3165 4054 haberet
3206 3999 3439 4057 formam

1867 4085 1993 4150 Dei,
2026 4100 2134 4139 non
2179 4088 2425 4155 rapinam
2483 4088 2781 4144 arbitratus
2819 4101 2901 4144 est
2941 4105 3062 4146 esse
3089 4107 3149 4147 se
3175 4094 3439 4164 aequalem

1867 4179 1976 4234 Deo
2017 4196 2031 4232 :
2086 4179 2179 4234 sed
2209 4179 2446 4249 seipsum
2478 4180 2799 4246 exinanivit,
2829 4180 3060 4237 formam
3117 4188 3258 4240 servi
3289 4187 3439 4241 acci-

1862 4268 2017 4338 piens
2050 4278 2093 4321 τ.
2129 4286 2149 4318 ι
2176 4266 2242 4320 Ει
2264 4268 2354 4336 qui
2385 4268 2693 4323 visibilibus
2719 4278 2775 4323 et
2813 4269 3185 4327 invisibilibus
3214 4278 3229 4297 '
3261 4273 3450 4346 domi-_

1866 4361 2115 4427 nahatur,
2145 4374 2251 4413 non
2289 4360 2519 4415 habebat
2541 4360 2633 4415 ubi
2659 4369 2824 4430 caput
2854 4377 3013 4417 suum
3046 4365 3354 4434 reclinaret,
3383 4375 3440 4422 et

1865 4461 2023 4506 natus
2067 4469 2130 4506 ex
2186 4450 2427 4520 Virgine,
2469 4452 2540 4508 ob
2589 4453 2829 4524 inopiam
2869 4456 3088 4523 cubilis,
3120 4457 3173 4511 in
3211 4460 3438 4530 praesepi

142 4518 282 4620 ξγος
308 4541 401 4594 τὸν
426 4541 632 4611 ταύτην
673 4541 912 4594 συνιέναι
971 4540 1072 4611 τὴν
1121 4539 1395 4609 πτωχείαν
1436 4539 1755 4608 δυνάμενον,

1867 4543 2072 4612 positus
2102 4550 2203 4597 est.
2238 4516 2375 4596 lli-nc
2405 4516 2758 4612 propheticus
2779 4560 2957 4599 sermo
2990 4516 3439 4616 beatum-pracdi-

172 4632 278 4685 καὶ
308 4633 387 4694 εἰς
406 4629 635 4700 δύναμιν
652 4631 964 4701 ἀνυμνῆσαι
988 4628 1436 4701 προθυμούμενον
1449 4628 1541 4683 τὸν
1558 4628 1762 4698 ταύτην

174 4723 601 4794 ἀναδεξάμενον·
617 4717 737 4776 εἶτα
752 4722 993 4776 δείκνυσι
1011 4720 1103 4774 τοῦ
1123 4718 1477 4791 μακαρισμοῦ
1494 4719 1618 4784 τοὺς
1640 4736 1765 4788 καρ-

1867 4641 1955 4688 cat
1985 4647 2109 4686 eum
2158 4632 2249 4700 qui
2307 4633 2447 4687 hanc
2484 4642 2857 4703 paupertatem
2906 4635 3207 4707 intelligere
3240 4647 3436 4706 potest,

1869 4731 1924 4779 et
1971 4720 2064 4793 qui
2116 4735 2215 4792 pro
2270 4723 2478 4778 viribus
2523 4724 2909 4779 celebrandum
2956 4735 3113 4780 curat
3159 4741 3283 4781 eum
3343 4727 3439 4797 qui

260 4915 291 4955 ι·
319 4911 473 4959 Joan.
505 4918 627 4969 xm,
655 4904 842 4957 l7-l9.
919 4911 946 4950 (ι
981 4899 1022 4955 ll
1049 4900 1175 4957 Cor.
1209 4916 1329 4970 vin,
1352 4901 1407 4955 9.
1482 4909 1506 4939 ι
1535 4899 1772 4970 Philipp.
1802 4918 1864 4968 ιι,
1891 4901 1943 4957 7.

1289 5058 1525 5114 γΑιιιιλΕ
1567 5057 1952 5115 LECTIONES
1987 5058 2073 5113 ET
2109 5055 2340 5112 ΝΟΤᾸΞ.

268 5185 318 5219 ⁵⁷
347 5184 542 5250 Κύριε.
577 5181 705 5237 Rec.
746 5182 908 5236 lectio
947 5143 1077 5234 h.’l.
1118 5188 1201 5250 est
1237 5180 1264 5250 ό
1297 5177 1429 5240 Θεός
1446 5194 1604 5250 μουτ-
1647 5177 1695 5209 ’⁸
1728 5179 1759 5228 Β

1867 5175 2051 5250 rique.
2086 5170 2550 5250 cod._5_add_it.1&
2585 5174 2682 5243 τῆς
2731 5173 2982 5250 βοηθείας
3015 5170 3245 5250 pomata).
3271 5170 3441 5250 ὑπερ·-

186 5256 488 5316 ασπιστίας
539 5270 640 5323 μου
682 5253 856 5323 δωρού
867 5266 1049 5323 μενος.

1152 5249 1197 5280 θ’
1248 5241 1511 5300 Ἑαυτόὶρ.
1545 5246 1711 5300 Abest
1754 5263 1759 5297 :

1869 5241 2137 5306 till.q1.2.
2216 5245 2233 5274 ¹
2269 5243 2558 5309 Βοηθείας
2617 5241 2984 5304 σπανίζοντα
3036 5241 3154 5294 καί.
3209 5242 3331 5296 Des.
3383 5241 3441 5295 in

185 5326 402 5381 00.1.5.
470 5310 640 5376 ἰρὀιΙ.
692 5310 1136 5383 ίσπανίζουνσαν.
1212 5318 1233 5349 ³
1273 5319 1393 5371 cod.
1439 5318 1459 5369 1
1510 5317 1759 5386 δεομὲνηι

1871 5315 1894 5346 ⁸
1919 5314 2027 5369 Καὶ
2053 5345 2123 5386 ἡ
2144 5310 2532 5386 τυχεῖνηῡιξε.
2575 5315 2628 5386 in
2655 5313 2785 5386 _cod.
2860 5313 2881 5344 ⁸
2917 5311 3216 5386 Μακαρίφ.
3406 5312 3445 5364 2

189 5396 357 5456 θείῳ.
435 5395 455 5426 ⁸
492 5391 816 5447 Ἀντιϐολεῖ
856 5381 943 5443 es;
986 5390 1142 5444 codd.
1182 5397 1294 5442 tres
1327 5387 1465 5456 Aug.
1491 5381 1759 5456 ἀντιϐολῆε

1867 5429 1868 5436 η
1908 5454 1914 5456 Α
1943 5386 1966 5456 ,⁷
1994 5383 2184 5437 Ταῦτα
2214 5384 2336 5456 eod.
2375 5382 2406 5456 1_
2412 5424 2427 5446 ,
2455 5384 2490 5433 2
2531 5382 2698 5456 αὐτὰ,
2733 5398 2860 5456 quae
2888 5393 2973 5436 est
3004 5396 3113 5435 rec.
3134 5381 3359 5456 le_ctioAl_.
3388 5396 3439 5435 c.

188 5447 420 5519 1⁵Οἶδα.
463 5464 729 5517 Prmcedit
762 5459 872 5528 ἐγὼ
910 5460 945 5513 Ι.
996 5475 1045 5513 c.
1123 5460 1143 5491 ⁹
1195 5459 1311 5526 Πρύ
1364 5447 1480 5528 to?)
1523 5447 1759 5528 γενέσᾷι

1890 5454 2148 5528 Ah_est__a
2201 5453 2352 5528 cod._
2381 5452 2434 5505 2.

2528 5454 2577 5531 in.
2614 5454 2683 5505 Τὸ
2836 5450 3251 5531 ἑρμηνξυςαῑς.
3297 5452 3440 5531 Idem

190 5536 459 5591 Scholion
480 5550 545 5587 ex
576 5521 860 5601 Chrysost.
887 5521 1447 5601 desumptumlexstat
1472 5521 1685 5601 inpedit.
1719 5523 1875 5601 Rom.
1921 5521 2030 5601 τῷν
2052 5521 2145 5601 0'._
2168 5523 2687 5601 n“_0ﬁt_€-Edpqn
2723 5522 3065 5601 Haecin-cod.
3111 5521 3136 5573 1
3158 5529 3443 5601 ponuntur
3470 5533 3483 5540 ’

189 5614 317 5676 post
332 5604 715 5676 ἑρμηνευταίς.

195 5746 345 5799 Alias
372 5743 634 5797 lcetiones
661 5740 879 5793 exhibet
906 5738 1067 5791 Cord.
1099 5752 1151 5813 p.
1185 5737 1289 5789 765

523 5838 795 5896 PATROL.
838 5837 953 5893 Gn.
976 5832 1213 5891 LXXX.

794 5600 839 5631 ιι
885 5592 1326 5667 Ἐρμηιλευταῖᾳ
1366 5593 1556 5649 Monii“.
1589 5592 1811 5667 llexapl.

189 5663 414 5730 lim-ett):
463 5663 630 5726 Abest.
657 5678 837 5724 autem
870 5663 1429 5722 hoc-additamentum
1462 5681 1489 5719 a
1518 5664 1676 5719 codd.
1709 5663 1936 5718 nostris.

1848 5608 1900 5661 p.
1926 5589 2056 5661 5Ξ4.Δ
2082 5591 2229 5645 addit
2257 5590 2587 5661 ἐμφέρεται,
2624 5607 2757 5661 cum,
2782 5591 3127 5661 notulaista,
3162 5602 3227 5661 eg
3264 5589 3446 5661 Thec-

2018 5659 2062 5691 ³³
2099 5662 2214 5726 Ὣς.
2238 5657 2467 5716 Abest'a
2491 5661 2613 5716 cod.
2656 5662 2705 5727 1,
2737 5660 2793 5713 ‘2.
2874 5659 2919 5691 ιδ
2946 5658 3266 5727 Μακαρίζει
3298 5676 3352 5712 κ.
3388 5657 3439 5712 λο

2973 5819 3080 5920 ~37
