3870 6318
219 325 381 389 1169

1617 316 1696 379 IN
1742 319 1946 379 PSAL.
1992 319 2139 378 XLI.

3368 324 3506 390 1170

226 440 573 498 ποθούντων.
614 442 827 515 Ἐπειδὴ
854 443 961 515 γὰρ
991 438 1129 515 ἦσαν
1161 444 1217 494 ὲν
1250 438 1431 502 αὐτοῖς
1465 436 1726 500 εὐσεϐεῖς,
1747 435 1822 498 ὡς

1936 434 2219 490 dcrabant.
2256 436 2392 502 Quia
2416 439 2562 494 enim
2588 449 2747 496 erant
2775 443 2915 498 inter
2948 444 3067 499 illos
3116 442 3364 498 nonnulli
3390 442 3500 498 viri

226 536 262 588 ὀ
298 534 445 600 θεῖος
482 536 699 608 Δανιὴλ,
737 536 813 601 ὡς
852 538 881 590 ὀ
923 535 1226 607 Θαυμάσιος
1255 532 1303 564 ⁸⁸
1342 529 1621 600 Ἰεζεκιὴλ,
1653 528 1728 591 ὡς
1769 530 1819 581 οἱ

226 627 543 683 καλλίνικοι
575 628 851 700 μάρτυρες
885 628 1154 692 Ἀνανίας,
1202 624 1482 695 ’Δζαρίας,
1511 622 1606 677 καὶ
1638 622 1683 653 ⁸⁷
1718 621 1818 676 Mt-

228 718 384 791 ζαὴλ
404 721 474 789 ⁸⁸,
506 720 726 793 θερμῶς
756 722 902 792 μάλα
929 721 1019 775 τὸν
1045 719 1182 773 Θεὸν
1212 717 1555 787 ἀγαπῶντες,
1583 715 1681 768 καὶ
1721 716 1822 784 τὴν

230 807 470 880 ἔννομον
521 810 687 865 αὐτοῦ
733 810 994 883 λατρείαν
1046 808 1373 871 ποθοῦντες’
1430 807 1491 860 τὸ
1540 806 1744 859 τούτων
1794 807 1822 858 ὀ

237 903 585 973 προφητικὸς
635 902 793 972 λόγος
846 901 1131 957 ἀναλαϐὼν
1179 900 1491 971 πρόσωπον,
1541 896 1575 950 δι
1620 896 1726 966 χρὴ
1774 896 1819 927 ⁸ο

233 993 376 1063 παρ’
402 983 623 1045 ἐκείνων
650 995 707 1047 ὲν
730 993 807 1065 τῷ
826 995 923 1064 τῆς
960 993 1246 1064 συμφορᾶς
1281 990 1509 1061 ῥηθῆναι
1548 988 1594 1019 ⁹⁰
1622 986 1819 1057 καιρῷ,

230 1082 352 1153 πρὸ
394 1082 606 1137 πολλῶν
632 1085 838 1153 γενεῶν
873 1084 1222 1154 προδιδάσκει
1260 1083 1326 1146 ⁹¹,
1363 1083 1448 1133 ἵνα
1474 1081 1519 1111 ⁸⁸
1548 1083 1612 1151 τῇ
1654 1081 1823 1149 πριῤ-

231 1172 405 1241 ῥήσει
431 1170 888 1242 ψυχαγωγῶνται,
921 1173 1016 1227 καὶ
1045 1175 1111 1244 τῇ
1155 1171 1475 1241 διδασκαλίᾳ
1520 1168 1822 1222 παιδεύων-

228 1277 360 1315 ται.
412 1261 511 1315 Διὰ
558 1263 718 1316 τοῦτο
754 1264 850 1317 καὶ
894 1266 982 1331 εὶς
1006 1263 1071 1317 τὸ
1105 1264 1280 1329 τέλος
1318 1265 1346 1315 ὁ
1385 1260 1598 1332 ψαλμὸς
1631 1260 1819 1329 ὲπιγέ-

227 1367 519 1423 γραπται,
553 1352 744 1426 ἐπειδὴ
779 1354 916 1424 μετά
954 1352 1215 1424 πλείστην
1247 1353 1443 1422 χρόνου
1477 1350 1722 1421 περίοδον
1754 1349 1823 1402 τὰ

226 1441 511 1513 λεγόμενα
540 1444 691 1508 τέλος
724 1446 771 1478 ⁸³
799 1442 1094 1514 ἐλάμϐανε.
1130 1444 1460 1515 Πρόσκειται
1484 1442 1542 1496 δὲ
1592 1443 1688 1495 καὶ
1734 1444 1821 1508 εἰς

227 1534 523 1600 σύνεσιν,
560 1535 748 1606 ἐπειδὴ
790 1535 999 1606 ταύτης
1045 1536 1279 1606 μάλιστα
1314 1535 1396 1588 δεῖ
1436 1537 1547 1598 τοῖς
1597 1535 1820 1605 περιπί-

226 1644 376 1681 mou
386 1644 437 1681 σι
466 1630 772 1699 συμφοραῖς
798 1629 867 1682 ⁸⁵.

310 1720 381 1790 β’.
428 1740 448 1772 ι
501 1723 597 1774 ’ον
627 1721 829 1792 τρόπον
862 1719 1113 1775 ἐπιποθεῖ
1148 1721 1181 1791 ἡ
1211 1719 1409 1787 ἔλαφος
1454 1719 1545 1772 ἐπὶ
1575 1717 1670 1781 τὰς
1719 1735 1821 1789 πη-

227 1775 500 1886 γὰςτῶν
543 1775 773 1875 ὑδάτων,
805 1810 977 1874 οὕτως
1006 1775 1260 1864 ἐπιποθεῖ
1358 1775 1503 1880 ψυχή
1543 1775 1821 1879 μου-πρδς
1854 1775 1896 1835 Β

230 1902 325 1969 σὲ,
356 1903 387 1956 ὀ
410 1902 562 1966 Θεός.
601 1922 620 1954 ι
656 1903 795 1956 Φασὶ
823 1902 920 1966 τὰς
963 1901 1196 1972 ἐλάφους
1219 1901 1289 1956 τὰ
1334 1900 1513 1954 ίοόόλα
1543 1898 1824 1954 θοινᾶσθαι

230 1994 430 2066 θηρία,
479 1993 573 2048 καὶ
620 1992 982 2065 σφοδρότερον
1013 1992 1264 2047 ἐντεῦθεν
1307 1994 1388 2056 είς
1435 1991 1595 2062 δίψαν
1637 1991 1824 2044 ἐκκαί-

228 2086 419 2149 εσθαι,
470 2087 567 2141 καὶ
616 2085 952 2156 θερμότερον
997 2086 1108 2140 τῶν
1157 2085 1366 2139 ὑδάτων
1409 2083 1702 2155 ὀρέγεσθαι
1751 2084 1820 2138 ⁸⁵.

232 2176 613 2242 Βαϐυλωνίοις
655 2177 835 2232 τοίνυν
877 2178 930 2231 oi
979 2178 1372 2250 προειρημένοι
1427 2177 1701 2242 συνόντες,
1731 2177 1825 2230 ἀν-

228 2271 405 2344 δράσι
423 2271 713 2343 δυσσεϐείᾳ
739 2274 836 2326 καὶ
860 2272 1180 2343 παρανομίᾳ
1208 2269 1436 2337 συζῶσι,
1462 2270 1558 2325 καὶ
1581 2269 1826 2341 ἀτεχνῶς

233 2364 357 2425 τοῖς
393 2362 745 2434 ὲρπυστικοῖς
785 2361 987 2416 ἐοικόσι
1034 2360 1267 2432 θηρίοις,
1299 2362 1524 2425 εἰκότως
1555 2364 1674 2426 ταῖς
1699 2363 1825 2417 ὲλά-

234 2470 369 2524 φοις
391 2453 789 2525 παραπλησίως
813 2453 974 2525 διψᾷν
995 2454 1040 2487 ³⁸
1061 2454 1248 2521 ἔλεγον
1266 2453 1358 2509 τὸν
1382 2455 1535 2520 Θεὸν,
1561 2456 1658 2526 τὴν
1685 2457 1826 2509 ἐκεῖ·

233 2546 338 2599 θεν
356 2546 653 2610 ποθοῦντες
670 2545 1015 2620 ἀπαλλαγὴν,
1030 2550 1125 2603 καὶ
1148 2550 1546 2621 προσμένοντες
1561 2551 1660 2619 τὴν
1677 2548 1825 2603 θείαν

238 2638 443 2711 ῥοπήν·

313 2735 388 2798 γ’.
434 2749 454 2782 ι
513 2729 797 2800 Ἐδίζρησεν
834 2733 867 2801 ή
898 2729 1046 2802 ψυχή
1087 2747 1190 2801 μου
1238 2730 1374 2801 πρὸς
1419 2730 1510 2782 τὸν
1556 2729 1687 2782 Θεὸν
1732 2731 1825 2784 τὸν

239 2820 473 2891 ἰσχυρὸν
499 2822 545 2855 ⁸⁷
575 2821 667 2876 τὸν
694 2822 871 2886 ζῶντα
890 2839 903 2851 ·
937 2823 1067 2874 πότε
1102 2822 1237 2892 ἥξω,
1271 2820 1368 2874 καὶ
1411 2820 1718 2892 ὀφθήσομαι
1747 2821 1825 2892 τῷ

236 2911 530 2984 προσώπῳ
558 2913 654 2967 τοῦ
685 2913 821 2968 Θεοῦ
845 2929 859 2945 ⁸
906 2933 926 2965 ι
960 2914 1118 2968 Ποθῶ
1149 2914 1227 2981 δὲ,
1259 2916 1412 2982 φησι,
1445 2914 1538 2967 καὶ
1559 2913 1697 2983 διψῶ
1726 2915 1825 2982 τὴν

234 3004 343 3060 τοῦ
375 3005 578 3070 ζῶντος
606 3007 652 3039 ⁸⁸
681 3006 818 3060 Θεοῦ
850 3023 954 3077 μου
981 3006 1029 3040 ’³
1067 3007 1344 3077 λατρείαν.
1386 3007 1458 3058 Τὸ
1488 3006 1596 3075 γὰρ
1642 3005 1825 3075 697077-

1923 527 2029 596 pii,
2078 537 2135 582 ut
2179 529 2397 586 diriuus
2444 530 2664 599 Dauiel,
2698 544 2757 590 ut
2809 536 3075 591 mirabilis
3127 533 3397 598 Ezechiel,
3444 547 3504 589 ιιι

1924 620 2159 675 victores
2216 633 2500 694 martyres,
2547 624 2810 693 Ananias,
2886 629 3133 695 Azarias,
3195 637 3247 684 et
3287 627 3498 691 Misael,

1922 716 2015 784 qui
2043 716 2520 775 vehementissime
2569 723 2733 777 Deum
2778 726 3059 790 amabant,
3097 734 3150 780 et
3201 724 3498 795 legitimum

1924 808 2095 876 ipsius
2136 809 2341 865 cultum
2392 814 2703 883 cupiebant,
2758 816 2949 871 merito
3000 817 3351 888 propheticus
3387 831 3501 871 ser-

1925 914 2014 953 mo
2063 911 2314 972 suscepta
2378 920 2568 960 eorum
2623 923 2895 977 persona,
2948 925 3070 979 qua:
3126 926 3224 980 par
3266 918 3380 965 erat
3432 907 3501 963 ab

1926 990 2031 1045 illis
2081 991 2187 1047 dici
2245 1001 2488 1064 tempore
2546 998 2907 1062 calamitatis,
2965 1000 3152 1055 multis
3212 1009 3341 1055 ante
3396 1014 3499 1055 sa:-

1923 1083 2063 1138 culis
2114 1085 2307 1152 docet,
2357 1097 2413 1141 ut
2467 1089 2855 1144 vaticinatione
2901 1091 3271 1159 oblcctentur,
3316 1103 3364 1148 et
3401 1094 3502 1149 do-

1925 1178 2100 1232 ctrina
2157 1179 2503 1235 erudiantur.
2547 1181 2841 1251 Propterea
2900 1185 3045 1238 enim
3110 1187 3164 1238 in
3212 1186 3369 1255 ﬁnem
3412 1184 3498 1238 hic

1924 1269 2166 1338 psalmus
2194 1270 2491 1341 inscriptus
2515 1282 2598 1328 est
2632 1293 2643 1328 :
2681 1274 2951 1342 siquidem
2980 1284 3104 1344 post
3125 1276 3501 1345 longissimam

1926 1363 2188 1432 temporis
2234 1365 2451 1430 seriem,
2491 1381 2553 1419 ca
2598 1381 2717 1435 rpite
2764 1368 2895 1421 dicit
2933 1367 3094 1421 tinem
3153 1376 3499 1437 acceperunt.

1923 1454 2184 1510 Additum
2221 1467 2305 1513 est
2336 1467 2540 1525 autem,
2575 1462 2626 1513 in
2652 1460 2998 1527 intellectum,
3053 1460 3499 1532 quandoquidem

1923 1557 1990 1596 eo
2029 1544 2267 1600 maxime
2306 1546 2467 1617 871
2520 1561 2701 1619 egent,
2754 1549 2846 1619 qui
2891 1549 2942 1602 in
2985 1551 3320 1606 calamitates
3363 1549 3501 1605 inci-

1922 1634 2076 1689 dunt.

1999 1726 2163 1783 Vens.
2194 1729 2248 1782 9..
2288 1747 2306 1780 ι
2347 1728 2817 1795 Quemadmodum
2853 1734 3129 1789 desiderat
3152 1748 3351 1789 cervus
3384 1733 3503 1788 fon-

1926 1827 2009 1874 tes
2038 1834 2324 1890 aquarum,
2361 1823 2434 1876 ita
2470 1824 2745 1879 desiderat
2773 1826 2954 1880 anima
2989 1841 3107 1881 mea
3139 1835 3210 1891 te,
3240 1842 3273 1881 ο
3303 1825 3498 1881 Deus.»

1927 1909 2099 1965 Aiunt
2126 1928 2318 1967 cervos
2376 1914 2520 1971 feras
2548 1932 2853 1973 veneuosas
2884 1919 3171 1984 devorare,
3203 1928 3259 1975 et
3289 1920 3417 1975 hinc
3446 1918 3502 1973 in

1927 2003 2075 2059 sitim
2104 2004 2458 2061 vehementer
2486 2009 2734 2073 accendi,
2765 2017 2819 2065 et
2848 2025 3020 2080 aquas
3052 2026 3384 2081 magnopere
3409 2011 3504 2066 de-

1926 2093 2192 2149 siderare.
2230 2094 2365 2148 Cum
2400 2096 2566 2164 igitur
2612 2100 2914 2167 supradicti
2955 2103 3158 2171 captivi
3199 2110 3503 2158 consuetu-

1926 2183 2108 2238 dinem
2143 2200 2267 2238 cum
2298 2185 2612 2257 Babyloniis
2661 2188 3005 2256 habuissent,
3043 2192 3362 2248 hominibus
3398 2194 3502 2247 im-

1924 2277 2030 2348 piis
2077 2289 2129 2332 et
2160 2279 2383 2349 iniquis,
2421 2292 2474 2336 et
2518 2297 2640 2336 vere
2656 2283 2946 2352 reptilihus
2976 2285 3165 2341 be5tiis
3203 2286 3502 2354 similibus,

1927 2385 2032 2423 non
2065 2371 2185 2425 sine
2212 2388 2378 2427 causa
2416 2373 2669 2429 dicebant
2698 2390 2756 2429 se
2787 2375 2961 2431 instar
3005 2392 3296 2432 cervorum
3333 2376 3503 2432 Deum

1927 2461 2097 2525 sitire,
2132 2462 2504 2519 desiderantes
2528 2464 2679 2520 illinc
2713 2464 2953 2531 liberari,
2993 2477 3047 2522 et
3076 2467 3504 2537 divinam‘opctn

1926 2563 2319 2623 exspectantes.

1998 2733 2163 2791 Vens.
2207 2738 2258 2790 3.
2311 2755 2329 2786 ι
2368 2735 2551 2793 Sitivit
2583 2741 2763 2794 anima
2814 2756 2932 2795 mea
2966 2740 3033 2795 ad
3067 2739 3236 2795 Deum
3284 2740 3504 2806 fortem,

1926 2828 2108 2882 vivum
2140 2848 2152 2883 :
2178 2830 2399 2899 quando
2423 2832 2660 2897 veniam,
2694 2843 2746 2888 et
2775 2835 3103 2904 comparebo
3137 2844 3266 2889 ante
3297 2832 3506 2889 faciem

1928 2920 2062 2974 Dei?
2094 2939 2112 2970 ›
2148 2919 2344 2991 Cupio,
2382 2923 2579 2994 inquit,
2617 2934 2672 2980 et
2711 2926 2840 2981 sitio
2882 2926 3091 2981 cultum
3135 2924 3227 2980 Dei
3260 2925 3370 2980 mei
3419 2924 3507 2980 vi-

1926 3012 2123 3066 ventis.
2159 3011 2292 3068 Nam
2323 3030 2625 3085 comparere
2647 3027 2769 3071 ante
2795 3017 2986 3085 faciem
3026 3017 3142 3081 Dei,
3181 3017 3316 3071 nihil
3358 3016 3510 3072 aliud

236 3113 345 3152 ναι
379 3096 398 3129 ¹
422 3096 503 3163 τῷ
529 3099 828 3166 προσώπῳ
862 3100 968 3154 τοῦ
1000 3100 1171 3165 Θεοῦ,
1196 3099 1257 3153 τὸ
1280 3098 1563 3169 λατρεύειν
1592 3101 1612 3131 ⁸
1640 3097 1786 3169 αὐτῷ
1806 3098 1827 3130 ³

1936 3103 2086 3172 dicit,
2122 3120 2284 3176 quam
2311 3106 2489 3177 ipsum
2518 3108 2822 3163 secundum
2850 3109 3022 3177 legem
3051 3108 3231 3164 colere
3262 3126 3275 3162 :
3310 3108 3505 3177 hujus-

180 3219 209 3237 υ.
239 3189 397 3244 κατὰ
422 3190 514 3245 τὸν
544 3191 708 3262 νόμον
745 3191 922 3260 λέγει·
951 3195 1018 3263 τῇ
1052 3192 1108 3245 δὲ
1149 3191 1504 3264 Ἰερουσαλὴμ
1536 3194 1568 3261 ἠ
1605 3191 1826 3261 τοιαύτη

241 3282 615 3353 περιώρισται
647 3284 669 3315 ⁸
699 3282 946 3355 λατρεία.
992 3284 1105 3338 Καὶ
1134 3282 1305 3337 ταῦτα
1338 3282 1359 3315 ⁵
1388 3283 1449 3337 οὐ
1481 3284 1638 3353 μόνος
1669 3284 1697 3336 ὀ
1726 3298 1831 3352 μα·-

240 3373 449 3445 κάριος
476 3374 497 3406 ⁸
522 3374 768 3430 διδάσκει
796 3376 1024 3445 Μωσῆς,
1074 3374 1209 3429 ἀλλὰ
1250 3375 1343 3428 καὶ
1380 3376 1427 3427 οἱ
1459 3375 1607 3445 τρεῖς
1654 3373 1832 3443 μακά·

246 3483 364 3541 ριοι
410 3467 431 3501 ⁷
478 3468 772 3540 μάρτυρες,
817 3468 1086 3532 Ἀνανίας,
1134 3465 1409 3538 Ἀζαρίας,
1460 3467 1550 3520 καὶ
1590 3462 1829 3535 Μιζαὴλ,

244 3562 312 3613 ἐν
347 3561 414 3632 τῇ
455 3560 671 3631 καμίνῳ
703 3560 797 3613 τὸν
832 3560 968 3613 Θεὸν
1001 3558 1429 3621 ἀντιϐολοῦντες.
1465 3557 1627 3613 Μάλα
1650 3557 1707 3611 δὲ
1736 3558 1833 3628 ἀρ-

251 3650 458 3721 μοδίως
505 3652 761 3723 ἰσχυρὸν
794 3653 889 3706 καὶ
937 3651 1122 3713 ζῶντα
1166 3650 1257 3704 τὸν
1303 3650 1435 3703 Θεὸν
1482 3651 1831 3721 ὀνομάζουσι,

245 3745 372 3806 τοῖς
400 3744 629 3815 ἀψύχοις
661 3747 753 3799 καὶ
784 3745 1066 3816 ἀκινήτοις
1095 3743 1202 3797 τῶν
1233 3744 1256 3775 ⁸
1288 3742 1646 3797 Βαϐυλωνίων
1679 3742 1834 3797 εἰδώ-

248 3836 370 3899 λοις
400 3838 759 3908 προσέχοντες
784 3838 826 3892 ’.

325 3929 396 3993 δ’,
446 3929 508 3984 ε’.
570 3948 588 3981 ι
659 3929 921 4001 Ἑγενήθη
975 3930 1044 3982 τὰ
1086 3929 1295 4000 δάκρυὰ
1347 3945 1447 3998 μου
1499 3928 1623 3997 ἐμοὶ
1672 3927 1838 3997 ἄρτος
1911 3909 1916 3915 ’

250 4022 475 4095 ἡμέρας
506 4025 600 4076 καὶ
636 4023 829 4086 νυκτός
850 4039 865 4053 ο
915 4026 973 4074 ὲν
1005 4020 1084 4091 τῷ
1130 4018 1383 4089 λέγεσθαί
1431 4034 1521 4088 μοι
1548 4016 1671 4070 καθ’
1706 4016 1832 4069 ἑκά-

253 4129 396 4184 στην
422 4113 658 4183 ἡμέραν,
684 4111 788 4165 ποῦ
821 4114 968 4165 ἐστιν
998 4115 1026 4165 ὀ
1071 4110 1203 4177 Θεός
1250 4126 1379 4176 σονς
1434 4107 1621 4162 Ταῦτα
1664 4107 1835 4177 ἐμνή-

253 4204 419 4275 σθην,
468 4205 563 4258 καὶ
608 4204 797 4275 ὲξέχεα
840 4203 926 4257 ἐπ’
976 4203 1076 4274 ἐμὲ
1108 4201 1204 4272 τὴν
1236 4200 1414 4272 ψυχήν
1467 4216 1591 4270 μου.
1650 4216 1670 4249 ι
1721 4196 1837 4257 Νύ-

254 4314 411 4368 κτωρ
445 4299 510 4363 ³⁸,
540 4298 695 4368 φησὶ,
727 4297 822 4350 καὶ
859 4295 978 4366 μεθ’
1012 4294 1224 4366 ἡμέραν
1252 4292 1650 4362 ὀλοφυρόμενος
1675 4290 1837 4360 κόρον

252 4390 363 4444 οὐκ
408 4388 618 4454 ἔλαϐον,
655 4387 771 4441 ἀλλ’
804 4382 916 4442 οἷόν
940 4405 1065 4442 τινα
1093 4385 1298 4459 τροφὴν
1344 4382 1604 4454 ποιοῦμαι
1645 4382 1712 4435 τὰ
1739 4381 1836 4434 δά-

1934 3197 2082 3252 modi
2142 3208 2324 3253 autem
2380 3200 2562 3254 cultus
2612 3199 2986 3272 Hierosolyma
3053 3199 3508 3271 circumscriptus

1933 3296 2070 3344 erat.
2114 3286 2183 3343 Et
2226 3289 2342 3344 haec
2378 3304 2487 3344 non
2533 3291 2686 3346 solus
2733 3290 3141 3362 beatus_Moses
3187 3292 3365 3356 docet,
3416 3291 3513 3345 scd

1933 3381 2098 3435 etiam
2133 3390 2245 3437 tres
2273 3381 2419 3438 beati
2450 3392 2719 3454 martyres
2745 3385 3007 3451 Ananias,
3039 3384 3286 3449 Azarias,
3320 3392 3383 3437 et
3404 3381 3507 3435 Mi-

1934 3472 2068 3537 sael,
2100 3472 2154 3527 in
2194 3472 2411 3529 camino
2450 3472 2622 3529 Deum
2654 3483 2959 3544 precantes.
3017 3473 3324 3551 Admodum
3372 3489 3513 3528 cou-

1935 3563 2096 3620 cinne
2149 3574 2331 3620 autem
2388 3566 2578 3635 fortem
2635 3575 2689 3621 et
2741 3569 2913 3621 vivum
2964 3566 3133 3622 Deum
3183 3566 3510 3628 nominaut,

1936 3656 2005 3711 ad
2059 3655 2359 3711 inanimata
2414 3666 2469 3711 et
2528 3657 2828 3711 immobilia
2880 3655 3303 3726 Babyloniorum
3366 3656 3510 3710 idola

1937 3755 2270 3817 spectantes.

2009 3920 2172 3975 Vens.
2203 3921 2257 3984 4,
2288 3921 2340 3974 5.
2399 3941 2417 3972 ι
2458 3920 2700 3976 Fuerunt
2740 3922 2873 3976 mihi
2903 3924 2918 3943 ⁶
2950 3922 3202 3992 iacrymaa
3237 3937 3371 3977 mem
3413 3938 3511 3990 pa-

1938 4027 2034 4067 nes
2080 4011 2169 4067 die
2193 4027 2256 4066 ac
2291 4019 2470 4075 nocte,
2503 4011 2634 4066 dum
2666 4012 2866 4068 dicitur
2906 4012 3043 4067 mihi
3089 4013 3373 4082 quotidie:
3413 4015 3511 4070 Ubi

1939 4111 2024 4159 est
2059 4101 2203 4158 Deus
2241 4101 2408 4157 tuus?
2453 4101 2580 4157 Haec
2611 4102 2777 4174 872
2809 4104 3131 4159 recordatus
3170 4120 3315 4169 sum,
3348 4116 3401 4161 et
3430 4106 3512 4160 ef-

1939 4193 2054 4249 fudi
2085 4194 2138 4247 in
2185 4208 2271 4247 me
2300 4193 2541 4248 animam
2591 4209 2794 4249 meam.
2836 4212 2856 4246 ι
2894 4194 3018 4250 Dies
3063 4205 3381 4267 noctesque,
3417 4198 3511 4260 ait,

1940 4285 2157 4355 lugendi
2190 4285 2414 4341 satietas
2432 4301 2716 4357 nunquam
2737 4286 2879 4357 cepit
2895 4301 3001 4352 me,
3024 4290 3117 4343 sed
3139 4288 3304 4342 veluti
3328 4306 3517 4359 quem-

1940 4379 2065 4434 dam
2108 4378 2290 4433 cibum
2321 4378 2592 4450 lacrymas
2622 4378 2789 4447 facio,
2821 4394 2945 4434 cum
2978 4390 3199 4450 propter
3227 4390 3279 4435 te
3310 4397 3512 4452 oppro-

256 4499 426 4552 κρυα,
454 4481 532 4552 ξτὰ
556 4483 686 4553 περὶ
728 4480 823 4535 σοῦ
860 4480 1036 4552 ὀνείδη
1072 4479 1381 4550 δεχόμενος.
1411 4477 1472 4530 Oi
1500 4475 1610 4547 γὰρ
1639 4474 1829 4544 δυσμε-

1945 4472 2059 4526 bria
2089 4471 2314 4540 recipio.
2340 4470 2539 4527 Hostes
2570 4473 2716 4526 enim
2747 4471 2995 4528 derident
3045 4488 3152 4536 me,
3203 4482 3353 4528 tuam
3408 4490 3512 4544 gu-

255 4574 376 4635 νεῖς
401 4570 799 4635 ὲπιτωθάζουσί
840 4588 951 4641 μοι,
985 4571 1084 4642 τὴν
1110 4571 1210 4639 σὴν
1239 4567 1563 4639 κηδεμονίαν
1599 4564 1838 4636 προσφέ-

259 4679 453 4732 ροντες
485 4664 560 4726 ὡς
589 4662 811 4732 ἀσθενῆ,
851 4663 948 4715 καὶ
988 4663 1086 4732 τῆς
1115 4659 1295 4713 αὐτῶν
1332 4657 1522 4731 ῥώμης
1552 4655 1840 4726 περιγενέ-

258 4751 393 4805 σθαι
453 4752 531 4822 μὴ
587 4751 935 4822 δυνηθεῖσαν.
1002 4752 1294 4824 Τοιγάρτοι
1353 4748 1525 4801 ταῦτα
1577 4745 1840 4817 διηνεκῶς

257 4842 632 4913 λογιζόμενος,
653 4842 930 4897 ἄπαυστον
956 4843 996 4874 ¹¹
1025 4842 1133 4910 ἔχω
1161 4840 1251 4895 τὸν
1279 4841 1495 4911 θρῆνον.
1529 4837 1602 4890 Τὸ
1633 4836 1742 4906 γὰρ
1774 4838 1835 4899 ¹⁹,

265 4951 289 4986 ί
343 4934 564 5004 Ἐξέχεα
594 4934 680 4987 ἐπ’
714 4935 814 5004 ἐμὲ
852 4934 950 5004 τὴν
993 4933 1171 5003 ψυχήν
1214 4948 1336 5000 μου,
1391 4949 1409 4980 ι
1445 4926 1602 4981 τοῦτο
1640 4926 1838 4996 σημαί-

1945 4563 2320 4619 bernationem
2371 4561 2732 4633 proferentes,
2780 4572 2839 4619 ut
2879 4562 3226 4628 imbecillem,
3288 4571 3340 4618 et
3393 4578 3512 4632 qua:

1943 4670 2136 4711 eorum
2164 4655 2404 4724 potentia
2435 4655 2687 4724 superior
2714 4669 2836 4709 esse
2865 4670 2975 4709 non
3014 4656 3269 4724 potuerit.
3302 4655 3512 4710 Idcirco

1944 4747 2202 4802 continue
2225 4746 2341 4802 hzec
2364 4748 2610 4817 cogitans
2631 4746 2817 4817 lugere
2839 4761 2944 4801 non
2975 4747 3185 4803 desino.
3212 4747 3327 4803 Hoc
3347 4747 3513 4810 enim,

1950 4859 1967 4890 ι
2006 4837 2182 4893 Eﬂ‘udi
2216 4840 2267 4892 iu
2293 4854 2380 4893 me
2410 4839 2650 4893 animam
2686 4852 2886 4901 meam,
2927 4857 2945 4889 ι
2985 4839 3280 4909 signiﬁcat,
3305 4837 3515 4893 effusus

1942 4943 2065 4982 sum
2095 4936 2150 4982 et
2177 4935 2486 4982 commotus
2515 4928 2567 4980 in
2597 4927 2851 4996 cjulatus.
2887 4946 2906 4978 ‹
2946 4927 3217 4993 Quoniam
3269 4929 3516 4983 transibo

1375 5062 1609 5118 VARl/E
1649 5060 2032 5117 LECTIONES
2073 5060 2159 5115 ET
2199 5060 2435 5117 NOTAE.

338 5186 388 5220 ⁸⁸
414 5185 778 5256 Θαυμάσιος.
797 5183 944 5256 _cod.
978 5183 1014 5235 2
1054 5182 1216 5256 θεῖος.

1294 5180 1337 5212 ⁸⁷
1374 5179 1509 5233 Καί.
1556 5179 1720 5233 Abest
1756 5192 1829 5232 ac

1966 5178 1991 5230 1
2024 5190 2076 5231 et
2109 5179 2179 5249 5.7
2241 5178 2285 5249 ξ’
2318 5179 2437 5232 cod.
2485 5180 2538 5240 1,
2569 5178 2604 5230 2
2631 5179 2900 5249 Μισαήλη
2947 5180 2991 5210 ³⁹
3023 5180 3088 5232 'A
3124 5177 3271 5249 ,χρήῖ
3309 5179 3427 5249 φά.
3459 5180 3513 5233 1.

263 5260 303 5313 Ξ
331 5256 482 5328 ἄχρι.
536 5247 601 5288 ’⁹⁰
641 5247 1088 5328 Ῥήϐῆιξᾳιθοιί.
1113 5251 1148 5304 2
1185 5250 1439 5328 ἡσθῆναι.
1490 5249 1727 5328 _“_-cod.
1763 5249 1829 5300 2<

1936 5263 2141 5328 nonat.“
2168 5248 2213 5328 9:
2242 5247 2393 5328 ’ξιναί
2429 5249 2610 5328 cod.A1
2634 5257 2699 5328 ιρι
2802 5247 3008 5328 addunt
3039 5248 3180 5328 καίζ.
3230 5248 3276 5278 ⁸³
3308 5247 3507 5328 fedae-

264 5316 456 5387 θούῪὸ
478 5341 665 5397 praem.
692 5316 775 5378 τό.
851 5323 898 5354 ³⁸
927 5316 1287 5397 ξυμφοραῖς.
1317 5316 1379 5373 ’1η
1407 5320 1526 5397 cod.
1617 5334 1825 5397 sequuti

1947 5318 2070 5397 ista,
2102 5316 2715 5397 ῌαᾷυλωνίοις-Ῑ-θείαν
2743 5317 3518 5397 portumque:_$irm._deind_e

266 5402 337 5453 ad
370 5387 514 5454 vers.
542 5398 578 5451 2
598 5395 862 5450 exhibuit.
938 5394 983 5425 ⁸⁵
1012 5387 1371 5512 ‘Upvsg'aat.
1404 5390 1527 5468 cod_.
1562 5390 1583 5440 1
1615 5387 1829 5471 ἐφίεσθε

272 5469 448 5512 Alt-1--
483 5469 633 5512 dens!
662 5475 841 5512 autem
866 5464 920 5512 in
954 5463 1076 5512 eod.
1157 5469 1285 5512 attc.
1362 5461 1407 5491 ⁸⁸
1441 5462 1693 5512 Ζωντορ.
1724 5456 1829 5509 (ιοά

1957 5387 2002 5416 ⁹⁶
2029 5387 2151 5440 cod.
2184 5387 2207 5438 1
2257 5387 2436 5457 διψῇν.
2512 5387 2555 5417 ⁵⁷
2596 5387 2707 5439 Τὸν
2738 5387 3015 5456 ἰσχυρόν.
3041 5388 3177 5441 Addi

1936 5462 2040 5509 tres
2075 5459 2213 5512 Aug.
2238 5456 2408 5512 ὄντος.
2439 5458 2561 5511 cod.
2589 5456 2622 5509 5
2661 5456 2811 5510 addit
2837 5458 2933 5509 καὶ
2960 5457 3183 5511 δυνατοῦ

1157 5463 1285 5515 atic.
1362 5461 1407 5491 ⁹⁸
1441 5458 1693 5522 Ζῶν-τος.
1724 5456 1829 5509 Cod

1157 5532 1180 5581 Ξ
1216 5528 1545 5581 ὀφθήσομαι.
1621 5531 1641 5558 ¹
1666 5526 1787 5581 cod.

1936 5462 2040 5509 [res
2075 5459 2213 5525 Aug.
2238 5456 2408 5520 ὄντος.
2439 5458 2561 5511 cod.
2589 5456 2622 5509 '5
2661 5456 2811 5510 addit
2837 5458 2933 5509 καὶ
2960 5457 3209 5511 δυνατοῦ.
3287 5458 3333 5489 ⁸⁸
3363 5460 3515 5511 Μου.

1936 5525 2227 5581 τιτθεῦσαι.
2307 5525 2327 5556 ³
2357 5526 2479 5580 cod.
2527 5528 2552 5580 1
2606 5526 2789 5580 αὐτόν.
2867 5527 3034 5581 ‘cod.
3083 5528 3117 5580 '5
3161 5526 3514 5581 πεοιώοιστο.

266 5469 451 5533 Alex.,
483 5469 633 5522 deest
662 5475 841 5519 autem
866 5464 920 5517 in
954 5463 1076 5517 cod.

266 5528 448 5594 Abest,
481 5553 513 5591 a
558 5536 682 5591 cod.
714 5535 767 5599 1,
807 5533 862 5588 2.
940 5533 958 5563 ¹
989 5533 1111 5587 cod.
1145 5532 1180 5585 2
1216 5528 1545 5600 ὀφθήσομαι.

1957 5384 2002 5416 ⁰⁶
2029 5386 2151 5440 cod.
2184 5387 2207 5438 1
2254 5386 2436 5457 διψῇν.
2512 5387 2555 5417 ’⁷
2592 5384 3015 5457 Τὸνίσχυζοόνῇ
3041 5388 3273 5441 Additur
3305 5389 3358 5440 iu
3391 5389 3515 5441 cod.

2358 5444 2367 5457 ι

2307 5525 2327 5556 ³
2357 5526 2479 5580 cod.
2527 5528 2552 5580 1
2606 5526 2789 5580 αὐτόν.
2867 5527 3034 5581 ‘cod.
3083 5528 3117 5580 '5
3161 5526 3514 5596 περιὼριστο.

279 5607 480 5663 'codd.
515 5615 625 5662 tres
667 5595 806 5677 Aug.
861 5601 1055 5677 τοῦτοᾌ
1113 5601 1134 5632 ⁸
1163 5595 1640 5677 Μακάριος-..ΨΦ
1672 5596 1707 5677 ξ
1744 5595 1829 5677 θεῖ

1992 5596 2009 5624 ⁷
2035 5596 2156 5649 cod.
2192 5597 2215 5648 1
2257 5603 2311 5677 ει
2350 5597 2822 5677 Ξτρισμαξάριοι.
2879 5597 3087 5677 (ξψξκὲ
3111 5595 3280 5666 τρεῖς,
3308 5595 3516 5677 omisso

269 5686 541 5756 sequente
570 5664 853 5756 μακάρῖοι.
882 5672 949 5756 ,⁸
980 5664 1524 5756 ΊξῷιςἎΑνιιεειίοῗοοά.
1640 5669 1703 5756 ω’
1731 5669 1829 5756 Ηρε

1936 5681 2173 5756 χοι-τεςἒ
2198 5666 2314 5756 Clod.
2349 5664 2597 5756 ﬁl‘praatn.
2635 5666 2857 5756 ἥκισξα.
2934 5666 2979 5697 ’°
3005 5664 3248 5734 Νύκτωρ
3276 5693 3343 5704 -
3376 5664 3513 5734 θρῆ-

271 5735 409 5807 ira}.
470 5735 594 5803 Des'.
648 5746 702 5800 in
726 5735 853 5799 'cod.
882 5744 932 5797 5.
1014 5743 1051 5773 ¹¹
1089 5743 1457 5795 Ἀπαυστον.
1494 5737 1614 5793 cod.
1640 5736 1675 5788 2
1723 5736 1816 5789 ἀπ’

1936 5735 2050 5789 τῶν.

2133 5738 2175 5766 η
2202 5735 2344 5802 Γάρ.
2379 5734 2500 5793 Des.
2529 5736 2580 5790 in
2616 5737 2735 5791 cod.
2764 5737 2816 5792 5.
