3870 6322
434 306 572 371 1ὶ75

1450 310 1550 367 Tll
1564 307 1941 367 EODORETI
1963 309 2303 370 EPISCOPI
2323 312 2690 372 CYRENSIS

3570 309 3714 374 137:3

431 419 623 474 ﬁtebor
667 418 743 474 illi
775 419 1055 474 :salutare
1102 416 1288 470 vultus
1321 417 1448 477 mei,
1498 426 1551 470 et
1596 415 1736 471 Deus
1772 431 1943 471 mens.
1989 437 2007 469 ι

2127 419 2421 491 λογήσομαι
2472 420 2638 492 αὐτῷ,
2690 424 2959 492 σωτήριον
3007 421 3051 452 ⁸⁸
3097 419 3194 473 τοῦ
3229 420 3523 490 προσώπου
3578 438 3709 491 μου,

431 511 601 582 876
630 511 705 565 Ne
734 511 1013 579 desperes,
1040 509 1240 580 inquit,
1275 524 1307 563 ο
1335 511 1543 574 anima,
1581 509 1648 563 de
1671 509 1873 564 salute.
1908 508 2015 563 Ila-

434 605 529 659 bes
577 604 723 659 enim
779 600 1122 657 Salvatorem
1160 601 1353 665 Deum,
1406 601 1565 671 cujus
1614 617 1765 671 spem
1800 602 2012 655 ﬁrmam

433 696 662 762 habens,
696 696 986 764 exstingue
1017 709 1332 760 maerorem,
1372 703 1427 749 et
1456 695 1644 763 accipe
1683 694 2014 749 consolatio-

433 803 578 842 nem.

839 919 1112 975 INTERP.
1146 918 1400 974 PSALMI
1430 917 1595 972 XLII.

508 1034 674 1091 Vens.
715 1037 769 1091 I.
802 1055 819 1087 ι
866 1034 1122 1091 Psalmus
1157 1034 1373 1089 Davidi.
1413 1034 1541 1089 Sine
1579 1035 1739 1088 titulo
1768 1035 2014 1104 estapnd

434 1122 713 1179 Hebraeos.
745 1122 938 1180 Judica
971 1138 1058 1177 me
1082 1161 1098 1188 ,
1142 1139 1176 1178 ο
1215 1122 1362 1179 Deus
1386 1165 1401 1188 ,
1447 1133 1501 1177 et
1542 1123 1758 1178 vindica
1789 1138 2013 1179 causam

434 1232 610 1272 meam
632 1233 659 1270 a
682 1224 841 1287 gente
864 1230 973 1269 non
998 1225 1208 1283 sancta,
1228 1216 1296 1271 ab
1318 1216 1541 1270 homine
1559 1216 1746 1285 iniquo
1762 1224 1815 1270 et
1829 1215 2017 1271 doloso

435 1323 567 1362 eruc
608 1324 713 1360 mc.
749 1326 766 1357 ι
806 1305 937 1362 Sine
983 1307 1140 1362 titulo
1170 1316 1253 1361 est
1284 1308 1428 1377 apud
1467 1306 1724 1363 Hebraeos
1772 1307 2017 1376 psalmus

438 1401 547 1465 hic,
579 1409 839 1469 tanquam
862 1399 1115 1454 eumdem
1146 1414 1374 1454 sensum
1407 1399 1637 1465 habens,
1675 1413 1840 1470 quem
1875 1413 2016 1470 prae-

437 1492 658 1547 cedens.
701 1491 1007 1548 Obsecrant
1068 1501 1250 1548 autem
1297 1491 1466 1548 Deum
1503 1492 1575 1555 ii,
1622 1493 1717 1563 qui
1763 1492 2017 1563 superius

434 1585 602 1640 verba
640 1585 912 1653 fecerunt,
961 1584 1207 1655 utjudex
1240 1584 1307 1642 sit
1340 1586 1483 1640 inter
1511 1586 1658 1656 ipsos
1690 1593 1745 1640 et
1786 1584 2017 1655 Babylo-

440 1676 583 1740 nios,
615 1676 707 1745 qui
735 1675 902 1731 tnulta
924 1677 1246 1732 crudelitate
1264 1684 1320 1732 ct
1337 1676 1513 1732 ferina
1535 1687 1716 1731 mente
1739 1678 1821 1731 usi
1837 1686 2013 1732 erant.

2119 512 2214 564 καὶ
2260 513 2288 565 ό
2337 511 2471 576 Θεός
2526 529 2651 582 μου.
2714 531 2731 565 ι
2785 511 2877 583 Μὴ
2924 511 3274 583 ἀπαγορεύῃς
3319 511 3390 578 ⁸⁷,
3433 514 3623 581 φησὶν.
3662 505 3711 566 ὦ

2117 599 2285 671 ψυχὴ,
2336 601 2437 673 τὴν
2468 602 2772 673 σωτηρίαν·
2822 602 2967 673 ἔχεις
3012 602 3122 673 γὰρ
3168 602 3397 673 Σωτῆρα
3431 602 3598 654 Θεόν·
3645 595 3709 655 οὗ

2119 695 2217 767 τὴν
2241 697 2434 751 ἐλπίδα
2459 699 2773 770 κεκτημένη
2806 697 3056 769 βεϐαίαν,
3091 696 3286 750 σϐέσον
3312 697 3412 767 τὴν
3439 695 3706 766 ἀθυμίαν,

2120 789 2216 841 καὶ
2242 788 2390 855 δέξαι
2424 791 2779 861 παραψυχήν.

2437 924 2699 978 EPMIIN.
2737 924 2873 978 ΤΟΥ
2910 923 3023 977 MB’
3062 921 3381 975 ΨΑΛΜΟΥ.

2191 1043 2261 1089 α’.
2303 1056 2320 1087 ι
2366 1037 2596 1107 Ψαλμὸς
2645 1037 2724 1107 τῷ
2754 1036 2939 1090 Δαϐίδ.
2984 1035 3385 1107 Ἀνεπίγραφος
3431 1036 3562 1106 παρ’
3611 1034 3703 1090 Ἐ-

2121 1129 2353 1199 ϐραίοις.
2382 1132 2583 1201 Κρῖνόν
2606 1148 2697 1201 μοι
2723 1131 2789 1197 ⁸⁸,
2816 1132 2844 1184 ό
2867 1128 3023 1193 Θεὸς,
3051 1130 3147 1182 καὶ
3175 1128 3398 1181 δίκασον
3417 1128 3515 1199 τὴν
3543 1130 3704 1200 δίκην

2121 1238 2225 1286 μου
2271 1220 2330 1286 ἐξ
2374 1220 2563 1285 ἔθνους
2608 1223 2707 1291 οὐχ
2738 1220 2913 1285 ὁσίου,
2960 1218 3070 1274 ἀπὸ
3097 1217 3389 1290 ἀνθρώπου
3436 1220 3481 1252 ⁸⁸
3512 1219 3702 1273 ἀδίκου

2119 1311 2214 1364 καὶ
2265 1309 2442 1364 δολίου
2490 1310 2650 1381 ῥῦσαί
2705 1330 2795 1381 με.
2853 1329 2871 1363 ι
2940 1309 3344 1380 Ἀνεπίγραφός
3390 1310 3436 1341 ⁷⁰
3477 1310 3628 1363 ἐστιν
3678 1313 3709 1365 ό

2118 1401 2331 1472 ψαλμὺς
2364 1403 2495 1474 παρ’
2535 1403 2834 1475 Ἑϐραίοις,
2862 1404 2938 1466 ὡς
2963 1404 3063 1475 τὴν
3090 1402 3261 1473 αὐτὴν
3291 1401 3432 1472 ἔχων
3459 1402 3542 1473 τῷ
3573 1419 3709 1472 προ-

2119 1495 2442 1565 τεταγμένῳ
2469 1495 2729 1550 διάνοιαν.
2760 1494 3132 1550 ’Λντιϐολοῦσι
3177 1495 3235 1549 δὲ
3268 1496 3312 1527 ⁷⁷
3353 1496 3447 1548 τὸν
3486 1494 3622 1548 Θεὸν
3653 1487 3716 1549 οἷ

2119 1589 2245 1649 τοὺς
2276 1589 2713 1658 προειρημένους
2743 1589 3105 1660 ποιησάμενοι
3150 1588 3345 1655 λόγους
3382 1589 3452 1651 ⁷¹,
3481 1586 3705 1640 δικάσαι

2121 1678 2305 1741 αὐτοῖς
2338 1680 2433 1732 καὶ
2459 1679 2847 1744 Βαϐυλωνίοις,
2878 1680 3123 1751 ὠμότητι
3147 1680 3194 1712 ⁷⁸
3222 1679 3389 1751 πολλῇ
3418 1680 3466 1711 ⁷⁸
3496 1696 3708 1749 κεχρη-

437 1767 645 1823 Idcirco
686 1768 834 1837 ipsos
867 1777 1075 1839 gentem
1103 1786 1207 1823 non
1237 1780 1478 1824 sanetam
1508 1770 1815 1834 nominant,
1851 1780 2015 1840 atque

2127 1769 2328 1839 μένοις,
2359 1768 2455 1822 καὶ
2481 1768 2741 1840 θηριώδει
2785 1769 3003 1840 γνώμῃ.
3046 1770 3137 1822 Διὸ
3171 1769 3218 1801 ⁷⁸
3248 1770 3344 1822 καὶ
3385 1769 3569 1834 ἔθνος
3601 1769 3708 1823 αὐ-

435 1860 602 1914 etiam
627 1876 821 1916 eorum
872 1876 1055 1932 regem
1094 1863 1357 1918 hominem
1394 1863 1643 1917 dolosam
1672 1872 1723 1917 et
1748 1865 2012 1934 iniquum.

440 1952 565 2007 llaec
583 1968 712 2007 vero
735 1954 900 2011 etiam
923 1954 990 2009 de
1019 1954 1114 2010 illo
1138 1956 1425 2025 prophetia
1454 1956 1793 2012 admirabilis
1821 1956 2018 2013 Danie-

439 2043 504 2098 lis
534 2044 713 2100 docet.

509 2243 673 2299 Vens.
703 2244 759 2300 2.
796 2262 814 2294 ε
842 2244 981 2310 Quia
1012 2252 1067 2298 tu
1095 2258 1177 2310 es,
1209 2242 1375 2308 Deus,
1401 2243 1662 2299 fortitudo
1690 2258 1830 2307 mea,
1851 2257 2018 2311 quare

439 2352 524 2390 me
554 2334 820 2405 repnlisti,
846 2344 901 2389 et
918 2319 1096 2405 quare
1123 2335 1297 2391 tristis
1319 2334 1535 2399 incedo,
1564 2334 1692 2389 dum
1719 2333 1907 2405 allligit
1932 2350 2017 2388 me

437 2425 731 2481 inimicus?
776 2444 796 2476 ι
833 2426 1062 2484 Easdem
1107 2441 1305 2480 rursus
1329 2440 1519 2496 preces
1561 2424 1818 2491 oﬂ‘erunt,
1855 2425 2017 2480 obse-

438 2525 659 2572 crantes
684 2523 744 2571 ut
765 2516 834 2570 ab
859 2516 1099 2570 hostium
1130 2516 1429 2571 acerbitate
1448 2514 1770 2578 liberentur,
1796 2524 2018 2585 propter

436 2623 601 2678 quam
654 2609 840 2664 tristes
871 2616 927 2662 ct
962 2607 1144 2663 moeSIi
1198 2621 1418 2676 semper
1455 2613 1631 2659 erant.
1681 2603 1796 2660 Hoc
1834 2615 2014 2659 autem

435 2714 600 2767 quare
647 2712 751 2753 n0n
814 2708 1078 2768 tanquam
1114 2697 1462 2767 increpantes
1500 2695 1709 2760 dicunt,
1761 2695 1854 2751 sed
1894 2703 2018 2749 tan-

437 2805 602 2859 quam
637 2789 735 2859 ipsi
766 2789 1063 2860 partieipes
1090 2788 1317 2842 minime
1344 2784 1548 2841 fuerint
1573 2786 1805 2840 aliorum
1830 2793 2018 2839 trans-

441 2882 768 2950 gressionis,
800 2890 853 2935 et
877 2896 1000 2937 cum
1027 2881 1138 2936 illis
1164 2879 1409 2935 destituti
1440 2878 1544 2932 sint
1566 2877 1747 2931 divina
1783 2882 1799 2898 ‘
1834 2877 2017 2947 provi-

438 2973 645 3038 dentia,
692 2987 1039 3029 communem
1064 2981 1243 3027 tamen
1277 2986 1377 3041 pro
1398 2968 1656 3025 omnibus
1679 2969 2016 3025 obsecratio-

439 3080 565 3119 nem
598 3064 856 3120 olferunt.

507 3177 680 3233 Vens.
716 3181 769 3234 3.
806 3197 822 3230 ι
852 3178 1051 3234 Emitte
1073 3179 1237 3248 877
1258 3177 1435 3232 lucem
1457 3185 1703 3243 tuam,et
1738 3177 2018 3231 veritatem

441 3278 591 3323 tuam
622 3271 773 3339 :ipsa
811 3283 899 3324 me
924 3270 1295 3334 deduxerunt,
1323 3278 1378 3323 et
1408 3268 1756 3322 adduxerunt
1785 3268 1839 3321 in
1866 3283 2022 3322 mon—

442 3369 553 3415 tem
593 3370 848 3416 sanctnm
885 3369 1061 3427 tuum,
1094 3369 1148 3415 et
1188 3361 1242 3413 in
1301 3359 1652 3414 tabernacula
1692 3368 1804 3412 tua.
1844 3376 1862 3410 ι
1907 3357 2023 3413 lloc

444 3454 500 3507 in
558 3453 680 3509 loco
715 3453 1075 3524 Septuaginta
1135 3463 1351 3522 tempus
1400 3459 1703 3516 mutarunt,
1739 3460 1792 3506 et
1837 3449 2020 3505 futura

444 3559 705 3616 tanquam
732 3546 1005 3616 praeterita
1036 3545 1313 3600 dixerunt.
1348 3543 1454 3597 Alii
1486 3552 1669 3596 autem
1705 3542 2021 3598 distinctius

442 3640 782 3709 interpretati
817 3647 978 3694 sunt:
1006 3656 1024 3689 ι
1050 3636 1249 3691 Emitte
1267 3636 1445 3691 lucem
1465 3644 1637 3701 tuam,
1661 3643 1714 3688 et
1739 3632 2021 3688 veritatem

443 3743 618 3799 tuam,
642 3748 766 3803 qua:
787 3730 1057 3786 deducent
1076 3745 1183 3795 me,
1199 3738 1253 3784 ct
1272 3726 1544 3782 adducent
1564 3727 1618 3781 in
1639 3734 1881 3781 montem
1905 3741 2025 3781 san-

442 3838 591 3887 ctum
621 3838 799 3893 tuum,
825 3838 880 3883 et
900 3828 952 3882 in
978 3824 1329 3883 tabernacula
1361 3831 1475 3878 tua.
1499 3841 1518 3875 ι
1555 3822 1747 3877 Divina
1774 3836 1874 3891 cpe
1896 3835 2021 3890 per-

441 3921 553 3982 frui
588 3921 842 3991 supplico
872 3937 885 3974 :
915 3934 1010 3990 per
1044 3918 1187 3973 hanc
1218 3916 1363 3972 enim
1401 3913 1517 3969 ﬁeri
1544 3922 1742 3984 potest,
1769 3921 1828 3966 ttt
1867 3927 1896 3966 a
1924 3911 2024 3965 du-

441 4014 667 4071 rissima
705 4009 972 4068 servitute
997 4008 1222 4073 liberer,
1271 4016 1326 4061 et
1376 4003 1437 4059 in'
1478 4013 1763 4074 paternam
1813 4013 2016 4058 terram

440 4114 712 4172 revertar,
746 4112 801 4159 et
835 4102 889 4156 in
940 4110 1264 4157 consecrato
1295 4099 1497 4170 templo
1530 4106 1854 4154 consuetum
1892 4096 2021 4151 cul-

447 4206 567 4253 tum
596 4190 853 4249 oﬂ'eram.
877 4188 1244 4245 Tabernacula
1280 4187 1427 4242 enim
1480 4184 1576 4239 Dei
1612 4183 1872 4251 templum
1923 4195 2024 4235 no-

446 4284 678 4340 minavit
709 4303 723 4339 :
758 4291 990 4338 montem
1036 4297 1167 4337 vero
1212 4287 1480 4344 sanctum,
1541 4275 1801 4337 Sionem,
1856 4272 2025 4326 lucem

445 4388 630 4434 autem
665 4384 721 4432 et
761 4374 1058 4434 veritatem,
1093 4368 1298 4442 iustam
1329 4376 1385 4423 et
1413 4367 1711 4423 salutarem
1745 4364 1837 4419 Dei
1860 4378 2027 4433 appa-

446 4469 726 4524 ritionem.
779 4464 915 4521 Nam
954 4460 1419 4533 quemadmodum
1457 4457 1697 4511 tenebras
1734 4456 2024 4512 calamita-

2118 1860 2246 1923 τοὺς
2286 1860 2541 1914 ἀνόσιον
2577 1859 2927 1930 ὀνομάζουσι,
2961 1860 3055 1913 καὶ
3101 1860 3202 1931 μὲν
3228 1859 3293 1930 δὴ
3325 1860 3421 1913 καὶ
3454 1860 3550 1913 τὸν
3579 1859 3708 1912 τού-

2117 1968 2227 2005 των
2259 1950 2505 2021 βασιλέα,
2542 1951 2734 2019 ἄνδρα
2768 1951 2981 2006 δόλιόν
3023 1967 3086 2005 τε
3124 1951 3223 2004 καὶ
3255 1950 3487 2007 ἄδικον.
3513 1949 3710 2004 Ταῦτα

2117 2041 2174 2095 δὲ
2211 2042 2340 2112 περὶ
2386 2040 2552 2095 αὐτοῦ
2581 2042 2676 2095 καὶ
2705 2043 2738 2112 ὴ
2768 2040 2862 2095 τοῦ
2902 2040 3209 2111 θαυμασίου
3237 2040 3437 2111 Δανιὴλ
3482 2057 3712 2112 προφη-

2118 2129 2239 2183 τεία
2265 2129 2526 2185 διδάσκει.
2696 2124 2701 2129 ’

2190 2225 2254 2311 βδ.
2279 2261 2298 2293 ι
2312 2243 2433 2296 Ὅτι
2453 2242 2603 2310 ab",
2621 2244 2650 2296 ό
2668 2241 2825 2306 Θεὸς,
2844 2242 3175 2313 κραταίωμά
3194 2258 3318 2313 μου,
3337 2240 3477 2295 ίνατί
3493 2240 3709 2295 ἀπώσω

2121 2336 2273 2406 μείη,
2306 2336 2402 2389 καὶ
2427 2336 2566 2389 ἱνατὶ
2596 2335 3012 2407 σκυθρωπάζων
3055 2334 3366 2405 πορεύομαι
3398 2336 3457 2388 ἒν
3484 2334 3566 2405 τῷ
3610 2334 3709 2387 ὲκ-

2117 2426 2320 2481 θλίϐειν
2344 2427 2435 2480 τὸν
2459 2425 2653 2498 ἐχθρόν
2667 2428 2714 2460 ⁷⁸
2732 2444 2748 2494 ;
2768 2427 2938 2481 Πάλιν
2958 2427 3061 2497 τὴν
3081 2427 3309 2497 αὐτὴν⁷⁹
3327 2428 3711 2497 προσφέρουσι

2116 2520 2320 2591 δέησιν,
2350 2521 2711 2592 λιπαροῦντες
2737 2520 3121 2592 ἀπαλλαγῆναι
3141 2519 3244 2591 τῆς
3277 2520 3389 2573 τῶν
3421 2519 3711 2590 πολεμίων

2116 2611 2580 2682 ὠμότητος,δι’ἢν
2598 2611 2643 2644 ⁸⁰
2664 2612 2984 2682 σκυθρωποὶ
2998 2612 3091 2665 καὶ
3120 2612 3386 2681 κατηφεῖς
3412 2606 3556 2680 ἦσαν
3586 2611 3706 2666 ἀεί.

2117 2703 2191 2756 Τὸ
2228 2703 2308 2770 δὲ,
2345 2703 2521 2770 tract,
2551 2703 2653 2773 οὐχ
2682 2703 2758 2766 ὡς
2786 2703 3146 2772 ἐγκαλοῦντες
3180 2703 3451 2771 λέγουσιν,
3483 2701 3600 2756 ἀλλ’
3626 2701 3708 2767 ὡς

2118 2795 2184 2847 αὐ
2195 2794 2272 2847 τοι
2299 2794 2401 2862 τῆς
2429 2793 2537 2847 τῶν
2566 2793 2744 2849 ἄλλων
2771 2796 3115 2866 παρανομίας
3139 2796 3199 2849 οὐ
3236 2796 3707 2866 κοινωνήσαντες,

2118 2887 2215 2940 καὶ
2250 2887 2348 2941 σὺν
2371 2885 2604 2950 ἐκείνοις
2637 2888 2836 2958 ἔρημοι
2878 2888 2979 2958 τῆς
3008 2887 3216 2942 ἄνωθεν
3246 2888 3506 2958 προνοίας
3546 2888 3711 2956 γενό-

2121 2991 2310 3044 μενοι·
2359 2974 2545 3045 κοινὴν
2573 2974 2630 3029 δὲ
2654 2976 2805 3046 ὅμως
2834 2976 2975 3048 ὑπὲρ
3004 2977 3257 3031 ἁπάντων
3285 2978 3570 3032 ποιοῦνται
3604 2977 3710 3046 τὴν

2123 3064 2360 3119 ἱκετείαν
2386 3066 2454 3119 ⁶¹.

2194 3185 2263 3247 γ’.
2311 3198 2330 3230 ι
2376 3177 2795 3243 Ἐξαπόστειλον
2817 3178 2881 3232 τὸ
2908 3180 3025 3248 φῶς
3054 3197 3166 3245 σου,
3195 3181 3290 3233 καὶ
3308 3182 3408 3251 τὴν
3439 3181 3711 3252 ἀλήθειάν

2126 3285 2242 3332 σου,
2278 3267 2421 3322 αὑτά
2442 3285 2510 3339 με
2528 3267 2946 3340 ὼδήγησαν,καὶ
2967 3255 3175 3340 ἢγαγόν
3202 3287 3270 3340 με
3292 3272 3373 3332 εἰς
3400 3269 3526 3341 ὅρος
3552 3272 3712 3338 ἆγιόν

2126 3377 2243 3427 σου,
2263 3360 2360 3413 καὶ
2382 3362 2463 3424 είς
2493 3360 2560 3416 τὰ
2579 3360 2914 3432 σκηνώματα
2931 3380 3046 3417 σου.
3071 3381 3089 3414 ι
3117 3362 3385 3418 Ἐνταῦθα
3402 3364 3493 3419 τὸν
3515 3364 3711 3437 χρόνον

2122 3452 2421 3525 ὲνήλλαξαν
2444 3455 2495 3506 οἱ
2526 3452 2945 3525 Ἑϐδομήκοντα,
2972 3454 3068 3508 καλ⁸
3089 3454 3164 3519 ὡς
3191 3454 3537 3525 γεγενημένα
3554 3455 3713 3525 εἰρήρ

2125 3562 2255 3598 κασι
2283 3545 2353 3599 τὰ
2382 3546 2636 3616 ἐσόμενα.
2662 3547 2725 3599 Οἱ
2754 3545 2812 3599 δὲ
2840 3545 2988 3599 ἄλλοι
3014 3546 3352 3616 σαφεστέραν
3376 3547 3712 3616 ἐποιήσαντο

2124 3636 2224 3706 τὴν
2268 3637 2593 3708 ἑρμηνείαν·
2629 3656 2648 3689 ι
2682 3637 3030 3692 Ἀπόστειλον
3069 3636 3131 3691 τὸ
3154 3637 3270 3706 φῶς
3310 3654 3425 3703 σου,
3459 3637 3561 3693 καὶ
3590 3636 3711 3705 τὴν

2124 3727 2416 3795 ἀλήθειάν
2433 3745 2573 3794 σου,
2594 3728 2752 3783 ἅτινα
2768 3728 3024 3800 ὁδηγήσει
3061 3746 3150 3800 με,
3177 3730 3271 3782 καὶ
3303 3729 3422 3794 ἄξει
3448 3746 3521 3799 με
3546 3729 3597 3761 ⁸³
3624 3731 3710 3794 εις

2123 3817 2185 3872 τὸ
2202 3819 2327 3891 ὅρος
2358 3820 2419 3873 τὸ
2446 3820 2602 3889 ἅγιόν
2635 3837 2751 3887 σου,
2777 3821 2870 3874 καὶ
2890 3821 2968 3883 είς
3002 3821 3101 3884 τὰς
3125 3820 3425 3893 σκηνώσεις
3457 3838 3553 3875 σου
3576 3820 3646 3876 ⁸⁸.
3679 3838 3703 3875 ι

2126 3907 2237 3977 Τῆς
2285 3906 2435 3972 θείας
2465 3908 2512 3941 ⁸⁸
2553 3908 2875 3979 ἐπικουρίας
2911 3908 3221 3963 ἀπολαῦσαι
3270 3908 3318 3941 ⁸⁸
3360 3910 3707 3980 παρακαλῶ·

2124 3999 2214 4054 διὰ
2254 4001 2457 4073 ταύτης
2490 4020 2558 4073 με
2586 4004 2631 4035 ⁸⁸
2660 4003 2767 4072 γὰρ
2794 4001 3020 4056 δυνατὸν
3054 4004 3150 4057 καὶ
3176 4006 3275 4075 τῆς
3296 4006 3501 4074 πικρᾶς
3532 4004 3713 4059 ἁπαλ-

2126 4092 2355 4163 λαγῆναι
2373 4092 2637 4159 δουλείας,
2661 4094 2753 4148 καὶ
2771 4095 2852 4156 είς
2872 4093 2971 4165 τὴν
3002 4094 3107 4165 γῆν
3129 4096 3231 4166 τὴν
3261 4095 3524 4166 πατρῴαν
3542 4096 3712 4149 ἐπαν-

2127 4182 2302 4236 ελθεῖν
2323 4183 2391 4250 ⁸⁷,
2424 4183 2519 4237 καὶ
2550 4184 2608 4236 ὲν
2632 4183 2709 4254 τῷ
2738 4185 3107 4257 ἀφιερωμένῳ
3136 4185 3248 4256 ναῷ
3283 4185 3713 4258 τὴννενομισμέ-

2128 4291 2224 4343 νην
2257 4274 2518 4346 λατρείαν
2542 4278 2953 4347 προσενεγκεῖν.
2989 4276 3360 4347 Σκηνώματα
3390 4275 3503 4350 γὰρ
3532 4278 3643 4332 τοῦ
3663 4279 3711 4310 ⁸³

2130 4364 2299 4427 Θεοῦ,
2350 4363 2439 4418 τδν
2492 4365 2619 4419 ναὸν
2671 4364 3149 4435 προσηγόρευσενο
3207 4365 3345 4433 ὅρος
3402 4366 3461 4418 δὲ
3517 4366 3711 4437 ἄτιον.

2128 4454 2226 4524 τὴν
2261 4455 2306 4486 ⁸⁷
2358 4453 2532 4508 Σιὼν’
2567 4454 2694 4524 φῶς
2743 4454 2802 4508 δὲ
2851 4456 2946 4509 καὶ
2993 4454 3306 4523 ἀλήθειαν,
3351 4456 3452 4527 τὴν
3495 4455 3713 4510 δικαίαν

448 4519 864 4631 tesvnu'ncupat,
892 4519 989 4613 sic.
1002 4555 1172 4609 lucem
1196 4551 1265 4607 ab
1293 4551 1380 4605 his
1410 4549 1812 4603 liberationem.
1844 4547 2018 4602 Caete-

2132 4519 2226 4599 καὶ
2254 4546 2519 4616 σωτήριον
2567 4519 2911 4617 έπιιράνειαν.
2949 4519 3163 4616 ’Ὠσπερ
3193 4519 3302 4616 γὰρ
3342 4519 3572 4614 σκότος
3615 4548 3715 4612 τὰς

447 4668 570 4709 rum
602 4651 889 4707 veritatem
924 4661 1047 4704 cum
1075 4646 1199 4700 luce
1231 4641 1531 4713 postulant,
1564 4648 1824 4706 tanquam
1859 4653 2024 4706 expe-

450 4754 629 4801 tentes
651 4752 715 4799 ut
753 4741 902 4798 Deus
930 4739 1141 4812 iudicet
1169 4736 1321 4806 ipsos
1349 4744 1405 4788 et
1431 4729 1783 4802 Babylonios,
1823 4736 1878 4785 et
1908 4745 2026 4783 ma-

450 4835 649 4892 nifesto
687 4836 927 4891 scientes
948 4830 1147 4895 Deum,
1176 4827 1223 4883 si
1278 4824 1505 4880 veritate
1533 4833 1588 4879 et
1622 4836 1731 4877 non
1764 4821 2026 4891 patientia

2133 4637 2418 4710 συμφορὰς
2455 4638 2733 4709 ὀνομάζει,
2784 4638 2928 4693 οὕτω
2975 4639 3101 4708 φῶς
3137 4638 3237 4710 τὴν
3279 4639 3488 4693 τούτων
3540 4640 3715 4695 ἀπαλ-

2132 4730 2327 4799 λαγήν.
2376 4730 2598 4783 Αίτοῦσι
2638 4731 2696 4784 δὲ
2739 4731 2878 4801 μετὰ
2913 4729 3009 4784 τοῦ
3057 4732 3234 4802 φωτὸς
3269 4730 3371 4802 τὴν
3413 4732 3713 4805 ἀλήθειαν

2136 4822 2233 4876 ἆτε
2253 4822 2318 4893 δὴ
2346 4826 2530 4891 κρῖναι
2561 4823 2652 4877 τὸν
2676 4823 2808 4876 Θεὸν
2839 4825 3021 4887 αὐτοῖς
3054 4827 3147 4878 καὶ
3175 4823 3548 4891 Βαϐυλωνίοις
3575 4824 3720 4892 ἐξαι-

1574 5034 1802 5091 VARl/E
1841 5034 2228 5092 LECTIONES
2266 5036 2353 5090 ET
2388 5034 2627 5091 NOTIE.

526 5222 570 5254 ⁸⁵
596 5219 916 5287 Σωτήρων.
946 5219 1069 5273 cod.
1100 5215 1276 5270 Vatic.

1311 5216 1344 5285 ἡ
1375 5215 1639 5287 σωτηρία.
1718 5216 1761 5287 ⁷⁷
1790 5217 1914 5287 cod.
1948 5217 1999 5278 I,
2028 5216 2067 5287 ἢ
2096 5214 2509 5287 ἀπαγορεύσῃς.

2586 5212 2631 5242 ⁶⁸
2657 5214 2790 5265 Μοι.
2841 5210 2966 5265 cod.
3007 5208 3188 5263 Vatic.
3233 5225 3322 5275 με.
3401 5205 3448 5237 θ’
3479 5204 3717 5275 Ἀνθρώ-

455 5273 800 5347 πουΪοοιΙίῖ).
821 5288 1064 5360 κάνδρόςη
1114 5288 1160 5319 ⁷⁰
1180 5273 1601 5360 ’ᾼπερίγραςρρς
1626 5317 1693 5327 --
1719 5273 2014 5360 διάνοιαν.

2127 5301 2169 5360 5.
2216 5273 2519 5360 i'n'cod."3.
2548 5282 2725 5360 _Conl'._
2751 5282 2949 5360 Euseb.
2984 5281 3051 5333 ad
3082 5273 3461 5360 huncjoenm.
3497 5347 3513 5360 ι
3538 5277 3584 5360 _"
3616 5273 3712 5360 de}.

454 5364 625 5417 Abest
666 5376 697 5413 a
734 5359 857 5414 cod.
889 5359 942 5415 5.

1046 5359 1092 5390 ⁷⁷
1122 5355 1243 5412 cod.
1281 5345 1326 5414 3'
1348 5345 1542 5423 λόγους
1577 5345 1968 5425 ποιησάμενοι.
2045 5356 2090 5387 ⁷³
2115 5356 2413 5425 ’ρμότητμ
2461 5352 2584 5425 cod.
2702 5350 3096 5425 daepvdrqgt;
3134 5349 3182 5425 ’ξ
3212 5345 3446 5425 ῌολζιῇ.
3481 5347 3714 5425 Abest-:I

457 5413 671 5487 ξιῐδῖ-ί.
746 5429 792 5461 ⁷⁸
824 5413 945 5483 cod.
973 5430 1006 5484 5
1035 5428 1185 5481 διόπε
1231 5465 1245 5480 .
1291 5413 1294 5414 ν
1341 5427 1385 5458 ⁷⁸
1414 5413 1677 5481 Σύίυοό.
1704 5413 1888 5480 ’νηίίικ
1931 5426 2012 5478 adt

457 5504 781 5551 (Psenuitnr
816 5516 937 5551 μου.
1047 5501 1093 5533 ⁷⁸
1119 5444 1315 5551 Πιῖλιν
1344 5497 1460 5551 τὴν
1504 5496 1717 5551 αὐτὴν.
1756 5496 1877 5551 cod.
1909 5496 1942 5548 ’ὀ
1977 5497 2018 5546 Τ

2129 5413 2194 5479 ἷ.’
2250 5426 2291 5455 ⁷⁷
2319 5413 2443 5478 eod.
2492 5424 2510 5475 I
2547 5413 2878 5489 ἀπώσωμαι.
2956 5413 3004 5451 ⁷⁸
3029 5419 3303 5489 Ἐχθρόν.
3339 5413 3574 5470 ιιιιοετε.
3604 5413 3717 5465 τῶν

2136 5495 2305 5551 αὐτὴν
2333 5494 2389 5546 δὲ
2424 5493 2606 5545 πάλιν.
2683 5491 2729 5522 ⁸ο
2770 5491 2898 5545 Ἢν.
2932 5489 3055 5544 cod.
3090 5490 3152 5549 i.
3194 5488 3230 5541 2
3275 5481 3357 5541 οὗ.
3389 5485 3515 5540 cod.
3544 5481 3716 5543 ὅοῦς.

457 5504 593 5556 0’58
636 5504 781 5556 uitur
814 5516 937 5569 μου.
1047 5501 1093 5533 ⁷⁹
1119 5501 1174 5551 ll

462 5571 507 5602 ⁸³
530 5516 654 5626 cog.
685 5572 720 5626 5
751 5570 1047 5626 ἱκετηρίαν.
1123 5569 1169 5600 ⁸⁷

462 5571 507 5602 81
530 5586 596 5625 c0

459 5711 678 5772 ελθεῖν.
717 5712 836 5771 cod.
864 5711 899 5766 2
944 5710 1193 5765 διελθεῖν.

1344 5497 1460 5563 τὴν
1504 5496 1717 5561 αὐτὴν.
1756 5496 1877 5551 cod.
1909 5496 1942 5548 ’ὀ
1977 5497 2018 5546 Τ

2136 5495 2305 5566 αυτὴν
2333 5494 2389 5546 δὲ
2424 5493 2606 5566 πάλιν.
2683 5491 2729 5522 ⁸ο
2760 5481 2898 5566 “gr:
2932 5489 3055 5566 cod.
3090 5481 3250 5566 I'.:2_
3275 5481 3357 5566 οξ.
3389 5485 3515 5566 c_od.
3544 5481 3716 5566 5οἶξς.

685 5552 1047 5641 ἶίκέτηρίαν.
1123 5569 1169 5641 ’ξ’
1204 5566 1309 5641 Ille.
1339 5552 1507 5641 Abest
1536 5581 1565 5620 a
1593 5552 1716 5621 cod.
1745 5567 1799 5619 2.
1876 5566 1924 5598 ⁸³
1947 5581 2012 5641 c_o

2132 5606 2155 5641 _,
2250 5552 2717 5641 :E&_ox'qvmpqtta;
2783 5559 2829 5591 ⁸⁸
2856 5560 3051 5641 θείας.
3078 5559 3199 5641 cod.
3217 5558 3281 5641 ,1,
3311 5556 3348 5609 2
3377 5552 3712 5641 σῇςκεησίν.

459 5641 505 5674 ⁸³
544 5630 926 5697 Ἀπολαῦσαὲξ
962 5639 1017 5694 In
1043 5639 1165 5693 cmi.
1201 5637 1239 5691 ‘2
1268 5636 1490 5708 ponitur
1518 5645 1640 5705 post
1697 5636 2018 5707 παρακαλῶ.

459 5711 678 5761 πιθεῖν.
717 5712 836 5761 md.
864 5711 899 5761 2
944 5710 1193 5761 διελθεῖν.
1305 5708 1349 5739 ⁸⁸
1382 5705 1514 5759 Τοῦ.
1551 5705 1715 5761 Abest
1749 5725 1779 5761 ιι
1834 5706 1956 5761 cod.

2128 5636 2148 5665 ‘
2176 5634 2281 5687 Μέ.
2321 5633 2377 5686 In
2422 5630 2547 5685 cod.
2590 5631 2640 5698 I,
2686 5630 2721 5683 2
2753 5630 2975 5699 ponitur
3009 5639 3136 5701 post
3166 5630 3295 5701 γάρ.

2127 5705 2167 5757 2.
2282 5703 2326 5737 θ’
2367 5702 2505 5761 Τήν.
2535 5701 2655 5756 cod.
2705 5702 2755 5761 l.
2783 5699 2818 5755 ἓ
2852 5700 2931 5754 τό.

1422 5717 1514 5759 'cv.
1551 5717 1715 5761 Abest
1749 5725 1779 5761 ιι
1834 5717 1956 5762 cod.
2019 5717 2071 5773 1,
2114 5717 2167 5758 2.

3405 5625 3450 5659 ⁸⁷
3498 5626 3720 5682 Ἐπανε-

2282 5703 2326 5737 sv
2367 5702 2505 5771 my.
2535 5701 2655 5756 colt.
2705 5699 2818 5769 1,2
2852 5700 2931 5754 τό.
