  <div class='ocr_page' id='page_1' title='image "/cluster/home/n/w/nwhite01/storage/ocr_20150623/80/pst.000005712793/598.png"; bbox 0 0 3870 6318; ppageno 0'>
   <div class='ocr_carea' id='block_1_1' title="bbox 153 301 307 369">
    <p class='ocr_par' dir='ltr' id='par_1_1' title="bbox 153 301 307 369">
     <span class='ocr_line' id='line_1_1' title="bbox 153 301 307 369; baseline 0.026 -4"><span class='ocrx_word' id='word_1_1' title='bbox 153 301 307 369; x_wconf 72' lang='grc' dir='ltr'><strong>ῙΣῙἹ</strong></span> 
     </span>
    </p>
   </div>
   <div class='ocr_carea' id='block_1_2' title="bbox 1496 324 2106 393">
    <p class='ocr_par' dir='ltr' id='par_1_2' title="bbox 1496 324 2106 393">
     <span class='ocr_line' id='line_1_2' title="bbox 1496 324 2106 393; baseline 0.015 -10"><span class='ocrx_word' id='word_1_2' title='bbox 1496 324 1577 385; x_wconf 86' lang='grc' dir='ltr'><strong>ΙΝ</strong></span> <span class='ocrx_word' id='word_1_3' title='bbox 1620 325 1823 387; x_wconf 82' lang='lat' dir='ltr'><strong>PSAL.</strong></span> <span class='ocrx_word' id='word_1_4' title='bbox 1890 331 2106 393; x_wconf 84' lang='lat' dir='ltr'><strong>XLIII.</strong></span> 
     </span>
    </p>
   </div>
   <div class='ocr_carea' id='block_1_3' title="bbox 3221 322 3433 411">
    <p class='ocr_par' dir='ltr' id='par_1_3' title="bbox 3221 322 3433 411">
     <span class='ocr_line' id='line_1_3' title="bbox 3221 322 3433 411; baseline 0.009 -31"><span class='ocrx_word' id='word_1_5' title='bbox 3221 408 3224 411; x_wconf 92' lang='lat'><em>_</em></span> <span class='ocrx_word' id='word_1_6' title='bbox 3288 322 3433 382; x_wconf 81' lang='lat' dir='ltr'><strong>n73</strong></span> 
     </span>
    </p>
   </div>
   <div class='ocr_carea' id='block_1_4' title="bbox 140 421 1742 524">
    <p class='ocr_par' dir='ltr' id='par_1_4' title="bbox 140 421 1742 524">
     <span class='ocr_line' id='line_1_4' title="bbox 140 421 1742 524; baseline 0.014 -52"><span class='ocrx_word' id='word_1_7' title='bbox 140 421 484 524; x_wconf 44' lang='grc' dir='ltr'>τήσαντεςσ.</span> <span class='ocrx_word' id='word_1_8' title='bbox 518 425 614 479; x_wconf 77' lang='grc' dir='ltr'><strong>καὶ</strong></span> <span class='ocrx_word' id='word_1_9' title='bbox 657 427 849 497; x_wconf 82' lang='grc' dir='ltr'><strong>σαφῶς</strong></span> <span class='ocrx_word' id='word_1_10' title='bbox 893 429 1113 498; x_wconf 77' lang='grc' dir='ltr'>εἰδότες,</span> <span class='ocrx_word' id='word_1_11' title='bbox 1156 432 1233 496; x_wconf 87' lang='grc' dir='ltr'>ὡς</span> <span class='ocrx_word' id='word_1_12' title='bbox 1282 433 1513 509; x_wconf 75' lang='grc' dir='ltr'><strong>ἀληθείᾳ</strong></span> <span class='ocrx_word' id='word_1_13' title='bbox 1551 440 1646 492; x_wconf 74' lang='grc' dir='ltr'><strong>καὶ</strong></span> <span class='ocrx_word' id='word_1_14' title='bbox 1678 440 1742 510; x_wconf 60' lang='grc' dir='ltr'>μὶ</span> 
     </span>
    </p>
   </div>
   <div class='ocr_carea' id='block_1_5' title="bbox 1850 421 3432 524">
    <p class='ocr_par' dir='ltr' id='par_1_5' title="bbox 1855 449 3432 524">
     <span class='ocr_line' id='line_1_5' title="bbox 1855 449 3432 524; baseline 0.006 -24"><span class='ocrx_word' id='word_1_15' title='bbox 1855 456 2062 510; x_wconf 85' lang='lat' dir='ltr'><strong>utatur.</strong></span> <span class='ocrx_word' id='word_1_16' title='bbox 2117 449 2242 504; x_wconf 86' lang='lat' dir='ltr'><strong>illos</strong></span> <span class='ocrx_word' id='word_1_17' title='bbox 2294 451 2517 520; x_wconf 99' lang='lat' dir='ltr'><strong>quidem</strong></span> <span class='ocrx_word' id='word_1_18' title='bbox 2568 453 3082 518; x_wconf 89' lang='lat' dir='ltr'><strong>condemnaturum,</strong></span> <span class='ocrx_word' id='word_1_19' title='bbox 3120 451 3274 524; x_wconf 89' lang='lat' dir='ltr'><strong>ipsos</strong></span> <span class='ocrx_word' id='word_1_20' title='bbox 3300 470 3432 509; x_wconf 82' lang='lat' dir='ltr'><strong>vero</strong></span> 
     </span>
    </p>
   </div>
   <div class='ocr_carea' id='block_1_6' title="bbox 146 515 1752 604">
    <p class='ocr_par' dir='ltr' id='par_1_6' title="bbox 146 515 1752 604">
     <span class='ocr_line' id='line_1_6' title="bbox 146 515 1752 604; baseline 0.022 -51"><span class='ocrx_word' id='word_1_21' title='bbox 146 515 523 589; x_wconf 76' lang='grc' dir='ltr'><strong>μακροθυμίᾳ</strong></span> <span class='ocrx_word' id='word_1_22' title='bbox 550 519 835 590; x_wconf 82' lang='grc' dir='ltr'>χρώμενος</span> <span class='ocrx_word' id='word_1_23' title='bbox 866 522 895 575; x_wconf 93' lang='lat'><strong>6</strong></span> <span class='ocrx_word' id='word_1_24' title='bbox 923 521 1080 587; x_wconf 89' lang='grc' dir='ltr'>Θεὸς,</span> <span class='ocrx_word' id='word_1_25' title='bbox 1118 525 1344 581; x_wconf 77' lang='grc' dir='ltr'><strong>ἐκείνων</strong></span> <span class='ocrx_word' id='word_1_26' title='bbox 1375 528 1475 599; x_wconf 78' lang='grc' dir='ltr'>μὲν</span> <span class='ocrx_word' id='word_1_27' title='bbox 1505 533 1752 604; x_wconf 75' lang='grc' dir='ltr'>καταψη-</span> 
     </span>
    </p>
   </div>
   <div class='ocr_carea' id='block_1_7' title="bbox 150 607 1748 696">
    <p class='ocr_par' dir='ltr' id='par_1_7' title="bbox 150 607 1748 696">
     <span class='ocr_line' id='line_1_7' title="bbox 150 607 1748 696; baseline 0.016 -40"><span class='ocrx_word' id='word_1_28' title='bbox 150 607 394 696; x_wconf 61' lang='grc' dir='ltr'>φιεῖται,</span> <span class='ocrx_word' id='word_1_29' title='bbox 422 610 623 674; x_wconf 84' lang='grc' dir='ltr'>αὐτοὺς</span> <span class='ocrx_word' id='word_1_30' title='bbox 643 611 700 665; x_wconf 86' lang='grc' dir='ltr'>δὲ</span> <span class='ocrx_word' id='word_1_31' title='bbox 729 615 832 684; x_wconf 80' lang='grc' dir='ltr'><strong>τῆς</strong></span> <span class='ocrx_word' id='word_1_32' title='bbox 857 615 1081 669; x_wconf 81' lang='grc' dir='ltr'><strong>ἐκείνων</strong></span> <span class='ocrx_word' id='word_1_33' title='bbox 1106 617 1352 684; x_wconf 81' lang='grc' dir='ltr'><strong>δουλείας</strong></span> <span class='ocrx_word' id='word_1_34' title='bbox 1375 621 1748 696; x_wconf 77' lang='grc' dir='ltr'>ἐλευθερώσει.</span> 
     </span>
    </p>
   </div>
   <div class='ocr_carea' id='block_1_8' title="bbox 227 695 1749 786">
    <p class='ocr_par' dir='ltr' id='par_1_8' title="bbox 227 695 1749 786">
     <span class='ocr_line' id='line_1_8' title="bbox 227 695 1749 786; baseline 0.015 -37"><span class='ocrx_word' id='word_1_35' title='bbox 227 695 291 749; x_wconf 86' lang='grc' dir='ltr'><strong>δ’.</strong></span> <span class='ocrx_word' id='word_1_36' title='bbox 346 718 364 750; x_wconf 80' lang='grc' dir='ltr'><strong>ι</strong></span> <span class='ocrx_word' id='word_1_37' title='bbox 404 701 514 753; x_wconf 73' lang='grc' dir='ltr'><strong>Καὶ</strong></span> <span class='ocrx_word' id='word_1_38' title='bbox 557 702 941 776; x_wconf 76' lang='grc' dir='ltr'><strong>εἰσελεύσομαι</strong></span> <span class='ocrx_word' id='word_1_39' title='bbox 974 709 1112 778; x_wconf 83' lang='grc' dir='ltr'>πρὸς</span> <span class='ocrx_word' id='word_1_40' title='bbox 1142 710 1202 763; x_wconf 89' lang='grc' dir='ltr'><strong>τὸ</strong></span> <span class='ocrx_word' id='word_1_41' title='bbox 1231 695 1622 786; x_wconf 84' lang='grc' dir='ltr'>θυσιαστήριον</span> <span class='ocrx_word' id='word_1_42' title='bbox 1654 720 1749 772; x_wconf 88' lang='grc' dir='ltr'><strong>τοῦ</strong></span> 
     </span>
    </p>
   </div>
   <div class='ocr_carea' id='block_1_9' title="bbox 150 785 1752 881">
    <p class='ocr_par' dir='ltr' id='par_1_9' title="bbox 150 785 1752 881">
     <span class='ocr_line' id='line_1_9' title="bbox 150 785 1752 881; baseline 0.017 -44"><span class='ocrx_word' id='word_1_43' title='bbox 150 785 328 851; x_wconf 76' lang='grc' dir='ltr'>Θεοῦ,</span> <span class='ocrx_word' id='word_1_44' title='bbox 379 791 519 860; x_wconf 81' lang='grc' dir='ltr'>πρὸς</span> <span class='ocrx_word' id='word_1_45' title='bbox 546 791 639 846; x_wconf 87' lang='grc' dir='ltr'><strong>τὸν</strong></span> <span class='ocrx_word' id='word_1_46' title='bbox 662 793 796 849; x_wconf 93' lang='grc' dir='ltr'>Θεὸν</span> <span class='ocrx_word' id='word_1_47' title='bbox 826 797 918 852; x_wconf 86' lang='grc' dir='ltr'><strong>τὸν</strong></span> <span class='ocrx_word' id='word_1_48' title='bbox 931 798 976 832; x_wconf 84' lang='grc'>⁹⁰</span> <span class='ocrx_word' id='word_1_49' title='bbox 1004 801 1369 873; x_wconf 76' lang='grc' dir='ltr'><strong>εὐφραίνοντα</strong></span> <span class='ocrx_word' id='word_1_50' title='bbox 1398 806 1752 881; x_wconf 84' lang='grc' dir='ltr'>τὴννεότητά</span> 
     </span>
    </p>
   </div>
   <div class='ocr_carea' id='block_1_10' title="bbox 150 883 1751 968">
    <p class='ocr_par' dir='ltr' id='par_1_10' title="bbox 150 883 1751 968">
     <span class='ocr_line' id='line_1_10' title="bbox 150 883 1751 968; baseline 0.016 -37"><span class='ocrx_word' id='word_1_51' title='bbox 150 897 269 949; x_wconf 81' lang='grc' dir='ltr'><strong>μου</strong></span> <span class='ocrx_word' id='word_1_52' title='bbox 293 897 308 911; x_wconf 74' lang='grc' dir='ltr'><strong><em>ο</em></strong></span> <span class='ocrx_word' id='word_1_53' title='bbox 375 883 843 958; x_wconf 76' lang='grc' dir='ltr'>ἐξομολογησομαί</span> <span class='ocrx_word' id='word_1_54' title='bbox 870 906 952 943; x_wconf 92' lang='grc' dir='ltr'><strong>σοι</strong></span> <span class='ocrx_word' id='word_1_55' title='bbox 982 893 1039 945; x_wconf 77' lang='grc' dir='ltr'>ἐν</span> <span class='ocrx_word' id='word_1_56' title='bbox 1066 893 1287 966; x_wconf 84' lang='grc' dir='ltr'>κιθάρᾳ,</span> <span class='ocrx_word' id='word_1_57' title='bbox 1332 899 1360 950; x_wconf 98' lang='lat'><strong>6</strong></span> <span class='ocrx_word' id='word_1_58' title='bbox 1386 898 1539 967; x_wconf 82' lang='grc' dir='ltr'>Θεὸς,</span> <span class='ocrx_word' id='word_1_59' title='bbox 1573 904 1601 954; x_wconf 91' lang='lat'><strong>6</strong></span> <span class='ocrx_word' id='word_1_60' title='bbox 1622 902 1751 968; x_wconf 87' lang='grc' dir='ltr'>Θεός</span> 
     </span>
    </p>
   </div>
   <div class='ocr_carea' id='block_1_11' title="bbox 152 973 1750 1056">
    <p class='ocr_par' dir='ltr' id='par_1_11' title="bbox 152 973 1750 1056">
     <span class='ocr_line' id='line_1_11' title="bbox 152 973 1750 1056; baseline 0.014 -33"><span class='ocrx_word' id='word_1_61' title='bbox 152 988 292 1039; x_wconf 88' lang='grc' dir='ltr'>μου.</span> <span class='ocrx_word' id='word_1_62' title='bbox 323 991 342 1024; x_wconf 73' lang='grc' dir='ltr'><strong>ι</strong></span> <span class='ocrx_word' id='word_1_63' title='bbox 372 973 543 1028; x_wconf 88' lang='grc' dir='ltr'>Τοῦτο</span> <span class='ocrx_word' id='word_1_64' title='bbox 569 978 598 1029; x_wconf 92' lang='lat'><strong>6</strong></span> <span class='ocrx_word' id='word_1_65' title='bbox 620 976 921 1050; x_wconf 78' lang='grc' dir='ltr'><strong>Σύμμαχος</strong></span> <span class='ocrx_word' id='word_1_66' title='bbox 944 981 1119 1047; x_wconf 73' lang='grc' dir='ltr'>οὕτως</span> <span class='ocrx_word' id='word_1_67' title='bbox 1152 987 1501 1056; x_wconf 82' lang='grc' dir='ltr'>ἡρμήνευσεν</span> <span class='ocrx_word' id='word_1_68' title='bbox 1523 1006 1539 1020; x_wconf 84' lang='grc'><strong>·</strong></span> <span class='ocrx_word' id='word_1_69' title='bbox 1581 1010 1600 1042; x_wconf 78' lang='grc' dir='ltr'><strong>ι</strong></span> <span class='ocrx_word' id='word_1_70' title='bbox 1635 992 1750 1047; x_wconf 73' lang='grc' dir='ltr'>ἰνα</span> 
     </span>
    </p>
   </div>
   <div class='ocr_carea' id='block_1_12' title="bbox 148 1064 1752 1152">
    <p class='ocr_par' dir='ltr' id='par_1_12' title="bbox 148 1064 1752 1152">
     <span class='ocr_line' id='line_1_12' title="bbox 148 1064 1752 1152; baseline 0.014 -37"><span class='ocrx_word' id='word_1_71' title='bbox 148 1064 305 1118; x_wconf 79' lang='grc' dir='ltr'>ἔλθω</span> <span class='ocrx_word' id='word_1_72' title='bbox 322 1066 365 1097; x_wconf 77' lang='grc' dir='ltr'>ἰ</span> <span class='ocrx_word' id='word_1_73' title='bbox 416 1067 554 1138; x_wconf 87' lang='grc' dir='ltr'>πρὸς</span> <span class='ocrx_word' id='word_1_74' title='bbox 599 1068 662 1122; x_wconf 90' lang='grc' dir='ltr'><strong>τὸ</strong></span> <span class='ocrx_word' id='word_1_75' title='bbox 707 1070 1095 1144; x_wconf 86' lang='grc' dir='ltr'>θυσιαστήριον</span> <span class='ocrx_word' id='word_1_76' title='bbox 1141 1076 1235 1129; x_wconf 86' lang='grc' dir='ltr'><strong>τοῦ</strong></span> <span class='ocrx_word' id='word_1_77' title='bbox 1278 1078 1449 1142; x_wconf 84' lang='grc' dir='ltr'>Θεοῦ,</span> <span class='ocrx_word' id='word_1_78' title='bbox 1496 1081 1631 1152; x_wconf 84' lang='grc' dir='ltr'>πρὸς</span> <span class='ocrx_word' id='word_1_79' title='bbox 1661 1084 1752 1138; x_wconf 77' lang='grc' dir='ltr'><strong>τὸν</strong></span> 
     </span>
    </p>
   </div>
   <div class='ocr_carea' id='block_1_13' title="bbox 151 1155 1750 1240">
    <p class='ocr_par' dir='ltr' id='par_1_13' title="bbox 151 1155 1750 1240">
     <span class='ocr_line' id='line_1_13' title="bbox 151 1155 1750 1240; baseline 0.013 -31"><span class='ocrx_word' id='word_1_80' title='bbox 151 1155 298 1211; x_wconf 79' lang='grc' dir='ltr'>Θεὸν</span> <span class='ocrx_word' id='word_1_81' title='bbox 346 1158 444 1230; x_wconf 79' lang='grc' dir='ltr'>τὴν</span> <span class='ocrx_word' id='word_1_82' title='bbox 487 1161 831 1234; x_wconf 77' lang='grc' dir='ltr'>εὐφροσύνην</span> <span class='ocrx_word' id='word_1_83' title='bbox 875 1166 976 1235; x_wconf 83' lang='grc' dir='ltr'>τῆς</span> <span class='ocrx_word' id='word_1_84' title='bbox 1012 1168 1280 1239; x_wconf 78' lang='grc' dir='ltr'><strong>εὐθυμίας</strong></span> <span class='ocrx_word' id='word_1_85' title='bbox 1312 1187 1452 1240; x_wconf 87' lang='grc' dir='ltr'>μου,</span> <span class='ocrx_word' id='word_1_86' title='bbox 1514 1176 1607 1226; x_wconf 76' lang='grc' dir='ltr'><strong>καὶ</strong></span> <span class='ocrx_word' id='word_1_87' title='bbox 1662 1174 1750 1240; x_wconf 78' lang='grc' dir='ltr'><strong>ἐξ·</strong></span> 
     </span>
    </p>
   </div>
   <div class='ocr_carea' id='block_1_14' title="bbox 146 1246 1744 1335">
    <p class='ocr_par' dir='ltr' id='par_1_14' title="bbox 146 1246 1744 1335">
     <span class='ocr_line' id='line_1_14' title="bbox 146 1246 1744 1335; baseline 0.013 -38"><span class='ocrx_word' id='word_1_88' title='bbox 146 1246 580 1321; x_wconf 73' lang='grc' dir='ltr'>ομολογήσομαί</span> <span class='ocrx_word' id='word_1_89' title='bbox 610 1269 693 1306; x_wconf 93' lang='grc' dir='ltr'><strong>σοι</strong></span> <span class='ocrx_word' id='word_1_90' title='bbox 721 1255 780 1308; x_wconf 86' lang='grc' dir='ltr'>ὲν</span> <span class='ocrx_word' id='word_1_91' title='bbox 804 1254 1091 1329; x_wconf 80' lang='grc' dir='ltr'>ψαλτηρίῳ</span> <span class='ocrx_word' id='word_1_92' title='bbox 1117 1260 1145 1310; x_wconf 98' lang='lat'><strong>6</strong></span> <span class='ocrx_word' id='word_1_93' title='bbox 1177 1259 1331 1326; x_wconf 87' lang='grc' dir='ltr'>Θεὸς,</span> <span class='ocrx_word' id='word_1_94' title='bbox 1360 1262 1388 1314; x_wconf 91' lang='lat'><strong>6</strong></span> <span class='ocrx_word' id='word_1_95' title='bbox 1416 1261 1549 1326; x_wconf 81' lang='grc' dir='ltr'>Θεός</span> <span class='ocrx_word' id='word_1_96' title='bbox 1580 1282 1702 1335; x_wconf 89' lang='grc' dir='ltr'>μου,</span> <span class='ocrx_word' id='word_1_97' title='bbox 1726 1285 1744 1318; x_wconf 73' lang='grc' dir='ltr'><strong>ι</strong></span> 
     </span>
    </p>
   </div>
   <div class='ocr_carea' id='block_1_15' title="bbox 164 1340 1750 1427">
    <p class='ocr_par' dir='ltr' id='par_1_15' title="bbox 164 1340 1750 1427">
     <span class='ocr_line' id='line_1_15' title="bbox 164 1340 1750 1427; baseline 0.013 -37"><span class='ocrx_word' id='word_1_98' title='bbox 164 1340 207 1427; x_wconf 65' lang='grc' dir='ltr'>ξι</span> <span class='ocrx_word' id='word_1_99' title='bbox 221 1341 490 1412; x_wconf 87' lang='grc' dir='ltr'>μείρομαι</span> <span class='ocrx_word' id='word_1_100' title='bbox 512 1343 570 1395; x_wconf 83' lang='grc' dir='ltr'>δὲ</span> <span class='ocrx_word' id='word_1_101' title='bbox 598 1345 698 1415; x_wconf 83' lang='grc' dir='ltr'>τῆς</span> <span class='ocrx_word' id='word_1_102' title='bbox 722 1347 1009 1413; x_wconf 81' lang='grc' dir='ltr'>ἐπανόδου,</span> <span class='ocrx_word' id='word_1_103' title='bbox 1040 1350 1195 1421; x_wconf 74' lang='grc' dir='ltr'>φησὶ,</span> <span class='ocrx_word' id='word_1_104' title='bbox 1222 1352 1283 1405; x_wconf 91' lang='grc' dir='ltr'><strong>τὸ</strong></span> <span class='ocrx_word' id='word_1_105' title='bbox 1306 1355 1633 1427; x_wconf 75' lang='grc' dir='ltr'>τριπόθητον</span> <span class='ocrx_word' id='word_1_106' title='bbox 1656 1375 1750 1410; x_wconf 89' lang='grc' dir='ltr'><strong>σου</strong></span> 
     </span>
    </p>
   </div>
   <div class='ocr_carea' id='block_1_16' title="bbox 153 1426 1751 1509">
    <p class='ocr_par' dir='ltr' id='par_1_16' title="bbox 153 1426 1751 1509">
     <span class='ocr_line' id='line_1_16' title="bbox 153 1426 1751 1509; baseline 0.015 -29"><span class='ocrx_word' id='word_1_107' title='bbox 153 1426 558 1503; x_wconf 82' lang='grc' dir='ltr'>θυσιαστήριον</span> <span class='ocrx_word' id='word_1_108' title='bbox 588 1434 717 1489; x_wconf 77' lang='grc' dir='ltr'>ἰδεῖν</span> <span class='ocrx_word' id='word_1_109' title='bbox 750 1439 1039 1509; x_wconf 74' lang='grc' dir='ltr'>ἐφιέμενος</span> <span class='ocrx_word' id='word_1_110' title='bbox 1061 1480 1075 1505; x_wconf 91' lang='grc'><strong>,</strong></span> <span class='ocrx_word' id='word_1_111' title='bbox 1114 1444 1208 1497; x_wconf 71' lang='grc' dir='ltr'><strong>καὶ</strong></span> <span class='ocrx_word' id='word_1_112' title='bbox 1236 1444 1305 1498; x_wconf 85' lang='grc' dir='ltr'><strong>δι’</strong></span> <span class='ocrx_word' id='word_1_113' title='bbox 1332 1426 1545 1501; x_wconf 78' lang='grc' dir='ltr'>ἐκείνου</span> <span class='ocrx_word' id='word_1_114' title='bbox 1574 1449 1635 1502; x_wconf 83' lang='grc' dir='ltr'>σὲ</span> <span class='ocrx_word' id='word_1_115' title='bbox 1660 1450 1751 1504; x_wconf 84' lang='grc' dir='ltr'><strong>τὸν</strong></span> 
     </span>
    </p>
   </div>
   <div class='ocr_carea' id='block_1_17' title="bbox 152 1520 1748 1609">
    <p class='ocr_par' dir='ltr' id='par_1_17' title="bbox 152 1520 1748 1609">
     <span class='ocr_line' id='line_1_17' title="bbox 152 1520 1748 1609; baseline 0.018 -41"><span class='ocrx_word' id='word_1_116' title='bbox 152 1520 448 1592; x_wconf 74' lang='grc' dir='ltr'>Δεσπότην</span> <span class='ocrx_word' id='word_1_117' title='bbox 480 1522 814 1594; x_wconf 84' lang='grc' dir='ltr'>θεάσασθαι,</span> <span class='ocrx_word' id='word_1_118' title='bbox 851 1529 909 1594; x_wconf 82' lang='grc' dir='ltr'>ὃς</span> <span class='ocrx_word' id='word_1_119' title='bbox 941 1531 1285 1606; x_wconf 84' lang='grc' dir='ltr'>εὐφροσύνης</span> <span class='ocrx_word' id='word_1_120' title='bbox 1314 1539 1663 1609; x_wconf 81' lang='grc' dir='ltr'>παντοδαπῆς</span> <span class='ocrx_word' id='word_1_121' title='bbox 1680 1542 1748 1609; x_wconf 73' lang='grc' dir='ltr'><strong>ν’,</strong></span> 
     </span>
    </p>
   </div>
   <div class='ocr_carea' id='block_1_18' title="bbox 151 1611 1751 1703">
    <p class='ocr_par' dir='ltr' id='par_1_18' title="bbox 151 1611 1751 1703">
     <span class='ocr_line' id='line_1_18' title="bbox 151 1611 1751 1703; baseline 0.016 -41"><span class='ocrx_word' id='word_1_122' title='bbox 151 1612 258 1703; x_wconf 58' lang='grc' dir='ltr'><strong>καὶ</strong></span> <span class='ocrx_word' id='word_1_123' title='bbox 298 1611 570 1685; x_wconf 83' lang='grc' dir='ltr'><strong>θυμηδίας</strong></span> <span class='ocrx_word' id='word_1_124' title='bbox 599 1618 860 1690; x_wconf 86' lang='grc' dir='ltr'>ἀφορμάς</span> <span class='ocrx_word' id='word_1_125' title='bbox 898 1639 987 1692; x_wconf 89' lang='grc' dir='ltr'><strong>μοι</strong></span> <span class='ocrx_word' id='word_1_126' title='bbox 1014 1626 1302 1696; x_wconf 85' lang='grc' dir='ltr'>παρέχεις.</span> <span class='ocrx_word' id='word_1_127' title='bbox 1344 1629 1497 1685; x_wconf 85' lang='grc' dir='ltr'>Ἐκεῖ</span> <span class='ocrx_word' id='word_1_128' title='bbox 1522 1633 1578 1685; x_wconf 82' lang='grc' dir='ltr'>δὲ</span> <span class='ocrx_word' id='word_1_129' title='bbox 1612 1633 1751 1703; x_wconf 87' lang='grc' dir='ltr'><strong>μετά</strong></span> 
     </span>
    </p>
   </div>
   <div class='ocr_carea' id='block_1_19' title="bbox 154 1702 1751 1791">
    <p class='ocr_par' dir='ltr' id='par_1_19' title="bbox 154 1702 1751 1791">
     <span class='ocr_line' id='line_1_19' title="bbox 154 1702 1751 1791; baseline 0.015 -36"><span class='ocrx_word' id='word_1_130' title='bbox 154 1702 401 1775; x_wconf 76' lang='grc' dir='ltr'>κιθάρας</span> <span class='ocrx_word' id='word_1_131' title='bbox 431 1707 533 1770; x_wconf 85' lang='grc' dir='ltr'>τὰς</span> <span class='ocrx_word' id='word_1_132' title='bbox 567 1710 822 1781; x_wconf 81' lang='grc' dir='ltr'>συνήθεις</span> <span class='ocrx_word' id='word_1_133' title='bbox 854 1713 1131 1785; x_wconf 84' lang='grc' dir='ltr'>ὑμνῳδίας</span> <span class='ocrx_word' id='word_1_134' title='bbox 1161 1720 1499 1791; x_wconf 89' lang='grc' dir='ltr'>ποιήσομαι·</span> <span class='ocrx_word' id='word_1_135' title='bbox 1553 1702 1621 1777; x_wconf 80' lang='grc' dir='ltr'>ὲν</span> <span class='ocrx_word' id='word_1_136' title='bbox 1641 1726 1751 1778; x_wconf 76' lang='lat' dir='ltr'><strong>Bat-</strong></span> 
     </span>
    </p>
   </div>
   <div class='ocr_carea' id='block_1_20' title="bbox 1859 538 3051 601">
    <p class='ocr_par' dir='ltr' id='par_1_20' title="bbox 1859 538 3051 601">
     <span class='ocr_line' id='line_1_20' title="bbox 1859 538 3051 601; baseline 0.008 -10"><span class='ocrx_word' id='word_1_137' title='bbox 1859 538 1929 593; x_wconf 89' lang='lat' dir='ltr'><strong>ab</strong></span> <span class='ocrx_word' id='word_1_138' title='bbox 1956 540 2173 594; x_wconf 74' lang='lat' dir='ltr'><strong>illorum</strong></span> <span class='ocrx_word' id='word_1_139' title='bbox 2218 544 2478 598; x_wconf 88' lang='lat' dir='ltr'><strong>servitute</strong></span> <span class='ocrx_word' id='word_1_140' title='bbox 2505 543 2860 598; x_wconf 88' lang='lat' dir='ltr'><strong>liberaturum</strong></span> <span class='ocrx_word' id='word_1_141' title='bbox 2908 560 3051 601; x_wconf 87' lang='lat' dir='ltr'><strong>esse.</strong></span> 
     </span>
    </p>
   </div>
   <div class='ocr_carea' id='block_1_21' title="bbox 1926 722 3426 792">
    <p class='ocr_par' dir='ltr' id='par_1_21' title="bbox 1926 722 3426 792">
     <span class='ocr_line' id='line_1_21' title="bbox 1926 722 3426 792; baseline 0.004 -16"><span class='ocrx_word' id='word_1_142' title='bbox 1926 722 2090 778; x_wconf 72' lang='lat' dir='ltr'><strong>Vens.</strong></span> <span class='ocrx_word' id='word_1_143' title='bbox 2128 725 2180 779; x_wconf 77' lang='grc'><strong>4.</strong></span> <span class='ocrx_word' id='word_1_144' title='bbox 2236 744 2253 774; x_wconf 80' lang='grc' dir='ltr'><strong>ι</strong></span> <span class='ocrx_word' id='word_1_145' title='bbox 2287 724 2352 779; x_wconf 85' lang='grc' dir='ltr'>Ει</span> <span class='ocrx_word' id='word_1_146' title='bbox 2393 725 2630 780; x_wconf 87' lang='lat' dir='ltr'><strong>introibo</strong></span> <span class='ocrx_word' id='word_1_147' title='bbox 2664 725 2731 779; x_wconf 82' lang='lat' dir='ltr'><strong>ad</strong></span> <span class='ocrx_word' id='word_1_148' title='bbox 2772 726 2941 780; x_wconf 85' lang='lat' dir='ltr'><strong>altare</strong></span> <span class='ocrx_word' id='word_1_149' title='bbox 2979 722 3107 792; x_wconf 88' lang='lat' dir='ltr'><strong>Dei,</strong></span> <span class='ocrx_word' id='word_1_150' title='bbox 3148 727 3215 781; x_wconf 88' lang='lat' dir='ltr'><strong>ad</strong></span> <span class='ocrx_word' id='word_1_151' title='bbox 3256 728 3426 782; x_wconf 89' lang='lat' dir='ltr'><strong>Deum</strong></span> 
     </span>
    </p>
   </div>
   <div class='ocr_carea' id='block_1_22' title="bbox 1854 815 3426 886">
    <p class='ocr_par' dir='ltr' id='par_1_22' title="bbox 1854 815 3426 886">
     <span class='ocr_line' id='line_1_22' title="bbox 1854 815 3426 886; baseline 0.004 -17"><span class='ocrx_word' id='word_1_152' title='bbox 1854 816 1944 885; x_wconf 85' lang='lat' dir='ltr'><strong>qui</strong></span> <span class='ocrx_word' id='word_1_153' title='bbox 1981 815 2213 870; x_wconf 64' lang='lat' dir='ltr'><strong>laetiﬁcat</strong></span> <span class='ocrx_word' id='word_1_154' title='bbox 2246 818 2581 886; x_wconf 72' lang='lat' dir='ltr'><strong>iuventutem</strong></span> <span class='ocrx_word' id='word_1_155' title='bbox 2623 834 2821 872; x_wconf 85' lang='lat' dir='ltr'><strong>meam.</strong></span> <span class='ocrx_word' id='word_1_156' title='bbox 2870 818 3182 875; x_wconf 83' lang='lat' dir='ltr'><strong>Conﬁtebor</strong></span> <span class='ocrx_word' id='word_1_157' title='bbox 3231 821 3329 878; x_wconf 88' lang='lat' dir='ltr'><strong>tibi</strong></span> <span class='ocrx_word' id='word_1_158' title='bbox 3374 823 3426 876; x_wconf 92' lang='lat' dir='ltr'><strong>in</strong></span> 
     </span>
    </p>
   </div>
   <div class='ocr_carea' id='block_1_23' title="bbox 1853 907 3427 982">
    <p class='ocr_par' dir='ltr' id='par_1_23' title="bbox 1853 907 3427 982">
     <span class='ocr_line' id='line_1_23' title="bbox 1853 907 3427 982; baseline 0.003 -19"><span class='ocrx_word' id='word_1_159' title='bbox 1853 908 2087 975; x_wconf 90' lang='lat' dir='ltr'><strong>cithara,</strong></span> <span class='ocrx_word' id='word_1_160' title='bbox 2123 907 2287 974; x_wconf 83' lang='lat' dir='ltr'><strong>Deus,</strong></span> <span class='ocrx_word' id='word_1_161' title='bbox 2324 909 2465 964; x_wconf 88' lang='lat' dir='ltr'><strong>Deus</strong></span> <span class='ocrx_word' id='word_1_162' title='bbox 2501 911 2595 963; x_wconf 89' lang='lat' dir='ltr'><strong>mi.</strong></span> <span class='ocrx_word' id='word_1_163' title='bbox 2637 928 2655 961; x_wconf 74' lang='grc' dir='ltr'><strong>ι</strong></span> <span class='ocrx_word' id='word_1_164' title='bbox 2693 909 2805 965; x_wconf 87' lang='lat' dir='ltr'><strong>lIoc</strong></span> <span class='ocrx_word' id='word_1_165' title='bbox 2833 910 3197 982; x_wconf 83' lang='lat' dir='ltr'><strong>Symmachus</strong></span> <span class='ocrx_word' id='word_1_166' title='bbox 3226 913 3307 968; x_wconf 90' lang='lat' dir='ltr'><strong>sic</strong></span> <span class='ocrx_word' id='word_1_167' title='bbox 3340 914 3427 967; x_wconf 89' lang='lat' dir='ltr'><strong>in—</strong></span> 
     </span>
    </p>
   </div>
   <div class='ocr_carea' id='block_1_24' title="bbox 1855 1000 3425 1070">
    <p class='ocr_par' dir='ltr' id='par_1_24' title="bbox 1855 1000 3425 1070">
     <span class='ocr_line' id='line_1_24' title="bbox 1855 1000 3425 1070; baseline 0.001 -14"><span class='ocrx_word' id='word_1_168' title='bbox 1855 1012 2182 1070; x_wconf 86' lang='lat' dir='ltr'><strong>terpretatus</strong></span> <span class='ocrx_word' id='word_1_169' title='bbox 2202 1010 2286 1057; x_wconf 88' lang='lat' dir='ltr'><strong>est</strong></span> <span class='ocrx_word' id='word_1_170' title='bbox 2313 1018 2326 1055; x_wconf 87' lang='lat'>:</span> <span class='ocrx_word' id='word_1_171' title='bbox 2351 1020 2369 1052; x_wconf 79' lang='grc' dir='ltr'><strong>ι</strong></span> <span class='ocrx_word' id='word_1_172' title='bbox 2407 1000 2705 1055; x_wconf 84' lang='lat' dir='ltr'><strong>Utveniam</strong></span> <span class='ocrx_word' id='word_1_173' title='bbox 2730 1003 2795 1057; x_wconf 87' lang='lat' dir='ltr'><strong>ad</strong></span> <span class='ocrx_word' id='word_1_174' title='bbox 2825 1006 2993 1058; x_wconf 86' lang='lat' dir='ltr'><strong>altare</strong></span> <span class='ocrx_word' id='word_1_175' title='bbox 3012 1004 3128 1069; x_wconf 87' lang='lat' dir='ltr'><strong>Dei,</strong></span> <span class='ocrx_word' id='word_1_176' title='bbox 3157 1006 3224 1059; x_wconf 84' lang='lat' dir='ltr'><strong>ad</strong></span> <span class='ocrx_word' id='word_1_177' title='bbox 3256 1005 3425 1059; x_wconf 87' lang='lat' dir='ltr'><strong>Deum</strong></span> 
     </span>
    </p>
   </div>
   <div class='ocr_carea' id='block_1_25' title="bbox 1854 1091 3427 1160">
    <p class='ocr_par' dir='ltr' id='par_1_25' title="bbox 1854 1091 3427 1160">
     <span class='ocr_line' id='line_1_25' title="bbox 1854 1091 3427 1160; baseline 0.001 -15"><span class='ocrx_word' id='word_1_178' title='bbox 1854 1092 2094 1145; x_wconf 67' lang='lat' dir='ltr'><strong>laetitiam</strong></span> <span class='ocrx_word' id='word_1_179' title='bbox 2147 1091 2510 1160; x_wconf 88' lang='lat' dir='ltr'><strong>jucunditatis</strong></span> <span class='ocrx_word' id='word_1_180' title='bbox 2556 1106 2719 1157; x_wconf 70' lang='lat' dir='ltr'><strong>meae,</strong></span> <span class='ocrx_word' id='word_1_181' title='bbox 2776 1101 2830 1145; x_wconf 83' lang='lat' dir='ltr'><strong>et</strong></span> <span class='ocrx_word' id='word_1_182' title='bbox 2873 1093 3176 1148; x_wconf 81' lang='lat' dir='ltr'><strong>conﬁtebor</strong></span> <span class='ocrx_word' id='word_1_183' title='bbox 3226 1094 3320 1147; x_wconf 91' lang='lat' dir='ltr'><strong>tibi</strong></span> <span class='ocrx_word' id='word_1_184' title='bbox 3372 1094 3427 1147; x_wconf 87' lang='lat' dir='ltr'><strong>in</strong></span> 
     </span>
    </p>
   </div>
   <div class='ocr_carea' id='block_1_26' title="bbox 1855 1181 3429 1254">
    <p class='ocr_par' dir='ltr' id='par_1_26' title="bbox 1855 1181 3429 1254">
     <span class='ocr_line' id='line_1_26' title="bbox 1855 1181 3429 1254; baseline -0.001 -17"><span class='ocrx_word' id='word_1_185' title='bbox 1855 1183 2132 1253; x_wconf 84' lang='lat' dir='ltr'><strong>psalterio,</strong></span> <span class='ocrx_word' id='word_1_186' title='bbox 2164 1184 2333 1254; x_wconf 79' lang='lat'><strong>878</strong></span> <span class='ocrx_word' id='word_1_187' title='bbox 2351 1182 2516 1247; x_wconf 85' lang='lat' dir='ltr'><strong>Deus,</strong></span> <span class='ocrx_word' id='word_1_188' title='bbox 2536 1182 2677 1236; x_wconf 87' lang='lat' dir='ltr'><strong>Deus</strong></span> <span class='ocrx_word' id='word_1_189' title='bbox 2707 1182 2799 1235; x_wconf 90' lang='lat' dir='ltr'><strong>mi.</strong></span> <span class='ocrx_word' id='word_1_190' title='bbox 2830 1201 2848 1233; x_wconf 76' lang='grc' dir='ltr'><strong>ι</strong></span> <span class='ocrx_word' id='word_1_191' title='bbox 2880 1181 3054 1251; x_wconf 87' lang='lat' dir='ltr'><strong>Cupio</strong></span> <span class='ocrx_word' id='word_1_192' title='bbox 3072 1194 3254 1237; x_wconf 88' lang='lat' dir='ltr'><strong>autem</strong></span> <span class='ocrx_word' id='word_1_193' title='bbox 3290 1184 3429 1237; x_wconf 89' lang='lat' dir='ltr'><strong>redi-</strong></span> 
     </span>
    </p>
   </div>
   <div class='ocr_carea' id='block_1_27' title="bbox 1855 1274 3428 1345">
    <p class='ocr_par' dir='ltr' id='par_1_27' title="bbox 1855 1274 3428 1345">
     <span class='ocr_line' id='line_1_27' title="bbox 1855 1274 3428 1345; baseline 0 -16"><span class='ocrx_word' id='word_1_194' title='bbox 1855 1285 1967 1329; x_wconf 91' lang='lat' dir='ltr'><strong>tum</strong></span> <span class='ocrx_word' id='word_1_195' title='bbox 1994 1316 2007 1340; x_wconf 94' lang='lat'><strong>,</strong></span> <span class='ocrx_word' id='word_1_196' title='bbox 2037 1276 2237 1345; x_wconf 88' lang='lat' dir='ltr'><strong>inquit,</strong></span> <span class='ocrx_word' id='word_1_197' title='bbox 2270 1275 2586 1328; x_wconf 80' lang='lat' dir='ltr'><strong>desiderans</strong></span> <span class='ocrx_word' id='word_1_198' title='bbox 2619 1274 3024 1343; x_wconf 84' lang='lat' dir='ltr'><strong>optatissimum</strong></span> <span class='ocrx_word' id='word_1_199' title='bbox 3069 1285 3220 1327; x_wconf 90' lang='lat' dir='ltr'><strong>tuum</strong></span> <span class='ocrx_word' id='word_1_200' title='bbox 3255 1275 3428 1330; x_wconf 89' lang='lat' dir='ltr'><strong>altare</strong></span> 
     </span>
    </p>
   </div>
   <div class='ocr_carea' id='block_1_28' title="bbox 1832 1364 3429 1437">
    <p class='ocr_par' dir='ltr' id='par_1_28' title="bbox 1832 1364 3429 1437">
     <span class='ocr_line' id='line_1_28' title="bbox 1832 1364 3429 1437; baseline -0.003 -15"><span class='ocrx_word' id='word_1_201' title='bbox 1832 1370 2057 1431; x_wconf 67' lang='lat' dir='ltr'><strong>‘videre,</strong></span> <span class='ocrx_word' id='word_1_202' title='bbox 2085 1381 2136 1422; x_wconf 87' lang='lat' dir='ltr'><strong>et</strong></span> <span class='ocrx_word' id='word_1_203' title='bbox 2167 1384 2263 1437; x_wconf 86' lang='lat' dir='ltr'><strong>per</strong></span> <span class='ocrx_word' id='word_1_204' title='bbox 2296 1368 2423 1421; x_wconf 86' lang='lat' dir='ltr'><strong>illud</strong></span> <span class='ocrx_word' id='word_1_205' title='bbox 2461 1376 2509 1420; x_wconf 86' lang='lat' dir='ltr'><strong>te</strong></span> <span class='ocrx_word' id='word_1_206' title='bbox 2538 1365 2830 1419; x_wconf 89' lang='lat' dir='ltr'><strong>Dominum</strong></span> <span class='ocrx_word' id='word_1_207' title='bbox 2862 1364 3082 1429; x_wconf 88' lang='lat' dir='ltr'><strong>intueri,</strong></span> <span class='ocrx_word' id='word_1_208' title='bbox 3121 1364 3212 1433; x_wconf 89' lang='lat' dir='ltr'><strong>qui</strong></span> <span class='ocrx_word' id='word_1_209' title='bbox 3246 1367 3429 1419; x_wconf 79' lang='lat' dir='ltr'><strong>omnis</strong></span> 
     </span>
    </p>
   </div>
   <div class='ocr_carea' id='block_1_29' title="bbox 1855 1452 3426 1526">
    <p class='ocr_par' dir='ltr' id='par_1_29' title="bbox 1855 1452 3426 1526">
     <span class='ocr_line' id='line_1_29' title="bbox 1855 1452 3426 1526; baseline -0.004 -13"><span class='ocrx_word' id='word_1_210' title='bbox 1855 1460 2069 1526; x_wconf 76' lang='lat' dir='ltr'><strong>generis</strong></span> <span class='ocrx_word' id='word_1_211' title='bbox 2115 1459 2317 1513; x_wconf 67' lang='lat' dir='ltr'><strong>laetitiae</strong></span> <span class='ocrx_word' id='word_1_212' title='bbox 2360 1467 2409 1511; x_wconf 90' lang='lat' dir='ltr'><strong>et</strong></span> <span class='ocrx_word' id='word_1_213' title='bbox 2460 1455 2755 1526; x_wconf 83' lang='lat' dir='ltr'><strong>voluptatis</strong></span> <span class='ocrx_word' id='word_1_214' title='bbox 2800 1468 2966 1507; x_wconf 81' lang='lat' dir='ltr'><strong>ansas</strong></span> <span class='ocrx_word' id='word_1_215' title='bbox 3012 1452 3145 1506; x_wconf 92' lang='lat' dir='ltr'><strong>mihi</strong></span> <span class='ocrx_word' id='word_1_216' title='bbox 3194 1453 3426 1523; x_wconf 70' lang='lat' dir='ltr'><strong>prmbes.</strong></span> 
     </span>
    </p>
   </div>
   <div class='ocr_carea' id='block_1_30' title="bbox 1855 1545 3429 1616">
    <p class='ocr_par' dir='ltr' id='par_1_30' title="bbox 1855 1545 3429 1616">
     <span class='ocr_line' id='line_1_30' title="bbox 1855 1545 3429 1616; baseline -0.004 -12"><span class='ocrx_word' id='word_1_217' title='bbox 1855 1551 1968 1607; x_wconf 91' lang='lat' dir='ltr'><strong>Illic</strong></span> <span class='ocrx_word' id='word_1_218' title='bbox 2019 1567 2147 1605; x_wconf 84' lang='lat' dir='ltr'><strong>vero</strong></span> <span class='ocrx_word' id='word_1_219' title='bbox 2186 1566 2309 1604; x_wconf 89' lang='lat' dir='ltr'><strong>cum</strong></span> <span class='ocrx_word' id='word_1_220' title='bbox 2356 1550 2564 1604; x_wconf 81' lang='lat' dir='ltr'><strong>cithara</strong></span> <span class='ocrx_word' id='word_1_221' title='bbox 2613 1547 2805 1602; x_wconf 88' lang='lat' dir='ltr'><strong>solitos</strong></span> <span class='ocrx_word' id='word_1_222' title='bbox 2854 1545 3180 1616; x_wconf 84' lang='lat' dir='ltr'><strong>hymnorum</strong></span> <span class='ocrx_word' id='word_1_223' title='bbox 3233 1554 3429 1599; x_wconf 82' lang='lat' dir='ltr'><strong>cantus</strong></span> 
     </span>
    </p>
   </div>
   <div class='ocr_carea' id='block_1_31' title="bbox 1856 1631 3430 1709">
    <p class='ocr_par' dir='ltr' id='par_1_31' title="bbox 1856 1631 3430 1709">
     <span class='ocr_line' id='line_1_31' title="bbox 1856 1631 3430 1709; baseline -0.004 -17"><span class='ocrx_word' id='word_1_224' title='bbox 1856 1639 2050 1692; x_wconf 76' lang='lat' dir='ltr'><strong>fat-iam</strong></span> <span class='ocrx_word' id='word_1_225' title='bbox 2084 1657 2097 1693; x_wconf 92' lang='lat'><strong>:</strong></span> <span class='ocrx_word' id='word_1_226' title='bbox 2128 1638 2400 1709; x_wconf 80' lang='lat' dir='ltr'><strong>Babylone</strong></span> <span class='ocrx_word' id='word_1_227' title='bbox 2432 1638 2577 1690; x_wconf 70' lang='lat' dir='ltr'><strong>etaim</strong></span> <span class='ocrx_word' id='word_1_228' title='bbox 2615 1653 2633 1686; x_wconf 86' lang='grc' dir='ltr'><strong>ι</strong></span> <span class='ocrx_word' id='word_1_229' title='bbox 2662 1633 2714 1686; x_wconf 91' lang='lat' dir='ltr'><strong>in</strong></span> <span class='ocrx_word' id='word_1_230' title='bbox 2742 1632 3002 1687; x_wconf 87' lang='lat' dir='ltr'><strong>salicibus</strong></span> <span class='ocrx_word' id='word_1_231' title='bbox 3041 1631 3430 1701; x_wconf 84' lang='lat' dir='ltr'><strong>suspendimns</strong></span> 
     </span>
    </p>
   </div>
   <div class='ocr_carea' id='block_1_32' title="bbox 1854 1723 3427 1801">
    <p class='ocr_par' dir='ltr' id='par_1_32' title="bbox 1854 1723 3427 1801">
     <span class='ocr_line' id='line_1_32' title="bbox 1854 1723 3427 1801; baseline -0.006 -15"><span class='ocrx_word' id='word_1_232' title='bbox 1854 1727 2748 1801; x_wconf 54' lang='lat' dir='ltr'><strong>organanostra¢°,texistimantes</strong></span> <span class='ocrx_word' id='word_1_233' title='bbox 2773 1724 3261 1794; x_wconf 83' lang='lat' dir='ltr'><strong>transgressionem</strong></span> <span class='ocrx_word' id='word_1_234' title='bbox 3294 1723 3427 1794; x_wconf 82' lang='lat' dir='ltr'><strong>legis</strong></span> 
     </span>
    </p>
   </div>
   <div class='ocr_carea' id='block_1_33' title="bbox 152 1795 1742 1891">
    <p class='ocr_par' dir='ltr' id='par_1_33' title="bbox 152 1795 1742 1891">
     <span class='ocr_line' id='line_1_33' title="bbox 152 1795 1742 1891; baseline 0.015 -44"><span class='ocrx_word' id='word_1_235' title='bbox 152 1795 371 1891; x_wconf 59' lang='lat' dir='ltr'><strong>6ult6vt</strong></span> <span class='ocrx_word' id='word_1_236' title='bbox 400 1798 532 1870; x_wconf 85' lang='grc' dir='ltr'>γὰρ,</span> <span class='ocrx_word' id='word_1_237' title='bbox 562 1820 581 1852; x_wconf 80' lang='grc' dir='ltr'><strong>ι</strong></span> <span class='ocrx_word' id='word_1_238' title='bbox 605 1804 829 1858; x_wconf 79' lang='grc' dir='ltr'>ἐπὶτῶν</span> <span class='ocrx_word' id='word_1_239' title='bbox 860 1807 1016 1861; x_wconf 87' lang='grc' dir='ltr'>ίτεῶν</span> <span class='ocrx_word' id='word_1_240' title='bbox 1034 1809 1428 1883; x_wconf 82' lang='grc' dir='ltr'>ὲκρεμάσαμεν</span> <span class='ocrx_word' id='word_1_241' title='bbox 1458 1816 1524 1869; x_wconf 77' lang='grc' dir='ltr'>τὰ</span> <span class='ocrx_word' id='word_1_242' title='bbox 1548 1816 1742 1886; x_wconf 69' lang='grc' dir='ltr'>ὄργανα</span> 
     </span>
    </p>
   </div>
   <div class='ocr_carea' id='block_1_34' title="bbox 1850 1795 3124 1891">
    <p class='ocr_par' dir='ltr' id='par_1_34' title="bbox 1860 1816 3124 1891">
     <span class='ocr_line' id='line_1_34' title="bbox 1860 1816 3124 1891; baseline -0.006 -15"><span class='ocrx_word' id='word_1_243' title='bbox 1860 1838 2005 1885; x_wconf 86' lang='lat' dir='ltr'><strong>esse,</strong></span> <span class='ocrx_word' id='word_1_244' title='bbox 2058 1820 2102 1874; x_wconf 89' lang='lat' dir='ltr'><strong>si</strong></span> <span class='ocrx_word' id='word_1_245' title='bbox 2137 1828 2286 1872; x_wconf 76' lang='lat' dir='ltr'><strong>extra</strong></span> <span class='ocrx_word' id='word_1_246' title='bbox 2317 1827 2471 1871; x_wconf 89' lang='lat' dir='ltr'><strong>tuum</strong></span> <span class='ocrx_word' id='word_1_247' title='bbox 2502 1819 2677 1872; x_wconf 91' lang='lat' dir='ltr'><strong>locum</strong></span> <span class='ocrx_word' id='word_1_248' title='bbox 2717 1827 2767 1871; x_wconf 89' lang='lat' dir='ltr'><strong>te</strong></span> <span class='ocrx_word' id='word_1_249' title='bbox 2796 1816 3124 1891; x_wconf 68' lang='lat' dir='ltr'><strong>coleremus.</strong></span> 
     </span>
    </p>
   </div>
   <div class='ocr_carea' id='block_1_35' title="bbox 152 1889 1744 1972">
    <p class='ocr_par' dir='ltr' id='par_1_35' title="bbox 152 1889 1744 1972">
     <span class='ocr_line' id='line_1_35' title="bbox 152 1889 1744 1972; baseline 0.016 -33"><span class='ocrx_word' id='word_1_250' title='bbox 152 1889 345 1958; x_wconf 77' lang='grc' dir='ltr'>ἡμῶν,</span> <span class='ocrx_word' id='word_1_251' title='bbox 369 1909 390 1942; x_wconf 74' lang='grc' dir='ltr'><strong>ι</strong></span> <span class='ocrx_word' id='word_1_252' title='bbox 420 1893 734 1964; x_wconf 79' lang='grc' dir='ltr'>παράϐασιν</span> <span class='ocrx_word' id='word_1_253' title='bbox 751 1897 849 1951; x_wconf 85' lang='grc' dir='ltr'><strong>τοῦ</strong></span> <span class='ocrx_word' id='word_1_254' title='bbox 884 1900 1049 1971; x_wconf 88' lang='grc' dir='ltr'>νόμου</span> <span class='ocrx_word' id='word_1_255' title='bbox 1080 1902 1178 1972; x_wconf 76' lang='grc' dir='ltr'>τὴν</span> <span class='ocrx_word' id='word_1_256' title='bbox 1207 1903 1311 1969; x_wconf 81' lang='grc' dir='ltr'><strong>ἔξω</strong></span> <span class='ocrx_word' id='word_1_257' title='bbox 1336 1906 1428 1960; x_wconf 91' lang='grc' dir='ltr'><strong>τοῦ</strong></span> <span class='ocrx_word' id='word_1_258' title='bbox 1458 1908 1552 1962; x_wconf 89' lang='grc' dir='ltr'><strong>σοῦ</strong></span> <span class='ocrx_word' id='word_1_259' title='bbox 1578 1911 1744 1963; x_wconf 86' lang='grc' dir='ltr'>τόπου</span> 
     </span>
    </p>
   </div>
   <div class='ocr_carea' id='block_1_36' title="bbox 152 1978 772 2057">
    <p class='ocr_par' dir='ltr' id='par_1_36' title="bbox 152 1978 772 2057">
     <span class='ocr_line' id='line_1_36' title="bbox 152 1978 772 2057; baseline 0.021 -28"><span class='ocrx_word' id='word_1_260' title='bbox 152 1978 425 2050; x_wconf 83' lang='grc' dir='ltr'>λατρείαν</span> <span class='ocrx_word' id='word_1_261' title='bbox 452 1985 772 2057; x_wconf 76' lang='grc' dir='ltr'>ἡγούμενοι.</span> 
     </span>
    </p>
   </div>
   <div class='ocr_carea' id='block_1_37' title="bbox 231 2074 1748 2157">
    <p class='ocr_par' dir='ltr' id='par_1_37' title="bbox 231 2074 1748 2157">
     <span class='ocr_line' id='line_1_37' title="bbox 231 2074 1748 2157; baseline 0.016 -35"><span class='ocrx_word' id='word_1_262' title='bbox 231 2078 297 2126; x_wconf 90' lang='grc' dir='ltr'><strong>ε’.</strong></span> <span class='ocrx_word' id='word_1_263' title='bbox 347 2092 366 2127; x_wconf 84' lang='grc' dir='ltr'><strong>ι</strong></span> <span class='ocrx_word' id='word_1_264' title='bbox 408 2074 572 2130; x_wconf 85' lang='grc' dir='ltr'>Ἰνατί</span> <span class='ocrx_word' id='word_1_265' title='bbox 622 2079 923 2149; x_wconf 85' lang='grc' dir='ltr'>περίλυπος</span> <span class='ocrx_word' id='word_1_266' title='bbox 958 2078 1028 2149; x_wconf 81' lang='grc' dir='ltr'>εἴ,</span> <span class='ocrx_word' id='word_1_267' title='bbox 1075 2086 1107 2155; x_wconf 78' lang='grc' dir='ltr'><strong>ἡ</strong></span> <span class='ocrx_word' id='word_1_268' title='bbox 1150 2085 1295 2157; x_wconf 77' lang='grc' dir='ltr'>ψυχή</span> <span class='ocrx_word' id='word_1_269' title='bbox 1334 2105 1468 2157; x_wconf 75' lang='grc' dir='ltr'>μους</span> <span class='ocrx_word' id='word_1_270' title='bbox 1521 2091 1614 2143; x_wconf 74' lang='grc' dir='ltr'><strong>καὶ</strong></span> <span class='ocrx_word' id='word_1_271' title='bbox 1660 2092 1748 2146; x_wconf 81' lang='grc' dir='ltr'>ἵνα</span> 
     </span>
    </p>
   </div>
   <div class='ocr_carea' id='block_1_38' title="bbox 152 2161 1749 2249">
    <p class='ocr_par' dir='ltr' id='par_1_38' title="bbox 152 2161 1749 2249">
     <span class='ocr_line' id='line_1_38' title="bbox 152 2161 1749 2249; baseline 0.015 -36"><span class='ocrx_word' id='word_1_272' title='bbox 152 2161 215 2214; x_wconf 85' lang='grc' dir='ltr'><strong>τί</strong></span> <span class='ocrx_word' id='word_1_273' title='bbox 244 2167 645 2236; x_wconf 75' lang='grc' dir='ltr'>συνταράσσεις</span> <span class='ocrx_word' id='word_1_274' title='bbox 680 2188 778 2241; x_wconf 87' lang='grc' dir='ltr'>με;</span> <span class='ocrx_word' id='word_1_275' title='bbox 817 2173 1078 2229; x_wconf 88' lang='grc' dir='ltr'>Ἔλπισον</span> <span class='ocrx_word' id='word_1_276' title='bbox 1108 2177 1202 2230; x_wconf 74' lang='grc' dir='ltr'><strong>ἐπὶ</strong></span> <span class='ocrx_word' id='word_1_277' title='bbox 1230 2179 1323 2232; x_wconf 86' lang='grc' dir='ltr'><strong>τὸν</strong></span> <span class='ocrx_word' id='word_1_278' title='bbox 1350 2179 1503 2246; x_wconf 87' lang='grc' dir='ltr'>Θεὸν,</span> <span class='ocrx_word' id='word_1_279' title='bbox 1547 2183 1628 2236; x_wconf 84' lang='grc' dir='ltr'>ὅτι</span> <span class='ocrx_word' id='word_1_280' title='bbox 1659 2184 1749 2249; x_wconf 79' lang='grc' dir='ltr'><strong>ἐξ·</strong></span> 
     </span>
    </p>
   </div>
   <div class='ocr_carea' id='block_1_39' title="bbox 152 2254 1746 2345">
    <p class='ocr_par' dir='ltr' id='par_1_39' title="bbox 152 2254 1746 2345">
     <span class='ocr_line' id='line_1_39' title="bbox 152 2254 1746 2345; baseline 0.013 -39"><span class='ocrx_word' id='word_1_281' title='bbox 152 2254 576 2330; x_wconf 80' lang='grc' dir='ltr'>ομολογήσομαι</span> <span class='ocrx_word' id='word_1_282' title='bbox 617 2262 798 2333; x_wconf 84' lang='grc' dir='ltr'>αὐτῷ,</span> <span class='ocrx_word' id='word_1_283' title='bbox 857 2267 1130 2337; x_wconf 88' lang='grc' dir='ltr'>σωτήριον</span> <span class='ocrx_word' id='word_1_284' title='bbox 1169 2268 1264 2323; x_wconf 88' lang='grc' dir='ltr'><strong>τοῦ</strong></span> <span class='ocrx_word' id='word_1_285' title='bbox 1295 2270 1587 2342; x_wconf 84' lang='grc' dir='ltr'>προσώπου</span> <span class='ocrx_word' id='word_1_286' title='bbox 1620 2292 1746 2345; x_wconf 88' lang='grc' dir='ltr'>μου,</span> 
     </span>
    </p>
   </div>
   <div class='ocr_carea' id='block_1_40' title="bbox 155 2348 1747 2436">
    <p class='ocr_par' dir='ltr' id='par_1_40' title="bbox 155 2348 1747 2436">
     <span class='ocr_line' id='line_1_40' title="bbox 155 2348 1747 2436; baseline 0.012 -34"><span class='ocrx_word' id='word_1_287' title='bbox 155 2348 322 2402; x_wconf 69' lang='grc' dir='ltr'><strong>καὶ-³³</strong></span> <span class='ocrx_word' id='word_1_288' title='bbox 347 2352 377 2402; x_wconf 89' lang='lat'><strong>6</strong></span> <span class='ocrx_word' id='word_1_289' title='bbox 401 2350 538 2416; x_wconf 87' lang='grc' dir='ltr'>Θεός</span> <span class='ocrx_word' id='word_1_290' title='bbox 568 2369 695 2424; x_wconf 88' lang='grc' dir='ltr'>μου.</span> <span class='ocrx_word' id='word_1_291' title='bbox 723 2375 742 2407; x_wconf 78' lang='grc' dir='ltr'><strong>ι</strong></span> <span class='ocrx_word' id='word_1_292' title='bbox 810 2357 919 2410; x_wconf 74' lang='grc' dir='ltr'><strong>Καὶ</strong></span> <span class='ocrx_word' id='word_1_293' title='bbox 969 2360 1221 2414; x_wconf 81' lang='grc' dir='ltr'>ἐντεῦθεν</span> <span class='ocrx_word' id='word_1_294' title='bbox 1251 2362 1432 2434; x_wconf 86' lang='grc' dir='ltr'>δῆλον,</span> <span class='ocrx_word' id='word_1_295' title='bbox 1468 2364 1543 2428; x_wconf 84' lang='grc' dir='ltr'><strong>ὡς</strong></span> <span class='ocrx_word' id='word_1_296' title='bbox 1568 2366 1747 2436; x_wconf 85' lang='grc' dir='ltr'>ἀμφό-</span> 
     </span>
    </p>
   </div>
   <div class='ocr_carea' id='block_1_41' title="bbox 155 2444 1748 2527">
    <p class='ocr_par' dir='ltr' id='par_1_41' title="bbox 155 2444 1748 2527">
     <span class='ocr_line' id='line_1_41' title="bbox 155 2444 1748 2527; baseline 0.012 -36"><span class='ocrx_word' id='word_1_297' title='bbox 155 2454 317 2511; x_wconf 88' lang='grc' dir='ltr'>τεροι</span> <span class='ocrx_word' id='word_1_298' title='bbox 367 2444 419 2496; x_wconf 88' lang='grc' dir='ltr'>οἱ</span> <span class='ocrx_word' id='word_1_299' title='bbox 462 2444 673 2517; x_wconf 79' lang='grc' dir='ltr'>ψαλμοὶ</span> <span class='ocrx_word' id='word_1_300' title='bbox 731 2448 863 2518; x_wconf 91' lang='grc' dir='ltr'>μίαν</span> <span class='ocrx_word' id='word_1_301' title='bbox 908 2451 1150 2505; x_wconf 78' lang='grc' dir='ltr'>διάνοιαν</span> <span class='ocrx_word' id='word_1_302' title='bbox 1202 2453 1409 2524; x_wconf 78' lang='grc' dir='ltr'>ἔχουσι.</span> <span class='ocrx_word' id='word_1_303' title='bbox 1486 2458 1647 2527; x_wconf 83' lang='grc' dir='ltr'>Σφίσι</span> <span class='ocrx_word' id='word_1_304' title='bbox 1690 2459 1748 2512; x_wconf 75' lang='grc' dir='ltr'>δὲ</span> 
     </span>
    </p>
   </div>
   <div class='ocr_carea' id='block_1_42' title="bbox 156 2531 1748 2621">
    <p class='ocr_par' dir='ltr' id='par_1_42' title="bbox 156 2531 1748 2621">
     <span class='ocr_line' id='line_1_42' title="bbox 156 2531 1748 2621; baseline 0.012 -37"><span class='ocrx_word' id='word_1_305' title='bbox 156 2531 353 2596; x_wconf 73' lang='grc' dir='ltr'>αὐτοῖς</span> <span class='ocrx_word' id='word_1_306' title='bbox 399 2536 792 2607; x_wconf 83' lang='grc' dir='ltr'>παρεγγυῶσιν</span> <span class='ocrx_word' id='word_1_307' title='bbox 840 2541 890 2593; x_wconf 86' lang='grc' dir='ltr'><strong>οί</strong></span> <span class='ocrx_word' id='word_1_308' title='bbox 935 2544 1046 2605; x_wconf 84' lang='grc' dir='ltr'>τοῖς</span> <span class='ocrx_word' id='word_1_309' title='bbox 1086 2543 1267 2611; x_wconf 84' lang='grc' dir='ltr'>λόγοις</span> <span class='ocrx_word' id='word_1_310' title='bbox 1315 2548 1494 2600; x_wconf 84' lang='grc' dir='ltr'>τοῖσδε</span> <span class='ocrx_word' id='word_1_311' title='bbox 1539 2551 1748 2621; x_wconf 83' lang='grc' dir='ltr'>χρησά-</span> 
     </span>
    </p>
   </div>
   <div class='ocr_carea' id='block_1_43' title="bbox 156 2627 1747 2711">
    <p class='ocr_par' dir='ltr' id='par_1_43' title="bbox 156 2627 1747 2711">
     <span class='ocr_line' id='line_1_43' title="bbox 156 2627 1747 2711; baseline 0.013 -36"><span class='ocrx_word' id='word_1_312' title='bbox 156 2640 319 2692; x_wconf 83' lang='grc' dir='ltr'>μενοι</span> <span class='ocrx_word' id='word_1_313' title='bbox 346 2669 359 2689; x_wconf 83' lang='grc'><strong>,</strong></span> <span class='ocrx_word' id='word_1_314' title='bbox 394 2627 498 2692; x_wconf 78' lang='grc' dir='ltr'><strong>τὰς</strong></span> <span class='ocrx_word' id='word_1_315' title='bbox 528 2631 902 2704; x_wconf 83' lang='grc' dir='ltr'>χρηστοτέρας</span> <span class='ocrx_word' id='word_1_316' title='bbox 933 2633 1080 2704; x_wconf 77' lang='grc' dir='ltr'>ἔχειν</span> <span class='ocrx_word' id='word_1_317' title='bbox 1108 2637 1330 2702; x_wconf 78' lang='grc' dir='ltr'>ἐλπίδας</span> <span class='ocrx_word' id='word_1_318' title='bbox 1349 2680 1362 2703; x_wconf 90' lang='grc'><strong>,</strong></span> <span class='ocrx_word' id='word_1_319' title='bbox 1403 2641 1495 2693; x_wconf 77' lang='grc' dir='ltr'><strong>καὶ</strong></span> <span class='ocrx_word' id='word_1_320' title='bbox 1524 2643 1747 2711; x_wconf 73' lang='grc' dir='ltr'>νικῆσαι</span> 
     </span>
    </p>
   </div>
   <div class='ocr_carea' id='block_1_44' title="bbox 151 2717 1748 2806">
    <p class='ocr_par' dir='ltr' id='par_1_44' title="bbox 151 2717 1748 2806">
     <span class='ocr_line' id='line_1_44' title="bbox 151 2717 1748 2806; baseline 0.013 -37"><span class='ocrx_word' id='word_1_321' title='bbox 309 2717 550 2789; x_wconf 83' lang='grc' dir='ltr'>ἀθυμίας</span> <span class='ocrx_word' id='word_1_322' title='bbox 600 2722 661 2776; x_wconf 92' lang='grc' dir='ltr'><strong>τὸ</strong></span> <span class='ocrx_word' id='word_1_323' title='bbox 706 2724 918 2789; x_wconf 82' lang='grc' dir='ltr'>πάθος,</span> <span class='ocrx_word' id='word_1_324' title='bbox 973 2728 1071 2780; x_wconf 74' lang='grc' dir='ltr'><strong>καὶ</strong></span> <span class='ocrx_word' id='word_1_325' title='bbox 1116 2734 1442 2801; x_wconf 78' lang='grc' dir='ltr'>προσμεῖναι</span> <span class='ocrx_word' id='word_1_326' title='bbox 1472 2734 1569 2805; x_wconf 83' lang='grc' dir='ltr'>τὴν</span> <span class='ocrx_word' id='word_1_327' title='bbox 1596 2738 1748 2806; x_wconf 71' lang='grc' dir='ltr'>παρὰ</span> 
     </span>
    </p>
   </div>
   <div class='ocr_carea' id='block_1_45' title="bbox 149 2805 1744 2896">
    <p class='ocr_par' dir='ltr' id='par_1_45' title="bbox 149 2805 1744 2896">
     <span class='ocr_line' id='line_1_45' title="bbox 149 2805 1744 2896; baseline 0.013 -38"><span class='ocrx_word' id='word_1_328' title='bbox 149 2805 254 2859; x_wconf 86' lang='grc' dir='ltr'><strong>τοῦ</strong></span> <span class='ocrx_word' id='word_1_329' title='bbox 282 2807 419 2861; x_wconf 84' lang='grc' dir='ltr'>Θεοῦ</span> <span class='ocrx_word' id='word_1_330' title='bbox 453 2812 762 2882; x_wconf 82' lang='grc' dir='ltr'>σωτηρίαν,</span> <span class='ocrx_word' id='word_1_331' title='bbox 815 2815 891 2878; x_wconf 86' lang='grc' dir='ltr'>ὡς</span> <span class='ocrx_word' id='word_1_332' title='bbox 935 2816 1328 2888; x_wconf 81' lang='grc' dir='ltr'>ἁναμφιῦόλως</span> <span class='ocrx_word' id='word_1_333' title='bbox 1352 2805 1744 2896; x_wconf 77' lang='grc' dir='ltr'>δοθησομένην.</span> 
     </span>
    </p>
   </div>
   <div class='ocr_carea' id='block_1_46' title="bbox 497 2923 1413 2988">
    <p class='ocr_par' dir='ltr' id='par_1_46' title="bbox 497 2923 1413 2988">
     <span class='ocr_line' id='line_1_46' title="bbox 497 2923 1413 2988; baseline 0.014 -13"><span class='ocrx_word' id='word_1_334' title='bbox 497 2923 764 2980; x_wconf 86' lang='grc' dir='ltr'><strong>ΕΡΜΗΝ.</strong></span> <span class='ocrx_word' id='word_1_335' title='bbox 796 2928 934 2981; x_wconf 80' lang='grc' dir='ltr'><strong>ΤΟΥ</strong></span> <span class='ocrx_word' id='word_1_336' title='bbox 960 2931 1070 2983; x_wconf 75' lang='lat' dir='ltr'><strong>Ml&quot;</strong></span> <span class='ocrx_word' id='word_1_337' title='bbox 1094 2933 1413 2988; x_wconf 79' lang='grc' dir='ltr'><strong>ΨΑΛΜΟΥ.</strong></span> 
     </span>
    </p>
   </div>
   <div class='ocr_carea' id='block_1_47' title="bbox 228 3011 1738 3095">
    <p class='ocr_par' dir='ltr' id='par_1_47' title="bbox 228 3011 1738 3095">
     <span class='ocr_line' id='line_1_47' title="bbox 228 3011 1738 3095; baseline 0.012 -29"><span class='ocrx_word' id='word_1_338' title='bbox 228 3011 300 3067; x_wconf 87' lang='grc' dir='ltr'><strong>α’.</strong></span> <span class='ocrx_word' id='word_1_339' title='bbox 349 3032 368 3065; x_wconf 83' lang='grc' dir='ltr'><strong>ι</strong></span> <span class='ocrx_word' id='word_1_340' title='bbox 398 3015 493 3079; x_wconf 72' lang='lat' dir='ltr'><strong>EI;</strong></span> <span class='ocrx_word' id='word_1_341' title='bbox 521 3016 582 3069; x_wconf 86' lang='grc' dir='ltr'><strong>τὸ</strong></span> <span class='ocrx_word' id='word_1_342' title='bbox 608 3018 785 3082; x_wconf 80' lang='grc' dir='ltr'>τέλος,</span> <span class='ocrx_word' id='word_1_343' title='bbox 820 3022 937 3084; x_wconf 83' lang='grc' dir='ltr'>τοῖς</span> <span class='ocrx_word' id='word_1_344' title='bbox 979 3023 1115 3086; x_wconf 84' lang='grc' dir='ltr'>υἱοῖς</span> <span class='ocrx_word' id='word_1_345' title='bbox 1140 3026 1305 3095; x_wconf 88' lang='grc' dir='ltr'>Κορὲ,</span> <span class='ocrx_word' id='word_1_346' title='bbox 1341 3030 1421 3090; x_wconf 83' lang='grc' dir='ltr'><strong>είς</strong></span> <span class='ocrx_word' id='word_1_347' title='bbox 1451 3029 1683 3083; x_wconf 84' lang='grc' dir='ltr'>σύνεσιν.</span> <span class='ocrx_word' id='word_1_348' title='bbox 1720 3049 1738 3083; x_wconf 77' lang='grc' dir='ltr'><strong>ι</strong></span> 
     </span>
    </p>
   </div>
   <div class='ocr_carea' id='block_1_48' title="bbox 149 3098 1740 3190">
    <p class='ocr_par' dir='ltr' id='par_1_48' title="bbox 149 3098 1740 3190">
     <span class='ocr_line' id='line_1_48' title="bbox 149 3098 1740 3190; baseline 0.009 -32"><span class='ocrx_word' id='word_1_349' title='bbox 149 3106 269 3159; x_wconf 75' lang='grc' dir='ltr'><strong>Καὶ</strong></span> <span class='ocrx_word' id='word_1_350' title='bbox 298 3098 454 3170; x_wconf 76' lang='grc' dir='ltr'>οὗτος</span> <span class='ocrx_word' id='word_1_351' title='bbox 471 3107 519 3139; x_wconf 68' lang='grc'><strong>⁸⁸</strong></span> <span class='ocrx_word' id='word_1_352' title='bbox 549 3109 898 3180; x_wconf 85' lang='grc' dir='ltr'>πραγμάτων</span> <span class='ocrx_word' id='word_1_353' title='bbox 929 3113 1209 3184; x_wconf 80' lang='grc' dir='ltr'>ἐσομένων</span> <span class='ocrx_word' id='word_1_354' title='bbox 1245 3117 1551 3188; x_wconf 74' lang='grc' dir='ltr'>πρόρρησιν</span> <span class='ocrx_word' id='word_1_355' title='bbox 1581 3119 1740 3190; x_wconf 77' lang='grc' dir='ltr'>ἔχων,</span> 
     </span>
    </p>
   </div>
   <div class='ocr_carea' id='block_1_49' title="bbox 147 3189 1813 3282">
    <p class='ocr_par' dir='ltr' id='par_1_49' title="bbox 147 3189 1813 3282">
     <span class='ocr_line' id='line_1_49' title="bbox 147 3189 1813 3282; baseline 0.009 -31"><span class='ocrx_word' id='word_1_356' title='bbox 147 3199 450 3267; x_wconf 84' lang='grc' dir='ltr'>ἀναμεῖναι</span> <span class='ocrx_word' id='word_1_357' title='bbox 478 3197 539 3253; x_wconf 89' lang='grc' dir='ltr'><strong>τὸ</strong></span> <span class='ocrx_word' id='word_1_358' title='bbox 565 3200 723 3266; x_wconf 79' lang='grc' dir='ltr'>τέλος</span> <span class='ocrx_word' id='word_1_359' title='bbox 753 3206 1069 3276; x_wconf 77' lang='grc' dir='ltr'>παρεγγυᾷ.</span> <span class='ocrx_word' id='word_1_360' title='bbox 1102 3208 1433 3278; x_wconf 85' lang='grc' dir='ltr'>Πρόσκειται</span> <span class='ocrx_word' id='word_1_361' title='bbox 1461 3212 1516 3263; x_wconf 82' lang='grc' dir='ltr'>δὲ</span> <span class='ocrx_word' id='word_1_362' title='bbox 1543 3189 1741 3282; x_wconf 13' lang='grc' dir='ltr'>τῇίέπι-</span> <span class='ocrx_word' id='word_1_363' title='bbox 1771 3189 1813 3246; x_wconf 76' lang='lat' dir='ltr'>c</span> 
     </span>
    </p>
   </div>
   <div class='ocr_carea' id='block_1_50' title="bbox 147 3293 1743 3373">
    <p class='ocr_par' dir='ltr' id='par_1_50' title="bbox 147 3293 1743 3373">
     <span class='ocr_line' id='line_1_50' title="bbox 147 3293 1743 3373; baseline 0.01 -32"><span class='ocrx_word' id='word_1_364' title='bbox 147 3293 345 3363; x_wconf 79' lang='grc' dir='ltr'>γραφῇ</span> <span class='ocrx_word' id='word_1_365' title='bbox 393 3293 481 3357; x_wconf 83' lang='grc' dir='ltr'>εὶς</span> <span class='ocrx_word' id='word_1_366' title='bbox 517 3294 819 3360; x_wconf 80' lang='grc' dir='ltr'>σύνεσιν,</span> <span class='ocrx_word' id='word_1_367' title='bbox 872 3297 960 3350; x_wconf 81' lang='grc' dir='ltr'>ἵνα</span> <span class='ocrx_word' id='word_1_368' title='bbox 1015 3300 1291 3364; x_wconf 88' lang='grc' dir='ltr'>συνιέντες</span> <span class='ocrx_word' id='word_1_369' title='bbox 1322 3303 1522 3355; x_wconf 82' lang='grc' dir='ltr'>ἐκεῖνοι</span> <span class='ocrx_word' id='word_1_370' title='bbox 1555 3306 1624 3359; x_wconf 91' lang='grc' dir='ltr'><strong>τά</strong></span> <span class='ocrx_word' id='word_1_371' title='bbox 1651 3322 1743 3373; x_wconf 90' lang='grc' dir='ltr'>γε-</span> 
     </span>
    </p>
   </div>
   <div class='ocr_carea' id='block_1_51' title="bbox 144 3378 1742 3462">
    <p class='ocr_par' dir='ltr' id='par_1_51' title="bbox 144 3378 1742 3462">
     <span class='ocr_line' id='line_1_51' title="bbox 144 3378 1742 3462; baseline 0.01 -28"><span class='ocrx_word' id='word_1_372' title='bbox 144 3383 479 3453; x_wconf 82' lang='grc' dir='ltr'>γραμμένα,</span> <span class='ocrx_word' id='word_1_373' title='bbox 523 3386 653 3457; x_wconf 78' lang='grc' dir='ltr'>περὶ</span> <span class='ocrx_word' id='word_1_374' title='bbox 679 3378 754 3439; x_wconf 82' lang='grc' dir='ltr'>ὧν</span> <span class='ocrx_word' id='word_1_375' title='bbox 784 3389 813 3440; x_wconf 87' lang='lat'><strong>6</strong></span> <span class='ocrx_word' id='word_1_376' title='bbox 839 3392 1178 3460; x_wconf 82' lang='grc' dir='ltr'>προφητικὸς</span> <span class='ocrx_word' id='word_1_377' title='bbox 1209 3392 1625 3462; x_wconf 79' lang='grc' dir='ltr'>προθεσπίζει⁹⁸</span> <span class='ocrx_word' id='word_1_378' title='bbox 1655 3396 1742 3450; x_wconf 83' lang='grc' dir='ltr'><strong>λὸ-</strong></span> 
     </span>
    </p>
   </div>
   <div class='ocr_carea' id='block_1_52' title="bbox 150 3472 1741 3556">
    <p class='ocr_par' dir='ltr' id='par_1_52' title="bbox 150 3472 1741 3556">
     <span class='ocr_line' id='line_1_52' title="bbox 150 3472 1741 3556; baseline 0.012 -35"><span class='ocrx_word' id='word_1_379' title='bbox 150 3486 276 3538; x_wconf 83' lang='grc' dir='ltr'>γος,</span> <span class='ocrx_word' id='word_1_380' title='bbox 302 3472 403 3529; x_wconf 60' lang='grc' dir='ltr'><strong>τὴν</strong></span> <span class='ocrx_word' id='word_1_381' title='bbox 425 3474 677 3528; x_wconf 81' lang='grc' dir='ltr'>ἐντεῦθεν</span> <span class='ocrx_word' id='word_1_382' title='bbox 700 3476 1031 3547; x_wconf 83' lang='grc' dir='ltr'>ἁρπάσωσιν</span> <span class='ocrx_word' id='word_1_383' title='bbox 1051 3479 1340 3549; x_wconf 85' lang='grc' dir='ltr'>ὠφέλειαν.</span> <span class='ocrx_word' id='word_1_384' title='bbox 1369 3485 1741 3556; x_wconf 86' lang='grc' dir='ltr'>Προαγορεύει</span> 
     </span>
    </p>
   </div>
   <div class='ocr_carea' id='block_1_53' title="bbox 148 3562 1742 3649">
    <p class='ocr_par' dir='ltr' id='par_1_53' title="bbox 148 3562 1742 3649">
     <span class='ocr_line' id='line_1_53' title="bbox 148 3562 1742 3649; baseline 0.011 -34"><span class='ocrx_word' id='word_1_385' title='bbox 148 3562 213 3616; x_wconf 77' lang='grc' dir='ltr'>δὲ</span> <span class='ocrx_word' id='word_1_386' title='bbox 244 3566 273 3616; x_wconf 86' lang='grc' dir='ltr'>ὁ</span> <span class='ocrx_word' id='word_1_387' title='bbox 306 3563 523 3634; x_wconf 68' lang='grc' dir='ltr'>ψαλμὸς</span> <span class='ocrx_word' id='word_1_388' title='bbox 536 3564 584 3598; x_wconf 79' lang='grc'><strong>’⁸</strong></span> <span class='ocrx_word' id='word_1_389' title='bbox 615 3568 713 3638; x_wconf 83' lang='grc' dir='ltr'>τὴν</span> <span class='ocrx_word' id='word_1_390' title='bbox 742 3569 1123 3642; x_wconf 83' lang='grc' dir='ltr'>Μακεδονικὴν</span> <span class='ocrx_word' id='word_1_391' title='bbox 1151 3572 1412 3644; x_wconf 86' lang='grc' dir='ltr'>ὠμότητα</span> <span class='ocrx_word' id='word_1_392' title='bbox 1436 3616 1451 3640; x_wconf 92' lang='grc'><strong>,</strong></span> <span class='ocrx_word' id='word_1_393' title='bbox 1513 3578 1607 3631; x_wconf 81' lang='grc' dir='ltr'><strong>καὶ</strong></span> <span class='ocrx_word' id='word_1_394' title='bbox 1643 3578 1742 3649; x_wconf 78' lang='grc' dir='ltr'>τὴν</span> 
     </span>
    </p>
   </div>
   <div class='ocr_carea' id='block_1_54' title="bbox 163 3652 1742 3740">
    <p class='ocr_par' dir='ltr' id='par_1_54' title="bbox 163 3652 1742 3740">
     <span class='ocr_line' id='line_1_54' title="bbox 163 3652 1742 3740; baseline 0.013 -36"><span class='ocrx_word' id='word_1_395' title='bbox 163 3652 450 3721; x_wconf 80' lang='grc' dir='ltr'>Ἀντιόχου</span> <span class='ocrx_word' id='word_1_396' title='bbox 477 3654 574 3708; x_wconf 86' lang='grc' dir='ltr'><strong>τοῦ</strong></span> <span class='ocrx_word' id='word_1_397' title='bbox 603 3656 934 3726; x_wconf 83' lang='grc' dir='ltr'>Ἐπιφανοῦς</span> <span class='ocrx_word' id='word_1_398' title='bbox 960 3660 1191 3734; x_wconf 75' lang='grc' dir='ltr'>δυσσεϐῆ</span> <span class='ocrx_word' id='word_1_399' title='bbox 1222 3666 1315 3718; x_wconf 80' lang='grc' dir='ltr'><strong>καὶ</strong></span> <span class='ocrx_word' id='word_1_400' title='bbox 1340 3666 1582 3740; x_wconf 84' lang='grc' dir='ltr'>θηριώδη</span> <span class='ocrx_word' id='word_1_401' title='bbox 1603 3671 1742 3739; x_wconf 82' lang='grc' dir='ltr'>γνώ-</span> 
     </span>
    </p>
   </div>
   <div class='ocr_carea' id='block_1_55' title="bbox 146 3745 1743 3827">
    <p class='ocr_par' dir='ltr' id='par_1_55' title="bbox 146 3745 1743 3827">
     <span class='ocr_line' id='line_1_55' title="bbox 146 3745 1743 3827; baseline 0.014 -33"><span class='ocrx_word' id='word_1_402' title='bbox 146 3759 289 3812; x_wconf 86' lang='grc' dir='ltr'>μην,</span> <span class='ocrx_word' id='word_1_403' title='bbox 321 3745 417 3798; x_wconf 73' lang='grc' dir='ltr'><strong>καὶ</strong></span> <span class='ocrx_word' id='word_1_404' title='bbox 440 3745 540 3816; x_wconf 81' lang='grc' dir='ltr'>τὴν</span> <span class='ocrx_word' id='word_1_405' title='bbox 566 3747 675 3800; x_wconf 85' lang='grc' dir='ltr'><strong>τῶν</strong></span> <span class='ocrx_word' id='word_1_406' title='bbox 696 3751 1080 3807; x_wconf 79' lang='grc' dir='ltr'>Μακκασαίων</span> <span class='ocrx_word' id='word_1_407' title='bbox 1107 3755 1361 3827; x_wconf 86' lang='grc' dir='ltr'>ἀνδρείαν</span> <span class='ocrx_word' id='word_1_408' title='bbox 1384 3776 1443 3811; x_wconf 89' lang='grc' dir='ltr'><strong>τε</strong></span> <span class='ocrx_word' id='word_1_409' title='bbox 1471 3762 1565 3814; x_wconf 85' lang='grc' dir='ltr'><strong>καὶ</strong></span> <span class='ocrx_word' id='word_1_410' title='bbox 1589 3763 1743 3816; x_wconf 84' lang='grc' dir='ltr'>εὐσέ-</span> 
     </span>
    </p>
   </div>
   <div class='ocr_carea' id='block_1_56' title="bbox 140 3834 1740 3924">
    <p class='ocr_par' dir='ltr' id='par_1_56' title="bbox 140 3834 1740 3924">
     <span class='ocr_line' id='line_1_56' title="bbox 140 3834 1740 3924; baseline 0.013 -37"><span class='ocrx_word' id='word_1_411' title='bbox 140 3834 328 3889; x_wconf 75' lang='grc' dir='ltr'>ϐειαν.</span> <span class='ocrx_word' id='word_1_412' title='bbox 387 3837 770 3903; x_wconf 83' lang='grc' dir='ltr'>Ματταθίας⁹⁷</span> <span class='ocrx_word' id='word_1_413' title='bbox 814 3843 1005 3915; x_wconf 54' lang='grc' dir='ltr'>γάρλό</span> <span class='ocrx_word' id='word_1_414' title='bbox 1059 3848 1391 3918; x_wconf 83' lang='grc' dir='ltr'>μακάριος⁹⁸</span> <span class='ocrx_word' id='word_1_415' title='bbox 1441 3852 1535 3905; x_wconf 83' lang='grc' dir='ltr'><strong>καὶ</strong></span> <span class='ocrx_word' id='word_1_416' title='bbox 1584 3870 1740 3924; x_wconf 89' lang='grc' dir='ltr'>τρισ-</span> 
     </span>
    </p>
   </div>
   <div class='ocr_carea' id='block_1_57' title="bbox 148 3927 1739 4013">
    <p class='ocr_par' dir='ltr' id='par_1_57' title="bbox 148 3927 1739 4013">
     <span class='ocr_line' id='line_1_57' title="bbox 148 3927 1739 4013; baseline 0.013 -35"><span class='ocrx_word' id='word_1_417' title='bbox 148 3927 576 3998; x_wconf 64' lang='grc' dir='ltr'>μακάριστοςπ,</span> <span class='ocrx_word' id='word_1_418' title='bbox 630 3933 725 3986; x_wconf 76' lang='grc' dir='ltr'><strong>καὶ</strong></span> <span class='ocrx_word' id='word_1_419' title='bbox 770 3934 929 3988; x_wconf 86' lang='grc' dir='ltr'>τοῦτο</span> <span class='ocrx_word' id='word_1_420' title='bbox 962 3937 1225 4003; x_wconf 85' lang='grc' dir='ltr'>πολλάκις</span> <span class='ocrx_word' id='word_1_421' title='bbox 1252 3940 1402 4011; x_wconf 72' lang='grc' dir='ltr'><strong>ζήλῳ</strong></span> <span class='ocrx_word' id='word_1_422' title='bbox 1429 3941 1559 4013; x_wconf 81' lang='grc' dir='ltr'>θείῳ</span> <span class='ocrx_word' id='word_1_423' title='bbox 1600 3947 1739 4013; x_wconf 81' lang='grc' dir='ltr'>μετὰ</span> 
     </span>
    </p>
   </div>
   <div class='ocr_carea' id='block_1_58' title="bbox 142 4017 1737 4094">
    <p class='ocr_par' dir='ltr' id='par_1_58' title="bbox 142 4017 1737 4094">
     <span class='ocr_line' id='line_1_58' title="bbox 142 4017 1737 4094; baseline 0.012 -26"><span class='ocrx_word' id='word_1_424' title='bbox 142 4017 260 4069; x_wconf 86' lang='grc' dir='ltr'><strong>τῶν</strong></span> <span class='ocrx_word' id='word_1_425' title='bbox 305 4018 515 4073; x_wconf 83' lang='grc' dir='ltr'>παίδων</span> <span class='ocrx_word' id='word_1_426' title='bbox 558 4023 905 4093; x_wconf 87' lang='grc' dir='ltr'>χρησάμενος</span> <span class='ocrx_word' id='word_1_427' title='bbox 924 4066 939 4086; x_wconf 94' lang='grc'><strong>,</strong></span> <span class='ocrx_word' id='word_1_428' title='bbox 993 4029 1089 4080; x_wconf 74' lang='grc' dir='ltr'><strong>καὶ</strong></span> <span class='ocrx_word' id='word_1_429' title='bbox 1120 4028 1219 4091; x_wconf 78' lang='grc' dir='ltr'><strong>τὰς</strong></span> <span class='ocrx_word' id='word_1_430' title='bbox 1247 4029 1449 4094; x_wconf 85' lang='grc' dir='ltr'>πολλὰς</span> <span class='ocrx_word' id='word_1_431' title='bbox 1480 4032 1590 4085; x_wconf 84' lang='grc' dir='ltr'><strong>τῶν</strong></span> <span class='ocrx_word' id='word_1_432' title='bbox 1614 4035 1737 4086; x_wconf 86' lang='grc' dir='ltr'><strong>Μα-</strong></span> 
     </span>
    </p>
   </div>
   <div class='ocr_carea' id='block_1_59' title="bbox 144 4111 1738 4195">
    <p class='ocr_par' dir='ltr' id='par_1_59' title="bbox 144 4111 1738 4195">
     <span class='ocr_line' id='line_1_59' title="bbox 144 4111 1738 4195; baseline 0.011 -33"><span class='ocrx_word' id='word_1_433' title='bbox 144 4111 389 4164; x_wconf 82' lang='grc' dir='ltr'>κεδόνων</span> <span class='ocrx_word' id='word_1_434' title='bbox 441 4115 707 4185; x_wconf 83' lang='grc' dir='ltr'>μυριάδας</span> <span class='ocrx_word' id='word_1_435' title='bbox 730 4159 744 4184; x_wconf 90' lang='grc'><strong>,</strong></span> <span class='ocrx_word' id='word_1_436' title='bbox 803 4119 900 4171; x_wconf 82' lang='grc' dir='ltr'><strong>καὶ</strong></span> <span class='ocrx_word' id='word_1_437' title='bbox 951 4119 1060 4171; x_wconf 85' lang='grc' dir='ltr'><strong>τῶν</strong></span> <span class='ocrx_word' id='word_1_438' title='bbox 1095 4120 1405 4188; x_wconf 79' lang='grc' dir='ltr'>ἐλεφάντων</span> <span class='ocrx_word' id='word_1_439' title='bbox 1444 4125 1504 4176; x_wconf 91' lang='grc' dir='ltr'><strong>τὸ</strong></span> <span class='ocrx_word' id='word_1_440' title='bbox 1534 4124 1738 4195; x_wconf 81' lang='grc' dir='ltr'>πλῆθος</span> 
     </span>
    </p>
   </div>
   <div class='ocr_carea' id='block_1_60' title="bbox 144 4196 1738 4285">
    <p class='ocr_par' dir='ltr' id='par_1_60' title="bbox 144 4196 1738 4285">
     <span class='ocr_line' id='line_1_60' title="bbox 144 4196 1738 4285; baseline 0.013 -38"><span class='ocrx_word' id='word_1_441' title='bbox 144 4196 412 4261; x_wconf 75' lang='grc' dir='ltr'><strong>ἀσθενὲς¹</strong></span> <span class='ocrx_word' id='word_1_442' title='bbox 457 4202 845 4272; x_wconf 84' lang='grc' dir='ltr'>ἡγησάμενος,</span> <span class='ocrx_word' id='word_1_443' title='bbox 898 4206 973 4270; x_wconf 86' lang='grc' dir='ltr'>ὠς</span> <span class='ocrx_word' id='word_1_444' title='bbox 1020 4209 1120 4279; x_wconf 82' lang='grc' dir='ltr'>τῆς</span> <span class='ocrx_word' id='word_1_445' title='bbox 1150 4208 1301 4273; x_wconf 80' lang='grc' dir='ltr'>θείας</span> <span class='ocrx_word' id='word_1_446' title='bbox 1329 4210 1570 4282; x_wconf 78' lang='grc' dir='ltr'>ἕρημον¹</span> <span class='ocrx_word' id='word_1_447' title='bbox 1604 4232 1738 4285; x_wconf 84' lang='grc' dir='ltr'>προ-</span> 
     </span>
    </p>
   </div>
   <div class='ocr_carea' id='block_1_61' title="bbox 149 4286 1735 4371">
    <p class='ocr_par' dir='ltr' id='par_1_61' title="bbox 149 4286 1735 4371">
     <span class='ocr_line' id='line_1_61' title="bbox 149 4286 1735 4371; baseline 0.013 -32"><span class='ocrx_word' id='word_1_448' title='bbox 149 4286 411 4358; x_wconf 86' lang='grc' dir='ltr'>μηθείας,</span> <span class='ocrx_word' id='word_1_449' title='bbox 450 4293 589 4361; x_wconf 78' lang='grc' dir='ltr'>μετὰ</span> <span class='ocrx_word' id='word_1_450' title='bbox 613 4294 813 4363; x_wconf 83' lang='grc' dir='ltr'>ὀλίγων</span> <span class='ocrx_word' id='word_1_451' title='bbox 844 4297 987 4351; x_wconf 90' lang='grc' dir='ltr'>κατά</span> <span class='ocrx_word' id='word_1_452' title='bbox 1011 4299 1219 4353; x_wconf 86' lang='grc' dir='ltr'>τούτων</span> <span class='ocrx_word' id='word_1_453' title='bbox 1253 4304 1591 4371; x_wconf 77' lang='grc' dir='ltr'>στρατεύσας</span> <span class='ocrx_word' id='word_1_454' title='bbox 1622 4307 1735 4359; x_wconf 85' lang='grc' dir='ltr'>ἐνί-</span> 
     </span>
    </p>
   </div>
   <div class='ocr_carea' id='block_1_62' title="bbox 140 4385 1734 4468">
    <p class='ocr_par' dir='ltr' id='par_1_62' title="bbox 140 4385 1734 4468">
     <span class='ocr_line' id='line_1_62' title="bbox 140 4385 1734 4468; baseline 0.013 -37"><span class='ocrx_word' id='word_1_455' title='bbox 140 4395 328 4449; x_wconf 68' lang='grc' dir='ltr'>κησε*</span> <span class='ocrx_word' id='word_1_456' title='bbox 385 4385 479 4435; x_wconf 71' lang='grc' dir='ltr'><strong>καὶ</strong></span> <span class='ocrx_word' id='word_1_457' title='bbox 526 4385 654 4448; x_wconf 82' lang='grc' dir='ltr'>τοὺς</span> <span class='ocrx_word' id='word_1_458' title='bbox 700 4388 811 4440; x_wconf 85' lang='grc' dir='ltr'><strong>τῶν</strong></span> <span class='ocrx_word' id='word_1_459' title='bbox 858 4389 1094 4444; x_wconf 80' lang='grc' dir='ltr'>εἰδώλων</span> <span class='ocrx_word' id='word_1_460' title='bbox 1147 4394 1466 4458; x_wconf 83' lang='grc' dir='ltr'>ἀνασπάσας</span> <span class='ocrx_word' id='word_1_461' title='bbox 1493 4397 1734 4468; x_wconf 76' lang='grc' dir='ltr'>βωμοὺς,</span> 
     </span>
    </p>
   </div>
   <div class='ocr_carea' id='block_1_63' title="bbox 140 4469 1731 4560">
    <p class='ocr_par' dir='ltr' id='par_1_63' title="bbox 140 4469 1731 4560">
     <span class='ocr_line' id='line_1_63' title="bbox 140 4469 1731 4560; baseline 0.013 -39"><span class='ocrx_word' id='word_1_462' title='bbox 140 4469 239 4524; x_wconf 88' lang='grc' dir='ltr'><strong>τὸν</strong></span> <span class='ocrx_word' id='word_1_463' title='bbox 272 4471 417 4526; x_wconf 82' lang='grc' dir='ltr'>θεῖον</span> <span class='ocrx_word' id='word_1_464' title='bbox 447 4473 580 4530; x_wconf 83' lang='grc' dir='ltr'>νεὼν</span> <span class='ocrx_word' id='word_1_465' title='bbox 610 4476 930 4550; x_wconf 78' lang='grc' dir='ltr'>ὲξεκάθηρε,</span> <span class='ocrx_word' id='word_1_466' title='bbox 973 4483 1070 4536; x_wconf 72' lang='grc' dir='ltr'><strong>καὶ</strong></span> <span class='ocrx_word' id='word_1_467' title='bbox 1109 4483 1207 4554; x_wconf 83' lang='grc' dir='ltr'>τὴν</span> <span class='ocrx_word' id='word_1_468' title='bbox 1243 4487 1444 4556; x_wconf 85' lang='grc' dir='ltr'>συνήθη</span> <span class='ocrx_word' id='word_1_469' title='bbox 1475 4487 1731 4560; x_wconf 89' lang='grc' dir='ltr'>λατρείαν</span> 
     </span>
    </p>
   </div>
   <div class='ocr_carea' id='block_1_64' title="bbox 140 4563 1728 4644">
    <p class='ocr_par' dir='ltr' id='par_1_64' title="bbox 140 4563 1728 4644">
     <span class='ocr_line' id='line_1_64' title="bbox 140 4563 1728 4644; baseline 0.014 -31"><span class='ocrx_word' id='word_1_470' title='bbox 140 4563 259 4626; x_wconf 83' lang='grc' dir='ltr'>τοῖς</span> <span class='ocrx_word' id='word_1_471' title='bbox 289 4563 585 4633; x_wconf 75' lang='grc' dir='ltr'>ὁμοφύλοις</span> <span class='ocrx_word' id='word_1_472' title='bbox 619 4570 923 4626; x_wconf 82' lang='grc' dir='ltr'>ἀπέδωκεν.</span> <span class='ocrx_word' id='word_1_473' title='bbox 961 4574 1037 4627; x_wconf 80' lang='grc' dir='ltr'><strong>Οὐ</strong></span> <span class='ocrx_word' id='word_1_474' title='bbox 1072 4575 1265 4644; x_wconf 79' lang='grc' dir='ltr'><strong>μόνον³</strong></span> <span class='ocrx_word' id='word_1_475' title='bbox 1287 4577 1341 4628; x_wconf 86' lang='grc' dir='ltr'>δὲ</span> <span class='ocrx_word' id='word_1_476' title='bbox 1371 4579 1555 4642; x_wconf 87' lang='grc' dir='ltr'>αὐτὸς,</span> <span class='ocrx_word' id='word_1_477' title='bbox 1593 4581 1728 4636; x_wconf 75' lang='grc' dir='ltr'>ἀλλὰ</span> 
     </span>
    </p>
   </div>
   <div class='ocr_carea' id='block_1_65' title="bbox 138 4657 1728 4746">
    <p class='ocr_par' dir='ltr' id='par_1_65' title="bbox 138 4657 1728 4746">
     <span class='ocr_line' id='line_1_65' title="bbox 138 4657 1728 4746; baseline 0.013 -37"><span class='ocrx_word' id='word_1_478' title='bbox 138 4657 241 4710; x_wconf 74' lang='grc' dir='ltr'><strong>καὶ</strong></span> <span class='ocrx_word' id='word_1_479' title='bbox 294 4660 345 4712; x_wconf 82' lang='grc' dir='ltr'>οἱ</span> <span class='ocrx_word' id='word_1_480' title='bbox 395 4661 586 4714; x_wconf 65' lang='grc' dir='ltr'>τούτου</span> <span class='ocrx_word' id='word_1_481' title='bbox 631 4664 821 4727; x_wconf 83' lang='grc' dir='ltr'>παῖδες</span> <span class='ocrx_word' id='word_1_482' title='bbox 877 4668 1016 4737; x_wconf 89' lang='grc' dir='ltr'><strong>μετά</strong></span> <span class='ocrx_word' id='word_1_483' title='bbox 1059 4669 1158 4740; x_wconf 79' lang='grc' dir='ltr'>τὴν</span> <span class='ocrx_word' id='word_1_484' title='bbox 1205 4673 1397 4725; x_wconf 82' lang='grc' dir='ltr'>τούτου</span> <span class='ocrx_word' id='word_1_485' title='bbox 1439 4673 1728 4746; x_wconf 76' lang='grc' dir='ltr'>τελευτὴν,</span> 
     </span>
    </p>
   </div>
   <div class='ocr_carea' id='block_1_66' title="bbox 139 4749 1729 4836">
    <p class='ocr_par' dir='ltr' id='par_1_66' title="bbox 139 4749 1729 4836">
     <span class='ocr_line' id='line_1_66' title="bbox 139 4749 1729 4836; baseline 0.013 -37"><span class='ocrx_word' id='word_1_486' title='bbox 139 4749 578 4819; x_wconf 78' lang='grc' dir='ltr'>προσευχόμενοι</span> <span class='ocrx_word' id='word_1_487' title='bbox 626 4755 755 4817; x_wconf 86' lang='grc' dir='ltr'>τοὺς</span> <span class='ocrx_word' id='word_1_488' title='bbox 795 4756 1088 4827; x_wconf 87' lang='grc' dir='ltr'>πολεμίους</span> <span class='ocrx_word' id='word_1_489' title='bbox 1120 4761 1466 4831; x_wconf 66' lang='grc' dir='ltr'>ὲτρέποντοδ,</span> <span class='ocrx_word' id='word_1_490' title='bbox 1506 4766 1598 4817; x_wconf 79' lang='grc' dir='ltr'><strong>καὶ</strong></span> <span class='ocrx_word' id='word_1_491' title='bbox 1630 4768 1729 4836; x_wconf 83' lang='grc' dir='ltr'>τῆς</span> 
     </span>
    </p>
   </div>
   <div class='ocr_carea' id='block_1_67' title="bbox 139 4838 1729 4925">
    <p class='ocr_par' dir='ltr' id='par_1_67' title="bbox 139 4838 1729 4925">
     <span class='ocr_line' id='line_1_67' title="bbox 139 4838 1729 4925; baseline 0.012 -33"><span class='ocrx_word' id='word_1_492' title='bbox 139 4838 305 4904; x_wconf 87' lang='grc' dir='ltr'>θείας</span> <span class='ocrx_word' id='word_1_493' title='bbox 354 4842 528 4913; x_wconf 69' lang='grc' dir='ltr'>ῥοπῆς</span> <span class='ocrx_word' id='word_1_494' title='bbox 574 4844 942 4913; x_wconf 84' lang='grc' dir='ltr'>ἀπολαύοντες</span> <span class='ocrx_word' id='word_1_495' title='bbox 992 4850 1156 4906; x_wconf 79' lang='grc' dir='ltr'>ἴστων</span> <span class='ocrx_word' id='word_1_496' title='bbox 1201 4854 1270 4906; x_wconf 77' lang='grc' dir='ltr'><strong>τὰ</strong></span> <span class='ocrx_word' id='word_1_497' title='bbox 1317 4855 1570 4925; x_wconf 77' lang='grc' dir='ltr'>τρόπαια.</span> <span class='ocrx_word' id='word_1_498' title='bbox 1635 4859 1729 4911; x_wconf 85' lang='grc' dir='ltr'>Ἐκ</span> 
     </span>
    </p>
   </div>
   <div class='ocr_carea' id='block_1_68' title="bbox 139 4931 1732 5018">
    <p class='ocr_par' dir='ltr' id='par_1_68' title="bbox 139 4931 1732 5018">
     <span class='ocr_line' id='line_1_68' title="bbox 139 4931 1732 5018; baseline 0.011 -34"><span class='ocrx_word' id='word_1_499' title='bbox 139 4931 444 5001; x_wconf 84' lang='grc' dir='ltr'>προσώπου</span> <span class='ocrx_word' id='word_1_500' title='bbox 470 4935 649 4988; x_wconf 79' lang='grc' dir='ltr'>τοίνυν</span> <span class='ocrx_word' id='word_1_501' title='bbox 680 4936 882 5002; x_wconf 72' lang='grc' dir='ltr'>αὐτῶν,</span> <span class='ocrx_word' id='word_1_502' title='bbox 919 4941 952 5008; x_wconf 81' lang='grc' dir='ltr'><strong>ἡ</strong></span> <span class='ocrx_word' id='word_1_503' title='bbox 991 4943 1303 5014; x_wconf 80' lang='grc' dir='ltr'>προφητικὴ</span> <span class='ocrx_word' id='word_1_504' title='bbox 1333 4946 1493 5015; x_wconf 87' lang='grc' dir='ltr'>χάρις</span> <span class='ocrx_word' id='word_1_505' title='bbox 1524 4946 1732 5018; x_wconf 81' lang='grc' dir='ltr'>ὑπηγό-</span> 
     </span>
    </p>
   </div>
   <div class='ocr_carea' id='block_1_69' title="bbox 141 5024 1730 5105">
    <p class='ocr_par' dir='ltr' id='par_1_69' title="bbox 141 5024 1730 5105">
     <span class='ocr_line' id='line_1_69' title="bbox 141 5024 1730 5105; baseline 0.013 -30"><span class='ocrx_word' id='word_1_506' title='bbox 141 5042 309 5094; x_wconf 80' lang='grc' dir='ltr'>ρευσε</span> <span class='ocrx_word' id='word_1_507' title='bbox 335 5024 427 5079; x_wconf 88' lang='grc' dir='ltr'><strong>τὸν</strong></span> <span class='ocrx_word' id='word_1_508' title='bbox 448 5027 1126 5101; x_wconf 70' lang='grc' dir='ltr'>ψαλμὸν,προδιδάσκουσα</span> <span class='ocrx_word' id='word_1_509' title='bbox 1151 5036 1282 5101; x_wconf 79' lang='grc' dir='ltr'>οἵοις</span> <span class='ocrx_word' id='word_1_510' title='bbox 1308 5040 1505 5102; x_wconf 76' lang='grc' dir='ltr'>αὐτοὺς</span> <span class='ocrx_word' id='word_1_511' title='bbox 1536 5043 1594 5094; x_wconf 80' lang='grc' dir='ltr'>ἐν</span> <span class='ocrx_word' id='word_1_512' title='bbox 1616 5046 1730 5105; x_wconf 87' lang='grc' dir='ltr'>τοῖς</span> 
     </span>
    </p>
   </div>
   <div class='ocr_carea' id='block_1_70' title="bbox 139 5117 1297 5197">
    <p class='ocr_par' dir='ltr' id='par_1_70' title="bbox 139 5117 1297 5197">
     <span class='ocr_line' id='line_1_70' title="bbox 139 5117 1297 5197; baseline 0.012 -28"><span class='ocrx_word' id='word_1_513' title='bbox 139 5117 419 5181; x_wconf 76' lang='grc' dir='ltr'>κινδύνοις</span> <span class='ocrx_word' id='word_1_514' title='bbox 452 5122 723 5191; x_wconf 81' lang='grc' dir='ltr'>προσήκει</span> <span class='ocrx_word' id='word_1_515' title='bbox 758 5124 1067 5194; x_wconf 77' lang='grc' dir='ltr'>χρήσασθαι</span> <span class='ocrx_word' id='word_1_516' title='bbox 1095 5126 1297 5197; x_wconf 82' lang='grc' dir='ltr'>λόγοις.</span> 
     </span>
    </p>
   </div>
   <div class='ocr_carea' id='block_1_71' title="bbox 250 5230 1488 5316">
    <p class='ocr_par' dir='ltr' id='par_1_71' title="bbox 250 5230 1488 5316">
     <span class='ocr_line' id='line_1_71' title="bbox 250 5230 1488 5316; baseline 0.016 -34"><span class='ocrx_word' id='word_1_517' title='bbox 250 5235 266 5251; x_wconf 83' lang='lat'><strong>‘</strong></span> <span class='ocrx_word' id='word_1_518' title='bbox 302 5230 450 5285; x_wconf 85' lang='lat' dir='ltr'><strong>Psal.</strong></span> <span class='ocrx_word' id='word_1_519' title='bbox 482 5247 707 5300; x_wconf 76' lang='lat' dir='ltr'><strong>cxxxvr,</strong></span> <span class='ocrx_word' id='word_1_520' title='bbox 738 5234 792 5288; x_wconf 77' lang='lat'><strong>2.</strong></span> <span class='ocrx_word' id='word_1_521' title='bbox 868 5234 938 5290; x_wconf 73' lang='grc' dir='ltr'><strong>ἀι</strong></span> <span class='ocrx_word' id='word_1_522' title='bbox 974 5238 1150 5295; x_wconf 85' lang='lat' dir='ltr'><strong>Mach.</strong></span> <span class='ocrx_word' id='word_1_523' title='bbox 1182 5259 1222 5309; x_wconf 87' lang='grc' dir='ltr'><strong>ι,</strong></span> <span class='ocrx_word' id='word_1_524' title='bbox 1266 5245 1286 5296; x_wconf 84' lang='grc'>1</span> <span class='ocrx_word' id='word_1_525' title='bbox 1335 5259 1488 5316; x_wconf 81' lang='lat' dir='ltr'><strong>seqq.</strong></span> 
     </span>
    </p>
   </div>
   <div class='ocr_carea' id='block_1_72' title="bbox 1923 2068 3429 2155">
    <p class='ocr_par' dir='ltr' id='par_1_72' title="bbox 1923 2068 3429 2155">
     <span class='ocr_line' id='line_1_72' title="bbox 1923 2068 3429 2155; baseline -0.007 -10"><span class='ocrx_word' id='word_1_526' title='bbox 1923 2091 2085 2145; x_wconf 75' lang='lat' dir='ltr'><strong>Vens.</strong></span> <span class='ocrx_word' id='word_1_527' title='bbox 2111 2090 2166 2145; x_wconf 84' lang='grc'><strong>5.</strong></span> <span class='ocrx_word' id='word_1_528' title='bbox 2215 2107 2237 2141; x_wconf 82' lang='grc' dir='ltr'>ι’</span> <span class='ocrx_word' id='word_1_529' title='bbox 2263 2089 2445 2155; x_wconf 88' lang='lat' dir='ltr'><strong>Quare</strong></span> <span class='ocrx_word' id='word_1_530' title='bbox 2481 2076 2653 2141; x_wconf 88' lang='lat' dir='ltr'><strong>tristis</strong></span> <span class='ocrx_word' id='word_1_531' title='bbox 2681 2074 2775 2150; x_wconf 37' lang='lat' dir='ltr'><strong>es,‘</strong></span> <span class='ocrx_word' id='word_1_532' title='bbox 2797 2068 2977 2139; x_wconf 74' lang='lat' dir='ltr'><strong>aliirna</strong></span> <span class='ocrx_word' id='word_1_533' title='bbox 3008 2098 3153 2148; x_wconf 87' lang='lat' dir='ltr'><strong>mea,</strong></span> <span class='ocrx_word' id='word_1_534' title='bbox 3184 2089 3238 2137; x_wconf 93' lang='lat' dir='ltr'><strong>et</strong></span> <span class='ocrx_word' id='word_1_535' title='bbox 3262 2097 3429 2153; x_wconf 85' lang='lat' dir='ltr'><strong>quare</strong></span> 
     </span>
    </p>
   </div>
   <div class='ocr_carea' id='block_1_73' title="bbox 1849 2175 3428 2249">
    <p class='ocr_par' dir='ltr' id='par_1_73' title="bbox 1849 2175 3428 2249">
     <span class='ocr_line' id='line_1_73' title="bbox 1849 2175 3428 2249; baseline -0.006 -13"><span class='ocrx_word' id='word_1_536' title='bbox 1849 2181 2149 2236; x_wconf 85' lang='lat' dir='ltr'><strong>conturbas</strong></span> <span class='ocrx_word' id='word_1_537' title='bbox 2186 2195 2268 2234; x_wconf 88' lang='lat' dir='ltr'><strong>me</strong></span> <span class='ocrx_word' id='word_1_538' title='bbox 2288 2181 2310 2233; x_wconf 89' lang='lat'><strong>?</strong></span> <span class='ocrx_word' id='word_1_539' title='bbox 2332 2180 2500 2249; x_wconf 89' lang='lat' dir='ltr'><strong>Spera</strong></span> <span class='ocrx_word' id='word_1_540' title='bbox 2531 2180 2585 2232; x_wconf 89' lang='lat' dir='ltr'><strong>in</strong></span> <span class='ocrx_word' id='word_1_541' title='bbox 2618 2177 2724 2231; x_wconf 91' lang='lat' dir='ltr'><strong>Deo</strong></span> <span class='ocrx_word' id='word_1_542' title='bbox 2746 2220 2760 2244; x_wconf 90' lang='lat'><strong>,</strong></span> <span class='ocrx_word' id='word_1_543' title='bbox 2790 2179 3053 2246; x_wconf 83' lang='lat' dir='ltr'><strong>qttOnIam</strong></span> <span class='ocrx_word' id='word_1_544' title='bbox 3087 2175 3266 2230; x_wconf 80' lang='lat' dir='ltr'><strong>adhuc</strong></span> <span class='ocrx_word' id='word_1_545' title='bbox 3294 2189 3428 2229; x_wconf 82' lang='lat' dir='ltr'><strong>cou-</strong></span> 
     </span>
    </p>
   </div>
   <div class='ocr_carea' id='block_1_74' title="bbox 1850 2265 3422 2334">
    <p class='ocr_par' dir='ltr' id='par_1_74' title="bbox 1850 2265 3422 2334">
     <span class='ocr_line' id='line_1_74' title="bbox 1850 2265 3422 2334; baseline -0.008 -6"><span class='ocrx_word' id='word_1_546' title='bbox 1850 2273 2043 2328; x_wconf 85' lang='lat' dir='ltr'><strong>litebor</strong></span> <span class='ocrx_word' id='word_1_547' title='bbox 2101 2272 2176 2326; x_wconf 88' lang='lat' dir='ltr'><strong>illi</strong></span> <span class='ocrx_word' id='word_1_548' title='bbox 2208 2290 2221 2326; x_wconf 91' lang='lat'><strong>:</strong></span> <span class='ocrx_word' id='word_1_549' title='bbox 2268 2271 2503 2326; x_wconf 81' lang='lat' dir='ltr'><strong>salutare</strong></span> <span class='ocrx_word' id='word_1_550' title='bbox 2531 2269 2712 2323; x_wconf 80' lang='lat' dir='ltr'><strong>vultus</strong></span> <span class='ocrx_word' id='word_1_551' title='bbox 2746 2266 2883 2334; x_wconf 92' lang='lat' dir='ltr'><strong>mei,</strong></span> <span class='ocrx_word' id='word_1_552' title='bbox 2925 2275 2977 2321; x_wconf 89' lang='lat' dir='ltr'><strong>et</strong></span> <span class='ocrx_word' id='word_1_553' title='bbox 3017 2265 3163 2320; x_wconf 87' lang='lat' dir='ltr'><strong>Deus</strong></span> <span class='ocrx_word' id='word_1_554' title='bbox 3191 2280 3366 2320; x_wconf 86' lang='lat' dir='ltr'><strong>meus.</strong></span> <span class='ocrx_word' id='word_1_555' title='bbox 3403 2283 3422 2315; x_wconf 72' lang='grc' dir='ltr'><strong>ι</strong></span> 
     </span>
    </p>
   </div>
   <div class='ocr_carea' id='block_1_75' title="bbox 1851 2356 3424 2426">
    <p class='ocr_par' dir='ltr' id='par_1_75' title="bbox 1851 2356 3424 2426">
     <span class='ocr_line' id='line_1_75' title="bbox 1851 2356 3424 2426; baseline -0.006 -9"><span class='ocrx_word' id='word_1_556' title='bbox 1851 2364 1992 2419; x_wconf 91' lang='lat' dir='ltr'><strong>llinc</strong></span> <span class='ocrx_word' id='word_1_557' title='bbox 2048 2363 2211 2418; x_wconf 89' lang='lat' dir='ltr'><strong>etiam</strong></span> <span class='ocrx_word' id='word_1_558' title='bbox 2267 2360 2619 2415; x_wconf 75' lang='lat' dir='ltr'><strong>manifesrum</strong></span> <span class='ocrx_word' id='word_1_559' title='bbox 2674 2368 2755 2414; x_wconf 90' lang='lat' dir='ltr'><strong>est</strong></span> <span class='ocrx_word' id='word_1_560' title='bbox 2810 2367 3107 2426; x_wconf 87' lang='lat' dir='ltr'><strong>utrumque</strong></span> <span class='ocrx_word' id='word_1_561' title='bbox 3154 2356 3424 2426; x_wconf 81' lang='lat' dir='ltr'><strong>psalmum</strong></span> 
     </span>
    </p>
   </div>
   <div class='ocr_carea' id='block_1_76' title="bbox 1849 2447 3427 2521">
    <p class='ocr_par' dir='ltr' id='par_1_76' title="bbox 1849 2447 3427 2521">
     <span class='ocr_line' id='line_1_76' title="bbox 1849 2447 3427 2521; baseline -0.007 -9"><span class='ocrx_word' id='word_1_562' title='bbox 1849 2457 2104 2512; x_wconf 91' lang='lat' dir='ltr'><strong>eumdem</strong></span> <span class='ocrx_word' id='word_1_563' title='bbox 2143 2471 2362 2511; x_wconf 87' lang='lat' dir='ltr'><strong>sensum</strong></span> <span class='ocrx_word' id='word_1_564' title='bbox 2392 2454 2614 2507; x_wconf 85' lang='lat' dir='ltr'><strong>habere.</strong></span> <span class='ocrx_word' id='word_1_565' title='bbox 2643 2451 2714 2506; x_wconf 85' lang='lat' dir='ltr'><strong>Se</strong></span> <span class='ocrx_word' id='word_1_566' title='bbox 2744 2453 2889 2521; x_wconf 87' lang='lat' dir='ltr'><strong>ipsos</strong></span> <span class='ocrx_word' id='word_1_567' title='bbox 2913 2459 3094 2504; x_wconf 87' lang='lat' dir='ltr'><strong>autem</strong></span> <span class='ocrx_word' id='word_1_568' title='bbox 3127 2447 3427 2502; x_wconf 88' lang='lat' dir='ltr'><strong>adhortan-</strong></span> 
     </span>
    </p>
   </div>
   <div class='ocr_carea' id='block_1_77' title="bbox 1849 2539 3424 2617">
    <p class='ocr_par' dir='ltr' id='par_1_77' title="bbox 1849 2539 3424 2617">
     <span class='ocr_line' id='line_1_77' title="bbox 1849 2539 3424 2617; baseline -0.008 -14"><span class='ocrx_word' id='word_1_569' title='bbox 1849 2559 1935 2604; x_wconf 87' lang='lat' dir='ltr'><strong>tur</strong></span> <span class='ocrx_word' id='word_1_570' title='bbox 1966 2548 2058 2617; x_wconf 86' lang='lat' dir='ltr'><strong>qui</strong></span> <span class='ocrx_word' id='word_1_571' title='bbox 2101 2547 2212 2601; x_wconf 83' lang='lat' dir='ltr'><strong>haec</strong></span> <span class='ocrx_word' id='word_1_572' title='bbox 2253 2547 2476 2608; x_wconf 90' lang='lat' dir='ltr'><strong>dicunt,</strong></span> <span class='ocrx_word' id='word_1_573' title='bbox 2509 2553 2567 2598; x_wconf 95' lang='lat' dir='ltr'><strong>ut</strong></span> <span class='ocrx_word' id='word_1_574' title='bbox 2600 2544 2863 2612; x_wconf 87' lang='lat' dir='ltr'><strong>eptimam</strong></span> <span class='ocrx_word' id='word_1_575' title='bbox 2897 2556 3048 2611; x_wconf 86' lang='lat' dir='ltr'><strong>spem</strong></span> <span class='ocrx_word' id='word_1_576' title='bbox 3090 2547 3106 2566; x_wconf 83' lang='lat'><strong><em>‘</em></strong></span> <span class='ocrx_word' id='word_1_577' title='bbox 3148 2539 3424 2604; x_wconf 83' lang='lat' dir='ltr'><strong>habeant,</strong></span> 
     </span>
    </p>
   </div>
   <div class='ocr_carea' id='block_1_78' title="bbox 1845 2632 3422 2704">
    <p class='ocr_par' dir='ltr' id='par_1_78' title="bbox 1845 2632 3422 2704">
     <span class='ocr_line' id='line_1_78' title="bbox 1845 2632 3422 2704; baseline -0.008 -9"><span class='ocrx_word' id='word_1_578' title='bbox 1845 2651 1901 2695; x_wconf 89' lang='lat' dir='ltr'><strong>et</strong></span> <span class='ocrx_word' id='word_1_579' title='bbox 1929 2642 2149 2693; x_wconf 83' lang='lat' dir='ltr'><strong>vincant</strong></span> <span class='ocrx_word' id='word_1_580' title='bbox 2182 2638 2432 2692; x_wconf 74' lang='lat' dir='ltr'><strong>maeroris</strong></span> <span class='ocrx_word' id='word_1_581' title='bbox 2463 2636 2713 2690; x_wconf 85' lang='lat' dir='ltr'><strong>aﬂ&#39;ectum</strong></span> <span class='ocrx_word' id='word_1_582' title='bbox 2736 2677 2750 2695; x_wconf 86' lang='grc'><strong>,</strong></span> <span class='ocrx_word' id='word_1_583' title='bbox 2780 2643 2944 2704; x_wconf 84' lang='lat' dir='ltr'><strong>atque</strong></span> <span class='ocrx_word' id='word_1_584' title='bbox 2978 2650 3006 2687; x_wconf 91' lang='lat' dir='ltr'><strong>a</strong></span> <span class='ocrx_word' id='word_1_585' title='bbox 3044 2632 3155 2687; x_wconf 88' lang='lat' dir='ltr'><strong>Dco</strong></span> <span class='ocrx_word' id='word_1_586' title='bbox 3187 2632 3422 2687; x_wconf 86' lang='lat' dir='ltr'><strong>salutem</strong></span> 
     </span>
    </p>
   </div>
   <div class='ocr_carea' id='block_1_79' title="bbox 1847 2726 3426 2800">
    <p class='ocr_par' dir='ltr' id='par_1_79' title="bbox 1847 2726 3426 2800">
     <span class='ocr_line' id='line_1_79' title="bbox 1847 2726 3426 2800; baseline -0.003 -15"><span class='ocrx_word' id='word_1_587' title='bbox 1847 2742 2191 2800; x_wconf 82' lang='lat' dir='ltr'><strong>exspectent,</strong></span> <span class='ocrx_word' id='word_1_588' title='bbox 2234 2738 2493 2794; x_wconf 81' lang='lat' dir='ltr'><strong>tanquam</strong></span> <span class='ocrx_word' id='word_1_589' title='bbox 2540 2729 2659 2782; x_wconf 84' lang='lat' dir='ltr'><strong>sine</strong></span> <span class='ocrx_word' id='word_1_590' title='bbox 2703 2728 2811 2781; x_wconf 85' lang='lat' dir='ltr'><strong>ulla</strong></span> <span class='ocrx_word' id='word_1_591' title='bbox 2856 2726 3197 2781; x_wconf 89' lang='lat' dir='ltr'><strong>dubitatione</strong></span> <span class='ocrx_word' id='word_1_592' title='bbox 3226 2739 3426 2781; x_wconf 83' lang='lat' dir='ltr'><strong>conce—</strong></span> 
     </span>
    </p>
   </div>
   <div class='ocr_carea' id='block_1_80' title="bbox 1846 2826 2099 2879">
    <p class='ocr_par' dir='ltr' id='par_1_80' title="bbox 1846 2826 2099 2879">
     <span class='ocr_line' id='line_1_80' title="bbox 1846 2826 2099 2879; baseline -0.004 0"><span class='ocrx_word' id='word_1_593' title='bbox 1846 2826 2099 2879; x_wconf 85' lang='lat' dir='ltr'><strong>dendam.</strong></span> 
     </span>
    </p>
   </div>
   <div class='ocr_carea' id='block_1_81' title="bbox 2239 2934 3039 2989">
    <p class='ocr_par' dir='ltr' id='par_1_81' title="bbox 2239 2934 3039 2989">
     <span class='ocr_line' id='line_1_81' title="bbox 2239 2934 3039 2989; baseline -0.001 -1"><span class='ocrx_word' id='word_1_594' title='bbox 2239 2935 2512 2989; x_wconf 69' lang='lat' dir='ltr'><strong>IL\TI~.RP.</strong></span> <span class='ocrx_word' id='word_1_595' title='bbox 2554 2934 2807 2988; x_wconf 65' lang='lat' dir='ltr'><strong>PSALlII</strong></span> <span class='ocrx_word' id='word_1_596' title='bbox 2852 2934 3039 2989; x_wconf 81' lang='lat' dir='ltr'><strong>XLIII.</strong></span> 
     </span>
    </p>
   </div>
   <div class='ocr_carea' id='block_1_82' title="bbox 1923 3024 3425 3094">
    <p class='ocr_par' dir='ltr' id='par_1_82' title="bbox 1923 3024 3425 3094">
     <span class='ocr_line' id='line_1_82' title="bbox 1923 3024 3425 3094; baseline -0.001 -15"><span class='ocrx_word' id='word_1_597' title='bbox 1923 3026 2085 3081; x_wconf 71' lang='lat' dir='ltr'><strong>Vens.</strong></span> <span class='ocrx_word' id='word_1_598' title='bbox 2139 3027 2190 3080; x_wconf 78' lang='lat' dir='ltr'><strong>I.</strong></span> <span class='ocrx_word' id='word_1_599' title='bbox 2247 3047 2264 3076; x_wconf 83' lang='grc' dir='ltr'><strong>ι</strong></span> <span class='ocrx_word' id='word_1_600' title='bbox 2301 3027 2354 3080; x_wconf 84' lang='lat' dir='ltr'><strong>In</strong></span> <span class='ocrx_word' id='word_1_601' title='bbox 2402 3031 2584 3082; x_wconf 85' lang='lat' dir='ltr'><strong>linem.</strong></span> <span class='ocrx_word' id='word_1_602' title='bbox 2620 3027 2773 3082; x_wconf 76' lang='lat' dir='ltr'><strong>Filiis</strong></span> <span class='ocrx_word' id='word_1_603' title='bbox 2805 3026 2945 3081; x_wconf 86' lang='lat' dir='ltr'><strong>Core</strong></span> <span class='ocrx_word' id='word_1_604' title='bbox 2969 3066 2984 3091; x_wconf 91' lang='lat'><strong>,</strong></span> <span class='ocrx_word' id='word_1_605' title='bbox 3020 3028 3084 3079; x_wconf 83' lang='lat' dir='ltr'><strong>ad</strong></span> <span class='ocrx_word' id='word_1_606' title='bbox 3118 3024 3425 3094; x_wconf 81' lang='lat' dir='ltr'><strong>ittlclligen-</strong></span> 
     </span>
    </p>
   </div>
   <div class='ocr_carea' id='block_1_83' title="bbox 1849 3118 3420 3191">
    <p class='ocr_par' dir='ltr' id='par_1_83' title="bbox 1849 3118 3420 3191">
     <span class='ocr_line' id='line_1_83' title="bbox 1849 3118 3420 3191; baseline -0.001 -18"><span class='ocrx_word' id='word_1_607' title='bbox 1849 3120 1998 3173; x_wconf 88' lang='lat' dir='ltr'><strong>tiam.</strong></span> <span class='ocrx_word' id='word_1_608' title='bbox 2035 3137 2055 3171; x_wconf 73' lang='grc' dir='ltr'><strong>ι</strong></span> <span class='ocrx_word' id='word_1_609' title='bbox 2102 3118 2202 3173; x_wconf 85' lang='lat' dir='ltr'><strong>Hic</strong></span> <span class='ocrx_word' id='word_1_610' title='bbox 2239 3119 2403 3175; x_wconf 89' lang='lat' dir='ltr'><strong>etiam</strong></span> <span class='ocrx_word' id='word_1_611' title='bbox 2439 3122 2685 3191; x_wconf 88' lang='lat' dir='ltr'><strong>psalmus</strong></span> <span class='ocrx_word' id='word_1_612' title='bbox 2717 3120 3026 3175; x_wconf 76' lang='lat' dir='ltr'><strong>futurarum</strong></span> <span class='ocrx_word' id='word_1_613' title='bbox 3070 3133 3249 3173; x_wconf 90' lang='lat' dir='ltr'><strong>rerum</strong></span> <span class='ocrx_word' id='word_1_614' title='bbox 3283 3132 3420 3187; x_wconf 80' lang='lat' dir='ltr'><strong>pra:-</strong></span> 
     </span>
    </p>
   </div>
   <div class='ocr_carea' id='block_1_84' title="bbox 1846 3208 3423 3283">
    <p class='ocr_par' dir='ltr' id='par_1_84' title="bbox 1846 3208 3423 3283">
     <span class='ocr_line' id='line_1_84' title="bbox 1846 3208 3423 3283; baseline -0.003 -18"><span class='ocrx_word' id='word_1_615' title='bbox 1846 3213 2140 3267; x_wconf 88' lang='lat' dir='ltr'><strong>dictionem</strong></span> <span class='ocrx_word' id='word_1_616' title='bbox 2175 3213 2464 3267; x_wconf 88' lang='lat' dir='ltr'><strong>continens</strong></span> <span class='ocrx_word' id='word_1_617' title='bbox 2505 3213 2575 3268; x_wconf 84' lang='lat' dir='ltr'><strong>ad</strong></span> <span class='ocrx_word' id='word_1_618' title='bbox 2613 3212 3044 3283; x_wconf 84' lang='lat' dir='ltr'><strong>exspectandum</strong></span> <span class='ocrx_word' id='word_1_619' title='bbox 3090 3211 3249 3265; x_wconf 89' lang='lat' dir='ltr'><strong>linem</strong></span> <span class='ocrx_word' id='word_1_620' title='bbox 3294 3208 3423 3264; x_wconf 87' lang='lat' dir='ltr'><strong>hor-</strong></span> 
     </span>
    </p>
   </div>
   <div class='ocr_carea' id='block_1_85' title="bbox 1844 3302 3422 3375">
    <p class='ocr_par' dir='ltr' id='par_1_85' title="bbox 1844 3302 3422 3375">
     <span class='ocr_line' id='line_1_85' title="bbox 1844 3302 3422 3375; baseline -0.001 -17"><span class='ocrx_word' id='word_1_621' title='bbox 1844 3313 2011 3358; x_wconf 88' lang='lat' dir='ltr'><strong>tatur.</strong></span> <span class='ocrx_word' id='word_1_622' title='bbox 2059 3305 2366 3375; x_wconf 84' lang='lat' dir='ltr'><strong>Apponitur</strong></span> <span class='ocrx_word' id='word_1_623' title='bbox 2395 3315 2574 3359; x_wconf 89' lang='lat' dir='ltr'><strong>autem</strong></span> <span class='ocrx_word' id='word_1_624' title='bbox 2612 3304 2988 3374; x_wconf 82' lang='lat' dir='ltr'><strong>inseriptioni,</strong></span> <span class='ocrx_word' id='word_1_625' title='bbox 3029 3305 3080 3357; x_wconf 83' lang='lat' dir='ltr'><strong>in</strong></span> <span class='ocrx_word' id='word_1_626' title='bbox 3123 3302 3422 3374; x_wconf 80' lang='lat' dir='ltr'><strong>intelligen-</strong></span> 
     </span>
    </p>
   </div>
   <div class='ocr_carea' id='block_1_86' title="bbox 1843 3390 3414 3465">
    <p class='ocr_par' dir='ltr' id='par_1_86' title="bbox 1843 3390 3414 3465">
     <span class='ocr_line' id='line_1_86' title="bbox 1843 3390 3414 3465; baseline -0.003 -18"><span class='ocrx_word' id='word_1_627' title='bbox 1843 3396 1994 3458; x_wconf 83' lang='lat' dir='ltr'><strong>tiam,</strong></span> <span class='ocrx_word' id='word_1_628' title='bbox 2038 3404 2097 3449; x_wconf 91' lang='lat' dir='ltr'><strong>ut</strong></span> <span class='ocrx_word' id='word_1_629' title='bbox 2128 3395 2206 3448; x_wconf 90' lang='lat' dir='ltr'><strong>illi</strong></span> <span class='ocrx_word' id='word_1_630' title='bbox 2244 3394 2609 3465; x_wconf 81' lang='lat' dir='ltr'><strong>intelligentcs</strong></span> <span class='ocrx_word' id='word_1_631' title='bbox 2636 3409 2758 3463; x_wconf 59' lang='lat' dir='ltr'><strong>quat</strong></span> <span class='ocrx_word' id='word_1_632' title='bbox 2788 3394 2991 3463; x_wconf 89' lang='lat' dir='ltr'><strong>scripta</strong></span> <span class='ocrx_word' id='word_1_633' title='bbox 3019 3401 3167 3459; x_wconf 84' lang='lat' dir='ltr'><strong>sunt,</strong></span> <span class='ocrx_word' id='word_1_634' title='bbox 3203 3391 3271 3445; x_wconf 91' lang='lat' dir='ltr'><strong>de</strong></span> <span class='ocrx_word' id='word_1_635' title='bbox 3295 3390 3414 3460; x_wconf 86' lang='lat' dir='ltr'><strong>qui-</strong></span> 
     </span>
    </p>
   </div>
   <div class='ocr_carea' id='block_1_87' title="bbox 1843 3482 3419 3556">
    <p class='ocr_par' dir='ltr' id='par_1_87' title="bbox 1843 3482 3419 3556">
     <span class='ocr_line' id='line_1_87' title="bbox 1843 3482 3419 3556; baseline -0.005 -15"><span class='ocrx_word' id='word_1_636' title='bbox 1843 3486 1946 3541; x_wconf 90' lang='lat' dir='ltr'><strong>bus</strong></span> <span class='ocrx_word' id='word_1_637' title='bbox 1976 3487 2330 3556; x_wconf 89' lang='lat' dir='ltr'><strong>propheticus</strong></span> <span class='ocrx_word' id='word_1_638' title='bbox 2359 3500 2541 3540; x_wconf 84' lang='lat' dir='ltr'><strong>sermo</strong></span> <span class='ocrx_word' id='word_1_639' title='bbox 2567 3486 2932 3549; x_wconf 87' lang='lat' dir='ltr'><strong>vaticinatur,</strong></span> <span class='ocrx_word' id='word_1_640' title='bbox 2974 3483 3101 3538; x_wconf 91' lang='lat' dir='ltr'><strong>hinc</strong></span> <span class='ocrx_word' id='word_1_641' title='bbox 3132 3482 3419 3537; x_wconf 86' lang='lat' dir='ltr'><strong>utilitatem</strong></span> 
     </span>
    </p>
   </div>
   <div class='ocr_carea' id='block_1_88' title="bbox 1843 3576 3419 3650">
    <p class='ocr_par' dir='ltr' id='par_1_88' title="bbox 1843 3576 3419 3650">
     <span class='ocr_line' id='line_1_88' title="bbox 1843 3576 3419 3650; baseline -0.004 -15"><span class='ocrx_word' id='word_1_642' title='bbox 1843 3588 2144 3650; x_wconf 85' lang='lat' dir='ltr'><strong>reportent.</strong></span> <span class='ocrx_word' id='word_1_643' title='bbox 2192 3579 2446 3635; x_wconf 70' lang='lat' dir='ltr'><strong>Praedicit</strong></span> <span class='ocrx_word' id='word_1_644' title='bbox 2485 3590 2667 3635; x_wconf 76' lang='lat' dir='ltr'><strong>autem</strong></span> <span class='ocrx_word' id='word_1_645' title='bbox 2720 3581 2965 3648; x_wconf 81' lang='lat' dir='ltr'><strong>psalmus</strong></span> <span class='ocrx_word' id='word_1_646' title='bbox 3010 3576 3419 3632; x_wconf 80' lang='lat' dir='ltr'><strong>Macedonicam</strong></span> 
     </span>
    </p>
   </div>
   <div class='ocr_carea' id='block_1_89' title="bbox 1842 3664 3419 3738">
    <p class='ocr_par' dir='ltr' id='par_1_89' title="bbox 1842 3664 3419 3738">
     <span class='ocr_line' id='line_1_89' title="bbox 1842 3664 3419 3738; baseline -0.006 -12"><span class='ocrx_word' id='word_1_647' title='bbox 1842 3672 2247 3736; x_wconf 84' lang='lat' dir='ltr'><strong>crudelitatem,</strong></span> <span class='ocrx_word' id='word_1_648' title='bbox 2277 3670 2621 3738; x_wconf 88' lang='lat' dir='ltr'><strong>lllustrisque</strong></span> <span class='ocrx_word' id='word_1_649' title='bbox 2650 3670 2906 3723; x_wconf 87' lang='lat' dir='ltr'><strong>Antiochi</strong></span> <span class='ocrx_word' id='word_1_650' title='bbox 2945 3668 3172 3737; x_wconf 89' lang='lat' dir='ltr'><strong>impium</strong></span> <span class='ocrx_word' id='word_1_651' title='bbox 3204 3676 3258 3720; x_wconf 91' lang='lat' dir='ltr'><strong>et</strong></span> <span class='ocrx_word' id='word_1_652' title='bbox 3289 3664 3419 3719; x_wconf 70' lang='lat' dir='ltr'><strong>frri-</strong></span> 
     </span>
    </p>
   </div>
   <div class='ocr_carea' id='block_1_90' title="bbox 1843 3757 3423 3825">
    <p class='ocr_par' dir='ltr' id='par_1_90' title="bbox 1843 3757 3423 3825">
     <span class='ocr_line' id='line_1_90' title="bbox 1843 3757 3423 3825; baseline -0.001 -12"><span class='ocrx_word' id='word_1_653' title='bbox 1843 3776 1973 3813; x_wconf 90' lang='lat' dir='ltr'><strong>num</strong></span> <span class='ocrx_word' id='word_1_654' title='bbox 2004 3760 2273 3823; x_wconf 87' lang='lat' dir='ltr'><strong>animum,</strong></span> <span class='ocrx_word' id='word_1_655' title='bbox 2306 3769 2469 3825; x_wconf 87' lang='lat' dir='ltr'><strong>atque</strong></span> <span class='ocrx_word' id='word_1_656' title='bbox 2495 3757 2936 3812; x_wconf 83' lang='lat' dir='ltr'><strong>Machabaeorum</strong></span> <span class='ocrx_word' id='word_1_657' title='bbox 2967 3757 3343 3811; x_wconf 77' lang='lat' dir='ltr'><strong>fortitudinem</strong></span> <span class='ocrx_word' id='word_1_658' title='bbox 3367 3766 3423 3811; x_wconf 91' lang='lat' dir='ltr'><strong>et</strong></span> 
     </span>
    </p>
   </div>
   <div class='ocr_carea' id='block_1_91' title="bbox 1841 3847 3419 3929">
    <p class='ocr_par' dir='ltr' id='par_1_91' title="bbox 1841 3847 3419 3929">
     <span class='ocr_line' id='line_1_91' title="bbox 1841 3847 3419 3929; baseline -0.003 -25"><span class='ocrx_word' id='word_1_659' title='bbox 1841 3850 2097 3919; x_wconf 86' lang='lat' dir='ltr'><strong>pietatem</strong></span> <span class='ocrx_word' id='word_1_660' title='bbox 2131 3848 2182 3902; x_wconf 77' lang='grc' dir='ltr'><strong>ἀ.</strong></span> <span class='ocrx_word' id='word_1_661' title='bbox 2218 3849 2353 3902; x_wconf 82' lang='lat' dir='ltr'><strong>Nam</strong></span> <span class='ocrx_word' id='word_1_662' title='bbox 2387 3849 2579 3903; x_wconf 89' lang='lat' dir='ltr'><strong>beatus</strong></span> <span class='ocrx_word' id='word_1_663' title='bbox 2610 3857 2662 3901; x_wconf 89' lang='lat' dir='ltr'><strong>et</strong></span> <span class='ocrx_word' id='word_1_664' title='bbox 2696 3858 2774 3902; x_wconf 90' lang='lat' dir='ltr'><strong>ter</strong></span> <span class='ocrx_word' id='word_1_665' title='bbox 2804 3849 2996 3901; x_wconf 87' lang='lat' dir='ltr'><strong>beatus</strong></span> <span class='ocrx_word' id='word_1_666' title='bbox 3021 3847 3191 3929; x_wconf 68' lang='lat'><strong>879</strong></span> <span class='ocrx_word' id='word_1_667' title='bbox 3222 3847 3419 3901; x_wconf 84' lang='lat' dir='ltr'><strong>Matta-</strong></span> 
     </span>
    </p>
   </div>
   <div class='ocr_carea' id='block_1_92' title="bbox 1843 3938 3418 4009">
    <p class='ocr_par' dir='ltr' id='par_1_92' title="bbox 1843 3938 3418 4009">
     <span class='ocr_line' id='line_1_92' title="bbox 1843 3938 3418 4009; baseline -0.003 -14"><span class='ocrx_word' id='word_1_668' title='bbox 1843 3940 2026 4005; x_wconf 85' lang='lat' dir='ltr'><strong>thias,</strong></span> <span class='ocrx_word' id='word_1_669' title='bbox 2058 3938 2151 4009; x_wconf 87' lang='lat' dir='ltr'><strong>qui</strong></span> <span class='ocrx_word' id='word_1_670' title='bbox 2188 3938 2391 4007; x_wconf 58' lang='lat' dir='ltr'><strong>saepius</strong></span> <span class='ocrx_word' id='word_1_671' title='bbox 2433 3939 2536 3993; x_wconf 90' lang='lat' dir='ltr'><strong>hoc</strong></span> <span class='ocrx_word' id='word_1_672' title='bbox 2582 3939 2768 3992; x_wconf 78' lang='lat' dir='ltr'><strong>divino</strong></span> <span class='ocrx_word' id='word_1_673' title='bbox 2811 3942 2928 3992; x_wconf 84' lang='lat' dir='ltr'><strong>zelo</strong></span> <span class='ocrx_word' id='word_1_674' title='bbox 2968 3954 3091 3992; x_wconf 89' lang='lat' dir='ltr'><strong>cum</strong></span> <span class='ocrx_word' id='word_1_675' title='bbox 3132 3938 3258 3992; x_wconf 88' lang='lat' dir='ltr'><strong>liliis</strong></span> <span class='ocrx_word' id='word_1_676' title='bbox 3286 3953 3418 3991; x_wconf 89' lang='lat' dir='ltr'><strong>usus</strong></span> 
     </span>
    </p>
   </div>
   <div class='ocr_carea' id='block_1_93' title="bbox 1839 4029 3419 4096">
    <p class='ocr_par' dir='ltr' id='par_1_93' title="bbox 1839 4029 3419 4096">
     <span class='ocr_line' id='line_1_93' title="bbox 1839 4029 3419 4096; baseline -0.003 -9"><span class='ocrx_word' id='word_1_677' title='bbox 1839 4041 1957 4093; x_wconf 86' lang='lat' dir='ltr'><strong>est,</strong></span> <span class='ocrx_word' id='word_1_678' title='bbox 2001 4041 2057 4085; x_wconf 88' lang='lat' dir='ltr'><strong>et</strong></span> <span class='ocrx_word' id='word_1_679' title='bbox 2092 4031 2257 4084; x_wconf 88' lang='lat' dir='ltr'><strong>multa</strong></span> <span class='ocrx_word' id='word_1_680' title='bbox 2283 4029 2451 4083; x_wconf 89' lang='lat' dir='ltr'><strong>millia</strong></span> <span class='ocrx_word' id='word_1_681' title='bbox 2482 4030 2612 4084; x_wconf 89' lang='lat' dir='ltr'><strong>vicit</strong></span> <span class='ocrx_word' id='word_1_682' title='bbox 2646 4029 3039 4096; x_wconf 82' lang='lat' dir='ltr'><strong>Macedonum,</strong></span> <span class='ocrx_word' id='word_1_683' title='bbox 3070 4039 3123 4083; x_wconf 85' lang='lat' dir='ltr'><strong>et</strong></span> <span class='ocrx_word' id='word_1_684' title='bbox 3162 4029 3419 4082; x_wconf 88' lang='lat' dir='ltr'><strong>multitu-</strong></span> 
     </span>
    </p>
   </div>
   <div class='ocr_carea' id='block_1_94' title="bbox 1839 4123 3416 4202">
    <p class='ocr_par' dir='ltr' id='par_1_94' title="bbox 1839 4123 3416 4202">
     <span class='ocr_line' id='line_1_94' title="bbox 1839 4123 3416 4202; baseline -0.003 -23"><span class='ocrx_word' id='word_1_685' title='bbox 1839 4125 2019 4179; x_wconf 85' lang='lat' dir='ltr'><strong>dinem</strong></span> <span class='ocrx_word' id='word_1_686' title='bbox 2050 4124 2399 4193; x_wconf 88' lang='lat' dir='ltr'><strong>elephantum</strong></span> <span class='ocrx_word' id='word_1_687' title='bbox 2441 4123 2770 4202; x_wconf 89' lang='lat' dir='ltr'><strong>imhecillem</strong></span> <span class='ocrx_word' id='word_1_688' title='bbox 2817 4134 3079 4191; x_wconf 84' lang='lat' dir='ltr'><strong>reputans</strong></span> <span class='ocrx_word' id='word_1_689' title='bbox 3102 4164 3117 4188; x_wconf 85' lang='lat'><strong>,</strong></span> <span class='ocrx_word' id='word_1_690' title='bbox 3153 4131 3416 4192; x_wconf 84' lang='lat' dir='ltr'><strong>tanquam</strong></span> 
     </span>
    </p>
   </div>
   <div class='ocr_carea' id='block_1_95' title="bbox 1839 4217 3418 4287">
    <p class='ocr_par' dir='ltr' id='par_1_95' title="bbox 1839 4217 3418 4287">
     <span class='ocr_line' id='line_1_95' title="bbox 1839 4217 3418 4287; baseline 0 -14"><span class='ocrx_word' id='word_1_691' title='bbox 1839 4218 2023 4273; x_wconf 82' lang='lat' dir='ltr'><strong>divina</strong></span> <span class='ocrx_word' id='word_1_692' title='bbox 2069 4218 2241 4287; x_wconf 84' lang='lat' dir='ltr'><strong>gratia</strong></span> <span class='ocrx_word' id='word_1_693' title='bbox 2284 4218 2641 4284; x_wconf 87' lang='lat' dir='ltr'><strong>destitutam,</strong></span> <span class='ocrx_word' id='word_1_694' title='bbox 2691 4232 2815 4270; x_wconf 91' lang='lat' dir='ltr'><strong>cum</strong></span> <span class='ocrx_word' id='word_1_695' title='bbox 2860 4218 3049 4286; x_wconf 89' lang='lat' dir='ltr'><strong>paucis</strong></span> <span class='ocrx_word' id='word_1_696' title='bbox 3085 4225 3278 4272; x_wconf 83' lang='lat' dir='ltr'><strong>contra</strong></span> <span class='ocrx_word' id='word_1_697' title='bbox 3319 4217 3418 4272; x_wconf 90' lang='lat' dir='ltr'><strong>hos</strong></span> 
     </span>
    </p>
   </div>
   <div class='ocr_carea' id='block_1_96' title="bbox 1838 4310 3415 4379">
    <p class='ocr_par' dir='ltr' id='par_1_96' title="bbox 1838 4310 3415 4379">
     <span class='ocr_line' id='line_1_96' title="bbox 1838 4310 3415 4379; baseline -0.002 -14"><span class='ocrx_word' id='word_1_698' title='bbox 1838 4311 2181 4379; x_wconf 82' lang='lat' dir='ltr'><strong>expeditione</strong></span> <span class='ocrx_word' id='word_1_699' title='bbox 2211 4311 2350 4364; x_wconf 81' lang='lat' dir='ltr'><strong>facta</strong></span> <span class='ocrx_word' id='word_1_700' title='bbox 2378 4311 2661 4364; x_wconf 86' lang='lat' dir='ltr'><strong>victoriam</strong></span> <span class='ocrx_word' id='word_1_701' title='bbox 2699 4311 3033 4377; x_wconf 83' lang='lat' dir='ltr'><strong>reportavit,</strong></span> <span class='ocrx_word' id='word_1_702' title='bbox 3076 4310 3415 4378; x_wconf 82' lang='lat' dir='ltr'><strong>sublatisque</strong></span> 
     </span>
    </p>
   </div>
   <div class='ocr_carea' id='block_1_97' title="bbox 1838 4406 3416 4475">
    <p class='ocr_par' dir='ltr' id='par_1_97' title="bbox 1838 4406 3416 4475">
     <span class='ocr_line' id='line_1_97' title="bbox 1838 4406 3416 4475; baseline 0.001 -16"><span class='ocrx_word' id='word_1_703' title='bbox 1838 4406 2105 4460; x_wconf 89' lang='lat' dir='ltr'><strong>idolorum</strong></span> <span class='ocrx_word' id='word_1_704' title='bbox 2148 4407 2413 4461; x_wconf 85' lang='lat' dir='ltr'><strong>altar-ibus</strong></span> <span class='ocrx_word' id='word_1_705' title='bbox 2453 4406 2696 4460; x_wconf 86' lang='lat' dir='ltr'><strong>divinum</strong></span> <span class='ocrx_word' id='word_1_706' title='bbox 2745 4407 3002 4475; x_wconf 82' lang='lat' dir='ltr'><strong>templum</strong></span> <span class='ocrx_word' id='word_1_707' title='bbox 3043 4408 3328 4475; x_wconf 81' lang='lat' dir='ltr'><strong>purgavit,</strong></span> <span class='ocrx_word' id='word_1_708' title='bbox 3361 4416 3416 4460; x_wconf 88' lang='lat' dir='ltr'><strong>et</strong></span> 
     </span>
    </p>
   </div>
   <div class='ocr_carea' id='block_1_98' title="bbox 1839 4500 3420 4570">
    <p class='ocr_par' dir='ltr' id='par_1_98' title="bbox 1839 4500 3420 4570">
     <span class='ocr_line' id='line_1_98' title="bbox 1839 4500 3420 4570; baseline 0.001 -19"><span class='ocrx_word' id='word_1_709' title='bbox 1839 4500 2100 4553; x_wconf 89' lang='lat' dir='ltr'><strong>usitatum</strong></span> <span class='ocrx_word' id='word_1_710' title='bbox 2142 4500 2351 4554; x_wconf 91' lang='lat' dir='ltr'><strong>cultum</strong></span> <span class='ocrx_word' id='word_1_711' title='bbox 2396 4500 2508 4555; x_wconf 92' lang='lat' dir='ltr'><strong>suis</strong></span> <span class='ocrx_word' id='word_1_712' title='bbox 2554 4500 2848 4570; x_wconf 79' lang='lat' dir='ltr'><strong>gentilibus</strong></span> <span class='ocrx_word' id='word_1_713' title='bbox 2887 4501 3144 4555; x_wconf 89' lang='lat' dir='ltr'><strong>restituit.</strong></span> <span class='ocrx_word' id='word_1_714' title='bbox 3179 4500 3294 4553; x_wconf 80' lang='lat' dir='ltr'><strong>Non</strong></span> <span class='ocrx_word' id='word_1_715' title='bbox 3327 4514 3420 4553; x_wconf 87' lang='lat' dir='ltr'><strong>so-</strong></span> 
     </span>
    </p>
   </div>
   <div class='ocr_carea' id='block_1_99' title="bbox 1836 4590 3418 4661">
    <p class='ocr_par' dir='ltr' id='par_1_99' title="bbox 1836 4590 3418 4661">
     <span class='ocr_line' id='line_1_99' title="bbox 1836 4590 3418 4661; baseline -0.001 -16"><span class='ocrx_word' id='word_1_716' title='bbox 1836 4599 1949 4645; x_wconf 89' lang='lat' dir='ltr'><strong>tum</strong></span> <span class='ocrx_word' id='word_1_717' title='bbox 1983 4601 2162 4645; x_wconf 89' lang='lat' dir='ltr'><strong>autem</strong></span> <span class='ocrx_word' id='word_1_718' title='bbox 2197 4591 2345 4661; x_wconf 89' lang='lat' dir='ltr'><strong>ipse,</strong></span> <span class='ocrx_word' id='word_1_719' title='bbox 2381 4606 2570 4645; x_wconf 87' lang='lat' dir='ltr'><strong>verum</strong></span> <span class='ocrx_word' id='word_1_720' title='bbox 2603 4592 2766 4647; x_wconf 88' lang='lat' dir='ltr'><strong>etiam</strong></span> <span class='ocrx_word' id='word_1_721' title='bbox 2813 4590 2906 4644; x_wconf 80' lang='lat' dir='ltr'><strong>lilii</strong></span> <span class='ocrx_word' id='word_1_722' title='bbox 2953 4601 3075 4660; x_wconf 91' lang='lat' dir='ltr'><strong>post</strong></span> <span class='ocrx_word' id='word_1_723' title='bbox 3098 4592 3272 4661; x_wconf 85' lang='lat' dir='ltr'><strong>ipsius</strong></span> <span class='ocrx_word' id='word_1_724' title='bbox 3296 4592 3418 4645; x_wconf 85' lang='lat' dir='ltr'><strong>obi-</strong></span> 
     </span>
    </p>
   </div>
   <div class='ocr_carea' id='block_1_100' title="bbox 1835 4681 3416 4753">
    <p class='ocr_par' dir='ltr' id='par_1_100' title="bbox 1835 4681 3416 4753">
     <span class='ocr_line' id='line_1_100' title="bbox 1835 4681 3416 4753; baseline 0.001 -17"><span class='ocrx_word' id='word_1_725' title='bbox 1835 4690 1949 4736; x_wconf 85' lang='lat' dir='ltr'><strong>tum</strong></span> <span class='ocrx_word' id='word_1_726' title='bbox 1973 4722 1988 4746; x_wconf 95' lang='lat'><strong>,</strong></span> <span class='ocrx_word' id='word_1_727' title='bbox 2022 4682 2207 4737; x_wconf 84' lang='lat' dir='ltr'><strong>hostes</strong></span> <span class='ocrx_word' id='word_1_728' title='bbox 2242 4681 2295 4735; x_wconf 90' lang='lat' dir='ltr'><strong>in</strong></span> <span class='ocrx_word' id='word_1_729' title='bbox 2340 4681 2519 4753; x_wconf 81' lang='lat' dir='ltr'><strong>fugam</strong></span> <span class='ocrx_word' id='word_1_730' title='bbox 2553 4683 2759 4737; x_wconf 89' lang='lat' dir='ltr'><strong>orando</strong></span> <span class='ocrx_word' id='word_1_731' title='bbox 2786 4683 3106 4748; x_wconf 87' lang='lat' dir='ltr'><strong>vertebant,</strong></span> <span class='ocrx_word' id='word_1_732' title='bbox 3139 4692 3194 4737; x_wconf 88' lang='lat' dir='ltr'><strong>et</strong></span> <span class='ocrx_word' id='word_1_733' title='bbox 3231 4684 3416 4737; x_wconf 82' lang='lat' dir='ltr'><strong>divina</strong></span> 
     </span>
    </p>
   </div>
   <div class='ocr_carea' id='block_1_101' title="bbox 1835 4774 3416 4846">
    <p class='ocr_par' dir='ltr' id='par_1_101' title="bbox 1835 4774 3416 4846">
     <span class='ocr_line' id='line_1_101' title="bbox 1835 4774 3416 4846; baseline -0.001 -17"><span class='ocrx_word' id='word_1_734' title='bbox 1835 4789 1938 4844; x_wconf 90' lang='lat' dir='ltr'><strong>ope</strong></span> <span class='ocrx_word' id='word_1_735' title='bbox 1997 4775 2169 4846; x_wconf 86' lang='lat' dir='ltr'><strong>adjuti</strong></span> <span class='ocrx_word' id='word_1_736' title='bbox 2212 4774 2494 4844; x_wconf 84' lang='lat' dir='ltr'><strong>erigebant</strong></span> <span class='ocrx_word' id='word_1_737' title='bbox 2549 4783 2772 4844; x_wconf 68' lang='lat' dir='ltr'><strong>tropaea.</strong></span> <span class='ocrx_word' id='word_1_738' title='bbox 2836 4774 2912 4829; x_wconf 84' lang='lat' dir='ltr'><strong>Ex</strong></span> <span class='ocrx_word' id='word_1_739' title='bbox 2964 4791 3193 4844; x_wconf 83' lang='lat' dir='ltr'><strong>persona</strong></span> <span class='ocrx_word' id='word_1_740' title='bbox 3252 4775 3416 4844; x_wconf 88' lang='lat' dir='ltr'><strong>igitur</strong></span> 
     </span>
    </p>
   </div>
   <div class='ocr_carea' id='block_1_102' title="bbox 1837 4866 3416 4937">
    <p class='ocr_par' dir='ltr' id='par_1_102' title="bbox 1837 4866 3416 4937">
     <span class='ocr_line' id='line_1_102' title="bbox 1837 4866 3416 4937; baseline -0.001 -16"><span class='ocrx_word' id='word_1_741' title='bbox 1837 4866 2055 4921; x_wconf 90' lang='lat' dir='ltr'><strong>illorum</strong></span> <span class='ocrx_word' id='word_1_742' title='bbox 2103 4867 2420 4937; x_wconf 90' lang='lat' dir='ltr'><strong>prophetica</strong></span> <span class='ocrx_word' id='word_1_743' title='bbox 2458 4869 2633 4936; x_wconf 89' lang='lat' dir='ltr'><strong>gratia</strong></span> <span class='ocrx_word' id='word_1_744' title='bbox 2665 4866 2933 4937; x_wconf 87' lang='lat' dir='ltr'><strong>psalmum</strong></span> <span class='ocrx_word' id='word_1_745' title='bbox 2964 4866 3139 4932; x_wconf 77' lang='lat' dir='ltr'><strong>dixit,</strong></span> <span class='ocrx_word' id='word_1_746' title='bbox 3181 4883 3416 4936; x_wconf 72' lang='lat' dir='ltr'><strong>prtemo-</strong></span> 
     </span>
    </p>
   </div>
   <div class='ocr_carea' id='block_1_103' title="bbox 1835 4956 3410 5027">
    <p class='ocr_par' dir='ltr' id='par_1_103' title="bbox 1835 4956 3410 5027">
     <span class='ocr_line' id='line_1_103' title="bbox 1835 4956 3410 5027; baseline 0.003 -17"><span class='ocrx_word' id='word_1_747' title='bbox 1835 4972 1973 5011; x_wconf 90' lang='lat' dir='ltr'><strong>nens</strong></span> <span class='ocrx_word' id='word_1_748' title='bbox 2002 4956 2203 5027; x_wconf 90' lang='lat' dir='ltr'><strong>quibus</strong></span> <span class='ocrx_word' id='word_1_749' title='bbox 2227 4958 2408 5014; x_wconf 87' lang='lat' dir='ltr'><strong>verbis</strong></span> <span class='ocrx_word' id='word_1_750' title='bbox 2448 4958 2501 5013; x_wconf 91' lang='lat' dir='ltr'><strong>in</strong></span> <span class='ocrx_word' id='word_1_751' title='bbox 2533 4958 2945 5015; x_wconf 86' lang='lat' dir='ltr'><strong>discriminibus</strong></span> <span class='ocrx_word' id='word_1_752' title='bbox 2974 4976 3069 5016; x_wconf 88' lang='lat' dir='ltr'><strong>eos</strong></span> <span class='ocrx_word' id='word_1_753' title='bbox 3097 4960 3171 5014; x_wconf 90' lang='lat' dir='ltr'><strong>uti</strong></span> <span class='ocrx_word' id='word_1_754' title='bbox 3212 4976 3410 5015; x_wconf 79' lang='lat' dir='ltr'><strong>conve-</strong></span> 
     </span>
    </p>
   </div>
   <div class='ocr_carea' id='block_1_104' title="bbox 1836 5050 1970 5104">
    <p class='ocr_par' dir='ltr' id='par_1_104' title="bbox 1836 5050 1970 5104">
     <span class='ocr_line' id='line_1_104' title="bbox 1836 5050 1970 5104; baseline 0.015 -2"><span class='ocrx_word' id='word_1_755' title='bbox 1836 5050 1970 5104; x_wconf 86' lang='lat' dir='ltr'><strong>niat.</strong></span> 
     </span>
    </p>
   </div>
   <div class='ocr_carea' id='block_1_105' title="bbox 1253 5361 2314 5425">
    <p class='ocr_par' dir='ltr' id='par_1_105' title="bbox 1253 5361 2314 5425">
     <span class='ocr_line' id='line_1_105' title="bbox 1253 5361 2314 5425; baseline 0.009 -10"><span class='ocrx_word' id='word_1_756' title='bbox 1253 5361 1486 5417; x_wconf 70' lang='lat' dir='ltr'><strong>VARI/El</strong></span> <span class='ocrx_word' id='word_1_757' title='bbox 1523 5364 1907 5425; x_wconf 85' lang='lat' dir='ltr'><strong>LECTIONES</strong></span> <span class='ocrx_word' id='word_1_758' title='bbox 1951 5369 2042 5424; x_wconf 88' lang='lat' dir='ltr'><strong>ET</strong></span> <span class='ocrx_word' id='word_1_759' title='bbox 2080 5368 2314 5425; x_wconf 71' lang='grc' dir='ltr'><strong>ΝΟΤᾹΞ.</strong></span> 
     </span>
    </p>
   </div>
   <div class='ocr_carea' id='block_1_106' title="bbox 222 5438 1742 5528">
    <p class='ocr_par' dir='ltr' id='par_1_106' title="bbox 222 5438 1738 5528">
     <span class='ocr_line' id='line_1_106' title="bbox 222 5438 1738 5528; baseline 0.025 -42"><span class='ocrx_word' id='word_1_760' title='bbox 222 5440 274 5528; x_wconf 71' lang='lat'><strong>:°</strong></span> <span class='ocrx_word' id='word_1_761' title='bbox 302 5438 421 5528; x_wconf 51' lang='lat' dir='ltr'><strong>T6?</strong></span> <span class='ocrx_word' id='word_1_762' title='bbox 446 5470 517 5528; x_wconf 68' lang='grc' dir='ltr'><strong>τ-</strong></span> <span class='ocrx_word' id='word_1_763' title='bbox 544 5444 799 5528; x_wconf 43' lang='lat' dir='ltr'><strong>recitata</strong></span> <span class='ocrx_word' id='word_1_764' title='bbox 844 5464 982 5528; x_wconf 75' lang='grc' dir='ltr'>μου.</span> <span class='ocrx_word' id='word_1_765' title='bbox 1035 5451 1200 5528; x_wconf 72' lang='lat' dir='ltr'><strong>Hebr.</strong></span> <span class='ocrx_word' id='word_1_766' title='bbox 1240 5438 1345 5528; x_wconf 58' lang='lat' dir='ltr'><strong>&quot;7f:</strong></span> <span class='ocrx_word' id='word_1_767' title='bbox 1376 5466 1560 5518; x_wconf 75' lang='lat' dir='ltr'><strong>rian</strong></span> <span class='ocrx_word' id='word_1_768' title='bbox 1598 5462 1738 5528; x_wconf 72' lang='grc' dir='ltr'><strong>θααά</strong></span> 
     </span>
    </p>
   </div>
   <div class='ocr_carea' id='block_1_107' title="bbox 1850 5438 2462 5528">
    <p class='ocr_par' dir='ltr' id='par_1_107' title="bbox 1850 5462 2462 5523">
     <span class='ocr_line' id='line_1_107' title="bbox 1850 5462 2462 5523; baseline 0.013 -8"><span class='ocrx_word' id='word_1_769' title='bbox 1850 5502 1852 5508; x_wconf 82' lang='grc'>.</span> <span class='ocrx_word' id='word_1_770' title='bbox 1887 5462 2260 5519; x_wconf 78' lang='lat' dir='ltr'><strong>exsultationis</strong></span> <span class='ocrx_word' id='word_1_771' title='bbox 2314 5484 2462 5523; x_wconf 72' lang='lat' dir='ltr'><strong>mete.</strong></span> 
     </span>
    </p>
   </div>
   <div class='ocr_carea' id='block_1_108' title="bbox 1505 5530 1742 5611">
    <p class='ocr_par' dir='ltr' id='par_1_108' title="bbox 1505 5530 1742 5611">
     <span class='ocr_line' id='line_1_108' title="bbox 1505 5530 1742 5611; baseline 0 0"><span class='ocrx_word' id='word_1_772' title='bbox 1505 5530 1566 5611; x_wconf 38' lang='lat'><strong>’3.</strong></span> <span class='ocrx_word' id='word_1_773' title='bbox 1581 5533 1711 5611; x_wconf 57' lang='lat' dir='ltr'><strong><em>K9]:</em></strong></span> <span class='ocrx_word' id='word_1_774' title='bbox 1732 5559 1742 5585; x_wconf 65' lang='grc' dir='ltr'><strong>λ</strong></span> 
     </span>
    </p>
   </div>
   <div class='ocr_carea' id='block_1_109' title="bbox 1850 5530 3405 5611">
    <p class='ocr_par' dir='ltr' id='par_1_109' title="bbox 1852 5533 3405 5611">
     <span class='ocr_line' id='line_1_109' title="bbox 1852 5533 3405 5611; baseline 0.008 -25"><span class='ocrx_word' id='word_1_775' title='bbox 1852 5544 1902 5611; x_wconf 86' lang='lat' dir='ltr'><strong>s_t</strong></span> <span class='ocrx_word' id='word_1_776' title='bbox 1931 5535 2112 5611; x_wconf 47' lang='lat' dir='ltr'><strong>afod.</strong></span> <span class='ocrx_word' id='word_1_777' title='bbox 2138 5533 2332 5611; x_wconf 85' lang='lat' dir='ltr'><strong>_Vatic._</strong></span> <span class='ocrx_word' id='word_1_778' title='bbox 2404 5540 2451 5611; x_wconf 53' lang='grc' dir='ltr'><strong>ξι</strong></span> <span class='ocrx_word' id='word_1_779' title='bbox 2479 5535 2838 5611; x_wconf 61' lang='grc' dir='ltr'>Οὗτοςῗςοιί.</span> <span class='ocrx_word' id='word_1_780' title='bbox 2874 5543 2897 5593; x_wconf 86' lang='grc' dir='ltr'>-ι</span> <span class='ocrx_word' id='word_1_781' title='bbox 2938 5542 3087 5596; x_wconf 91' lang='lat' dir='ltr'><strong>addit</strong></span> <span class='ocrx_word' id='word_1_782' title='bbox 3109 5541 3137 5591; x_wconf 88' lang='lat'><strong>6</strong></span> <span class='ocrx_word' id='word_1_783' title='bbox 3168 5541 3405 5611; x_wconf 77' lang='grc' dir='ltr'>ψαλμός.</span> 
     </span>
    </p>
   </div>
   <div class='ocr_carea' id='block_1_110' title="bbox 133 5509 1426 5594">
    <p class='ocr_par' dir='ltr' id='par_1_110' title="bbox 133 5509 1426 5594">
     <span class='ocr_line' id='line_1_110' title="bbox 133 5509 1426 5594; baseline 0.015 -35"><span class='ocrx_word' id='word_1_784' title='bbox 133 5509 432 5594; x_wconf 55' lang='grc' dir='ltr'>ῖρδξπτὶς.</span> <span class='ocrx_word' id='word_1_785' title='bbox 465 5511 532 5594; x_wconf 42' lang='grc' dir='ltr'><strong>ιη,</strong></span> <span class='ocrx_word' id='word_1_786' title='bbox 543 5515 675 5594; x_wconf 63' lang='grc' dir='ltr'><strong>⁸ςοιΙ.</strong></span> <span class='ocrx_word' id='word_1_787' title='bbox 696 5509 731 5568; x_wconf 76' lang='grc'><strong>2</strong></span> <span class='ocrx_word' id='word_1_788' title='bbox 749 5509 968 5594; x_wconf 69' lang='lat' dir='ltr'><strong>ponitur</strong></span> <span class='ocrx_word' id='word_1_789' title='bbox 995 5533 1114 5587; x_wconf 84' lang='lat' dir='ltr'><strong>post</strong></span> <span class='ocrx_word' id='word_1_790' title='bbox 1137 5509 1426 5594; x_wconf 55' lang='grc' dir='ltr'>θυμηδίαςξ</span> 
     </span>
    </p>
   </div>
   <div class='ocr_carea' id='block_1_111' title="bbox 2575 5470 3411 5527">
    <p class='ocr_par' dir='ltr' id='par_1_111' title="bbox 2575 5470 3411 5527">
     <span class='ocr_line' id='line_1_111' title="bbox 2575 5470 3411 5527; baseline 0.002 -3"><span class='ocrx_word' id='word_1_791' title='bbox 2575 5471 2618 5502; x_wconf 81' lang='grc'>⁹¹</span> <span class='ocrx_word' id='word_1_792' title='bbox 2661 5470 2782 5525; x_wconf 90' lang='lat' dir='ltr'><strong>cod.</strong></span> <span class='ocrx_word' id='word_1_793' title='bbox 2811 5470 2844 5523; x_wconf 69' lang='grc' dir='ltr'>Ξ</span> <span class='ocrx_word' id='word_1_794' title='bbox 2876 5471 3065 5524; x_wconf 80' lang='grc' dir='ltr'>ἐλθών.</span> <span class='ocrx_word' id='word_1_795' title='bbox 3174 5472 3221 5504; x_wconf 80' lang='grc'><strong>⁹¹</strong></span> <span class='ocrx_word' id='word_1_796' title='bbox 3256 5476 3411 5527; x_wconf 72' lang='grc' dir='ltr'><strong>Πην-</strong></span> 
     </span>
    </p>
   </div>
   <div class='ocr_carea' id='block_1_112' title="bbox 132 5580 1742 5680">
    <p class='ocr_par' dir='ltr' id='par_1_112' title="bbox 132 5580 1742 5680">
     <span class='ocr_line' id='line_1_112' title="bbox 132 5580 1742 5680; baseline 0.015 -50"><span class='ocrx_word' id='word_1_797' title='bbox 132 5581 184 5680; x_wconf 55' lang='grc' dir='ltr'><strong>ξζ</strong></span> <span class='ocrx_word' id='word_1_798' title='bbox 221 5580 630 5680; x_wconf 52' lang='grc' dir='ltr'><strong>ιι[ἔρορέεονθτίζῖει.</strong></span> <span class='ocrx_word' id='word_1_799' title='bbox 664 5580 878 5680; x_wconf 32' lang='lat' dir='ltr'><strong>lem-Lai,</strong></span> <span class='ocrx_word' id='word_1_800' title='bbox 929 5580 1112 5680; x_wconf 46' lang='lat' dir='ltr'><strong>pra-ein.</strong></span> <span class='ocrx_word' id='word_1_801' title='bbox 1155 5580 1347 5646; x_wconf 67' lang='grc' dir='ltr'>ταῦτα.</span> <span class='ocrx_word' id='word_1_802' title='bbox 1388 5580 1402 5589; x_wconf 72' lang='grc'><em>’</em></span> <span class='ocrx_word' id='word_1_803' title='bbox 1428 5598 1474 5631; x_wconf 73' lang='grc'><strong>’⁸</strong></span> <span class='ocrx_word' id='word_1_804' title='bbox 1501 5580 1742 5669; x_wconf 51' lang='grc' dir='ltr'>ΔέδειᾸά</span> 
     </span>
    </p>
   </div>
   <div class='ocr_carea' id='block_1_113' title="bbox 1850 5580 3405 5680">
    <p class='ocr_par' dir='ltr' id='par_1_113' title="bbox 1850 5580 3405 5680">
     <span class='ocr_line' id='line_1_113' title="bbox 1850 5580 3405 5680; baseline 0.008 -24"><span class='ocrx_word' id='word_1_805' title='bbox 1850 5580 1959 5680; x_wconf 58' lang='grc' dir='ltr'><strong>ἇξξ</strong></span> <span class='ocrx_word' id='word_1_806' title='bbox 1971 5580 2112 5680; x_wconf 65' lang='grc' dir='ltr'><em>ρἐξ</em></span> <span class='ocrx_word' id='word_1_807' title='bbox 2136 5580 2356 5680; x_wconf 19' lang='grc' dir='ltr'><strong>ξῖἕόμό.</strong></span> <span class='ocrx_word' id='word_1_808' title='bbox 2403 5608 2456 5662; x_wconf 79' lang='lat'><strong>5.</strong></span> <span class='ocrx_word' id='word_1_809' title='bbox 2475 5580 2588 5680; x_wconf 61' lang='grc' dir='ltr'><strong>ξ’ἵῖ</strong></span> <span class='ocrx_word' id='word_1_810' title='bbox 2601 5580 3093 5680; x_wconf 46' lang='grc' dir='ltr'><strong>31ιᾶῗῖνὲξῆᾲῖ</strong></span> <span class='ocrx_word' id='word_1_811' title='bbox 3111 5580 3405 5671; x_wconf 67' lang='grc' dir='ltr'><strong>”Μ⁷αέ’ὁ⁸ῖὲξξ</strong></span> 
     </span>
    </p>
   </div>
   <div class='ocr_carea' id='block_1_114' title="bbox 131 5647 954 5720">
    <p class='ocr_par' dir='ltr' id='par_1_114' title="bbox 131 5647 954 5720">
     <span class='ocr_line' id='line_1_114' title="bbox 131 5647 954 5720; baseline 0.006 -17"><span class='ocrx_word' id='word_1_812' title='bbox 131 5647 541 5720; x_wconf 51' lang='grc' dir='ltr'>’ΤΜακὰριοᾳ</span> <span class='ocrx_word' id='word_1_813' title='bbox 576 5655 700 5708; x_wconf 84' lang='lat' dir='ltr'><strong>cod.</strong></span> <span class='ocrx_word' id='word_1_814' title='bbox 730 5655 766 5708; x_wconf 75' lang='grc'><strong>2</strong></span> <span class='ocrx_word' id='word_1_815' title='bbox 795 5647 954 5720; x_wconf 73' lang='grc' dir='ltr'>θεῖος.</span> 
     </span>
    </p>
   </div>
   <div class='ocr_carea' id='block_1_115' title="bbox 132 5719 1249 5803">
    <p class='ocr_par' dir='ltr' id='par_1_115' title="bbox 132 5719 1249 5803">
     <span class='ocr_line' id='line_1_115' title="bbox 132 5719 1249 5803; baseline 0.012 -28"><span class='ocrx_word' id='word_1_816' title='bbox 132 5719 352 5790; x_wconf 74' lang='grc' dir='ltr'>κάριος.</span> <span class='ocrx_word' id='word_1_817' title='bbox 436 5721 451 5752; x_wconf 82' lang='grc'>¹</span> <span class='ocrx_word' id='word_1_818' title='bbox 500 5720 788 5792; x_wconf 79' lang='grc' dir='ltr'>Ἁσθενές.</span> <span class='ocrx_word' id='word_1_819' title='bbox 819 5719 939 5783; x_wconf 73' lang='lat' dir='ltr'><strong>cod.</strong></span> <span class='ocrx_word' id='word_1_820' title='bbox 965 5729 999 5785; x_wconf 78' lang='grc'><strong>5</strong></span> <span class='ocrx_word' id='word_1_821' title='bbox 1028 5719 1249 5803; x_wconf 67' lang='grc' dir='ltr'>ἀσθενῆ.</span> 
     </span>
    </p>
   </div>
   <div class='ocr_carea' id='block_1_116' title="bbox 1052 5661 1742 5751">
    <p class='ocr_par' dir='ltr' id='par_1_116' title="bbox 1052 5661 1742 5751">
     <span class='ocr_line' id='line_1_116' title="bbox 1052 5661 1742 5751; baseline 0.016 -40"><span class='ocrx_word' id='word_1_822' title='bbox 1052 5661 1128 5751; x_wconf 52' lang='lat' dir='ltr'><strong>&quot;ﬂ</strong></span> <span class='ocrx_word' id='word_1_823' title='bbox 1148 5661 1742 5751; x_wconf 54' lang='lat' dir='ltr'><strong>TetO&#39;ﬂ-axdelU-I?Q:—</strong></span> 
     </span>
    </p>
   </div>
   <div class='ocr_carea' id='block_1_117' title="bbox 1850 5661 3403 5751">
    <p class='ocr_par' dir='ltr' id='par_1_117' title="bbox 1850 5661 3403 5751">
     <span class='ocr_line' id='line_1_117' title="bbox 1850 5661 3403 5751; baseline 0.001 -25"><span class='ocrx_word' id='word_1_824' title='bbox 1850 5661 2257 5751; x_wconf 47' lang='grc' dir='ltr'><strong>,λείως-ηυξ.</strong></span> <span class='ocrx_word' id='word_1_825' title='bbox 2391 5661 2509 5751; x_wconf 64' lang='grc' dir='ltr'><strong>εφη.</strong></span> <span class='ocrx_word' id='word_1_826' title='bbox 2544 5678 2598 5751; x_wconf 72' lang='grc' dir='ltr'><strong>ες.</strong></span> <span class='ocrx_word' id='word_1_827' title='bbox 2625 5661 2926 5751; x_wconf 58' lang='lat' dir='ltr'><strong>nam;</strong></span> <span class='ocrx_word' id='word_1_828' title='bbox 2952 5661 3403 5751; x_wconf 50' lang='lat' dir='ltr'><strong>siegiepaggz</strong></span> 
     </span>
    </p>
   </div>
   <div class='ocr_carea' id='block_1_118' title="bbox 1324 5736 2969 5821">
    <p class='ocr_par' dir='ltr' id='par_1_118' title="bbox 1324 5736 2969 5821">
     <span class='ocr_line' id='line_1_118' title="bbox 1324 5736 2969 5821; baseline 0.008 -31"><span class='ocrx_word' id='word_1_829' title='bbox 1324 5736 1345 5767; x_wconf 82' lang='grc'><em>³</em></span> <span class='ocrx_word' id='word_1_830' title='bbox 1377 5738 1497 5792; x_wconf 87' lang='lat' dir='ltr'><strong>cod.</strong></span> <span class='ocrx_word' id='word_1_831' title='bbox 1539 5740 1837 5814; x_wconf 75' lang='grc' dir='ltr'>ὃὲρήμων.</span> <span class='ocrx_word' id='word_1_832' title='bbox 1914 5736 2074 5800; x_wconf 70' lang='grc' dir='ltr'><strong>³εοε1ξ</strong></span> <span class='ocrx_word' id='word_1_833' title='bbox 2109 5745 2141 5799; x_wconf 77' lang='grc'><strong>5</strong></span> <span class='ocrx_word' id='word_1_834' title='bbox 2169 5745 2349 5813; x_wconf 68' lang='grc' dir='ltr'>μόνος.</span> <span class='ocrx_word' id='word_1_835' title='bbox 2383 5808 2387 5813; x_wconf 55' lang='grc'><strong>,</strong></span> <span class='ocrx_word' id='word_1_836' title='bbox 2430 5749 2450 5779; x_wconf 71' lang='grc'><strong>’⁵</strong></span> <span class='ocrx_word' id='word_1_837' title='bbox 2483 5750 2603 5805; x_wconf 83' lang='lat' dir='ltr'><strong>cod.</strong></span> <span class='ocrx_word' id='word_1_838' title='bbox 2651 5750 2685 5803; x_wconf 72' lang='grc'>2</span> <span class='ocrx_word' id='word_1_839' title='bbox 2726 5736 2969 5821; x_wconf 68' lang='grc' dir='ltr'>ἔτρεπον.</span> 
     </span>
    </p>
   </div>
  </div>
