3870 6322
471 360 609 431 ῙΙΒΊ

816 480 833 500 ⁶
885 472 1160 531 ιΝΤειιιδ.
1216 471 1464 529 PSALMI
1514 470 1701 527 XLIV.

539 584 704 644 Vens.
754 587 805 640 1.
859 602 878 636 ι
926 584 983 638 lu
1038 581 1223 635 linem.
1258 581 1364 633 Pro
1402 580 1487 634 his
1532 580 1625 649 qui
1666 578 2048 644 mutabuntur,

470 681 594 736 ﬁliis
652 679 813 743 (lore,
849 676 900 730 in
935 674 1296 736 intellectum,
1339 671 1623 726 Canticum
1652 686 1749 739 pro
1775 670 1990 724 dilecto.
2025 687 2044 720 ι

466 773 762 839 Postquam
814 769 1042 821 molesta
1099 768 1452 835 propheticus
1486 779 1664 815 sermo
1706 762 1957 825 praedixit
1998 761 2052 815 in

466 862 714 933 proxime
759 861 1098 929 praecedente
1132 857 1361 926 psalmo,
1390 854 1633 923 jucunda
1675 854 1929 922 dt:i:;Ct‘ps
1962 868 2054 906 va-

465 954 743 1013 ticinatur,
798 959 1091 1005 atterentes
1132 948 1426 1003 consolans
1447 985 1462 1009 ,
1521 954 1576 998 et
1608 944 1813 997 docens
1847 959 1944 997 eos
1973 942 2055 996 vi-

466 1055 674 1111 cturos,
713 1055 876 1113 atque
911 1042 964 1095 in
998 1039 1231 1094 victoria
1256 1047 1726 1106 perseveraturos,
1757 1035 2056 1088 auxilium-

468 1153 577 1207 que
615 1153 644 1190 a
681 1137 789 1188 Deo
841 1143 1259 1194 consecuturos,
1290 1144 1581 1198 quousque
1620 1128 1855 1181 tlilvctus
1887 1125 2056 1179 Filius

468 1246 533 1285 ex
567 1228 703 1298 ipsis
757 1224 1059 1281 secundum
1120 1236 1340 1276 carneut
1373 1219 1676 1280 exoriatur,
1714 1229 1767 1271 et
1802 1218 2058 1271 mutatio-

469 1336 593 1375 nem
624 1319 770 1372 illam
804 1329 1000 1369 novam
1034 1312 1287 1382 gentibus
1321 1318 1557 1378 praestet.
1593 1308 1855 1362 Dilectum
1886 1308 2056 1371 enim,

470 1411 565 1467 Dei
624 1410 823 1464 Filium
881 1413 1063 1460 vocat.
1119 1402 1213 1457 Sic
1258 1403 1404 1456 enim
1451 1401 1671 1455 divinus
1726 1401 1897 1455 Isaias
1938 1401 2055 1454 ait:

475 1522 496 1556 ι
529 1502 697 1557 Vinea
722 1501 821 1555 fuit
844 1499 1040 1554 dilecto
1065 1498 1118 1550 in
1143 1510 1337 1559 cornu,
1358 1495 1525 1565 887
1553 1495 1603 1546 in
1626 1493 1748 1547 loco
1778 1493 1931 1546 uberi
1952 1492 2001 1546 ιι.
2033 1510 2052 1542 ι

472 1593 590 1650 lloc
623 1603 678 1646 et
714 1594 829 1663 ipse
850 1592 1014 1646 Pater
1057 1588 1124 1642 de
1176 1586 1317 1641 Filio
1364 1586 1716 1657 praedicavit:
1769 1603 1788 1636 ι
1829 1585 1931 1639 Hic
1973 1592 2060 1638 est

472 1686 645 1741 Filius
674 1699 825 1740 meus
845 1683 1100 1745 dilectus,
1130 1679 1183 1734 in
1204 1694 1313 1748 quo
1336 1678 1739 1747 beucplacitum
1762 1676 1938 1730 habeo
1967 1677 2011 1729 ί.
2034 1694 2054 1728 ι

1475 353 1970 416 THEODORETI
1991 350 2332 414 El’lSCOI‘t
2377 349 2742 413 CYRENSIS

2081 477 2127 531 Δ

3614 347 3738 415 1183

2473 466 2741 523 EPMHN.
2777 466 2915 520 ΤΟΥ
2952 465 3067 558 MN.
3102 465 3425 521 ΨΛΛΜΟΥ.

2222 583 2292 639 α’.
2337 604 2354 634 ‹
2387 584 2480 646 Ei;
2530 584 2590 635 τὸ
2639 582 2816 646 τέλος,
2846 581 2985 652 ὑπὲρ
3036 580 3145 633 τῶν
3191 579 3735 649 ἀλλοιωθησομένων,

2151 679 2261 738 τοῖς
2306 678 2441 736 υἱοῖς
2489 674 2666 745 Κορὲ,
2697 676 2775 735 είς
2808 673 3058 725 σύνεσιν·
3092 671 3203 742 ᾠδὴ
3230 673 3372 742 ὑπὲρ
3404 670 3499 724 τοῦ
3534 675 3738 743 ἀγαπη-

2151 767 2265 820 τοῦ.
2301 787 2319 819 ι
2346 767 2426 820 Τὰ
2457 765 2675 836 λυπηρὰ
2706 763 3053 834 προειρηκὼς
3083 766 3110 816 ὁ
3140 763 3478 834 προφητικὸς
3508 764 3665 831 λόγος
3689 768 3739 816 ἐν

2153 856 2231 925 τῷ
2282 856 2387 926 πρὸ
2433 856 2623 908 τούτου
2669 854 2891 925 ψαλμῷ,
2921 856 2990 907 τὰ
3023 853 3246 925 θυμήρη
3284 855 3477 907 λοιπὸν
3507 873 3737 924 προαγο-

2157 949 2330 1019 ρεύει,
2361 949 2487 1012 τοὺς
2523 948 2870 1017 ἀθυμοῦντας
2899 947 3270 1017 ψυχαγωγῶν,
3318 950 3416 1001 καὶ
3455 947 3736 1013 διδάσκων,

2154 1039 2237 1092 ὅτι
2288 1040 2386 1093 καὶ
2428 1041 2733 1109 νικήσουσι,
2759 1039 2852 1093 καὶ
2900 1038 3275 1110 διαρκέσουσι,
3307 1040 3403 1092 καὶ
3454 1039 3557 1109 τῆς
3595 1042 3739 1111 παρὰ

2155 1132 2251 1186 τοῦ
2288 1130 2424 1185 Θεοῦ
2470 1131 2751 1195 τεύξονται
2804 1129 3081 1200 βοηθείας,
3124 1129 3230 1193 ἓως
3280 1129 3346 1182 ἃν
3394 1129 3453 1195 ἐξ
3504 1129 3682 1181 αὐτῶν
3714 1131 3739 1181 6

2157 1208 2442 1296 ἀγαπητὸς
2462 1225 2648 1288 Υἱὸς⁹⁸
2679 1224 2821 1275 κατὰ
2848 1224 3028 1293 σάρκα
3060 1221 3359 1292 βλαστήσῃ,
3381 1222 3476 1274 καὶ
3504 1221 3600 1291 τὴν
3628 1239 3740 1273 γαι-

2158 1316 2254 1387 νὴν
2284 1315 2571 1369 ἀλλοίωσιν
2593 1316 2707 1377 τοῖς
2740 1313 2919 1367 ἔθνεσι
2949 1313 3470 1385 πραγματεύσηται.
3489 1314 3551 1367 Ἀ
3563 1330 3741 1382 ruan-

2159 1407 2267 1460 τὸν
2296 1404 2406 1475 γὰρ
2437 1404 2593 1457 καλεῖ
2618 1404 2714 1457 τοῦ
2743 1404 2879 1457 Θεοῦ
2899 1404 2946 1436 ⁸⁸
2979 1404 3071 1457 τὸν
3103 1404 3229 1456 Υίὸν
3249 1420 3262 1434 ·
3290 1403 3437 1457 οὓτω
3469 1404 3583 1475 γὰρ
3607 1407 3695 1456 καί
3717 1405 3742 1456 6

2160 1497 2304 1561 θεῖος
2327 1497 2557 1559 Ἡσαΐας
2589 1496 2754 1567 φησίν
2771 1497 2817 1530 ⁸⁸
2835 1512 2848 1526 ·
2889 1514 2906 1548 t
2928 1493 3221 1566 Ἀμπελὼν
3248 1494 3487 1567 ἐγενήθη
3517 1496 3597 1565 τῷ
3613 1498 3741 1566 ἠγα-

2160 1590 2391 1662 πημένῳ
2417 1590 2474 1643 ὲν
2504 1591 2721 1660 κέρατι,
2750 1590 2807 1642 ἐν
2836 1588 2989 1659 τόπῳ
3015 1588 3184 1643 πίονι.
3209 1606 3229 1640 ι
3256 1587 3432 1641 Τοῦτο
3459 1589 3562 1642 καὶ
3592 1588 3742 1651 αὐτὸς

2160 1684 2190 1735 6
2232 1683 2424 1751 Πατὴρ
2457 1682 2540 1743 εἰς
2571 1681 2664 1733 τὸν
2722 1680 2843 1734 mw
2872 1680 3212 1752 ἀνεκήρυξεν
3233 1695 3248 1711 ⁸
3286 1697 3307 1732 ι
3336 1674 3511 1743 Οὗτός
3548 1681 3695 1733 ἔστιν
3718 1682 3743 1733 6

472 1776 576 1831 Hie
617 1791 713 1845 per
768 1782 1019 1827 sanctum
1079 1770 1352 1838 baptisma
1396 1766 1655 1837 gentibus
1700 1766 2058 1820 mutationem

2168 1774 2291 1836 Υἱός
2322 1790 2425 1844 μου
2458 1776 2486 1827 ὀ
2512 1773 2816 1842 ἀγαπητὸς,
2847 1774 2906 1825 ὲν
2930 1766 2976 1841 ᾧ
3001 1772 3278 1843 ηὐδόκησα
3297 1772 3365 1825 ⁸⁸.
3395 1791 3415 1824 ι
3451 1765 3625 1836 Οὗτος
3656 1771 3745 1842 τὴν

473 1867 717 1924 donavit.
778 1864 852 1919 De
884 1863 970 1918 his
1001 1872 1183 1917 autem
1218 1861 1463 1930 psalmus
1494 1859 1760 1929 praedicit,
1788 1873 1929 1928 quos
1963 1857 2058 1911 ad-

2168 1864 2250 1919 Βιὰ
2279 1863 2373 1918 τοῦ
2403 1864 2561 1932 ἁγίου
2595 1864 2975 1934 βαπτίσματος
2993 1866 3038 1897 ⁸⁷
3070 1864 3357 1918 ἀλλοίωσιν
3386 1867 3501 1927 τοῖς
3547 1863 3748 1917 ἔθνεσιν

474 1960 749 2021 hortatur,
797 1966 858 2011 ut
914 1955 1215 2026 patriorum
1272 1952 1501 2007 deorum
1557 1952 1977 2015 obliviscantur,
2008 1960 2060 2003 et

472 2066 665 2108 verum
712 2050 884 2104 Deum
933 2048 1178 2102 laudent.
1232 2044 1405 2099 Porro
1455 2062 1474 2093 ι
1512 2058 1611 2097 eos
1661 2042 1754 2112 qui
1810 2040 2057 2094 mutandi

473 2152 627 2206 sunt,
664 2160 684 2194 ι
742 2139 1107 2212 Symmachus
1156 2138 1371 2191 vocavit
1418 2136 1597 2204 ﬂores,
1632 2134 1828 2203 Aquila
1858 2148 1982 2186 tero
2007 2142 2061 2185 et

475 2234 778 2290 Theodotio
825 2231 963 2286 lilia.
1009 2230 1199 2285 Flores
1244 2237 1453 2295 autem,
1495 2237 1550 2282 et
1607 2227 1721 2280 lilia
1757 2225 1899 2279 veris
1931 2232 2061 2279 sunt

475 2327 742 2398 germina.
802 2323 1096 2395 Spirituale
1149 2337 1266 2387 ver,
1306 2319 1613 2374 Salvatoris
1644 2326 1730 2372 est
1765 2317 2055 2379 adventus,

475 2420 530 2475 in
565 2433 674 2488 quo
704 2416 884 2472 laetata
913 2423 1016 2480 est,
1048 2413 1352 2468 secundum
1397 2411 1554 2466 Isaia:
1589 2408 2055 2471 vaticinationem,

479 2530 499 2563 ι
555 2525 677 2581 qua:
720 2510 850 2563 olim
889 2517 1005 2562 erat
1042 2506 1301 2569 solitudo,
1346 2515 1399 2557 et
1429 2501 1612 2555 ﬂoruit
1642 2508 1702 2555 ut
1734 2500 1907 2553 liliutn
1943 2496 1990 2552 i.
2033 2516 2053 2549 ι

475 2603 553 2657 De
606 2602 689 2657 his
731 2615 973 2670 praesens
1004 2596 1289 2667 prophetia
1325 2594 1594 2663 praedicit,
1630 2592 1876 2646 omnium
1909 2598 2060 2645 sato-

473 2706 589 2745 rem
618 2700 675 2746 et
714 2688 1009 2759 agricolam
1049 2687 1211 2740 tacite
1241 2684 1539 2739 ostendens
1568 2697 1717 2745 eum,
1742 2680 1838 2751 qui
1865 2680 2059 2736 solitu-

473 2784 658 2839 dinem
703 2780 1017 2836 imntutavit
1046 2787 1102 2836 et
1139 2776 1377 2832 reddidit
1415 2772 1729 2830 fecundam.

549 3066 714 3118 Vens.
736 3062 794 3117 2.
826 3080 844 3114 ι
880 3058 1165 3114 Eructavit
1189 3071 1286 3111 cor
1306 3068 1490 3109 meum
1517 3051 1745 3105 verbum
1768 3048 1996 3102 bonum.
2034 3062 2055 3097 ι

2160 1956 2489 2026 ἐδωρήσατο.
2529 1957 2663 2027 Περὶ
2692 1955 2896 2009 τούτων
2936 1955 2994 2008 δὲ
3036 1957 3064 2008 6
3108 1956 3320 2025 ψαλμὸς
3369 1954 3745 2024 προθεσπίζει,

2158 2043 2239 2112 οἷς
2282 2049 2377 2101 καὶ
2430 2049 2723 2119 παρεγγυᾷ
2767 2046 2877 2100 τῶν
2927 2047 3027 2118 μὲν
3077 2046 3352 2118 πατρῴων
3399 2047 3748 2101 ἐπιλαθέσθαι

2159 2140 2317 2202 θεῶν,
2346 2141 2439 2194 τὸν
2468 2141 2524 2193 δὲ
2560 2139 2814 2210 ἀληθινὸν
2853 2138 3071 2210 ἀληθῶς
3104 2139 3388 2210 γεραίρειν
3416 2139 3576 2195 Θεόν.
3611 2139 3748 2205 Τοὺς

2158 2230 2215 2284 δὲ
2234 2231 2279 2263 ⁸⁸
2310 2229 2917 2298 ἀλλοιωθησομένους
2945 2231 2975 2282 6
3019 2229 3119 2300 μὲν
3149 2230 3449 2300 Σύμμαχος
3476 2231 3632 2298 ἄνθη
3659 2231 3749 2283 κέ-

2160 2321 2365 2391 κληκεν
2382 2338 2396 2353 ·
2436 2323 2669 2385 Ἀκύλας
2695 2323 2752 2375 δὲ
2787 2324 2883 2376 καὶ
2907 2325 2935 2376 ό
2960 2322 3254 2376 Θεοδοτίων
3272 2324 3339 2388 ”,
3372 2324 3747 2394 κρίνα,’Δνθη

2157 2409 2217 2462 δὲ
2248 2411 2346 2463 καὶ
2376 2409 2571 2481 κρίνα¹
2617 2409 2713 2463 τοῦ
2743 2406 2880 2481 ἦρος
2912 2409 3340 2481 βλαστοί¹.Ἔαρ
3367 2411 3427 2463 δὲ
3459 2429 3751 2480 πνευματιο

2162 2503 2277 2568 κὸν,
2310 2502 2405 2556 τοῦ
2432 2502 2689 2574 Σωτῆρος
2715 2505 2747 2574 ὴ
2785 2504 3063 2573 παρουσία
3083 2519 3097 2533 ·
3133 2504 3192 2556 ὲν
3286 2504 3597 2575 εὐφράνθη,
3617 2505 3746 2559 κατὰ

2158 2600 2259 2669 τὴν
2293 2600 2517 2653 Ἠσαίου
2548 2599 2911 2670 προφητείαν,
2948 2617 2968 2650 ι
2996 2599 3029 2668 ἡ
3072 2598 3238 2653 πάλαι
3268 2598 3502 2669 ἔρημος,
3525 2602 3621 2655 καὶ
3649 2601 3746 2671 ην-

2160 2691 2327 2758 θησεν
2353 2691 2429 2755 ὡς
2459 2691 2667 2760 κρίνον.
2697 2711 2716 2744 ι
2753 2693 2890 2761 Περὶ
2918 2690 3162 2745 τούτων³
3199 2691 3232 2760 ἡ
3263 2691 3521 2763 παροῦσα
3549 2709 3750 2766 προφη-

2158 2782 2281 2836 τεία
2308 2783 2712 2855 προαγορεύει,
2747 2784 2969 2837 πάντων
3000 2783 3362 2837 ὖπώεικνῦσα
3382 2783 3406 2815 δ
3448 2784 3749 2856 φυτουργὸν

2159 2893 2220 2928 τε
2250 2876 2343 2928 καὶ
2377 2876 2653 2946 γεωργὸν,
2684 2875 2779 2927 τὸν
2808 2873 3179 2929 ἁλλοιὼσαντα
3198 2877 3219 2908 ⁸
3251 2876 3347 2930 καὶ
3391 2878 3750 2949 ἀποφήναντα

2161 2968 2539 3038 καρποφόρον.

2238 3061 2301 3130 β’.
2350 3079 2367 3111 t
2391 3059 2755 3131 Ἐξηρεύξατο
2789 3062 2822 3131 ἡ
2872 3061 3072 3130 καρδία
3123 3078 3224 3131 μου
3276 3062 3437 3131 λόγον
3470 3063 3697 3131 ἀγαθόν.
3726 3082 3745 3119 ι

477 3157 614 3211 Nam
648 3152 1027 3223 spiritualibus
1065 3148 1247 3201 verbis
1277 3146 1540 3204 nutritus.
1577 3142 1713 3197 tales
1749 3141 1906 3209 quasi
1942 3137 2057 3190 l'rtt-

2171 3154 2571 3222 Πνευματικοϊς
2617 3152 2725 3222 γὰρ
2777 3153 3172 3223 ἐντρεφόμενος
3224 3153 3406 3222 λόγοις
3432 3194 3448 3219 ,
3499 3156 3752 3220 τοιαύτας

475 3259 601 3304 ctus
638 3246 850 3306 emitto,
893 3250 947 3295 et
993 3240 1119 3294 talia
1152 3239 1313 3290 verba
1370 3231 1615 3289 eﬂ‘undo.
1679 3251 1698 3282 ι
1736 3229 1867 3285 Dico
1895 3244 2058 3298 opera

2169 3246 2371 3313 ὲρυγὰς
2400 3244 2732 3310 ἀναπέμπω,
2761 3243 2854 3295 καὶ
2885 3242 3162 3306 τοιούτους
3194 3245 3390 3309 λόγους
3415 3249 3687 3318 προϊεμαι
3710 3251 3747 3303 ⁸.

478 3354 601 3395 mea
634 3335 790 3405 Regi.
829 3353 846 3384 ι
885 3331 1057 3398 Quem
1085 3329 1277 3383 titulus
1311 3326 1562 3379 dilectum
1599 3323 1833 3384 voravit,
1868 3319 2064 3389 psalmi

473 3430 763 3489 exordium
825 3439 994 3494 regem
1050 3426 1363 3488 nuncupat:
1403 3432 1543 3487 opus
1583 3431 1712 3469 vero
1767 3412 2066 3483 prophetia:

479 3539 646 3579 verus
680 3535 861 3577 sermo
888 3526 992 3580 est,
1023 3516 1116 3586 qui
1151 3512 1333 3567 futura
1366 3511 1628 3581 praedicit.
1667 3509 1754 3563 Ait
1784 3507 1971 3576 igitur,
2006 3521 2066 3561 se

476 3616 549 3671 de
577 3615 696 3684 ipso
732 3625 858 3676 rege
894 3607 1059 3663 verba
1095 3605 1366 3659 facturum
1407 3616 1531 3657 esse
1561 3619 1574 3654 :
1611 3609 1666 3654 et
1697 3599 1922 3663 docens,
1955 3611 2063 3649 non

480 3705 759 3769 humanis,
786 3714 976 3757 verum
1033 3697 1235 3752 divinis
1268 3693 1449 3748 verbis
1500 3707 1561 3747 se
1612 3691 1715 3754 uti,
1769 3687 2062 3745 suddidit:

484 3815 508 3851 ι
541 3790 751 3867 Lingua
774 3808 892 3849 mea
921 3791 1171 3847 calamus
1193 3787 1389 3844 scriba:
1411 3784 1670 3840 velociter
1694 3781 2005 3837 scribentis.
2040 3798 2061 3831 ι

478 3888 647 3954 Nihil,
667 3889 765 3952 ait,
785 3885 1066 3955 proprium
1091 3882 1303 3949 loquor,
1324 3890 1647 3946 nequemete
1660 3874 1857 3928 mentis
1877 3882 2066 3943 partus

479 3979 649 4036 all‘ero
695 3995 711 4033 :
751 3978 893 4033 alius
925 3991 1050 4031 vero
1088 3971 1339 4028 cﬂicacia:
1377 3971 1561 4039 lingua
1599 3967 1850 4022 ministra
1882 3973 1982 4029 est,
2013 3973 2066 4018 et

480 4072 598 4143 ipsa
630 4069 802 4141 888
847 4068 1072 4138 quidem
1108 4065 1379 4120 calamum
1429 4061 1697 4124 imitatur,
1726 4058 1899 4130 gratia
1936 4072 2066 4112 vero

482 4167 710 4237 spiritus
731 4166 971 4219 velocem
1010 4162 1270 4223 scribam,
1303 4173 1399 4229 per
1430 4158 1571 4211 hanc
1600 4170 1941 4226 quzecunque
1970 4167 2066 4205 vo-

483 4260 647 4314 luerit
698 4259 965 4314 scribens.
1001 4256 1093 4311 Sic
1137 4255 1421 4325 propheta,
1453 4261 1743 4320 postquam
1786 4246 2065 4318 significa-

483 4351 561 4406 vit
596 4350 718 4421 quis
748 4364 841 4421 per
876 4351 1052 4419 ipsum
1085 4347 1424 4416 loqueretur,
1456 4343 1532 4397 ita
1567 4342 1763 4411 incipit
1797 4340 2066 4395 vaticina-

485 4443 684 4497 tionem
722 4458 737 4495 :

554 4613 721 4671 Vens.
755 4615 808 4669 5.
842 4616 861 4638 ⁸
902 4632 919 4664 ι
959 4611 1252 4681 Speciosus
1282 4625 1339 4664 es
1372 4609 1544 4662 forma
1575 4624 1687 4677 pra:
1718 4609 1843 4662 llliis
1880 4609 2062 4663 homi-

486 4722 639 4769 num,
693 4705 889 4759 dill'usa
926 4714 1009 4758 est
1064 4701 1238 4771 gratia
1291 4702 1344 4752 in
1396 4700 1555 4755 labiis
1597 4702 1727 4763 tuis,
1777 4711 2060 4769 prepterea

484 4797 764 4853 benedixit
792 4798 885 4850 tibi
923 4794 1064 4847 Deus
1090 4794 1144 4846 in
1163 4802 1449 4847 aeternum.
1481 4812 1499 4844 ι
1535 4792 1638 4857 Τιι,
1669 4794 1864 4863 inquit,
1893 4807 2056 4862 quem

486 4902 655 4957 regem
704 4886 1005 4950 nominavi,
1036 4900 1198 4955 quem
1230 4901 1325 4956 per
1353 4885 1765 4956 inscriptionem
1807 4888 2060 4942 dilectum

484 4978 769 5047 appellavi,
816 4976 1221 5045 pulchritudine
1249 4977 1470 5047 quidem
1503 4977 1782 5032 hominum
1811 4988 2060 5032 naturam

485 5083 737 5138 superas,
753 5085 808 5122 sa
818 5069 1031 5139 pientite
1048 5084 1174 5124 vero
1194 5068 1368 5125 fontes
1381 5086 1474 5139 per
1492 5071 1729 5139 linguam
1751 5070 2061 5141 profundis,

554 5182 584 5223 h
618 5181 723 5238 lsa.
755 5199 807 5247 v,
837 5182 888 5233 l.
987 5182 1002 5220 ί
1039 5179 1226 5236 Matth.
1266 5199 1344 5246 tu,
1382 5183 1463 5236 l7.

1570 5178 1583 5232 ι
1630 5183 1730 5237 lsa.
1771 5199 1936 5246 xxxv,
1976 5183 2025 5236 1.

2171 3352 2190 3384 ‹
2218 3333 2380 3402 Λέγω
2408 3332 2520 3401 ἐγὼ
2546 3335 2613 3386 τὰ
2645 3333 2781 3403 ἔργα
2824 3350 2929 3402 μου
2962 3332 3041 3402 τῷ
3074 3333 3301 3403 βασιλεῖ.
3340 3355 3358 3387 ι
3387 3338 3489 3389 Ὃν
3528 3339 3753 3406 eiram}.

2164 3424 2275 3477 τὸν
2296 3426 2329 3493 ἡ
2353 3422 2646 3495 προγραφὴ
2671 3421 2929 3492 κέκληκε,
2952 3421 3219 3487 βασιλέα
3238 3423 3394 3478 καλεί
3414 3424 3514 3479 τοῦ
3542 3425 3750 3497 ψαλμοῦ

2164 3517 2226 3570 τὸ
2255 3518 2543 3588 προοίμιον
2565 3532 2579 3548 ·
2623 3515 2761 3587 ἔργα
2790 3516 2847 3570 δὲ
2870 3518 2970 3583 τῆς
2996 3516 3344 3587 προφητείας
3372 3520 3401 3570 6
3428 3519 3645 3591 ἀληθὴς
3669 3519 3752 3573 λό-

2166 3625 2283 3678 γος,
2315 3611 2344 3661 6
2393 3609 2463 3661 τὰ
2518 3608 2754 3677 ἐσόμενα
2802 3606 3199 3679 προθεσπίζων.
3234 3609 3400 3678 Λέγει
3428 3611 3637 3677 τοίνυν,
3673 3613 3750 3666 ὅτι

2168 3701 2297 3770 περὶ
2326 3697 2490 3752 αὐτοῦ
2516 3699 2612 3751 τοῦ
2643 3697 2912 3767 βασιλέως
2941 3697 3205 3768 ποιοῦμαι
3232 3700 3362 3765 τοὺς
3391 3701 3616 3771 λόγουςο
3659 3704 3751 3758 καὶ

2165 3788 2433 3844 διδάσκων
2465 3789 2542 3852 ὡς
2567 3790 2668 3842 οὐκ
2697 3788 3079 3858 ἀνθρωπίνοις,
3114 3789 3250 3844 ἀλλὰ
3286 3789 3456 3855 θείοις
3482 3793 3749 3865 κέχρηται

2166 3881 2367 3950 λόγοις,
2398 3881 2710 3952 ὲπήγαγεν³
2746 3898 2765 3931 t
2788 3881 2850 3937 Ἠ
2877 3880 3098 3950 γλῶσσά
3146 3900 3247 3952 μου
3296 3883 3546 3955 κᾶλαμος
3573 3904 3750 3958 γραμ-

2170 3973 2386 4043 ματέως
2426 3970 2758 4041 ὀξυγράφου.
2788 3988 2807 4021 ι
2860 3970 3046 4033 Οὐδὲν,
3082 3971 3236 4042 φησὶ,
3266 3973 3468 4027 οἰκεῖον
3511 3975 3745 4043 φθέγγο-

2171 4080 2290 4134 μαι,
2318 4062 2439 4116 οὑδὲ
2460 4063 2559 4132 τῆς
2587 4063 2728 4134 ἐμῆς
2749 4063 2990 4126 διανοίας
3019 4062 3215 4126 ὠδῖνας
3238 4066 3541 4136 προσφέρω
3558 4067 3580 4097 ⁷
3598 4084 3612 4097 ·
3637 4068 3748 4120 ἑτέ-

2172 4173 2270 4225 ρας
2297 4157 2354 4210 δὲ
2387 4155 2659 4226 ὑπουργὸς
2688 4154 2970 4226 ἐνεργείας
3000 4157 3033 4221 ἡ
3054 4156 3290 4225 γλῶττα,
3319 4157 3416 4211 καὶ
3443 4157 3628 4226 αὖτη⁸
3650 4160 3745 4231 μὲν

2171 4250 2422 4320 μιμεῖται
2442 4248 2721 4317 κάλαμον·
2753 4248 2787 4318 ὴ
2823 4247 2880 4299 δὲ
2908 4246 3068 4317 χάρις
3095 4246 3190 4300 τοῦ
3223 4247 3550 4318 πνεύματος,
3570 4268 3746 4323 γραμ-

2170 4340 2346 4411 ματέα
2375 4338 2568 4409 ταχὺν,
2604 4336 2694 4391 διὰ
2720 4336 2927 4408 ταύτης
2956 4336 2991 4391 ἃ
3020 4338 3272 4408 βούλεται
3303 4341 3616 4409 γράφουσα.
3641 4341 3745 4395 Οὖ-

2166 4445 2274 4493 τως
2306 4429 2333 4481 6
2365 4427 2654 4500 προφήτης
2694 4426 2784 4479 τὸν
2828 4426 2896 4479 δι’
2919 4426 3085 4479 αὑτοῦ
3119 4427 3495 4497 φθεγγόμενον
3534 4431 3745 4484 ὑποδεί-

2095 4519 2139 4574 1)
2170 4522 2284 4586 ξας,
2321 4521 2546 4589 ἄρχεται
2575 4519 2674 4589 τῆς
2701 4519 3062 4590 προρρήσεως
3086 4519 3260 4583 οὕτως
3277 4521 3319 4551 ὀ

2241 4620 2307 4680 γ’.
2358 4632 2375 4663 ι
2398 4612 2612 4682 Ὥραῖος
2642 4611 2828 4664 κάλλει
2863 4610 3012 4681 παρὰ
3046 4612 3172 4673 τοὺς
3206 4613 3355 4676 υἱοὺς
3402 4614 3513 4666 τῶν
3538 4614 3746 4686 ἀνθρώ-

2172 4723 2288 4758 πων
2309 4722 2323 4735 ο
2357 4703 2586 4774 ἐξεχύθη
2621 4703 2839 4772 χάρις¹⁰
2871 4704 2928 4754 ὲν
2967 4702 3169 4773 χείλεσί
3197 4721 3313 4770 σου,
3338 4704 3428 4758 διὰ
3458 4706 3618 4760 τοῦτο
3646 4707 3744 4776 ηὐ-

2168 4797 2425 4867 λόγησέίι
2463 4813 2524 4848 σε
2568 4799 2595 4848 6
2643 4794 2775 4857 Θεὸς
2808 4797 2887 4858 είς
2918 4796 3008 4847 τὸν
3037 4796 3232 4849 αἰῶνα.
3261 4815 3282 4847 δ
3338 4798 3430 4861 Σὺ,
3463 4801 3649 4869 φησὶν,
3688 4799 3744 4851 ὃν

2167 4889 2427 4959 ὼνόμασα
2451 4886 2737 4951 βασιλέα,
2755 4886 2814 4939 ὃν
2838 4886 2926 4939 διὰ
2958 4886 3056 4955 τῆς
3086 4888 3412 4958 προγραφῆς
3440 4888 3746 4958 ἀγαπητὸν

2173 4979 2616 5050 προσηγόρευσα,
2648 4977 2835 5031 κάλλει
2866 4978 2963 5048 μὲν
2989 4979 3147 5047 νικᾷς
3176 4978 3285 5030 τῶν
3316 4979 3623 5050 ἀνθρώπων
3650 4982 3744 5048 τὴν

2172 5071 2353 5140 φύσιν,
2390 5070 2580 5139 σοφίας
2604 5069 2662 5123 δὲ
2694 5070 2949 5140 προχέεις
2987 5068 3074 5122 διὰ
3101 5070 3198 5138 τῆς
3247 5070 3503 5141 γλώσσης
3545 5072 3743 5141 πηγάς.

1574 5294 1807 5352 νΑιὶΙΑΞ
1845 5290 2228 5348 LECTIONES
2295 5287 2381 5343 ET
2416 5285 2651 5344 ΝυΤιΕ.

549 5413 600 5447 ⁸³
638 5410 812 5484 ﬁdem
842 5412 967 5484 cod.
1010 5414 1033 5467 1
1079 5413 1301 5484 Κύριος.

1377 5416 1423 5446 ⁸⁸
1457 5412 1566 5466 Τοῦ
1610 5411 1780 5467 Θεοῦ.
1841 5410 1901 5464 ln
1953 5408 2077 5465 cod.
2129 5409 2165 5463 2

489 5485 537 5517 ³⁸
560 5483 682 5553 θοὰ.
710 5483 759 5545 1,
786 5482 821 5536 9.,
852 5483 1139 5553 εύδόκησα.
1168 5478 1180 5484 ’
1215 5484 1260 5516 θ’
1287 5487 1731 5553 Βαατίσματος.
1758 5481 1882 5553 eod.
1974 5478 2306 5553 πνεύματος.

2207 5410 2428 5479 ponitur
2480 5414 2603 5479 post
2648 5405 2819 5479 _1_‘i6v.
2895 5402 2944 5438 "
2968 5403 3186 5479 Φησίν.
3248 5404 3416 5479 obest
3470 5421 3498 5459 a
3543 5407 3737 5479 comi.

2380 5480 2429 5512 ’⁸
2464 5478 2609 5543 Τοὺς
2635 5476 2789 5529 δὲ-
2810 5477 3216 5545 καρποφόρον.
3251 5474 3375 5528 Des.
3409 5479 3550 5545 aputl
3579 5477 3735 5529 (Iord.

490 5568 545 5619 ι).
577 5552 702 5608 824.
746 5543 819 5585 6”
852 5553 959 5608 Καὶ
980 5557 1011 5608 ό
1034 5543 1380 5608 ὃεοδοτίων.
1410 5552 1483 5606 De
1514 5543 1892 5605 Theodotione
1923 5552 2025 5603 hoc

2201 5549 2336 5619 satis
2360 5558 2569 5619 certum
2594 5557 2724 5619 est.4
2778 5547 2794 5577 ί
2828 5546 3018 5619 ίἈνᾷη
3049 5543 3117 5597 δὲ
3141 5544 3236 5597 καὶ
3281 5543 3503 5619 κρίναι.⁸
3525 5545 3563 5597 υ
3598 5564 3645 5619 ε.
3690 5547 3736 5597 in

487 5622 611 5676 cod.
637 5621 691 5677 2.
765 5627 787 5659 ⁸
814 5624 932 5679 cod.
965 5623 1000 5677 2

1031 5623 1279 5694 βλαστὸν.

1357 5625 1378 5653 ³
1399 5624 1520 5676 cod.
1551 5621 1587 5673 2
1619 5621 1831 5674 τούτου.
1909 5619 1932 5650 ³
1958 5623 2056 5673 rod

2174 5616 2626 5671 ὑποδεικνύουσα.
2704 5617 2725 5647 ⁸
2753 5616 3204 5670 Λλλοιώσαντα.
3233 5617 3355 5668 (ευιΙ.
3391 5615 3443 5679 1,
3478 5616 3512 5668 ‘2
3542 5618 3740 5669 :ttldttut

493 5690 837 5765 ξῆν-ἔρημον,
869 5684 1042 5761 ηυιιιιῖ
1071 5694 1357 5747 lectionem
1382 5690 1577 5765 carata
1608 5691 1869 5765 habuisse
1891 5690 2058 5765 vidett

2208 5689 2228 5721 ⁸
2256 5688 2377 5742 cod.
2400 5688 2429 5765 _l
2469 5686 2787 5765 appulsam:
2857 5685 3036 5765 lead.
3078 5684 3096 5735 1
3134 5685 3413 5754 προφέρω.
3491 5688 3513 5719 ⁸
3541 5689 3659 5741 cod.
3693 5684 3736 5746 l,

494 5758 730 5835 θαύτήῖ
780 5766 801 5798 ⁸
838 5758 1056 5827 Οὕτως.
1085 5766 1250 5817 Abest
1279 5777 1308 5817 a
1338 5761 1458 5817 cod.
1490 5762 1547 5815 2.
1626 5760 1669 5790 ¹⁹
1706 5759 1906 5826 Χάρις.
1943 5760 2058 5812 cod.

2168 5772 2353 5827 prmm.
2390 5759 2444 5827 ἡ.

2525 5759 2567 5787 ¹¹
2604 5754 2727 5811 cod.
2757 5756 2792 5807 2
2818 5754 3105 5827 εύλόγησε.
