3870 6318
132 374 281 437 ιιει)

1487 371 1568 432 IN
1604 372 1804 433 PSAL.
1841 371 2042 432 XLIV.

3254 379 3393 447 1190

134 484 236 539 κσὶ
276 480 450 540 ταῦτα
494 483 555 535 οὐ
602 483 933 555 πρόσκαιρα,
960 485 1075 538 ἀλλ’
1109 486 1304 539 αἰώνια
1334 486 1496 556 ἔχεις.
1516 489 1712 541 ’ἰστέον

1818 496 1867 540 et
1892 489 2004 542 haec
2027 507 2132 545 non
2155 502 2499 562 teinporanea
2522 495 2617 550 tibi
2634 505 2782 561 sunt,
2808 494 2903 551 sed
2923 495 3181 567 perennia
3198 496 3391 552 habes.

130 574 212 639 δὲ,
256 574 399 627 ὅτιη
430 573 491 627 οὐ
525 572 592 625 τά
616 573 757 639 θεῖα,
790 573 926 627 ἀλλὰ
957 574 1024 627 τὰ
1053 574 1364 646 ἀνθρώπεια
1388 576 1481 629 τοῦ
1516 577 1714 629 Δεσπό-

133 679 231 715 του
260 663 501 730 Χριστοῦ
538 664 565 714 ὁ
607 663 943 734 προφητικὺς
965 664 1010 695 ⁸³
1051 665 1402 736 παρεδήλωσε
1436 666 1624 733 λόγος·
1657 666 1717 719 οὐ

132 751 247 821 γὰρ
281 752 346 804 ἂν
364 750 409 783 ¹⁸
440 751 750 821 ἀνθρώποις
775 752 864 805 τὸν
890 752 1022 805 Θεὸν
1056 753 1213 821 λόγον
1242 754 1543 807 ἀπείκασεν
1560 797 1574 820 ,
1600 755 1720 807 οὐδ’

132 844 205 896 ἂν
244 842 437 896 τοῦτον
483 843 585 913 ἔφη
630 845 783 914 παρὰ
811 843 948 897 Θεοῦ
982 845 1227 916 δεδέχθαι
1248 846 1291 878 ¹⁸
1320 847 1420 917 τὴν
1444 845 1716 915 εὐλογίαν.

130 926 308 994 Οὗτος
356 933 466 1003 γὰρ
518 933 752 997 ἄϐυσσος
800 934 1021 1002 ἀγαθῶν
1049 935 1305 1002 εὐλογίαν
1349 938 1460 999 τοῖς
1507 938 1720 999 πιστοῖς

127 1024 538 1088 ἀναϐλύζουσα.
573 1025 653 1077 Τὰ
673 1026 719 1056 ³⁸
746 1024 1065 1096 ἀνθρώπεια
1095 1027 1273 1080 τοίνυν
1301 1026 1388 1079 διὰ
1416 1026 1583 1079 τῶνδε
1612 1026 1719 1079 τῶν

131 1118 318 1187 λόγων
365 1118 458 1171 τοῦ
502 1118 775 1171 Δεσπότου
807 1118 1046 1190 Χριστοῦ
1094 1121 1479 1190 προεθέσπισε.
1512 1120 1721 1192 Μηδεὶς

130 1210 192 1264 δὲ
218 1210 484 1281 ἀντικρὺς
510 1210 732 1264 ἐναντία
759 1211 880 1275 τοὺς
907 1212 1195 1283 προφήτας
1222 1212 1474 1284 ἀλλήλοις
1503 1213 1719 1284 εἰρηκέ-

131 1318 226 1357 ναι
256 1300 483 1368 λεγέτω,
499 1301 719 1355 Ἠσαίου
749 1301 965 1356 ἀκούων
998 1304 1261 1373 βοῶντος⁶
1300 1322 1320 1356 ι
1348 1305 1575 1376 Εῐδομεν
1618 1305 1719 1361 αὖ·

127 1391 250 1455 τὸν,
279 1393 377 1446 καὶ
408 1394 509 1447 οὐκ
546 1389 692 1464 εἶχεν
721 1389 881 1459 εῑδος,
910 1394 1034 1448 οὑδέ
1068 1394 1283 1459 κάλλος,
1310 1395 1445 1450 ἀλλὰ
1488 1400 1548 1450 τὸ
1581 1393 1720 1461 εἶδος

129 1482 305 1536 αὐτοῦ
335 1483 552 1553 ἄτιμον,
587 1484 837 1539 ἐκλεῖπον
859 1486 1012 1555 παρὰ
1040 1487 1167 1548 τοὺς
1194 1488 1346 1551 υἱοὺς
1370 1487 1479 1540 τῶν
1506 1487 1719 1559 ἀνθρώ-

129 1589 276 1624 πων.
313 1590 332 1623 ι
371 1573 591 1627 Ἐκεῖνα
637 1573 746 1644 γὰρ
793 1574 883 1627 τὸν
912 1575 1146 1646 σταυρὸν
1176 1575 1271 1628 καὶ
1295 1575 1356 1629 τὸ
1385 1576 1556 1639 πάθος
1584 1594 1719 1647 προ-

128 1666 431 1734 αναφωνεῖ,
459 1664 495 1719 ἃ
526 1666 812 1737 παροινίας
838 1669 932 1720 καὶ
960 1665 1174 1737 ὕϐρεώς
1201 1668 1317 1720 ἐστι
1342 1668 1383 1697 ¹⁷
1414 1666 1606 1737 μεστά.
1626 1667 1720 1720 Διὸ

124 1755 197 1827 δὴ
224 1756 318 1809 καὶ
347 1757 626 1826 ἐπήγαγεν
655 1758 684 1810 ὁ
714 1758 1001 1828 προφήτης
1019 1774 1030 1787 ’
1072 1757 1425 1830 «Ἀνθρωπος
1452 1759 1509 1810 ἐν
1536 1758 1716 1830 πληγῇ

1825 579 2115 636 Sciendum
2151 595 2233 639 est
2284 596 2462 641 autem
2515 588 2894 659 propheticum
2930 602 3239 643 sermonem
3283 603 3393 642 non

1821 675 2003 730 divina
2050 678 2142 731 sed
2188 680 2426 734 humana
2467 680 2677 735 Domini
2703 681 2905 736 Christi
2930 683 3388 737 demonstrasse:

1820 782 1926 819 non
1949 767 2095 821 enim
2124 769 2438 827 hominibus
2463 770 2628 828 Deum
2652 772 2892 827 Verbum
2913 775 3272 843 comparavit,
3295 787 3393 827 ne-

1819 874 1924 927 que
1962 860 2110 914 hunc
2134 877 2159 912 ο
2191 860 2297 915 Deo
2324 864 2754 919 benedictionem
2783 866 3065 934 accepisse
3098 864 3259 919 dixit.
3292 861 3394 919 Hic

1818 952 1963 1005 enim
1990 952 2223 1024 abyssus
2253 956 2520 1009 bonorum
2552 949 2658 1021 est,
2682 958 3118 1012 benedictionem
3143 956 3393 1012 fidelibus

1818 1043 2126 1100 effundens.
2161 1044 2408 1101 Humana
2442 1047 2603 1116 igitur
2625 1048 2829 1102 Christi
2861 1048 3075 1103 Domini
3098 1050 3181 1104 his
3211 1050 3395 1104 verbis

1820 1137 2090 1205 praedixit.
2126 1136 2395 1193 Cal-terum
2430 1153 2592 1193 nemo
2626 1140 2933 1209 suspicetur
2968 1143 3265 1210 prophetas
3287 1141 3394 1197 sibi

1818 1228 2051 1283 invicem
2094 1230 2511 1297 contradixisse,
2564 1230 2758 1287 Isaiam
2802 1232 3031 1287 audiens
3080 1234 3396 1288 exclaman-

1818 1321 1978 1375 tem'k
2013 1340 2026 1377 :
2057 1341 2076 1374 ι
2119 1322 2368 1379 Vidimus
2399 1325 2600 1394 ipsum,
2636 1333 2689 1379 et
2715 1339 2823 1379 non
2860 1324 3098 1380 habebat
3132 1326 3393 1394 speciem,

1819 1429 1995 1483 neque
2036 1415 2495 1483 pulchritudinem
2534 1435 2548 1471 :
2591 1417 2684 1472 sed
2718 1417 2928 1486 Species
2957 1416 3077 1487 ejus
3115 1416 3393 1486 despecta,
3475 1467 3490 1475 .

1817 1505 2056 1578 deterior
2113 1507 2238 1562 filiis
2291 1508 2600 1563 hominum.
2639 1527 2658 1561 ι
2724 1507 2817 1564 Illa
2873 1510 3019 1564 enim
3074 1524 3291 1565 crucem
3340 1517 3399 1564 et

1813 1598 2093 1653 cruciatus
2130 1601 2450 1668 praedicunt,
2502 1615 2625 1670 quae
2647 1601 2907 1655 violentia
2963 1610 3012 1655 et
3038 1600 3396 1656 contumeliis

1818 1687 2015 1742 referta
2070 1698 2214 1742 sunt.
2264 1688 2421 1745 Unde
2477 1690 2761 1760 subjunxit
2807 1691 3116 1760 propheta:
3159 1708 3180 1741 ι
3219 1688 3395 1746 Homo

1820 1793 2133 1849 percussus,
2189 1790 2243 1835 et
2281 1782 2459 1837 sciens
2497 1783 2639 1837 ferre
2670 1782 3064 1846 inﬁrmitatem,
3105 1783 3394 1853 despectus

121 1845 229 1913 ὢν,
261 1846 357 1899 καὶ
403 1846 560 1911 εἰδὼς
606 1847 796 1920 φέρειν
838 1849 1134 1920 μαλακίαν,
1165 1829 1466 1921 ἠτιμάσθη,
1492 1850 1586 1903 καὶ
1614 1829 1715 1903 οὐκ

1823 1829 2133 1849 ,ηπ-πη-.
2195 1829 2243 1835 -ν
2281 1829 2458 1837 ww-
2498 1829 2638 1837 ----ν
2670 1829 3064 1846 ----ν
3107 1829 3391 1853 "qn-m-

1818 1874 1922 1935 est,
1954 1881 2004 1924 et
2036 1876 2142 1925 non
2180 1883 2461 1942 reputatus
2493 1884 2595 1935 est,
2640 1893 2658 1924 ι
2694 1884 2747 1928 et
2775 1875 2879 1929 alia
2913 1889 3034 1945 quae
3067 1882 3391 1944 sequuntur,

122 1936 409 2008 ἐλογίσθη,
438 1955 458 1988 ι
498 1939 594 1994 καὶ
633 1939 704 1994 τά
734 1940 873 1994 ἄλλα
911 1940 1059 2010 ἑξῆς,
1092 1939 1160 1994 τὰ
1185 1941 1246 1995 τὸ
1274 1941 1445 2004 πάθος
1485 1942 1717 2012 μηνύον-

121 2045 219 2083 τα.
237 2029 299 2082 Ὀ
322 2028 379 2082 δέ
403 2028 620 2102 ψαλμδς
647 2031 844 2095 κάλλος
885 2031 1053 2086 αὑτοῦ
1080 2033 1270 2096 καλεῖ,
1307 2032 1368 2086 οὗ
1396 2032 1459 2084 τὸ
1482 2032 1577 2107 τοῦ
1611 2030 1716 2085 σώ-

126 2138 328 2191 ματος,
357 2120 494 2175 ἀλλὰ
535 2123 634 2193 τῆς
672 2125 875 2195 ἀρετῆς
903 2126 999 2178 καὶ
1040 2125 1224 2194 πάσης
1256 2123 1624 2195 δικαιοσύνης,
1654 2123 1717 2178 τὸ

122 2212 409 2284 ἁμαρτίας
456 2214 518 2268 οὐ
568 2214 859 2287 δεξάμενον
908 2217 1117 2284 σπῖλον,
1159 2217 1219 2269 τὸ
1266 2216 1447 2286 πάσης
1499 2215 1716 2286 κηλίδος

127 2303 452 2374 ἐλεύθερον.

309 2424 370 2471 ε’.
432 2436 451 2468 ι
508 2416 816 2487 Περίζωσαι
870 2418 970 2487 τὴν
1020 2419 1299 2489 ρομφαίαν
1333 2437 1428 2473 σου
1484 2422 1576 2474 ἐπὶ
1622 2421 1715 2475 τὸν

128 2509 315 2580 μηρόν
369 2526 489 2573 σου,
549 2508 766 2564 δυνατέ.
808 2509 886 2579 Τῇ
919 2510 962 2541 ⁸⁸
999 2510 1297 2581 ὡραιότητί
1357 2527 1451 2564 σου
1503 2512 1600 2565 καὶ
1638 2513 1717 2583 τῷ

125 2601 323 2654 κάλλει
348 2617 463 2661 σου,
491 2599 588 2653 καὶ
614 2598 849 2653 ἐντεινον
870 2601 934 2663 ι’,
954 2602 1045 2653 καὶ
1080 2602 1402 2666 κατευοδοῦ,
1431 2604 1527 2657 καὶ
1564 2604 1716 2673 βασί-

124 2695 281 2744 λευε.
331 2710 352 2743 ι
387 2691 498 2762 Τὴν
533 2690 683 2762 ὥραν
710 2690 1019 2761 διαγράψας
1064 2693 1162 2744 καὶ
1193 2693 1290 2763 τὴν
1327 2695 1542 2763 σοφίαν,
1580 2695 1715 2749 ὑποο

123 2781 378 2834 δείκνυσι
431 2781 528 2833 καὶ
563 2780 661 2850 τὴν
722 2779 957 2850 δύναμιν
1012 2781 1107 2833 καὶ
1152 2781 1253 2851 τὴν
1305 2784 1633 2851 πανοπλίαν,

127 2873 485 2943 χρησάμενος
508 2873 637 2935 τοὺς
678 2872 958 2935 ἐναντίους
994 2874 1285 2928 κατέλυσε.
1322 2877 1433 2928 Καὶ
1482 2877 1544 2929 τὸ
1581 2879 1717 2931 πάν-

123 2981 242 3018 των
264 2965 415 3035 ἡμᾶς
446 2962 891 3031 παραδοξότατον
929 2966 1166 3036 πρᾶγμα
1224 2966 1491 3020 διδάσκει.
1538 2968 1716 3036 Αὐτὴν

1815 1978 1934 2028 qme
1981 1965 2291 2031 passionem
2335 1965 2597 2019 iudicant.
2635 1965 2885 2021 Psalmus
2913 1975 3094 2020 autem
3128 1964 3247 2035 ejus
3274 1964 3395 2035 pul-

1817 2053 2179 2109 chritudincm
2239 2066 2415 2125 vocat,
2462 2073 2568 2112 non
2611 2061 2880 2128 corporis,
2914 2059 3007 2113 sed
3049 2059 3288 2126 virtutis,
3340 2068 3396 2115 et

1819 2146 1984 2199 totius
2010 2146 2254 2214 justitiae.
2288 2164 2410 2217 qua:
2438 2166 2542 2202 non
2576 2150 2796 2206 admisit
2828 2151 3003 2205 labem
3034 2152 3265 2221 peccati,
3298 2150 3395 2206 sed

1818 2235 1913 2290 fuit
1964 2240 2143 2294 (natiiis
2178 2242 2402 2295 macula:
2438 2257 2653 2310 expers.

1891 2417 2060 2487 889
2095 2418 2258 2474 Vens.
2292 2420 2347 2484 4,
2391 2421 2443 2475 5.
2481 2440 2499 2473 ι
2546 2422 2785 2489 Accinge
2822 2422 3071 2491 tcgladio
3102 2432 3197 2477 luo
3227 2437 3395 2494 super

1818 2508 1997 2563 femur
2029 2522 2204 2571 tuum,
2236 2512 2634 2579 potentissime.
2679 2513 2873 2582 Specie
2900 2522 2993 2567 tua
3032 2524 3087 2569 et
3149 2514 3393 2583 pulchri-

1816 2602 2006 2655 tudine
2042 2611 2131 2655 tua
2166 2603 2417 2668 intende,
2467 2620 2727 2673 prospere
2760 2606 3015 2675 procede,
3050 2614 3105 2660 et
3146 2621 3330 2676 regna.
3366 2622 3386 2656 ι

1819 2688 2101 2759 Descripta
2136 2693 2315 2761 specie
2341 2702 2395 2746 et
2427 2694 2717 2763 sapientia.
2750 2695 2986 2749 ostendit
3010 2704 3063 2749 et
3092 2697 3392 2765 potentiam

1818 2790 1869 2835 et
1911 2797 2083 2844 arma,
2111 2784 2312 2852 quibus
2344 2800 2479 2840 usus
2516 2785 2863 2841 adversarios
2924 2785 3252 2856 proﬂigavit,
3296 2786 3398 2841 do-

1816 2878 2012 2938 cetque
2044 2886 2142 2925 nos
2170 2887 2281 2925 rem
2314 2873 2557 2927 omnium
2592 2874 2831 2928 maxime
2861 2874 3270 2931 admirabilem.
3305 2875 3397 2948 lp-

1818 2976 1932 3015 sam
1966 2962 2109 3014 enim
2160 2962 2280 3031 ejus
2315 2963 2578 3031 speciem,
2610 2971 2660 3017 et
2691 2978 2843 3016 arma
2873 2979 2998 3018 esse
3028 2964 3185 3028 dicit,
3217 2973 3271 3020 et
3301 2979 3395 3036 po-
3486 2956 3495 2962 ”

124 3053 245 3126 γὰρ
301 3053 467 3108 αὑτοῦ
521 3054 621 3125 τὴν
672 3053 843 3123 ῶραν,
882 3056 979 3108 καὶ
1031 3055 1341 3109 πανοπλίαν
1395 3056 1566 3125 λέγει,
1619 3059 1715 3111 καὶ

1820 3053 2066 3107 tentiam.
2090 3053 2224 3109 Nam
2251 3076 2269 3107 ι
2293 3056 2529 3126 Accinge
2558 3066 2628 3122 te,
2655 3056 2856 3128 inquit,
2880 3057 3058 3128 gladio
3094 3067 3189 3113 tuo
3227 3072 3399 3128 super

122 3146 386 3216 δύναμιν.
424 3165 442 3197 ι
475 3144 787 3216 Περίζωσαι
820 3163 840 3196 ι
880 3146 1010 3215 γάρ,
1057 3164 1074 3198 ι
1107 3145 1263 3216 φησὶ,
1300 3145 1397 3218 τὴν
1440 3149 1715 3219 ῥομφαίαν

1824 3147 1999 3201 femur
2027 3157 2174 3202 tuiun
2195 3189 2209 3213 ,
2241 3152 2651 3218 potentissime:
2687 3152 2868 3223 specie
2902 3164 2991 3206 tua
3016 3160 3069 3206 et
3098 3150 3395 3220 pulchritu-

125 3258 232 3295 σου
256 3240 352 3292 ἐπὶ
378 3240 473 3293 τὸν
501 3239 677 3311 μηρόν
706 3257 823 3302 σου,
849 3240 1061 3304 δυνατὲ,
1085 3242 1153 3311 τῇ
1181 3241 1477 3312 ὡραιότητί
1504 3259 1594 3295 σου
1626 3243 1715 3296 καὶ

1820 3240 1946 3294 dine
1977 3250 2089 3294 tua.
2131 3259 2149 3291 ι
2191 3240 2253 3294 Ει
2289 3256 2411 3295 cum
2465 3241 2694 3296 dixisset
2736 3261 2749 3296 :
2794 3262 2812 3292 ι
2852 3240 3101 3301 Intende,
3134 3256 3397 3310 prospere

121 3333 209 3403 τῷ
243 3333 435 3387 κάλλει
463 3350 578 3387 σου.
605 3351 623 3383 ι
650 3333 761 3385 Καὶ
792 3331 1051 3404 εἰρηκὼς,
1076 3327 1429 3397 ι’Ἕντεινον,
1463 3336 1558 3389 καὶ
1583 3353 1715 3389 κατ-

1819 3333 2073 3399 procede,
2106 3342 2158 3385 et
2184 3348 2371 3400 regna,
2393 3351 2412 3383 ι
2443 3334 2625 3387 statim
2649 3334 2934 3399 subiunxit
2958 3352 2972 3388 :
3002 3350 3021 3383 ι
3048 3331 3276 3401 PrOpter
3297 3347 3393 3385 ve-

121 3420 344 3483 ευοδοῦ,
377 3422 473 3475 καὶ
497 3421 778 3493 βασίλευε,
819 3442 837 3475 ι
878 3423 1042 3485 εὐθὺς
1068 3423 1350 3495 ἐπήγαγεν
1379 3442 1393 3458 ο
1433 3444 1451 3477 ι
1487 3425 1715 3482 Ἕνεκεν

1818 3421 2060 3483 ritatem.
2098 3422 2580 3477 mansuetudinem
2612 3434 2664 3477 et
2691 3424 2989 3493 justitiam.
3028 3441 3047 3474 ι
3104 3420 3393 3477 Manifesta

120 3515 416 3587 ἀληθείας,
448 3516 545 3569 καὶ
574 3514 885 3585 πραότητος
911 3515 978 3578 ³ο,
1006 3515 1100 3567 καὶ
1125 3514 1498 3589 δικαιοσύνης.
1540 3537 1559 3570 ι
1615 3518 1717 3571 Σα-

120 3608 248 3677 φῶς
282 3607 370 3661 διὰ
422 3605 631 3660 τούτων
681 3606 974 3672 διδάσκων,
1014 3609 1092 3673 ὡς
1144 3611 1178 3680 ή
1216 3610 1469 3681 ἀλήθεια,
1530 3614 1627 3668 καὶ
1678 3616 1711 3686 ή

119 3700 401 3772 πραότης,
439 3698 591 3769 καλή
649 3698 991 3768 δικαιοσύνη.
1034 3700 1130 3754 καὶ
1159 3701 1357 3765 κάλλος
1409 3703 1577 3757 αὐτοῦ
1618 3706 1715 3758 καὶ

121 3792 364 3860 δύναμις
391 3792 487 3844 καὶ
534 3791 806 3844 πανοπλία
849 3791 966 3844 ἐστὶ
994 3792 1061 3857 “,
1109 3794 1202 3847 καὶ
1255 3794 1407 3865 νίκη.
1460 3796 1617 3849 Ἐστι
1654 3796 1713 3849 δέ

120 3884 366 3940 ἀκοῦσαι
416 3884 586 3939 αὑτοῦ
616 3885 662 3915 ¹²
692 3885 788 3937 τοῦ
834 3884 1048 3956 Κυρίου
1108 3885 1386 3954 λέγοντος,
1425 3906 1444 3938 ι
1488 3887 1711 3942 Μάθετε

122 3976 226 4029 ἀπ’
253 3974 520 4046 ἐμοῧ,ὃτι
553 3976 731 4047 πρᾶός
769 3977 910 4047 είμι,
948 3978 1043 4030 καὶ
1086 3978 1342 4043 ταπεινὸς
1379 3981 1445 4050 τῇ
1490 3980 1709 4050 καρδίᾳ,

124 4068 225 4122 καὶ
272 4068 537 4139 εὑρήσετε
567 4068 879 4122 ἀνάπαυσιν
911 4071 1034 4132 ταῖς
1085 4071 1288 4139 ψυχαῖς
1330 4070 1507 4139 ὑμῶν.
1544 4089 1562 4122 ι
1598 4071 1711 4125 Kal.

125 4161 298 4214 πάλιν
328 4160 395 4223 ⁵³,
436 4182 454 4213 ι
503 4159 646 4229 Ἐγώ
671 4162 789 4232 εἰμι
820 4162 852 4232 ἡ
883 4161 1023 4224 ὁδὸς,
1066 4163 1216 4231 καὶὴ
1250 4162 1497 4232 ἀλήθεια,
1538 4164 1633 4216 καὶ
1674 4165 1706 4234 ή

123 4250 270 4322 ζωή.
305 4271 324 4304 ι
358 4252 469 4305 Καὶ
488 4252 623 4324 πρὸς
650 4252 742 4305 τὸν
761 4252 1052 4305 θεσπέσιον
1078 4253 1124 4284 ⁸⁸
1163 4252 1417 4322 Ἰωάννην
1437 4270 1451 4282 ·
1494 4273 1513 4305 ι
1539 4256 1711 4323 ’Ἄφες

123 4345 280 4416 ἄρτι,
314 4342 459 4397 οὕτω
487 4343 597 4416 γὰρ
622 4345 834 4415 πρέπον
858 4346 992 4414 ἡμῖν
1041 4345 1159 4399 ἐστι
1204 4345 1495 4415 πληρῶσαι
1526 4348 1709 4400 πᾶσαν

122 4434 503 4506 δικαιοσύνην.
541 4452 560 4485 ι
602 4436 713 4487 Καὶ
743 4433 833 4487 διὰ
873 4434 1081 4487 τούτων
1123 4435 1218 4488 τοῦ
1256 4435 1558 4505 ἀλάστορος
1608 4436 1709 4507 τὴν

124 4525 428 4595 τυραννίδα
482 4524 773 4589 κατέλυσε,
823 4527 917 4579 καὶ
976 4526 1070 4578 τὸν
1111 4527 1343 4580 θάνατον
1388 4527 1567 4591 ἔλυσε,
1615 4531 1710 4581 καὶ¹

123 4614 245 4677 τοῖς
271 4618 665 4668 πεπιστευκόσι
690 4615 935 4687 παρέσχε
967 4613 1066 4685 τὴν
1115 4618 1414 4687 σωτηρίαν.
1455 4634 1478 4669 α
1520 4618 1632 4672 Καὶ
1656 4619 1703 4652 ’⁸

1816 3527 1913 3582 per
1941 3514 2055 3567 haec
2078 3513 2302 3579 docens,
2337 3515 2622 3567 veritatem
2684 3526 2736 3568 et
2773 3514 3279 3573 mansuetudinem,
3338 3519 3395 3567 et

1812 3602 2081 3672 justitiam
2129 3602 2249 3671 ejus
2305 3617 2428 3656 esse
2475 3602 2957 3671 pulchritudinem,
2989 3599 3392 3670 etpotemiam,

1815 3707 1870 3751 et
1913 3711 2090 3759 arma,
2129 3704 2183 3749 et
2229 3693 2541 3748 victoriam.
2575 3691 2725 3746 Licet
2762 3704 2943 3746 autem
2985 3690 3164 3761 ipsum
3202 3688 3394 3745 Domi-

1814 3803 1946 3841 num
2006 3785 2200 3841 audire
2228 3786 2500 3840 dicentem
2529 3803 2542 3837 :
2584 3802 2601 3834 ι
2638 3783 2840 3837 Discite
2869 3797 2901 3837 a
2933 3796 3042 3847 me,
3081 3784 3099 3802 '
3127 3780 3391 3849 quoniam

1814 3880 1962 3934 mitis
2011 3894 2157 3944 sum,
2182 3887 2236 3932 et
2265 3877 2489 3931 humilis
2519 3876 2703 3939 corde,
2736 3883 2793 3929 et
2819 3873 3111 3928 invenietis
3145 3873 3392 3943 requiem

1814 3972 2099 4028 animabus
2158 3971 2352 4025 vestris
2388 3968 2429 4022 ι.
2461 3988 2480 4021 ι
2518 3967 2586 4023 Ει
2645 3983 2881 4024 rursus:
2924 3985 2945 4020 ι
2993 3967 3104 4039 Ego
3129 3982 3249 4022 sum
3276 3966 3391 4033 via,

1815 4064 2080 4119 veritaset
2110 4061 2217 4115 vita
2247 4070 2309 4114 ι’.
2350 4079 2367 4111 ι
2413 4059 2557 4115 Etad
2591 4059 2836 4115 divinum
2862 4056 3166 4114 Joannem:
3204 4077 3224 4111 ι
3260 4056 3394 4113 Sino

1815 4175 1956 4215 nunc
1981 4201 1996 4227 ,
2030 4160 2109 4215 sic
2139 4161 2283 4213 enim
2311 4157 2565 4212 convenit
2598 4171 2699 4211 nos
2728 4156 2953 4225 implere
2981 4170 3196 4211 omnem
3222 4152 3391 4224 justi-

1812 4252 1942 4305 tiam
1966 4259 2016 4303 ιι.
2045 4270 2062 4301 ι
2096 4249 2197 4305 l’er
2217 4249 2332 4303 lucc.
2361 4257 2537 4303 autem
2564 4246 2828 4303 damonis
2865 4245 3205 4315 tyrannidem
3235 4258 3391 4299 ever-

1812 4343 1960 4407 tit,et
2006 4352 2238 4395 mortem
2270 4340 2539 4405 dissolvit,
2572 4347 2625 4394 et
2655 4337 3003 4393 credentibus
3023 4337 3250 4391 salutem
3277 4335 3390 4390 lar-

1817 4437 1962 4506 gitus
2008 4445 2113 4490 est.
2150 4453 2167 4485 ι
2209 4432 2278 4488 Et
2308 4434 2472 4488 ducet
2512 4441 2564 4486 te
2591 4430 2919 4485 mirabiliter
2948 4429 3170 4484 dextera
3201 4437 3315 4482 tua.
3362 4443 3385 4481 ι

1816 4528 2114 4597 Postquam
2130 4526 2276 4581 enim
2291 4525 2454 4595 gladii
2486 4523 2749 4587 meminit,
2761 4522 2884 4591 jure
2912 4521 3146 4575 dextera:
3162 4517 3390 4574 mentio-

1818 4636 1939 4673 nem
1970 4617 2116 4673 fecit.
2153 4617 2381 4672 Dextera
2412 4630 2541 4670 vero
2562 4615 2703 4686 ejus,
2732 4613 2954 4667 dextera
2979 4610 3235 4672 consilia,
3266 4608 3391 4679 qui-

123 4706 392 4778 ὁδηγήσει
421 4723 481 4759 σε
507 4705 844 4777 θαυμαστῶς
872 4707 905 4777 ἠ
939 4705 1087 4770 δεξιά
1128 4724 1244 4761 σου.
1288 4726 1307 4759 ι
1354 4708 1570 4780 Ἐπειδὴ
1604 4710 1711 4782 γὰρ

1819 4713 1921 4766 bus
1969 4726 2103 4765 usus
2144 4709 2312 4781 890
2361 4707 2569 4779 peccati
2623 4707 2904 4773 incursum
2954 4718 3063 4757 non
3129 4710 3215 4758 est
3260 4715 3393 4771 pas-

126 4795 415 4867 ῥομφαίας
489 4797 926 4869 ἐμνημόνευσεν,
982 4798 1298 4862 ἀκολούθως
1370 4800 1464 4852 καὶ
1527 4800 1711 4865 δεξιᾶς
1817 4819 1930 4857 SIIS.

125 4893 439 4961 ἐποιήσατο
500 4893 743 4964 μνήμην.
805 4893 981 4958 Δεξιὰ
1039 4894 1098 4947 δὲ
1146 4894 1347 4960 αὐτοῦ,
1408 4895 1475 4949 τὰ
1536 4894 1685 4963 δεξιὰ
1738 4897 2104 4969 βουλεύματα,
2153 4893 2237 4960 οἷς
2285 4895 2625 4967 κεχρημένος
2664 4893 2765 4963 τὴν
2818 4891 2919 4961 τῆς
2963 4889 3235 4962 ἁμαρτίας
3291 4885 3393 4941 οὐκ

123 4986 356 5054 ἐδέξατο
388 4989 712 5062 προσϐολήν.

210 5151 235 5188 ι
275 5149 383 5204 lsa.
420 5163 541 5213 Lm,
571 5152 627 5214 2,
660 5150 715 5204 5.
796 5148 816 5188 ι
851 5150 1040 5205 Matth.
1079 5168 1157 5215 ιι,
1192 5153 1283 5208 29.
1357 5161 1396 5190 ω
1423 5151 1583 5209 Joan.
1610 5169 1715 5220 xlv,

1889 5163 1915 5191 ι’
1950 5153 2144 5208 Matth.
2191 5167 2280 5215 ιιι,
2317 5149 2405 5203 15.

1251 5306 1482 5363 ΥΑΠΙΑΞ
1522 5307 1902 5365 LECTlONES
1944 5310 2029 5363 ET
2068 5310 2302 5367 NOTAE.

232 5422 279 5493 δ’
304 5422 463 5493 vita
485 5423 696 5493 930th}.
718 5423 755 5476 2
786 5423 920 5493 «bc;
962 5424 1006 5454 ’³
1036 5426 1430 5491 Προρητικός.
1469 5426 1593 5481 cod.
1631 5425 1667 5478 2
1705 5426 1715 5476 ἅ

1818 5428 2044 5489 τοτικός.
2124 5426 2169 5457 ¹⁸
2202 5428 2339 5479 'Ar.’
2357 5426 2524 5481 Abest
2564 5441 2591 5478 a
2641 5425 2761 5482 cod.
2804 5425 2853 5489 1,
2888 5424 2940 5478 2.
3020 5425 3064 5457 ¹¹
3096 5422 3394 5493 Δεδέχθιιι.

129 5489 262 5545 cod.
293 5492 326 5547 2
352 5491 410 5543 δὲ
445 5491 718 5565 δέχεσθαι.
797 5494 841 5524 ¹⁶
879 5491 982 5565 Id.
1018 5493 1141 5565 cod.
1163 5489 1212 5547 ⁷5
1240 5489 1400 5548 addit
1416 5496 1495 5549 δέ.
1578 5496 1620 5527 ¹⁷
1644 5497 1715 5548 ἘἽ

1818 5535 1829 5546 .
1866 5498 1986 5565 cod.
2025 5497 2077 5558 l,
2108 5495 2142 5548 2
2168 5496 2402 5565 ὑπῆρχε.
2491 5496 2535 5527 ’⁸
2562 5494 2645 5564 Τῇ
2667 5527 2735 5536 -
2764 5497 2977 5551 κάλλει
3010 5509 3147 5549 σου.
3184 5489 3307 5565 Ηώς
3333 5494 3401 5547 ad

133 5577 301 5635 prec.
340 5560 539 5635 versic.
577 5560 1147 5635 fuissentreferenda.
1228 5566 1270 5596 η
1301 5567 1421 5635 cod.
1460 5565 1494 5618 9
1523 5565 1715 5635 ἐντεινε

1824 5566 1867 5595 ²⁰
1892 5564 2020 5618 Rec.
2062 5566 2218 5617 lectio
2242 5560 2298 5617 ιίξ
2322 5560 2369 5617 Ῑ.
2390 5574 2487 5635 _est
2530 5560 2864 5635 πραΰτητος.
2941 5565 2983 5595 ’³
3020 5565 3208 5635 Ἐστι.
3236 5564 3404 5635 Abest

132 5631 165 5682 ἐι
191 5631 317 5710 cod.
352 5633 403 5695 1,
442 5632 494 5684 ‘2.
540 5633 631 5710 fi
653 5632 1028 5710 ᾼιῖτοῦι-εςιιί..
1058 5634 1077 5685 l
1111 5649 1295 5710 praim.
1323 5634 1437 5710 καί.
1516 5634 1700 5710 ’ξ-Κ-αὶ

1818 5638 1997 5710 λψσ-
2031 5633 2513 5710 manipltim-Des.
2558 5631 2699 5704 apud
2739 5631 2911 5691 Cord.
2937 5648 2990 5703 p.
3022 5633 3145 5688 846.
3189 5633 3272 5710 "1
3294 5634 3399 5710 Qe-

130 5698 427 5754 σπέσισν.
456 5699 635 5775 cod.2
656 5701 816 5775 θεῖον.
849 5702 1034 5775 ’ξ-Καὶ
1069 5698 1135 5742 -ὲ
1169 5703 1336 5768 δεξιά
1370 5721 1511 5759 σου.
1551 5704 1713 5761 Hebr.

1818 5704 1941 5757 πείνη
1973 5714 2019 5757 te
2059 5703 2317 5757 terribilia
2350 5704 2565 5757 dextera
2594 5698 2707 5773 ἱιια,
2736 5721 2896 5775 quem
2929 5698 3148 5760 sensum
3187 5701 3401 5757 felicius

128 5781 526 5840 expresserunt
562 5774 755 5839 Aquila
790 5782 842 5826 et
886 5772 1095 5842 Symm.
