3850 6320
104 306 253 375 1213

1478 315 1559 375 ΙΝ
1587 316 1787 377 PSAL.
1838 320 2069 381 XLVII.

3261 333 3392 400 1211

97 423 345 492 κόμενοι
372 421 627 492 λέγομεν,
673 420 721 474 ’ἱ
740 421 848 492 πὲρ
878 421 1040 489 άγίας
1082 423 1178 476 καὶ
1211 423 1376 494 μόνης
1413 425 1687 498 καθολικῆέ

1810 431 2064 496 dicimus,
2099 433 2202 488 Pro
2234 446 2424 493 sancta
2453 445 2509 493 et
2530 440 2689 495 unica
2714 441 2987 498 catholica
3016 450 3072 499 et
3093 445 3396 513 apostolica

94 519 211 567 καὶ
240 514 616 585 ἁποστολικῆς
657 515 986 585 Ἐκκλησίας
1012 515 1111 585 τῆς
1161 516 1270 568 ἀπὸ
1322 518 1575 588 περάτων
1601 519 1706 582 ἕως

94 608 376 676 περάτων
404 606 504 676 τῆς
536 606 886 677 οίκούμενης.
913 606 1177 677 Διῄρηται
1206 606 1263 659 δὲ
1295 608 1458 661 πάλιν
1492 606 1634 677 αὕτη
1658 610 1704 641 ⁸³

91 697 259 751 κατὰ
294 698 506 762 πόλεις,
532 698 627 752 καὶ
661 697 875 769 κώμας,
913 700 1009 752 καὶ
1055 699 1260 770 ἀγρούς
1281 716 1292 728 ⁸
1327 699 1395 763 ἃς
1436 699 1651 767 βάρεις
1677 703 1706 754 ό

93 792 461 862 προφητικὸς
503 792 917 862 προσηγόρευσε
966 793 1145 862 λόγος.
1178 794 1391 862 ’Ὥσπερ
1409 792 1455 824 ⁸⁸
1497 793 1704 863 ἑκάστη

90 882 271 945 πόλις
289 882 491 946 πολλάς
508 884 550 915 ⁸⁸
574 882 789 936 ἔνδοθεν
810 883 988 946 οἰκίας
1003 883 1117 953 ἔχει
1140 883 1502 953 διηρημένας,
1530 883 1626 952 μία
1646 884 1705 936 δὲ

93 974 263 1042 ὅμως
277 974 325 1005 ⁸⁸
349 972 677 1042 ὀνομάζεται
716 973 907 1036 πόλις·
948 972 1092 1026 οὕτω
1125 974 1317 1043 μυρίαι
1339 973 1433 1026 καὶ
1468 972 1703 1043 ἀριθμοῦ

93 1064 403 1135 κρείττους
440 1064 580 1116 εἰσὶν
611 1064 922 1133 ἐκκλησίαι,
944 1066 1037 1117 καὶ
1058 1066 1115 1116 ἐν
1132 1065 1336 1134 νήσοις,
1357 1065 1453 1117 καὶ
1473 1064 1530 1115 ὲν
1551 1065 1705 1132 ἠπεί-

92 1170 228 1225 ροις
248 1173 263 1187 ·
290 1156 375 1217 είς
406 1155 534 1223 μίαν
555 1154 613 1206 δὲ
634 1156 784 1224 κοινῇ
815 1155 986 1207 πᾶσαι
1010 1152 1223 1205 τελοῦσι
1254 1155 1320 1222 τῇ
1353 1153 1643 1222 συμφωνίᾳ
1659 1151 1705 1183 ⁸³

88 1246 219 1296 τῶν
241 1243 466 1313 ἀληθῶν
486 1243 762 1313 ἡνωμέναι
788 1242 1098 1312 δογμάτων.
1130 1242 1221 1296 Ἐν
1246 1241 1472 1303 ταύταις
1490 1241 1594 1309 ἔφη
1614 1240 1705 1293 τὸν

90 1335 218 1386 τῶν
246 1335 390 1388 ὅλων
428 1335 564 1388 Θεὸν
609 1334 1027 1402 ἐπιφαίνεσθαι,
1061 1333 1163 1403 τὴν
1214 1333 1426 1386 οἰκείαν
1474 1334 1703 1385 ἐπικου-

95 1424 234 1494 ρίαν
266 1426 533 1496 ὀρέγοντα
559 1442 574 1456 ο
606 1446 625 1477 ι
666 1426 726 1478 '0
743 1426 855 1497 γὰρ
873 1426 1006 1487 Θεὸς
1032 1426 1091 1478 ὲν
1120 1428 1241 1487 ταῖς
1278 1424 1502 1496 βάρεσιν
1533 1423 1706 1493 αὐτῆς

91 1510 469 1578 γινώσκεται,
498 1513 628 1566 ὅταν
655 1514 1126 1583 ἀντιλαμϐάνηται
1155 1512 1346 1582 αὐτῆς.
1392 1532 1410 1563 ι
1448 1510 1580 1565 Εἶτα
1605 1510 1705 1572 τὰς

91 1604 382 1675 ἐσομένας
436 1604 844 1668 ἐπαναστάσεις
918 1605 1201 1676 προλέγει,
1252 1604 1351 1659 καὶ
1422 1604 1523 1675 τὴν
1593 1605 1705 1659 τῶν

90 1696 397 1766 πολεμίων
435 1696 767 1766 μεταϐολήν.

1808 521 2074 588 Ecclesia,
2125 542 2153 580 a
2204 528 2405 584 ﬁnibus
2442 547 2618 601 usque
2656 534 2722 588 ad
2763 532 2899 589 ﬁnes
2949 543 3128 590 terrae.
3179 534 3398 590 Rursus

1807 627 1936 668 vero
1984 616 2157 672 divisa
2197 630 2283 675 est
2329 623 2446 690 ipsa
2488 639 2595 697 per
2640 625 2915 691 civitates,
2965 635 3018 680 et
3064 628 3289 696 oppida,
3339 636 3396 682 et

1804 704 1984 770 villas,
2037 724 2177 776 quas
2214 713 2566 781 propheticus
2599 731 2780 771 sermo
2811 719 2997 772 domos
3034 720 3393 788 nuncupavit.

1805 790 2273 857 Quemadmodum
2303 803 2560 870 quaelibet
2588 807 2785 861 civitas
2811 808 2958 864 intus
2987 811 3192 865 multas
3227 812 3395 868 habet

1807 885 2000 938 domos
2035 886 2174 941 inter
2207 905 2266 943 se
2292 890 2519 955 divisas,
2551 904 2604 948 et
2637 912 2743 950 una
2773 908 2953 953 tamen
2984 901 3178 957 civitas
3216 901 3394 955 nomi-

1808 984 1973 1029 natur
2003 995 2016 1031 :
2046 980 2126 1034 sic
2156 980 2383 1037 inﬁnita:
2412 995 2463 1039 et
2501 986 2934 1045 innumerabiles
2971 1002 3101 1047 sunt
3129 994 3395 1049 Ecclesiae

1808 1065 1863 1119 in
1912 1070 2106 1125 insulis
2154 1083 2209 1126 et
2255 1075 2307 1127 in
2369 1078 2671 1133 continenti
2720 1098 2737 1134 ι
2784 1083 3061 1153 simulque
3109 1100 3302 1141 omnes
3335 1088 3391 1142 in

1810 1174 1972 1212 unam
2008 1162 2347 1230 rediguntur,
2378 1183 2631 1222 verorum
2669 1175 2984 1240 dogmatum
3013 1176 3029 1193 ⁶
3060 1175 3230 1230 unita;
3259 1191 3391 1231 con-

1807 1254 2083 1308 sonantia.
2124 1254 2175 1308 ln
2215 1258 2297 1311 his
2346 1260 2422 1312 ait
2464 1259 2634 1315 Deum
2693 1264 3067 1321 universitatis
3111 1279 3389 1323 auctorem

1808 1357 2092 1413 apparere,
2123 1351 2403 1416 proprium
2447 1354 2712 1409 auxilium
2746 1357 3113 1425 porrigentem
3143 1375 3156 1410 :
3188 1377 3206 1409 ι
3250 1358 3392 1414 Deus

1808 1435 1951 1488 enim
1988 1437 2039 1489 in
2080 1439 2337 1496 domibus
2371 1443 2489 1511 ejus
2520 1447 2895 1515 cognoscitur,
2930 1463 3056 1503 cum
3089 1450 3395 1520 susceperit

1809 1541 1951 1583 eam.
1990 1548 2006 1579 ι
2044 1528 2247 1586 Deinde
2280 1532 2496 1590 futuros
2530 1537 2787 1593 incursus
2814 1539 3085 1608 praedicit,
3118 1541 3394 1597 hostium-

1807 1633 1916 1688 que
1943 1623 2324 1680 mutationem.

175 1810 243 1877 ε’,
283 1818 360 1876 ς’.
404 1829 423 1863 ι
461 1812 585 1865 Ὅτι
621 1811 729 1865 ἰδοὺ
769 1813 819 1864 οἱ
850 1811 1094 1883 βασιλεῖς
1116 1813 1217 1882 τῆς
1272 1810 1377 1881 γῆς
1417 1810 1687 1881 συνήχθη-

1880 1802 2045 1859 Vens.
2080 1804 2133 1871 5,
2170 1806 2225 1860 6.
2263 1826 2283 1858 ι
2318 1806 2591 1875 Quoniam
2627 1824 2760 1867 ecce
2788 1826 2947 1882 reges
2975 1820 3135 1868 term
3163 1827 3392 1883 congre-

93 1919 233 1963 σαν.
276 1902 629 1973 διήλθοσαν⁶⁵
663 1903 756 1955 ἐπὶ
793 1903 856 1955 τὸ
895 1901 1047 1956 αὐτό.
1081 1902 1248 1955 Αὐτοὶ
1293 1901 1491 1966 ἰδόντες
1518 1902 1698 1965 οὕτως

94 1995 455 2064 ἐθαύμασαν.
498 2016 517 2049 ι
552 1995 898 2066 Συνέδραμον
927 1996 1025 2067 μὲν
1047 1996 1157 2068 γὰρ
1178 1997 1223 2028 ⁸⁵
1246 1996 1323 2060 ὡς
1352 1997 1695 2065 πολεμήσονο

94 2107 199 2152 τες
221 2089 269 2121 ⁸⁸
299 2105 312 2118 ·
343 2089 673 2161 θεασάμενοι
703 2087 761 2141 δὲ
794 2089 893 2160 τῆς
922 2088 1341 2161 πολεμουμένης
1386 2088 1450 2141 τὸ
1479 2088 1696 2159 ἄμαχον

95 2178 433 2249 κατεπλάγη
442 2196 562 2232 σαν.

188 2290 207 2323 ι
286 2272 706 2343 Ἐταράχθησαν
761 2272 893 2343 γὰρ,
948 2274 1151 2342 φησιν,
1222 2270 1602 2339 ὲσαλεύθησαν
1625 2270 1693 2327 ⁸⁷.

96 2362 202 2433 [ς’.
222 2360 322 2434 ηὀ]
353 2364 569 2434 Τρόιως
589 2363 886 2418 ἐπελάϐετο
908 2364 953 2395 ⁸⁸
975 2363 1157 2417 αὐτῶν
1179 2365 1485 2418 ⁶⁹.-Ἑκεί
1507 2364 1698 2427 ὠδῖνες

94 2455 186 2519 ὡς
213 2454 508 2527 τικτούσης
529 2472 542 2485 ·
594 2457 652 2508 ὲν
684 2456 956 2526 πνεύματι
992 2456 1156 2524 βιαίῳ
1189 2456 1505 2526 συντρίψεις
1532 2456 1695 2509 πλοῖα

96 2549 349 2617 Θαρσεῖς
427 2565 447 2596 ι
509 2546 937 2616 Θεασάμενοιτο,
971 2546 1126 2616 φησὶ,
1186 2547 1254 2600 τὰ
1303 2546 1523 2616 ἀρραγῆ
1595 2547 1697 2616 τῆς

109 2639 450 2710 Ἐκκλησίας
475 2638 725 2710 θεμέλια,
752 2639 846 2691 καὶ
868 2637 1286 2707 καταμαθόντες
1308 2639 1370 2691 τὸ
1395 2641 1494 2709 τῆς
1527 2642 1698 2711 προρ-

100 2731 327 2800 ρήσεως
356 2729 607 2799 ἀψευδὲς,
625 2729 747 2792 δέος
774 2731 871 2783 καὶ
907 2729 1113 2801 φρίκην
1143 2730 1415 2794 ἐδέξαντο,
1440 2730 1695 2802 καθάπερ

98 2824 157 2875 οἱ
180 2823 245 2876 τὰ
266 2822 365 2891 τῆς
387 2822 665 2894 θαλάσσης
685 2823 843 2876 διαπε
855 2822 1006 2892 ραιού
1015 2839 1167 2892 μενοι
1192 2822 1360 2886 νῶτα,
1387 2824 1480 2876 καὶ
1501 2840 1697 2876 καται-

96 2918 224 2981 γῖσι
286 2914 625 2985 βαλλόμενοι,
683 2916 779 2968 καὶ
828 2913 1214 2983 πανωλεθρίαν
1270 2915 1694 2985 προσμένοντες.

100 3002 186 3061 υἷι
216 3007 284 3077 δὴ
312 3007 475 3078 χάριν
496 3007 538 3038 ⁷¹
566 3005 660 3060 τοῦ
707 3007 968 3076 πολεμεῖν
1001 3007 1097 3060 καὶ
1148 3006 1364 3076 βάλλειν
1412 3008 1697 3077 παυσάμε-

1802 1899 1911 1968 gati
1947 1908 2097 1965 sunt,
2129 1910 2508 1957 convenerunt
2543 1902 2599 1955 in
2637 1918 2827 1957 unum.
2881 1901 2987 1972 Ipsi
3025 1904 3271 1959 videntes
3310 1905 3392 1961 sic

1801 1988 2057 2043 admirati
2107 2000 2257 2045 sunt.
2293 2011 2313 2042 ι
2368 1990 2503 2046 Nam
2553 2003 2957 2047 concurrerunt
2999 1995 3218 2064 quidem
3265 2005 3390 2050 tan-

1798 2095 1964 2149 quam
2004 2080 2204 2133 bellum
2254 2081 2482 2146 illaturi,
2537 2086 2841 2153 conspicati
2880 2099 3010 2139 vero
3048 2085 3391 2157 inexpugna-

1799 2172 1908 2227 bile
1944 2172 2111 2227 robur
2145 2173 2286 2227 bello
2324 2174 2605 2243 impetitaa,
2647 2179 2986 2231 consternati
3025 2187 3172 2233 sunt.

1878 2282 1896 2313 ε
1935 2264 2263 2317 Conturbati
2300 2274 2429 2318 sunt
2451 2267 2620 2328 enim,
2640 2266 2807 2337 910
2828 2269 2924 2335 ait,
2950 2271 3212 2327 commoti
3236 2283 3385 2330 sunt.

1802 2352 2005 2426 [νειιε.
2041 2354 2092 2417 7,
2130 2353 2210 2426 8]
2262 2355 2501 2410 Tremor
2535 2359 2897 2427 apprehendit
2934 2377 3049 2416 eos.
3079 2392 3147 2404 ο-
3174 2361 3248 2418 Ibi
3287 2366 3389 2419 do-

1797 2446 1943 2502 lores
1989 2458 2047 2500 ut
2098 2449 2501 2517 parturientis:
2562 2460 2726 2504 vento
2775 2453 3082 2506 vehementi
3136 2466 3387 2512 conteres

1799 2556 1966 2595 naves
2019 2539 2264 2595 Tharsis.
2297 2560 2316 2592 ι
2356 2542 2514 2606 Cum,
2569 2543 2769 2609 inquit,
2830 2545 3096 2600 vidissent
3153 2546 3384 2602 infracta

1798 2633 2057 2689 Ecclesiae
2080 2633 2463 2697 fundamenta,
2493 2644 2548 2690 et
2575 2637 2949 2705 praedictionis
2985 2640 3270 2693 veritatem
3300 2639 3387 2693 di—

1798 2725 2078 2789 dicissent,
2137 2727 2437 2781 timuerunt
2476 2737 2531 2782 et
2568 2729 3019 2795 exhorruerunt,
3086 2730 3233 2785 sicut
3288 2731 3385 2800 qui

1798 2819 1969 2871 maris
2003 2826 2152 2886 terga
2191 2819 2597 2885 transmittunt,
2631 2828 2685 2874 et
2706 2834 2737 2874 a
2772 2819 3030 2874 ﬂuctibus
3054 2829 3106 2874 et
3131 2821 3385 2890 procellis

1798 2908 2003 2979 agitati,
2053 2919 2354 2963 extremam
2403 2911 2701 2979 perniciem
2761 2921 3103 2982 exspectant.
3157 2912 3272 2968 Hac
3316 2914 3386 2969 de

1798 3017 1966 3055 causa
2002 3017 2032 3055 a
2067 3001 2209 3055 bello
2243 3012 2297 3056 et
2332 3004 2747 3060 incursionibus
2778 3015 3099 3070 ceSsantes,
3145 3004 3245 3075 ipsi
3283 3020 3382 3073 po-

99 3117 211 3162 νοι,
244 3099 454 3153 αὐτοὶη
485 3098 821 3170 κηρύττουσι
850 3099 951 3169 τῆς
994 3098 1413 3169 πολεμουμένης
1448 3101 1550 3167 τὴν
1602 3097 1687 3152 δύ-

1808 3097 2022 3151 tentiam
2054 3097 2196 3166 ejus,
2233 3113 2356 3168 quae
2386 3099 2832 3169 oppugnabatur,
2867 3099 3166 3170 praedicant
3189 3108 3245 3153 et
3272 3100 3384 3155 cla-

97 3207 294 3259 ναμιν,
325 3190 421 3242 καὶ
454 3188 641 3258 βοῶσι⁸
659 3204 673 3218 '

178 3281 246 3335 θ’.
297 3301 315 3332 ι
358 3280 625 3351 Καθάπερ
655 3280 992 3351 ἠκούσαμεν,
1023 3278 1198 3343 οὕτως
1230 3279 1326 3333 καὶ
1356 3281 1570 3350 εἴδομεν
1592 3298 1604 3310 ·
1637 3282 1696 3334 ἐν

98 3374 265 3427 πόλει
315 3372 521 3444 Κυρίου
552 3371 661 3425 τῶν
709 3372 1032 3441 δυνάμεων,
1097 3373 1156 3424 ὲν
1193 3371 1347 3424 πόλει
1402 3372 1498 3425 τοῦ
1558 3372 1695 3426 Θεοῦ

98 3465 288 3535 ἡμῶν.
319 3483 337 3515 ι
370 3465 481 3528 Τάς
515 3464 627 3535 γὰρ
660 3463 791 3535 περὶ
828 3464 1000 3534 αὐτῆς
1046 3465 1383 3534 προρρήσεις
1448 3465 1510 3517 ού
1569 3465 1694 3535 βον-

98 3557 325 3627 λιόμενοι
372 3555 643 3626 δέχεσθαι,
695 3555 765 3607 δι’
818 3553 1002 3607 αὐτῶν
1021 3553 1069 3585 ⁷⁸
1118 3553 1468 3623 ἐθεασάμεθα
1488 3557 1537 3588 ⁷⁸
1588 3555 1697 3608 τῶν

100 3648 452 3719 πραγμάτων
467 3647 513 3678 ⁷⁸
568 3647 670 3719 τὴν
729 3645 956 3699 ἐκείνων
1008 3643 1347 3714 ἀλήθειαντθ.
1398 3663 1417 3695 ι
1469 3645 1527 3697 ’0
1562 3646 1696 3709 Θεὸς

99 3741 471 3812 ὲθεμελίωσεν
498 3740 668 3809 αὐτὴν
694 3742 775 3802 είς
794 3739 886 3792 τὸν
908 3737 1103 3792 αἰῶνα.
1132 3758 1151 3789 ι
1186 3738 1362 3791 Αὐτοῦ
1386 3739 1496 3808 γάρ
1519 3739 1695 3791 ἐστι⁷⁷

100 3834 285 3904 φωνὴ,
300 3853 318 3884 ι
330 3831 456 3886 Ἐπὶ
472 3830 648 3904 ταύτῃ
671 3834 738 3901 τῇ
757 3830 935 3901 πέτρᾳ
952 3830 1206 3900 οἰκοδομή
1215 3846 1291 3883 σω
1304 3830 1454 3899 τὴν⁷⁸
1469 3830 1701 3899 Ἐκκλη-

102 3926 256 3989 σεαν,
288 3926 383 3979 καὶ
418 3925 588 3979 πύλαι
636 3924 765 3995 ᾆδον
821 3924 882 3977 οὐ
932 3922 1357 3993 κατισχύσουσιν
1420 3922 1611 3990 αὐτῆς.
1672 3942 1690 3974 ι

98 4018 267 4074 οὕτω
300 4016 481 4080 δεῖξας
521 4018 550 4068 ὁ
578 4013 920 4086 προφητικὸς
959 4013 1118 4082 λόγος
1149 4011 1249 4083 τὴν
1275 4012 1385 4064 τῶν
1418 4012 1695 4082 πολεμίων

105 4104 438 4177 μεταϐολὴν,
474 4104 730 4173 προλέγει
767 4104 957 4156 λοιπὸν
984 4101 1193 4164 ὁποίοις
1225 4102 1275 4154 oi
1294 4102 1393 4171 τῆς
1418 4103 1697 4172 σωτηρίας

99 4195 473 4266 τετυχηκότες
493 4194 790 4269 χρήσονται
805 4194 1008 4263 λόγοις,
1022 4192 1113 4244 τὸν
1132 4191 1429 4263 εὐεργέτην
1451 4191 1689 4263 ὑμνοῦν-

101 4303 219 4350 τες.

179 4378 231 4429 t'.
278 4374 655 4444 Ὑπελάόομεν
670 4375 740 4439 τ’,
767 4376 796 4428 ό
840 4376 994 4443 Θεὸς,
1034 4377 1096 4431 τὸ
1125 4374 1271 4437 ἔλεός
1302 4391 1398 4428 σου
1449 4376 1509 4428 ὲν
1546 4374 1696 4446 μέσῳ

1801 3199 1980 3244 ιιηιηιε

1875 3281 2037 3336 Vens.
2071 3282 2125 3337 9.
2164 3302 2184 3334 ι
2228 3282 2385 3338 Sicut
2413 3283 2746 3351 audivimus,
2799 3285 2880 3340 sic
2920 3284 3178 3352 vidimus,
3221 3286 3273 3339 in
3306 3284 3387 3340 ci-

1797 3373 1963 3427 vitate
2001 3373 2214 3428 Domini
2249 3375 2552 3442 virtutum,
2612 3376 2666 3429 in
2720 3376 2944 3431 civitate
2977 3376 3074 3431 Dei
3124 3376 3320 3431 nostri.
3358 3394 3380 3427 ι

1798 3464 1933 3519 Nam
1991 3465 2373 3534 praedictiones
2402 3467 2469 3521 de
2501 3466 2619 3536 ipsa
2652 3468 2907 3523 nolentes
2950 3467 3258 3534 admittere,
3288 3479 3388 3537 per

1800 3557 1974 3626 ipsum
2012 3573 2193 3611 rerum
2230 3566 2484 3612 eventum
2531 3560 2813 3614 veritatem
2861 3559 3079 3614 illarum
3116 3560 3383 3615 vidimus.

1804 3668 1823 3700 ‹
1863 3648 2005 3705 Deus
2032 3649 2282 3703 fundavit
2306 3666 2427 3704 eant
2461 3652 2514 3704 in
2539 3661 2827 3705 aeternum.
2862 3671 2880 3702 ι
2922 3652 3101 3721 Ipsius
3129 3656 3273 3708 enim
3303 3662 3389 3709 est

1798 3759 1898 3797 vox
1935 3759 1950 3795 :
1993 3760 2013 3793 ‹
2049 3743 2117 3797 Ει
2148 3757 2311 3811 super
2336 3742 2480 3795 hanc
2515 3751 2722 3810 petram
2765 3741 3047 3796 asdiiicabu
3084 3742 3384 3799 Ecclesiam

1799 3849 2001 3896 meam,
2033 3842 2087 3887 et
2126 3843 2297 3902 porta:
2327 3831 2524 3886 inferni
2560 3848 2668 3886 non
2706 3834 3080 3901 praevalebunt
3118 3835 3386 3891 adversus

1797 3940 1917 3979 eam
1937 3933 1997 3979 ιιι.
2036 3944 2054 3976 ι
2088 3924 2181 3978 Sic
2205 3939 2388 3978 sermo
2418 3926 2791 3994 propheticus,
2818 3926 3057 3979 hostium
3081 3927 3385 3981 mutatione

1797 4015 2191 4079 demonstrata,
2219 4014 2480 4087 deinceps
2508 4016 2755 4085 praedicit
2777 4016 2980 4087 quibus
3013 4018 3197 4073 verbis
3228 4019 3382 4072 usuri

1799 4105 1911 4160 sint
1941 4106 2034 4175 qui
2067 4107 2299 4160 salutem
2323 4107 2609 4162 consecuti
2643 4115 2794 4176 sunt,
2822 4107 3076 4165 beneﬁcii
3100 4118 3380 4165 auctorem

1798 4198 2194 4254 collaudantes.

1874 4375 2036 4431 Vsus.
2070 4376 2158 4432 10.
2198 4396 2218 4428 ‹
2255 4375 2637 4447 Susceplmus,
2667 4378 2888 4446 oDeus,
2944 4378 3382 4437 misericordiam

101 4469 201 4523 τοῦ
226 4468 359 4535 λαοῦ
395 4486 511 4524 σου.
548 4488 567 4519 ι
608 4468 1106 4541 Προσδεχόμεθα³⁰,
1140 4469 1299 4539 φησὶ,
1328 4467 1537 4539 ταύτην
1593 4485 1687 4523 σου

1808 4478 1945 4524 Luam
1979 4470 2033 4523 in
2063 4469 2257 4535 ,medio
2287 4470 2479 4541 populi
2498 4470 2601 4525 tui.
2633 4489 2654 4524 ι
2693 4470 3122 4543 Exspectamus,
3169 4474 3383 4544 inquit,

99 4560 207 4631 τὴν
244 4557 587 4631 ἐπικουρίαν,
639 4551 686 4611 ὧ
731 4559 1000 4626 Δέσποτα,
1051 4558 1162 4612 τῶν
1197 4558 1308 4612 σῶν
1344 4559 1687 4629 ἐπαγγελιῶν

1808 4561 1957 4632 911
1993 4563 2097 4618 hoc
2126 4571 2282 4617 tuum
2315 4564 2605 4632 auxilium,
2637 4580 2672 4621 ο
2701 4564 2954 4632 Domine,
3005 4574 3224 4621 tuarum
3257 4582 3386 4637 pro-

99 4651 314 4715 εἰδότες
337 4651 400 4703 τὸ
444 4650 698 4714 ἀψευδές.
757 4651 830 4704 Σὺ
866 4650 978 4722 γάρ
1033 4647 1229 4717 εἶπας·
1264 4670 1283 4704 ι
1322 4652 1478 4705 νΜεθ’
1535 4653 1691 4723 ὑμῶν

179 4758 224 4787 ιι
263 4745 450 4802 Matth.
478 4763 589 4815 xu,
623 4746 711 4802 18.

1800 4655 2127 4710 missionum
2170 4655 2455 4711 veritatem
2508 4656 2764 4714 scientes.
2822 4657 2907 4712 Tu
2956 4658 3106 4714 enim
3149 4657 3382 4714 dixisti:

1198 4887 1433 4947 VABIAE
1469 4886 1855 4945 LECTIONES
1905 4888 1993 4944 ET
2035 4888 2273 4945 NOTAE.

173 4999 225 5031 ”
253 4998 498 5071 cod_.1_,2
523 4997 683 5069 αὐτή.
745 5000 792 5033 ⁸ο
811 5001 1062 5071 Ὥσπερ.
1081 5000 1205 5055 cod.
1231 5001 1332 5063 1,2
1348 5001 1556 5059 addunt
1572 5001 1700 5071 γάρ.

100 5071 152 5103 ⁸³
184 5070 311 5125 cod.
340 5069 478 5140 ιτὴν
510 5071 850 5140 συμφωνίαν.
929 5070 975 5101 ⁸⁸
1002 5070 1129 5126 Rec.
1153 5071 1315 5125 lectio
1343 5072 1396 5125 h.
1425 5072 1461 5124 Ι.
1488 5081 1572 5124 est

1778 5002 1823 5035 “
1842 5004 2107 5067 Πολλὰς.
2130 5002 2299 5057 Abest
2324 5016 2356 5055 a
2373 5000 2496 5056 cod.
2512 5000 2568 5071 2.
2648 5000 2914 5071 ⁸⁸⁸⁷ομως.
2941 5001 3108 5055 Abest
3126 5016 3156 5056 a
3181 5004 3303 5060 cod.
3327 5004 3381 5060 1.

1604 5070 1687 5142 ῆλε

1808 5089 1863 5142 ν.
1944 5073 1988 5105 ⁸⁸
2021 5073 2169 5140 Γάρ.
2206 5072 2376 5142 Abest
2404 5086 2432 5126 a
2463 5070 2587 5142 cod.
2619 5071 2675 5142 5.
2705 5141 2713 5142 ί
2752 5070 2799 5142 f‘
2821 5071 3302 5142 Πολεμήσὸντες.
3322 5072 3381 5128 In

102 5141 234 5195 cod.
255 5140 549 5211 5sequilur
574 5142 623 5193 οἱ
652 5142 750 5211 τῆς
767 5140 1098 5211 Ἐκκλησίας
1125 5140 1330 5211 ἐχθροί.
1411 5140 1687 5195 "7'30qu

1808 5140 1946 5197 σαν.
1967 5142 2190 5211 Αὴρεῑμη
2209 5140 2406 5211 cod.1.
2483 5141 2530 5173 ⁸⁸
2555 5141 2728 5196 cod.?.
2745 5140 3067 5195 ὑπελάὸετο.
3144 5143 3189 5174 ⁸⁸
3209 5143 3331 5197 cod.
3347 5145 3383 5197 2

103 5209 334 5264 αὐτούς.

104 5228 334 5273 συτους.
415 5228 455 5243 ’ν
481 5228 852 5277 υεασαμενοι
876 5239 947 5249 -
977 5228 1438 5279 προσμενοντες.

104 5281 239 5337 Des.
274 5281 327 5333 in
365 5280 488 5335 cod.
519 5282 576 5335 5.
652 5282 699 5314 ⁷⁸
726 5280 958 5336 Αὐτῶν.
991 5281 1119 5336 cod.
1147 5282 1181 5335 5
1208 5281 1438 5335 ἑαυτῶν.

101 5352 153 5381 ⁷⁸
174 5351 506 5415 Ἀλήθειαν.
534 5352 591 5405 In
613 5351 733 5405 cod.
760 5352 794 5405 5
825 5359 1135 5418 sequuntur
1160 5351 1275 5405 haec
1302 5367 1315 5402 :
1347 5350 1474 5415 Πῶς
1504 5351 1561 5403 δὲ
1590 5351 1687 5418 λέγ

1808 5349 2056 5404 ἐδύναντο
2094 5370 2114 5402 ι
2150 5351 2208 5404 ὲν
2229 5349 2385 5403 πόλει
2406 5349 2499 5403 τοῦ
2523 5349 2659 5402 Θεοῦ

409 5211 456 5243 ⁷⁰
481 5205 852 5277 Θεασάμενοι
876 5205 1442 5279 -ἁροσιὶέἆοντεᾳ
1478 5211 1602 5265 Des.
1637 5214 1687 5265 in

409 5280 488 5335 )d.
519 5282 576 5335 5.
652 5282 699 5314 ⁷⁸
726 5280 958 5336 Αὐτῶν.
991 5281 1119 5336 cod.
1147 5282 1181 5335 5
1208 5281 1438 5335 ἑαυτῶν.
1548 5282 1591 5313 ⁷⁵
1625 5297 1687 5336 co

1808 5215 1840 5266 I.
1872 5214 1925 5266 5.
2002 5212 2046 5243 "
2074 5205 2156 5266 Οὔ
2180 5210 2257 5278 δὴ
2278 5210 2475 5278 χάριν.
2504 5211 2626 5266 cod.
2656 5212 2690 5265 5
2712 5212 2822 5265 καί.
2898 5213 2944 5243 ⁷⁸
2962 5211 3141 5265 Αὐτοὶ
3161 5243 3228 5252 —-
3256 5214 3379 5269 καί.

1808 5287 1818 5336 ι
1848 5280 2179 5336 θεασόμεθα.
2276 5281 2322 5312 ⁷⁸
2352 5279 2480 5334 Τῶν
2501 5281 2882 5336 πραγμάτων.
2914 5282 3039 5336 Des.
3080 5283 3135 5336 in
3165 5282 3288 5336 cod.
3323 5284 3377 5336 5.

1625 5297 1750 5337 con.
1783 5297 1818 5336 2
1848 5297 2179 5350 υεασομευα.

2276 5281 2322 5312 ⁷⁸
2352 5279 2480 5334 Τῶν
2501 5281 2882 5348 πραγμάτων.
2914 5282 3039 5336 Des.
3080 5283 3135 5336 in
3165 5282 3288 5336 cod.
3323 5284 3377 5337 5.

2733 5351 2871 5419 μῶν,
2909 5370 2928 5401 ι
2967 5351 3042 5422 μὴ
3073 5353 3255 5422 πιστοὶ
3284 5368 3382 5419 γε-

101 5352 153 5381 ⁷⁶
174 5352 506 5415 Ἀλήθειαν.
534 5352 591 5405 In
613 5352 733 5405 cod.
760 5352 794 5405 5
825 5359 1135 5418 sequuntur
1160 5352 1275 5405 haec
1302 5367 1315 5402 :
1347 5352 1474 5415 Πῶς
1504 5352 1561 5403 δὲ
1590 5352 1769 5418 λέγειν
1801 5352 2056 5404 ἐδύναντο
2094 5370 2114 5402 ι
2150 5352 2208 5404 ὲν
2229 5352 2385 5403 πόλει
2406 5352 2499 5403 τοῦ
2523 5352 2659 5402 Θεοῦ
2691 5352 2871 5472 ιίὲμῶν,
2909 5370 2928 5401 ι
2967 5352 3042 5422 μὴ
3073 5353 3255 5405 πιστοὶ
3284 5368 3380 5419 γε-

98 5419 365 5494 γονότεςς
400 5422 464 5494 Di.
496 5422 606 5494 γὰρ
640 5422 774 5494 Θεόν
811 5438 873 5474 τε
1086 5422 1180 5474 καὶ
1208 5420 1620 5494 τῶνᾼδυνάμεων
1648 5419 2265 5494 Κύριον-ῥμολογοῦντες
2306 5420 2575 5494 ὑπάρχειν
2605 5421 2796 5494 αὐτ-ν,
2829 5422 3122 5494 ἱδρυμένην
3161 5421 3380 5494 πάντως

104 5507 216 5543 που
244 5491 344 5561 τὴν
375 5490 557 5544 πίστιν
577 5489 651 5561 ’ὲν
681 5493 895 5554 ἑαυτοῖς
924 5492 1263 5561 ἐσχήκαμεν.
1308 5489 1586 5556 Quomodo
1613 5506 1683 5544 au

1829 5490 2001 5544 dicere
2038 5499 2282 5561 poterant
2318 5507 2336 5539 ι
2367 5490 2422 5543 in
2458 5490 2673 5543 civitate
2706 5489 2798 5561 Dei
2828 5489 3018 5555 nostri,
3061 5489 3084 5543 i
3109 5491 3198 5560 qui
3219 5491 3378 5559 [idem

103 5577 215 5632 non
243 5558 505 5632 habebant
538 5562 563 5614 ?
598 5559 712 5632 Nos
734 5563 871 5615 enim
896 5562 986 5632 qui

1073 5559 1192 5614 eum
1218 5561 1382 5615 simul
1404 5570 1454 5615 et
1484 5564 1737 5615 virtutum
1769 5560 2049 5613 Dominum
2073 5559 2227 5613 illum
2247 5576 2359 5629 esse
2388 5561 2721 5629 conﬁtemur,
2744 5560 2957 5629 firmam
2983 5559 3195 5615 omnino
3216 5561 3377 5629 fidem

101 5631 160 5684 in
196 5631 348 5684 nobis
371 5631 645 5687 habemus.
670 5631 797 5685 Haec
825 5633 891 5686 ad
908 5628 1222 5753 'marqinem
1256 5631 1703 5702 rejicimus,quia
1736 5629 1924 5700 Cyrilli
1950 5644 2148 5684 nomen
2177 5628 2332 5695 aeque
2366 5643 2430 5682 ac
2467 5628 2793 5712 Theodoreti
2819 5631 3115 5699 ascriptum
3144 5628 3376 5710 habent.

104 5700 150 5730 "
180 5700 308 5754 cod.
335 5701 372 5753 2
404 5703 554 5754 ἐστιν
584 5704 639 5754 ή.
718 5703 763 5734 ⁷⁸
795 5701 932 5754 Τήν.
971 5717 1053 5754 COt
1083 5743 1095 5754 .
1135 5702 1186 5754 1.
1228 5701 1263 5753 2
1291 5717 1475 5754 onem.
1512 5719 1634 5754 μου.
1712 5702 1757 5732 τ’
1801 5698 2220 5754 Ὑπελάϐοιιενι
2254 5698 2949 5754 Ηθὺτ.πλνωπ.εοηιιιιηιιιε.
2985 5718 3031 5754 s.
3063 5698 3372 5754 considera-

104 5700 150 5730 "
180 5700 308 5755 cod.
335 5701 372 5771 2
404 5703 554 5754 ἐστιν
584 5704 639 5771 ἡ.
718 5703 763 5734 ⁷⁸
795 5701 932 5768 Τήν.
971 5700 1095 5771 ροιιέ
1135 5702 1186 5764 1,
1228 5701 1263 5753 2
1288 5717 1475 5771 praem.

1511 5698 1612 5770 μοῦ
1623 5742 1634 5753 .

1808 5698 2220 5771 ’Υπελάϐοιιενί
2254 5698 2617 5771 “ebenum,
2636 5701 2949 5771 cogitamus,
2972 5698 3031 5757 ε.
3063 5698 3372 5754 considera-

107 5740 308 5829 me'
331 5740 377 5802 ἦ
404 5740 1687 5844 ἲὶῥὸὲγέἐχόμεῇἑὲ’ᾴ-”ἇξὲῑ3νὶ)ὶ.”ιίειὶὲὶίὶὶυΰ’ῐίοι

1808 5740 2620 5842 ρῖ’ξιὶίιῖιῖξῐὶιίιιὶῐῖιῖῈῖᾶῦὸἶ
