3870 6322
538 259 673 325 1219

1568 263 2055 325 TIIEODORETI
2085 264 2422 327 EPISCOPI
2444 268 2807 329 CYRENSIS

3673 274 3695 338 1
3709 278 3794 341 ἰνΞο

528 370 710 427 adhuc
740 371 954 428 vivunt.
1002 374 1259 431 Diversus
1296 376 1481 447 itaque
1516 377 1639 431 vita:
1674 376 1870 432 modos
1912 377 2110 430 innuit.

2220 379 2435 449 ρουσι³¹
2461 379 2561 449 τὴν
2585 380 2934 451 παραίνεσιν.
2963 379 3101 444 Τοὺς
3124 381 3414 453 διαφόρους
3437 385 3622 439 τοίνυν
3640 390 3792 442 αἰνίτ-

528 462 662 518 Nam
698 464 791 519 alii
825 466 986 521 urbes
1011 467 1304 521 incolunt:
1336 467 1426 521 alii
1458 467 1617 523 villas
1657 477 1711 522 et
1739 469 1889 523 vicos
1913 509 1928 535 ,
1964 468 2110 539 agri-

526 559 758 614 cultura:
784 561 1087 615 studentes.
1139 561 1206 615 Et
1246 575 1312 615 ex
1359 561 1678 617 hominibus
1719 561 1940 632 quidam
1988 570 2114 615 sunt

527 651 961 714 mansuetiores,
1015 652 1239 722 quidam
1296 653 1658 722 agrestiores;
1693 661 1749 707 et
1793 653 1846 706 hi
1887 652 2109 722 quidem

528 747 548 766 ’
572 743 769 797 rationi
815 742 1213 813 congruentius
1238 743 1462 808 vivunt,
1494 743 1548 797 hi
1586 760 1714 799 vero
1744 743 1921 797 ferino
1963 758 2113 798 more

527 835 853 891 solitudines
889 836 1171 903 habitant;
1201 837 1293 890 alii
1330 852 1522 892 rursus
1550 837 1855 891 liamaxobii
1897 853 2111 892 nuneu-

524 935 759 996 pantur,
791 928 887 996 qui
931 928 987 982 in
1021 929 1278 982 curribus
1309 926 1550 997 degunt:
1589 928 1679 982 alii
1729 944 1827 998 pro
1857 928 2113 983 domibus

527 1028 760 1074 utuntur
803 1021 1080 1077 tentoriis.
1123 1019 1235 1075 llos
1283 1031 1415 1092 puto
1457 1023 1750 1092 terrigenas
1791 1021 2110 1088 nominari,

525 1121 788 1191 tauquam
831 1112 1260 1167 rationabilioris
1301 1113 1427 1168 vitae
1457 1123 1728 1184 expertes.
1770 1112 1938 1179 Quasi
1965 1114 2112 1169 dice-

526 1213 612 1259 ret
643 1223 654 1258 :
680 1203 931 1261 Universi
966 1205 1242 1270 homines,
1270 1220 1333 1260 ea
1358 1222 1480 1276 qua:
1505 1207 1761 1263 dicuntur
1790 1206 1992 1271 audite,
2023 1221 2114 1259 ur-

526 1297 655 1352 bani
680 1307 737 1352 et
772 1299 1045 1363 ruricolae,
1079 1300 1488 1354 mansuetiores
1514 1307 1569 1353 et
1597 1299 1947 1368 agrestiores,
1976 1308 2030 1352 et
2058 1299 2113 1353 in

527 1404 821 1443 commune
855 1404 1049 1446 omnes
1073 1431 1089 1456 ,
1141 1399 1195 1445 et
1223 1390 1530 1460 sigillatim.
1564 1388 1657 1445 Sic
1684 1390 1831 1444 enim
1867 1399 1922 1445 et.
1952 1389 2114 1461 Sym-

529 1483 760 1538 machus
781 1484 1170 1553 interpretatus
1211 1493 1316 1539 est.
1348 1483 1481 1547 Nam
1511 1498 1610 1554 pro
1643 1484 1917 1553 terrigena:
1931 1492 1983 1538 et
2012 1484 2117 1551 ﬁlii

527 1576 818 1641 hominum,
834 1576 992 1641 dixit,
1009 1577 1314 1631 humanitas
1327 1586 1374 1630 et
1393 1578 1607 1644 insuper
1627 1574 1792 1645 915
1815 1574 1916 1644 ﬁlii
1944 1576 2118 1642 cuius-

529 1668 652 1723 libet
684 1668 914 1724 Itominis
939 1710 955 1736 ,
990 1684 1090 1738 pro
1130 1685 1196 1724 eo
1236 1670 1382 1739 quod
1423 1678 1550 1723 est:
1585 1666 1642 1721 ln
1674 1683 1969 1723 commune
2006 1669 2115 1724 hu-

2213 485 2367 521 τεται
2397 469 2547 540 βίους
2567 484 2581 496 ·
2619 471 2667 523 οἱ
2702 472 2803 539 μὲν
2829 473 2940 542 γὰρ
2971 472 3070 536 τὰς
3100 474 3288 538 πόλεις
3310 476 3575 543 οἰκοῦσιν,
3610 481 3660 532 0i.
3685 480 3790 551 δήυ

2215 563 2422 632 ἀγροὺς
2455 565 2550 617 καὶ
2580 564 2803 634 κώμας,
2861 569 2992 638 περὶ
3019 569 3175 640 τὴν³⁵
3199 573 3479 642 γεωργίαν
3510 573 3790 644 ἐσλολακό-

2213 668 2323 714 τες.
2381 654 2492 705 Καὶ
2545 654 2596 706 οί
2650 655 2749 724 μὲν
2791 655 2901 727 γὰρ
2952 658 3297 731 ἡμερώτεροι
3331 661 3440 715 τῶν
3470 664 3788 736 ἀνθρώπων,

2212 744 2262 795 οἱ
2305 742 2364 797 δὲ
2412 743 2776 818 ἀγριώτερον
2838 749 2935 802 καὶ
2983 750 3034 801 οί
3077 751 3176 820 μὲν
3220 751 3589 826 λογικώτερον
3616 755 3789 821 ζῶσιν,

2215 835 2263 888 οί
2287 833 2344 887 δὲ
2371 832 2804 908 Θηριωδέστερον
2820 836 2864 869 ³⁵
2889 839 2990 903 τὰς
3012 841 3253 912 ἐρήμους
3275 844 3542 898 οἰκοῦσιν·
3571 849 3623 899 οἱ
3647 848 3744 917 μὲν
3756 850 3789 881 ³⁸

2214 924 2523 994 ἁμαξόϐιοι
2575 931 3156 1001 προσαγορευόμενοι,
3216 934 3268 986 οἱ
3315 933 3371 989 δὲ
3426 941 3657 1007 σκηναῖς
3689 940 3789 994 ἀντ’

2211 1017 2404 1069 οἰκιῶν
2434 1020 2789 1090 κεχρημένοι.
2844 1021 3080 1087 Τούτους
3114 1019 3267 1095 οἶμαι
3301 1027 3576 1096 γηγενεῖς
3606 1030 3789 1101 ὄνομά.

2214 1109 2439 1179 ζεσθαι,
2501 1111 2576 1175 ὡς
2632 1112 2733 1181 τῆς
2779 1112 3155 1187 λογικωτέρας
3201 1118 3592 1190 ἀφεστηκότας
3632 1122 3785 1195 ζωῆς.

2226 1201 2371 1255 Ἀντὶ
2419 1202 2554 1271 τοῦ,
2590 1203 2865 1270 ’Ἅπαντες
2911 1207 3215 1280 ἄνθρωποι,
3268 1209 3377 1265 τῶν
3423 1212 3731 1283 λεγομένων
3752 1214 3786 1247 ³⁷

2213 1293 2517 1362 ἀκούσατε,
2577 1296 2736 1350 ἀστοὶ
2789 1296 2886 1351 καὶ
2935 1301 3251 1370 χωριτικοὶ,
3312 1304 3660 1376 ἡμερώτεροι
3706 1306 3787 1362 καὶ

2214 1386 2582 1459 ἀγριώτεροι,
2645 1390 2740 1443 καὶ
2782 1394 2935 1463 κοινῇ
2969 1394 3171 1457 πάντες
3201 1395 3294 1447 καὶ
3325 1396 3451 1468 ἰδίᾳ.
3510 1398 3668 1452 Οὕτω
3691 1402 3787 1471 γὰρ

2214 1479 2367 1531 xui.”
2408 1481 2436 1532 6
2473 1480 2772 1551 Σύμμαχος
2818 1483 3187 1553 ήρμήνευσεν.
3222 1486 3368 1540 Ἀντὶ
3411 1488 3524 1560 γὰρ
3564 1490 3693 1558 τοῦ,
3742 1496 3787 1547 οἱ

2215 1570 2487 1640 γηγενεῖς
2521 1572 2620 1625 καί
2648 1572 2764 1627 υἱοὶ
2794 1573 2915 1627 τῶν
2953 1576 3301 1645 ἀνθρώπων,
3326 1580 3363 1646 ή
3394 1580 3785 1651 ἀνθρωπότης,

2215 1659 2361 1726 εἷπε,
2397 1664 2495 1716 καὶ
2529 1664 2777 1734 προσέτι
2808 1667 2924 1720 υἱοί
2956 1667 3220 1723 ἑκάστου
3249 1670 3487 1738 ἀνδρὸς,
3526 1674 3649 1727 ἀντὶ
3678 1675 3784 1734 τοῦ.

526 1777 691 1816 mania
721 1770 915 1816 natura
942 1732 1137 1816 audiat
1166 1732 1288 1832 quae
1318 1761 1599 1826 dicuntur,
1623 1769 1678 1814 et
1701 1760 1929 1829 quilibet
1959 1761 2111 1832 sigil-

2219 1756 2326 1808 Καὶ
2357 1758 2510 1827 κοινῇ
2647 1755 2809 1826 φύσις
2857 1759 3149 1813 ἀκουσάτω
3188 1759 3298 1827 τῶν
3338 1732 3672 1833 λεγομένων,
3707 1732 3788 1819 καί

529 1852 683 1907 latim
731 1853 1020 1922 percipiat.
1068 1872 1086 1903 ‹
1126 1852 1301 1906 Simul
1342 1852 1493 1907 dives
1534 1859 1591 1906 et
1623 1867 1848 1922 pauper.
1880 1870 1898 1903 ι
1938 1851 2116 1906 Simul

2221 1846 2327 1917 ἰδίᾳ
2379 1846 2613 1910 ἕκαστος
2662 1847 2763 1918 τὴν
2805 1848 3079 1919 ὠφέλειαν
3118 1851 3476 1921 καρπούσθω.
3528 1875 3547 1907 ι
3590 1855 3716 1909 Ἐπὶ
3741 1858 3789 1910 τὺ

530 1954 595 2013 οι,
632 1961 729 2001 νοε
785 1948 878 2011 qui
928 1946 1137 2001 divitiis
1172 1945 1434 2010 alllnitis,
1489 1957 1543 1999 et
1583 1960 1682 2001 vos
1721 1946 1812 2015 qui
1858 1946 2116 2015 pauperie

2216 1936 2350 1989 αὐτὸ
2397 1936 2651 2000 πλούσιος
2701 1937 2796 1991 καὶ
2842 1940 3033 2009 πένης.
3059 1958 3078 1990 ι
3138 1941 3297 1995 Κατὰ
3328 1943 3376 1994 τ’
3401 1944 3593 1996 αὑτὺ³⁹
3628 1948 3725 2000 καὶ
3748 1950 3788 2000 0t

530 2037 706 2107 pressi
743 2038 897 2103 estis,
934 2038 1366 2092 admonitionem
1420 2039 1670 2107 accipite.
1702 2037 1837 2092 Nam
1865 2039 2114 2093 doctrina

2218 2026 2432 2096 πλούτῳ
2458 2028 2759 2098 κομῶντες,
2790 2030 2886 2083 καὶ
2906 2033 2956 2084 οί
2982 2031 3144 2104 πενίᾳ
3170 2032 3462 2099 συζῶντες,
3486 2035 3585 2108 τήν
3603 2039 3786 2107 παραί-

532 2129 699 2194 hujus
727 2130 1002 2185 sermonis
1031 2129 1350 2184 divitiarum
1396 2140 1451 2184 et.
1490 2132 1829 2201 paupertatis
1858 2131 2115 2187 diﬂ'eren-

531 2223 663 2275 tiam
700 2235 807 2275 non
841 2223 1013 2275 novit.

603 2306 770 2363 Vens.
801 2308 865 2376 1,
894 2306 952 2364 Β.
991 2330 1008 2361 ι
1045 2312 1114 2365 Os
1150 2326 1329 2364 meum
1376 2311 1630 2383 loquetur
1671 2315 2028 2383 sapientiam,
2062 2325 2117 2371 et

531 2400 813 2456 meditatio
839 2404 1020 2457 cordis
1052 2405 1156 2457 mei
1190 2404 1557 2474 prudentiam.
1592 2404 1871 2460 lnelinabo
1909 2408 1976 2462 ad
2012 2424 2112 2478 pa-

530 2491 773 2551 rabolam
812 2510 1000 2549 aurem
1033 2511 1229 2560 meam,
1258 2496 1498 2565 aperiam
1540 2497 1592 2550 in
1628 2497 1886 2567 psalterio
1912 2514 2113 2570 propo-

531 2588 785 2646 sitionem
817 2604 1014 2643 mcam.
1049 2608 1067 2639 ι
1106 2587 1284 2644 Verba
1313 2605 1454 2654 mea,
1488 2590 1684 2660 inquit,
1722 2590 1879 2660 plena
1906 2592 2117 2661 sapien-

530 2680 622 2737 tiai
650 2691 796 2737 sunt.
832 2679 956 2736 Haec
982 2691 1165 2735 autem
1198 2680 1356 2735 didici
1380 2721 1395 2745 ,
1428 2682 1607 2737 verbis
1640 2681 1887 2746 Domini,
1913 2699 2035 2754 quae
2060 2684 2112 2737 in

529 2770 804 2844 profundo
831 2771 1079 2824 demersa
1107 2779 1255 2835 sunt,
1288 2787 1476 2826 aurem
1509 2771 1953 2826 accommodans.
1984 2771 2116 2838 Quae

530 2878 662 2919 vero
685 2862 914 2916 auribus
947 2861 1186 2931 percepi,
1215 2877 1312 2932 per
1342 2862 1584 2934 linguam
1619 2863 1765 2918 velut
1791 2879 1887 2933 per
1918 2864 2119 2919 instru-

532 2963 774 3010 mentum
819 2953 1058 3024 profero.
1090 2952 1221 3007 Vult
1249 2963 1432 3009 autem
1490 2955 1673 3010 dicere
1729 2970 1789 3010 se
1826 2956 1959 3009 nihil
1991 2972 2116 3025 pre-

531 3046 714 3117 prium
747 3046 917 3114 loqui,
945 3046 1038 3100 sed
1066 3045 1263 3099 divina:
1294 3047 1482 3115 gratia:
1514 3047 1939 3102 instrumentum
1967 3063 2107 3103 esse.
2137 3081 2180 3138 ο

533 3137 703 3193 Porro
735 3138 1043 3208 parabolas,
1079 3153 1362 3193 sermones
1389 3138 1676 3208 aenigmate
1706 3139 1984 3195 involutos
2013 3156 2110 3209 ap-

532 3233 720 3302 pellat.
766 3229 900 3285 Nam
946 3241 1001 3284 et
1047 3230 1312 3284 Dominus
1359 3245 1453 3295 per
1493 3229 1884 3287 similitudines
1935 3232 2110 3286 turbis

533 3324 794 3388 locutus,
849 3326 1042 3378 harum
1103 3321 1581 3391 interpretationes
1639 3321 1788 3376 domi
1850 3325 2112 3392 apostolis

529 3416 816 3472 aﬂ'erebat.
846 3414 1175 3488 [Propterea
1215 3413 1581 3483 praecedentes
1621 3414 1783 3468 etiam
1817 3415 2010 3484 psalmi
2045 3431 2110 3470 ex

531 3522 724 3565 eorum
773 3523 1006 3577 persona
1046 3505 1260 3561 recitati
1298 3514 1446 3559 sunt.
1483 3504 1703 3561 Chorus
1751 3506 1936 3576 itaque
1979 3523 2109 3576 apo-

532 3599 766 3657 stolicus
795 3599 1115 3667 sapientiam
1152 3596 1281 3661 Dei,
1314 3597 1522 3651 scilicet
1579 3596 1856 3653 Christum
1913 3599 2108 3670 (Chri-

534 3700 654 3747 stus
687 3691 832 3744 enim
879 3689 972 3742 Dei
1004 3689 1178 3743 virtus
1214 3698 1269 3743 et
1301 3687 1393 3743 Dei
1432 3690 1700 3758 sapientia
1730 3690 1794 3755 ρ)
1816 3732 1831 3756 ,
1878 3706 1973 3745 ore
2010 3707 2110 3747 suo

531 3776 748 3841 ferens,
781 3774 958 3828 dixit:
1008 3792 1026 3823 ι
1057 3771 1129 3826 Os
1171 3788 1353 3828 meum
1392 3773 1646 3843 loquetur
1694 3775 2014 3844 sapientiam
2045 3791 2059 3840 ;
2085 3792 2104 3825 ι

533 3867 800 3939 siquidem
831 3866 1159 3935 theologiam
1191 3865 1456 3920 docentes
1482 3865 1758 3919 Christum
1787 3866 1884 3920 toti
1918 3866 2112 3918 huma-

533 3978 606 4017 no
634 3960 820 4033 generi
867 3974 964 4014 ore
1003 3974 1105 4014 suo
1145 3959 1535 4029 praedicarunt.
1583 3959 1748 4031 916
1795 3960 2111 4014 Intellectus

532 4069 664 4109 vero
693 4067 886 4107 eorum
926 4050 1065 4105 nihil
1097 4051 1243 4105 aliud
1289 4067 1455 4121 quam
1501 4051 1846 4120 prudentiam
1887 4051 2115 4104 medita-

534 4145 717 4200 batur.
757 4142 911 4198 Mens
933 4158 1124 4197 eorum
1155 4142 1503 4197 autem‘adeo
1532 4151 1692 4195 acuta
1724 4151 1837 4195 erat
1857 4181 1872 4205 ,
1922 4151 1979 4194 ut
2016 4156 2113 4210 pa-

535 4235 755 4290 rabolas
788 4233 1094 4291 Servatoris
1126 4233 1305 4287 nostri
1346 4248 1538 4287 omnes
1573 4233 1627 4285 in
1665 4232 1839 4287 sacris
1870 4230 2106 4301 Evange-

534 4308 625 4380 liis
669 4326 978 4395 propositas
1026 4313 1396 4394 intelligerimt
1427 4367 1442 4390 ,
1501 4333 1795 4391 antequam
1852 4324 1965 4392 ipse
2021 4338 2113 4377 eas

2217 2136 2364 2172 νεσιν
2391 2120 2646 2184 δέξασθαι
2666 2120 2733 2178 ιθ.
2765 2122 3005 2177 Πλούτου
3026 2125 3133 2197 γὰρ
3160 2125 3255 2179 καὶ
3281 2129 3471 2191 πενίας
3495 2130 3524 2181 6
3544 2129 3790 2185 διδασκα-

2215 2209 2366 2275 λικὸς
2390 2212 2549 2280 λόγος
2584 2213 2682 2265 οὐκ
2707 2209 2815 2266 οἵδε
2843 2214 3131 2288 διαφοράν.

2284 2303 2348 2369 δ’,
2379 2310 2438 2357 ε’.
2483 2324 2501 2355 ι
2525 2304 2599 2356 Τὸ
2627 2305 2804 2375 στόμα
2832 2323 2933 2377 μου
2967 2308 3192 2381 λαλήσει
3217 2312 3439 2379 σοφίαν,
3473 2313 3567 2366 καὶ
3588 2316 3622 2385 ή
3646 2313 3789 2384 μελέ-

2212 2411 2282 2466 τη
2314 2397 2412 2466 τῆς
2440 2396 2669 2466 καρδίας
2698 2415 2800 2469 μου
2834 2398 3075 2456 σύνεσιν.
3132 2402 3316 2456 Κλινῶ
3356 2406 3436 2468 είς
3479 2408 3787 2479 παραϐολὴν

2213 2490 2274 2543 τὸ
2303 2485 2396 2553 οὖς
2425 2508 2552 2560 μονα
2589 2491 2789 2557 ἀνοίξω
2819 2493 2875 2544 ἐν
2900 2492 3188 2565 ψαλτηρίῳ
3216 2495 3277 2548 τὸ
3303 2497 3603 2568 πρόϐλημά
3627 2516 3782 2569 μου.»

2216 2581 2495 2649 Emptum“,
2528 2583 2691 2652 φησὶ,
2745 2583 2921 2653 μεστὰ
2950 2584 3018 2636 τὰ
3047 2587 3178 2654 παρ’
3205 2587 3341 2657 ἐμοῦ
3375 2592 3786 2662 προσφερόμενα

2176 2690 2177 2693 ’
2218 2673 2437 2743 ῥήματα
2462 2689 2476 2704 ⁸
2537 2673 2835 2743 μεμάθηκα
2876 2676 2933 2728 δὲ
2982 2677 3157 2730 ταῦτα
3205 2681 3319 2742 τοῖς
3349 2682 3406 2733 ἐν
3430 2680 3677 2750 βάθεα-ιιι
3706 2699 3786 2735 κε-

2215 2766 2559 2835 κρυμμένοις
2581 2766 2677 2818 τοῦ
2693 2768 2738 2797 ⁸³
2761 2769 2966 2839 Κυρίου
2986 2769 3168 2837 λόγοις
3188 2770 3285 2842 τήν
3305 2772 3473 2844 ἀκοὴν
3490 2773 3783 2839 among“.

2220 2857 2287 2910 Ἀ
2314 2857 2372 2910 δὲ
2401 2857 2489 2911 διὰ
2518 2859 2615 2928 τῆς
2640 2858 2813 2929 ἀκοῆς
2843 2859 3137 2932 ἐδεξάμην,
3169 2862 3342 2915 ταῦτα
3370 2863 3446 2926 ὡς
3473 2863 3542 2917 δι’
3562 2866 3785 2936 ὀργάνου

2216 2950 2479 3020 προφέρω
2510 2951 2608 3021 τῆς
2633 2950 2901 3021 γλώττης.
2922 2952 3184 3008 Βούλεται
3206 2956 3261 3008 δέ
3291 2957 3491 3021 εἰπεῖν,
3520 2958 3606 3010 ὅτι
3628 2959 3784 3011 Οὐδὲν

2214 3043 2347 3095 ἴδιον
2398 3041 2739 3113 φθέγγομαι,
2790 3043 2928 3098 ἀλλὰ
2977 3045 3078 3115 τῆς
3119 3045 3270 3110 θείας
3296 3049 3414 3118 είμὶ
3448 3049 3673 3119 χάριτος
3698 3051 3785 3121 δρ-

2212 3151 2397 3203 γανον.
2457 3136 2872 3203 Παραϐολὰςη
2905 3136 2963 3189 δὲ
3011 3138 3172 3191 καλεῖ
3209 3140 3337 3203 τοὺς
3364 3141 3784 3211 αἰνιγματώδεις

2211 3225 2423 3294 λόγους.
2458 3225 2568 3279 Καὶ
2595 3226 2763 3297 γὰρ⁵⁶
2789 3229 2818 3280 6
2840 3226 3047 3297 Κύριος
3072 3228 3454 3300 παραϐολικῶς
3475 3234 3592 3295 τοῖς
3611 3232 3783 3304 ὄχλοις

2211 3317 2591 3387 διαλεγόμενος
2608 3317 2674 3383 ⁸⁷,
2694 3321 2807 3382 τοῖς
2836 3320 3159 3384 ἀποστόλοις
3204 3322 3327 3375 κατ’
3351 3319 3500 3375 οἷκον
3524 3324 3728 3377 τούτων
3743 3323 3782 3355 ⁸⁸

2211 3408 2314 3473 τὰς
2363 3411 2661 3482 ἑρμηνείας
2712 3413 3074 3486 προσέφερεν.
3136 3413 3216 3487 [⁸⁸
3234 3416 3324 3469 Διὸ
3374 3415 3654 3482 ἐξαύτῶν
3693 3418 3783 3471 τοῦ

2212 3502 2507 3574 προσώπου
2559 3505 2656 3556 καὶ
2704 3506 2753 3558 οἱ
2801 3505 3117 3577 ἔμπροσθεν
3156 3509 3781 3581 ἀνεφωνοῦντοψαλμοί.

2225 3596 2282 3647 '0
2309 3597 2483 3648 τοίνυν
2500 3596 2660 3666 χορὸς
2691 3599 2718 3649 6
2747 3599 3105 3662 ἀποστολικδς
3146 3600 3248 3672 τὴν
3280 3602 3473 3670 σοφίαν
3500 3602 3598 3655 τοῦ
3631 3602 3779 3669 Θεοῦ,

2211 3685 2414 3755 δηλαδὴ
2446 3687 2536 3739 τὸν
2563 3688 2831 3755 Χριστόν⁹
2871 3690 3106 3759 Χριστὸς
3135 3691 3245 3763 γὰρ
3273 3691 3409 3745 Θεοῦ
3433 3693 3664 3764 δύναμις
3695 3694 3782 3747 καὶ

2211 3775 2346 3829 Θεοῦ
2379 3777 2541 3846 σοφία
2562 3794 2576 3807 ·
2636 3778 2726 3831 διὰ
2757 3778 3029 3847 στόματος
3058 3779 3260 3851 φέρων,
3301 3779 3475 3850 ἔλεγε,
3518 3800 3537 3832 ι
3564 3781 3641 3834 Τὸ
3667 3782 3779 3834 στό-

2214 3886 2289 3939 μα
2319 3885 2419 3939 μου
2453 3869 2674 3941 λαλήσει
2707 3870 2900 3939 σοφίαν
2926 3888 2939 3901 ’
2970 3890 2990 3923 ι
3051 3873 3237 3942 ἐπειδὴ
3278 3872 3369 3925 τὸν
3398 3873 3638 3944 Χριστὸν
3669 3873 3779 3925 Bso-

2211 3960 2498 4030 λογοῦντες
2549 3965 2631 4027 εἰς
2684 3965 2793 4017 πᾶν
2834 3964 2992 4032 γένος
3034 3965 3338 4036 ἀνθρώπων
3371 3967 3676 4035 ἐκήρυττον
3708 3965 3781 4033 τῷ

2212 4053 2421 4106 ἑαυτῶν
2466 4054 2716 4125 στόματι.
2776 4055 2859 4108 Τὰ
2903 4055 2958 4108 δὲ
3006 4056 3105 4124 τῆς
3142 4057 3387 4119 διανοίας
3417 4056 3602 4109 αὐτῶν
3639 4058 3782 4110 οὐδὲν

2211 4144 2399 4217 ἕτερον
2438 4146 2469 4217 ἢ
2507 4148 2753 4209 συνέσεις
2783 4148 3034 4217 ἐμελέτα.
3060 4147 3215 4201 Οὕτω
3242 4147 3299 4200 δὲ
3340 4147 3522 4200 αὐτῶν
3554 4148 3782 4217 ἡκόνητο

2212 4239 2349 4307 πρὸς
2377 4239 2592 4290 σύνεσιν
2621 4240 2648 4291 6
2671 4238 2828 4306 νοῦς,
2889 4239 2965 4301 ὡς
2996 4240 3097 4303 τὰς
3129 4239 3451 4310 παραϐολὰς
3484 4240 3578 4293 τοῦ
3608 4240 3780 4309 Σωτῆ-

2215 4348 2306 4401 ρος
2338 4330 2494 4401 ήμών
2526 4330 2624 4393 τὰς
2660 4332 2718 4383 ἐν
2745 4333 2856 4392 τοῖς
2885 4330 3242 4399 Εὐαγγελίοις
3269 4332 3578 4400 φερομένας
3611 4334 3782 4383 συνεί⁶

537 4417 1013 4486 interpretaretur.
1058 4416 1234 4470 Simul
1275 4430 1339 4469 ac
1377 4417 1560 4484 itaque
1601 4415 1853 4469 Salvator
1882 4416 2121 4486 parabo-’

2218 4438 2306 4473 ναι
2340 4423 2522 4485 πάσας
2544 4463 2558 4481 ,
2612 4424 2707 4475 καὶ
2754 4425 2859 4494 πρὸ
2895 4425 2996 4493 τῆς
3032 4425 3197 4478 αὐτοῦ
3225 4425 3544 4495 ἑρμηνείας.
3579 4424 3783 4477 Αὐτίκα

536 4510 617 4566 las
649 4512 1028 4581 exposuisset,
1061 4508 1416 4575 interrogavit
1451 4521 1548 4560 eos
1583 4506 1812 4560 dicendo
1850 4525 1864 4561 :
1913 4525 1931 4557 ‹
1970 4507 2109 4560 Νιιιη

536 4600 882 4657 intellexistis
914 4603 1029 4654 haec
1056 4599 1281 4653 omniaq
1305 4597 1328 4649 ?
1356 4616 1374 4648 ι
1411 4596 1489 4649 illi
1522 4610 1650 4649 vero
1678 4597 2108 4664 responderunt,

540 4691 650 4746 Ita.
704 4691 814 4746 Cor
874 4691 1056 4759 itaque
1109 4702 1297 4741 eorum
1354 4684 1722 4740 meditabatur
1772 4685 2106 4754 prudentias.

537 4783 746 4840 Deinde
775 4782 1038 4853 aperiam,
1074 4779 1272 4852 inquit,
1305 4779 1361 4833 in
1394 4778 1652 4848 psalterio
1677 4779 2110 4849 propositionem

609 4909 636 4949 ρ
668 4898 688 4951 1
717 4899 844 4953 Cor.
878 4913 929 4961 ι,
958 4897 1048 4948 24.
1122 4904 1150 4943 ει
1179 4892 1366 4948 Matth.
1409 4909 1549 4960 xm,
1591 4895 1682 4949 51.

2219 4512 2372 4581 γοῦν,
2406 4513 2546 4583 μετὰ
2567 4517 2664 4584 τὴν
2686 4514 2901 4567 ἔκθεσιν
2925 4516 3031 4567 τῶν
3054 4503 3402 4585 παραϐολῶν,
3427 4516 3455 4567 6
3479 4516 3579 4585 μὲν
3597 4514 3783 4583 Σωτὴρ

2218 4604 2405 4676 ἠρώτα
2446 4607 2646 4670 αὐτοὺς
2686 4608 2891 4675 λέγων,
2954 4627 2972 4658 ι
3006 4609 3283 4677 Συνήκατε
3322 4606 3495 4659 ταῦτα
3531 4607 3730 4669 πάντας
3758 4622 3777 4653 ι

2217 4700 2267 4750 οἱ
2293 4698 2348 4750 δὲ
2379 4699 2630 4767 λέγουσιν
2662 4700 2831 4773 αὐτῷ,
2866 4702 2999 4755 Ναί.
3059 4700 3123 4753 Ἦ
3163 4701 3361 4770 καρδία
3398 4689 3578 4753 τοίνυν
3607 4697 3782 4751 αὐτῶν

2218 4793 2454 4860 ἐμελέτα
2504 4793 2772 4857 συνέσεις.
2829 4792 2944 4847 Εἶτ’
2976 4790 3070 4847 ἐπὶ
3103 4792 3314 4856 τούτοις
3346 4791 3544 4858 ἀνοίξω
3572 4795 3627 4846 ἐν
3647 4790 3786 4858 ψαλ-

1665 5008 1903 5064 VARUS
1947 5009 2329 5070 LECTIONES
2381 5016 2466 5071 ET
2497 5002 2731 5074 nonis.

592 5103 637 5135 ³⁸
663 5103 785 5157 cod.
817 5102 854 5153 2
878 5099 1196 5170 προσφέρει.
1273 5099 1318 5131 ³³
1340 5099 1463 5154 cod.
1494 5098 1547 5165 ί,
1573 5101 1610 5154 2
1641 5101 1720 5155 δέ.
1795 5104 1841 5133 ³⁵
1880 5101 2013 5166 Τήν.
2045 5104 2125 5156 Ab

2253 5124 2283 5162 a
2330 5110 2454 5163 eod.
2481 5110 2537 5165 2.

535 5172 1002 5239 —xeypnpér0t.
1040 5171 1163 5224 Des.
1196 5170 1337 5238 apud
1370 5170 1537 5224 Cord.
1569 5174 1752 5239 p.95l.

1839 5172 1883 5245 ³7
1918 5170 2422 5245 Ἤδη-λεγομένων.
2468 5183 2635 5237 Abest
2683 5198 2712 5236 a
2765 5182 2886 5237 cod.
2917 5182 2971 5236 2.

2666 5114 2712 5145 ³⁸
2745 5111 2869 5166 cod.
2896 5111 2931 5165 2
2974 5110 3414 5183 Θηριυῆέστεροι.
3514 5111 3560 5142 ³⁵
3585 5112 3654 5165 Οἱ
3675 5113 3786 5179 μὲν

2683 5198 2712 5234 a
2765 5182 2886 5234 cod.
2917 5182 2971 5234 2.
3072 5183 3117 5213 ³⁸
3152 5179 3287 5234 Καί.
3324 5182 3491 5233 Abest
3522 5196 3552 5233 a
3583 5183 3705 5234 cod.
3736 5182 3780 5234 l.

670 5242 870 5321 a"need.
906 5241 941 5292 2
972 5244 1019 5292 τ’
1043 5241 1223 5321 αὐτόν.
1299 5241 1357 5321 δι’.
1374 5241 1497 5294 cod.
1532 5242 1583 5305 1,
1623 5242 1657 5294 2
1694 5241 1953 5321 δέξασθε.
2015 5243 2060 5321 ξι
2090 5249 2126 5297 Σ

2217 5249 2314 5314 ίας
2347 5281 2415 5291 -
2439 5250 2680 5318 χάριτος
2711 5253 2984 5321 ὄργανον.
3012 5252 3216 5305 Horum
3245 5251 3362 5305 loco
3390 5251 3443 5303 in
3468 5252 3586 5305 cod.
3611 5252 3668 5315 3,
3700 5251 3783 5304 ubi

541 5311 760 5385 liusebii
793 5325 988 5385 nomen
1022 5311 1186 5385 simul
1219 5311 1516 5379 ascriptum
1547 5323 1650 5385 est,
1669 5327 1849 5385 pauca
1895 5313 2000 5385 ista
2024 5320 2126 5385 tant

2216 5333 2233 5368 ι
2271 5311 2532 5374 exstant?
2565 5311 2755 5374 Ταῦτᾶ
2781 5311 2836 5374 δὲ
2864 5323 2957 5375 καὶ
2995 5322 3103 5375 ἀπὸ
3131 5321 3238 5373 τῶν
3275 5321 3449 5385 ἁγίων
3480 5311 3785 5373 ἀποστόλων

539 5379 1076 5458 δύναταιλλέγεσραι.
1118 5382 1192 5458 Ita
1238 5395 1455 5458 quoque
1487 5381 1628 5458 apud
1666 5382 1866 5458 Euseb.
1895 5382 1962 5434 ad
1992 5382 2043 5458 h_.
2072 5383 2107 5437 l.

2216 5387 2365 5452 ;itur.-
2446 5389 2493 5421 ’δ’
2528 5391 2654 5457 Τοῖς
2679 5393 2749 5445 ὲν
2776 5391 3018 5456 βάθεσι.
3062 5392 3184 5445 cod.
3222 5391 3246 5442 l
3291 5379 3371 5451 εἷς
3401 5389 3577 5458 βάθος.
3607 5392 3731 5443 cod.
3753 5389 3785 5441 9.

538 5452 652 5517 τοῖς
698 5448 885 5517 βάθεσι
905 5453 1036 5515 τοῖς.

540 5516 667 5573 llaec
700 5516 812 5574 fere
867 5521 1056 5588 eadem
1107 5530 1235 5576 sunt
1283 5535 1409 5573 cum
1443 5519 1550 5572 illis
1589 5516 1712 5588 qua:
1767 5521 1965 5574 Euseb.
2000 5522 2066 5575 ad
2104 5522 2157 5577 h.
2197 5526 2231 5580 Ι.
2271 5528 2451 5581 habet.

540 5590 662 5642 cod.
704 5589 739 5642 2
759 5661 767 5662 ί
787 5591 936 5646 addit
974 5587 1062 5662 ἦν.

544 5661 807 5717 mentario
838 5663 905 5717 ad
938 5661 1005 5715 h.
1026 5665 1062 5716 Ι.

1137 5451 1182 5482 ⁸⁸
1236 5449 1379 5504 Τοῦ.
1405 5450 1526 5524 eod.
1559 5449 1595 5502 2
1628 5466 1813 5524 praem.
1852 5453 1924 5524 év_
1954 5452 2114 5524 10i;._
2178 5449 2224 5487 δῖ
2251 5460 2372 5512 eod.
2400 5459 2437 5511 2
2491 5449 2719 5524 ἐπιθὲίς.

2821 5462 2867 5492 δι
2902 5465 3067 5529 "apd

2564 5529 2610 5560 ⁸⁵
2651 5531 2770 5584 rod.
2802 5532 2837 5584 2

3071 5458 3255 5524 ϐολὰς
3292 5489 3364 5502 --
3397 5460 3781 5527 προσέφερεν.

2861 5547 3047 5600 praem.
3085 5531 3140 5584 ἃ.
3189 5598 3198 5600 _
3254 5529 3781 5600 δἠΔιαλεγῖόμξνος.

1156 5592 1202 5623 ⁸⁸
1239 5591 1492 5645 Τούτων.
1525 5590 1691 5644 Abest
1731 5605 1759 5643 a
1801 5591 1922 5644 cod.
1954 5590 2008 5644 2.
2086 5590 2128 5623 ⁸³
2160 5595 2201 5647 Ε
2228 5596 2348 5650 eod.
2381 5598 2414 5651 5
2437 5599 2618 5668 suppl.
2657 5599 2839 5656 Pauca
2862 5590 3086 5656 illorum
3115 5598 3280 5655 habet
3307 5590 3596 5655 Ettseinii
3616 5590 3783 5654 Com-
