3870 6322
149 298 243 365 m1

1381 299 1461 359 IN
1492 298 1698 357 PSAL.
1739 294 2010 356 XLVIII.

3200 291 3332 358 1222

142 421 280 488 τηρίῳ
301 412 353 466 τὸ
374 409 650 481 πρόϐλημά
677 427 800 480 μου.
830 411 971 481 Ἐγὼ
998 414 1099 484 μὲν
1121 414 1249 484 γάρ,
1276 415 1429 483 φησὶ,
1454 414 1648 481 ἀκονή-

1760 425 1953 463 meum.
1991 409 2102 479 Ego
2133 407 2314 472 enim,
2368 405 2580 475 inquit,
2635 404 2731 474 qui
2774 405 3108 461 intellectum
3150 424 3332 461 meum

144 524 222 572 σας
256 505 307 558 τὸ
341 503 660 573 διανοητικόν
711 520 813 574 μου
856 506 936 568 εἰς
962 505 1180 560 σύνεσιν
1211 505 1320 560 τῶν
1354 505 1641 576 σωτηρίων

1760 501 1895 566 icui,
1930 508 1989 554 ut
2014 514 2240 555 sensum
2270 495 2595 554 salutarium
2623 496 2974 552 oraculorum
3007 497 3334 568 perspiciat,

143 594 410 668 παραϐολῶν
446 592 735 664 δεδύνημαι
765 596 1210 667 ἐπακολουθῆσαι
1236 602 1305 670 τῇ
1331 599 1645 669 ἐμφερομέ-

1749 605 1986 647 mentem
2018 606 2140 661 qua:
2168 590 2274 645 illis
2308 591 2453 645 inest
2498 589 2719 659 assequi
2760 588 2913 658 potui
2944 605 2958 641 :
3004 589 3125 645 istis
3152 600 3335 644 autem

142 708 190 760 νῃ
229 690 278 739 ὲν
314 686 484 746 αὑταῖς
528 683 742 756 διανοίᾳ
766 703 781 717 ’
846 690 963 750 τοῖς
991 688 1050 742 δὲ
1081 690 1158 760 μὴ
1190 688 1356 744 τοῦτο
1379 691 1646 760 πράττειν

1760 686 1839 754 qui
1870 684 1941 738 ob
1978 684 2291 738 intellectus
2322 682 2751 737 imbecillitatem
2793 681 2898 736 hoc
2930 696 3040 736 non
3066 692 3335 751 possunt,

142 776 398 848 δυναμένοις
426 776 507 829 διὰ
536 778 868 848 νηπιότητα,
903 780 1104 845 ἀνοίξω
1131 781 1199 834 τὰ
1224 782 1643 851 κεκρυμμένα⁸⁹

142 875 212 927 καὶ
233 871 516 940 διασαφήσω
544 871 614 923 τὰ
645 871 1012 943 προϐλήματα
1043 873 1140 927 καὶ
1165 875 1266 939 τὰς
1292 875 1607 945 παραϐολάς
1627 892 1643 907 ·

144 967 213 1020 καὶ
248 964 398 1017 ταῦτα
429 963 620 1035 πράξω
666 965 757 1019 διὰ
789 963 887 1019 τοῦ
916 965 1050 1037 ὲμοῦ
1079 968 1385 1039 ψαλτηρίου
1415 969 1512 1024 τοῦ
1542 987 1647 1024 σω-

145 1055 330 1128 ματικοῦ
355 1055 544 1127 δηλαδὴ
576 1055 837 1127 ὀργάνου,
852 1058 991 1128 ὅπερ
1020 1059 1255 1129 ὄργανον
1280 1062 1384 1131 τῆς
1407 1063 1648 1117 ένοικού-

143 1170 218 1223 σης
257 1153 308 1204 ιν
336 1149 470 1222 αύτῷ
494 1148 678 1221 ψυχῆς
704 1151 980 1222 τυγχάνον
1011 1154 1136 1207 ἀντὶ
1152 1153 1346 1225 Ψαλτη
1357 1155 1477 1225 ρίου
1508 1157 1644 1226 αὐτῇ

143 1242 460 1315 παραδέδοται,
493 1242 632 1314 πρὸς
655 1244 719 1297 τὸ
741 1244 1148 1317 ἀνακρούεσθαι
1173 1249 1232 1301 ὲν
1256 1246 1408 1316 αὐτῷ
1430 1248 1510 1319 τῷ
1530 1248 1649 1319 Θεῷ

141 1341 236 1404 τοὺς
261 1338 438 1409 ὕμνους
488 1337 589 1390 καὶ
632 1337 986 1410 ἀναπέμπειν
1013 1339 1243 1395 ἕκαστον
1266 1340 1645 1412 αἰσθητήριον,

144 1432 208 1484 καὶ
247 1429 388 1501 μέλος
447 1427 539 1483 κα)⁴
594 1428 761 1500 μέρος
812 1429 910 1483 τοῦ
957 1431 1212 1502 σώματος
1263 1433 1649 1503 ἐπιστημόνως

142 1519 403 1592 mairum]
455 1518 643 1573 Ταῦτα
664 1520 710 1553 ⁸³
757 1519 836 1582 ὡς
881 1522 939 1575 ὲν
968 1523 1244 1593 προοιμίῳ
1272 1522 1560 1590 διεξελθὼν
1579 1524 1646 1589 δ’,

141 1614 374 1685 ἇρχεται⁵³
402 1612 587 1667 λοιπὸν
618 1615 720 1684 τῆς
750 1614 1159 1685 παραινέσεως.

191 1703 248 1769 ς’.
287 1704 469 1758 «Ἰνατὶ
501 1703 781 1775 φοϐοῦμαι
816 1707 874 1759 έν
902 1706 1087 1779 ήμέρα
1118 1709 1358 1777 πονηρᾷς
1391 1708 1649 1779 ήάνομία

142 1796 211 1863 τῆς
229 1797 432 1867 πτέρνης
457 1812 559 1867 μου
574 1795 623 1827 ³⁸
655 1795 927 1849 κυκλώσει
954 1813 1043 1868 με.
1060 1817 1078 1848 ι
1109 1797 1267 1852 Δέδια
1278 1798 1323 1831 ⁸³
1345 1799 1439 1851 καὶ¹
1460 1800 1649 1870 τρέμω

141 1888 210 1959 τὴν
252 1890 439 1959 ἡμέραν
488 1888 595 1959 τῆς
644 1889 1061 1954 ἀνταποδόσεως
1079 1890 1155 1956 ⁵⁸,
1218 1886 1346 1964 ένῇ
1387 1891 1416 1943 ό
1444 1891 1652 1954 δίκαιος

140 1978 300 2048 Κριτής
319 1979 742 2033 ἁνταποδώσει⁸⁷
777 1980 996 2051 ἑκάστῳ
1030 1979 1175 2036 κατὰ
1204 1980 1272 2034 τὰ
1303 1980 1442 2050 ἔργα
1462 1982 1649 2036 αὑτοῦ.

140 2068 198 2139 [⁸⁸
214 2070 357 2123 Τοῦτο
382 2071 436 2124 δὲ
468 2072 693 2139 γνόντες
748 2072 846 2128 καὶ
884 2072 1040 2126 αὐτοὶ.
1089 2073 1183 2127 τὸν
1238 2073 1485 2129 τοιοῦτον
1546 2075 1654 2147 πρὸ

140 2161 376 2233 ὀφθαλμῶν
393 2165 691 2219 ἀναλάϐετε
709 2165 895 2235 φόϐον.
912 2166 974 2220 Et
991 2164 1101 2236 γὰρ
1122 2164 1232 2233 ἑγὼ
1247 2166 1278 2218 ό
1294 2164 1655 2237 δεδυνημένος

138 2255 367 2321 εἱπεῖν,Τὸ
396 2257 569 2330 στόμα
603 2275 705 2327 μου
738 2258 966 2328 λαλήσει
997 2259 1222 2328 σοφίαν,
1259 2258 1356 2311 καὶ
1385 2260 1419 2329 ή
1454 2258 1653 2330 μελέτη

140 2346 211 2415 τῆς
246 2348 449 2418 καρδίας
495 2367 609 2420 μου
662 2350 944 2415 συνέσεις,
998 2349 1168 2403 κλινῶ
1216 2352 1298 2414 εἰς
1340 2351 1655 2422 παραϐολὴν

138 2440 181 2492 τὸ
201 2437 276 2506 οὖς
302 2460 415 2513 μου,
450 2444 597 2515 μετά
623 2444 799 2498 ταῦτα
827 2444 1065 2516 ἔμφοϐός
1094 2447 1211 2516 εἰμι
1238 2447 1335 2499 καὶ
1361 2445 1649 2518 ἔντρομοςο

138 2530 243 2587 διατι
284 2536 391 2605 οὐχὶ
438 2539 534 2591 καὶ
587 2537 780 2608 ὕμεῖςς
838 2538 901 2590 Ei
940 2537 999 2591 δέ
1041 2555 1128 2601 τις
1158 2538 1484 2594 πυνθάνοιτο
1515 2543 1655 2595 ἰνατί

138 2625 372 2697 φοϐοῦμαι,
396 2630 651 2683 ἀκουέτω
682 2630 821 2699 μετά
846 2630 1163 2702 παρρησίας
1179 2649 1193 2664 ·
1227 2631 1345 2686 ἔστι
1372 2650 1456 2697 τις
1475 2635 1655 2706 ἡμέρα

139 2719 302 2787 πονηρά
347 2721 469 2790 περὶ
512 2717 584 2793 ἦς
644 2720 815 2791 μυρία
867 2725 926 2774 ἐν
968 2723 1091 2784 ταῖς
1124 2727 1492 2793 προφητικαῖς
1525 2728 1656 2777 ἁνα-

136 2813 340 2874 φωνείται
354 2810 648 2884 Γραφαίς.]
671 2811 854 2874 Alt-to;
873 2812 918 2843 ⁵³
938 2811 996 2864 δέ
1025 2829 1114 2882 μοι
1136 2813 1231 2866 τοῦ
1254 2813 1409 2877 δέους
1430 2818 1460 2868 ό
1481 2817 1657 2887 παρά-

135 2915 257 2968 νομος
274 2901 395 2971 βίος,
423 2904 486 2957 δι’
509 2905 573 2959 ὃν
607 2903 709 2973 τῆς
727 2888 949 2965 ἐὐθείας
981 2904 1292 2977 ἐξετράπην
1317 2905 1458 2959 ὀδοῦ.
1490 2907 1655 2976 Τὴνω

134 2992 215 3064 γὰρ
239 2995 479 3065 πτέρναν
519 2998 660 3053 ἔνιοι
694 2996 796 3066 μὲν
825 2996 922 3050 τοῦ
951 2996 1068 3067 βίου
1098 2998 1202 3070 τὴν
1230 3000 1350 3053 ὁδὸν
1381 3000 1656 3071 προσηγό-

1750 776 1992 845 aperiam
2030 777 2282 841 occulta,
2321 785 2374 828 et
2421 790 2690 845 exponam
2739 774 2847 829 illis
2897 774 3232 843 problemata
3271 789 3338 829 ac

1749 867 2065 938 parabolas,
2096 866 2259 935 idque
2285 880 2384 935 per
2409 865 2735 920 Psalterium
2759 880 2942 920 meum
2977 864 3195 930 faciam,
3230 867 3338 921 sci-

1750 958 1876 1011 licet
1902 970 1994 1024 per
2021 969 2348 1024 corporeum
2377 954 2800 1009 instrumentum
2824 973 2838 1021 ;
2873 964 3060 1024 utpote
3082 956 3228 1027 quod
3253 966 3339 1011 cst

1750 1048 2182 1102 instrumentum
2227 1041 2426 1097 animai
2482 1042 2633 1097 intus
2689 1043 3029 1112 habitantis,
3078 1047 3153 1100 illi
3213 1046 3337 1101 loco

1749 1135 2000 1191 Psalterii
2034 1133 2245 1195 datum,
2283 1141 2345 1186 ut
2369 1148 2539 1202 super
2579 1133 2674 1188 illo
2708 1134 2945 1205 hymnos
2979 1135 3036 1189 in
3074 1137 3336 1192 honorem

1753 1223 1849 1280 Dei
1885 1225 2086 1295 pulset,
2112 1240 2486 1294 sensuumque
2518 1239 2723 1294 organa
2751 1226 2971 1292 excitet,
3004 1229 3251 1283 membra
3279 1238 3337 1283 et

1754 1326 1936 1384 partes
1986 1317 2238 1386 corporis
2289 1331 2485 1371 omnes
2530 1318 2667 1372 scite
2712 1317 3008 1390 movens.]
3056 1317 3183 1375 Haec
3216 1330 3338 1375 tan-

1752 1424 1915 1478 quam
1958 1409 2014 1462 in
2046 1409 2272 1464 exordio
2298 1409 2556 1479 praefatus
2576 1450 2591 1476 ,
2630 1411 2914 1465 exorditur
2941 1411 3203 1482 deinceps
3242 1413 3341 1467 adn

1752 1500 2139 1555 munitionem.

1828 1697 1993 1753 Vens.
2031 1698 2086 1753 6.
2146 1716 2168 1751 ι
2201 1697 2311 1754 Cur
2345 1698 2550 1754 timebo
2578 1698 2667 1754 die
2700 1698 2890 1754 malo?
2931 1699 3196 1771 iniquitas
3226 1703 3341 1756 cal-

1754 1791 1908 1846 canei
1935 1792 2042 1846 mei
2071 1791 2439 1847 circumdabit
2480 1807 2585 1848 me.
2619 1811 2639 1844 ι
2683 1791 2873 1848 Timeo
2899 1803 2953 1848 et
2983 1796 3342 1864 perhorresco

1755 1882 2135 1938 retributionis
2179 1884 2360 1949 diem,
2410 1884 2463 1937 in
2519 1900 2629 1953 quo
2670 1884 2856 1955 justus
2898 1885 3073 1942 Judex
3115 1889 3343 1944 cuilibet

1755 1975 1920 2046 917
1947 1976 2254 2031 secundum
2282 1990 2452 2046 opera
2482 1975 2603 2045 ejus
2623 1979 2908 2033 retribuet.

1832 2065 1853 2139 [
1877 2066 1994 2122 Hoc
2035 2077 2221 2122 autem
2256 2069 2495 2122 scientes
2519 2068 2771 2124 eumdem
2805 2085 2917 2139 pra:
2944 2071 3119 2127 oculis
3140 2071 3342 2128 habea-

1756 2160 1828 2215 tis
1863 2160 2138 2214 timorem.
2178 2158 2316 2212 (lum
2358 2160 2509 2213 enim
2538 2175 2669 2229 ego,
2700 2161 2795 2231 qui
2823 2162 3008 2217 dicere
3044 2164 3236 2234 potui,
3277 2180 3346 2220 os

1755 2265 1938 2306 meum
1966 2252 2218 2320 loquetur
2241 2253 2588 2321 sapientiam,
2616 2262 2672 2307 et
2696 2254 2987 2310 meditatio
3014 2257 3199 2312 cordis
3229 2260 3343 2312 mei

1755 2343 2101 2415 prudentias,
2142 2343 2421 2398 inclinabo
2460 2344 2527 2400 ad
2560 2344 2881 2414 parabolam
2914 2362 3105 2403 aurem
3134 2363 3341 2413 meam,

1756 2449 1945 2509 postea
1979 2438 2177 2493 timore
2210 2449 2265 2492 et
2308 2446 2516 2492 terrore
2544 2448 2832 2510 correptus
2866 2440 3105 2510 fuerim,
3145 2443 3341 2513 quidni

1755 2532 1919 2586 etiam
1956 2532 2091 2587 vos?
2125 2530 2180 2585 Si
2211 2532 2334 2601 quis
2369 2541 2551 2586 autem
2579 2534 2899 2603 quaesiverit
2934 2549 3034 2589 cur
3075 2536 3340 2603 timeam,

1757 2627 1943 2682 audiat
1975 2630 2226 2695 ingenue,
2251 2643 2374 2681 esse
2399 2628 2542 2681 diem
2566 2627 2858 2696 quemdam
2888 2629 3114 2696 malum,
3136 2632 3202 2687 de
3230 2646 3343 2702 quo

1757 2722 2050 2774 innumera
2080 2719 2133 2772 in
2165 2718 2386 2787 scriptis
2420 2719 2810 2788 pi-Opltetarum
2841 2731 3060 2777 exstant
3094 2724 3344 2779 testimo-

1759 2812 1913 2884 nia.]
1966 2812 2145 2866 Causa
2185 2822 2366 2865 autem
2417 2812 2631 2867 timoris
2673 2813 2807 2867 mihi
2846 2823 2931 2867 est
2977 2814 3164 2885 iniqua
3206 2816 3341 2880 vita,

1759 2922 1855 2976 per
1890 2921 2055 2975 quam
2087 2921 2116 2957 a
2154 2915 2301 2958 recto
2332 2904 2552 2959 tramite
2578 2906 2801 2960 diverti.
2830 2904 3151 2961 Calcaneum
3195 2909 3345 2964 enim

1758 3000 1979 3068 quidam
2026 2999 2149 3053 vita:
2191 3001 2291 3053 iter
2342 3008 2771 3068 nuncuparunt:
2811 3014 2915 3069 ego
2968 3015 3101 3055 vero
3143 2999 3344 3072 opinor

137 3101 289 3154 ριυσαν
310 3105 322 3120 ·
371 3091 480 3159 ἐγὼ
505 3092 564 3146 δὲ
595 3086 754 3162 οἶμαι
788 3091 889 3161 τὴν
945 3091 1166 3162 ἀπάτην
1192 3092 1555 3157 αἰνίττεσθαι,
1591 3095 1653 3146 ὲκ

1761 3092 2007 3146 fraudem
2044 3092 2390 3161 significare,
2427 3106 2492 3145 ex
2527 3091 2887 3147 translatione
2919 3108 3248 3160 cursorum,
3284 3106 3344 3150 ιιι

134 3185 394 3253 μεταφορᾶς
407 3185 515 3239 τῶν
528 3185 806 3256 δρομέων,
822 3185 899 3248 ὡς
923 3185 1019 3239 καὶ
1034 3184 1134 3255 ήδη
1153 3188 1566 3256 προειρήκαμεν
1587 3184 1653 3249 ⁸³,

132 3270 234 3343 (αἰτῇ
262 3277 450 3349 πτέρνῃ
484 3277 755 3341 πολλάκις
784 3278 911 3339 τοὺς
937 3277 1349 3342 ἀνταγωνιστὰς
1379 3276 1656 3330 καταϐάλ-

130 3363 261 3419 λουσι.
290 3369 451 3424 Τοῦτο
475 3373 634 3442 ἡμᾶς
662 3370 757 3424 καὶ
780 3371 808 3423 ὁ
837 3368 1008 3423 Ἡσαῦ
1035 3370 1276 3435 ἐδίδαξεν
1297 3370 1650 3439 ὀδυρόμενος·

133 3458 321 3522 Δικαὶως
360 3462 498 3533 γάρ,
554 3462 767 3533 φησὶν,
830 3461 1112 3532 ἐπεκλήθη
1163 3462 1225 3514 τὸ
1271 3461 1444 3530 ϐνομα
1488 3462 1655 3516 αὐτοῦ

138 3546 291 3601 Ἰακώϐ
313 3568 326 3580 ·
388 3552 688 3623 ὲπτέρνικέ
733 3554 861 3624 μεθ’
888 3552 994 3623 γὰρ
1030 3553 1135 3623 ήδη
1170 3552 1428 3622 δεύτερον
1455 3554 1615 3607 τοῦτο
1639 3571 1652 3585 ·

130 3637 679 3714 τὰτε⁶³πρωτοτόκιά
727 3662 831 3713 μου
881 3644 1097 3714 εἴληφε,
1150 3645 1246 3698 καὶ
1293 3645 1388 3698 νῦν
1432 3645 1591 3699 ἔλαϐε
1612 3646 1658 3679 ⁵⁸

128 3730 199 3797 τὴν
230 3733 466 3803 εὐλογίαν
509 3754 671 3808 μου.»
718 3735 995 3804 Πονηρὰν
1021 3736 1077 3790 δὲ
1107 3736 1394 3806 ἡμέρανσδ
1430 3738 1527 3808 τὴν
1555 3738 1656 3807 τῆς

128 3824 312 3889 κρίσεως
339 3830 776 3901 προσηγόρευσε,
810 3828 953 3882 κατὰ
974 3828 1034 3882 τὸ
1065 3828 1197 3901 παρ’
1218 3832 1354 3900 ἡμῖν
1380 3829 1658 3883 πολιτευόι

129 3928 251 3975 μενον
288 3917 420 3982 ἔθος.
489 3921 735 3975 Εἰώθασι
777 3921 888 3991 γὰρ
936 3920 1121 3975 πολλοὶ
1154 3922 1334 3991 κακὴν
1366 3919 1656 3990 ὀνομάζειν

127 4002 316 4075 1Ἰμέραν,
350 4012 407 4063 ὲν
496 4012 769 4083 λυπηροῖς
790 4029 934 4065 τισιν
961 4013 1164 4076 αὐτοὺς
1189 4012 1479 4082 συμϐαίνει
1498 4028 1657 4082 περι-

128 4103 286 4155 πεσεῖν.
320 4101 406 4174 [⁸⁸
424 4106 673 4168 Εἰκότως
709 4104 894 4159 τοίνυν
944 4104 1120 4170 οὕτως
1160 4103 1653 4175 προσαγορεύεται,

127 4186 179 4249 ὥς
203 4189 257 4245 ἂν
281 4195 375 4269 τῆς
406 4200 645 4253 ἑκάστου
669 4198 940 4268 πονηρίας
961 4195 1093 4252 οὖσα
1116 4199 1408 4269 ὲλεγκτική
1426 4212 1440 4226 ⁵
1466 4198 1560 4252 καὶ
1580 4197 1659 4261 ὡς

123 4281 197 4346 τὰς
229 4289 465 4356 κολάσεις
520 4295 639 4355 τοῖς
701 4290 922 4345 ἀσεϐέσι
975 4290 1067 4345 διὰ
1116 4292 1216 4362 τῆς
1252 4291 1658 4363 περιμενούσης

125 4372 267 4437 αὖτῡῖς
311 4380 479 4450 ὀργῆς
529 4383 838 4448 ἐπάγουσα.
902 4382 1003 4435 Διὰ
1039 4380 1201 4435 τοῦτο
1247 4382 1405 4451 κάγὼ
1449 4382 1658 4452 φρίττω

120 4464 309 4522 ὁταῦτα
340 4472 725 4544 φθεγγόμενος
754 4490 771 4503 ·
828 4474 860 4542 ή
899 4472 1009 4543 γὰρ
1043 4473 1245 4543 ἀνομία
1284 4473 1386 4541 τῆς
1421 4475 1660 4545 πτέρνης

124 4568 199 4618 μου
239 4562 349 4612 κατ’
380 4562 560 4634 αὐτὴν
595 4562 812 4631 ἐκείνην
844 4559 944 4630 τὴν
975 4562 1222 4632 πονηρὰν
1262 4561 1533 4616 κυκλώσει
1568 4579 1658 4631 με,

127 4644 327 4716 Ἀνομία
363 4654 422 4707 δὲ
469 4655 738 4723 πτέρνης
767 4652 1020 4707 λέλεκται
1051 4654 1087 4725 ή
1117 4653 1216 4723 τῆς
1243 4653 1396 4718 όδοῦ,
1445 4654 1567 4709 καθ’
1593 4654 1662 4726 ήν

118 4739 186 4792 τὸν
225 4746 462 4814 παρόντα
510 4747 632 4819 βίον
677 4746 972 4818 διανύομεν
998 4787 1016 4816 ,
1090 4746 1457 4819 παρεκτροπὴ
1494 4748 1662 4817 ἤγουν

176 4907 193 4933 τ
222 4880 344 4955 Gen.
375 4918 525 4957 xm!
554 4943 573 4970 ,
608 4901 697 4959 36.
792 4944 796 4946 γ

1753 3186 1866 3254 jam
1893 3185 2154 3253 superius
2177 3183 2421 3237 diximus
2442 3223 2457 3248 ,
2491 3184 2587 3252 qui
2619 3184 2880 3240 calcaueo
2911 3200 3054 3255 sape
3080 3187 3345 3243 adversa-

1759 3278 1870 3331 rios
1926 3276 2215 3345 dejiciunt.
2264 3274 2381 3331 Hoc
2423 3286 2478 3331 et
2526 3276 2669 3332 Esau
2722 3277 2914 3348 lugens
2958 3280 3148 3335 docuit
3194 3295 3342 3336 nos:

1763 3389 1782 3421 ι
1811 3368 1965 3424 Justc
1999 3371 2147 3424 enim
2169 3408 2184 3436 ,
2217 3369 2435 3439 inquit,
2465 3379 2719 3425 vocatum
2747 3379 2835 3426 est
2864 3387 3064 3428 nomen
3104 3373 3225 3445 ejus
3247 3372 3347 3429 Ja-

1757 3464 1861 3517 cob
1886 3481 1898 3516 :
1939 3479 2063 3516 nam
2091 3461 2462 3531 supplantavit
2492 3477 2578 3516 me
2594 3462 2709 3531 jam
2737 3462 2913 3518 altera
2942 3465 3060 3519 vice
3085 3483 3100 3520 :
3139 3465 3346 3536 primo-

1758 3556 1937 3625 genita
1972 3569 2094 3609 mea
2138 3554 2403 3617 abstulit,
2444 3564 2496 3608 ct
2545 3570 2697 3610 nunc
2750 3557 3071 3627 subripuit‘
3117 3559 3363 3614 benedi~

1759 3649 1996 3703 ctionem
2016 3663 2191 3703 meam
2218 3657 2265 3702 ι.
2287 3648 2557 3702 Caeterum
2575 3647 2714 3701 diem
2743 3647 2965 3713 malum,
2981 3651 3173 3718 iudicii
3197 3653 3345 3707 diem

1760 3740 2005 3805 vocavit,
2044 3741 2254 3794 usitato
2286 3752 2440 3792 more
2482 3746 2690 3792 nostro.
2741 3737 2895 3794 Diem
2944 3740 3089 3795 enim
3136 3743 3344 3798 malum

1758 3834 1916 3887 multi
1963 3833 2251 3886 nominare
2286 3831 2503 3895 solent,
2563 3845 2675 3899 quo
2733 3830 2934 3886 accidit
2989 3832 3123 3901 ipsis
3170 3841 3230 3886 ut
3287 3834 3343 3888 in

1757 3923 1972 3992 aliquas
2012 3921 2355 3975 calamitates
2389 3919 2715 3973 inciderent.
2769 3919 3002 3991 [Merito
3041 3922 3228 3993 itaque
3263 3925 3349 3981 sic

1758 4024 2003 4078 vocatur,
2034 4020 2222 4081 utpote
2247 4011 2342 4082 qui
2373 4010 2810 4081 uniuscujusque
2830 4012 2972 4067 mala
2990 4012 3134 4069 facta
3154 4015 3344 4070 redar-

1756 4116 1904 4178 guet,
1936 4114 1991 4160 et
2024 4106 2224 4174 impios
2255 4118 2433 4173 ptems
2464 4110 2689 4172 propter
2712 4103 2852 4160 iram
2878 4104 2989 4160 illis
3020 4105 3348 4164 incumben-

1759 4210 1868 4255 tem
1897 4192 2117 4255 afﬁciet.
2158 4197 2458 4265 Propterea
2496 4196 2664 4251 etiam
2694 4211 2796 4268 ego
2827 4196 2925 4266 qui
2967 4198 3085 4253 haec
3123 4199 3344 4270 loquor,

1758 4295 2142 4364 perhorresco.
2186 4289 2454 4361 lniquitas
2499 4289 2648 4344 enim
2686 4289 2929 4344 calcanei
2967 4291 3074 4345 mei
3116 4306 3182 4346 eo
3221 4293 3347 4363 ipso

1762 4385 1852 4440 die
1900 4384 2069 4455 918
2117 4383 2264 4437 malo
2306 4397 2396 4436 me
2436 4380 2822 4436 circumdabit.
2861 4378 3128 4450 Iniquim
3159 4391 3342 4437 autem

1768 4478 2006 4532 calcanei
2036 4475 2240 4531 dicitur
2276 4474 2380 4529 viae
2409 4512 2425 4538 ,
2477 4488 2584 4543 qua
2641 4473 2955 4529 incedentes
3001 4474 3142 4530 hanc
3175 4475 3345 4530 vitam

1771 4564 2159 4634 transigimus,
2193 4563 2488 4618 declinatio
2521 4564 2636 4618 sive
2667 4562 2837 4617 fraus.
2862 4561 2890 4634 ι
2918 4563 3011 4619 Sic
3043 4572 3099 4619 et
3124 4564 3350 4621 divinus

1767 4655 2065 4724 Apostolus
2108 4653 2305 4725 judicii
2346 4655 2488 4709 diem
2525 4662 2728 4708 vocat:
2786 4671 2805 4704 ι
2842 4654 3157 4709 Secundum
3199 4655 3350 4709 duri-

1771 4748 1898 4802 tiam
1935 4757 2083 4801 tuam
2117 4757 2300 4802 autem
2329 4789 2345 4813 ,
2396 4756 2451 4801 et
2477 4747 2829 4816 impoenitens
2863 4762 2981 4815 cor,
3016 4747 3191 4821 instar
3220 4747 3346 4802 the-

1221 5048 1453 5103 V’ARIAL‘.
1490 5048 1873 5104 LECTIONES
1903 5047 1988 5102 ET
2019 5046 2251 5101 NOTAE.

167 5163 204 5192 ⁵⁸
229 5160 651 5270 ξεέρκυμμιέξιὲα.
680 5168 755 5223 Ita
781 5169 1046 5270 legaris“
1073 5166 1289 5221 videtur
1317 5182 1415 5235 pro
1447 5167 1653 5270 sttltp.

173 5250 226 5270 nn
403 5241 526 5270 ιιι-ἰη
618 5257 712 5270 λοι-ρ
975 5255 1174 5270 Λυοσηι
1199 5253 1490 5270 -πηηηιηρ
1527 5253 1653 5270 πολι.

1760 5183 1908 5237 ,qnae
1936 5175 2022 5221 est
2056 5166 2217 5220 lectio
2248 5163 2476 5219 codicis.
2553 5163 2596 5195 "
2623 5163 2833 5219 Ταῦτα.
2867 5164 2989 5219 cod.
3012 5165 3046 5216 5
3070 5165 3132 5217 τὰ
3155 5166 3351 5234 πρῶτα

1760 5241 1832 5270 ...ι
1904 5239 1936 5270 π
1972 5235 2219 5270 amna...
2255 5234 2477 5270 5mm...
2511 5233 2603 5270 m1
2640 5233 3019 5270 mammam“:
3062 5236 3221 5270 τινι...
3288 5239 3343 5270 ι..

115 5231 147 5260 ’³
173 5237 278 5309 cod.
306 5231 732 5309 δ’διαλαλήσας.
814 5241 836 5270 ⁸

898 5239 1176 5307 Ἀρχεται
1198 5233 1699 5305 -πὶιραινέσεὼᾳ
1735 5233 1854 5293 coll.
1903 5239 1936 5292 5
1971 5235 2219 5289 ἐντεῦθεν
2254 5234 2480 5303 ἄρχεται
2511 5233 2603 5286 τοῦ
2640 5233 3033 5307 διδασκαλικοῦ-
3062 5233 3242 5303 λόγου.
3286 5239 3347 5291 ln

258 5310 501 5375 sequitur
531 5328 545 5363 :
580 5303 674 5364 καὶ
703 5309 766 5380 δὴ
800 5303 994 5363 πεῦσιν
1009 5303 1210 5378 ’τίθησι
1262 5303 1362 5380 καῖ
1387 5309 1489 5380 τὴν
1546 5309 1685 5377 πρὸς
1715 5307 1954 5380 νταύτην
1984 5307 2276 5380 ἀπόκρισιν
2337 5309 2620 5380 συνάπῖει.
2653 5373 2664 5380 _
2692 5305 2743 5380 ξε
2783 5303 2891 5371 Τῆς
2921 5303 3344 5380 πτέρνης-μουζ

116 5368 246 5465 llebr.
291 5368 447 5465 ’ψῃ
493 5381 646 5449 quod
696 5368 766 5434 in'
811 5395 956 5434 vers.
1002 5368 1150 5450 Syr."
1190 5378 1326 5433 satis
1386 5368 1528 5432 be'ne
1574 5368 1925 5447 exprimitur;

1049 5512 1061 5525 .
1093 5468 1386 5523 ἀποδώσει.
1467 5467 1515 5500 ⁸⁸
1550 5466 1591 5520 Ε
1621 5483 1649 5522 c

1778 5469 1813 5522 5
1850 5481 2008 5535 supp.
2040 5464 2178 5518 Cum
2216 5462 2303 5517 his
2333 5462 2656 5517 conferenda
2686 5471 2990 5535 sunt_,_qu:e
3021 5463 3183 5518 Cord.
3224 5473 3264 5518 t.
3304 5465 3345 5526 ι,

115 5462 416 5531 ἀντιδόσεως.
495 5471 545 5503 ⁵⁷
574 5471 739 5525 codd.
781 5481 894 5526 tres
924 5470 964 5525 A

116 5546 154 5598 p.
180 5535 270 5591 93.!
311 5536 516 5596 Nostro
563 5542 778 5596 tribuit.

116 5616 243 5658 nacta
274 5621 398 5663 sunt
448 5612 505 5665 in
542 5611 670 5665 cod.
703 5612 756 5666 ὅ.

115 5670 149 5699 ⁶³
166 5682 273 5728 cod.
302 5678 334 5732 ὅ
358 5680 448 5734 τά.

116 5746 337 5812 κρίπως.
444 5750 491 5783 ⁸⁵
522 5749 567 5803 Ε
592 5752 713 5806 cod.
751 5752 784 5806 5
811 5751 976 5805 etiam
1010 5750 1187 5818 suppl.

881 5537 1156 5604 “,Al‘noc
1188 5567 1257 5577 —
1285 5537 1454 5592 ὀδοῦ.
1487 5537 1614 5594 Des.
1657 5538 1713 5591 in
1747 5538 1870 5592 t'od.

862 5611 905 5643 “
943 5603 1044 5674 Ὠς
1072 5603 1140 5649 -Ᾰ
1184 5607 1649 5676 προειρήκαμεν.
1686 5607 1809 5663 Des.
1860 5609 1919 5661 in
1955 5606 2077 5659 cod.
2115 5606 2170 5658 '5.

556 5681 608 5711 δ’
645 5682 886 5735 "Eluas.
928 5682 1092 5733 Abest
1124 5693 1154 5731 a
1186 5681 1306 5734 cod.
1340 5680 1399 5732 9.
1431 5679 1486 5733 In
1523 5677 1649 5734 cod.
1704 5679 1753 5735 1.
1802 5678 1906 5749 lcg.
1957 5676 2173 5747 εἴληφε.

2040 5376 2085 5407 ⁵⁵
2122 5373 2317 5427 Δέδια.
2367 5374 2488 5429 cod.
2530 5373 2563 5426 5
2601 5373 2759 5428 addit'
2799 5374 2953 5442 φησί.
3059 5373 3269 5443 “.cod.
3312 5378 3350 5430 5

1973 5536 2019 5566 ⁶⁰
2056 5535 2176 5599 Τὴν
2204 5562 2274 5575 --
2297 5535 2584 5603 εὐλογίαν
2631 5550 2772 5602 μου.
2810 5531 2935 5586 Haec
2969 5535 3135 5587 alium
3166 5535 3345 5590 locum

2272 5605 2316 5677 ff
2342 5603 2448 5677 μέ.
2482 5603 2538 5677 in
2585 5606 2708 5677 cod.
2745 5604 2778 5656 5
2808 5606 3030 5677 ponitur
3066 5613 3187 5677 post
3215 5606 3347 5677 γάρ.

2244 5674 2315 5749 ,⁸⁸
2355 5672 2628 5744 Ἣμὲραν.
2661 5672 2720 5728 In
2762 5674 2883 5729 cod.
2923 5674 2955 5728 ’5
2984 5672 3204 5743 ponitur
3224 5672 3346 5746 ριίδι
