3850 6320
166 267 306 335 1241

1580 287 1659 350 IN
1709 289 1914 352 PSAL.
1972 294 2036 352 L.

3305 294 3445 361 1242

231 387 300 441 δ’.
341 403 357 438 ι
407 386 729 442 Ἐπιπλεῖον
758 388 960 446 πλῦνόν
989 410 1057 465 με
1080 394 1190 450 ἀπὸ
1211 397 1310 469 τῆς
1343 399 1576 470 ἀνομίας
1615 420 1726 473 μον

1920 404 2083 462 Vens.
2118 408 2172 464 4.
2205 426 2223 460 ι
2244 408 2494 478 Amplius
2518 407 2679 463 ablue
2707 404 3051 473 iniquitatem
3081 421 3281 473 meam,
3317 420 3369 466 et
3406 428 3439 467 ιι

154 481 263 532 καὶ
290 478 398 531 ἀπὸ
418 479 521 550 τῆς
554 481 835 552 ἁμαρτίας
864 502 967 555 μου
1011 487 1316 560 καθάρισόν
1339 510 1409 560 με
1431 492 1498 549 ⁸⁸.
1536 512 1556 545 ι
1599 495 1742 568 Ἤδη

153 569 274 641 γὰρ
289 571 624 641 ⁸⁸,φησὶ,διά
646 573 834 627 Νάθαν
854 577 949 629 τοῦ
975 582 1255 652 προφήτου
1279 583 1378 655 τὴν
1403 583 1598 651 ἄφεσιν
1622 585 1747 640 ἔδω-

153 678 303 725 κας·
329 664 425 716 καὶ
465 666 755 736 συμφορὰς
784 667 842 721 δέ
891 687 981 739 μοι
1032 675 1403 740 παντοδαπὰς,
1442 673 1553 731 οἷόν
1591 696 1745 743 τινας

153 754 445 827 καυτῆρας
467 757 563 809 καὶ
582 759 778 828 τομὰς,
807 764 1219 835 προσενήνοχας
1240 783 1254 797 ·
1282 767 1399 821 ἀλλ’
1437 769 1519 822 ἔτι
1548 769 1742 840 δέομαι
1774 754 1777 759 ’

155 847 466 916 ῥυμμάτων
500 848 568 912 ⁸⁸,
605 851 809 921 πολλὴν
859 855 961 925 τῆς
1017 856 1298 927 ἁμαρτίας
1361 860 1742 930 είσδεξάμενος

149 938 477 1009 δυσοσμίαν.
507 942 620 996 Καὶ
648 938 807 1008 αὖθίς
832 963 900 1016 με
941 947 1122 1001 τοίνυν
1157 950 1443 1021 ἀπόνιψον,
1469 952 1740 1019 Δέσποτα,

150 1029 242 1082 ἵνα
304 1030 482 1084 πάντα
542 1036 643 1105 τῆς
710 1036 988 1108 ἁμαρτίας
1058 1040 1335 1114 ἀποξύσῃς
1394 1044 1486 1097 τὸν
1546 1044 1738 1116 ῥύπον.

151 1120 221 1195 in
241 1123 402 1177 κατὰ
436 1125 548 1196 γὰρ
578 1128 673 1180 τὸν
694 1131 984 1203 προφήτην
1009 1133 1273 1188 ὲκπλυνεῖ
1296 1136 1504 1207 Κύριος
1529 1137 1618 1191 τὸν
1648 1138 1742 1208 ρύ-

148 1231 256 1269 πον
291 1216 407 1270 τῶν
448 1217 581 1271 υίῶν
617 1221 711 1273 καὶ
767 1223 877 1276 τῶν
917 1223 1236 1299 θυγατέρων
1276 1227 1416 1283 Σιὼν
1464 1233 1740 1303 πνεύματι

148 1309 392 1379 κρίσεως
415 1312 511 1364 καὶ
533 1312 811 1384 πνεύματι
834 1315 1137 1390 καύσεως]

217 1407 283 1456 ε’.
322 1420 343 1454 ι
382 1403 506 1458 Ὅτι
544 1406 647 1477 τήν
679 1408 916 1478 ἀνομίαν
963 1426 1067 1478 μου
1108 1409 1220 1480 ἐγὼ
1253 1411 1531 1481 γινώσκω,
1579 1415 1733 1488 καὶὴ

147 1489 396 1563 ἀμαρτία
462 1512 567 1566 μου
613 1496 847 1551 ἐνώπιόν
903 1501 1005 1570 μού
1036 1503 1153 1555 ἐστι
1194 1502 1508 1568 διαπαντός.
1545 1524 1564 1558 ι
1602 1506 1736 1561 Οὐδὲ

144 1584 256 1656 γὰρ
287 1585 336 1618 ⁸³
366 1585 509 1657 μετά
535 1587 637 1659 τὴν
670 1588 785 1642 ἀπὸ
814 1589 862 1623 ⁸⁸
893 1588 988 1646 σοῦ
1040 1593 1345 1666 γενομένην
1389 1595 1609 1664 ἄφεσιν,
1641 1596 1735 1665 λή-

147 1677 252 1749 θην
300 1677 575 1752 ἐδεξάμην
593 1681 697 1752 τῆς
713 1683 1012 1755 ἁμαρτίας,
1028 1685 1167 1740 ἀλλά
1188 1688 1455 1757 διηνεκῶς
1485 1689 1530 1721 ⁸⁵
1556 1690 1670 1761 ὁρῶ
1686 1691 1734 1723 ﬂ

1852 510 2077 569 peccato
2105 515 2227 556 meo
2270 501 2474 555 munda
2517 515 2626 555 me.
2658 518 2676 550 ι
2734 496 2854 552 Jam
2898 497 3068 564 enim,
3111 498 3309 568 i:.quit,
3346 515 3440 569 per

1850 594 2168 662 prnpllclam
2221 592 2435 647 Nathan
2482 592 2698 647 veniam
2754 589 2885 644 mihi
2918 589 3138 654 dedisti,
3192 589 3358 663 934
3385 600 3440 645 et

1850 685 2030 736 omnis
2046 685 2262 754 generis
2285 685 2652 747 calamitates,
2676 683 2827 737 velut
2849 680 3096 751 quaedam
3129 684 3368 736 cauteria
3384 694 3439 738 et

1850 776 2169 840 incisioues,
2201 776 2494 830 adhibuisti
2528 794 2539 828 :
2580 790 2768 830 verum
2800 774 2982 828 adhuc
3013 775 3435 843 purgationibus

1851 865 2090 936 indigeo,
2119 880 2244 919 cum
2282 866 2579 935 plurimum
2609 868 2816 934 peccati
2845 865 3068 919 fetorem
3093 863 3431 919 admiserim.

1851 955 2061 1012 Rursus
2091 957 2255 1028 igitur
2284 955 2403 1010 lava
2436 971 2545 1020 me,
2577 972 2610 1010 ο
2640 954 2887 1018 Domine,
2923 964 2981 1008 ut
3008 970 3199 1010 omnes
3227 954 3430 1025 peccati

1849 1047 2034 1103 sordes
2054 1048 2355 1119 abstergas.
2401 1047 2571 1120 [Nam
2602 1047 2759 1117 juxta
2798 1046 3120 1115 prophetam
3161 1064 3179 1095 ι
3219 1046 3432 1100 abster-

1846 1149 1933 1211 get
1960 1138 2225 1194 Dominus
2249 1140 2439 1194 sordes
2469 1139 2706 1193 ﬁliorum
2734 1137 3082 1206 ﬁliarumque
3109 1137 3294 1193 Sionis
3315 1137 3431 1208 spi-

1848 1233 1951 1286 ritu
1983 1232 2176 1301 judicii
2213 1240 2267 1286 et
2313 1231 2506 1303 spiritu
2549 1229 2860 1285 adustionis
2908 1230 2954 1282 ⁸.
2995 1226 3040 1299 ι]

1915 1409 2082 1466 Vens.
2112 1411 2164 1467 5.
2194 1430 2212 1463 ι
2250 1409 2522 1477 Quoniam
2557 1408 2900 1479 iniquitatem
2928 1422 3103 1463 meam
3125 1423 3227 1479 ego
3256 1422 3429 1477 agno-

1844 1518 1960 1569 SCO,
2010 1512 2066 1558 ει
2111 1511 2400 1575 peccatum
2440 1517 2622 1556 meum
2675 1515 2860 1556 coram
2903 1516 2992 1555 me
3021 1511 3102 1555 est
3131 1515 3363 1570 semper.
3403 1520 3420 1553 ι

1844 1594 1962 1649 Non
2017 1595 2163 1648 enim
2217 1603 2339 1663 post
2373 1594 2586 1647 veniam
2629 1594 2727 1648 abs
2771 1602 2823 1647 te
2860 1608 3179 1648 concessam
3211 1592 3424 1663 peccati

1842 1686 2044 1740 oblitus
2071 1702 2194 1741 sum
2224 1704 2237 1739 ε
2276 1701 2464 1741 verum
2494 1700 2711 1754 semper
2749 1685 3018 1739 malorum
3056 1700 3302 1739 meorqu
3336 1684 3424 1739 iu-

140 1772 253 1827 τῶν
307 1772 462 1843 ἐμῶν
502 1773 691 1829 κακῶν
741 1776 843 1839 τὰς
891 1777 1142 1840 εἰκόνας,
1184 1779 1280 1831 καὶ
1313 1779 1414 1842 τὰς
1440 1780 1726 1853 τολμηθεί‹

1840 1788 1996 1833 tut-or
2030 1778 2320 1849 imagines,
2353 1786 2409 1831 et
2434 1776 2502 1831 de
2531 1778 2761 1847 patratis
2798 1776 3038 1845 peccatis
3076 1784 3233 1830 not-te
3273 1791 3426 1830 som-

148 1864 251 1926 σας
275 1865 627 1936 παρανομίας
642 1880 658 1898 ⁸
683 1867 778 1921 καὶ
802 1867 1021 1940 νύκτωρ
1037 1869 1373 1941 ὀνειροπολῶ
1397 1872 1464 1936 ⁸⁷,
1489 1872 1586 1926 καὶ
1611 1872 1730 1942 μεθ’

144 1956 369 2028 ἡμέραν
397 1957 770 2028 φαντάζομαι.
808 1961 983 2016 Τοῦτο
1014 1961 1071 2016 δὲ
1105 1963 1151 1997 ⁸⁸
1185 1967 1363 2018 ποιεῖν
1387 1965 1515 2029 τοὺς
1543 1967 1729 2039 ἁμαρα

142 2048 407 2114 τάνοντας
462 2050 561 2136 καὶ.
606 2050 772 2116 αὐτὸς
822 2053 852 2105 ό
896 2051 1031 2116 Θεὸς
1080 2054 1170 2108 διὰ
1212 2055 1437 2109 Ἡσαῖου
1490 2057 1727 2112 κελεύει.

154 2142 300 2212 Ἐγὼ
330 2143 440 2214 γάρ
468 2145 606 2214 είμι,
639 2146 827 2215 φησιν,
852 2147 879 2198 ό
899 2146 1201 2215 ὲξαλείςρων
1225 2150 1324 2212 τὰς
1348 2149 1579 2221 ἀνομίας
1610 2167 1726 2215 σου,

141 2231 236 2284 καὶ
272 2231 340 2283 οὐ
388 2230 464 2303 μὴ
506 2233 733 2303 μνησθῶ
761 2233 872 2287 τῶν
919 2236 1146 2290 ἀδικιῶν
1171 2238 1215 2269 ⁸³
1248 2254 1367 2292 σου.
1397 2239 1468 2293 Σὺ
1499 2239 1557 2291 δὲ
1592 2242 1729 2310 μνή-

142 2322 329 2392 σθητι,
356 2323 452 2377 καὶ
476 2324 765 2396 κριθῶμεν
785 2342 799 2355 ·
833 2327 962 2396 λέγε
985 2329 1051 2381 σὺ
1067 2328 1169 2393 τὰς
1189 2331 1422 2401 ἀνομίας
1453 2349 1547 2385 σου
1580 2332 1729 2402 πρῶ-

140 2432 248 2481 τος,
279 2416 373 2471 ἵνα
400 2417 723 2491 δικαιωθῇς.
762 2438 781 2472 ›
813 2421 1003 2493 Τούτῳ
1048 2422 1144 2476 καὶ
1201 2424 1367 2487 αὐτὸς
1399 2426 1446 2457 ⁷ο
1477 2428 1505 2479 ό
1542 2427 1727 2496 μακά-

144 2526 255 2578 ριος
282 2510 523 2565 ⁷¹Δασὶδ
568 2510 841 2583 σύμφωνα
901 2516 1182 2587 γέγραφεν
1223 2519 1280 2570 ὲν
1322 2518 1401 2590 τῷ
1448 2518 1727 2592 τριακοσῷ

142 2600 349 2674 πρώτῳ
369 2602 575 2675 ψαλμῷ
603 2605 681 2636 η’
719 2601 889 2661 Εἶπον
918 2608 986 2672 ⁷⁸,
1031 2609 1412 2681 Ἐξαγορεύσω
1432 2611 1557 2665 κατ’
1586 2611 1723 2683 ἐμοῦ

140 2693 229 2765 τὴν
292 2694 529 2767 ἀνομίαν
564 2714 665 2768 μου
700 2696 780 2768 τῷ
805 2699 1019 2771 Κυρίῳ,
1051 2701 1145 2755 καί
1198 2718 1263 2755 συ
1302 2702 1526 2772 ἀφεῖλες
1555 2704 1602 2737 ’⁵
1624 2705 1724 2778 τὴν

140 2783 403 2839 ἀσέϐειαν
436 2788 537 2857 τῆς
573 2786 801 2859 καρδίας
829 2788 877 2820 ⁷⁸
909 2805 1036 2858 μου.
1079 2808 1098 2841 ι

207 2876 279 2945 ς’.
327 2899 346 2932 ι
374 2880 467 2933 Σοὶ
501 2881 649 2951 μόνῳ
676 2883 947 2953 ἥμαρτον,
981 2885 1078 2938 καὶ
1112 2884 1172 2938 τὸ
1220 2885 1459 2957 πονηρὸν
1489 2885 1724 2941 ἐνώπιόν

142 2989 231 3026 σου
261 2972 525 3046 ἐποίησα.
561 2993 580 3025 ι
625 2975 848 3029 Πολλῶν
878 2978 947 3040 ⁷⁸,
980 2978 1140 3048 φησι,
1171 2979 1265 3032 καὶ
1290 2979 1546 3049 μεγάλων
1574 2982 1725 3053 παρά

142 3065 232 3120 σοῦ
262 3066 313 3099 ⁷⁷
342 3066 567 3139 δωρεῶν
591 3068 931 3136 ἀπολαύσας,
965 3072 1077 3134 τοῖς
1109 3072 1376 3136 ἐναντίοις
1397 3073 1723 3145 ἠμειψάμην

1840 1869 1953 1933 nio,
2001 1884 2175 1939 eaque
2223 1869 2458 1923 interdiu
2497 1879 2679 1922 mente
2712 1869 2954 1922 revolvo.
2992 1866 3109 1921 lloc
3148 1879 3330 1921 autem
3364 1875 3426 1921 ut

1837 1959 2041 2014 faciant
2107 1968 2447 2033 peccatores,
2503 1959 2648 2013 Deus
2709 1959 2821 2028 ipse
2854 1974 2946 2026 per
2977 1958 3172 2012 Isaiam
3224 1957 3420 2024 jubet:

1843 2071 1861 2104 ι
1901 2050 2014 2120 Ego
2044 2052 2215 2125 enim,
2243 2053 2338 2116 ait,
2375 2068 2496 2107 sum
2529 2051 2623 2121 qui
2652 2051 2809 2105 deleo
2845 2051 3161 2120 iniquitates
3193 2060 3337 2114 tuas,
3368 2059 3423 2103 ct

1836 2154 2190 2216 peccatorum
2234 2158 2454 2200 tuorum
2488 2160 2595 2198 non
2620 2144 2950 2199 recordabor
2984 2160 2997 2195 :
3037 2154 3093 2197 tu
3122 2154 3303 2198 autem
3336 2159 3421 2197 re-

1834 2238 2084 2301 cordare,
2109 2245 2163 2291 et
2184 2235 2500 2305 iudicemur
2524 2252 2537 2288 :
2564 2234 2729 2290 dictu
2757 2235 2906 2304 prior
2935 2234 3253 2303 iniquitates
3275 2242 3418 2297 tuas,

1834 2336 1895 2381 ut
1939 2326 2259 2396 justiﬁeeris
2297 2324 2347 2381 δ.
2390 2346 2409 2378 ι
2459 2325 2834 2381 Consonantia
2882 2326 2968 2381 his
3026 2326 3207 2380 verbis
3252 2327 3415 2379 etiam

1833 2420 1951 2489 ipse
1976 2419 2169 2475 beatus
2194 2422 2210 2442 ‘
2233 2419 2403 2473 David
2444 2419 2737 2489 scripsitin
2770 2418 2987 2488 psalmo
3007 2434 3173 2471 xxxi:
3220 2436 3238 2468 ι
3272 2416 3415 2483 Dixi,

1831 2511 2149 2567 Confitebor
2182 2512 2446 2566 adversus
2476 2525 2563 2565 me
2588 2511 2919 2581 iniustitiam
2952 2525 3129 2564 meam
3159 2508 3414 2574 Domino,

1831 2614 1884 2660 et
1919 2613 1975 2660 tu
2005 2603 2277 2660 abstulisti
2310 2604 2643 2674 impietatem
2670 2604 2851 2659 cordis
2883 2603 2987 2658 mei
3023 2603 3067 2657 ί.
3101 2621 3119 2654 ι

1902 2881 2067 2936 Vens.
2105 2878 2160 2935 6.
2197 2899 2217 2931 ι
2247 2878 2367 2933 Tibi
2400 2878 2502 2936 soli
2540 2880 2785 2950 peccavi,
2820 2888 2876 2935 et
2906 2880 3109 2934 malum
3143 2895 3326 2935 coram
3362 2888 3415 2935 te

1832 2974 1955 3030 feci.
1998 2993 2016 3027 ι
2056 2972 2332 3038 Maximis,
2374 2974 2572 3045 inquit,
2620 2990 2651 3029 a
2684 2983 2738 3030 te
2785 2974 3103 3029 munerihu‘s
3139 2973 3302 3045 935
3334 2974 3416 3029 af-

1832 3068 2031 3134 fectus,
2081 3069 2247 3124 rebus
2289 3069 2584 3124 contrariis
2614 3068 2760 3123 dona
2793 3069 3172 3139 compcnsari,
3201 3085 3261 3123 ea
3295 3085 3416 3139 qme

139 3156 204 3211 τά
231 3158 389 3228 δῶρα
407 3176 421 3191 ⁸
448 3160 517 3213 τά
546 3159 897 3232 ἀπειρημένα
927 3161 1005 3233 τῷ
1027 3163 1179 3234 νόμῳ
1200 3163 1397 3234 δρᾶσαι
1418 3144 1722 3236 τολμήσας.

1838 3167 1944 3235 lege
1972 3164 2245 3234 prohibita
2277 3171 2436 3218 erant
2488 3163 2835 3219 committere
2883 3180 3078 3219 ausus.
3113 3163 3230 3217 Non
3263 3164 3411 3218 enim

140 3248 210 3303 Οὐ
237 3248 355 3320 γὰρ
382 3249 541 3304 τοῦτό
577 3267 765 3321 φησιν,
798 3251 880 3306 ὅτι
911 3253 1015 3306 Τὸν
1064 3254 1272 3325 Οὐρίαν
1319 3256 1420 3309 οὐκ
1446 3255 1493 3287 ⁷⁸
1531 3256 1726 3326 ἠδίκη-

139 3356 239 3396 σαο
266 3341 501 3412 ἠδίκησε
541 3343 640 3414 μὲν
665 3342 776 3416 γάρ
803 3343 1075 3412 κάκεῖνον,
1110 3346 1205 3400 καὶ
1237 3346 1336 3419 τήν
1366 3348 1576 3401 ἐκείνου
1621 3364 1723 3416 γυ-

139 3436 298 3488 ναῖκα
325 3450 339 3465 '
367 3437 400 3503 ἡ
429 3434 486 3488 δὲ
510 3435 744 3507 μεγίστη
765 3437 1083 3509 παρανομία
1106 3440 1186 3501 εἰς
1212 3439 1378 3492 αὐτὸν
1392 3441 1724 3512 τετόλμηται

137 3526 225 3582 τὸν
257 3528 425 3594 Θεὸν,
459 3527 554 3584 τὸν
582 3528 969 3601 ἐκλεξάμενον,
1008 3531 1099 3586 τὸν
1117 3532 1240 3586 ἀντὶ
1269 3533 1595 3603 προσατέως
1623 3534 1722 3604 βα-

138 3618 285 3673 σιλέα
304 3622 675 3692 πεποιηκότα,
719 3622 815 3677 καὶ
855 3622 1144 3694 κρείττονα
1190 3624 1298 3678 τῶν
1351 3624 1564 3697 ἐχθρῶν
1587 3626 1724 3678 ἀπο-

138 3712 405 3782 φήναντα,
424 3713 517 3765 καί
539 3712 904 3778 παντοδαποῖς
929 3712 1155 3782 ἀγαθοῖς
1185 3714 1578 3768 ὲπικλύσαντα.
1610 3716 1724 3769 Κα-

135 3804 237 3869 λῶς
260 3804 329 3858 δὲ
359 3804 717 3874 προστέθεικε
739 3821 753 3835 ⁸
799 3824 818 3858 ι
852 3806 962 3859 Καὶ
990 3805 1052 3859 τὸ
1085 3806 1324 3878 πονηρὸν
1363 3805 1596 3860 ἐνώπιόν
1625 3822 1721 3859 σου

137 3897 393 3968 ἐποίησα.
433 3915 454 3949 ι
490 3892 698 3951 Τούτου
742 3897 855 3969 γὰρ
893 3900 927 3970 ἡ
976 3900 1192 3970 ἱστορία
1247 3898 1547 3970 μέμνηται.
1581 3898 1721 3966 Ὠφ-

138 3988 199 4061 θη
234 3992 281 4026 τ’
321 3988 453 4061 γὰρ,
484 3989 641 4061 φησὶ,
677 3990 739 4045 τδ
777 3991 1002 4061 γεγονὸς
1054 3993 1292 4063 πονηρὸν
1338 3989 1575 4044 ἐνώπιον
1618 3992 1724 4044 Κυ-

140 4083 265 4152 ρίου.
326 4082 421 4135 Ἐκ
453 4082 636 4153 μέντοι
666 4080 763 4136 τοῦ
807 4081 1150 4154 δορυαλώτου
1200 4082 1331 4136 λαοῦ
1355 4082 1516 4136 τοῦτο
1563 4080 1722 4150 λεγό-

139 4190 324 4242 μενον,
352 4171 499 4226 οὕτω
548 4173 801 4244 νοητέον·
846 4193 865 4227 ι
899 4174 994 4227 Σοὶ
1030 4174 1177 4246 μόνῳ
1207 4174 1480 4246 ἥμαρτον,
1530 4192 1548 4225 ι
1582 4174 1721 4244 Περὶ

135 4265 225 4329 τὰς
255 4266 384 4329 σὰς,
411 4265 569 4337 φησι,
585 4265 798 4337 δωρεάς
817 4265 1087 4336 ἐγενόμην
1123 4265 1447 4337 ἀχάριστος,
1470 4264 1565 4318 καὶ
1590 4263 1721 4328 τοὺς

139 4355 392 4420 τεθέντας
418 4373 508 4427 μοι
538 4356 908 4429 παραϐέϐηκα
942 4357 1141 4428 νόμους
1165 4372 1180 4388 ο
1213 4358 1309 4410 καὶ
1356 4356 1721 4410 παντοδαπῶν

142 4449 355 4517 ἧγαθῶν
377 4449 716 4517 ἀπολαύσας,
739 4449 1013 4522 ἀγνώμων
1029 4450 1158 4521 περὶ
1180 4450 1348 4503 ταῦτα
1368 4450 1682 4520 γεγένημαι
1700 4464 1715 4481 ο

137 4541 250 4604 τοὺς
269 4541 335 4594 δὲ
370 4540 752 4607 Βαϐυλωνίους
781 4541 905 4595 οὐδὲ
936 4541 1225 4612 ἀδικήσας,
1265 4540 1480 4611 μεγάλα
1502 4541 1549 4573 ³ο
1579 4542 1716 4613 παρ’

136 4633 356 4687 ἐκείνων
385 4633 674 4705 ἠδίκημαι.
710 4654 729 4687 ι
764 4635 955 4699 Ὅπως
982 4634 1049 4689 ἀν
1075 4633 1375 4705 δικαιωθῇς
1394 4635 1454 4686 ὲν
1483 4635 1600 4698 τοῖς
1622 4633 1716 4687 λό-

136 4739 248 4791 γοις
274 4741 398 4788 σου,
432 4725 529 4778 καὶ
546 4728 839 4803 νικήσῃςεί
871 4729 931 4782 ὲν
952 4726 1032 4798 τῷ
1057 4725 1337 4800 κρίνεσθαί
1360 4743 1440 4780 σε.
1456 4745 1474 4778 ι
1506 4727 1711 4800 Ἐμαυ-

200 4882 227 4923 ι
252 4880 357 4939 lsa.
386 4900 461 4953 tv,
494 4885 550 4940 4.
625 4886 652 4926 h
674 4887 784 4942 lsa.
813 4900 948 4955 ml,
969 4886 1062 4955 25,
1092 4885 1182 4942 26.
1267 4887 1284 4929 ί
1320 4886 1468 4944 Psal.
1502 4903 1657 4955 xxxi,
1699 4888 1756 4944 5.

1827 3255 1960 3309 dicit
1981 3257 2049 3309 se'
2068 3254 2441 3324 nullalinjuria
2466 3253 2655 3310 Uriam
2679 3253 2974 3309 oﬂ'endisse
2998 3253 3245 3323 (omnino
3269 3254 3412 3308 enim

1826 3356 1881 3402 et
1914 3347 2091 3413 illum,
2124 3354 2179 3403 et
2200 3348 2320 3416 ejus
2353 3362 2582 3401 uxorem
2616 3344 2963 3416 oll‘enderat),
2994 3344 3088 3400 sed
3115 3344 3412 3398 maximum

1826 3441 1882 3495 in
1917 3441 2097 3511 ipsum
2150 3439 2315 3494 Deum
2363 3441 2572 3495 crimen
2611 3439 2923 3505 admisisse,
2957 3437 3050 3509 qui
3081 3454 3206 3493 eum
3234 3439 3414 3509 elege-

1825 3543 1929 3600 rat,
1971 3533 2063 3602 qui
2105 3548 2203 3601 pro
2257 3522 2476 3603 pastore
2505 3548 2685 3603 regem
2724 3531 2953 3597 fecerat,
3005 3531 3258 3586 hostibus
3287 3547 3411 3585 eum

1826 3626 2165 3695 superiorem
2204 3625 2538 3691 reddiderat,
2566 3635 2618 3679 et
2653 3624 2836 3679 omnis
2867 3623 3085 3693 generis
3131 3622 3292 3678 bonis
3318 3639 3416 3677 au-

1825 3728 1998 3771 xerat.
2048 3716 2313 3771 Praeclare
2365 3723 2545 3770 autem
2588 3717 2887 3783 apposuit:
2931 3733 2949 3764 ι
2989 3713 3053 3766 Ει
3084 3713 3290 3766 malum
3321 3728 3416 3767 co-

1825 3822 1943 3861 ram
1973 3815 2023 3861 te
2062 3806 2186 3861 feci.
2232 3825 2250 3858 ι
2307 3804 2479 3874 llujus
2511 3805 2656 3858 enim
2697 3804 2926 3858 historia
2965 3817 3186 3871 quoque
3219 3803 3415 3855 memi-

1825 3898 1926 3953 nit.
1979 3897 2178 3952 Malum
2224 3897 2405 3960 enim,
2468 3896 2673 3951 dicitur
2704 3894 2752 3961 i,
2813 3895 2993 3949 visum
3048 3907 3131 3949 est
3162 3894 3212 3946 id
3264 3893 3413 3963 quod

1823 3992 2029 4048 factum
2074 4001 2216 4055 erat,
2262 4006 2452 4046 coram
2497 3990 2750 4045 Domino.
2781 3990 2850 4044 At
2878 3989 2923 4043 si
2954 4006 3018 4043 ex
3054 4003 3285 4059 persona
3321 4004 3413 4042 cas

1823 4085 1956 4158 ptivi
2011 4084 2198 4155 populi
2243 4085 2360 4140 haac
2414 4083 2695 4148 dicuntur,
2745 4082 2827 4137 sic
2860 4080 3272 4151 intelligendum
3305 4090 3408 4141 est,

1830 4196 1849 4229 ι
1882 4175 2003 4231 Tibi
2035 4176 2141 4232 soli
2173 4175 2431 4246 peccavi:
2474 4193 2493 4226 ι
2528 4172 2637 4229 Pro
2664 4173 2773 4228 tuis
2804 4171 3198 4250 donis,inquit,
3229 4171 3412 4241 ingra-

1824 4281 1913 4326 tus
1942 4267 2044 4336 fui,
2084 4268 2231 4340 leges
2258 4268 2393 4322 mihi
2426 4268 2632 4339 positas
2665 4275 3046 4336 transgressus
3072 4281 3216 4328 sum,
3254 4280 3412 4319 cum-

1786 4410 1787 4413 η
1823 4379 1931 4435 que
1950 4363 2138 4418 omnia
2172 4365 2439 4418 bonorum
2469 4376 2664 4432 genera
2699 4367 3030 4414 consecutus
3053 4357 3178 4420 sim,
3209 4357 3407 4410 horum

1824 4456 2124 4514 immemor,
2137 4453 2313 4511 factus
2341 4470 2499 4509 sum:
2530 4452 2860 4524 Babylonios
2888 4458 3070 4506 autem
3099 4464 3222 4503 cum
3248 4449 3411 4518 plane

1822 4548 2169 4615 offenderim,
2200 4548 2271 4604 ab
2305 4547 2415 4604 illis
2445 4560 2781 4616 magnopere
2810 4542 3056 4598 oﬂ'eusus
3092 4557 3214 4596 sum
3242 4558 3255 4594 :
3288 4560 3305 4591 ι
3340 4539 3411 4596 Ut

1819 4640 2138 4710 jttstiticeris
2169 4640 2221 4694 in
2255 4639 2604 4696 sermonibus
2637 4639 2766 4705 tuis,
2801 4638 2855 4691 ct
2884 4636 3076 4691 vincas
3099 4651 3223 4690 cum
3257 4634 3409 4703 judi-

1818 4733 1990 4790 caris.
2040 4751 2061 4789 ι
2112 4734 2227 4803 Ego
2274 4732 2414 4804 ipse,
2460 4733 2558 4800 ait,
2613 4746 2864 4788 meorum
2921 4729 3191 4784 malorum
3240 4741 3408 4782 causa

1820 4888 1835 4939 Ι
1878 4886 1921 4942 ll
1958 4887 2098 4961 Reg.
2130 4904 2193 4957 ιι,
2220 4887 2315 4943 27.

1197 5050 1440 5109 νΔωιΕ
1495 5051 1886 5110 LECTIONES
1916 5052 2010 5107 ΕΤ
2041 5051 2281 5109 NOTAE.

211 5159 391 5252 ῗέἐιέέ·
414 5163 590 5252 Αιὶὲδὲ
606 5180 636 5220 ³
660 5166 857 5252 φάθι
933 5166 1151 5252 me;
1178 5167 1369 5252 sai-.3
1400 5183 1587 5252 ιτεεπι·
1607 5170 1726 5252 μέγ.

1838 5169 1878 5252 θζ
1902 5169 2024 5224 cod.
2055 5169 2095 5252 l_
2124 5168 2405 5252 ρυμάτων.
2433 5165 2622 5252 θοὰς-,ξ
2694 5164 3038 5252 καθάρσεξοις.
3113 5162 3159 5252 ξί
3190 5162 3405 5252 coi‘l‘.n

136 5231 397 5304 ἀποξύσῃ.

477 5235 521 5267 ⁶¹
548 5235 591 5309 β
615 5238 739 5291 cod.
771 5237 806 5293 5
832 5253 936 5309 sup

138 5445 188 5497 in
225 5445 346 5500 cod.
377 5449 432 5502 5.
536 5448 581 5478 “
614 5445 942 5518 Μακάριος.
986 5450 1111 5506 cod.
1156 5451 1191 5503 2
1238 5449 1393 5515 θεὶός⁴

135 5512 313 5569 "cod.
344 5517 389 5589 i_
405 5527 457 5571 et
494 5517 531 5571 ἓ
556 5518 796 5588 ἀφῆκας.
829 5521 991 5577 CoufE
1016 5537 1070 5589 p.
1099 5520 1224 5586 802,
1258 5537 1311 5574 η.
1339 5522 1393 5576 5.

136 5600 334 5659 armat.
366 5587 491 5659 Des.
521 5589 575 5642 in
600 5586 722 5646 edd.
755 5592 813 5646 5.
885 5592 931 5624 ⁷⁷
964 5586 1130 5659 Παρὰ
1159 5590 1296 5648 σοῦ.
1322 5591 1491 5647 Abest
1527 5605 1554 5644 a
1578 5586 1701 5645 cod.

1863 5590 1910 5622 ⁷⁸
1944 5586 2312 5659 ΟὔκξΑιιθει.
2346 5602 2376 5643 a
2405 5587 2526 5659 cod.
2559 5586 2688 5659 1,2.

1751 5661 1806 5740 3°_
1838 5663 1936 5740 cod
1948 5702 1962 5740 ._
1976 5660 2055 5740 f2“
2066 5658 2339 5740 μεγάλως.

138 5657 289 5731 Alias
311 5658 567 5717 lectiones
599 5674 889 5731 expressas
934 5657 1173 5717 vidimus
1214 5677 1402 5731 supra,
1436 5678 1489 5728 ρ.
1519 5660 1648 5714 425.

290 5233 591 5340 ἒξῖΞ¹;ο..⁶ἶ
615 5238 746 5340 θοάς
771 5237 806 5293 ⁵
832 5239 1045 5340 “RBE.
1086 5232 1151 5340 ⁷2³
1181 5238 1334 5340 of???
1354 5232 1485 5340 τᾶρ’
1607 5232 1656 5293 λ·
1688 5240 1726 5328 «Η

1854 5239 1964 5293 fere
1997 5232 2350 5294 eade'm'suut
2376 5254 2501 5293 cum
2533 5237 2642 5291 illis
2664 5251 2786 5305 quae
2812 5232 2955 5304 apud
2985 5232 3149 5288 Cord.
3185 5250 3233 5301 ι).
3271 5234 3399 5300 995,

1885 5310 1930 5340 Ol
1970 5306 2259 5340 Ληνιυοςητιη
2313 5308 2412 5340 nm!
2473 5308 2506 5340 Χ
2539 5307 2626 5340 πμι
2653 5306 2857 5340 naua-AA
2955 5304 3000 5337 ⁸6
3031 5305 3128 5340 ηΛιΙ
3176 5308 3208 5340 υ)
3235 5304 3378 5340 Ᾱιιοτιυ

136 5305 465 5405 ῧροιιίιιατίο
502 5307 840 5385 tribuuntur.
902 5305 962 5340 ’⁸⁸
1002 5309 1157 5364 Ἆπό.
1184 5305 1484 5365 οοιωζινίξε
1515 5310 1651 5430 Au?
1682 5309 1726 5361 ὑπ

221 5376 633 5436 Ὄνειροπολω.
660 5379 783 5433 cod.
803 5380 838 5433 2
862 5378 994 5436 ὁρῶ.
1072 5380 1117 5412 ⁸⁸
1151 5379 1243 5434 Δέ.
1271 5380 1440 5436 Abest
1464 5395 1495 5434 a
1528 5396 1609 5435 cor
1636 5418 1649 5431 .
1683 5379 1726 5433 5.

1885 5310 1930 5342 ⁸⁸
1962 5306 2278 5376 Διηνεκῶς.
2312 5308 2436 5362 cod.
2473 5308 2507 5361 5
2538 5307 2626 5360 διὰ
2653 5306 2877 5367 παντός.

1838 5380 1882 5412 ⁶⁹
1931 5378 2209 5433 Ἀδικιῶν.
2235 5380 2359 5432 cod.
2400 5381 2417 5431 Ι
2453 5377 2713 5436 ἀνομιῶν.
2807 5375 2852 5407 ⁷⁰

368 5393 633 5443 ροπονιω.
660 5393 783 5433 οοιι.
803 5393 838 5433 ’Ζ
862 5393 994 5450 ορω.
1072 5393 1117 5412 ’⁵
1151 5393 1243 5434 Δε.
1271 5393 1440 5436 Λυθδι
1464 5395 1495 5434 3
1528 5393 1649 5435 C0".
1683 5393 1726 5433 ἲ).

377 5449 451 5528 5.7
495 5448 581 5528 Α⁷ξ
614 5449 1199 5528 ὒὲακάρε-οςκροιίεὲ
1238 5449 1403 5528 θεῖος.
1697 5480 1726 5528 ς

1838 5393 1882 5412 "
1932 5393 2209 5433 Ἀσικιων.
2235 5393 2359 5432 cou.
2400 5393 2417 5431 ι
2453 5393 2713 5447 ανομιων.
2812 5393 2852 5407 ’ν
2890 5393 2998 5428 nat
3038 5393 3240 5440 αυτος.
3277 5393 3399 5430 nes.

1838 5449 2052 5528 φᾳᾼμῷ.
2087 5449 2208 5528 Des.
2257 5448 2474 5528 inﬁcod.
2512 5448 2564 5501 5.
2643 5448 2689 5479 ⁷³
2716 5445 3205 5528 eod-.lLtresAug.
3248 5435 3400 5528 εζπα.

1488 5521 1532 5553 ⁷³
1560 5520 1721 5587 Καρδ

1838 5514 1954 5573 ηΑΙξ
1982 5518 2278 5590 ἁμαρτίας.
2309 5516 2427 5572 Vid.
2453 5518 2502 5590 l._
2544 5531 2593 5590 c_.
2631 5533 2687 5590 ῃ.
2721 5518 2832 5590 6.__
2939 5514 3400 5590 Πολλῶιςςτ-ὴδίι

2955 5304 3000 5337 ⁸⁸
3031 5305 3149 5359 cod.
3176 5308 3211 5359 τί
3235 5304 3400 5372 ὀρῶν.

1837 5380 1882 5412 ⁶⁹
1931 5373 2209 5433 Ἀδιάιιῶν.
2235 5380 2359 5432 cod.
2400 5381 2417 5431 ι
2453 5377 2713 5447 ἀνομιῶν.
2804 5375 2853 5447 79
2890 5373 2998 5428 Kal
3038 5375 3240 5447 αὐτός.
3277 5376 3399 5447 Des.

2789 5585 2835 5617 "
2858 5586 3051 5653 Ὦξοοη
3071 5613 3139 5623 --
3163 5584 3402 5651 Κύριον.

2441 5657 2484 5690 ⁸¹
2521 5656 2646 5715 cod.
2683 5657 2708 5713 1
2748 5656 3023 5728 νικήσαις.
3056 5653 3221 5709 llcbr.
3262 5664 3404 5714 nam

134 5729 345 5801 rem,
377 5744 498 5800 qua:
541 5748 570 5786 a
608 5730 746 5801 Syro
787 5733 992 5790 rectius
1033 5731 1106 5787 ita
1141 5729 1321 5803 ειμι-ζ,
1343 5743 1392 5785 ει
1426 5733 1653 5787 mundus
1680 5732 1754 5786 sis
1789 5731 1840 5786 iu
1865 5731 2081 5803 iudiciis
2109 5731 2234 5786 tuis.
