3870 6322
456 291 595 358 1275

1467 280 1958 345 TIlEODORETI
1989 276 2330 341 EPISCOPI
2368 269 2737 336 CYRENSIS

3594 256 3721 320 1276

454 426 549 466 ces
581 407 837 479 capiebas
868 408 1043 463 cibos.
1076 403 1133 458 in
1158 403 1319 458 domo
1345 399 1439 456 Dei
1476 401 1886 455 ambulavimus
1914 415 2038 455 cum

2160 395 2437 463 ἐδέσματα.
2469 390 2557 441 Ἐν
2586 387 2665 458 τῷ
2682 386 2814 454 οῐκῳ
2832 382 2926 437 τοῦ
2946 380 3080 435 Θεοῦ
3102 378 3489 452 ἐπορεύθημεν
3516 378 3577 429 ἐν
3593 378 3719 447 ὁμο-

452 516 753 556 conscnsu.
797 517 817 551 ι
852 496 1112 551 Omnium
1146 494 1596 548 molestissimum
1644 492 1778 546 mihi
1829 490 2042 545 videtur

460 593 638 645 virum
670 589 1018 651 familiarem,
1051 596 1108 641 et
1130 585 1484 645 concordent.
1512 593 1568 637 et
1598 598 1813 637 mecum
1843 597 2045 637 mensa:

458 683 679 752 cibique
713 680 1057 751 participem,
1111 688 1165 732 et
1214 677 1530 730 divinarum
1567 676 1734 731 simul
1773 676 2045 729 humana-

461 788 696 842 rumque
720 788 901 826 rerum
928 770 1316 831 conscium,ea
1350 767 1529 824 facere
1552 784 1673 838 qua:
1703 777 1832 823 sunt
1862 767 2046 821 inimio

461 881 652 919 eorum
691 874 746 921 et
779 864 1043 919 hostium.
1064 862 1170 917 Per
1201 864 1316 917 haec
1347 871 1527 916 autem
1560 861 1726 915 verba
1757 857 2048 916 manifesto

460 955 873 1010 vaticinationis
911 955 1086 1026 gratia
1122 954 1457 1023 proditorem
1498 950 1698 1007 Judam
1730 951 2047 1020 descripsit,

462 1048 557 1116 qui
587 1048 697 1102 dux
732 1063 764 1101 a
815 1063 941 1116 rege
988 1046 1211 1100 Christo
1249 1045 1461 1100 electus
1496 1043 1621 1106 fuit,
1678 1062 1697 1096 ι
1733 1044 2048 1100 Constitues

465 1138 637 1202 enim,
667 1136 867 1208 inquit,
899 1151 995 1191 eos
1018 1136 1293 1206 principes
1315 1152 1478 1204 super
1500 1149 1716 1190 onmem
1742 1146 1943 1190 terram
1962 1136 2047 1201 11,:

464 1238 520 1284 ct
552 1229 674 1299 ejus
722 1243 947 1290 mensae,
999 1228 1471 1298 mysticorumque
1521 1241 1837 1282 sermonum
1878 1226 2053 1296 parti--

466 1338 597 1392 ceps
619 1321 744 1386 fuit,
770 1322 1200 1378 instrumentum
1235 1332 1418 1377 autem
1448 1322 1824 1378 insidiantium
1857 1322 2052 1378 evasit.

468 1414 577 1469 l’ro
608 1413 722 1467 dua:
754 1430 923 1480 meus,
958 1411 1324 1484 Symmachus
1358 1413 1648 1484 familiaris
1679 1430 1844 1480 meus,
1883 1413 2055 1470 inter-

470 1514 718 1577 pretatus
762 1515 869 1563 est.
924 1505 1049 1563 Hzec
1096 1523 1225 1563 vero
1274 1523 1618 1579 nequaquam
1668 1510 1828 1565 beato
1862 1509 2055 1565 Davidi

472 1609 803 1687 congruupt.
846 1598 1019 1655 Nemo
1049 1601 1194 1655 enim
1223 1600 1530 1657 amicorum
1568 1602 1689 1671 ejus
1721 1603 1901 1673 ipsum
1931 1618 2056 1658 cum

479 1692 698 1747 Saulem
734 1691 973 1763 fugeret,
1011 1694 1277 1763 prodidit.
1303 1692 1491 1765 Neque
1523 1694 1687 1766 965
1715 1695 1858 1751 enim
1885 1695 2052 1767 Doeg,

474 1798 653 1854 neque
691 1782 897 1853 Ziphzei
933 1799 999 1838 ex
1041 1784 1302 1856 legitimis
1335 1787 1531 1841 amicis
1575 1787 1698 1856 ejus
1731 1796 1910 1841 erant.
1948 1785 2053 1843 Sed

478 1875 894 1946 Evangeliorum
929 1875 1172 1931 historiae
1201 1877 1519 1932 vaticinatio
1552 1879 1786 1947 quadrat
1829 1895 1844 1933 :
1884 1898 1904 1931 ι
1950 1877 2054 1945 Qui

477 1968 776 2023 manducat
814 1983 1053 2033 mecum,
1104 1969 1304 2038 inquit,
1335 1972 1354 1993 ‘
1389 1985 1615 2039 panem,
1672 1972 1789 2040 ipse
1838 1971 2061 2028 sustulit

474 2068 669 2115 contra
710 2075 796 2114 me
820 2060 1142 2116 caleaneum
1176 2077 1339 2118 suum
1370 2064 1414 2116 ί.
1457 2081 1475 2112 ι
1514 2063 1595 2117 Ad
1645 2063 1792 2118 hunc
1833 2063 2057 2118 modum

472 2149 838 2217 proditionem
870 2150 1228 2215 vaticinatus,
1263 2159 1491 2206 mortem
1525 2151 1689 2205 etiam
1715 2151 1835 2221 ejus
1864 2166 2058 2221 repen-

477 2245 647 2298 tinam
696 2244 967 2314 praedicit.
1015 2243 1114 2316 [Et
1153 2245 1223 2299 ad
1284 2245 1388 2300 hoc
1438 2260 1614 2316 usque
1662 2256 1881 2316 tempus
1930 2245 2060 2301 licet

473 2334 725 2390 eumdem
757 2335 944 2390 videre
977 2335 1186 2401 dolum,
1218 2334 1493 2405 caedisque
1517 2336 1776 2406 cupidum
1811 2335 2057 2390 animum

475 2426 617 2497 apud
654 2426 856 2482 multos
906 2428 1046 2484 satis
1091 2427 1455 2499 frequentem,
1497 2437 1557 2483 ut
1596 2443 1780 2484 rerum
1827 2438 2059 2483 eventus

473 2520 654 2575 docet.
708 2518 830 2574 Non
871 2521 1017 2575 enim
1052 2521 1090 2575 ii
1132 2530 1343 2575 tantum
1385 2520 1479 2590 qui
1513 2521 1583 2575 ab
1627 2520 1753 2576 aliis
1796 2520 2059 2576 alimenta

475 2611 779 2682 accipiunt,
819 2627 915 2668 eos
948 2612 1187 2682 produnt
1215 2611 1312 2681 qui
1349 2612 1451 2667 ista
1486 2611 1931 2677 subministrant,
1962 2610 2058 2666 sed

472 2703 637 2757 etiam
668 2702 745 2756 illi
785 2704 877 2772 qui
916 2686 1227 2758 divinorum
1273 2711 1329 2756 et
1362 2701 1720 2755 ineﬂ‘abilium
1769 2701 2062 2773 mysterio-

477 2810 599 2849 rum
624 2804 756 2850 sunt
777 2795 1098 2867 participes,
1133 2811 1242 2850 non
1268 2794 1430 2850 modo
1450 2809 1508 2849 se
1533 2794 1768 2849 invicem
1799 2794 2060 2864 produnt,

474 2890 570 2942 sed
603 2889 774 2942 etiam
804 2904 992 2945 necem
1029 2889 1133 2945 sibi
1168 2896 1383 2958 parant,
1429 2888 1595 2959 idque
1622 2889 1946 2958 interposito
1970 2888 2063 2959 ju-

480 2989 751 3034 ramento.
800 2980 865 3034 Et
916 2980 1123 3035 Paulus
1168 2981 1390 3050 quidem
1450 2982 1719 3036 continuo
1773 2978 2049 3038 testaturi

2141 484 2263 557 νοίᾳ⁵
2286 484 2353 539 ³³.
2390 502 2408 534 ι
2430 483 2655 535 Πάντων
2684 476 3057 548 ἀνιαρώτατον
3096 466 3236 526 εἶναι
3284 487 3379 541 μοι
3428 469 3605 536 δοκεῖ,
3637 470 3723 522 τὸν

2142 577 2313 649 ἀνδρα
2351 574 2583 645 συνήθη,
2641 571 2737 626 καὶ
2782 565 3163 639 ὁμογνώμονα,
3204 562 3303 618 καὶ
3345 561 3724 633 ὁμοτράπεζόν

2147 692 2261 746 μοι,
2294 673 2388 727 καὶ
2411 670 2664 725 σύσσιτόν
2695 685 2785 739 μοι
2817 662 3209 735 γεγενημένον,
3236 662 3333 715 καὶ
3368 660 3535 714 θείων
3569 676 3661 729 μοι
3683 660 3726 691 ³⁸

2144 767 2241 820 καὶ
2273 763 2628 836 ἀνθρωπείων
2668 762 2712 793 ³⁵
2755 755 3197 827 κεκοινωνηκότα
3240 754 3614 825 πραγμάτων,
3662 754 3730 806 τὰ

2144 855 2428 927 δυσμενῶν
2461 854 2662 925 δρᾶσαι
2693 852 2790 906 καὶ
2823 848 3131 919 πολεμίωνο
3174 844 3360 916 σαφῶς
3396 845 3456 899 δὲ
3487 845 3577 898 διά
3608 843 3730 897 τού-

2145 966 2254 1002 των
2289 949 2422 1018 ήμίν
2450 945 2562 999 τῶν
2585 944 2764 1012 λόγων
2802 944 2837 1013 ή
2869 939 3187 1014 προφητική
3212 939 3375 1010 χάρις
3414 937 3507 991 τὸν
3536 936 3732 1008 προδό-

2146 1055 2249 1110 την
2285 1039 2489 1091 Ἰούδαν
2514 1034 2809 1107 διέγραψεν
2837 1033 2904 1097 ³⁸,
2933 1032 3182 1103 ἡγεμόνα
3228 1031 3328 1101 μὲν
3360 1029 3466 1084 ὑπὸ
3501 1028 3599 1083 τοῦ
3630 1029 3727 1100 βα-

2153 1129 2344 1192 σιλέως
2363 1128 2406 1160 "
2424 1125 2871 1199 χειροτονηθέντα
2893 1123 3130 1195 Χριστοῦ
3151 1129 3200 1194 (ι
3226 1123 3608 1193 Καταστήσεις
3622 1121 3732 1192 γάρ

2150 1220 2346 1282 αὐτοὺς
2372 1218 2640 1289 ἄρχοντας
2671 1215 2766 1269 ἐπὶ
2792 1214 2971 1268 πᾶσαν
3004 1213 3105 1283 τὴν
3134 1211 3258 1282 γῆν,
3297 1208 3342 1281 ι)
3365 1210 3646 1280 τραπέζης
3677 1209 3732 1261 as

2151 1310 2299 1381 αὐτῷ
2330 1309 2426 1363 καὶ
2468 1306 2747 1379 μυστικῶν
2789 1303 3229 1375 κεκοινωνηκότα
3261 1302 3461 1370 λόγων,
3497 1301 3732 1372 δργανον

2151 1402 2210 1457 δὲ
2232 1401 2340 1455 τῶν
2364 1397 2830 1454 ἐπιϐουλευόντων
2848 1394 3235 1466 γεγενημένον.
3281 1395 3428 1447 Ἀντὶ
3449 1393 3494 1424 ³⁸
3526 1393 3630 1463 μέν
3651 1409 3733 1446 τοι

2152 1492 2248 1547 τοῦ
2278 1491 2517 1563 ἡγεμών
2540 1508 2684 1560 μου,
2710 1492 2738 1543 ό
2763 1487 3082 1561 Σύμμαχος,
3108 1484 3384 1552 συνήθης
3404 1502 3525 1552 μου
3548 1485 3734 1554 ἡρμή-

2156 1602 2366 1640 νευσεν.
2414 1581 2601 1637 Ταῦτα
2642 1581 2701 1635 δὲ
2741 1580 2822 1653 τῷ
2867 1579 3126 1652 μακαρίῳ
3170 1576 3421 1646 οὐδαμῶς
3469 1574 3735 1645 ἁρμόττει

2159 1676 2325 1731 Δαδίδ
2351 1693 2366 1709 ·
2404 1676 2584 1737 οὐδεὶς
2629 1673 2739 1745 γάρ
2773 1673 2955 1738 αὐτὸν,
2992 1671 3098 1725 ὑπὸ
3130 1669 3226 1723 τοῦ
3259 1668 3433 1722 Σαοὺλ
3468 1667 3733 1737 διωκόμε-

2158 1787 2269 1837 νον,
2291 1768 2402 1822 τῶν
2431 1766 2803 1821 εὐνουστάτων
2825 1763 3185 1835 προδέδωκεν.
3206 1760 3344 1816 Οὔτε
3362 1760 3472 1832 γὰρ
3499 1761 3527 1814 ὁ
3549 1759 3737 1829 Δωὴκ,

2158 1860 2283 1916 οὔτε
2327 1860 2379 1914 οἱ
2420 1860 2654 1927 Ζιφαῖοι,
2681 1854 2792 1909 τῶν
2815 1854 3053 1926 γνησίων
3086 1851 3252 1906 αὐτοῦ
3291 1851 3461 1921 φίλων
3499 1848 3739 1920 ἐτύγχα-

2158 1971 2249 2010 νον
2265 1954 2331 2007 ³⁹.
2356 1953 2436 2023 Τῇ
2461 1951 2519 2004 δέ
2546 1949 2655 2003 τῶν
2678 1947 3027 2019 Εύαγγελίων
3056 1944 3271 2016 ἱστορίᾳ
3292 1944 3326 2014 ή
3353 1941 3673 2015 προφητιχὴ
3695 1941 3740 1971 ιο

2161 2045 2483 2118 συμϐαίνει⁸
2525 2063 2546 2097 ι
2579 2047 2638 2099 '0
2678 2043 2876 2099 ἐσθίων
2901 2043 2972 2106 ⁸⁸,
3008 2042 3162 2112 φησὶ,
3195 2041 3313 2109 μετ’
3346 2038 3482 2109 ἐμοῦ
3513 2037 3610 2091 τὸν
3642 2038 3742 2108 ἀρ-

2158 2155 2272 2204 τον,
2302 2137 2508 2210 ὲτιῆρεν
2536 2136 2624 2190 ἐπ’
2646 2135 2748 2207 ἐμὲ
2770 2134 2869 2204 τὴν
2902 2133 3138 2202 πτέρναν
3171 2127 3362 2185 αὑτοῦ.
3398 2146 3417 2181 ι
3452 2126 3616 2181 Οῦτω
3641 2128 3742 2197 τὴν

2159 2227 2453 2299 προδοσίαν
2506 2224 2949 2297 προαγορεύσας,
2982 2223 3080 2277 καὶ
3121 2221 3212 2275 τὸν
3249 2219 3515 2290 αἰφνίδιον
3569 2217 3742 2271 αὐτοῦ

2160 2321 2394 2377 θάνατον
2416 2319 2792 2392 προθεσπίζει.
2819 2317 2886 2390 [⁵¹
2905 2318 3016 2370 Καὶ
3033 2315 3196 2388 μέχρι
3217 2314 3312 2369 νῦν
3328 2313 3473 2366 ἔστιν
3497 2311 3630 2364 ἰδεῖν
3650 2311 3742 2363 τδν

2158 2413 2323 2467 αὐτὸν
2352 2411 2502 2467 δόλον
2537 2411 2636 2465 καὶ
2665 2410 2828 2481 φόνον
2856 2407 3011 2480 παρά
3037 2424 3148 2461 τισι
3179 2404 3570 2469 πλεονάζοντα,
3596 2403 3676 2466 ὡς
3707 2404 3745 2473 ή

2158 2503 2269 2558 τῶν
2300 2502 2645 2575 πραγμάτων
2686 2501 2837 2572 ἡμᾶς
2867 2498 3093 2562 έκόασις
3117 2497 3313 2551 πείθει.
3338 2498 3415 2550 Οὐ
3443 2495 3607 2567 μόνον
3633 2495 3744 2566 γάρ

2157 2594 2265 2648 τῶν
2292 2593 2436 2648 ἀλῶν
2469 2592 2856 2655 κοινωνοῦντες
2887 2590 3202 2661 προδιδόασι
3246 2590 3371 2654 τοὺς
3400 2588 3742 2659 παρέχοντας

2158 2680 2404 2746 τούτους,
2423 2680 2559 2735 ἀλλά
2584 2679 2694 2752 γάρ
2719 2678 2945 2735 καὶτῶν
2967 2678 3127 2733 θείων
3154 2678 3248 2733 καὶ
3276 2678 3607 2750 ἀπορρήτων
3639 2694 3740 2747 μυ-

2162 2771 2402 2842 στηρίων
2430 2769 2650 2842 μέτοχοι
2675 2772 2959 2841 γενόμενοι
2981 2769 3241 2842 ἀλλήλους
3266 2770 3327 2822 ού
3350 2770 3514 2840 μόνον
3540 2769 3585 2801 ⁸⁸
3612 2785 3743 2839 προ-

2159 2863 2421 2928 διδόασιν,
2466 2863 2602 2918 ἀλλά
2648 2862 2746 2917 καλ⁵
2798 2861 3068 2926 θανάτους
3114 2861 3619 2924 κατασκευάζουσι,
3651 2860 3744 2914 καὶ

2159 2954 2322 3008 τοῦτο
2367 2955 2546 3023 ὅρκων
2597 2953 3014 3025 μεσιτευόντων.
3048 2953 3158 3006 Καὶ
3200 2954 3230 3005 ό
3284 2953 3382 3023 μὲν
3421 2950 3641 3014 Παῦλος
3682 2952 3744 3003 ού

479 3084 575 3138 per
605 3069 925 3125 universum
961 3072 1154 3126 orbem
1187 3044 1259 3128 de
1297 3072 1516 3127 duobus
1548 3073 1673 3127 istis
1702 3072 2057 3128 immutabili-

2162 3046 2398 3102 παύεται
2420 3044 2932 3117 διαμαρτυρόμενος
2958 3046 3014 3098 ἐν
3043 3044 3196 3116 πάσῃ
3215 3045 3281 3114 τῇ
3305 3044 3604 3116 οἰκουμένῃ
3632 3047 3746 3104 τοῖς

2167 3139 2193 3157 α
2229 3138 2251 3157 ιν
2284 3138 2363 3157 με
2390 3137 2436 3157 ιιι
2496 3154 2663 3157 ,
2857 3136 3203 3157 LJMMWU
3263 3136 3319 3157 L-
3364 3130 3442 3157 Α,
3490 3135 3746 3157 ηιμμμη

482 3162 584 3215 bus
606 3204 621 3228 ,
680 3163 734 3216 in
767 3164 971 3233 quibus
1006 3164 1223 3218 mentiri
1259 3180 1365 3219 non
1408 3172 1589 3233 potest
1616 3163 1836 3235 (Deus)
1869 3165 2064 3234 :jura—

482 3262 725 3308 utentum
755 3254 881 3308 dico
915 3264 969 3309 et
1014 3254 1194 3309 ﬁdem.
1234 3255 1539 3324 Utrumque
1590 3265 1773 3309 tamen
1813 3256 2063 3311 nonnulli

483 3347 673 3403 nescio
714 3348 994 3417 quomodo
1029 3356 1241 3404 mutare
1288 3356 1544 3404 tentant:
1575 3348 1688 3403 imo
1729 3363 1855 3402 vere
1884 3358 2066 3404 muta-

483 3447 635 3502 runt,
666 3453 845 3507 neque
877 3453 1006 3508 erga
1033 3437 1435 3504 benefactores,
1469 3453 1649 3509 neque
1674 3439 1885 3494 ratione
1915 3439 2061 3505 tidei,

485 3543 668 3599 neque
717 3545 845 3597 erga
878 3530 1267 3585 universorum
1304 3530 1623 3594 Dominum,
1656 3546 1779 3600 quae
1823 3530 2065 3599 legitimo

485 3621 580 3674 lini
606 3622 962 3687 conveniunt,
986 3621 1364 3676 observantes.
1391 3620 1685 3691 Propterea
1710 3621 2065 3692 propheticus

486 3710 725 3780 Spiritus
775 3712 1101 3767 sententiam
1147 3722 1339 3768 contra
1393 3728 1489 3768 eos
1533 3713 1935 3783 pronuntians,
1989 3712 2063 3768 ita

485 3800 664 3871 inquit
688 3800 742 3874 :]

560 3892 723 3947 Vens.
756 3895 844 3948 16.
878 3912 896 3944 ι
937 3893 1132 3949 Veniat
1169 3907 1321 3950 mors
1347 3908 1512 3965 super
1547 3895 1693 3960 illos,
1736 3904 1792 3951 et
1832 3896 2067 3951 descen-

485 3984 617 4038 dant
639 3984 693 4039 in
759 3982 1036 4041 infernum
1091 3984 1353 4040 viventes.
1399 4004 1419 4038 ι
1473 3985 1613 4058 [Hoc
1674 3987 1784 4041 illis
1823 3988 2068 4043 minatur

486 4076 789 4142 decretum,
840 4092 964 4131 cum
998 4092 1221 4145 pravam
1259 4093 1455 4133 eorum
1519 4082 1834 4150 Opinionem
1900 4081 2066 4137 vellet

487 4168 877 4240 supprimere.]
919 4170 1107 4224 Talem
1138 4178 1321 4225 autem
1355 4171 1480 4226 vitae
1514 4171 1675 4227 tinem
1706 4175 1944 4243 suscepit
1968 4172 2069 4229 Ju-

488 4257 631 4311 das:
674 4272 798 4312 cum
825 4259 972 4312 enim
997 4260 1251 4330 jugulum
1272 4262 1468 4332 laqueo
1519 4262 1766 4331 ligasset,
1825 4262 2063 4318 subitam

489 4347 752 4402 sustinuit
788 4348 956 4420 966
982 4360 1234 4406 mortem.
1276 4351 1337 4405 In
1378 4351 1587 4408 similes
1617 4354 1957 4410 calamitates
2009 4362 2067 4409 et

2163 3138 2256 3194 διά
2278 3138 2373 3193 δύο
2389 3137 2437 3170 ⁸⁸
2475 3139 2821 3209 πραγμάτων
2850 3136 3225 3206 ἀμεταθέτων,
3259 3136 3319 3188 ἐν
3360 3130 3442 3199 οἷς
3483 3135 3749 3189 ἀδύνατον

2161 3225 2502 3305 ψεύσασθαιξ
2534 3226 2624 3280 τδν
2658 3226 2820 3296 ὅρκον
2844 3225 2991 3294 λέγω
3026 3225 3121 3279 καὶ
3147 3225 3247 3296 τὴν
3275 3225 3489 3278 πίστινο
3518 3228 3667 3289 τινὲς
3690 3226 3746 3279 δὲ

2162 3320 2265 3373 οὐκ
2290 3315 2387 3373 οἶδ’
2416 3319 2566 3383 ὅπως
2597 3318 2949 3391 μετατιθέναι
2977 3318 3279 3389 πειρῶνται
3314 3318 3384 3372 τά
3416 3318 3741 3389 ἀμφότερα·

2167 3409 2367 3483 μᾶλλον
2388 3410 2446 3464 δέ
2470 3409 2911 3482 μετατεθείκασι,
2945 3410 3083 3482 μήτε
3115 3408 3252 3480 πρὸς
3273 3410 3400 3472 τοὺς
3424 3409 3744 3479 εὐεργέτας,

2167 3502 2305 3574 μήτε
2336 3503 2470 3575 περὶ
2504 3502 2605 3575 τήν
2633 3502 2836 3565 πίστιν,
2867 3503 3007 3572 μήτε
3055 3504 3136 3566 είς
3174 3502 3337 3555 αὐτὸν
3372 3500 3485 3555 τῶν
3523 3500 3749 3555 πάντων

2165 3593 2448 3664 Δεσπότην
2477 3592 2638 3664 ὀρθὸν
2670 3594 2873 3647 σκοπὸν
2903 3592 3285 3663 φυλάττοντες.
3315 3591 3415 3645 Aw
3434 3591 3498 3662 δὴ
3524 3590 3588 3644 τὸ
3613 3607 3747 3661 προ-

2167 3681 2395 3751 φητικὸν
2440 3682 2663 3754 Πνεῦμα
2712 3683 3151 3755 ἀποφαινόμενον
3201 3684 3326 3737 κατ’
3362 3681 3545 3737 αὐτῶν
3570 3680 3748 3745 οὕτως

2163 3771 2269 3842 εφη
2299 3770 2344 3843 ·]

2238 3900 2334 3965 ις’.
2363 3918 2383 3951 ι
2432 3898 2666 3954 Ἔλθέτω
2692 3900 2756 3974 δὴ
2783 3901 3017 3966 θάνατος
3047 3901 3137 3955 ἐπ’
3162 3901 3361 3966 αύτούς
3380 3918 3395 3932 °
3425 3903 3523 3955 καὶ
3579 3918 3748 3955 κατα-

2166 3992 2419 4063 δήτωσαν
2464 3995 2546 4056 εἰς
2595 3992 2726 4064 ᾅδου
2773 3994 2996 4057 ζῶντες.
3063 4012 3083 4045 ι
3121 3992 3196 4066 [⁸⁸
3237 3992 3508 4063 Τοιαύτην
3560 3993 3746 4056 αὐτοῖς

2165 4083 2382 4137 ἀπειλεῖ
2401 4083 2499 4156 τήν
2526 4084 2707 4156 ψῆφον
2738 4083 3064 4157 βουλόμενος
3093 4084 3410 4139 ἀναστεῖλαι
3440 4084 3543 4154 τήν
3578 4101 3748 4154 nova}-

2171 4174 2269 4244 ράν
2311 4175 2492 4229 αὐτῶν
2532 4174 2809 4249 γνώμην.]
2846 4175 3074 4230 Τοιοῦτο
3103 4176 3160 4229 δὲ
3213 4176 3309 4229 τοῦ
3342 4176 3458 4247 βίου
3502 4175 3568 4228 τὸ
3592 4174 3748 4237 τέλος

2166 4263 2385 4330 ἐδέξατο
2401 4264 2447 4298 ⁸⁸
2464 4281 2480 4297 ο
2504 4268 2571 4337 τῇ
2590 4266 2699 4339 γὰρ
2715 4267 2921 4339 ἀγχόνῃ
2950 4265 3049 4338 τὴν
3072 4264 3236 4338 δέρην
3262 4266 3592 4338 προσδήσας,
3624 4264 3748 4317 σύν-

2167 4374 2334 4429 τομον
2383 4359 2647 4429 ὑπέμεινε
2700 4359 2970 4413 θάνατον’
3022 4359 3304 4423 τοιαύταις
3365 4358 3463 4412 καὶ
3512 4361 3562 4412 oi
3613 4359 3743 4411 'lou-

489 4437 656 4495 Judaei
688 4450 810 4509 post
840 4456 1062 4496 crucem
1098 4443 1430 4507 inciderunt,
1482 4442 1733 4499 Romano
1762 4446 1905 4501 bello
1950 4455 2057 4500 tra-

2167 4449 2305 4504 δαϊοι
2337 4452 2475 4521 μετά
2508 4452 2602 4507 τὸν
2645 4451 2882 4522 σταυρὸν
2928 4452 3261 4522 περιέπεσον
3308 4453 3642 4522 συμφοραῖς,
3664 4448 3742 4520 τῷ

489 4531 611 4586 diti.
653 4530 772 4587 Non
805 4533 951 4587 enim
986 4533 1100 4603 lege
1151 4544 1365 4588 natura:
1389 4550 1422 4590 θ
1450 4533 1563 4590 vita
1596 4537 1909 4601 evolarunt,
1969 4538 2063 4594 sed

491 4623 783 4681 hostilibus
828 4625 999 4681 armis
1036 4626 1262 4680 conﬁxi.
1293 4624 1513 4696 [Siquis
1547 4637 1729 4682 autem
1762 4629 2061 4698 impiorum

491 4717 765 4771 communi
800 4725 977 4771 morte
1005 4717 1172 4769 vitam
1200 4730 1269 4782 se.
1289 4715 1573 4771 finiturum
1605 4732 1729 4773 esse
1767 4720 2066 4790 putaverit,

538 4854 569 4895 ιι
605 4854 751 4911 Psal.
792 4870 939 4920 κων,
985 4851 1075 4906 16.

1158 4854 1173 4894 ί
1210 4851 1371 4909 Joan.
1400 4870 1521 4921 xm,
1567 4854 1653 4911 18.
1697 4853 1712 4906 i
1756 4856 1922 4912 Hebr.
1961 4872 2038 4922 νι,
2072 4855 2164 4913 18.

2180 4541 2473 4615 Ῥωμαῖκῷ
2503 4544 2902 4615 παραδοθέντες
2926 4543 3168 4614 πολέμῳ.
3201 4543 3275 4596 Οὐ
3322 4542 3433 4612 γὰρ
3463 4544 3542 4612 τῷ
3594 4544 3746 4612 νόμῳ

2169 4635 2266 4706 τῆς
2292 4633 2506 4705 φύσεως
2532 4638 2833 4708 ὑπεξῆλθον
2857 4637 2949 4691 τὸν
2970 4636 3083 4707 βίον
3100 4636 3167 4700 ⁸⁷,
3199 4635 3313 4689 ἀλλ’
3360 4635 3551 4699 ὅπλοις
3583 4635 3740 4688 πολε-

2173 4729 2351 4797 μικοῖς
2384 4727 2922 4798 κατακοντιζόμενοι.
2957 4726 3028 4800 [⁸⁸
3060 4728 3123 4782 Ei
3149 4727 3206 4780 δὲ
3233 4726 3328 4781 καί
3351 4744 3439 4790 τις
3471 4725 3587 4780 τῶν
3616 4726 3744 4796 φαύ-

1590 5007 1826 5064 VARUE
1868 5008 2258 5064 LECTIONES
2296 5009 2386 5063 ET
2431 5008 2670 5066 NOTAE.

566 5123 611 5156 ³³
643 5124 754 5192 Ἐνί
771 5121 1037 5192 ὁμονοίᾳ.
1066 5120 1234 5192 Hebr.
1263 5124 1423 5183 ws":
1450 5124 1504 5176 in
1533 5125 1755 5192 strepitu
1783 5137 1865 5178 sc.
1904 5124 2052 5177 eunti

2161 5167 2174 5179 .
2252 5125 2300 5157 “
2326 5129 2459 5180 Μοι.
2494 5126 2663 5180 Abest
2688 5142 2717 5179 a
2749 5126 2872 5180 cod.
2914 5126 2962 5180 1.
2997 5126 3043 5157 ³⁸
3069 5125 3193 5179 cod.
3226 5124 3276 5183 1.
3299 5126 3336 5177 2
3364 5122 3741 5192 ἀνθρωπίνων»

498 5194 545 5266 f‘
578 5191 767 5266 cod._2
800 5189 1170 5266 προέγραψεν.
1246 5193 1291 5223 ³⁷
1313 5189 1867 5266 Bam.1_éwg:cod._i
1916 5194 2057 5266 addit

2160 5195 2216 5246 iw
2244 5195 2661 5266 βασιλευόντων.
2745 5197 2792 5228 ³³
2822 5196 2978 5250 Ἀντί
3014 5226 3082 5236 ———
3106 5189 3517 5266 ῄρμήνευᾳεῄ.
3544 5195 3741 5249 Horum

501 5261 766 5335 locum__in
797 5260 991 5335 eod._l
1013 5272 1283 5335 occupant
1312 5262 1452 5316 ista:
1482 5264 1582 5335 Tdt_
1609 5262 1665 5314 δὲ
1698 5262 1839 5335 αὐτά
1876 5263 2041 5335 μέχρι

2160 5283 2178 5317 ν
2223 5260 2277 5318 οἱ
2308 5265 2408 5335 τὴν
2437 5264 2610 5318 Ἰούδα
2658 5266 2986 5335 κεκτημένοι
3017 5260 3412 5335 γνωμηνκατά
3432 5263 3548 5318 τῶν

3583 5267 3743 5331 φίλων

500 5332 595 5384 καὶ⁹
622 5329 855 5405 μάλιστα
884 5328 991 5381 τῶν
1018 5328 1333 5405 εὐεργετεῖν
1366 5333 1697 5405 πεφυκότων
1725 5328 2057 5405 δρῷσίνξἘο

2160 5352 2187 5386 n
2209 5352 2326 5389 vero
2356 5328 2426 5388 nd
2443 5335 2581 5405 hunc
2602 5328 2949 5405 usquediem,
2981 5328 3068 5405 qui
3090 5328 3249 5405 Iudae
3267 5332 3456 5405 Ιιαζνεηι
3487 5328 3739 5405 animuin,

502 5472 545 5502 δι

504 5538 599 5611 ⁸ςά
632 5553 933 5611 Ρθτβθῖῖθηξ
1007 5540 1055 5572 ⁸⁸
1087 5540 1141 5595 In
1174 5542 1296 5595 cod.
1324 5542 1406 5611 leg

506 5608 705 5710 gimus.
814 5610 859 5642 "
894 5608 934 5662 E
959 5612 1083 5665 cod.
1113 5613 1135 5665 1
1175 5612 1355 5679 suppl.

537 5678 557 5713 ν
595 5678 695 5713 ,ηδ
747 5678 780 5713 ο
811 5678 905 5713 ..ηπ
953 5681 1068 5713 mm.
1169 5680 1213 5712 ιο
1252 5680 1289 5713 ιδ
1322 5697 1355 5713 η

594 5678 718 5736 eod.
747 5678 781 5732 2
811 5678 905 5734 τοῦ
950 5681 1090 5751 βίου.
1169 5680 1213 5712 ⁵⁸
1249 5678 1291 5733 Ε
1322 5681 1442 5735 cod.
1490 5680 1512 5733 1
1552 5682 1729 5751 suppl.

1413 5579 1424 5593 .
1466 5558 1622 5593 στενο
1646 5579 1661 5594 ο

501 5409 685 5471 contra
716 5399 984 5471 amicos_et
1010 5401 1364 5469 benefactores
1406 5403 1631 5470 faciunt.
1724 5402 1768 5435 ³⁸
1809 5401 2057 5471 Ἐτύτχα

2160 5422 2199 5458 θ.
2225 5406 2345 5460 cod.
2378 5405 2429 5469 1,
2463 5404 2498 5459 2
2528 5399 2733 5459 addunt
2757 5404 2931 5465 ὄντες.

604 5468 870 5522 Ἐσθίων.
909 5469 1044 5544 Rcc.
1070 5468 1227 5544 lcetio
1260 5474 1294 5544 l.
1327 5488 1381 5544 e.
1407 5468 1518 5526 Vest
1548 5471 1824 5544 τρώγωνη
1878 5471 1925 5504 ’⁸⁸
1957 5468 2056 5528 Εέ

2182 5475 2202 5527 1
2242 5468 2423 5544 suppl.
2498 5475 2542 5506 ⁸³
2575 5474 2703 5529 Post
2737 5475 2895 5544 μόνον
2928 5476 2979 5527 in
3008 5475 3127 5529 cod.
3164 5476 3365 5544 iterum
3409 5468 3635 5544 ponitur
3664 5472 3739 5544 ού,

1707 5582 1720 5613 ρ
1765 5584 1779 5597 .
1814 5543 2107 5613 legendum
2141 5541 2324 5598 autem
2348 5541 2483 5599 esse
2514 5544 2606 5597 δύο
2629 5560 2659 5599 e
2703 5541 2822 5598 loco
2849 5543 3017 5611 Epist.
3049 5545 3117 5597 ad
3159 5543 3324 5596 Hebr.
3353 5541 3429 5604 vi,
3474 5543 3567 5613 £8,
3596 5541 3739 5613 colli-

1470 5609 1517 5685 ‘f
1559 5611 1850 5685 Ἐδέξατο.
1876 5609 2012 5669 ἐοιΙ.
2039 5615 2057 5669 1

2164 5615 2242 5669 dit
2279 5613 2498 5678 Ἰούδας,
2533 5631 2696 5684 quam
2731 5609 3015 5670 lectionem
3034 5613 3305 5685 expressit
3325 5613 3493 5668 etiam
3530 5610 3737 5669 Caral‘a.

3016 5402 3062 5436 ⁸ο
3091 5403 3211 5459 cod.
3251 5405 3302 5465 1,
3332 5403 3367 5456 2
3417 5402 3737 5472 προφητεία.
