3850 6320
169 306 292 375 1321

1548 293 1626 352 IN
1649 292 1856 353 PSAL.
1890 291 2043 352 LIX.

3294 288 3429 351 1322

177 427 230 478 '0
260 423 313 476 δὲ
339 419 530 486 Σύρος,
575 416 760 482 κάδος
810 415 922 484 τῆς
958 411 1241 476 πλύσεως
1275 428 1393 481 μου
1419 410 1484 464 ³ο.
1523 405 1744 478 Ἐπειδὴ

1861 406 1973 460 mei.
2005 405 2177 475 Syrus
2213 412 2393 460 autem
2423 403 2835 474 interpretatur,
2851 403 3018 459 situla
3045 404 3262 460 talionis
3279 421 3427 458 metu.

165 518 268 586 γὰρ
302 515 360 566 ἐν
381 512 492 573 τοῖς
519 509 784 571 τοιούτοις
807 506 1052 570 σκεύεσι,
1076 505 1170 559 καί¹
1194 505 1320 565 τοὺς
1352 501 1522 565 πόδας
1549 499 1741 554 ἀπονί-

168 623 332 669 πτειν,
359 603 456 658 καὶ
476 603 575 672 τὴν
593 603 705 664 τοῖς
721 601 882 652 ποσὶν
914 595 1318 670 ἐρρυπωμένην
1344 592 1552 661 ἐσθῆτα
1569 593 1745 662 ἀπορ-

169 701 386 771 ρύπτειν
418 692 714 762 εἰώθαμεν,
745 690 843 762 τὴν
875 689 1156 771 ὑποταγὴν
1182 687 1276 740 τοῦ
1309 684 1484 740 Μωάϐ
1528 685 1614 738 διὰ
1649 682 1742 736 τοῦ

169 792 325 845 κάδου
359 788 459 858 τῆς
490 784 737 845 πλύσεως
763 781 1137 852 παρεδήλωσε.
1185 779 1295 831 Καὶ
1326 780 1355 831 6
1387 776 1550 848 λέϐης
1565 776 1622 829 δὲ
1652 776 1747 828 ἐπὶ

168 877 398 949 τιμωρία
457 877 635 928 κεῖται
692 874 844 944 παρὰ
897 875 961 942 τῇ
1011 871 1130 940 θείᾳ
1162 869 1378 940 Γραφῇ.
1412 866 1570 920 Οῦτω
1601 867 1746 920 καὶὸ

173 967 436 1038 μακάριος
481 960 745 1032 Ἰεζεκιὴλ
804 960 1070 1023 διδάσκει,
1123 958 1329 1029 λέϐητα
1379 955 1746 1027 προσταχθεὶς

170 1058 390 1112 καλέσαι
413 1055 512 1123 τὴν
555 1054 724 1124 Ἱερου
735 1053 935 1123 σαλὴμ,
960 1051 1128 1122 κρέας
1145 1050 1200 1103 δὲ
1231 1050 1356 1112 τοὺς
1378 1047 1744 1112 ἐνοικοῦντας,

171 1151 278 1219 πῦρ
304 1147 360 1201 δὲ
390 1147 479 1200 τὸν
503 1142 854 1201 Βαϐυλώνιον
887 1143 952 1206 ³⁸,
987 1142 1172 1212 ζωμὸν
1215 1141 1271 1194 δὲ
1306 1139 1404 1211 τὴν
1438 1139 1746 1208 ἀναγκαίαν

169 1241 395 1315 τροφήν.
431 1232 505 1293 Οὗ
527 1236 936 1298 ἐπιλελοιπότος
968 1233 1294 1288 κατεκαίετο
1316 1233 1384 1286 τὰ
1412 1233 1571 1304 κρέα.
1591 1230 1748 1286 Οὕτω

171 1336 260 1388 καὶ
287 1335 316 1384 6
359 1317 632 1402 μακάριος
670 1327 942 1400 Ἱερεμίας
982 1327 1184 1399 λέϐητα
1233 1325 1631 1396 ύποκαιόμενον
1665 1319 1746 1377 εἷ-

169 1428 254 1480 δεν
274 1443 286 1456 ·
321 1425 417 1479 καὶ
449 1425 510 1478 τὸ
538 1423 832 1494 πρόσωπον
860 1421 1026 1476 αὑτοῦ
1065 1422 1174 1475 ἀπὸ
1217 1420 1513 1492 προσώπου
1552 1419 1744 1490 βορρᾶ.

171 1518 325 1584 Λέγει
349 1515 550 1580 τοίνυν,
582 1514 663 1566 ὅτι
695 1514 737 1544 ³³
767 1513 861 1567 καὶ
905 1510 1205 1584 Μανασσὴς
1243 1513 1340 1582 τὴν
1373 1511 1579 1565 οἰκείαν
1609 1513 1746 1565 ἀπο-

172 1609 399 1683 λήψεται
435 1609 572 1679 γῆν·
608 1609 751 1662 καὶὸ
787 1607 1030 1678 Ἐφραίμ
1067 1607 1168 1679 τὴν
1208 1607 1482 1678 προτέραν
1507 1607 1747 1677 ἀνακτή-

175 1719 318 1756 σεται
347 1701 585 1769 δύναμιν
605 1715 619 1730 ·
649 1700 746 1752 καὶ
780 1701 809 1752 ό
848 1699 1047 1762 Ἰούδας
1073 1700 1292 1754 πάντων
1315 1699 1750 1770 ἀναγορευθήσε-

170 1810 254 1846 ται
286 1789 541 1861 βασιλεύς
565 1805 580 1820 ·
613 1790 908 1844 Μωαϐῖται
950 1791 1007 1844 δὲ
1053 1791 1239 1854 αὐτοῖς
1285 1791 1746 1862 ὑποταγήσονται,

172 1885 264 1954 τὴν
288 1883 506 1953 ἄμαχον
527 1880 708 1939 αὐτῶν
748 1878 1018 1951 θεώμενοι
1053 1879 1247 1952 ῥώμην
1283 1881 1349 1936 ³³.
1380 1881 1458 1934 Ού
1499 1881 1664 1952 μόνον
1694 1880 1752 1934 δὲ

174 1979 392 2041 ἐκεῖνοι,
439 1975 577 2029 ἀλλά
607 1975 702 2027 καὶ
745 1973 1056 2044 Ἰδουμαῖοι,
1100 1974 1197 2026 καὶ
1222 1972 1532 2043 ἀλλόφυλοι.
1583 1994 1600 2024 ι
1629 1972 1754 2025 Ἐπὶ

172 2067 264 2139 τὴν
305 2066 621 2136 Ἰδουμαίαν
664 2065 872 2118 ἐκτενῶ
899 2065 961 2120 τὸ
992 2063 1250 2134 ὑπόδημά
1270 2081 1396 2134 μου.
1422 2063 1576 2135 Ἐμοὶ
1597 2063 1755 2117 ἀλλό-

174 2158 327 2226 φυλοι
389 2157 763 2224 ὑπετάγησαν.
804 2173 822 2206 ι
855 2153 925 2228 [³³
965 2157 1079 2209 Ούκ
1129 2153 1198 2208 ἂν
1251 2153 1308 2207 δὲ
1339 2154 1632 2224 διαμάρτοι
1668 2170 1754 2218 τις

175 2250 460 2320 θεωρήσας
489 2248 694 2317 λέϐητα
720 2248 818 2317 μὲν
846 2248 947 2317 τὴν
970 2247 1122 2300 θείαν
1158 2245 1552 2316 κολυμϐήθραν
1585 2263 1757 2316 τιμω⁴

176 2341 378 2412 ροῦσαν
433 2339 534 2410 μὲν
584 2339 680 2394 καὶ
717 2337 1174 2408 καταφλέγουσαν
1198 2338 1294 2406 καὶ
1317 2335 1758 2406 ὲξαφανίζουσαν

174 2432 266 2503 τὴν
302 2431 607 2502 ἁμαρτίαν,
633 2428 1105 2500 ἀναζωπυροῦσαν
1130 2428 1188 2482 δὲ
1217 2428 1296 2496 τῷ
1324 2428 1452 2499 θείῳ
1477 2426 1759 2498 Πνεύματι

176 2523 264 2576 καὶ
302 2521 759 2585 ἀναπλάττουσαν
799 2521 896 2574 καὶ
926 2519 1332 2592 ἀποτρίϐουσαν
1359 2520 1452 2573 τὸν
1467 2519 1662 2589 βρότον
1682 2518 1758 2583 ³⁵.

176 2614 226 2668 εί
245 2615 291 2666 τ’
321 2610 422 2668 οὖν
445 2613 538 2667 τὸν
570 2613 743 2684 ῥύπον
767 2611 879 2666 τῶν
918 2612 1315 2683 πλημμελειῶν
1351 2611 1460 2666 τῶν
1489 2611 1558 2664 δι’
1587 2609 1761 2680 αὐτῆς

179 2701 702 2775 ἀνακαινιζομένων.
760 2705 872 2758 Καὶ
925 2703 1007 2770 τὸ,
1046 2723 1064 2755 ι
1114 2705 1240 2757 Ἐπὶ
1293 2703 1391 2775 τὴν
1456 2701 1763 2775 Ἰδουμαίαν

179 2797 382 2852 ἐκτενῶ
440 2796 500 2849 τδ
530 2795 788 2866 ὑπόδημά
824 2813 950 2865 μου,
991 2814 1010 2848 ι
1049 2795 1126 2849 Οὐ
1168 2796 1329 2866 μόνον
1368 2795 1591 2865 βαδίσω,
1625 2797 1764 2866 φησι

178 2892 205 2943 6
233 2892 296 2945 ὲκ
315 2888 487 2943 Δαϐ¹ιδ
513 2887 722 2958 Κύριος
765 2889 863 2957 τῆς
902 2885 1096 2955 δόξης,
1143 2888 1236 2939 ἐπὶ
1283 2885 1383 2956 τὴν
1436 2886 1761 2954 Ἰδουμαίαν,

179 2981 289 3036 ἀλλ’
313 2979 521 3035 ὡσανεὶ
546 2979 616 3032 δι’
647 2977 1013 3047 ὑποδημάτων
1028 2975 1178 3047 ἐμῶν
1193 2977 1283 3030 διὰ
1306 2977 1416 3030 τῶν
1437 2975 1600 3030 θείων
1624 2977 1762 3029 ἀποο

1845 500 2116 566 Quoniam
2148 501 2293 554 enim
2333 499 2385 553 in
2422 499 2623 555 talibus
2668 500 2836 566 vasis,
2869 510 2919 555 et
2970 499 3135 569 pedes
3187 498 3430 563 abluere,

1846 599 1900 644 et
1953 597 2156 644 vestem
2202 589 2435 658 pedibus
2488 589 2828 658 inquinatam
2891 589 3116 644 abluere
3165 589 3430 654 solemus,

1847 681 2244 751 subjectionem
2279 681 2437 735 Moab
2483 697 2577 750 per
2621 682 2842 738 situlam
2907 681 3132 737 lotionis
3161 680 3435 748 signiﬁca-

1847 775 1941 828 vit.
1995 775 2115 828 Dlla
2147 775 2310 828 etiam
2347 789 2443 842 pro
2477 789 2656 842 pmna,
2688 775 2740 828 in
2773 777 2950 831 sacris
3002 775 3224 830 Litteris
3288 775 3435 829 acci—

1850 865 2016 936 pitur.
2075 865 2168 920 Sic
2191 864 2384 920 beatus
2419 866 2674 920 Ezechiel
2701 866 2860 920 docet
2884 874 2946 931 ",
2982 867 3172 934 jussus
3199 865 3432 920 lebetem

1847 972 2047 1012 vocare
2077 957 2538 1028 Hierosolymam,
2580 968 2634 1012 et
2676 973 2896 1013 carnem
2961 959 3192 1025 incolas,
3251 959 3432 1029 ignem

1851 1064 1979 1105 vero
2020 1049 2404 1120 Babylonium,
2443 1058 2497 1104 et
2545 1049 2660 1118 jus,
2693 1050 3062 1104 necessarium
3093 1052 3300 1118 cibum,
3323 1066 3432 1120 quo

1849 1142 2140 1197 deﬁciente
2185 1156 2382 1197 carnes
2442 1142 2928 1196 comburebantur.
2994 1142 3085 1198 Sic
3129 1152 3182 1198 et
3238 1144 3434 1199 beatus

1849 1233 2120 1290 Jeremias
2160 1242 2186 1270 η
2225 1234 2388 1288 ollam
2423 1247 2746 1289 succensam
2776 1233 2932 1296 vidit,
2961 1242 3016 1288 et
3071 1233 3265 1289 faciem
3313 1235 3435 1303 ejus

1851 1342 1879 1379 a
1914 1326 2055 1382 facie
2104 1327 2412 1398 Aquilonis.
2479 1325 2619 1381 Dicit
2676 1325 2846 1396 igitur
2886 1325 3007 1381 fore
3063 1335 3121 1380 ut
3158 1325 3434 1384 Manasses

1852 1418 2129 1488 propriam
2161 1429 2363 1474 Ierram
2401 1426 2706 1488 recuperet,
2738 1425 2793 1472 et
2860 1416 3114 1486 Epliraim
3144 1419 3431 1488 pristinum

1851 1511 2020 1566 robur
2046 1512 2294 1581 recipiat,
2327 1520 2381 1565 et
2412 1510 2582 1566 Judas
2621 1509 2868 1564 omnium
2922 1525 3018 1566 rex
3069 1511 3434 1574 renuntietur.

1851 1602 2107 1659 Moabita:
2142 1612 2328 1659 autem
2383 1603 2518 1674 ipsis
2569 1603 2956 1673 subjiciantur,
3018 1603 3440 1676 inexpugnabile

1856 1712 2046 1752 eorum
2080 1697 2250 1751 robur
2285 1697 2560 1751 intuentes
2588 1714 2600 1749 :
2650 1711 2758 1750 non
2795 1695 2972 1750 solum
3002 1705 3185 1751 autem
3219 1697 3316 1762 illi,
3347 1713 3442 1752 vc-

1858 1805 1978 1844 rum
2013 1789 2176 1844 etiam
2246 1786 2490 1852 Idumaei,
2542 1797 2598 1842 et
2647 1787 2943 1859 Allophyli.
3003 1807 3020 1838 ι
3061 1788 3115 1841 Ιιι
3147 1787 3438 1846 Idumaeas:

1855 1877 2144 1933 extendam
2175 1878 2610 1933 calceamentum
2646 1894 2852 1945 meum,
2883 1881 2901 1899 ⁶
2947 1880 3082 1934 mihi
3120 1880 3442 1953 alienigene

1857 1969 2062 2025 subditi
2100 1979 2250 2025 sunt.
2295 1989 2313 2019 ι
2367 1967 2519 2041 [Νοιι
2555 1979 2739 2025 autem
2768 1986 2799 2024 a
2823 1985 2956 2025 vero
2987 1971 3323 2029 aberraverit
3343 1974 3440 2045 qui

1859 2062 2056 2117 viderit
2083 2061 2335 2127 lebetem,
2387 2061 2600 2117 scilicet
2651 2061 2898 2117 divinum
2932 2063 3292 2134 baptismum,
3349 2083 3444 2137 pu-

1860 2154 2126 2219 nientem,
2162 2152 2578 2207 comburentem
2610 2167 2675 2208 ac
2713 2165 3089 2210 removentem
3120 2172 3282 2211 omne
3318 2175 3444 2229 pec-

1859 2255 2064 2308 catum,
2123 2245 2544 2301 resuscitantem
2597 2254 2779 2301 autem
2834 2263 2931 2317 per
2986 2247 3251 2318 Spiritum
3313 2265 3444 2306 san-

1861 2347 2030 2405 ctum,
2063 2346 2116 2392 et
2141 2337 2324 2392 denuo
2359 2337 2676 2407 ﬁngentem,
2709 2353 2774 2394 ac
2833 2339 3237 2411 abstergentem
3277 2359 3445 2400 cruo-

1862 2443 1999 2492 rem,
2023 2428 2150 2490 little
2180 2426 2493 2496 squalorem
2519 2437 2702 2481 ortum
2733 2441 2796 2481 ex
2841 2428 3080 2497 peccatis
3113 2445 3305 2485 eorum
3345 2433 3442 2500 qui

1862 2535 1962 2589 per
1984 2519 2150 2574 istum
2179 2526 2534 2574 renovantur.
2567 2518 2703 2573 Illud
2757 2527 2965 2584 autem,
2997 2539 3016 2572 ι
3049 2521 3102 2575 in
3152 2521 3444 2577 ldumaeam

1869 2610 2082 2681 1006
2140 2611 2429 2665 extendam
2469 2609 2902 2665 calceamentum
2973 2627 3178 2677 meum,
3215 2631 3233 2665 ι
3297 2613 3447 2684 quod

1865 2705 1998 2761 dicit
2024 2704 2292 2760 Dominus
2321 2704 2509 2774 gloria:
2537 2718 2568 2759 e
2595 2703 2800 2759 Davide
2833 2706 3168 2773 nasciturus,
3195 2706 3338 2762 idem
3363 2717 3450 2762 est

1865 2797 2034 2866 quod,
2069 2795 2184 2850 Non
2217 2796 2465 2850 incedam
2499 2804 2708 2850 tantum
2741 2811 2908 2866 super
2935 2796 3192 2863 lduma‘a,
3227 2798 3321 2853 sed
3353 2813 3450 2868 per

1865 2888 2078 2942 divinos
2122 2887 2403 2956 apostolos
2443 2887 2600 2955 quasi
2629 2903 2726 2956 per
2755 2887 2968 2942 calceos
3007 2902 3160 2942 meos
3200 2886 3449 2959 Evange~

1868 2979 1999 3036 lium
2030 2978 2222 3048 gratiae
2252 2978 2586 3047 praedicabo,
2622 2991 2731 3031 non
2786 2977 2840 3031 in
2869 2978 2969 3032 hac
3015 2969 3226 3033 tantum
3282 2989 3448 3045 terra,

180 3073 376 3127 στόλων
411 3073 474 3125 τὸ
510 3070 613 3140 τῆς
645 3070 872 3141 χάριτος
900 3067 1243 3136 Εύαγγέλιον
1273 3067 1500 3140 κηρύξω
1526 3085 1539 3098 ’
1571 3068 1671 3119 οὐκ
1706 3066 1756 3117 ὲν

1868 3073 1962 3126 sed
1997 3072 2162 3126 etiam
2204 3086 2300 3134 per
2331 3085 2525 3124 omnes
2551 3069 2788 3141 gentes]
2818 3068 2950 3124 Nam
2989 3077 3190 3138 praeter
3242 3069 3451 3125 Moabi-

180 3165 308 3234 αὐτῇ
347 3164 540 3236 μόνον,
579 3162 714 3215 ἀλλά
761 3161 853 3214 καὶ
891 3161 948 3213 ἐν
979 3162 1115 3214 πᾶσι
1158 3162 1273 3222 τοῖς
1312 3157 1588 3229 Elim-cum]
1622 3159 1764 3228 Πρὸς

177 3254 282 3324 γὰρ
313 3256 430 3317 τοῖς
462 3251 805 3316 Μωαϐίταις,
833 3253 925 3304 καὶ
958 3251 1086 3314 τοὺς
1115 3249 1453 3321 Ἰδουμαίους
1497 3247 1763 3301 δουλώσο-

180 3363 296 3416 μαι,
325 3347 425 3400 καὶ
451 3347 578 3408 τοὺς
621 3344 957 3413 ἀλλοφύλους
1012 3344 1352 3413 ὑποταγῆναι
1415 3340 1765 3410 καταναγκά·

181 3457 254 3492 σω
280 3439 346 3493 ³⁸.
385 3439 816 3508 Ἀλλοφύλιθυς
868 3437 1051 3509 μέντοι
1106 3436 1265 3490 καλεῖ
1308 3435 1434 3498 τοὺς
1478 3435 1767 3488 Παλαιστι-

180 3529 298 3590 νοὺς
328 3528 361 3597 ἡ
395 3527 519 3581 θεία
541 3527 757 3598 Γραφὴ,
791 3528 888 3596 οὐχ
915 3527 989 3589 ὡς
1014 3525 1123 3578 τῶν
1157 3525 1333 3579 ἄλλων
1364 3524 1535 3578 ὲθνῶν
1562 3522 1768 3594 ὁμοφύ-

179 3621 283 3673 λων
339 3621 540 3682 δντων,
588 3620 706 3673 ἀλλ’
734 3620 810 3681 ὡς
864 3618 976 3671 τῶν
1016 3616 1192 3672 ἄλλων
1226 3617 1322 3686 μὲν
1348 3617 1764 3686 ἀφεστηκότων,

183 3712 385 3764 τούτων
417 3711 476 3764 δὲ
513 3711 575 3763 ού
617 3709 778 3780 μόνον
812 3708 855 3738 ³⁷
884 3707 1102 3774 ὁμόρων
1134 3705 1330 3770 ὄντων,
1366 3705 1500 3758 ἀλλά
1547 3707 1638 3758 καὶ
1671 3722 1768 3774 με·-

181 3810 312 3875 ταξὺ
343 3801 775 3858 κατοικούντων.
807 3799 992 3861 Οῦτως
1021 3799 1340 3850 Ἰεϐουσαῖοι
1365 3797 1462 3867 τὴν
1495 3798 1766 3866 Ἰερουσα-

184 3896 292 3966 λὴμ
347 3895 581 3965 ᾤκησαν
634 3893 728 3946 ἐπὶ
772 3891 1023 3943 πλεῖστον
1054 3907 1067 3920 ο
1099 3890 1272 3953 οὕτως
1303 3889 1640 3943 Γαϐαωνῖται
1669 3891 1768 3959 τὴν

184 3987 378 4042 Γαϐαὼ
404 4005 419 4018 ο
456 3987 550 4039 καὶ
575 3985 798 4048 Γαζαῖοι
852 3985 931 4048 δὲ,
978 3984 1072 4036 καὶ¹
1116 3982 1528 4046 Ἀσκαλωνῖται,
1580 3981 1674 4034 καὶ
1718 3982 1768 4032 οἱ

185 4078 330 4130 ἄλλοι
364 4078 411 4110 ³⁸
457 4077 685 4146 πλησίον
712 4075 913 4145 ᾤκουν.
961 4074 1074 4129 Καὶ
1117 4073 1294 4127 ταῦτα
1338 4073 1678 4142 σαφέστερον
1711 4073 1767 4126 αἱ

187 4169 424 4239 ἱστορίαι
453 4167 817 4220 διδάσκουσιν.
851 4164 1008 4219 Οὕτω
1033 4165 1208 4220 ταῦτα
1239 4164 1343 4217 ὑπὸ
1373 4163 1466 4217 τοῦ
1497 4162 1631 4216 Θεοῦ
1662 4163 1769 4214 τῶν

1872 3177 1976 3226 tas,
2007 3164 2172 3218 etiam
2199 3163 2465 3217 Idumaeos
2513 3163 2565 3215 in
2603 3162 2920 3216 servitutem
2953 3163 3214 3231 redigam,
3253 3173 3307 3216 et
3355 3163 3451 3217 Al-

1873 3257 2120 3327 l0pliylos
2143 3255 2572 3324 servirecngam.
2607 3253 2912 3326 Allophylos
2944 3270 3077 3310 sane
3101 3255 3282 3310 divina
3311 3255 3452 3312 Scri-

1874 3357 2030 3416 ptura
2069 3341 2386 3399 Palaestinos
2421 3352 2600 3410 vorat,
2634 3359 2741 3399 non
2774 3345 2918 3414 quod
2947 3345 3068 3399 alia:
3095 3356 3283 3414 gentes
3299 3347 3449 3416 ejus-

1875 3440 1998 3494 dem
2040 3439 2148 3493 sint
2187 3437 2425 3508 generis,
2455 3437 2614 3508 cujus
2659 3445 2712 3490 et
2743 3435 2938 3502 Judaei,
3005 3437 3101 3492 sed
3140 3437 3268 3508 quia
3325 3455 3449 3494 cum

1874 3531 1993 3585 aliae
2032 3539 2220 3600 gentes
2257 3531 2412 3600 longe
2469 3530 2692 3594 distent,
2720 3527 2994 3584 PalaeStini
3029 3545 3135 3584 non
3185 3531 3348 3586 modo
3392 3533 3456 3586 li-

1877 3623 2052 3678 uitimi
2091 3630 2239 3686 sunt,
2278 3636 2467 3674 verum
2517 3621 2682 3674 etiam
2729 3618 2969 3675 Jebuszei
3021 3618 3455 3692 Hierosolymam

1875 3715 1965 3767 diu
2006 3715 2374 3769 incoluerunt.
2417 3711 2511 3765 Sic
2542 3710 2860 3765 Gabaonitm
2884 3710 3199 3767 Gabaonetn
3232 3723 3456 3779 terram,

1876 3805 2059 3860 Gazaei
2092 3814 2270 3858 autem
2314 3812 2368 3856 et
2397 3802 2750 3865 Ascalonitar,
2785 3811 2838 3856 et
2888 3802 3000 3865 alii,
3025 3817 3189 3872 prope
3241 3805 3459 3858 habita-

1876 3898 2025 3952 bant.
2061 3897 2240 3963 Atque
2273 3894 2386 3947 hazc
2417 3893 2620 3946 clarius
2666 3893 2907 3948 historia:
2956 3892 3257 3948 declarant.
3321 3895 3458 3950 Cum

1879 3990 1994 4042 haec
2024 3988 2093 4041 ab
2127 3986 2508 4040 universorum
2546 3985 2656 4038 Deo
2716 3985 2788 4038 ita
2828 3984 3112 4040 didicisset
3169 3987 3455 4055 propheta.

1878 4078 2063 4148 populi
2117 4075 2428 4130 felicitatem
2487 4083 2608 4142 post
2663 4073 2896 4128 reditum
2939 4074 3123 4129 videre
3165 4076 3460 4141 desiderat,

1877 4179 1930 4226 et
1963 4169 2076 4222 ait:

187 4257 622 4328 ὅλωνδιδαχθεὶς
647 4259 675 4310 δ
707 4257 1015 4328 προφήτης,
1060 4256 1188 4309 ἰδεῖν
1233 4255 1451 4324 ἐφίεται
1493 4254 1586 4307 τοῦ
1639 4254 1768 4307 λαοῦ

185 4351 278 4423 τὴν
313 4351 457 4423 μετὰ
483 4351 582 4421 τὴν
603 4349 862 4404 ἐπάνοδον
883 4349 1182 4420 εύκληρίαν
1201 4365 1212 4378 ·
1245 4347 1337 4400 καί
1362 4364 1528 4418 φησιν
1553 4364 1567 4378 ο

256 4443 348 4509 ια’,
380 4441 475 4513 ιβ’.
514 4460 532 4492 ι
565 4443 663 4505 Τίς
693 4441 890 4505 ἀπάξει
920 4458 988 4511 με
1010 4441 1090 4504 είς
1129 4439 1284 4492 πόλιν
1312 4439 1578 4510 περιοχῆς
1600 4440 1666 4510 ;ἢ
1694 4439 1756 4492 tl.

1959 4438 2123 4494 Vens.
2153 4439 2239 4506 11,
2284 4439 2372 4492 12.
2413 4458 2431 4490 ι
2462 4438 2598 4504 Quis
2651 4438 2886 4495 deducet
2947 4456 3033 4495 me
3084 4443 3139 4496 in
3185 4443 3464 4500 civitatem

187 4532 448 4603 ὁδηγήσει
484 4549 552 4603 με
575 4532 681 4596 ἓως
709 4532 806 4602 τῆς
839 4531 1144 4602 Ἰδουμαίας
1171 4549 1184 4598 ;
1221 4531 1356 4601 Οὐχὶ
1398 4533 1486 4594 σὺ,
1525 4531 1553 4584 6
1575 4531 1756 4596 Θεὸς,ι

1885 4531 2301 4587 munitam?aut
2322 4531 2448 4601 quis
2477 4531 2709 4587 deducet
2739 4547 2824 4586 me
2849 4547 3024 4603 usque
3052 4535 3106 4589 in
3131 4532 3467 4590 ldumaaam?

187 4625 560 4695 ἀπωσάμενος
599 4625 783 4694 ἡμᾶςς
824 4643 842 4675 ι
893 4622 960 4695 [³⁸
1000 4623 1134 4677 Οὐδὲ
1188 4623 1296 4696 γὰρ
1333 4619 1404 4694 ἦν
1445 4622 1633 4695 ἐτέρου
1678 4623 1756 4692 τῆ‹

1888 4622 2076 4677 Nonne
2108 4629 2187 4688 tu,
2211 4637 2244 4675 ο
2283 4621 2446 4685 Deus,
2491 4623 2582 4693 qui
2615 4623 2864 4692 repulisti
2917 4625 3060 4680 nos?
3093 4645 3112 4678 ι
3143 4624 3284 4696 [Νοη
3317 4627 3466 4682 enim

186 4716 447 4786 τοιαύτης
479 4715 624 4786 ἡμᾶς
657 4712 896 4778 ἀξιῶσαι
938 4713 1332 4786 προμηθείας.1
1388 4714 1576 4767 Πόλιν
1603 4714 1647 4745 ⁸ο
1675 4726 1751 4766 πε

1885 4713 2109 4770 alterius
2161 4724 2280 4770 erat
2309 4716 2410 4771 hac
2449 4730 2552 4772 nos
2600 4715 2813 4786 dignari
2865 4718 3087 4786 provida
3127 4717 3307 4790 cura,]
3343 4717 3469 4774 Hie-

178 4806 400 4875 ριοχῆς
457 4807 557 4877 τὴν
597 4806 955 4877 Ἰερουσαλὴμ
1015 4806 1196 4862 καλεῖ.
1244 4807 1460 4878 Ταύτην
1501 4809 1529 4860 6
1561 4807 1756 4876 Σύμμα

1888 4808 2220 4878 rosolymam
2262 4819 2547 4879 nuncupat
2583 4810 2855 4864 civitatem
2921 4811 3252 4866 munitionis.
3315 4810 3469 4868 lianc

187 4915 281 4965 χος
314 4896 752 4967 πεφραγμένην
770 4899 812 4929 ⁵⁸
837 4897 1209 4968 ἠρμήνευσεν.
1243 4897 1463 4965 Ἐπειδὴ
1498 4897 1610 4966 γὰρ
1646 4895 1750 4949 ἀνά

1890 4896 2254 4969 Symmachus
2280 4901 2690 4969 circumseptam
2720 4902 3110 4970 interpretatus
3155 4909 3258 4956 est.
3319 4901 3470 4966 Quo-

189 5005 388 5052 στατος
428 4989 697 5058 ἐγεγόνει,
729 4989 1100 5061 καὶὲστέρητο
1122 4991 1166 5021 ’δ’
1191 4989 1298 5043 τῶν
1320 4989 1515 5057 τειχῶν
1549 4989 1614 5052 ⁸³,
1643 5005 1756 5059 μετέ

1895 4988 2040 5042 niam
2085 4989 2228 5042 enim
2265 4999 2479 5045 vastata
2530 4999 2694 5061 atque
2754 4990 3027 5045 mmnibus
3063 4991 3295 5059 spoliata
3346 4990 3466 5053 fuit,

262 5159 302 5188 ω
338 5149 546 5204 Ezech.
598 5167 676 5215 χι,
711 5152 763 5205 ‘5.
847 5161 872 5187 η
906 5149 1109 5206 Jercm.
1143 5168 1180 5214 ι,
1208 5154 1294 5205 l5.

1309 5263 1545 5320 VARUE
1579 5263 1966 5319 LECTIONES
2005 5266 2094 5319 ET
2137 5263 2367 5322 NOTAE.

257 5380 302 5412 ³⁰
334 5379 630 5458 Πλιξᾳεςιρςς
651 5398 791 5450 μου.
821 5383 938 5458 cod.
1027 5382 1486 5458 ειμιιητοῦτομγάρ
1507 5383 1662 5458 δοκεῖ
1677 5385 1742 5454 τῇ

1861 5384 2325 5458 ἱραῖδιμδιαλέκτῳ.
2353 5456 2367 5458 _
2391 5386 2433 5417 ³¹
2456 5387 2576 5458 cod.
2609 5385 2644 5439 2
2667 5387 2764 5458 τὴν
2799 5386 3173 5458 Βαϐυλωνίαν.
3205 5388 3250 5420 ³⁹
3283 5389 3404 5444 cod.
3440 5390 3477 5444 Εἰ

187 5447 336 5530 οὕτε.
443 5447 784 5530 ³³.”Ρώ,ὶιηχ.
818 5453 939 5530 coll.
978 5453 1001 5503 l
1042 5453 1235 5530 ῥοπῄν.
1338 5447 1609 5530 ³³⁵Ἰᾷ’ςι)(1.
1636 5447 1756 5530 lein

1868 5447 1888 5508 .’
1957 5453 2030 5530 ’³⁸
2055 5447 2299 5530 βρότονζ
2352 5456 2425 5530 lta
2471 5456 2573 5526 leg.
2603 5447 2741 5530 esse
2777 5459 2990 5530 videtur
3022 5474 3121 5528 pro
3154 5457 3385 5530 βρρμον,
3418 5473 3476 5513 ιιι

189 5521 360 5596 liabet
396 5520 613 5596 _cnde_x.
723 5522 768 5596 ³4⁸
807 5520 1282 5596 [ferar-(tramam.
1343 5524 1470 5579 cod.
1497 5524 1529 5596 _l
1584 5524 1708 5578 add.
1753 5526 1756 5538 ‘

1887 5523 1980 5577 καὶ
2009 5520 2259 5596 τάξπάθη
2295 5528 2408 5587 τοῖς
2452 5520 2742 5596 τροφίμοις
2775 5528 2878 5594 τῆς
2909 5520 3277 5592 πίστεο›;”’ῐ]ὶ
3306 5520 3474 5584 etiam

190 5545 360 5575 υἈΙΙυΙ.
417 5545 613 5576 υυιιυι.
723 5545 768 5552 ⁷⁷
807 5545 1282 5591 ιιαταναγκασω.
1343 5545 1470 5579 (ἴου.
1507 5545 1529 5576 ἰ
1584 5545 1708 5578 auu.

187 5590 317 5665 fidei
349 5590 562 5665 alumni
602 5592 942 5665 passionilfus
991 5593 1207 5665 obnoxii
1251 5606 1394 5650 sunt.
1493 5594 1536 5665 ’Τ
1577 5597 1659 5647 Ob
1686 5600 1756 5663 με

1887 5545 1980 5577 και
2009 5545 2079 5577 τα
2114 5545 2259 5596 παυη
2295 5545 2408 5587 τοις
2452 5545 2742 5648 τροφιμοις
2775 5545 2878 5594 της
2909 5545 3174 5592 πιστεω;’
3209 5545 3277 5582 Ut
3306 5545 3469 5584 etiam

1861 5611 1899 5647 ν.
1929 5593 2049 5647 cod.
2077 5595 2113 5646 2
2147 5595 2343 5665 μόνων.
2454 5595 2498 5626 ³³
2532 5600 2614 5650 Κα
2665 5599 2718 5650 οι
2761 5599 2962 5654 ἄλλοι.
2996 5598 3118 5653 Des.
3158 5601 3208 5651 in
3257 5599 3379 5652 eod.
3415 5599 3469 5653 2.

191 5661 235 5738 τ’
263 5659 459 5738 Εροά.
494 5661 517 5713 ι
553 5659 734 5732 suppl,
798 5662 878 5738 ,ιο
912 5664 1120 5738 Πόλιν.
1157 5665 1281 5738 cod.
1303 5665 1340 5738 ⁸ι
1363 5663 1592 5738 ειιΙιίηδέ.
1673 5659 1747 5738 ξξι

1861 5666 1903 5718 :l.
1935 5665 1972 5738 f2
2003 5659 2461 5738 ἁπεφ’ραγμένην.
2499 5665 2686 5722 Montl'.
2723 5681 2854 5723 vero
2891 5667 2944 5720 in
2979 5667 3207 5737 llexapl.
3241 5669 3306 5721 ad
3340 5669 3392 5721 h.
3431 5669 3468 5722 l.

193 5732 358 5786 habet
380 5732 936 5803 περιπεφραγμένην.
1014 5733 1057 5764 ⁸³
1083 5734 1205 5788 cod.
1236 5735 1272 5787 2
1299 5735 1594 5806 ὲστερεῖτο.
1671 5735 1756 5789 ⁸³(

1861 5780 1862 5784 η
1922 5736 1955 5786 ‘2
1997 5732 2206 5805 τοίχων.

497 5827 774 5890 Parnm.
811 5828 925 5888 Gn.
955 5826 1182 5887 LXXX.
3029 5827 3106 5890 42
