3884 6320
419 285 558 352 1323

1428 283 1922 344 TlIEODORETI
1951 281 2291 343 EPISCOPl
2325 283 2694 346 CYRENSIS

3554 283 3567 344 l
3583 281 3689 346 32L

415 417 472 462 et
513 413 636 474 post
687 401 923 465 reditum
956 401 1191 472 prepriis
1221 399 1496 456 moenibus
1529 400 1833 455 instaurata
1895 408 2000 466 est,

2121 391 2163 454 is
2192 401 2292 470 τὴν
2328 401 2609 464 ἐπάνοδον,
2641 401 2768 464 τοὺς
2807 399 3044 462 οἰκείους
3082 395 3320 452 ἀπέλαϐε
3346 396 3690 470 περιϐόλους,

418 498 694 556 desiderat
728 496 992 566 propheta
1031 493 1176 546 illam
1221 493 1496 548 moenibus
1531 494 1768 548 cinctam
1793 493 2002 558 videre,

423 587 636 661 1007
663 594 716 640 et
743 600 922 655 usque
951 584 1007 638 iu
1052 581 1346 637 ldumasam
1383 591 1441 636 ut
1499 598 1596 636 rex
1651 596 1895 647 currere,
1952 591 2008 636 et

421 683 606 738 videre
643 694 737 734 eos
772 676 867 748 qui
918 677 1167 746 perpetui
1206 676 1389 730 hostes
1431 685 1607 740 erant,
1670 675 1724 730 in
1763 676 2006 730 servitu-

423 785 529 831 tem
553 773 826 828 redactos.
852 768 1122 824 Caeterum
1147 769 1282 833 lure,
1307 767 1503 837 inquit,
1524 777 1604 829 tu,
1631 766 1877 831 Domine,
1900 766 2003 829 fac,

427 866 518 936 qui
555 862 803 934 repulisti
837 876 958 926 nos,
985 870 1037 915 et
1058 859 1480 930 Babyloniorum
1512 859 1740 928 imperio
1765 873 1865 911 nos
1881 858 2008 912 sul)-

422 956 632 1014 didisti.
663 955 961 1024 Postquam
1001 954 1140 1006 bona
1174 951 1254 1005 sic
1319 951 1653 1005 vaticinatus
1714 961 1852 1014 erat,
1908 966 2008 1020 pro

424 1050 670 1106 molestis
707 1047 1002 1117 supplicat.
1029 1062 1048 1094 ‹
1079 1043 1143 1096 Et
1177 1058 1282 1096 non
1322 1043 1640 1111 egredieris,
1681 1041 1848 1108 Deus,
1880 1057 2005 1097 cum

427 1141 718 1196 virtutibus
770 1138 992 1192 nostris.
1034 1155 1052 1187 ι
1091 1134 1256 1188 Vides
1287 1150 1405 1196 nos,
1443 1134 1638 1204 inquit,
1704 1135 1774 1188 ita
1814 1136 2008 1190 acerbe

421 1243 789 1305 oppugnatos,
825 1239 880 1282 et
910 1243 1017 1281 non
1053 1243 1112 1280 es
1145 1228 1254 1280 dux
1325 1235 1529 1290 noster,
1590 1241 1689 1280 nec
1742 1237 2008 1281 consueto

425 1342 577 1382 more
605 1323 797 1378 vincis.
834 1320 1123 1390 Propterea
1157 1318 1442 1383 nimirum,

495 1417 660 1472 Vsus.
695 1417 782 1470 15.
821 1433 838 1465 ι
895 1413 968 1466 Da
1012 1412 1168 1466 nobis
1206 1411 1470 1466 auxilium
1519 1427 1586 1466 ex
1638 1411 2007 1479 tribulatione,

427 1518 483 1564 ct
582 1522 720 1561 vana
759 1505 907 1560 salus
939 1504 1243 1557 hominum.
1287 1523 1304 1552 ι
1330 1502 1787 1572 Coujunctionem
1813 1516 1861 1557 ct
1891 1521 2010 1558 mtt-

426 1614 550 1655 tans
582 1597 943 1669 Symmachus
961 1592 1391 1648 manileStiorem
1409 1593 1909 1662 interpretationem
1931 1595 2010 1648 fe-

421 1691 520 1744 cit.
571 1689 716 1743 Dixit
742 1693 924 1740 autem
939 1684 1019 1738 sic
1035 1701 1050 1738 :
1077 1682 1160 1736 Da
1178 1682 1329 1736 nobis
1345 1683 1607 1736 auxilium
1623 1699 1686 1737 ea:
1711 1685 2014 1737 tribulatio-

2111 489 2240 543 ἰδεῖν
2277 490 2323 523 ⁵⁸
2356 490 2528 561 αὐτὴν
2559 491 2606 522 ⁸⁸
2635 493 2970 562 όπροιρήτης
2987 491 3402 560 τετειχισμένην
3445 490 3604 541 ποθεῖ
3629 490 3691 555 ⁸⁸,

2109 581 2203 636 καὶ
2233 581 2340 645 ἓως
2367 580 2681 652 Ἰδουμαίας
2711 580 2786 644 ὡς
2823 581 3077 652 βασιλεὺς
3102 581 3144 612 ¹⁵⁷
3163 582 3421 652 δραμεῖν,
3447 582 3546 632 καὶ
3567 581 3697 633 ἰδεῖν

2106 673 2234 735 τοὺς
2264 673 2350 726 ἀεὶ
2383 672 2666 742 δυσμενεῖς
2701 671 2974 726 δουλεύειν
2997 669 3480 741 ἠναγκασμένους.
3508 668 3691 721 Ταῦτα

2108 763 2186 823 δὲ,
2222 763 2377 835 φηόι,
2415 763 2480 818 σὺ
2510 763 2730 835 δράσον,
2786 763 2981 831 Κύριε,
3034 766 3062 815 6
3103 762 3475 830 ἀπωσάμενος
3525 761 3697 828 ἡμᾶς,

2110 855 2208 908 καὶ
2227 859 2292 926 τῇ
2323 855 2433 908 τῶν
2463 854 2824 910 Βαϐυλωνίων
2849 855 3130 925 παραδοὺς
3161 852 3491 922 δυναστεία·
3525 851 3702 913 οὕτως

2109 946 2178 999 τὰ
2206 947 2388 1015 ἀγαθὰ
2421 947 2822 1017 προθεσπίσας,
2861 947 3001 1018 ὑπὲρ
3038 946 3147 998 τῶν
3169 945 3411 1015 ἀνιαρῶν
3439 945 3693 996 ἱκετεύει.

2116 1059 2133 1092 ι
2157 1041 2266 1093 Καὶ
2291 1041 2392 1093 οὐκ
2415 1039 2698 1110 ὲξελεύσῃ,
2720 1042 2748 1092 ό
2768 1040 2923 1104 Θεὸς,
2951 1041 3007 1092 έν
3025 1040 3146 1099 ταῖς
3163 1037 3459 1106 δυνάμεσιν
3481 1034 3689 1105 ἡμῶν.»
3724 1074 3727 1076 -

2120 1130 2288 1204 Ὀρᾷς
2316 1133 2467 1203 ἡμᾶς
2489 1132 2557 1196 ⁸⁸,
2593 1133 2780 1204 φησὶν,
2813 1132 2957 1184 οὕτω
2981 1128 3198 1199 πικρῶς
3229 1127 3693 1198 πολεμουμένους,

2111 1226 2207 1276 καὶ
2236 1225 2294 1276 ού
2333 1229 2680 1296 στρατηγεῖς,
2716 1223 2837 1277 οὐδὲ
2868 1222 3179 1294 ἀριστεύεις
3206 1219 3476 1290 συνήθως.
3512 1218 3580 1290 [δ’
3603 1220 3699 1272 Διὰ

2111 1316 2174 1386 δὴ
2203 1317 2401 1388 ταῦτα]

2185 1415 2277 1476 ιγ’.
2318 1427 2336 1459 ι
2378 1407 2474 1470 Δὸς
2503 1409 2636 1478 ἡμῖν
2675 1407 2932 1478 βοήθειαν
2959 1408 3024 1459 ὲκ
3061 1405 3316 1474 Θλίψεως,
3349 1403 3446 1456 καὶ
3493 1402 3699 1472 ματαία

2117 1499 2363 1569 σωτηρία
2398 1498 2746 1568 ἀνθρώπου.»
2772 1500 2876 1552 Τὸν
2906 1499 3007 1552 καί
3027 1497 3326 1566 σύνδεσμον
3339 1493 3646 1558 ἁναλλάξας
3671 1495 3698 1545 6

2115 1594 2437 1664 Σύμμαχος,
2495 1595 2834 1664 σαφέστερον
2895 1593 2992 1664 τὴν
3039 1591 3338 1663 ἑρμηνείαν
3377 1592 3694 1662 εἰργάσατο.

2118 1687 2263 1756 Ἔφη
2312 1686 2368 1738 δὲ
2411 1685 2584 1747 οὕτως
2606 1702 2621 1716 ο
2652 1685 2764 1751 Δὸς
2791 1683 2938 1754 ἡμῖν
2973 1683 3269 1749 ,βοήθειαν
3303 1683 3373 1736 ἐκ
3399 1683 3658 1749 θλίψεως
3681 1693 3694 1708 ·

374 1776 390 1788 ’
427 1799 511 1845 ne,
541 1797 676 1835 ratio
705 1779 845 1832 enim
867 1776 1016 1830 salus
1039 1775 1292 1829 hominis.
1319 1773 1422 1829 Fer
1441 1789 1620 1843 opem,
1647 1775 1844 1845 inquit,
1875 1775 2011 1828 male

2121 1779 2335 1848 ματαία
2368 1778 2476 1847 γὰρ
2503 1778 2769 1844 σωτηρία
2789 1775 3127 1839 ἀνθρώπου.
3152 1775 3487 1844 Ἐπάμυνον,
3511 1771 3696 1844 φησὶν,

426 1871 656 1937 allectis,
692 1865 1138 1940 quandoquidem
1167 1873 1226 1920 tu
1251 1866 1402 1921 solus
1425 1865 1765 1920 calamitates
1799 1865 2012 1920 solvere

425 1981 621 2041 potes:
649 1964 854 2021 auxilia
882 1974 1063 2018 autem
1097 1961 1554 2026 hominum,cum
1594 1969 1652 2014 tu
1687 1974 1794 2014 non
1828 1959 2003 2026 faves,

425 2075 568 2118 vana
593 2068 740 2115 sunt.
776 2055 989 2113 Idcirco
1018 2053 1217 2109 merito
1257 2051 1545 2120 subiunxit
1573 2068 1586 2105 :

499 2239 666 2297 Vens.
698 2236 788 2293 Η.
822 2256 842 2291 ι
877 2235 938 2292 ln
967 2233 1080 2292 Deo
1099 2233 1484 2290 exercebimus
1507 2231 1786 2288 virtutem.
1823 2250 1843 2284 ι
1874 2230 2014 2304 [Hoc

425 2342 531 2400 est,
559 2332 626 2388 ad
668 2330 822 2385 illum
845 2327 1159 2390 redeamus,
1183 2325 1343 2395 eique
1357 2324 1660 2380 servientes
1686 2339 1873 2378 curam
1895 2324 2012 2390 ejus

427 2418 777 2493 sentiamus.]
815 2439 836 2473 ι
870 2418 937 2473 Ει
969 2419 1085 2488 ipse
1110 2418 1176 2471 ad
1207 2417 1436 2470 nihilum
1469 2415 1699 2470 deducet
1743 2415 2014 2470 "ﬁbulan-

428 2526 513 2573 tes
541 2530 660 2572 nos.
697 2533 718 2567 ι
751 2511 884 2584 Ejus
930 2525 1113 2582 opem,
1160 2509 1358 2578 inquit,
1399 2507 1782 2577 imploremus,
1811 2514 1866 2560 et
1911 2507 2014 2562 hac

428 2608 551 2664 freti
585 2607 782 2663 simus.
813 2603 929 2674 Ipsa
963 2616 1203 2672 namque
1233 2601 1348 2656 sola
1383 2599 1524 2654 satis
1543 2607 1631 2654 est
1669 2599 1735 2654 ad
1769 2614 1857 2653 res
1913 2599 2013 2652 tri-

427 2710 538 2758 stes
567 2697 966 2761 dissolvendas,
1001 2705 1165 2765 atque
1191 2694 1258 2748 ad
1294 2691 1650 2749 inimicorum
1697 2700 2012 2749 nostrorum

429 2795 726 2865 potentiam
766 2788 1133 2846 evertendam.

817 2944 1138 3000 ‘INTERP.
1193 2943 1446 2999 PSALMI
1510 2943 1622 2999 LX.

2115 1870 2481 1940 διακειμένοις
2518 1869 2741 1931 κακῶς·
2779 1869 2863 1921 σοὶ
2917 1868 3026 1937 γάρ
3068 1867 3215 1937 μόνῳ
3240 1865 3468 1918 δυνατὸν
3514 1863 3698 1917 διαλύε-

2117 1979 2207 2014 σαι
2240 1961 2338 2024 τὰς
2368 1960 2688 2032 συμφοράς’
2717 1961 2774 2014 αἰ
2801 1959 2857 2013 δὲ
2878 1959 2989 2013 τῶν
3017 1957 3325 2029 ἀνθρώπων
3352 1956 3696 2027 ἐπικουρίαι,

2117 2052 2212 2107 σοῦ
2262 2051 2339 2124 μὴ
2394 2053 2550 2116 ὄντος
2580 2051 2648 2118 ⁸⁸,
2688 2052 2908 2122 μάταιοι
2944 2051 3011 2106 ⁸¹.
3051 2049 3144 2104 Διὸ
3200 2049 3429 2112 εἰκότως
3486 2049 3696 2118 ἐπήγα-

2115 2163 2212 2215 γεν
2234 2163 2248 2177 ο

2188 2237 2269 2292 ιδ’.
2313 2257 2330 2289 ι
2365 2236 2456 2290 Ἐν
2489 2236 2566 2308 τῷ
2595 2235 2714 2306 Θεῷ
2747 2237 3047 2305 ποιήσομεν
3096 2233 3354 2305 δύναμιν.
3389 2251 3408 2284 ι
3449 2230 3524 2305 [⁸³
3551 2231 3698 2286 ’Δντὶ

2115 2325 2235 2394 τοῦ,
2273 2328 2364 2380 ἐπ’
2395 2328 2562 2381 αὐτὸν
2595 2327 3040 2397 ἐπιστρέψωμεν,
3068 2327 3164 2378 καὶ
3187 2323 3335 2394 αὐτῷ
3363 2323 3698 2394 λατρεύσαν-

2117 2435 2209 2481 τες
2236 2418 2512 2489 κηδεμόνα
2545 2417 2711 2472 αὑτὸν
2756 2415 3118 2488 όρισώμεθα.]
3153 2435 3172 2467 ‹
3207 2415 3316 2469 Καὶ
3353 2415 3520 2478 αὐτὸς
3553 2413 3701 2479 ἐξου-

2116 2512 2341 2564 δενώσει
2370 2513 2500 2574 τοὺς
2531 2510 2997 2581 ϐλίεονταςὴμᾶς.
3030 2529 3049 2561 ›
3083 2509 3196 2579 Τὴν
3222 2507 3388 2561 αὐτοῦ
3418 2509 3484 2572 ⁵⁸,
3513 2507 3695 2577 φησιν,

2117 2603 2580 2673 έπικαλεσώμεοα
2617 2605 2891 2674 πρόνοιαν,
2926 2602 3207 2673 καὶταύτῃ
3227 2603 3272 2634 ⁵⁵
3299 2599 3694 2672 Θαρῤἡσωμενο

2117 2695 2258 2767 αὕτη
2288 2697 2398 2767 γὰρ
2426 2697 2471 2729 ⁸⁵
2497 2697 2660 2766 ἀρκεῖ
2717 2697 2855 2767 μόνη
2889 2696 3047 2749 λῦσαι
3079 2695 3148 2748 τὰ
3188 2694 3420 2765 χαλεπὰ,
3467 2693 3565 2748 καὶ
3593 2691 3701 2747 τῶν

2027 2817 2050 2846 ι.
2119 2788 2500 2860 πολεμούντων
2532 2791 2665 2860 ἡμῖν
2697 2787 3003 2843 καταλῦσαι
3033 2787 3132 2858 τὴν
3167 2787 3511 2841 δυναστείαν.

2463 2924 2729 2999 EPMHN.
2770 2942 2908 2996 Ter
2937 2942 2990 2996 Ξν
3022 2941 3344 2996 mmor.

502 3083 667 3139 Vens.
695 3082 744 3135 1.
783 3099 801 3132 ι
839 3080 896 3134 lu
936 3080 1118 3145 linem,
1150 3079 1204 3132 in
1241 3079 1457 3150 hymnis
1505 3075 1717 3132 Davidi.
1753 3094 1776 3130 ι
1841 3075 2011 3132 Exor-

2186 3088 2257 3136 α’.
2292 3100 2310 3134 ι
2349 3081 2443 3144 Εἰς
2473 3079 2534 3133 τδ
2570 3079 2741 3144 τέλος,
2766 3079 2824 3132 ὲν
2859 3077 3050 3148 ὕμνοις
3069 3077 3145 3146 τῷ
3177 3075 3359 3130 Δαϐἰδ.
3391 3093 3410 3126 ι
3442 3074 3535 3146 Τῷ
3560 3073 3699 3128 τέλει

431 3177 580 3232 dium
624 3172 806 3248 ’hujus
841 3170 1055 3240 1008
1090 3170 1282 3239 psalmi
1315 3169 1614 3238 superioris
1635 3168 1830 3238 psalmi
1855 3169 2016 3224 ﬁnem

434 3267 704 3337 sequitur.
737 3263 872 3317 Nam
902 3277 1025 3316 cum
1050 3261 1276 3314 dixisset
1311 3279 1324 3314 :
1365 3279 1382 3314 ι
1416 3261 1472 3313 1η
1503 3259 1614 3315 Deo
1639 3262 2018 3318 exercebimus

433 3360 712 3421 virtutem,
748 3363 802 3408 et
841 3355 956 3423 ipse
996 3350 1062 3404 ad
1116 3350 1348 3404 nihilum
1405 3351 1638 3406 deducet
1694 3351 2017 3406 tribulantes

435 3464 556 3514 nos,
599 3467 616 3499 ι
661 3447 820 3501 docet
845 3444 1121 3514 captivum
1157 3443 1438 3512 populum,
1470 3458 1609 3511 quas
1661 3458 1852 3512 preces
1908 3443 2017 3496 Deo

434 3537 628 3594 aﬂ’erre
672 3537 882 3590 deceat.
919 3533 1197 3605 [Praedicit
1224 3548 1351 3587 vero
1381 3533 1546 3587 etiam
1581 3548 1703 3601 quae
1753 3531 2017 3586 Dominus

435 3627 686 3683 Christus
719 3625 861 3679 Deus
899 3631 1084 3678 noster
1111 3637 1210 3693 pro
1228 3623 1387 3677 nobis
1420 3633 1777 3691 suscepturus
1802 3621 1894 3686 sit,
1920 3636 2019 3675 nec

435 3735 544 3775 non
599 3717 785 3790 populi
818 3732 849 3772 e
880 3716 1134 3786 gentibus
1162 3713 1467 3769 adducendi
1498 3715 1943 3770 conversionem.

502 3892 669 3948 Vnus.
689 3892 743 3946 2.
770 3913 787 3944 ι
811 3891 1048 3950 Exaudi.
1081 3905 1114 3947 ο
1144 3889 1311 3954 Deus,
1336 3889 1774 3960 deprecationem
1813 3903 2012 3953 meam,

431 3986 652 4041 attende
684 3985 748 4039 ad
806 3986 1109 4038 orationem
1175 3997 1373 4038 meam.
1420 4001 1438 4035 ι
1498 3981 1766 4051 Suscipe,
1796 3982 2013 4050 inquit,

437 4093 587 4133 meas
617 4093 829 4148 preces,
863 4093 895 4131 ο
928 4075 1175 4141 Domine,
1209 4084 1263 4129 et
1293 4075 1526 4144 benigne
1557 4076 1722 4129 verba
1752 4073 2016 4129 orationis

434 4186 569 4225 mea:
595 4171 814 4224 exaudi.
841 4170 992 4242 [llaec
1017 4171 1177 4225 etiam
1202 4170 1326 4239 jure
1351 4169 1531 4224 dicere
1562 4177 1744 4238 potest
1768 4168 2015 4237 quisquis

433 4264 491 4318 in
527 4263 891 4317 calamitatem
923 4263 1195 4328 inciderit,
1227 4271 1287 4315 ut
1313 4261 1493 4315 verbis
1545 4259 1696 4314 hisce
1727 4259 2014 4329 supplicet,

433 4353 564 4408 velit
598 4353 740 4409 Deus
765 4370 954 4424 prcces
1002 4363 1260 4414 acceptas
1295 4352 1520 4417 habere,
1552 4359 1608 4405 ct
1656 4351 1884 4421 provida
1917 4364 2016 4406 sua

435 4461 565 4502 cura
589 4447 802 4517 dignari
851 4442 1174 4516 petentem.]
1209 4442 1413 4499 Deinde
1462 4444 1622 4498 docet
1665 4443 1759 4514 qui
1816 4443 1928 4498 sint
1977 4443 2016 4497 ii

433 4535 531 4606 qui
557 4537 939 4605 deprecantur.

511 4624 682 4680 Vens.
705 4626 759 4680 '5.
795 4644 814 4677 ι
849 4626 892 4678 Α
923 4625 1124 4680 ﬁnibus
1159 4632 1318 4680 terrae
1337 4625 1405 4680 ad
1432 4634 1484 4681 te
1505 4624 1754 4682 clamavi.
1800 4644 1819 4678 ι
1864 4624 2013 4692 Quo-

426 4716 582 4772 «niam
619 4718 764 4772 enim
795 4718 982 4772 multis
1013 4716 1390 4772 mansionibus
1418 4715 1657 4788 Babylon
1681 4734 1711 4773 a
1731 4719 2018 4774 Palaestina

431 4809 700 4876 distabat,
737 4809 772 4863 ii
802 4811 895 4879 qui
936 4810 989 4863 itt
1025 4808 1346 4864 servitutem
1401 4808 1622 4866 abducti
1684 4821 1863 4879 erant,
1918 4827 2017 4866 ex-

439 4901 926 4958 tremitatesterraz
971 4915 1031 4955 se
1088 4899 1326 4956 incolere
1361 4901 1805 4972 suspicabantur,
1869 4904 2016 4957 illam

2122 3169 2216 3224 τοῦ
2272 3168 2767 3242 προγεγραμμένου
2804 3167 2850 3198 ⁵⁸
2888 3165 3107 3236 ψαλμοῦ
3131 3167 3174 3198 ⁸⁶¹
3215 3164 3506 3218 ἀκολουθεῖ
3549 3161 3697 3216 τοῦδε

2119 3262 2214 3316 τοῦ
2249 3262 2294 3294 ⁸⁸
2322 3260 2538 3332 ψαλμοῦ
2569 3260 2629 3312 τὸ
2663 3259 2966 3330 προοίμιον.
3005 3255 3258 3328 Εἰρηκὼι,
3295 3256 3425 3325 γὰρ.
3461 3274 3480 3306 ι
3519 3256 3606 3308 Ἐν
3625 3253 3698 3325 τῷ

2119 3354 2238 3424 Θεῷ
2291 3356 2593 3424 ποιήσομεν
2621 3353 2665 3384 ⁵⁹
2700 3351 2949 3420 δύναμιν,
2995 3350 3091 3401 καὶ
3139 3349 3303 3410 αὐτὸς
3351 3344 3700 3411 ἑξουδενὼσει

2119 3447 2244 3508 τοὺς
2267 3443 2550 3506 Θλίὸοντας
2573 3444 2742 3514 ἡμᾶς,
2765 3461 2782 3494 ι
2810 3441 3050 3494 διδάσκει
3073 3439 3162 3492 τὸν
3187 3442 3244 3492 ὲν
3261 3441 3324 3507 τῇ
3356 3436 3700 3508 αἰχμαλωσίᾳ

2119 3536 2271 3604 λαὸν,
2304 3535 2497 3589 ὁποίαν
2531 3535 2799 3605 προσήκει
2846 3515 3237 3603 προσενεγκεῖν
3274 3529 3350 3600 τῷ
3377 3529 3496 3600 Θεῷ
3529 3547 3699 3601 προσ-

2121 3627 2311 3696 ευχήν.
2379 3623 2447 3697 [⁸ο
2478 3623 2740 3694 Προλέγει
2792 3621 2847 3676 δὲ
2879 3623 2972 3675 καὶ
3003 3621 3095 3676 τοῦ
3139 3622 3412 3674 Δεσπότου
3462 3621 3700 3690 Χριστοῦ

2120 3717 2214 3771 τοῦ
2241 3717 2375 3770 Θεοῦ
2402 3717 2560 3788 ἡμῶν
2584 3716 2682 3787 τὴν
2717 3715 2785 3769 δι’
2814 3717 2960 3786 ἡμᾶς
2982 3715 3294 3784 οἰκονομίαν
3325 3715 3420 3768 καὶ
3453 3714 3554 3783 τὴν
3583 3715 3699 3766 ἑπι-

2124 3809 2370 3880 στροφὴν
2399 3807 2492 3860 τοῦ
2534 3806 2594 3871 ἐξ
2624 3805 2794 3860 ἐθνῶν
2829 3805 3008 3877 λαοῦ.]

2194 3899 2259 3970 β’.
2295 3919 2312 3950 ι
2343 3899 2701 3965 Εἰσάκουσον,
2733 3901 2760 3951 6
2789 3898 2943 3961 Θεὸς,
2969 3899 3066 3968 τῆς
3121 3896 3363 3967 δεήσεως
3397 3915 3534 3967 μουο
3563 3898 3697 3969 πρό-

2121 4008 2250 4062 σχες
2286 3993 2351 4062 τῇ
2384 3995 2662 4063 προσευχῇ
2697 4007 2820 4061 μου.
2849 4012 2866 4042 ι
2892 3991 3049 4056 Δέξαι
3082 4007 3206 4060 μου,
3252 3991 3438 4060 φησὶν,
3465 3991 3562 4062 τὴν
3584 3993 3698 4045 ἱκε-

2117 4084 2292 4150 τείαν,
2329 4077 2373 4136 ὦ
2408 4085 2676 4149 Δέποστα,
2713 4084 2806 4135 καὶ
2832 4083 3076 4152 εὐμενῶς
3115 4081 3348 4134 ἄκουσον
3383 4082 3424 4112 ⁶¹
3461 4083 3568 4134 τῶν
3597 4083 3692 4151 τῆς

2119 4175 2428 4246 προσευχῆς
2467 4192 2569 4244 μου
2612 4175 2895 4245 ῥημάτων.
2937 4173 3003 4246 [⁶²
3031 4173 3217 4226 Ταῦτα
3276 4172 3331 4226 δὲ
3368 4173 3594 4236 δικαίως
3622 4174 3695 4226 εῖ·

2119 4283 2210 4318 ποι
2249 4266 2342 4318 καὶ
2374 4266 2483 4327 πᾶς
2511 4265 2659 4326 ὅστις
2695 4265 2761 4317 ἂν
2786 4263 2894 4316 τῶν
2926 4261 3232 4332 ἀνθρώπων
3263 4263 3586 4332 περιστάσει
3610 4279 3675 4314 πε

2125 4355 2334 4428 ριπέσοι
2359 4372 2372 4385 ⁸
2406 4357 2494 4408 διὰ
2521 4355 2729 4409 τούτων
2760 4354 3056 4408 ἀντιϐολῶν
3090 4353 3284 4423 δεκτὴν
3309 4352 3568 4421 γενέσθαι
3599 4353 3694 4422 τὴν

2121 4447 2359 4501 ἱκετείαν
2413 4449 2508 4501 καὶ
2549 4451 2649 4517 τῆς
2699 4448 2912 4500 ἐκεῖθεν
2965 4444 3316 4518 προμηθείας
3366 4443 3694 4517 ἀξιοῦσθαι.]

2047 4513 2094 4572 D
2123 4536 2257 4593 Εἶτα
2291 4539 2533 4594 διδάσκει
2566 4513 2714 4603 τίνες
2739 4541 2788 4591 οἰ
2818 4513 3126 4609 εὐχόμενοι.

2191 4635 2260 4697 γ’.
2303 4647 2321 4679 ι
2364 4627 2498 4680 Ἀπὸ
2546 4627 2656 4681 τῶν
2717 4627 2968 4699 περάτων
3017 4627 3118 4696 τῆς
3177 4625 3282 4696 γῆς
3331 4625 3465 4696 πρὸς
3497 4625 3558 4677 σὲ
3583 4623 3698 4677 ἐκέ-

2122 4721 2324 4790 κραξα.
2363 4738 2382 4771 ι
2432 4719 2653 4792 Ἐπειδὴ
2680 4719 2791 4790 γάρ
2827 4719 3043 4782 πολλοῖς
3073 4717 3118 4750 ⁸³
3151 4717 3412 4788 σταθμοῖς
3448 4719 3481 4788 ἡ
3524 4716 3699 4770 8.16a-

2123 4811 2230 4864 λὼν
2261 4811 2361 4881 τῆς
2399 4810 2768 4879 Παλαιστίνης
2821 4810 3124 4880 ἀφέστηκε,
3171 4808 3270 4871 τὰς
3307 4806 3569 4878 ἐσχατιάς
3603 4806 3697 4860 ὑπ·

2123 4901 2437 4972 ελάμϐανον
2459 4903 2558 4971 τῆς
2593 4903 2919 4973 οἰκουμένης
2946 4902 3119 4955 οἰκεῖν
3142 4899 3193 4954 οἰ
3225 4899 3272 4932 ⁸⁵
3311 4897 3699 4970 ἐξανδραποδι-

1531 5123 1767 5179 νΑΒΙᾹΞ
1805 5124 2193 5181 LECTIONES
2230 5124 2320 5180 ET
2358 5121 2593 5180 ΝΟΤιΕ.

511 5278 792 5352 ἶν’-Ἰδεῖν.
819 5277 941 5352 cod.
977 5276 1346 5352 [προεώρα-
1396 5279 1441 5310 ⁸⁵
1465 5277 1693 5352 Αύτήν.
1721 5279 1848 5335 Des.
1883 5281 1936 5333 in
1965 5296 2011 5334 Ct

2121 5279 2182 5352 Ξ.
2254 5280 2298 5312 ⁴⁶
2319 5279 2523 5352 Ποθεῖ.
2543 5279 2601 5334 In
2633 5279 2757 5352 cod.
2795 5281 2820 5352 1
2852 5288 3196 5352 postes-req.
3229 5281 3502 5351 sequitur,
3539 5281 3623 5336 διδ
3643 5281 3704 5350 δὴ

440 5349 535 5404 καὶ¹
560 5347 818 5402 ὲπεπόθει
839 5348 944 5410 ἕως
970 5347 1414 5418 τῆς-Ἰδουμαίας
1444 5367 1498 5403 κ.
1524 5348 1575 5402 λ.

438 5559 607 5614 Abest
656 5573 686 5613 a
738 5559 861 5614 cod.
900 5560 948 5614 1.

1650 5351 1694 5381 ⁸⁷
1731 5352 2052 5416 Βασιλεύς.
2087 5351 2210 5407 cod.
2232 5352 2267 5405 ‘2

436 5418 604 5474 οὕτω.
677 5419 723 5490 ξ’
836 5419 958 5474 eod.
991 5419 1010 5472 1
1061 5419 1176 5490 haec
1207 5419 1409 5487 suppl.,
1433 5434 1556 5490 qum
1577 5419 1742 5490 etiam
1771 5421 1968 5474 Caral‘a
1995 5439 2011 5475 ε

2121 5418 2316 5477 ·θεεὶι.’
2365 5421 2412 5453 ⁵⁸
2439 5423 2666 5487 "Or-rec.
2693 5421 2816 5475 cod.
2839 5418 2890 5487 1⁷,
2912 5420 2948 5474 2
2974 5421 3242 5485 νεύοντος.

436 5503 611 5560 ταιαι.
683 5487 728 5520 ³⁸
755 5488 797 5542 Ε
819 5489 940 5544 cod.
968 5490 990 5543 1
1021 5488 1196 5560 suppl.
1275 5487 1461 5543 "cod.
1485 5488 1520 5541 2
1543 5489 1738 5560 αὑτήν.
1801 5491 1848 5521 ⁵⁵
1887 5492 2038 5546 Tati:

2307 5351 2629 5422 βασιλεύων.
2709 5351 2757 5382 ⁸⁸
2792 5349 2997 5419 Ἦμᾶς.
3031 5350 3087 5404 In
3113 5349 3236 5406 cod.
3267 5349 3556 5453 2"pOnitur
3586 5349 3701 5423 post

2365 5421 2412 5453 ³⁸
2439 5423 2666 5477 "Or-mc.
2693 5421 2816 5475 cod.
2839 5423 2890 5477 1.
2912 5420 2948 5474 2
2974 5421 3242 5477 νεύοντος.
3350 5423 3365 5454 ⁸
3387 5423 3509 5477 cod.
3542 5424 3566 5477 1
3600 5422 3701 5477 tui-

3387 5437 3509 5477 con.
3542 5437 3566 5477 ι
3599 5438 3702 5492 μα-

2039 5509 2100 5558 ῃ.
2139 5493 2264 5546 cod.
2285 5492 2328 5563 Ai
2359 5493 2424 5563 τῇ
2451 5491 2639 5563 αύτοῦ.
2673 5491 2792 5546 cod.
2823 5492 2860 5563 2
2892 5495 2956 5562 τῇ
2982 5491 3148 5545 αὐτοῦ
3173 5492 3423 5562 δυνάμει.
3483 5493 3533 5524 ⁸⁸
3558 5491 3701 5563 reip.

517 5568 607 5639 ρει
656 5573 703 5639 a_
738 5559 967 5639 c_0d._i._
1061 5559 1109 5639 ‘f
1127 5557 1700 5639 ᾙρογειψαέιμετνού.
1723 5561 1855 5639 cod.
1893 5557 2414 5639 1προτεςεαγμένουζ

437 5628 567 5684 τοῦ.
603 5630 726 5685 cod.
759 5629 784 5683 1
814 5628 908 5683 τοῦ
939 5628 1216 5701 δευτέρου.
1265 5629 1339 5701 ’⁵⁸
1369 5633 1492 5684 cod.
1543 5630 1954 5701 laetﬁcrwpsv.
1988 5628 1999 5632 ⁷

2121 5629 2147 5684 Β
2180 5628 2303 5687 cod.
2349 5633 2364 5684 Ι

2511 5562 2556 5591 ⁸⁷
2599 5562 2867 5630 Ψαλμοῦ.
2901 5547 3070 5617 Ᾰίυοει
3098 5579 3128 5616 a
3158 5564 3280 5618 cod.
3311 5547 3367 5618 ἒ.
3443 5563 3492 5596 ⁸⁸
3529 5547 3697 5616 Tatii:

2399 5631 2580 5700 suppl.
2681 5633 2725 5663 “
2753 5635 2874 5687 cod.
2906 5633 2930 5687 1
2958 5633 3297 5689 εἰσάκουσον.
3378 5634 3424 5664 ⁸⁸
3452 5632 3493 5688 Ε
3523 5638 3640 5687 cod.
3671 5631 3690 5682 t

432 5701 621 5770 suppl.
699 5701 746 5734 “
777 5699 1039 5765 Πολλοῖς
1068 5697 1138 5740 -έέ
1163 5697 1492 5771 ἀφέστηκε,
1527 5699 1656 5766 τάς.
1691 5697 1902 5762 nem“
1926 5716 2011 5758 ρο(

2122 5739 2138 5756 .
2214 5701 2258 5735 υ
2292 5703 2376 5757 01.
2413 5697 2534 5758 co‘d.
2568 5702 2591 5756 ι
2627 5702 2778 5757 addit
2803 5705 2862 5756 έν
2885 5704 3040 5773 αὐτῇ.
