3884 6320
398 287 527 354 1327
1345 283 1830 346 THEODORETI
1867 278 2207 340 EPISCOPI
2232 279 2602 339 CYRENSIS
3521 274 3652 340 1333

394 421 496 461 nos
535 403 656 476 ejus
707 421 879 477 usque
913 407 963 458 iu
995 404 1136 459 dicm
1178 403 1552 474 generationis
1572 410 1626 456 et
1643 399 1966 470 generatio-

2071 397 2402 468 προσθήσεις
2437 415 2450 428 ·
2506 399 2574 451 τὰ
2609 396 2705 468 ἔτη
2735 397 2900 452 αὑτοῦ
2941 399 3045 462 ἕως
3074 399 3288 470 ἡμέρας
3331 405 3525 470 γενεᾶς
3557 405 3653 459 καὶ

395 497 500 554 nis.
532 497 880 553 Permanebit
907 497 960 550 in
998 507 1260 550 aeternum
1291 495 1343 548 in
1378 503 1674 563 conspectu
1699 492 1812 546 Dei.
1846 510 1864 543 ι
1890 490 1967 545 lta

2071 490 2284 556 γενεᾶς.
2320 492 2577 559 Διαμενεί
2606 493 2687 553 εἰς
2714 491 2807 544 τὸν
2841 491 3015 545 αἰῶνα
3045 493 3277 547 ἐνώπιον
3310 495 3406 547 τοῦ
3435 495 3594 551 Θεοῦ.
3629 517 3647 550 ι

394 606 521 645 cum
566 589 988 660 supplicasscnt,
1022 596 1078 642 et
1122 602 1244 656 qua:
1287 577 1560 656 petierunt
1606 585 1966 654 accepissent,

2071 582 2257 644 Οὑτως
2293 582 2695 646 ἱκετεύσαντες,
2750 585 2846 637 καὶ
2899 584 3001 649 τὰς
3047 588 3296 656 αἰτήσεις
3345 589 3654 658 δεξάμενοι,

393 692 448 736 (ιι
491 697 591 750 pro
622 682 706 734 his
738 680 943 750 gratias
972 679 1239 749 egissent,
1285 678 1453 732 Deum
1483 688 1645 733 orant
1676 686 1735 731 ut
1759 675 1968 730 diutius

2072 674 2164 726 καὶ
2194 674 2354 744 χάριν
2383 674 2526 744 ὑπὲρ
2550 674 2756 727 τούτων
2786 677 3222 748 ὁμολογήσαντες
3239 679 3306 744 ⁸³,
3340 679 3655 732 ἀντιϐολοῧο

397 787 575 841 regem
627 771 814 825 datum
865 781 1174 826 conservet.
1237 770 1390 825 Tunc
1439 781 1618 824 autem
1665 767 1968 822 Zorobabel

2072 781 2125 816 σι
2154 763 2244 816 τὸν
2287 763 2440 828 Θεὸν,
2492 766 2586 818 τὸν
2618 766 2843 820 δοθέντα
2878 768 3062 831 αὐτοῖς
3107 769 3202 820 ἐπὶ
3248 768 3504 822 πλεῖστον
3536 771 3654 824 δια-

395 863 528 933 ipsis
587 861 932 931 imperabat:
994 862 1088 917 sed
1145 879 1252 916 non
1312 861 1497 917 omnia
1561 859 1969 916 vaticinationis

2071 855 2306 923 φυλάξαι
2323 855 2370 887 ⁸⁸
2399 856 2648 926 βασιλέα.
2701 858 3015 927 Τηνικαῦτα
3054 859 3112 911 δὲ
3151 859 3332 913 αὑτῶν
3368 860 3653 915 ἐϐασίλευε

393 955 558 1011 verba
582 953 630 1006 ei
653 962 981 1024 congruunt.
1003 953 1116 1008 Hoc
1136 954 1304 1017 enim,
1343 974 1360 1006 ι
1391 952 1516 1008 Dies
1548 968 1710 1021 super
1740 953 1856 1007 dies
1886 966 1970 1007 re-

2071 947 2408 1016 Ζοροϐάϐελο
2449 948 2568 1002 ἀλλ’
2617 949 2714 1018 οὐχ
2754 950 3019 1020 ἁρμόττει
3063 951 3215 1022 αὑτῷ
3247 953 3427 1006 πάντα
3454 953 3525 1006 τὰ
3556 955 3653 1022 τῆς

387 1046 484 1116 .gis
513 1044 764 1114 adjicies,
807 1063 825 1095 ι
851 1044 930 1098 illi
955 1045 1475 1114 quoque-convenit,
1494 1055 1688 1100 caetera
1707 1059 1840 1100 vero
1868 1058 1967 1098 ne-

2070 1038 2415 1109 προφητείας
2455 1040 2615 1110 ῥητά.
2663 1040 2739 1093 Τὸ
2769 1042 2868 1110 μὲν
2908 1041 3038 1112 γὰρ,
3070 1062 3089 1095 ι
3125 1044 3368 1114 Ἡμέρας
3399 1046 3486 1114 ἐφ’
3515 1041 3651 1115 ἡμέ-

391 1151 692 1206 quaquam,
753 1136 849 1190 sed
905 1135 954 1188 ei
985 1136 1079 1204 qui
1114 1151 1180 1189 ex
1206 1136 1298 1190 illo
1321 1135 1621 1191 secundum
1649 1151 1870 1190 carnem
1897 1135 1969 1190 ob

2071 1146 2172 1201 ρας
2205 1129 2253 1161 ⁸⁸
2301 1129 2395 1182 τοῦ
2449 1129 2718 1199 βασιλέως
2765 1130 3122 1201 προσθήσεις,
3169 1152 3188 1186 ι
3244 1136 3510 1205 ἁρμόττει
3558 1139 3653 1190 κά-

392 1241 661 1282 summam
691 1241 846 1279 suam
867 1226 1278 1295 benignitatem,
1302 1227 1494 1297 utipse
1527 1228 1698 1292 novit,
1733 1240 1968 1297 progna-

2069 1220 2235 1290 κείνῳ
2264 1236 2277 1249 ·
2329 1219 2398 1274 τὰ
2439 1219 2497 1274 δὲ
2528 1220 2708 1288 λοιπὰ,
2738 1222 2839 1275 οὑκ
2884 1222 2964 1276 ἔτι
2995 1240 3009 1254 ·
3057 1224 3196 1278 ἀλλὰ
3225 1226 3303 1296 τῷ
3351 1227 3411 1294 ἐξ
3441 1227 3649 1282 ἐκείνου

385 1325 482 1372 tus
503 1327 609 1371 est.
662 1316 718 1370 In
753 1316 865 1415 .illo
889 1317 1036 1370 enim
1065 1318 1468 1374 vaticinationis
1507 1320 1668 1374 verba
1699 1335 1827 1375 vera
1849 1320 1968 1375 l‘ue-

2068 1313 2212 1365 κατὰ
2237 1311 2417 1380 σάρκα
2429 1312 2477 1345 ⁸⁸
2499 1312 2589 1366 διὰ
2606 1313 2652 1345 ⁸⁷
2680 1313 2880 1384 πολλὴν
2910 1315 3320 1387 φιλανθρωπίαν
3349 1320 3647 1390 γενομένῳ,

390 1416 562 1461 runt:
605 1424 624 1457 ι
670 1396 815 1461 An'ni
865 1407 985 1476 ejus
1017 1424 1190 1478 usque
1231 1409 1285 1464 in
1325 1410 1468 1465 diem
1499 1412 1866 1481 generationis
1913 1421 1968 1467 et

2067 1401 2142 1464 ὡς
2171 1396 2315 1456 οἶδεν
2343 1403 2529 1466 αὑτός.
2567 1405 2687 1456 Ἐπ’
2721 1405 2934 1459 ἐκείνου
2961 1406 3071 1478 γὰρ
3101 1407 3356 1477 ἀληθεύει
3388 1410 3492 1479 τῆς
3523 1428 3651 1480 προ·

390 1496 759 1566 gcnerationis
791 1514 804 1550 :
834 1499 1174 1568 permanebit
1204 1501 1257 1554 in
1286 1509 1553 1556 aeternum
1585 1503 1640 1556 in
1665 1514 1962 1572 conspectu

2068 1490 2297 1560 φητείας
2345 1491 2414 1545 τὰ
2457 1493 2710 1564 ῥήματα·
2763 1513 2782 1546 ι
2810 1494 2891 1547 Τὰ
2922 1495 3017 1567 ἐτη
3058 1496 3226 1550 αὑτοῦ
3279 1497 3386 1561 ἕως
3439 1499 3651 1570 ἡμέρας

386 1587 506 1641 Dei.
539 1607 557 1638 ι
622 1586 828 1659 [Neque
885 1591 1030 1643 enim
1089 1589 1306 1645 initium
1352 1592 1560 1647 dierum
1602 1593 1809 1658 habuit,
1871 1609 1969 1649 ne-

2067 1583 2262 1650 γενεᾶς
2292 1581 2387 1636 καὶ
2421 1585 2654 1651 γενεᾶςο
2700 1584 2949 1656 διαμενεῖ
2975 1589 3056 1651 εἰς
3092 1588 3181 1642 τὸν
3207 1588 3382 1642 αἰῶνα
3418 1589 3650 1643 ἐνώπιον

386 1695 498 1747 que
531 1678 690 1733 ﬁnem
761 1680 1003 1735 habebit.
1037 1682 1154 1736 Etsi
1210 1682 1418 1754 ιοιι
1450 1685 1618 1748 enim,
1649 1701 1774 1740 cum
1801 1687 1966 1740 homo

2069 1671 2164 1724 τοῦ
2206 1672 2364 1727 Θεοῦ.
2394 1692 2416 1726 ι
2471 1673 2553 1745 [⁸⁸
2574 1675 2711 1729 Οὐδὲ
2756 1677 2866 1748 γὰρ
2911 1677 3088 1749 ἀρχὴν
3136 1679 3360 1750 ἡμερῶν
3407 1681 3647 1744 ἐδέξατο.

389 1785 492 1842 pro
559 1771 720 1825 nobis
774 1770 952 1827 factus
989 1781 1154 1837 esset,
1199 1784 1430 1829 mortem
1489 1776 1738 1842 subierit,
1780 1785 1962 1832 tamen

2067 1764 2186 1818 οὐδὲ
2209 1764 2360 1830 τέλος
2383 1766 2666 1837 ὑπομενεῖ.
2691 1768 2754 1821 Εἰ
2781 1771 2889 1840 γὰρ
2919 1771 3015 1823 καὶ
3046 1771 3334 1842 ἄνθρωπος
3358 1772 3653 1843 γενόμενος

387 1861 519 1914 anni
559 1861 679 1929 ejus
718 1860 920 1915 durant
949 1877 1046 1932 per
1097 1863 1216 1919 dies
1245 1866 1618 1934 generationis
1648 1875 1703 1921 et
1730 1883 1964 1938 genera-

2067 1856 2210 1928 ὑπὲρ
2237 1859 2270 1929 ή
2280 1857 2396 1928 μῶν
2440 1859 2770 1926 κατεδέξατο
2804 1861 3055 1930 θάνατον,
3086 1863 3222 1916 ἀλλὰ
3253 1863 3327 1917 τὰ
3356 1864 3454 1934 ἔτη
3484 1864 3652 1918 αὑτοῦ

388 1951 574 2004 tionis.
605 1950 968 2020 lupi-incipio
1012 1952 1156 2007 enim
1188 1963 1328 2022 erat,
1372 1965 1426 2010 ct
1453 1956 1793 2027 apud'Deum
1819 1967 1962 2026 erat,

2065 1946 2172 2010 ἓως
2202 1948 2416 2018 ἡμέρας
2459 1952 2658 2018 γενεᾶς
2705 1952 2800 2006 καὶ
2845 1955 3062 2022 γενεᾶς.
3108 1954 3196 2010 Ἐν
3226 1954 3379 2028 ἀρχῇ
3404 1957 3519 2028 γὰρ
3561 1955 3651 2028 ἦν,

389 2038 640 2109 Deusque
692 2049 826 2096 erat.
881 2040 1014 2094 Illud
1049 2051 1232 2097 autem
1265 2045 1319 2097 in
1359 2055 1638 2115 conspectu
1667 2045 1789 2113 Dei,
1821 2047 1964 2102 idem

2064 2038 2160 2091 καὶ
2190 2040 2329 2112 πρὸς
2353 2040 2446 2094 τὸν
2479 2040 2612 2094 Θεὸν
2640 2037 2731 2112 ἦν,
2758 2043 2853 2098 καὶ
2881 2044 3014 2108 Θεὸς
3040 2039 3130 2116 ἦν.
3175 2047 3251 2099 Τὸ
3297 2047 3354 2099 δὲ
3393 2047 3654 2102 ἐνώπιον

387 2141 471 2186 est
501 2133 645 2202 quod
670 2148 886 2202 semper
908 2150 1017 2188 una
1048 2149 1174 2190 cum
1204 2135 1363 2192 Patre
1393 2139 1752 2195 coexsistens.
1773 2139 1792 2211 ]
1817 2140 1962 2196 ldem

2064 2127 2170 2181 τοῦ
2201 2128 2370 2194 Θεοῦ,
2409 2129 2532 2183 ἀντὶ
2569 2131 2684 2196 τοῦ,
2738 2132 2836 2186 σὺν
2870 2135 3050 2204 Πατρὶ
3083 2134 3167 2190 ἀεὶ
3219 2137 3604 2207 συνυπάρχων.
3633 2136 3650 2208 1

385 2226 532 2280 enim
561 2227 820 2296 propheta
849 2227 902 2282 in
929 2228 1232 2284 centesimo
1253 2229 1433 2300 primo
1455 2233 1669 2301 psalmo
1691 2234 1823 2288 dicit
1845 2234 1920 2288 illi
1947 2252 1960 2288 :

2064 2219 2206 2291 Πρὸς
2237 2220 2445 2275 ἐκεῖνον
2473 2221 2642 2294 γάρ⁸⁹
2676 2225 2704 2277 6
2737 2224 2902 2288 αὐτὸς
2944 2227 3230 2297 προφήτης
3279 2230 3336 2281 ὲν
3384 2226 3466 2299 τῷ
3520 2231 3650 2283 ἐκα-

385 2335 413 2367 ‹
456 2314 536 2369 Tu
594 2327 770 2371 autem
830 2318 971 2372 idem
1003 2319 1120 2390 ipse
1173 2336 1252 2385 es,
1305 2335 1360 2377 et
1402 2324 1530 2378 anni
1585 2325 1664 2379 lui
1695 2340 1802 2379 non
1828 2326 1964 2380 dell-

2063 2309 2238 2380 τοστῷ
2276 2311 2369 2364 καὶ
2396 2311 2600 2383 πρώτῳ
2635 2313 2837 2384 ψαλμῷ
2873 2315 2980 2386 ἔφη
3016 2333 3034 2349 ο
3091 2334 3110 2368 ι
3135 2318 3209 2371 Σὺ
3242 2317 3302 2371 δὲ
3331 2321 3359 2372 6
3385 2320 3556 2383 αὑτὸς
3580 2316 3648 2383 εἷ,

383 2406 530 2460 citant
569 2417 620 2459 P.
657 2425 676 2458 ι
722 2405 984 2479 [Videsne
1043 2425 1168 2466 eum
1199 2413 1294 2481 qui
1323 2429 1424 2483 pro
1456 2414 1615 2468 nobis
1645 2429 1864 2470 crucem
1899 2431 1963 2471 ac

2064 2400 2158 2454 καὶ
2189 2399 2258 2454 τὰ
2283 2401 2378 2474 ἐτη
2411 2419 2506 2456 σου
2535 2403 2636 2456 οὑκ
2664 2405 3031 2476 ἐκλείψουσιν.
3072 2426 3091 2460 ι
3151 2408 3219 2480 [⁸⁸
3247 2410 3433 2481 Ὁρᾷς,
3465 2413 3549 2464 ὅτι
3575 2412 3649 2476 ὡς

384 2506 614 2550 mortem
635 2498 920 2564 sustinuit,
953 2501 1154 2557 habere
1175 2503 1340 2558 etiam
1370 2520 1596 2576 regnum
1616 2507 1722 2562 ﬁne
1744 2524 1960 2576 carens,

2065 2491 2427 2562 συνυπάρχων
2471 2492 2586 2564 ἔχει
2631 2495 2726 2548 καὶ
2767 2497 3128 2570 ἀτελεύτητον
3155 2501 3253 2571 τὴν
3294 2502 3579 2570 βασιλείαν
3621 2506 3650 2556 6

382 2596 651 2670 quatenus
709 2590 993 2646 coexsistit
1027 2607 1151 2647 cum
1184 2593 1343 2651 Patre
1368 2596 1430 2668 τ]
1465 2597 1766 2654 Zorobabel
1796 2599 1963 2670 igitur

2064 2581 2206 2654 ὑπὲρ
2257 2583 2416 2654 ήμῶν
2448 2587 2683 2655 σταυρὸν
2715 2588 2812 2642 καὶ
2861 2589 3094 2646 θάνατον
3141 2593 3647 2666 καταδεξάμενος.]

385 2669 600 2732 Domini
655 2677 860 2736 Christi
917 2681 1090 2752 ﬁgura
1139 2682 1260 2739 luit.
1305 2683 1441 2740 Nam
1496 2669 1960 2758 quemadmodum

2063 2672 2246 2737 Τύπος
2292 2675 2482 2744 μέντοι
2528 2677 2624 2730 καὶ
2690 2678 3000 2750 Ζοροϐάϐελ
3048 2681 3144 2735 τοῦ
3192 2685 3468 2738 Δεσπότου
3515 2687 3649 2757 Χρι-

382 2767 473 2822 ille
504 2769 748 2838 captivos
777 2787 807 2826 e
835 2771 1112 2844 Babylone
1140 2775 1194 2829 in
1218 2777 1451 2846 patriam
1477 2787 1678 2834 terram
1707 2781 1958 2850 reduxit,

2065 2764 2191 2818 στοῦ
2210 2767 2278 2820 ⁸⁸.
2301 2767 2514 2839 Ὠσπερ
2543 2768 2654 2840 γὰρ
2677 2771 2887 2835 ἐκεῖνος
2915 2771 3014 2843 τὴν
3044 2773 3154 2828 ἀπὸ
3180 2774 3504 2841 Βαϐυλῶνος
3533 2779 3648 2848 αἰχ-

382 2860 464 2916 sic
503 2859 772 2918 Dominus
806 2865 1056 2922 Christus
1099 2882 1316 2922 omnem
1349 2869 1642 2926 humanam
1677 2882 1958 2942 naturam,

2066 2852 2345 2923 μαλωσίαν
2389 2858 2468 2920 εις
2495 2857 2596 2926 τὴν
2632 2860 2898 2930 πατρῴαν
2939 2862 3260 2932 ἐπανήγαγε
3292 2865 3433 2936 γῆν·
3475 2865 3649 2930 οὕτως

381 2949 453 3004 ob
507 2952 671 3020 primi
711 2953 952 3011 hominis
1002 2959 1509 3027 praevaricationem
1552 2963 1606 3017 in
1641 2966 1958 3022 servitutem

2063 2943 2089 2993 6
2117 2945 2392 3016 Δεσπότης
2440 2947 2676 3018 Χριστὸς
2717 2951 2936 3008 ἃπασαν
2978 2955 3086 3007 τῶν
3137 2955 3444 3027 ἀνθρώπων
3487 2958 3650 3029 φύσιν

382 3042 686 3109 redactam,
731 3043 785 3098 in
811 3047 1092 3117 antiquam
1124 3052 1340 3119 generis
1365 3055 1702 3110 nobilitatem
1737 3073 1965 3114 revoca~

2064 3035 2440 3108 γεγενημένην
2479 3040 2827 3109 αἰχμάλωτον
2883 3043 3072 3116 [ηδιὰ
3122 3049 3222 3117 τῆς
3275 3051 3650 3120 παραϐάσεως

379 3132 476 3198 vit,
510 3132 841 3212 [postquam
891 3140 1039 3194 enim
1091 3142 1143 3196 in
1194 3159 1359 3200 cruce
1406 3148 1637 3202 abolevit
1668 3149 1822 3204 illum
1861 3151 1956 3220 qui

2063 3125 2152 3178 τοῦ
2185 3126 2405 3197 πρώτου
2459 3129 2770 3205 ἀνθρώπου]
2815 3137 2898 3199 εἰς
2924 3137 3024 3207 τὴν
3061 3140 3338 3210 προτέραν
3367 3142 3650 3210 εὐγένειαν

381 3235 706 3294 potestatem
754 3231 948 3285 mortis
983 3233 1240 3300 habebat,
1297 3237 1510 3294 scilicet
1550 3217 1957 3313 diabolum]_et

2063 3217 2377 3287 ἐπανήγαγε
2449 3221 2494 3252 ⁸⁸
2514 3226 2869 3294 καταργήσας
2905 3226 3014 3297 7&9
3047 3230 3139 3281 ἐπὶ
3167 3229 3260 3282 τοῦ
3292 3233 3534 3302 σταυροῦ
3557 3236 3650 3288 τὺν

381 3317 575 3373 mortis
603 3319 890 3389 imperium
919 3323 1208 3389 destruxit,
1237 3328 1472 3384 subditis
1503 3331 1618 3384 suis
1643 3332 1808 3385 vitam
1837 3309 1958 3387 red-

2063 3309 2120 3361 τὸ
2141 3312 2342 3380 κράτος
2365 3310 2554 3380 ἔχοντα
2576 3314 2671 3367 τοῦ
2693 3314 2945 3385 θανάτου,
2972 3321 3219 3374 τουτέστι
3240 3323 3330 3376 τὸν
3351 3325 3647 3398 διάϐολον],

379 3405 537 3459 didit.
576 3405 742 3478 [Ejus
774 3410 920 3464 enim
965 3423 1049 3468 est
1080 3429 1182 3469 vox
1215 3417 1319 3471 ista
1348 3436 1361 3471 :
1401 3435 1421 3468 ς
1463 3418 1575 3490 Ego
1610 3436 1732 3474 sum
1767 3421 1876 3477 vita
1905 3431 1960 3477 et

2063 3400 2156 3453 καὶ
2202 3402 2512 3466 καταλύσας
2562 3405 2656 3458 τοῦ
2711 3406 2945 3461 θανάτου
2998 3411 3059 3463 τὸ
3114 3413 3338 3482 κράτος,
3388 3418 3505 3479 τοῖς
3554 3419 3646 3470 ὑπ’

382 3501 712 3555 resurrectio
739 3512 788 3557 ει.
823 3521 843 3554 ι
887 3502 992 3558 Ει;
1035 3523 1054 3558 ς
1091 3505 1193 3573 Qui
1227 3511 1464 3566 comedit
1494 3512 1561 3566 de
1592 3528 1697 3578 me,
1729 3514 1874 3570 vivet
1901 3516 1954 3569 in

2063 3493 2256 3562 ἐκείνῳ
2273 3495 2320 3526 ⁸⁸
2351 3495 2561 3550 τελοῦσι
2601 3496 2696 3568 τήν
2739 3498 2884 3571 ζωὴν
2930 3502 3208 3557 ἀπέδωκεν
3226 3507 3294 3558 ’⁵.
3349 3507 3438 3578 [⁸⁸
3466 3509 3643 3562 Αὑτοῦ

389 3603 477 3642 me
519 3597 564 3641 ι’.
609 3590 674 3662 ι]
708 3611 724 3642 ι
765 3590 1058 3649 Veritatem
1107 3609 1162 3652 et
1211 3599 1640 3657 misericordiam
1685 3603 1805 3674 ejus
1836 3605 1959 3675 quis

2063 3585 2170 3655 γάρ
2201 3586 2530 3675 ἐστιφωνή·
2571 3607 2590 3640 ι
2615 3589 2756 3658 Ἐγώ
2777 3594 2893 3661 εἰμι
2923 3597 2956 3665 ἡ
2987 3593 3098 3665 ζωὴ
3127 3597 3221 3648 καὶ
3251 3600 3279 3667 ἡ
3307 3599 3606 3662 ἀνάστασις
3628 3623 3646 3640 ο

390 3681 672 3748 requiret?
707 3700 727 3734 ι
770 3681 928 3750 Quis,
977 3686 1174 3755 inquit,
1221 3696 1404 3758 potest
1457 3706 1642 3746 veram
1674 3674 1957 3763 etjustam

2063 3675 2159 3727 καὶ
2187 3676 2216 3728 6
2244 3674 2472 3746 τρώγων
2523 3695 2589 3746 με
2623 3678 2850 3751 ζήσεται
2896 3684 2955 3735 ὲν
2987 3684 3130 3753 ἐμοί.
3164 3704 3184 3736 ι
3220 3686 3239 3758 ]
3283 3707 3302 3737 ι
3332 3689 3526 3753 Ἔλεος
3555 3691 3646 3743 καὶ

381 3768 474 3824 Dei
529 3771 966 3830 misericordiam
1024 3791 1278 3835 accurate
1307 3781 1571 3839 discere?
1598 3785 1797 3840 etenim
1837 3787 1958 3857 ejus

2063 3763 2326 3834 ἀλήθειαν
2367 3766 2535 3820 αὐτού
2583 3769 2665 3832 τίς
2687 3771 2731 3802 ³⁷
2777 3772 3168 3844 ὲκζητήσει⁹⁸;
3215 3797 3234 3828 ι
3297 3779 3392 3841 Τίς
3439 3781 3552 3850 γὰρ
3577 3782 3644 3845 ⁵³,

377 3861 580 3932 judicia
606 3865 837 3936 abyssus
862 3868 1071 3939 1012
1102 3872 1291 3928 multa.

2063 3857 2249 3926 φησιν,
2284 3858 2467 3920 ἱκανὸς
2497 3859 2590 3913 τὸν
2617 3864 2981 3933 κεκριμένον¹
3017 3869 3112 3920 καὶ
3145 3869 3353 3923 δίκαιον
3382 3873 3482 3924 τοῦ
3508 3873 3645 3926 Θεοῦ

2063 3947 2209 4003 ἔλεον
2237 3950 2580 4020 καταμαθεῖν
2614 3955 2894 4024 ἁκριϐῶςς
2939 3958 3006 4012 τὰ
3041 3961 3148 4032 7&9
3195 3963 3444 4033 κρίματα
3476 3966 3644 4020 αὑτοῦ

2061 4039 2292 4103 ἄϐυσσος
2320 4041 2488 4112 πολλή
2509 4046 2550 4097 ⁸.

434 4173 615 4230 ‘Vtans.
661 4176 714 4230 9.
755 4196 774 4228 ι
832 4179 923 4234 Sic
977 4181 1244 4250 psalmum
1296 4181 1471 4236 dicam
1524 4181 1731 4237 nomini
1781 4182 1956 4238 tuoin

2135 4183 2199 4238 ϐ’.
2245 4201 2264 4234 ι
2301 4183 2488 4247 Οὕτως
2538 4182 2692 4252 ψαλῶ
2725 4186 2800 4256 τῷ
2852 4187 3076 4258 ὀνόματί
3110 4206 3201 4242 σου
3237 4192 3318 4254 εἰς
3358 4194 3488 4255 τοὺς
3518 4195 3638 4247 αἰῶ·

379 4265 640 4318 smculum
691 4268 896 4332 saeculi,
950 4277 1008 4323 ut
1061 4271 1282 4324 reddam
1316 4280 1438 4325 vota
1471 4287 1588 4325 mea
1629 4273 1890 4341 quotidie.
1931 4291 1950 4323 ι

2063 4293 2174 4340 νας,
2228 4274 2320 4328 τοῦ
2371 4275 2662 4331 ἀποδοῦναί
2709 4295 2775 4347 με
2824 4283 2924 4342 τὰς
2969 4281 3135 4350 εὐχάς
3183 4300 3285 4352 μου
3331 4285 3546 4356 ἡμέραν
3584 4286 3638 4350 ἐξ

383 4355 518 4409 Nam
560 4373 777 4428 semper
815 4370 867 4415 te
891 4361 1178 4416 celebrabo
1209 4378 1222 4413 :
1259 4363 1488 4432 singulis
1518 4364 1713 4418 diebus
1740 4372 1830 4417 tua
1865 4364 1958 4418 be-

2063 4366 2294 4438 ἡμέρας.
2335 4385 2354 4417 ι
2390 4367 2503 4420 Ἀεί
2533 4384 2591 4420 σε
2629 4368 2737 4439 γὰρ
2767 4369 2993 4440 ὑμνήσω
3017 4386 3030 4401 ⁸
3075 4373 3196 4425 καθ’
3227 4355 3510 4446 ἑκάστην³
3543 4378 3636 4439 τὰς

375 4450 569 4505 ncllcia
622 4439 908 4518 enarrabo,
945 4462 1001 4507 et
1048 4461 1170 4508 vota
1212 4469 1320 4507 non
1373 4454 1578 4510 fallam.
1635 4453 1766 4509 Vota
1807 4455 1952 4510 enim

2063 4459 2160 4522 σὰς
2202 4457 2533 4526 διηγήσομαι
2579 4439 2860 4529 χάριτας·
2899 4439 3019 4516 Ϋκαὶ
3061 4466 3158 4527 τὰς
3207 4439 3534 4536 ὑποσχέσεις
3578 4470 3636 4520 οὑ

377 4541 771 4609 promissiones
820 4551 999 4597 vocat.

2063 4546 2362 4619 ψεύσομαιο
2401 4548 2626 4616 εὐχὰς-⁸
2653 4552 2762 4622 γὰρ
2793 4552 2891 4618 τὰς
2922 4555 3244 4627 ὑποσχέσεις
3275 4558 3450 4612 καλεῖ.

449 4747 478 4787 Ρ
527 4737 673 4792 Psal.
705 4755 778 4804 Cl,
815 4740 906 4793 27.
971 4748 1012 4788 «ει
1042 4736 1200 4794 Joan.
1236 4755 1312 4804 XI,
1353 4740 1442 4794 25.
1526 4752 1546 4779 τ
1578 4741 1736 4798 Joan.
1777 4760 1853 4810 vr,
1888 4743 1979 4804 57,.

1457 4937 1690 4994 VARIZE
1731 4940 2114 4999 LECTIONES
2155 4942 2246 4999 ET
2279 4941 2522 5006 NOTAE.

444 5115 490 5190 ’ξ
523 5112 1052 5190 ξομολργῄσαντες.
1088 5113 1206 5190 Des.
1230 5113 1282 5190 in
1313 5113 1516 5190 cod._j2.
1552 5113 1802 5190 “_cotl.2
1833 5116 1976 5190 φὺλᾴ

2128 5116 2176 5150 ⁸⁵
2195 5117 2320 5190 cod.
2356 5119 2391 5172 2
2414 5121 2646 5190 ἡμέραν.
2697 5118 2742 5152 ⁸⁸
2771 5119 2931 5175 Κατὰ
2951 5122 3166 5190 σάρκα.
3190 5123 3311 5177 Des.
3341 5124 3394 5176 in
3415 5124 3544 5179 cod.
3583 5126 3626 5178 l.

445 5137 490 5147 '"'
536 5137 1052 5183 υμυλυγιισανϊες.
1089 5137 1206 5166 υυδ-
1231 5137 1281 5166 In
1313 5137 1433 5168 υυιι.
1464 5137 1516 5168 z.
1552 5137 1599 5146 ν’
1627 5137 1748 5168 υυίι.
1768 5137 1802 5168 Ζ
1833 5137 1976 5184 φυΛα

373 5184 417 5215 ⁸⁷
445 5185 548 5238 Διὰ
569 5184 842 5260 -α-ὺζός.
863 5181 986 5261 Des.
1013 5185 1065 5236 in
1096 5184 1344 5261 cod._?.__
1365 5183 1411 5214 ⁸⁸
1443 5184 1484 5237 Ε
1513 5186 1635 5238 cod.
1669 5189 1687 5236 l
1729 5188 1904 5261 suppl.
1951 5188 1974 5219 ⁸

2063 5157 2088 5172 τ.
2128 5137 2176 5150 ‘"'
2195 5137 2320 5172 σου.
2356 5137 2391 5172 z
2414 5137 2646 5242 ηὲιεραν.
2697 5137 2742 5152 σν
2771 5137 2931 5175 nata
2951 5137 3166 5190 σαρκα.
3191 5137 3311 5177 Hes.
3342 5138 3394 5176 In
3415 5137 3544 5204 ςοα.
3583 5137 3626 5178 ⁴Ι.

2063 5187 2168 5261 ’ᾴμ
2195 5189 2318 5243 cod.
2351 5190 2378 5261 17
2411 5190 2439 5242 ὅ
2476 5229 2488 5242 .
2539 5191 2584 5222 ⁹⁰
2605 5191 2644 5244 Ε
2665 5191 2785 5245 cod.
2821 5193 2842 5243 l
2881 5196 3058 5261 suppl.
3110 5193 3153 5223 ⁹¹
3185 5194 3471 5258 Χριστου.
3505 5196 3630 5247 cod.

375 5255 408 5333 1
430 5256 579 5333 addit
600 5252 765 5333 Ruﬁ].
777 5268 866 5321 ρος
895 5253 1128 5333 ὲγέγετοέ
1174 5324 1203 5333 Α
1226 5256 1272 5333 θξ
1301 5252 1447 5333 Haec,
1490 5271 1611 5323 qua:
1639 5270 1682 5333 _e_
1709 5252 1884 5333 cod
1929 5274 1979 5333 st

2063 5252 2325 5320 ilcvimus,
2371 5260 2500 5333 legit
2533 5275 2751 5333 quoque
2778 5252 3018 5333 Carafa:
3057 5332 3074 5333 γ
3096 5263 3141 5294 ³³
3168 5263 3209 5333 lg
3226 5252 3351 5316 cod.
3387 5266 3403 5316 Ι
3446 5265 3625 5333 suppl.

371 5324 417 5356 ⁹⁶
445 5325 569 5376 cod.
595 5323 629 5374 Ξ
651 5323 894 5404 ἐκείνων.
957 5324 1206 5404 "food-1‘2
1235 5324 1579 5404 _6tn:o¢‘$é6umt-E1
1786 5329 1908 5404 cod.
1928 5329 1964 5404 ll

2063 5347 2069 5380 ι
2097 5344 2214 5404 quo
2247 5338 2370 5397 post
2391 5323 2450 5380 ἐν
2475 5323 2618 5396 ἐμοὶ,
2647 5323 2910 5399 sequitur,
2937 5332 3130 5404 mitti);
3151 5329 3243 5385 οὖν
3267 5333 3406 5402 ἔχων
3437 5335 3470 5404 ό
3498 5323 3629 5404 725:0-

372 5394 598 5463 φητικδς
627 5391 749 5452 νοῦς
795 5391 882 5445 διὰ
923 5393 1032 5445 τῶν
1078 5394 1204 5464 ἑξῆς
1234 5395 1458 5465 ἔφησεν.
1533 5395 1579 5426 ’⁷
1610 5394 1979 5464 Τίςέκζητήσ

2097 5391 2262 5451 Hebr:
2630 5391 2784 5468 paro,
2816 5391 2921 5471 (uti)
2947 5391 3246 5457 custodiant
3277 5391 3418 5457 eum.
3453 5393 3626 5457 luter-

369 5504 580 5566 prctum
612 5495 923 5551 Griecorum
965 5499 1144 5552 nullus
1175 5513 1357 5552 veram
1391 5497 1844 5567 signiﬁcationem
1876 5505 2025 5560 vocis
2054 5511 2126 5591 rt;
2164 5491 2450 5574 expressit.
2529 5506 2575 5537 "
2597 5505 2966 5576 Ἐκζητήσειε
3001 5508 3055 5562 ln
3083 5518 3229 5564 textu
3251 5509 3363 5563 τῶν
3389 5512 3445 5564 0’
3469 5511 3622 5579 sequi

371 5603 508 5686 solet
538 5603 740 5660 αὑτῶν.
765 5675 779 5686 ³
816 5605 860 5686 ’ξ
889 5605 1036 5686 Γιξρ.
1075 5608 1196 5661 Des.
1235 5607 1287 5660 in
1313 5606 1580 5686 com-let
1770 5608 1784 5638 ¹
1813 5609 1979 5686 cod._i

2063 5611 2445 5686 εκρνμμένονι
2536 5616 2555 5644 ²
2587 5614 2820 5686 Πολλή.
2859 5616 2983 5676 Des.
3014 5618 3068 5672 in
3102 5620 3226 5674 (ιο-ι.
3260 5619 3315 5674 9.
3431 5620 3450 5649 ³
3485 5612 3621 5672 Lai"

363 5672 650 5744 ἑκάστην.
680 5675 802 5732 cod.
833 5676 855 5729 l
883 5685 936 5732 et
962 5672 994 5742 2
1018 5692 1203 5746 praem.
1240 5676 1350 5728 καί.
1448 5677 1468 5706 ⁸
1495 5677 1697 5762 Εὑχάς
1723 5707 1788 5718 -
1811 5679 1979 5731 καλεῖ

2063 5672 2152 5734 υθέ.
2189 5672 2393 5734 ἤι’ρίηι.
2419 5682 2472 5734 2.
