3884 6320
211 330 340 397 1333

1580 331 1664 392 ΙΝ
1701 332 1904 392 PSAL.
1944 334 2096 394 LXI.

3320 345 3457 412 1334

212 447 282 498 ὅτι
306 445 334 498 ό
361 444 494 509 Θεὸς
524 443 714 517 βοηθὸς
735 445 912 517 ἡμῶν.
951 466 970 500 ι
1006 446 1254 512 Πάντων,
1289 439 1334 499 ὦ
1358 445 1640 517 ὁμόφυλοι,
1665 444 1772 496 τῶν

1887 454 2082 500 noster.
2111 465 2130 498 ι
2159 445 2428 505 Omnibus
2462 449 2780 507 hominibus
2800 451 3080 522 neglectis,
3107 467 3140 509 o
3168 457 3457 525 populares

210 534 505 606 ἀνθρώπων
554 538 1089 609 καταφρονήσαντες,
1134 539 1232 612 τὴν
1276 543 1356 606 είς
1390 541 1554 596 αὐτὸν
1583 540 1776 594 ἐλπίδα

212 628 422 698 βεϐαίαν
475 621 784 700 ἐργάσασοε
811 646 824 659 ·
881 633 973 686 καὶ
1019 635 1200 688 πᾶσαν
1250 633 1401 706 αὐτῷ
1447 633 1774 688 ἀνάθεσθε⁶⁶

208 721 300 792 τὴν
325 720 580 783 διάνοιαν,
617 723 1001 795 ἀναμφιϐόλως
1034 725 1133 796 τὴν
1163 727 1294 800 παρ’
1323 726 1489 781 αὐτοῦ
1521 727 1775 798 βοήθειαν

209 813 583 882 ἀναμένοντες.
619 815 694 868 Τὸ
726 817 834 889 γάρ
855 818 898 849 ⁸⁷
921 855 938 882 ,
994 837 1012 869 ι
1055 818 1314 890 Ἑκχέατε
1343 819 1577 874 ἐνώπιον
1607 820 1774 874 αὐτοῦ

208 903 299 966 τὰς
322 904 550 976 καρδίας
579 905 750 976 ὐμῶν,
788 926 808 962 ι
863 907 1024 962 τοῦτο
1055 909 1226 980 δηλοῖ,
1260 909 1382 964 ἀντὶ
1409 909 1524 974 τοῦ,
1559 911 1776 976 Πάντας

209 994 346 1066 αὐτῷ
372 997 497 1060 τοὺς
525 996 821 1067 λογισμοὺς
861 999 1228 1071 ἀφιερώσατε,
1261 1003 1354 1056 καὶ
1393 1003 1665 1073 μηδεμίαν
1691 1003 1775 1058 δι-

209 1086 407 1157 χόνοιαν
434 1088 768 1160 είσδέξησθε.
809 1090 877 1165 [⁸⁸
899 1089 971 1147 Εὐ
1007 1093 1154 1164 μάλα
1182 1094 1556 1165 ἐπιστάμενοι,
1585 1095 1662 1159 ὡς
1683 1096 1776 1151 ἀν-

210 1178 410 1250 θρωπος
429 1181 473 1213 ⁵³
501 1181 748 1253 δίψυχος,
777 1185 1156 1250 ἀκατάστατος
1185 1188 1244 1242 ἐν
1267 1187 1467 1251 πάσαις
1495 1190 1614 1254 ταῖς
1636 1188 1774 1254 ὁδοῖς

208 1270 387 1335 αὐτοῦ,
441 1274 538 1327 καὶ
592 1275 674 1343 τὺ,
709 1275 830 1330 δυσὶ
888 1278 1102 1348 κυρίοις
1153 1279 1329 1344 οὐδεὶς
1377 1279 1598 1336 δύναται
1650 1281 1772 1337 δου-

209 1360 418 1435 λεύειν.]
1195 1355 1203 1361 ’

271 1458 318 1507 ι’.
363 1471 380 1504 ι
416 1453 566 1524 Πλὴν
591 1455 810 1525 μάταιοι
838 1457 888 1510 οἱ
911 1457 1018 1512 υἱοὶ
1045 1459 1154 1512 τῶν
1182 1460 1488 1532 ἀνθρώπων
1516 1480 1529 1494 ο
1559 1463 1774 1532 ψευδεῖς

208 1543 249 1594 ol
276 1543 376 1594 υἱοὶ
403 1543 513 1597 τῶν
556 1543 860 1616 ἀνθρώπων
906 1551 964 1602 ἐν
997 1548 1184 1618 ζυγοὴ
1229 1551 1322 1605 τοῦ
1375 1554 1630 1624 ἀδικῆσαι
1649 1557 1714 1610 ⁷ο,
1748 1575 1767 1608 ι

209 1631 364 1687 Τοῦτο
386 1634 724 1705 σαφέστερον
749 1639 777 1690 ὁ
804 1638 1094 1693 Θεοδοτίων
1113 1641 1153 1672 ⁷⁸
1189 1642 1499 1714 ἡρμήνευσε
1519 1661 1532 1674 ο
1576 1665 1593 1696 ι
1625 1646 1772 1717 Πλὴν

207 1725 356 1794 ἀτμὶς
387 1727 492 1779 υἱοὶ
525 1727 636 1779 τῶν
687 1729 1025 1799 ἀνθρώπων
1075 1731 1293 1800 ψευδεῖς
1340 1735 1446 1788 υἱοὶ
1496 1737 1684 1807 ἀνδρὸς
1703 1737 1769 1800 ⁷⁸,

208 1814 274 1880 ὡς
321 1817 458 1889 ῥοπὴ
509 1817 760 1886 ζυγοῦη.
804 1839 823 1872 ι
878 1822 1064 1886 Οὐδὲν,
1101 1825 1254 1893 φησὶ,
1293 1826 1520 1896 μόνιμον
1548 1827 1655 1881 τῶν
1683 1829 1776 1882 ἀν-

209 1909 498 1978 ορωπίνων,
549 1910 669 1964 ἀλλ’
725 1911 883 1982 ἀτμῷ
937 1912 1112 1967 ἔοικεν
1163 1915 1628 1989 ἀναπεμπομένῳ,
1682 1921 1776 1973 καὶ

210 1999 505 2067 παραυτίκα
535 2000 974 2074 σκεδαννυμένῳ,
1007 2006 1102 2058 καὶ
1127 2007 1266 2078 ῥοπῇ
1297 2006 1486 2076 ζυγοῦ,
1519 2010 1649 2063 ποτὲ
1677 2010 1776 2081 μὲν

211 2090 517 2164 καθιεμένῃ,
555 2094 689 2147 ποτὲ
722 2095 778 2147 δὲ
815 2096 1177 2170 ἀνανευούσῃ,
1208 2099 1304 2152 καὶ
1331 2100 1600 2172 σταθηρδν
1624 2103 1776 2157 οὐδὲν

210 2183 396 2254 ἐχούσῃ
422 2185 516 2237 καὶ
551 2185 806 2256 μόνιμον.
831 2187 940 2238 Καὶ
957 2187 1004 2218 ⁷⁸
1031 2188 1139 2241 τῶν
1178 2189 1576 2261 Ἐὁδομήκοντα
1616 2193 1774 2262 τὴν⁷⁵

211 2273 491 2344 ἑρμηνείαν
517 2275 666 2331 οὕτω
696 2277 912 2347 νοητέον
931 2295 942 2306 ·
978 2279 1202 2334 Μάταια
1235 2281 1335 2350 μὲν
1367 2283 1437 2334 τὰ
1461 2283 1777 2355 ἀνθρώπινα

213 2366 399 2419 πάντα·
429 2367 545 2421 ἀλλ’
570 2370 719 2440 ὅμως
743 2371 791 2423 ol
813 2371 1055 2424 πλεῖστοι
1077 2371 1393 2444 θαρροῦσιν,
1410 2374 1487 2439 ὡς
1507 2375 1774 2448 διαρκέσι,

213 2460 309 2520 τοῖς
335 2459 512 2530 ῥέουσι
531 2477 545 2490 ·
591 2462 686 2516 καὶ
719 2462 965 2532 ἰσότητος
995 2463 1313 2533 ἀμελοῦσιν,
1340 2468 1541 2530 ἀνίσως
1572 2468 1629 2521 δὲ
1653 2486 1778 2523 κατ-

214 2547 377 2617 έχουσι
419 2550 488 2603 τά
524 2550 632 2620 τῆς
675 2551 916 2617 διανοίας
949 2552 1089 2622 ζυγά
1114 2570 1128 2585 ·
1182 2556 1276 2609 καὶ
1315 2557 1408 2611 τοῦ
1442 2559 1540 2630 μὲν
1567 2560 1774 2616 δικαίου

215 2640 655 2709 καταφρονοῦσιν,
703 2643 888 2715 ἀδικίᾳ
934 2644 990 2698 δέ
1023 2645 1304 2717 χαίρουσιν
1341 2649 1408 2702 ⁷⁸.
1462 2671 1482 2704 ί
1512 2651 1678 2706 Αὐτοὶ
1712 2655 1777 2707 ἐκ

217 2731 561 2802 ματαιότητος
594 2735 688 2786 ἐπὶ⁸
714 2733 776 2788 τὸ
800 2735 952 2791 αὐτό.
985 2756 1003 2789 ι
1057 2738 1196 2790 Ἀλλ’
1229 2739 1378 2811 ὅμως
1405 2743 1558 2797 οὐδὲν
1589 2746 1775 2800 ἐντεῦ-

215 2819 355 2874 θενττ
385 2824 760 2896 ἀποφέρονται
795 2827 1014 2898 κέρδος·
1043 2831 1248 2900 μάταια
1276 2833 1385 2903 γὰρ
1416 2831 1650 2902 ἅπαντα,
1681 2840 1776 2893 καὶ

218 2913 496 2986 μεταϐολὴν
525 2915 710 2980 ὀξεῖαν
743 2918 1029 2988 δεχόμενα.
1075 2919 1232 2975 Οὕτω
1279 2923 1387 2993 γὰρ
1422 2926 1451 2978 ὁ
1481 2925 1777 2997 Σύμμαχος

219 3004 538 3076 ἡρμήνευσεν
567 3025 582 3042 ο
618 3027 636 3061 ι
667 3009 829 3062 Αὐτοὶ
868 3012 1218 3082 ματαιοῦνται
1251 3015 1412 3085 ὁμοῦ.
1443 3037 1462 3068 ι
1500 3019 1776 3076 Ἐντεῦθεν

1878 538 1932 594 in
1959 529 2024 594 eo
2058 539 2268 596 ﬁrmam
2307 558 2460 614 spem
2488 544 2824 610 constituite,
2859 555 2928 601 et.
2950 562 3169 602 omnem
3219 560 3456 604 mentem

1879 631 1933 686 in
1985 630 2104 699 ipso
2131 633 2415 700 eollocate,
2444 635 2648 706 absque
2675 637 2784 692 ulla
2805 638 3151 694 dubitatione
3179 623 3453 696 attxilium

1877 722 1946 778 ab
1969 724 2086 793 ipso
2115 737 2511 796 exspectantes.
2538 727 2653 784 Hoc
2682 731 2828 785 enim
2861 750 2874 786 :
2908 749 2927 784 ι
2966 731 3240 788 Eﬁ‘undite
3268 749 3461 796 coram

1879 813 1972 870 illo
2021 817 2191 872 corda
2241 828 2444 885 vestra,
2490 839 2508 872 ι
2551 821 2684 878 illud
2727 823 2998 892 signiﬁcat
3055 824 3270 894 1016
3297 827 3466 896 quasi

1877 907 2125 964 dicerent
2151 926 2164 962 :
2196 911 2217 932 ‘
2243 908 2449 967 Omnes
2470 912 2831 982 cegitationes
2861 915 2962 985 ipsi
2987 929 3325 984 consecrate,
3357 935 3457 974 nec

1877 997 2046 1054 ullam
2115 999 2514 1058 dubitationem
2568 1005 2859 1065 admittite.
2929 1005 3260 1077 [Admodum
3318 1010 3456 1066 bene

1879 1086 2116 1145 scientes
2155 1089 2434 1146 hominem
2457 1107 2582 1148 esse
2609 1092 2972 1151 inconstantis
3001 1096 3168 1176 animi
3194 1107 3248 1152 et
3272 1110 3452 1154 muta-

1878 1179 2044 1236 bilem
2078 1180 2132 1236 in
2159 1182 2419 1239 omnibus
2449 1183 2552 1239 viis
2577 1183 2714 1249 suis,
2734 1195 2790 1240 et
2819 1186 3091 1240 neminem
3117 1187 3455 1244 duobusser-

1879 1271 1992 1329 vire
2029 1289 2187 1344 posse
2218 1274 2476 1332 dominis.
2499 1273 2519 1345 ]

1951 1450 2113 1506 Vens.
2175 1450 2259 1506 10.
2315 1471 2333 1506 ι
2380 1451 2767 1510 Verumtamen
2812 1456 2934 1508 vani
2972 1455 3068 1509 ﬁlii
3121 1455 3449 1511 hominum:

1877 1545 2169 1600 mendaces
2199 1545 2292 1599 ﬁlii
2332 1547 2618 1602 hominum
2652 1551 2705 1602 in
2739 1548 2982 1615 stateris,
3012 1557 3068 1604 ut
3096 1549 3387 1618 decipiant.
3429 1568 3449 1598 ι

1876 1635 2001 1690 Haec
2025 1638 2269 1706 apertius
2301 1638 2607 1694 Theodotio
2629 1641 2706 1694 sic
2735 1640 3122 1710 interpretatus
3142 1650 3225 1696 est
3255 1660 3266 1695 :
3303 1661 3321 1694 ι
3353 1643 3452 1696 Ve-

1879 1735 2187 1781 rumtamen
2215 1743 2387 1796 vapor
2416 1729 2512 1781 lilii
2543 1729 2850 1796 hominum,
2883 1731 3174 1786 mendaces
3202 1731 3296 1784 lilii
3327 1731 3453 1794 viri,

1876 1822 2018 1876 sicut
2071 1831 2422 1877 momentum.
2469 1831 2706 1877 staterte.
2768 1841 2787 1876 ι
2826 1822 2992 1886 Nihil,
3030 1823 3126 1888 ait,
3174 1827 3367 1881 stabile
3399 1829 3454 1882 in

1877 1911 2134 1969 humanis
2181 1915 2368 1980 rebus,
2416 1916 2512 1970 sed
2539 1914 2727 1984 vapori
2752 1914 2932 1969 simile
2958 1923 3038 1969 est
3067 1931 3286 1971 sursum
3320 1918 3453 1973 sub-

1875 2005 2007 2072 lato,
2049 2014 2102 2059 et
2147 2015 2386 2061 actutum
2441 2007 2705 2076 dissipato
2739 2023 2754 2060 :
2808 2014 2861 2059 et
2902 2015 3179 2060 momento
3217 2018 3464 2076 staterae,

1875 2112 1998 2167 quae
2027 2098 2188 2152 modo
2217 2099 2473 2154 deorsum
2510 2099 2702 2170 vergit,
2727 2099 2890 2154 modo
2922 2114 3140 2154 sursum
3181 2101 3370 2167 fertur,
3401 2112 3456 2159 et

1877 2188 2010 2242 nihil
2040 2187 2257 2242 ﬁrmum
2282 2197 2336 2244 et
2367 2203 2698 2258 permanens
2735 2189 2918 2244 habet.
2952 2190 3332 2260 lnterpretatio
3357 2207 3455 2247 au-

1878 2287 1986 2333 tem
2035 2278 2143 2331 τῶν
2205 2279 2557 2350 Septuaginta
2612 2281 2693 2335 sic
2749 2280 3098 2350 intelligenda
3154 2291 3258 2348 est,
3291 2282 3462 2337 Vana}

1877 2369 2096 2439 quidem
2133 2385 2324 2425 omnes
2366 2384 2455 2425 res
2495 2369 2749 2424 humanae
2772 2379 2900 2424 sunt
2931 2388 2944 2426 :
2970 2381 3210 2426 attamen
3238 2371 3456 2439 plurimi

1880 2462 2163 2517 conﬁdunt
2214 2461 2388 2516 lluxis
2453 2461 2616 2517 rebus
2670 2471 2932 2532 tanquam
2999 2463 3356 2532 perennibus,
3400 2470 3458 2517 et

1877 2553 2188 2624 aequitatem
2215 2553 2544 2624 despiciunt,
2573 2552 2884 2623 mentisque
2913 2554 3174 2607 trutinam
3208 2553 3454 2624 inatque-

1878 2644 2000 2699 liter
2056 2653 2262 2705 tenent.
2314 2655 2367 2701 et
2407 2645 2675 2715 justitiam
2723 2644 2941 2715 quidem
2966 2653 3344 2710 contemnunt,
3371 2647 3455 2700 iu-

1875 2735 2087 2804 justitia
2124 2751 2253 2790 vero
2305 2735 2534 2806 gaudent
2565 2754 2578 2790 :
2614 2754 2632 2787 ι
2678 2735 2782 2806 ipsi
2822 2735 2888 2790 de
2916 2736 3155 2790 vanitate
3177 2737 3402 2804 pariter.
3433 2755 3458 2786 ι

1888 2820 2268 2876 Verumtamen
2301 2822 2510 2876 nullum
2549 2822 2784 2878 fructum
2810 2822 2937 2878 hinc
2958 2832 3254 2893 reportant,
3284 2839 3468 2896 quan--

1879 2914 2168 2984 doquidem
2218 2914 2404 2969 omnia
2438 2930 2574 2968 vana
2625 2923 2774 2979 sunt,
2835 2925 2890 2970 et
2947 2915 3346 2971 velocissimam
3376 2915 3456 2969 vi-

1880 3004 2254 3059 cissitudinem
2278 3006 2654 3073 experiuntur.
2683 3004 2772 3061 Sic
2802 3005 2946 3061 enim
2979 3005 3342 3076 Symmachus
3367 3021 3462 3060 ex-

220 3093 668 3162 mpalvsotvto‘l;
706 3099 968 3163 ἐναντίοις
1001 3101 1044 3132 ⁷⁸
1097 3103 1191 3156 ἐπὶ
1240 3105 1457 3177 πλούτῳ
1508 3110 1776 3181 γαυριῶσι

1887 3097 2106 3166 posuit:
2149 3113 2166 3147 ι
2218 3096 2323 3165 Ipsi
2360 3108 2692 3152 evanescunt
2747 3097 2932 3154 simul.
2970 3115 2989 3149 ι
3030 3097 3170 3152 Hinc
3213 3097 3462 3152 admoui-

217 3185 510 3258 προσφέρου
521 3205 628 3242 σιν.

275 3359 359 3416 ια’.
396 3383 416 3416 ι
445 3365 537 3435 Μὴ
560 3365 812 3432 ἐλπίζετε
842 3371 928 3424 ἐπ’
953 3372 1186 3439 ἀδικίαν,
1218 3375 1309 3429 καὶ
1333 3376 1426 3430 ἐπὶ
1448 3379 1717 3451 ἅρπαγμα
1734 3383 1781 3416 ”

221 3449 286 3522 μὴ
309 3454 618 3511 ἐπιποθεῖτε
635 3460 700 3512 ⁸⁸.
735 3479 753 3512 ι
787 3461 879 3533 Μὴ
911 3463 1254 3536 ἀξιέραστον,
1286 3469 1473 3538 φησὶν,
1504 3449 1780 3540 ήγείσϐε⁸¹

217 3542 303 3613 τὴν
345 3546 698 3620 ἀνθρωπίνην
745 3552 1093 3624 ἐφημερίαν,
1147 3555 1208 3622 ἐξ
1258 3557 1472 3625 ἀδικίας
1529 3579 1782 3617 συνιστα-

222 3634 391 3708 μένην.
428 3656 447 3690 ο
472 3639 710 3704 Πλοῦτος
734 3643 831 3696 ἐὰν
857 3643 975 3718 ῥέῃ,
1012 3646 1089 3718 μὴ
1113 3649 1470 3716 προστίθεσθε
1497 3653 1777 3724 καρδίαν.»

220 3725 452 3798 Ποταμοῦ
498 3731 554 3784 δὲ
573 3733 617 3764 θ’
664 3733 822 3804 δίκην
867 3737 1106 3806 ὁρῶντες
1148 3740 1240 3795 τὸν
1293 3741 1522 3796 πλοῦτον
1570 3746 1650 3810 είς
1685 3747 1785 3809 τάς

220 3817 474 3892 ὑμετέρας
503 3825 807 3896 φερόμενον
836 3829 1037 3895 οἰκίας,
1075 3830 1149 3903 μὴ
1183 3834 1634 3907 καταδουλώσητε
1663 3839 1786 3891 τού-

221 3926 286 3980 up
325 3913 414 3968 τὸν
462 3917 729 3990 ὑμέτερον
761 3918 1040 3992 λογισμόν.
1096 3924 1210 3976 Καὶ
1261 3923 1314 3977 τί
1362 3925 1563 3996 δήποτε
1609 3927 1784 3982 ταῦτα

222 4005 598 4074 συμϐουλεύεις
631 4013 724 4064 καὶ
751 4017 1041 4082 παραινεῖς
1062 4004 1097 4081 ;’

302 4096 386 4166 ιβ’,
436 4107 522 4168 ιγ’.
553 4120 572 4154 σ
627 4103 810 4170 ’Ᾱπαξ
867 4105 1130 4176 ἐλάλησεν
1176 4111 1204 4162 ό
1249 4108 1381 4174 Θεός
1408 4127 1422 4140 ο
1482 4109 1576 4165 δύο
1609 4109 1786 4167 ταῦτα

224 4184 415 4253 ἤκουσα
429 4189 497 4255 ⁸³,
535 4191 619 4245 ὅτι
651 4193 712 4244 τὸ
747 4195 946 4264 κράτος
974 4195 1066 4249 τοῦ
1107 4196 1263 4251 Θεοῦ.
1299 4199 1408 4253 Καὶ
1440 4200 1558 4268 σοῦ,
1585 4201 1782 4273 Κύριε,

223 4277 275 4329 τὸ
295 4279 467 4345 ἔλεος
508 4284 591 4336 ὅτι
629 4285 692 4338 σὺ
727 4285 1031 4351 ἀποδώσεις
1076 4289 1293 4360 ἑκάστῳ
1350 4293 1490 4347 κατά
1521 4294 1592 4348 τὰ
1644 4293 1786 4367 ἔργα

224 4369 396 4426 αὐτοῦ.
443 4393 461 4424 ι
503 4375 772 4440 Ἤκουσα,
827 4379 1014 4448 φησὶν,
1050 4380 1474 4451 ἀποφηναμένου
1523 4382 1618 4436 τοῦ
1647 4382 1784 4439 Θεοῦ

1887 3190 2088 3243 tionem
2151 3188 2435 3258 proferunt
2469 3189 2822 3256 adversariis,
2858 3191 2952 3260 qui
2993 3189 3064 3246 ob
3104 3189 3324 3244 divitias
3363 3204 3459 3245 ex-

1883 3283 2112 3337 sultant.

1957 3371 2122 3429 Vens.
2163 3373 2249 3427 11.
2292 3392 2309 3423 ι
2344 3371 2522 3429 Nolite
2561 3387 2783 3445 sperare
2815 3374 2871 3430 in
2896 3374 3202 3446 iniquitate,
3233 3385 3289 3432 et
3315 3377 3464 3448 rapi-

1888 3481 1987 3522 nas
2026 3466 2192 3520 nolite
2237 3467 2643 3534 concupiscere.
2675 3485 2694 3518 ι
2735 3466 2835 3530 Ne,
2873 3467 2971 3532 ait,
3026 3482 3212 3523 amore
3241 3468 3465 3538 dignam-

1886 3555 2210 3612 existimetis
2239 3557 2533 3612 ltumanam
2566 3556 2880 3612 felicitatem
2910 3573 2976 3612 ex
3003 3559 3214 3628 1017
3258 3558 3462 3628 iniqui.

1888 3655 1996 3702 tate
2052 3645 2362 3714 conﬂatam.
2402 3665 2420 3697 ‹
2460 3644 2667 3700 Divitiae
2693 3646 2740 3700 si
2773 3645 3016 3708 aﬁluaut,
3051 3647 3216 3700 nolite
3239 3661 3334 3700 cor
3372 3661 3465 3717 ap-

1885 3752 2106 3808 ponere.
2144 3757 2163 3789 ι
2227 3737 2362 3792 Cum
2396 3737 2570 3793 instar
2625 3735 2774 3791 ﬁuvii
2832 3737 3078 3792 videritis
3108 3753 3238 3807 opes
3272 3739 3338 3792 ad
3372 3754 3463 3793 ve-

1885 3837 2029 3884 stras
2058 3829 2248 3883 domos
2277 3825 2571 3892 conﬂuere,
2612 3827 2781 3882 nolite
2815 3827 2920 3882 illis
2949 3837 3184 3881 vestram
3227 3837 3462 3882 mentem

1887 3918 2228 3974 submittere.
2261 3919 2328 3972 Et
2357 3933 2454 3972 cur
2510 3919 2614 3972 ista
2644 3917 2886 3972 consulis
2919 3926 2974 3972 et
2997 3918 3466 3976 comtnonefacis?

1957 4087 2124 4146 Vsns.
2166 4089 2378 4156 12,15.
2430 4109 2448 4142 ι
2493 4089 2671 4144 Semel
2721 4089 2940 4145 locutus
2994 4097 3080 4144 est
3130 4090 3304 4154 Deus,
3357 4091 3466 4145 duo

1891 4184 2008 4245 haec
2039 4182 2220 4238 audivi
2256 4200 2270 4236 :
2311 4180 2458 4252 quod
2495 4191 2738 4251 potestas
2770 4180 2862 4235 Dei
2911 4180 3000 4235 sit.
3041 4179 3106 4235 Et
3138 4192 3248 4245 tua,
3287 4197 3320 4236 ο
3358 4180 3466 4235 Do-

1890 4275 2062 4338 mine,
2112 4271 2488 4327 misericordia
2542 4288 2555 4324 :
2620 4270 2746 4340 quia
2804 4281 2862 4323 tu
2922 4270 3117 4325 reddes
3173 4273 3468 4342 unicuique

1891 4367 2052 4438 juxta
2089 4379 2254 4434 opera
2298 4379 2420 4418 sua.
2466 4383 2484 4416 ι
2527 4362 2750 4429 Audivi,
2794 4363 2992 4434 inquit,
3032 4364 3200 4417 Deum
3247 4366 3466 4419 univer-

224 4460 321 4514 τῶν
372 4463 532 4528 ὅλων,
589 4466 670 4518 ὅτι
727 4468 911 4538 κρίσις
967 4469 1214 4535 Eant“,
1287 4472 1383 4525 καὶ
1427 4474 1778 4539 ἀνταπόδοσις

1895 4473 2082 4514 sorum
2124 4456 2566 4526 pronuntiantem
2616 4454 2888 4524 judicium
2926 4469 3049 4510 esse
3105 4452 3376 4520 futurum,
3412 4462 3468 4508 et

226 4551 429 4619 ἀγαθῶν
460 4557 558 4609 καὶ
591 4537 798 4613 κακῶν.
829 4559 902 4612 Τὸ
936 4559 992 4613 δὲ
1021 4559 1184 4626 ἅπαξ
1193 4602 1207 4626 ,
1230 4561 1329 4615 οὐκ
1375 4563 1462 4615 ἐπ’
1490 4564 1726 4634 ἀριθμοῦ
1743 4537 1778 4598 ⁸1

1896 4537 2163 4605 malorum
2204 4564 2269 4602 ac
2301 4549 2572 4602 bonorum
2621 4545 3147 4601 remunerationem.
3195 4545 3309 4600 lloc
3345 4559 3469 4599 vero

226 4646 458 4702 τέθεικεν
485 4690 499 4716 ,
530 4651 646 4703 ἀλλ’
679 4651 772 4704 ἐπὶ
797 4652 842 4683 ⁸⁸
873 4653 968 4708 τοῦ
1009 4654 1228 4716 πάντως
1248 4654 1293 4685 ⁸⁷
1326 4654 1610 4724 ἐσομένου.
1660 4657 1791 4711 Ἀπ-

229 4739 469 4809 εφήνατο,
514 4744 699 4812 φησὶν,
729 4741 884 4808 ἅπαξ
929 4745 957 4796 δ
987 4745 1142 4807 Θεὸς,
1180 4746 1275 4798 καὶ
1312 4743 1474 4799 τοῦτο
1516 4746 1591 4818 μὴ
1635 4749 1791 4814 γενέ-

1893 4642 2075 4707 semel,
2108 4655 2216 4694 non
2257 4649 2315 4694 ut
2347 4649 2639 4694 numerum
2679 4636 2885 4706 posuit,
2927 4637 3025 4692 sed
3055 4636 3122 4691 de
3152 4650 3209 4690 re
3247 4635 3473 4690 omnino

1893 4733 2100 4790 futura.
2156 4731 2325 4796 Dixit,
2368 4731 2560 4800 inquit,
2595 4731 2764 4786 semel
2795 4729 2959 4794 Deus,
2993 4743 3096 4784 nec
3141 4728 3256 4783 ﬁeri
3296 4735 3472 4796 potest

231 4823 343 4877 σθαι
372 4827 480 4881 τῶν
523 4830 822 4886 ἀδυνάτων.
861 4832 978 4887 Δύο
1010 4824 1067 4885 δὲ
1121 4832 1311 4902 λέγει’
1367 4835 1467 4904 τὴν
1505 4836 1650 4890 κατά
1682 4836 1778 4893 τῶι

1899 4837 1961 4882 ut
1986 4827 2039 4882 id
2074 4840 2180 4880 non
2213 4824 2450 4879 eveniat.
2490 4823 2604 4876 Duo
2645 4836 2778 4878 vero
2814 4820 2966 4886 dicit,
3013 4828 3206 4874 contra
3252 4818 3472 4887 iniquos

232 4917 550 4989 παρανόμων
571 4919 618 4953 ⁸⁸
637 4921 930 4992 τιμωρίαν,
961 4923 1054 4975 καὶ
1078 4922 1174 4993 τὴν
1200 4925 1310 4987 τοῖς
1341 4924 1590 4978 εὐσεϐέσι
1620 4943 1789 4998 χορη-

1901 4934 2140 4991 plenam,
2199 4925 2254 4972 et
2305 4913 2722 4985 benignitatem,
2783 4928 2906 4982 qua:
2965 4911 3066 4980 piis
3126 4909 3468 4966 conceditur.

1311 5035 1548 5090 VARIE
1585 5036 1970 5097 LECTIONES
2011 5032 2098 5089 ET
2137 5029 2368 5087 NOTAE.

297 5147 341 5179 "
367 5149 487 5203 cod.
523 5150 921 5207 ἳάνατίθεσθε.
996 5154 1038 5186 ⁸⁷
1067 5154 1214 5223 Γάρ.
1251 5156 1374 5209 cod.
1413 5156 1432 5208 1
1475 5156 1553 5210 δέ.
1631 5157 1678 5188 ⁸⁸
1705 5157 1778 5213 Et

1887 5199 1892 5212 .
1924 5158 1949 5211 1
1984 5153 2167 5223 suppl.
2243 5152 2287 5183 ⁶⁹
2329 5153 2694 5219 Ἀνθρωπος.
2724 5149 2802 5204 lla
2827 5151 2930 5220 leg.
2963 5161 3087 5204 esse
3127 5147 3342 5200 videtur
3373 5161 3470 5215 pro
3579 5181 3584 5183 -

237 5230 406 5296 αὐτός.
452 5235 496 5266 ⁷⁰
519 5234 632 5290 Τοῦ
653 5237 956 5306 ἀδικῆσαι.
990 5238 1152 5293 Hebr.
1185 5223 1373 5317 nihgﬁ,
1401 5240 1468 5296 ad
1485 5241 1778 5296 ascendend

1887 5281 1893 5296 .
1926 5240 1971 5272 ’ί
2007 5238 2070 5289 '0
2095 5231 2331 5289 Θεοδοτ.
2353 5233 2444 5288 Sic
2461 5247 2681 5303 quoque
2710 5231 2921 5301 Symm.
2963 5231 3007 5261 ⁷³
3031 5228 3152 5284 cod.
3186 5229 3209 5281 1
3239 5226 3470 5297 ἀνδρῶν.

299 5337 346 5370 ⁷³
409 5340 621 5412 Ζυγοῦ.
673 5341 796 5397 cod.
826 5344 851 5396 1
887 5344 1010 5396 add.
1043 5343 1070 5396 ὃ
1101 5343 1159 5395 δὲ
1190 5322 1342 5412 λέγει
1379 5345 1590 5399 τοιοῦτό
1638 5347 1811 5401 ἐστιν.
1888 5344 1938 5376 ’⁷⁸
1970 5341 2079 5395 Kal
2114 5338 2477 5412 -τκοηζέοιιξ
2505 5337 2630 5412 Des.
2690 5339 2743 5390 in
2768 5337 2886 5412 cod:
3283 5333 3406 5412 cod.
3432 5331 3470 5384 2

242 5419 416 5484 prtem.
441 5408 519 5463 δέ.
573 5413 1013 5484 ῙξΧαίρουσιν.
1045 5413 1168 5468 cod.
1200 5408 1378 5484 l_:idd.
1412 5415 1508 5467 ml
1537 5417 1639 5484 δρα
1667 5416 1778 5475 πῶς

1887 5415 2141 5484 ιρέστερον
2170 5408 2259 5460 διὰ
2282 5408 2390 5484 τῷν
2412 5408 2540 5484 ἑξῆς
2591 5409 2694 5476 ἔφη

2700 5423 2792 5458 σεν
2823 5405 2974 5458 αὐτό.
3052 5403 3096 5433 τ’
3135 5401 3464 5455 Ἐντεῦθεν.

244 5475 345 5530 Alze
377 5489 395 5532 t
429 5497 456 5532 :1
484 5481 607 5534 cod.
635 5481 691 5536 ‘2.
767 5472 814 5514 θ’
850 5484 1203 5547 Ἐναντίοις.
1241 5481 1366 5538 Des.
1400 5484 1453 5536 in
1478 5472 1600 5540 cod“.
1630 5484 1685 5537 2.
1761 5472 1778 5516 ⁸⁵

1892 5472 1974 5537 ee.
2009 5472 2168 5534 lectio
2195 5488 2278 5533 est
2311 5472 2694 5548 ἁρπάγματα.⁷
2746 5475 2792 5507 ⁸ο
2817 5474 2912 5541 Μὴ
2928 5474 3090 5526 eum.
3118 5472 3242 5526 Hmc
3270 5487 3299 5524 a
3333 5485 3468 5540 prte-

245 5559 351 5634 red.
386 5563 683 5634 separanda
733 5563 984 5620 fuissent.
1037 5563 1204 5618 Hebr.
1237 5549 1540 5625 151'1n'5ot.
1576 5566 1715 5634 Aqu.
1771 5583 1809 5634 μ

249 5632 354 5681 ω’.
385 5631 406 5682 1
444 5629 497 5684 et
523 5632 580 5685 2.
653 5633 698 5665 ⁸³
743 5637 1038 5688 Ἤκουσα.
1080 5634 1200 5690 cod.
1229 5635 1250 5686 l
1293 5635 1418 5689 add.
1452 5636 1574 5688 είπὲ
1599 5629 1693 5688 καὶ
1723 5629 1778 5687 πί

1890 5629 1903 5633 ⁷
1949 5635 1996 5665 ⁸⁸
2021 5629 2140 5686 cod.
2171 5631 2205 5684 2
2260 5630 2394 5684 ἐστί.

247 5698 356 5750 cod.
391 5700 410 5752 l
439 5701 580 5754 ἀντί.
653 5701 699 5734 ⁸⁷
739 5701 858 5760 cod.
884 5704 919 5757 2
949 5703 1165 5767 παντός.

2337 5561 2380 5592 ⁸¹
2406 5561 2528 5616 cod.
2574 5559 2610 5611 2
2655 5557 2943 5629 ἡγεῖσθαισ
3002 5556 3048 5629 '_’
3085 5554 3176 5629 Δ-έ.
3227 5555 3396 5629 ﬁlios}
3441 5565 3474 5629 _a

1889 5558 2272 5635 pacatouc‘le._
2337 5561 2528 5635 “food:
2574 5558 2945 5635 2“ήγξῖσοαι.ι
3002 5558 3048 5635 ⁸1
3085 5558 3136 5635 ΔΑ

2474 5631 2520 5662 ³⁵
2543 5622 2762 5685 cod."2
2789 5628 2878 5680 ἐπὶ
2923 5624 3166 5696 ἀριθμῷ.
3242 5623 3288 5655 ⁸⁸
3323 5622 3473 5675 Ἐπί.

1243 5702 1289 5735 ³⁸
1314 5706 1434 5758 cod.
1460 5705 1499 5757 Ξ
1522 5704 1996 5772 παρανομούντων.
