3884 6320
511 319 646 387 1339

1495 319 1990 380 THEODORETI
2025 319 2365 381 EPISCOPI
2389 321 2758 381 CYRENSIS

3620 319 3748 386 1350

507 444 571 488 ut
599 429 932 496 custodiant,
978 432 1078 485 hoc
1121 429 1344 496 faciunt,
1382 432 1484 486 sibi
1521 433 1654 502 ipsis
1697 433 2076 489 succedentes.

2194 433 2272 488 τὸν
2298 433 2611 503 νυκτερινὸν
2641 433 2833 504 καιρὸν
2879 432 2927 485 οἱ
2962 432 3254 500 φυλάττειν
3299 435 3746 503 πεπιστευμένοι,

508 519 573 575 Et
605 520 695 573 alii
723 520 940 590 quidem
986 528 1095 572 tres
1127 519 1178 572 in
1208 527 1388 588 partes
1416 521 1687 588 dividunt,
1739 523 1828 577 alii
1868 538 1994 576 vero
2026 524 2078 578 in

507 618 763 680 quatuor.
801 607 865 662 Et
907 607 1172 661 Dominus
1206 609 1260 661 in
1308 619 1504 678 quarta
1557 612 1738 681 vigilia
1793 612 1971 668 noctis
2011 612 2079 668 ad

505 714 690 754 sacros
711 699 989 768 apostolos
1019 700 1162 754 venit
1185 709 1230 752 ³.
1269 699 1403 755 Dicit
1436 703 1598 772 igitur
1622 704 1839 759 divinus
1868 703 2034 759 David
2063 723 2076 760 :

505 790 679 861 Super
727 801 901 845 strato
954 807 1078 846 meo
1126 793 1337 863 jaccns,
1392 795 1776 852 dulcissimum
1825 813 2077 852 somnum

502 883 813 952 abigeham,
849 899 946 953 per
983 884 1230 955 singulas
1267 887 1480 956 vigilias
1513 888 1567 942 in
1612 889 1963 944 meditatione
1988 900 2078 944 tua

501 975 712 1029 luerens
747 994 760 1030 :
803 977 1133 1048 hymnisque
1179 979 1442 1034 beneﬁcia
1479 995 1508 1033 a
1558 989 1610 1035 te
1663 982 1715 1036 in
1750 997 1836 1036 me
1881 983 2079 1038 collata

500 1069 950 1138 compensaham.
996 1068 1130 1124 Nam
1178 1070 1349 1125 veluti
1388 1073 1624 1142 quodam
1671 1073 1878 1128 alarum
1921 1082 2079 1145 tegu-

501 1170 686 1216 mento
714 1161 1121 1234 inexpugnabili
1150 1165 1489 1234 providentia
1534 1181 1621 1221 me
1652 1167 1915 1223 custodis.
1949 1166 2078 1238 [Eo-

499 1253 621 1306 dem
655 1269 874 1322 quoque
905 1257 1068 1309 modo
1101 1257 1334 1326 populus
1376 1273 1406 1311 e
1449 1258 1743 1327 gentilibus
1777 1274 2079 1315 conversus

503 1347 825 1400 recordatur
858 1363 1024 1418 super
1073 1359 1268 1414 strato,
1306 1365 1464 1405 mane
1496 1351 1782 1407 celebrans
1833 1353 2078 1406 omnium

504 1438 871 1492 Servatorem.
910 1459 928 1490 ι
967 1441 1104 1506 Quia
1153 1443 1269 1511 ipse
1299 1442 1451 1497 fuisti
1477 1443 1716 1512 adiutor,
1750 1453 1804 1499 et
1844 1445 1894 1498 in
1926 1457 2080 1514 tegu-

502 1537 687 1582 tncnto
722 1530 933 1584 alarum
964 1541 1176 1586 tuarum
1209 1536 1520 1589 exsullaho.
1550 1555 1568 1587 ι
1592 1537 1722 1589 Ala;
1751 1545 1931 1590 autem
1955 1536 2080 1605 jure

502 1619 917 1691 dixerilaliquis
945 1635 1056 1676 tum
1084 1625 1248 1679 Vetus
1268 1636 1379 1679 tum
1409 1625 1618 1681 Novum
1643 1627 2076 1695 Testamentum,

504 1709 556 1762 in
594 1726 702 1778 quo
740 1720 934 1777 tectus,
971 1713 1272 1768 innutritus
1305 1725 1356 1768 et
1387 1717 1583 1784 gaudio
1614 1717 1840 1772 aﬂ‘ectus
1866 1733 1960 1785 per
1992 1733 2078 1772 re-

503 1801 916 1867 generationem
949 1813 1142 1855 sancto
1178 1805 1397 1858 lavacro
1429 1805 1628 1859 factam
1660 1817 1880 1861 evectus
1906 1817 1990 1861 est
2026 1815 2084 1860 ut
2114 1782 2154 1835 Β

506 1890 657 1943 lieret
700 1891 786 1943 vir
832 1891 1128 1959 perlectus,
1176 1903 1343 1961 utque
1394 1896 1603 1950 veniret
1650 1895 1718 1950 ad
1766 1911 2082 1951 mensuram

503 1992 727 2038 statura:
759 1985 1115 2053 plenitudinis
1147 1987 1353 2042 Christi
1369 1987 1448 2061 1.]

499 2267 506 2274 '
576 2251 744 2307 Vens.
789 2252 842 2306 9.
896 2269 914 2303 ι
952 2251 1194 2306 Αᾱίιωείι
1243 2253 1424 2306 anima
1477 2269 1595 2308 mea
1640 2263 1759 2323 post
1804 2261 1876 2307 te.
1920 2273 1938 2305 ι
1980 2253 2085 2308 Ne-

503 2357 666 2412 queo.
712 2342 912 2413 inquit,
968 2345 1048 2398 vel
1099 2344 1380 2412 paululum
1433 2360 1608 2399 meam
1663 2356 1898 2400 mentem
1931 2363 1959 2400 a
1990 2355 2081 2400 tua

503 2436 768 2488 memoria
795 2436 1072 2500 divellere,
1101 2436 1194 2490 sed
1224 2436 1424 2504 philtro
1447 2437 1670 2491 ardente
1693 2439 2080 2502 inﬂammatus,

505 2529 580 2582 tui
624 2529 834 2600 1022
863 2531 1059 2594 amori,
1098 2530 1320 2598 perinde
1348 2544 1411 2584 ac
1436 2529 1646 2598 glutino
1671 2531 1932 2599 quodam,
1970 2545 2084 2585 me-

505 2623 678 2676 moria
727 2637 849 2675 sum
900 2619 1113 2676 aliixus.
1173 2619 1378 2674 Deinde
1431 2620 1671 2674 ostendit
1717 2621 1919 2674 amoris
1967 2621 2084 2675 fru-

502 2720 672 2765 ctum.
723 2729 742 2763 ι
777 2710 858 2765 Me
899 2711 1141 2780 suscepit
1173 2711 1394 2765 dextera
1428 2720 1540 2764 tua.
1584 2728 1604 2762 ι
1649 2710 1785 2764 Cum
1820 2711 1964 2764 enim
2005 2711 2083 2764 vi-

503 2799 633 2852 deas
663 2812 749 2852 me
777 2798 857 2853 sic
902 2797 1179 2862 aﬂ‘ectnm,
1213 2805 1309 2853 tuo
1338 2796 1542 2851 auxilio
1572 2813 1657 2851 me
1682 2797 1906 2867 dignum
1934 2797 2084 2867 judi-

502 2905 618 2944 cas.
1428 2885 1432 2889 ’

579 2977 747 3034 Vsus.
790 2978 878 3032 10.
925 2998 945 3031 ι
987 2979 1090 3049 Ipsi
1139 2994 1272 3034 vero
1331 2980 1386 3032 in
1445 2994 1649 3032 vanum
1713 2978 2084 3048 quaesiverunt

2179 526 2336 579 τοῦτο
2361 525 2527 596 δρῶσι
2563 527 2704 594 σφᾶς
2730 524 2926 587 αὐτοὺς
2955 524 3347 594 διαδεχόμενοι.
3396 525 3510 577 Καὶ
3549 525 3600 576 οἱ
3657 526 3747 593 μὲν

2179 618 2338 686 τριχῆ
2363 613 2680 686 διαιροῦσιν,
2721 615 2771 667 οί
2824 613 2882 668 δὲ
2935 614 3199 685 τετραχῆ.
3262 612 3373 668 Καὶ
3420 613 3449 664 ὁ
3485 611 3690 681 Κύριος
3711 612 3751 643 ¹⁶

2180 711 2416 782 τετάρτῃ
2445 708 2658 780 φυλακῇ
2685 707 2778 779 τῆς
2813 707 3008 771 νυκτὸς
3041 708 3176 779 πρὸς
3209 707 3335 770 τοὺς
3391 708 3575 776 ἱεροὺς
3624 707 3755 760 ἀπομ-

2183 801 2404 864 στόλους
2431 801 2680 872 ἐλήλυθε.
2729 801 2892 868 Λέγει
2938 799 3120 854 τοίνυν
3161 801 3190 854 ό
3251 798 3395 862 θεῖος
3451 798 3638 861 Δαϐὶδ,
3679 798 3756 851 ὅτι

2181 893 2294 947 Καὶ
2341 892 2434 946 ἐπὶ
2491 894 2781 964 στρωμνῆς
2799 894 2843 926 ³⁷
2899 893 3321 962 κατακείμενος,
3392 892 3486 944 τὸν
3539 891 3755 960 ἥδιστον

2183 982 2349 1037 ὕπνον
2401 983 2773 1055 ἀνεϐαλλόμην
2799 984 2868 1048 ’⁸,
2902 983 3024 1036 καθ’
3071 985 3309 1056 ἑκάστην
3364 981 3614 1052 φυλακὴν
3657 981 3754 1051 τὴν

2183 1075 2281 1145 σὴν
2316 1074 2452 1145 ἔχων
2487 1075 2719 1145 μελέτην
2739 1092 2752 1105 °
2780 1075 2874 1129 καὶ
2894 1075 2941 1106 ’θ
2985 1074 3176 1146 ὕμνοις
3206 1073 3304 1137 τὰς
3336 1075 3416 1137 εἰς
3451 1073 3554 1144 ἐμὲ
3594 1089 3754 1140 γεγε-

2180 1167 2421 1235 νημένας
2477 1166 2784 1236 ὴμειδόμην
2807 1166 2852 1197 ³⁸
2895 1165 3238 1237 εὐεργεσίας.
3312 1157 3442 1218 Οἷον
3487 1164 3600 1233 γάρ
3649 1180 3752 1215 τινι

2181 1257 2470 1330 πτερύγων
2494 1259 2693 1331 σκέπῃ,
2723 1261 2789 1328 τῇ
2815 1259 3013 1328 ἀμάχῳ
3037 1257 3164 1328 μεῃ
3201 1256 3518 1326 προμηθείᾳ
3550 1254 3752 1323 φυλάτ-

2181 1365 2318 1412 τεις.
2353 1345 2426 1419 [³³
2453 1348 2564 1402 Καὶ
2611 1346 2770 1402 τοῦτο
2807 1347 2863 1400 δὲ
2893 1347 3024 1401 αὐτὸ
3069 1348 3098 1399 ό
3131 1346 3190 1412 ἐξ
3227 1346 3398 1400 ἐθνῶν
3427 1346 3556 1409 λαὸς
3595 1361 3754 1398 πεπιο

2183 1437 2426 1502 στευκὼς
2457 1440 2791 1509 μνημονεύει
2822 1439 3041 1502 πάντως
3073 1439 3168 1491 ἐπὶ
3197 1438 3299 1508 τῆς
3350 1438 3668 1507 στρωμνῆς,
3700 1437 3752 1488 ἑν

2179 1529 2258 1601 τῷ
2291 1530 2474 1602 ὄρθρῳ
2505 1531 2758 1601 ἀνυμνῶν
2784 1532 2876 1585 τὸν
2906 1530 3016 1584 τῶν
3068 1530 3206 1583 ὅλων
3262 1529 3516 1599 Σωτῆρα.
3559 1548 3578 1580 ι
3636 1528 3755 1582 Ὀτι

2181 1624 2444 1695 έγενήθης
2466 1624 2626 1687 αύτὺς
2661 1624 2877 1694 βοηθὸς,
2909 1624 3004 1676 καὶ
3029 1623 3086 1675 έν
3114 1625 3180 1692 τῇ
3205 1622 3386 1692 σκέπῃ
3415 1620 3528 1674 τῶν
3556 1618 3752 1690 πτερύ-

2181 1733 2292 1784 γων
2326 1733 2418 1770 σου
2457 1716 2880 1786 ἁγαλλιάσομαι.
2924 1733 2943 1767 ι
2997 1714 3300 1783 Πτέρυγας
3317 1713 3362 1743 ³³
3411 1712 3471 1765 δὲ
3537 1711 3753 1773 δικαίως

2186 1807 2252 1862 ἂν
2282 1810 2427 1860 εἴποι
2454 1811 2482 1861 ὁ
2506 1807 2668 1868 αὐτὸς
2691 1807 2930 1862 παλαιάν
2960 1825 3018 1859 τε
3049 1806 3145 1859 καὶ
3191 1807 3319 1860 νέαν
3364 1804 3659 1874 διαθήκην,
3693 1803 3754 1856 δι’

2185 1895 2253 1971 ἦς
2307 1900 2642 1968 σκεπόμενος
2695 1903 2786 1952 καὶ
2843 1900 3178 1972 τρεφόμενος
3211 1898 3306 1951 καὶ
3350 1895 3757 1966 ἀγαλλιώμενος

2186 1991 2270 2044 διὰ
2307 1993 2403 2060 τῆς
2439 1991 2532 2044 τοῦ
2584 1991 2810 2060 λουτροῦ
2870 1990 3291 2059 παλιγγενεσίας
3365 1989 3626 2060 προήχθη
3683 1987 3757 2050 είς

2186 2080 2354 2150 ἄνδρα
2382 2082 2606 2145 τέλειον,
2649 2083 2727 2144 είς
2765 2082 2962 2152 μέτρον
2988 2081 3204 2152 ἡλικίας
3247 2081 3340 2134 τοῦ
3385 2078 3756 2150 πληρώματος

2185 2172 2278 2224 τοῦ
2310 2172 2605 2244 Χριστοῦ.]

2257 2265 2321 2316 θ’.
2363 2283 2381 2314 ι
2435 2263 2730 2335 Ἐκολλήθη
2776 2266 2808 2334 ή
2854 2264 3002 2334 ψυχή
3054 2281 3155 2334 μου
3191 2263 3366 2317 ὀπίσω
3395 2278 3510 2316 σου.
3541 2280 3563 2314 ι
3624 2259 3757 2314 Οὐδὲ

2188 2355 2322 2425 πρὸς
2352 2354 2546 2424 βραχὺ,
2576 2355 2730 2425 φησὶ,
2757 2363 2846 2406 τον
2871 2353 3003 2424 ἐμὸν
3029 2354 3289 2423 λογισμὸν
3347 2355 3447 2423 τῆς
3485 2355 3587 2423 σῆς
3626 2352 3757 2404 ἀπο-

2188 2445 2622 2514 στῆσαιδύναμαι
2655 2445 2898 2516 μνήμης·
2925 2443 3061 2496 ἀλλὰ
3080 2444 3286 2514 φίλτρῳ
3314 2440 3507 2512 θερμῷ
3531 2438 3756 2510 πυρευό-

2188 2535 2430 2608 μενος³⁵,
2485 2533 2598 2589 οἷόν
2651 2554 2756 2589 τινι
2795 2537 2959 2607 κόλλῃ
3001 2539 3065 2608 τῇ
3123 2537 3315 2608 μνήμῃ
3359 2534 3436 2604 τῷ
3482 2533 3561 2602 σῷ
3609 2531 3758 2600 πόθῳ

2186 2627 2570 2698 προσδέδεμαι.
2611 2624 2746 2682 Εἶτα
2780 2630 3020 2682 δείκνυσι
3066 2629 3158 2682 τὸν
3181 2627 3277 2680 τοῦ
3321 2627 3488 2680 πόθου
3525 2623 3756 2695 καρπόν.

2192 2741 2211 2773 ι
2233 2721 2399 2789 Ἑμοῦ
2421 2721 2464 2752 ³⁸
2495 2721 2551 2773 δὲ
2583 2721 2909 2776 ἀντελάϐετο
2926 2723 2970 2754 ⁸⁸
2996 2723 3028 2791 ἡ
3055 2721 3203 2785 δεξιά
3235 2737 3352 2774 σου.
3393 2737 3411 2770 ι
3448 2717 3609 2773 Οὕτω
3651 2717 3758 2785 γάρ

2187 2829 2256 2882 με
2288 2812 2630 2884 διακείμενον
2659 2812 2822 2884 ὁρῶν,
2872 2814 2970 2884 τῆς
3027 2811 3129 2882 σῆς
3173 2811 3345 2878 ἀξιοῖς
3391 2808 3757 2880 προμηθείας.

2262 3000 2312 3049 ι’.
2347 3013 2366 3047 ι
2403 2994 2566 3046 Αὐτοὶ
2595 2993 2652 3046 δὲ
2707 2993 2786 3055 είς
2837 2992 3072 3062 μάτην³⁷
3125 2990 3396 3060 ἐζήτησαν
3444 2986 3546 3057 τὴν
3583 2985 3768 3055 ψυχήν

507 3069 746 3124 animam
782 3086 984 3123 meam.
1028 3087 1046 3120 ι
1089 3073 1106 3092 ’
1146 3070 1283 3123 Cum
1330 3070 1592 3124 adversus
1634 3085 1728 3124 eos
1774 3069 1910 3124 nihil
1948 3068 2084 3122 deli-

2194 3105 2317 3158 μου.
2360 3107 2379 3139 ι
2424 3087 2588 3139 Οὐδὲν
2609 3084 2907 3154 ἠδικηκότα
2939 3101 3006 3154 με
3039 3080 3430 3144 σπουδάζουσιν
3460 3078 3677 3133 ἀνελεῖν
3698 3078 3764 3129 ³⁸.

508 3160 744 3230 querim,
787 3162 1010 3215 student
1052 3170 1230 3213 tamen
1268 3175 1355 3214 me
1390 3175 1420 3214 e
1452 3160 1631 3214 medio
1677 3159 1884 3213 tollere.
1947 3177 1965 3210 ι
2000 3157 2088 3212 ln-

512 3252 757 3306 troibunt
802 3252 855 3305 in
900 3251 1158 3305 inferiora
1208 3262 1386 3304 terra}.
1430 3270 1447 3301 ι
1485 3253 1552 3304 At
1603 3251 1729 3305 novi
1777 3265 1872 3305 eos
1916 3260 2094 3305 morte

514 3343 851 3398 alliciendos.
885 3341 1092 3396 Deinde
1130 3342 1293 3396 etiam
1337 3342 1559 3396 modum
1606 3342 1863 3396 interitus
1904 3357 2090 3396 eorum

512 3435 778 3506 praedicit.

582 3525 748 3581 Vsus.
791 3526 876 3581 11.
915 3546 933 3576 ι
976 3523 1287 3580 Tradentur
1329 3524 1384 3578 in
1433 3540 1630 3580 manus
1677 3524 1862 3596 gladii.
1903 3543 1922 3576 ›
1980 3525 2095 3581 Hoc

512 3617 582 3671 ah
637 3617 877 3671 hostium
925 3615 1149 3671 dextera
1207 3615 1501 3685 patientur.
1553 3633 1572 3665 ι
1607 3615 1796 3669 Partes
1849 3614 2092 3684 vulpium

512 3719 694 3766 erunt.
727 3728 746 3762 ι
782 3708 847 3764 Et
870 3710 996 3775 hoc,
1025 3709 1224 3778 inquit,
1254 3722 1362 3762 non
1388 3723 1417 3762 a
1440 3707 1845 3777 potentioribus
1867 3707 2095 3776 quibus-

513 3801 638 3854 dam
671 3800 922 3854 hostibus
954 3800 1227 3870 patientur
1265 3815 1280 3853 :
1315 3797 1410 3854 sed
1439 3814 1469 3853 a
1497 3797 1744 3854 ﬁnitimis
1768 3798 2090 3870 Allophylis,

511 3892 606 3962 qui
638 3890 856 3961 quidem
889 3905 1042 3945 more
1068 3891 1315 3959 vulpium
1359 3904 1755 3958 nonnunquam
1804 3887 2090 3952 invadunt,

512 3983 829 4052 frequenter
883 3996 1013 4037 vero
1070 3993 1122 4036 et
1173 3983 1293 4038 sine
1347 3981 1756 4036 intermissione
1823 3979 2091 4050 proﬂigati

512 4073 748 4145 fugiunt.
775 4075 940 4127 Porro
966 4073 1254 4145 expeditus
1277 4082 1329 4127 et
1351 4073 1634 4142 proximus
1662 4085 1857 4125 sensus
1890 4071 2088 4136 innuit,

514 4166 699 4234 plures
742 4180 807 4218 ex
861 4165 967 4230 his,
1025 4165 1116 4235 qui
1173 4167 1227 4218 in
1273 4163 1530 4220 conﬂictu
1573 4161 1978 4226 oceumberent,
2026 4177 2093 4216 ne

518 4256 796 4325 sepultura
827 4256 1044 4327 quidem
1075 4256 1270 4327 dignos
1296 4256 1434 4322 fore,
1487 4255 1579 4310 sed
1622 4267 1650 4306 a
1683 4253 1813 4307 feris
1856 4251 2089 4306 dilania-

513 4357 629 4401 tum
662 4347 747 4400 iri.

2201 3196 2218 3227 ι
2265 3174 2741 3230 Εἰσελεύσονται³⁹
2793 3175 2873 3236 είς
2934 3173 3002 3225 τὰ
3067 3171 3358 3224 κατώτατα
3382 3170 3484 3237 τῆς
3542 3170 3666 3236 γῆς.
3739 3185 3762 3218 ι

2207 3269 2345 3322 Ἀλλ’
2372 3263 2488 3322 οἶδα
2519 3266 2594 3330 ὡς
2631 3267 2844 3336 θανάτῳ
2887 3263 3378 3334 παραδοθήσονται.
3428 3255 3630 3314 Elea.“
3673 3257 3768 3314 καὶ

2195 3360 2285 3413 τὸν
2311 3360 2510 3430 τρόπον
2545 3355 2898 3422 προθεσπίζει
2925 3356 3022 3424 τῆς
3048 3353 3305 3423 τελευτῆς
3323 3351 3392 3407 δι.

2269 3542 2358 3588 ια’.
2425 3551 2442 3585 ι
2496 3531 2976 3603 Παραδοθήσονται
3027 3531 3108 3593 είς
3154 3530 3344 3599 χεῖρας
3412 3524 3708 3598 ῥομφαίας.
3742 3541 3760 3575 ι

2206 3627 2341 3680 ’Υπὺ
2362 3627 2406 3656 δ’
2438 3622 2742 3693 πολεμικῆς
2768 3619 2924 3674 τοῦτο
2947 3619 3225 3673 πείσονται
3246 3615 3447 3680 δεξιᾶς.
3487 3635 3506 3666 ι
3537 3615 3767 3686 Μερίδες

2196 3715 2494 3771 ἀλωπέκων
2523 3712 2764 3766 ἔσονται.
2826 3728 2846 3763 ι
2905 3710 3017 3764 Καὶ
3048 3707 3224 3774 τοῦτο,
3275 3707 3460 3776 φησὶν,
3515 3705 3618 3773 οὐχ
3666 3704 3767 3758 ὑπὸ

2195 3805 2434 3861 δυνατῶν
2468 3821 2628 3857 τινων
2667 3801 3068 3871 ύποστήσονται
3105 3796 3412 3867 πολεμίων⁸
3445 3795 3562 3848 ἀλλ’
3599 3795 3705 3847 ὑπὸ
3723 3793 3766 3826 ⁸³

2195 3897 2303 3950 τῶν
2348 3893 2654 3966 προσοίκων
2699 3889 3010 3958 ἀλλοφύλων
3048 3905 3062 3919 ·
3111 3886 3159 3940 οἳ
3214 3886 3369 3955 δίκην
3428 3883 3764 3946 ἀλωπέκων,

2195 3985 2326 4039 ποτὲ
2369 3984 2467 4054 μὲν
2522 3983 2740 4045 ἐπίασι,
2794 3979 2943 4048 θαμὰ
2984 3977 3043 4030 δὲ
3090 3977 3183 4029 καὶ
3215 3975 3454 4044 συνεχῶς
3489 3973 3766 4039 ἐξελαυνό-

2197 4092 2350 4146 μενοι
2369 4073 2414 4104 ⁸⁸
2466 4070 2784 4140 φεύγουσιν.
2835 4067 3139 4120 Αίνίττεται
3181 4064 3238 4116 δὲ
3285 4063 3417 4115 τὸδ’
3479 4063 3766 4132 πρόχειρον

2194 4166 2394 4234 νόημα,
2425 4162 2498 4224 ὡς
2523 4161 2631 4213 τῶν
2657 4162 2714 4212 ὲν
2750 4158 2828 4228 τῷ
2866 4155 3089 4225 πολέμῳ
3135 4153 3411 4207 πεσόντων
3449 4153 3501 4206 οί
3553 4150 3763 4210 πλείους

2193 4256 2314 4309 οὐδὲ
2337 4253 2513 4321 ταφῆς
2551 4249 2958 4320 ,ἀξιωθήσονται
2983 4273 3005 4306 ο
3051 4243 3185 4300 ἀλλὰ
3230 4243 3617 4314 προκείσονται
3658 4241 3763 4302 τοῖς

2195 4347 2402 4417 θηρίοις
2433 4344 2588 4414 βορά.

584 4439 748 4496 Vsus.
793 4441 878 4494 l2.
927 4460 945 4492 ι
989 4440 1106 4494 Rex
1153 4455 1283 4495 vero
1323 4440 1594 4495 laetabitur
1640 4439 1692 4493 in
1741 4437 1870 4492 Deo.
1907 4457 1924 4489 ι
1980 4435 2084 4506 Ego

2266 4441 2347 4510 ιβ’.
2387 4457 2404 4488 ι
2449 4439 2505 4490 Ὀ
2527 4437 2580 4488 δὲ
2614 4433 2865 4505 βασιλεὺς
2890 4430 3322 4502 εὐφρανθήσεται
3349 4427 3445 4480 ἐπὶ
3474 4425 3555 4496 τῷ
3578 4422 3718 4513 Θεῷ.
3739 4441 3758 4475 ι

515 4542 662 4591 vero,
698 4529 896 4598 inquit,
937 4543 1166 4597 regnum
1201 4529 1298 4584 abs
1332 4537 1385 4583 te
1428 4530 1684 4600 adeptus,
1730 4545 1834 4582 non
1867 4527 1935 4580 ob
1966 4526 2086 4580 illo-

514 4633 634 4672 rum
690 4621 967 4684 interitum
1019 4620 1260 4684 laetabor,
1317 4621 1411 4674 sed
1466 4624 1537 4674 ob
1584 4631 1739 4675 tuum
1795 4619 2084 4681 auxilium,

514 4723 625 4775 quo
673 4708 844 4765 fretus
875 4709 1203 4778 multiplices
1246 4710 1594 4765 inimicorum
1628 4711 1859 4765 insidias
1900 4708 2086 4778 effugi.

520 4818 542 4852 ι
573 4799 965 4855 Laudabuntur
1013 4816 1221 4868 onmes,
1259 4803 1354 4872 qui
1396 4803 1584 4872 iurant
1613 4803 1669 4858 in
1694 4819 1784 4869 eo,
1830 4802 1957 4873 quia
1989 4802 2088 4855 ob-

591 4973 616 5004 !
645 4963 812 5019 Marc.
843 4979 919 5026 γι,
959 4961 1047 5018 48.
1123 4972 1150 5013 γ
1179 4965 1376 5034 Ephes.
1409 4967 1592 5034 ιν,15.

2209 4530 2349 4597 Ἐγὼ
2370 4529 2445 4591 δὲ,
2468 4529 2620 4597 φησι,
2647 4524 2794 4594 παρὰ
2812 4522 2904 4575 σού
2925 4522 3022 4591 τὴν
3043 4517 3316 4590 βασιλείαν
3337 4515 3657 4584 δεξάμενος,
3674 4512 3764 4564 οὐκ

2196 4617 2290 4670 ἐπὶ
2313 4615 2389 4685 τῷ
2416 4614 2636 4668 ἐκείνων
2665 4613 2973 4680 ἡσθήσομαι
3021 4607 3231 4677 θανάτῳ
3256 4647 3270 4672 ,
3326 4605 3442 4658 ἀλλ’
3465 4606 3561 4656 ἐπὶ
3603 4606 3668 4673 τῇ
3706 4602 3762 4669 σῇ

2197 4706 2533 4779 προμηθείᾳ,
2584 4704 2655 4756 δι’
2697 4697 2764 4772 ἦς
2818 4700 3081 4768 ἐξέφυγον
3119 4697 3218 4761 τὰς
3266 4693 3624 4757 παντοδαπὰς
3664 4690 3761 4745 τῶν

2199 4798 2476 4868 πολεμίων
2551 4794 2867 4858 ἐπιϐουλάς.
2938 4809 2958 4842 ι
3034 4787 3490 4859 Ἐπαινεθήσεται
3568 4786 3678 4848 πᾶς
3735 4782 3762 4834 ὁ

1619 5116 1852 5173 VARIAE‘.
1891 5112 2274 5171 LECTIONES
2313 5111 2401 5166 ET
2435 5108 2668 5166 NOTAE.

585 5230 635 5301 ’ξ
667 5226 896 5301 ΚύριοςΔ
920 5229 1045 5301 cod.
1078 5231 1103 5283 1
1138 5241 1191 5287 et
1215 5232 1390 5289 2add.
1415 5233 1494 5288 δέ.
1598 5235 1642 5265 ⁸⁷
1687 5235 1810 5286 Ἐπὶ
1844 5249 2084 5301 στρωμν

2218 5231 2341 5285 cod.
2376 5231 2399 5301 1
2429 5227 2556 5301 add.
2577 5188 2869 5301 μουηοοθ.
2890 5222 2926 5277 2
2957 5221 3120 5301 habet
3139 5221 3205 5301 ὲν
3340 5236 3490 5301 στρω

515 5298 566 5330 ³⁸
606 5297 958 5374 'Ar86.cod.l_
986 5301 1346 5374 ἀπεσειόμην.
1376 5305 1498 5358 cod.
1530 5303 1565 5356 Ξ
1592 5297 1949 5372 ἀπεϐαλλόμη

521 5380 849 5442 μοι-γεγενᾷ
877 5367 1034 5422 habet
1073 5367 1383 5442 γινομένας.

1954 5299 2014 5356 νζ
2063 5304 2107 5333 ⁸⁸
2133 5304 2264 5354 Kal.
2294 5299 2418 5355 cod.

1463 5375 1506 5406 ³¹
1531 5374 1618 5427 Μέ
1635 5374 1756 5428 Des.
1791 5375 1842 5424 in
1877 5365 2000 5426 'co'd.
2023 5372 2078 5427 2.
2155 5372 2199 5402 ³⁸
2228 5372 2265 5424 Ε
2283 5370 2405 5426 cod.
2428 5369 2476 5422 1.
2554 5367 2598 5399 ⁸³
2616 5365 2885 5433 Πτέρυγα

2722 5225 2869 5326 .cod.
2890 5222 2926 5277 2
2957 5222 3120 5278 habet
3139 5222 3198 5273 ὲν
3340 5222 3606 5342 στρωμνῇ
3633 5233 3757 5289 μου.

2794 5297 3004 5363 Γεγεν.
3031 5291 3222 5363 mund.
3251 5306 3303 5344 m
3329 5292 3474 5363 cod.
3533 5331 3547 5344 .
3581 5287 3752 5363 codd

2451 5299 2488 5350 2
2511 5297 2642 5360 τοῖς.

2889 5356 2920 5427 ζ’
2944 5394 3010 5403 -
3036 5356 3348 5430 διαθήκην.
3377 5357 3501 5414 Vid.
3528 5375 3582 5429 p.
3612 5356 3752 5430 i009,

523 5427 576 5514 ξι-⁹
613 5427 676 5488 ὄξ
742 5434 1012 5514 "ﬂupsv.
1045 5427 1164 5495 cod.
1197 5427 1225 5496 '1
1253 5427 1682 5514 πυρσευόμενος.
1758 5442 1805 5474 ⁸⁸
1835 5442 2036 5510 Ἐμοῦ.
2069 5458 2084 5495 ι

2217 5442 2241 5495 1
2275 5441 2398 5494 add.
2430 5437 2628 5506 λέγων.
2705 5427 2748 5466 ³⁵
2777 5427 2897 5489 cod.
2934 5433 2956 5486 1
2991 5427 3290 5514 ἀντιλάϐοι.
3357 5427 3752 5514 ³⁷.

523 5510 682 5570 "chr.
717 5504 923 5610 nm,
948 5524 1015 5575 ad
1039 5504 1402 5590 vastationem,
1423 5542 1468 5581 s.
1491 5504 1801 5610 interitum;
1869 5504 1915 5556 ³⁵
1947 5524 2084 5578 Ἀνε.

2194 5539 2228 5576 ρ.
2255 5522 2377 5577 cod.
2406 5521 2429 5574 ι
2463 5504 2587 5574 add.
2613 5519 2702 5572 διὰ
2727 5517 2791 5588 δὴ
2823 5514 2999 5569 ταῦτα
3028 5512 3157 5582 βοῶ.
3239 5513 3283 5544 ιο
3312 5510 3438 5566 eod.
3471 5511 3498 5565 ι
3534 5505 3754 5562 εἰσελεύ-

522 5631 753 5697 εαιντρη
777 5601 846 5657 ἰο
871 5601 1036 5683 ὲῖτα.
1072 5627 1198 5685 Des.
1236 5629 1290 5684 in
1315 5631 1438 5685 cod.
1473 5631 1526 5684 1.
1604 5629 1646 5660 ⁴¹
1678 5601 1973 5697 Τελέυτῆς
1998 5628 2084 5683 md

2226 5625 2350 5695 add.
2374 5625 2634 5697 ἐκείνων.
2656 5623 2941 5697 ἡδ’-Ὑπξύ-
2963 5651 3035 5660 —-
3064 5617 3313 5697 δεξιάς..
3318 5617 3448 5675 Des.
3479 5618 3535 5674 in
3566 5615 3678 5673 cod.
3698 5612 3750 5665 1.

521 5683 635 5744 ΡιὈ
664 5691 768 5747 ὑπὸ
793 5697 914 5753 cod.
943 5697 979 5750 ε
1013 5683 1174 5753 habet
1205 5683 1339 5753 ἀπό.
1360 5683 1370 5684 ί
1391 5683 1456 5732 τι
1481 5683 1603 5755 ξω.
1635 5699 1672 5752 ε
1695 5683 1840 5770 ἀπό.
1902 5683 2078 5754 ιτεοά

2194 5693 2573 5767 ἐλαυνόμενος.
2653 5694 2698 5726 ⁸⁸
2748 5691 2842 5746 Τό.
2881 5692 3047 5746 Abest
3078 5706 3106 5743 a
3133 5683 3257 5744 cod.
3279 5687 3334 5743 ‘2.
