3884 6320
552 322 687 387 1343

1542 324 2033 385 THEODORETI
2069 323 2406 383 EPISCOPI
2447 325 2820 384 CYRENSIS

3692 317 3806 382 13ἰὶ

552 439 730 492 dixit:
768 436 1136 490 Firmaveruut
1175 451 1464 490 sermonem
1496 453 1738 506 pravum,
1777 445 2128 491 narraverqu

2246 437 2493 506 εἴρηκεν·
2566 436 2938 504 Έκράτυναν
2997 436 3187 505 λόγον
3235 432 3527 500 πονηρὸν,
3579 434 3805 500 altrm-tl-

552 541 608 584 ut
639 529 966 583 occultarent
997 528 1232 596 laqueos.
1270 527 1444 582 Meam
1476 530 1620 584 enim
1653 531 1942 585 molientes
1977 545 2128 584 mor-

552 630 684 684 tem,
721 629 1152 688 proposuerunt,
1209 633 1262 675 et
1308 621 1714 687 consultarunt,
1762 623 1964 692 quibus
2007 637 2127 675 ma-

549 708 964 766 chinationibus
997 721 1188 766 contra
1221 728 1308 766 me
1339 713 1601 767 utendum
1631 724 1799 779 esset,
1830 724 1888 769 et
1918 731 1976 769 re
2009 716 2128 784 ipsa

551 818 835 858 sermones
874 804 1294 859 conﬁrmarunt.
1339 803 1467 859 Hac
1505 814 1686 860 autem
1728 807 1953 871 audent,
2001 807 2130 876 quia

551 895 823 949 neminem
858 904 1049 966 putant
1073 897 1236 951 rebus
1263 898 1522 952 humanis
1546 913 1800 966 praesse.
1835 897 1950 954 Hoc
1981 898 2129 954 enim

550 998 613 1037 ea
668 999 791 1053 qua
839 994 1148 1055 sequuntur
1197 986 1526 1043 declarant:
1582 1007 1601 1040 ι
1638 987 1954 1043 Dixerunt:
1996 985 2130 1054 Quis

551 1074 756 1128 videbit
784 1075 923 1131 eos?
954 1093 973 1126 ι
1013 1073 1343 1145 Opinantur,
1387 1078 1484 1142 ait,
1524 1077 1800 1132 neminem
1830 1093 1954 1134 esse
1986 1077 2134 1148 judi-

550 1181 670 1222 ccm
701 1183 893 1222 eorum
924 1183 1047 1237 qua
1076 1169 1230 1223 ﬁunt.
1269 1168 1410 1241 [Hoc
1435 1170 1656 1240 quidem
1685 1172 1826 1226 valet
1859 1171 1928 1226 de
1962 1172 2134 1226 Absa-

554 1259 720 1324 lomo,
767 1259 933 1313 Saule
969 1267 1023 1313 et
1053 1261 1303 1330 reliquis,
1339 1261 1483 1316 idem
1521 1279 1651 1317 vero
1695 1264 1762 1318 de
1806 1264 1984 1333 impiis
2019 1281 2136 1320 Olli-

553 1350 714 1405 nihus
765 1351 932 1418 valet,
987 1352 1083 1422 qui
1132 1361 1440 1422 opportuno
1497 1363 1742 1424 tempore
1796 1356 2028 1412 insidias
2081 1370 2136 1412 et

554 1441 858 1496 tendiculas
891 1451 1086 1512 parant
1113 1442 1372 1498 Ecclesiis
1400 1445 1516 1500 Dei.
1545 1447 1756 1517 1025
1781 1447 1918 1505 Vide
1949 1461 2130 1504 autem

554 1531 682 1599 quid
717 1532 861 1586 dicat
898 1533 950 1586 in
980 1535 1386 1608 sequentibus.]

631 1623 786 1678 Vsus.
824 1626 874 1678 7.
911 1645 928 1676 ‹
978 1625 1214 1681 Scrutati
1261 1640 1387 1684 sunt
1423 1630 1762 1700 iniquitates,
1815 1631 2134 1688 defecerunt

554 1728 862 1772 scrutantes
893 1721 1181 1774 scrutinio.
1227 1739 1245 1772 ι
1307 1720 1560 1789 Omnem,
1613 1725 1809 1792 inquit,
1870 1726 2135 1780 adhibue-

557 1825 684 1864 runt
741 1814 1148 1882 cegitationem.
1207 1831 1399 1870 omnes
1453 1819 1714 1873 adversus
1765 1835 1850 1873 me
1915 1820 2134 1889 excogi-

556 1913 741 1957 tarunt
803 1905 1266 1968 machinationes,
1333 1908 1538 1961 nullam
1590 1909 1700 1962 doli
1759 1911 1995 1979 speciem
2054 1911 2138 1963 in-

558 2004 759 2049 tactam
794 1997 1154 2066 reliquerunt,
1206 1998 1386 2067 palam
1436 1999 1778 2068 invadentes,
1821 2001 2134 2056 clanculum

556 2087 920 2151 insidiantes,
985 2088 1421 2158 speculatoribus
1488 2102 1744 2158 olentes,
1812 2094 2138 2149 solitudines

556 2179 841 2243 obeuntes,
882 2194 1076 2234 saxosa
1121 2181 1240 2234 loca
1289 2182 1652 2250 requirentes,
1702 2183 1780 2255 [in
1829 2185 2134 2252 montibus,

555 2271 833 2336 speluncis
865 2279 917 2324 et
954 2270 1166 2327 ﬁssuris
1203 2281 1361 2327 terra
1383 2285 1690 2343 quaerentes
1726 2277 1958 2332 athletas
1992 2278 2134 2348 pios,

555 2364 622 2416 de
653 2362 853 2432 quibus
873 2361 1096 2419 divinus
1133 2364 1336 2420 Paulus
1362 2366 1492 2421 dicit
1519 2385 1531 2420 :
1564 2366 1767 2432 Quibus
1804 2386 1909 2423 non
1941 2370 2135 2441 dignus

553 2461 668 2506 erat
702 2453 950 2506 mundus.
983 2452 1003 2524 ]

625 2541 793 2596 Vens.
821 2541 874 2596 8.
912 2561 930 2594 ι
965 2543 1200 2598 Accedet
1231 2544 1416 2611 homo,
1455 2552 1510 2600 et
1538 2561 1635 2601 cor
1663 2546 1854 2602 altum.
1889 2548 1953 2604 Et
1983 2551 2136 2604 exal-

555 2632 980 2696 tabiturDeus,»
1018 2635 1132 2689 Hoc
1174 2635 1418 2705 apertius
1467 2635 1811 2693 Theodotion
1868 2642 2138 2712 interpre-

556 2733 699 2777 tatus
734 2731 850 2789 est;
885 2724 1018 2779 dicit
1041 2735 1221 2781 autem
1260 2728 1339 2782 sic
1365 2746 1376 2782 :
1406 2727 1474 2780 Et
1507 2739 1726 2784 mentem
1755 2734 1876 2798 viri,
1927 2745 1978 2786 et
2012 2749 2140 2803 pro-

557 2815 785 2884 fundum
812 2833 924 2882 cor,
946 2815 1085 2870 Deus
1116 2819 1324 2888 sagittis
1349 2821 1588 2890 conﬁgel.
1618 2822 1730 2877 Etsi
1760 2825 1904 2878 cuitu
1939 2825 2138 2882 millies

556 2922 654 2961 sua
703 2923 870 2977 prava
905 2912 1083 2967 studia
1126 2912 1451 2967 occultarint
1476 2957 1490 2980 ,
1528 2915 1816 2970 manifesta
1849 2927 1978 2972 sunt
2028 2917 2136 2973 Deo

557 2999 740 3055 omnia
791 3001 1128 3073 inSpicienti,
1173 3005 1265 3074 qui
1302 3007 1575 3075 propriam
1617 3008 1858 3062 ostendit
1890 3009 2134 3065 altitudi-

558 3103 704 3156 nem,
740 3091 868 3146 dum
902 3109 1094 3163 poenas
1124 3094 1192 3148 ab
1221 3094 1492 3165 ejusmodi
1528 3097 1844 3154 hominibus
1873 3101 2061 3170 exigit.

635 3287 654 3322 ι
693 3273 713 3293 θ
748 3269 971 3341 Sagitta
1000 3273 1352 3341 parvulorum
1385 3274 1541 3329 facta
1571 3283 1701 3330 sunt
1723 3275 1894 3346 plaga
1922 3292 2135 3331 eorum.

559 3360 836 3434 [Vens.9.j
875 3362 940 3416 Et
967 3362 1257 3418 inﬁrmata
1282 3374 1412 3418 sunt
1441 3375 1632 3420 contra
1659 3381 1756 3422 eos
1800 3367 2001 3438 lingua
2045 3383 2140 3422 eo-

559 3469 702 3506 rum.
739 3473 758 3505 ι
800 3451 1067 3508 Caterum
1111 3455 1325 3509 tametsi
1378 3463 1528 3509 tanta
1573 3457 1928 3512 contentione
1975 3467 2141 3511 utun-

559 3555 667 3611 tur,
708 3561 739 3600 a
769 3546 1046 3616 proposito
1091 3546 1431 3602 exciderunt.
1479 3546 1954 3614 Quemadmodum
1992 3551 2138 3605 enim

556 3638 737 3707 jaeula
765 3655 794 3693 a
825 3639 1010 3709 pueris
1041 3638 1238 3694 emissa
1269 3641 1402 3693 nihil
1433 3639 1620 3696 damni
1649 3641 1890 3697 all‘erunt
1921 3643 2006 3698 his
2047 3645 2139 3714 qui

561 3739 841 3799 petuntur,
895 3731 976 3786 sic
1025 3731 1255 3786 istorum
1289 3731 1490 3804 lingua
1514 3733 1650 3788 nihil
1673 3733 2019 3790 olfenderunt
2042 3750 2138 3791 eos

559 3822 652 3891 qui
701 3822 1132 3899 conﬁgebantur,
1173 3825 1388 3896 1026
1409 3834 1465 3879 at
1505 3825 1560 3880 in
1579 3834 1740 3895 caput
1773 3825 2138 3895 iaculantium

559 3927 723 3968 omne
760 3914 966 3968 malum
1003 3915 1213 3970 recidit.
1241 3935 1259 3968 ι
1291 3914 1613 3971 Conturbati
1646 3926 1774 3972 sunt
1805 3933 1998 3973 omnes
2045 3919 2140 3988 qui

561 4006 816 4061 videbant
836 4023 951 4064 eos.
983 4027 1002 4059 ι
1029 4007 1132 4075 Qui
1155 4024 1282 4064 vero
1305 4009 1422 4065 suis
1441 4011 1733 4066 conatibus
1747 4025 1839 4066 eos
1858 4011 2140 4068 fraudatos

563 4097 836 4164 viderunt,
877 4099 1290 4169 perturbatione
1319 4107 1372 4154 et
1401 4097 1696 4156 formidine
1745 4101 1952 4171 impleti
1988 4109 2137 4166 sunt,

562 4189 916 4262 divinamque
959 4191 1366 4249 Providentiam
1408 4192 1663 4249 admirati
1704 4203 1851 4250 sunt.
1891 4193 2007 4250 Hoc
2043 4209 2142 4248 au-

563 4291 671 4338 tem
699 4285 978 4354 sequentia
1008 4286 1268 4342 indicant.

633 4372 798 4431 Vens.
835 4376 923 4432 10.
963 4395 982 4428 ‹
1015 4375 1082 4431 Ει
1115 4377 1297 4431 timuit
1340 4377 1521 4432 omnis
1549 4376 1730 4442 homo,
1763 4385 1817 4432 et
1844 4377 2139 4432 annuntia-

2232 542 2422 582 σαντο
2452 529 2678 596 κρύψαι
2708 528 2988 597 παγίδας.
3037 526 3142 580 Τὸν
3174 526 3281 596 γὰρ
3307 525 3440 594 ἐμὸν
3492 523 3806 588 καττύοντες

2234 621 2488 687 θάνατον,
2516 623 2886 692 εἰσηγήσαντο
2933 621 3028 675 καὶ
3086 617 3611 680 συνεϐουλεύσαντο,
3646 617 3806 679 ποίαις

2232 713 2315 765 δεῖ
2339 713 2645 784 χρήσασθαι
2673 713 2795 767 κατ’
2833 712 2969 783 ἐμοῦ
3013 714 3287 783 μηχαναῖς
3313 710 3382 771 ⁵⁸.
3417 710 3513 762 καὶ
3565 709 3646 777 τῷ
3679 709 3806 778 ἔργῳ

2231 807 2357 868 τοὺς
2385 806 2579 874 λόγους
2609 806 2920 876 ἐκράτυναν
2947 821 2962 838 ·
3006 804 3179 858 ταῦτα
3209 803 3268 856 δὲ
3300 802 3601 872 τολμῶσιν,
3631 801 3806 854 οὐδένα

2235 897 2641 968 προμηθεῖσθαι
2702 897 2814 952 τῶν
2854 897 3216 970 ἀνθρωπίνων
3263 896 3588 966 ἡγούμενοι.
3645 896 3807 947 Τοῦτο

2234 990 2344 1061 γάρ
2390 990 2544 1062 δηλοῖ
2589 991 2666 1045 τά
2707 991 3067 1062 ἐπαγόμενα·
3108 1009 3127 1042 ι
3164 985 3402 1043 Εἶπαν⁶⁹
3432 1005 3448 1020 ο
3478 988 3578 1051 Τίς
3629 986 3808 1056 ϐψεται

2233 1081 2468 1149 αύτούς;
2515 1101 2533 1133 ι
2579 1081 2896 1151 Ἦγοῦνται,
2941 1083 3100 1153 φησὶ,
3161 1080 3368 1152 μηδένα
3396 1075 3536 1134 εἶναι
3573 1080 3684 1132 τῶν
3735 1097 3808 1148 γι-

2235 1173 2475 1245 νομένων
2506 1177 2724 1248 κριτήν.
2759 1165 2831 1237 [⁷ο
2867 1174 3038 1228 Τοῦτο
3072 1175 3172 1245 μὲν
3213 1175 3263 1226 οἱ
3308 1173 3437 1243 περὶ
3489 1173 3582 1226 τὸν
3635 1172 3809 1226 Ἀϐεσ-

2238 1267 2432 1338 σαλὼμ
2467 1268 2561 1320 καὶ
2594 1267 2688 1320 τὸν
2713 1266 2888 1320 Σαοὺλ
2919 1268 3014 1319 καὶ
3059 1265 3188 1327 τοὺς
3236 1261 3462 1326 λοιπούς
3486 1279 3500 1294 ο
3556 1261 3715 1316 τοῦτο
3765 1263 3807 1314 δὲ

2236 1358 2334 1411 καὶ
2357 1358 2404 1411 ol
2431 1357 2743 1428 παράνομοι
2777 1358 2828 1410 οἱ
2851 1358 2994 1410 κατά
3020 1355 3214 1426 καιρὸν
3233 1353 3482 1424 μηχανὰς
3515 1355 3613 1406 καὶ
3641 1353 3807 1418 πάγας

2236 1451 2379 1504 κατά
2410 1450 2520 1502 τῶν
2557 1448 2900 1518 Ἐκκλησιῶν
2931 1445 3026 1499 τοῦ
3058 1445 3194 1498 Θεοῦ
3240 1444 3674 1515 συστησάμενοι.
3712 1445 3807 1497 Καὶ

2236 1546 2339 1617 δρα
2371 1545 2422 1598 τί
2457 1561 2591 1613 φησι
2623 1544 2714 1597 διὰ
2739 1544 2844 1596 τῶν
2871 1541 3044 1613 ἑξῆς]

2311 1637 2374 1700 ζ’.
2416 1656 2434 1688 ι
2491 1633 2898 1705 Ἐξηρεύνησαν
2951 1632 3182 1703 ἀνομίαν
3214 1633 3299 1698 τί,
3353 1630 3609 1695 ἐξέλιπον
3648 1631 3693 1662 τ’
3736 1632 3809 1696 ἐξ·

2239 1726 2569 1798 ερευνῶντες
2594 1725 2974 1795 ἐξερευνήσεις
2995 1723 3061 1775 ⁷³.
3104 1742 3122 1774 ι
3158 1722 3340 1774 Πάντα
3361 1762 3372 1784 ,
3407 1721 3580 1790 φησὶν
3600 1762 3616 1786 ,
3649 1722 3809 1787 ἐκίνη-

2241 1831 2340 1867 σαν
2382 1813 2645 1882 λογισμόν
2671 1830 2684 1844 ο
2731 1813 2913 1864 πᾶσαν
2960 1811 3264 1880 ἐπενόησαν
3286 1809 3332 1841 ⁷⁸
3371 1810 3494 1862 κατ’
3533 1811 3671 1879 ἐμοῦ
3719 1828 3809 1880 μη-

2237 1907 2408 1977 χανήν
2437 1924 2452 1938 ·
2515 1906 2667 1959 οὐδὲν
2729 1903 3026 1972 ἐπιϐουλῆς
3113 1902 3580 1956 καταλελοίπασιν
3653 1898 3809 1966 εἶδος,

2237 1998 2536 2071 προφανῶς
2571 1996 2852 2062 ἐπιόντες,
2901 1995 3145 2068 κρύϐδην
3189 1994 3494 2066 λοχῶντες,
3546 1995 3810 2048 κατασκό-

2238 2106 2363 2152 ποις
2422 2088 2735 2160 χρώμενοι,
2784 2087 2884 2150 τὰς
2927 2088 3173 2158 ἐρήμους
3215 2085 3713 2156 περινοστοῦντες,
3756 2086 3812 2138 τὰ

2239 2179 2488 2252 πετρώδη
2539 2179 2717 2251 χωρία
2756 2177 3176 2248 διερευνώμενοι
3208 2179 3253 2211 ⁷⁸
3307 2176 3417 2249 [⁷⁸
3445 2178 3505 2229 ἐν
3537 2178 3694 2248 ὃρεσι
3731 2179 3813 2229 καὶ

2240 2269 2527 2340 σπηλαίοις
2559 2270 2656 2324 καὶ
2678 2271 2801 2332 ταῖς
2827 2269 2990 2330 ὀπαῖς
3019 2269 3119 2337 τῆς
3149 2268 3253 2338 γῆς
3276 2267 3676 2337 ἀναζητοῦιετες
3700 2268 3812 2330 τοὺς

2239 2361 2478 2431 ἀθλητάς
2535 2361 2639 2430 τῆς
2691 2360 3014 2423 εὐσεϐείας,
3071 2360 3205 2431 περὶ
3250 2354 3325 2413 ὧν
3361 2360 3566 2426 φάσκει
3605 2360 3635 2411 ὁ
3682 2359 3813 2421 θεῖος

2239 2453 2452 2516 Παῦλος
2471 2492 2486 2517 ,
2518 2447 2606 2506 ὧν
2639 2455 2751 2506 οὐκ
2769 2447 2849 2522 ἦν
2877 2451 3047 2518 ἄξιος
3074 2454 3107 2506 ό
3140 2452 3412 2522 κόσμος].

2316 2563 2334 2595 ι
2378 2544 2814 2614 Προσελεύσεται
2849 2543 3230 2614 ἄνθρωπος’τ,
3259 2543 3354 2595 καὶ
3379 2543 3577 2613 καρδία
3608 2543 3808 2613 βαθεῖα.

2240 2634 2360 2707 [η’.]
2385 2636 2495 2688 Καὶ
2527 2634 2875 2705 ὑψωθήσεται
2895 2631 2939 2665 ⁷⁸
2975 2635 3001 2687 ὁ
3026 2634 3179 2696 Θεός.
3220 2652 3239 2685 ι
3272 2633 3511 2686 Τοῦτοη
3547 2634 3811 2702 σαφέστε-

2243 2745 2337 2798 ρον
2374 2730 2402 2780 ὁ
2438 2726 2738 2780 Θεοδοτίων
2781 2727 3098 2797 ἡρμήνευσε
3120 2744 3134 2758 ο
3181 2726 3332 2796 λέγει
3373 2727 3429 2779 δέ
3463 2726 3642 2790 οὕτως
3667 2745 3681 2758 ·
3714 2726 3812 2780 Kal

2239 2819 2512 2873 διάνοιαν
2535 2817 2774 2886 ἀνδρὸς,
2828 2817 2930 2873 καὶ
2983 2818 3239 2888 καρδίαν
3267 2819 3526 2884 βαθεῖαν
3573 2836 3813 2873 κατατο-

2241 2911 2445 2976 ξεύσει
2469 2913 2502 2966 ό
2529 2912 2693 2975 Θεός.
2717 2909 2838 2963 Κᾶν
2882 2908 2992 2979 γὰρ
3019 2910 3280 2979 μυριάκις
3308 2909 3490 2963 αὐτῶν
3533 2908 3816 2979 κατακρύ-

2238 3003 2382 3075 ψωσι
2420 3003 2488 3057 τὰ
2515 3002 2950 3073 ἐπιτηδεύματα,
2973 3001 3110 3072 δῆλα
3139 3000 3315 3055 ταῦτά
3333 3001 3379 3033 ⁸⁸
3405 3002 3522 3054 ἐστι
3544 3001 3622 3070 τῷ
3655 3001 3814 3056 πάντ’

2162 3116 2206 3176 c
2241 3095 2510 3166 ἐφορῶντι
2536 3094 2656 3165 Θεῷ
2675 3110 2689 3124 ·
2707 3094 2766 3158 ὃς
2786 3094 2830 3126 ⁸¹
2851 3094 2913 3146 τὸ
2933 3094 3134 3147 οἰκεῖον
3160 3093 3537 3147 ὑποδείκνυσιν
3567 3093 3728 3164 ὕψος,
3745 3094 3815 3148 δί-

2243 3205 2346 3252 κας
2370 3188 2416 3220 ⁸⁸
2487 3187 2615 3249 τοὺς
2669 3185 2946 3248 τοιούτους
2999 3185 3484 3257 εἰσπραττόμενος.

2317 3299 2336 3330 ι
2376 3279 2542 3343 Βέλος
2567 3278 2782 3349 νηπίων
2809 3278 2855 3312 ⁸³
2896 3277 3240 3349 ἐγενήθησαν
3279 3280 3335 3331 al
3374 3277 3583 3349 πληγαὶ
3615 3278 3812 3333 αὐτῶν.

2244 3368 2360 3442 [θ⁹.]
2392 3370 2504 3423 Καὶ
2533 3367 2903 3440 ἐξησθένησαν
2939 3369 3026 3422 ἐπ’
3054 3368 3254 3432 αὐτοὺς
3274 3369 3322 3400 ⁸⁸
3345 3369 3403 3422 αἱ
3432 3369 3681 3437 γλῶσσαι
3722 3369 3814 3422 αὒ-

2241 3461 2370 3514 τῶν.
2401 3480 2419 3511 ι
2470 3460 2611 3514 Ἀλλ’
2634 3461 2784 3530 ὅμως
2811 3461 2907 3514 καὶ
2944 3459 3184 3530 τοσαύτῃ
3221 3460 3492 3531 δεινότητι
3519 3460 3814 3531 χρώμενοι,

2241 3551 2540 3624 διήμαρτον
2571 3551 2667 3604 τοῦ
2699 3551 2925 3605 σκοποῦ.
2959 3549 3230 3620 Καθάπερ
3260 3551 3372 3622 γὰρ
3417 3552 3486 3604 τά
3517 3552 3672 3621 παρὰ
3715 3551 3815 3603 τῶν

2242 3642 2438 3713 κομιδῆ
2467 3642 2603 3696 νέων
2639 3641 2912 3712 ἀφιέμενα
2932 3642 2981 3674 ⁸⁵
3013 3642 3140 3712 βέλη
3176 3642 3383 3712 βλάϐην
3413 3642 3670 3712 οὐδεμίαν
3702 3645 3814 3694 ἐπι-

2242 3736 2400 3805 φέρει
2423 3737 2537 3797 τοῖς
2563 3733 2876 3804 δεχομένοις
2897 3775 2912 3800 ,
2941 3733 3114 3799 οὕτως
3144 3737 3200 3788 αἱ
3219 3735 3267 3766 ⁸⁸
3298 3735 3507 3788 τούτων
3538 3734 3812 3801 γλῶσσαι,

2241 3826 2369 3888 τοὺς
2395 3824 2490 3896 μὲν
2521 3823 2818 3896 βληθέντας
2843 3825 2942 3878 οὐκ
2967 3824 3212 3894 ἔϐλαψαν
3233 3842 3247 3856 ·
3275 3824 3420 3878 κατά
3454 3825 3513 3878 δέ
3534 3825 3646 3881 τῶν
3675 3842 3814 3877 τινα·

2243 3916 2450 3984 Εάντων
2477 3917 2509 3987 ή
2535 3915 2684 3985 λώϐη
2702 3915 3041 3987 κεχώρηκεν.
3060 3935 3079 3968 ι
3103 3915 3522 3986 Ἐταράχθησαν
3552 3917 3750 3978 πάντες
3768 3916 3813 3967 0i

2243 4009 2578 4082 θεωροῦντες
2598 4007 2852 4071 αὐτούς.»
2883 4009 2947 4062 Oi
2973 4009 3032 4062 δέ
3051 4009 3094 4041 ⁸⁷
3126 4008 3461 4078 θεασάμενοι
3485 4007 3688 4071 αὐτοὺς
3714 4005 3814 4059 τῶν

2243 4098 2665 4172 ἐγχειρημάτων
2698 4099 3104 4170 διαμαρτόντας
3125 4140 3140 4165 ,
3184 4098 3416 4169 θορύϐου
3446 4097 3492 4129 ⁸⁸
3537 4098 3634 4151 καὶ⁵
3671 4097 3815 4158 δέους

2242 4192 2672 4264 πλησθήσονται,
2700 4191 2794 4262 ﬂ”
2825 4190 3200 4261 ἐπλήσθησαν,
3233 4192 3328 4243 καὶ
3354 4189 3454 4257 τὴν
3481 4189 3638 4242 θείαν
3665 4186 3816 4262 ἐθαύ-

2244 4300 2426 4355 μασαν
2455 4281 2737 4354 πρόνοιαν.
2766 4279 2939 4334 Τοῦτο
2960 4282 3006 4314 ⁹⁰
3037 4279 3146 4349 γὰρ
3179 4279 3249 4333 τὰ
3286 4278 3427 4349 μετά
3454 4278 3630 4332 ταῦτα
3655 4276 3814 4348 δηλοῖ.

2315 4370 2367 4428 ι’.
2421 4389 2442 4424 ι
2478 4372 2590 4426 Καὶ
2629 4370 2874 4442 ἐφοϐήθη
2912 4372 3021 4434 πᾶς
3059 4368 3387 4438 ἄνθρωπος,
3432 4369 3534 4421 καὶ
3568 4369 3813 4439 ἀνήγγει-

563 4475 758 4522 verunt
787 4481 952 4536 opera
983 4466 1098 4532 Dei,
1133 4475 1187 4521 et
1213 4466 1356 4522 facta
1381 4467 1500 4537 ejus
1527 4468 1944 4544 intellexerunt._
1974 4487 1992 4520 ι
2032 4467 2133 4523 Co-

2246 4465 2342 4522 λαν
2365 4465 2434 4520 τὰ
2467 4464 2607 4535 ἔργα
2633 4465 2732 4518 τοῦ
2765 4463 2902 4516 Θεοῦ
2924 4480 2938 4495 ·
2964 4463 3058 4518 καὶ
3091 4463 3161 4514 τὰ
3185 4445 3470 4532 ποιήματα
3497 4460 3665 4514 αὐτοῦ
3701 4476 3812 4511 συν·

563 4556 797 4626 gitantes
823 4555 970 4610 enim
1020 4564 1075 4609 et
1121 4555 1463 4610 revolventes
1521 4557 1972 4627 gubernationem
2016 4556 2136 4623 Dei,

561 4648 805 4703 divinum
834 4646 1102 4718 judicium
1141 4646 1462 4701 timuerunt.

2244 4557 2406 4629 ἧκαν.
2447 4575 2464 4608 ι
2527 4556 2615 4608 Ἐν
2660 4554 2910 4626 περινοίᾳ
2955 4552 3064 4624 γὰρ
3104 4554 3149 4584 ⁸³
3194 4552 3294 4621 τῆς
3342 4550 3438 4605 τοῦ
3484 4551 3626 4604 Θεοῦ
3672 4550 3813 4619 κηδε-

2246 4647 2438 4720 μονίας
2468 4649 2795 4716 γενόμενοι,
2827 4645 2890 4698 τὸ
2920 4644 3064 4698 θεῖον
3095 4645 3380 4714 κριτήριον
3410 4643 3650 4698 ἔδεισαν.

1642 4822 1879 4880 VARLE
1920 4823 2308 4882 LECTIONES
2343 4823 2433 4878 ET
2484 4821 2717 4877 NOTAE.

669 4938 717 4971 ⁸⁸
761 4933 1094 5007 Μηχαναῒς.
1139 4936 1339 5007 cod.l
1381 4941 1711 5007 συμφοραῖς,
1759 4941 1994 5007 ascripta
2043 4950 2133 4995 tan

2281 4939 2513 4996 lectione
2537 4938 2727 4993 altera.

2841 4937 2885 4971 ⁸³
2925 4937 3048 4993 cod.
3090 4937 3125 4990 2
3166 4932 3338 4990 εἷπον.
3444 4935 3493 4967 ⁷⁹
3530 4934 3574 4988 Ε
3617 4937 3732 4991 cod.
3765 4937 3811 4991 Ι.

563 5009 606 5042 '“
638 5007 760 5064 cod.
798 5009 821 5060 1
856 5005 1108 5075 ἀνομίας.
1183 5007 1231 5038 ⁷³
1267 5005 1430 5062 Hebr.
1455 5005 1625 5087 'upg,
1659 5005 2128 5078 consumpttsumu

2246 5012 2308 5066 lii
2333 5019 2668 5064 consumunt.
2745 5007 2874 5064 Ree.
2907 5007 3066 5062 lectio
3089 5017 3171 5061 est
3194 5007 3562 5079 ἐξερευνήσει.
3641 5007 3686 5038 ’⁸
3705 5009 3812 5060 cod.

563 5113 600 5167 2
627 5112 963 5182 κατενόησαν
987 5151 1002 5177 ,
1044 5111 1190 5182 quod
1220 5113 1420 5170 ibidem
1455 5090 1679 5187 ponitur
1707 5126 1829 5188 post
1870 5117 1992 5172 κατ’
2025 5119 2127 5188 ἐμο

2262 5118 2308 5150 ⁷⁵
2343 5115 2464 5173 eod.
2505 5116 2532 5170 ‘l
2566 5113 2970 5186 διερευνῶντες.
3047 5114 3094 5146 ⁷⁸
3126 5112 3167 5167 Ε
3196 5113 3319 5169 cod.
3352 5113 3403 5167 l.
3478 5111 3527 5144 "
3567 5116 3812 5181 Προσελ.

563 5218 731 5287 drop.
762 5215 923 5272 Hebr.
969 5220 1086 5296 uiis:
1120 5222 1534 5312 naggnwdium
1575 5225 1712 5277 enim
1768 5238 1816 5278 s.
1849 5223 2102 5278 intimum

2246 5264 2254 5278 .
2329 5224 2376 5256 "
2398 5222 2509 5279 Kal
2550 5225 2744 5291 ὑψωθ.
2793 5220 2954 5275 Hebr.
3167 5229 3216 5273 et
3254 5217 3592 5289 jaculabitur
3625 5221 3678 5273 in
3717 5235 3812 5271 eos.

562 5326 608 5360 τ’
638 5323 841 5379 Τοῦτο.
885 5323 1005 5378 cod.
1040 5325 1065 5378 1
1121 5325 1245 5379 add.
1303 5325 1381 5382 δε.
1457 5327 1504 5360 ⁸⁰
1527 5326 1740 5381 Ταῦτα.
1773 5327 1894 5381 eod.
1927 5327 1962 5380 2

2016 5344 2133 5398 pra:

2246 5329 2409 5384 πάντα.
2487 5328 2529 5361 ⁸¹
2557 5329 2683 5392 "Oc.
2715 5326 2838 5398 cod.
2869 5326 2889 5378 1
2928 5325 3023 5398 ᾡς.
3055 5327 3146 5398 _“
3184 5326 3382 5398 Δίκας.
3427 5324 3482 5378 In
3512 5325 3634 5398 cod.
3676 5325 3813 5398 lpo-

566 5395 716 5448 nitur
743 5401 866 5462 post
886 5394 1179 5459 τοιούτους.
1255 5395 1586 5464 ⁸³Νηπίων.
1610 5396 1772 5452 Hebr.
2007 5390 2133 5468 repel

2311 5398 2358 5431 ⁸⁵
2393 5390 2747 5465 Ἑξησθξέσί
2774 5396 3016 5462 αὐτούς.
3055 5394 3185 5450 Rec.
3227 5396 3386 5448 lectio
3420 5403 3505 5448 est
3546 5390 3811 5460 ἐξουθένη-

567 5515 667 5572 σαν
700 5497 880 5572 αύτόν.
929 5498 1091 5572 Hebr.
1124 5485 1290 5565 mt'w
1327 5485 1592 5572 “suam.
1637 5503 1779 5572 Aqu.
1827 5467 2133 5558 ἐσκανδάλιε

2252 5503 2422 5572 αὐτὴν
2473 5503 2560 5556 ἐπ’
2606 5500 2825 5572 αὐτούς.
2870 5500 3080 5572 Symm.
3123 5499 3374 5572 πταίουσι
3428 5500 3556 5572 καθ’
3595 5496 3807 5572 ἑαυτῶν.

566 5569 612 5600 ⁸⁸
649 5569 769 5623 cod.
800 5569 824 5623 1
855 5570 1136 5640 ἐφιέμενα.
1167 5639 1170 5640 ν
1229 5573 1276 5602 ⁸⁸
1317 5572 1405 5626 Αἱ.
1453 5571 1575 5626 cod.
1618 5573 1638 5624 1

1703 5566 1889 5641 pram.
1921 5575 2036 5630 καί.
2129 5576 2133 5604 ¹

2249 5575 2298 5627 ἐ.
2334 5566 2500 5626 Abest
2533 5588 2559 5623 a
2592 5573 2713 5626 cod.
2746 5571 2800 5627 2.
2877 5566 2928 5602 ⁸⁵
2948 5571 3384 5641 Θορύϐουηοορ.
3411 5571 3458 5641 2
3489 5586 3673 5641 praui.
3708 5566 3805 5641 καί.

562 5640 612 5671 ⁸⁹
645 5636 1204 5712 Πλησθήονοόιταιρῆ.
1245 5641 1372 5712 Hae
1416 5641 1469 5712 in
1503 5642 1624 5712 cod.
1651 5643 1673 5695 l
1703 5636 2071 5712 'et2desu1it,
2112 5661 2133 5697 ι

2258 5643 2534 5698 adtextum
2581 5643 2854 5712 pertinere
2892 5636 3163 5712 videntur.
3235 5639 3286 5712 7”
3322 5636 3607 5712 rooze—
3631 5636 3807 5712 θυμοῖ.

565 5711 686 5785 cod.
718 5712 738 5761 l
773 5709 834 5763 τὸ
863 5708 1244 5785 1&p_écpo6ﬁ0q
1285 5711 1392 5772 πᾶς
1433 5709 1717 5785 ἀνθρωπος
1753 5711 1913 5785 τοῦτο
1969 5714 2135 5785 δηλοῖ.

565 5779 727 5836 habet
759 5779 1206 5851 παροινίμοεοτ.
1230 5788 1411 5836 tamen
1437 5779 1670 5836 lectione
1717 5781 1906 5836 altera.

2250 5714 2294 5746 θ’
2345 5713 2440 5767 Ἑν
2496 5703 2683 5780 περιν.
2722 5709 2850 5782 γάρ.
2887 5710 3006 5766 cod.
3053 5711 3189 5764 1ὃτι
3229 5711 3287 5763 ἐν
3320 5711 3590 5782 περινοίᾳ.
3626 5704 3737 5763 cod.
3779 5703 3816 5755 9-
