3850 6320
143 318 283 383 1383

139 532 725 609 ἐξομολογησάςθωσὸιν
775 558 857 595 σοι
912 543 1033 597 λαοὶ
1073 543 1277 611 πάντες
1328 546 1374 579 ⁷⁸
1402 586 1415 601 .
1474 548 1730 619 Εὐφραν-

142 624 389 698 θήτωσαν
458 631 554 685 καὶ
628 633 1083 701 ἀγαλλιᾶσθωσαν
1156 638 1285 711 ἔθνη
1310 653 1324 668 ο
1384 640 1469 695 δτι
1516 642 1562 675 ’³
1607 659 1729 713 κριο

140 720 251 783 νεϊς
287 719 453 785 λαοὺς
482 723 541 776 ὲν
575 723 854 796 εὐθύτητι,
913 730 1010 782 καὶ
1063 728 1191 801 έθνη
1228 732 1286 783 ἐν
1328 734 1395 803 τῇ
1429 735 1499 803 γῇ
1526 732 1728 806 ὁδηγή-

141 827 276 872 σεις.
314 830 334 863 ι
368 812 467 866 Διά
494 831 577 867 τοι
612 814 772 870 τοῦτο
820 820 1094 891 προσήκει
1122 820 1219 873 καὶ
1255 819 1421 886 λαοὺς
1453 822 1723 889 ἅπαντας,

138 902 233 955 καὶ
260 903 327 956 τὰ
361 905 504 959 κατὰ
538 906 642 977 τήν
658 908 994 980 οἰκουμένην
1024 910 1175 983 ἔθνη,
1202 912 1601 984 εὐφραίνεσθαι
1629 916 1727 970 καὶ

137 994 409 1065 χορεύειν,
441 997 535 1050 καὶ
564 997 665 1062 τὰς
725 1000 823 1064 σὰς
852 1002 1177 1073 εὐεργεσίας
1202 1004 1482 1072 διεξιέναι.
1516 1007 1726 1073 Ἔγνω·

139 1103 239 1138 σαν
269 1087 378 1160 γὰρ
405 1089 488 1143 ὅτι
516 1089 563 1122 ⁸⁸
592 1091 748 1145 οὐδὲν
788 1092 897 1148 τῶν
950 1094 1124 1149 ὅντων
1163 1097 1537 1168 ἀτημέλητον,
1600 1099 1725 1154 οὐδὲ

139 1177 582 1247 ἀκηδεμόνευτον
614 1182 659 1214 ⁸⁸
687 1197 700 1211 ⁸
742 1183 881 1238 ἀλλὰ
922 1186 1141 1240 πάντων
1182 1189 1454 1259 ὑπάρχεις
1503 1190 1720 1262 κριτὴς,

135 1266 357 1333 δικαίας
388 1271 708 1342 υὲκφέρων
771 1276 871 1339 τὰς
924 1276 1179 1348 ψήφους·
1227 1280 1321 1333 καὶ
1358 1280 1569 1351 ὁδηγῶν
1623 1282 1724 1352 μὲν

134 1362 264 1423 τοὺς
294 1362 690 1432 πλανωμένους
714 1368 855 1439 πρὸς
903 1369 1002 1440 τήν
1031 1371 1313 1442 ἀλήθειαν,
1344 1374 1476 1437 τοὺς
1514 1374 1572 1428 δὲ
1603 1375 1724 1429 πεί-

137 1453 326 1510 θεσθαι
361 1455 436 1527 μὴ
472 1456 835 1528 βουλομένους
880 1460 1142 1525 κολάζων.

207 1546 283 1612 ς’.
322 1568 342 1602 ι
376 1549 1007 1622 Ἐξομολογησάτθωσαν
1060 1570 1144 1607 σοι
1198 1555 1341 1620 λαοὶ,
1383 1557 1411 1610 6
1455 1556 1610 1623 Θεὸς,
1643 1557 1724 1624 ἐξ·

135 1639 675 1711 ομολογησάσθωσάν
700 1643 921 1699 σοιλαοὶ
951 1646 1172 1709 πάντες.
1215 1665 1233 1696 ι
1271 1647 1385 1716 Οὐχ
1407 1648 1594 1712 ἁπλῶς
1622 1649 1721 1719 τὴν

130 1732 494 1801 ταυτολογίαν
538 1734 821 1788 τέθεικενο
872 1735 1009 1791 ἀλλὰ
1077 1736 1523 1809 προθυμοτέρους
1591 1740 1722 1805 τοὺς

130 1824 437 1923 exedet/ra;
482 1828 973 1923 spy—agdpsvogl“
1002 1831 1098 1923 καί
1152 1831 1390 1896 δεικνὺς,
1437 1833 1520 1887 ὅτι
1557 1831 1720 1897 αὐτός
1754 1868 1796 1923 Β

131 1917 254 1969 ἐστι
278 1916 413 1982 Θεὸς
439 1917 535 1971 καὶ
563 1917 756 1990 Σωτὴρ
783 1918 1095 1993 ἁπάντων.]

208 2005 276 2071 ζ’.
305 2007 380 2078 Γῆ
431 2007 603 2062 ἔδωκε
654 2009 748 2064 τὸν
801 2009 1014 2082 καρπὸν
1046 2010 1241 2080 αὐτῆς.
1271 2029 1291 2064 ι
1332 2010 1449 2066 οὐκ
1501 2011 1583 2067 ἔτι
1610 2013 1722 2085 γὰρ

127 2101 427 2169 ἀγνοοῦσιν
455 2103 505 2155 οἱ
543 2101 603 2169 ἐξ
635 2104 808 2176 αὐτῆς
848 2105 939 2159 τὸν
978 2106 1070 2159 ἐπὶ
1100 2105 1321 2159 πάντων
1359 2104 1495 2159 Θεόν
1515 2122 1530 2138 ο
1557 2104 1617 2171 ὃς
1650 2107 1722 2173 ⁸⁸,

130 2193 287 2247 κατὰ
302 2193 395 2248 τὸν
412 2195 725 2265 Προφήτην,
748 2215 768 2248 ι
791 2195 982 2268 ἐξεῦρε
1016 2198 1196 2252 πᾶσαν
1224 2198 1343 2252 ὁδὸν
1369 2198 1682 2271 ἐπιστήμης
1705 2216 1721 2233 ο

132 2285 285 2357 μετὰ
338 2286 498 2342 τοῦτο
520 2287 567 2321 ⁸⁵
594 2290 687 2344 ἐπὶ
713 2293 819 2362 γῆς
868 2289 1052 2364 ὤφθη,
1088 2293 1184 2347 καὶ
1211 2293 1271 2346 ὲν
1309 2292 1358 2326 ⁸⁸
1381 2295 1494 2357 τοίς
1521 2292 1729 2366 ἀνθρώ-

125 2394 260 2442 ποις
283 2383 702 2454 συνανεστράφη
721 2399 767 2435 ·›
790 2375 852 2438 οὗ
877 2384 942 2456 δὴ
981 2385 1141 2458 χάριν
1173 2386 1239 2452 ⁸⁷,
1269 2385 1363 2441 τὸν
1382 2386 1603 2459 ἥδιστον
1629 2388 1726 2442 αὐ-

122 2469 216 2541 τῷ
243 2472 620 2543 προσφέρουσι
645 2473 746 2546 τῆς
775 2477 1061 2543 εὐσεϐείας
1087 2480 1322 2551 καρπόν.

216 2692 236 2725 ι
274 2674 583 2747 Εὐλογήσαι
619 2678 769 2748 ἡμᾶς
794 2678 823 2733 6
859 2676 993 2742 Θεὸς
1013 2719 1029 2745 ,
1060 2680 1089 2733 6
1115 2679 1250 2744 Θεὸς
1311 2683 1471 2753 ήμῶν
1500 2684 1568 2738 ⁸⁸.
1604 2682 1725 2758 [η⁹.]

124 2767 449 2837 Εὐλογήσαι
504 2771 650 2839 ἡμᾶς
679 2771 746 2827 ⁸⁸.
788 2789 810 2824 ι
858 2771 1070 2843 Ὠσπερ
1095 2772 1177 2838 δίς
1204 2774 1251 2809 θ’
1280 2775 1349 2829 τὰ
1399 2775 1530 2847 ἔθνη
1589 2778 1729 2849 πρὸς

123 2859 419 2931 ὑμνῳδίαν
447 2860 743 2933 διήγειρεν,
775 2863 918 2917 οὕτω
941 2864 1026 2930 δὶς
1055 2866 1241 2930 αὐτοῖς
1269 2866 1370 2938 τὴν
1400 2868 1655 2936 εὐλογίαν
1679 2869 1723 2901 ⁵⁸

122 2953 412 3024 ἐζήτησεν
445 2954 513 3009 ⁹¹.
545 2954 759 3010 Είδέναι
790 2956 979 3027 μέντοι
1023 2959 1314 3028 προσήκει,
1347 2958 1424 3023 ὡς
1451 2958 1731 3028 εὐλογοῦν-

121 3064 233 3108 τες
288 3045 567 3117 ἄνθρωποι
611 3047 705 3108 τὸν
736 3049 893 3114 Θεὸν,
922 3049 1116 3119 λόγους
1158 3051 1309 3121 αὐτῷ
1357 3052 1728 3123 προσφέρουσι

126 3135 366 3207 μόνους,
397 3136 543 3208 ἔργῳ
572 3138 632 3193 δὲ
675 3139 842 3193 αὐτὸν
878 3141 1241 3212 εὐεργετῆσαι
1270 3142 1330 3195 οὐ
1373 3142 1626 3198 δύνανται
1650 3160 1665 3174 ·
1699 3145 1729 3197 6

118 3204 198 3283 δὲ
234 3229 369 3294 Θεὸς
399 3204 660 3299 etiam»
711 3232 922 3303 βεϐαιοῖ
960 3204 1087 3298 τούς
1118 3204 1164 3269 δ³
1190 3234 1382 3305 λόγους
1429 3237 1509 3305 τῷ
1557 3236 1725 3307 ἔργῳ.
1754 3204 1802 3266 C

119 3322 241 3376 καὶ
271 3323 635 3377 παντοδαπῶν
665 3324 887 3392 ἀγαθῶν
920 3325 1152 3398 παρέχει
1179 3330 1293 3391 τοῖς
1313 3328 1728 3397 εὐλογουμένοις

123 3415 345 3484 φοράν.
365 3413 499 3468 Εἶτα
527 3415 770 3470 διδάσκει
799 3415 917 3481 πῶς
939 3416 1161 3471 δυνατὸν
1185 3418 1284 3489 τῆς
1306 3418 1460 3482 Θείας
1480 3418 1733 3488 εὐλογίας

120 3508 354 3576 τυχεῖν.
397 3526 416 3560 ι
448 3508 561 3561 Καὶ
589 3507 987 3578 φοϐηθήτωσαν
1016 3508 1180 3562 αὐτὸν
1211 3510 1389 3565 πάντα
1418 3510 1489 3564 τὰ
1518 3511 1734 3582 πέρατα

121 3597 249 3667 τῆς
285 3595 412 3667 γῆς.
447 3616 467 3651 ι
514 3598 577 3652 Ὀ
606 3597 708 3670 μὲν
740 3599 789 3632 ⁸⁸
812 3598 918 3670 γὰρ
957 3598 1204 3663 εὐλαϐῶς
1236 3600 1368 3672 περὶ
1391 3600 1519 3665 τοὺς
1556 3600 1735 3665 θείους

121 3688 499 3760 διακείμενος
523 3688 748 3759 νόμους,
771 3689 869 3744 καὶ
900 3690 963 3744 τὸ
994 3689 1187 3762 μέλλον
1209 3693 1504 3763 δειμαίνων
1531 3693 1577 3728 ³³
1606 3710 1735 3762 κρι-

122 3781 363 3852 τήριον.
394 3780 481 3835 διὰ
504 3783 606 3853 τῆς
628 3781 841 3839 τούτων
861 3782 1110 3854 φυλακῆς
1132 3784 1228 3839 τὸν
1248 3784 1385 3839 Θεὸν
1404 3784 1700 3856 θεραπεύει
1714 3800 1731 3817 ο

122 3875 176 3945 ἡ
216 3872 275 3925 δὲ
306 3872 426 3928 θεία
456 3874 724 3947 θεραπεία
750 3874 851 3947 τὴν
876 3874 924 3908 ⁹⁶
951 3875 1206 3946 εὐλογίαν
1243 3879 1568 3949 προσφέρει.
1624 3877 1737 3933 Καὶ

122 3962 290 4018 αὐτὸ
317 3964 499 4017 τοίνυν
518 3964 581 4017 τὸ
605 3964 761 4030 τέλος
786 3965 892 4020 οὐκ
931 3965 1227 4032 Ἰουδαίοις,
1260 3967 1399 4021 ἀλλὰ
1436 3969 1605 4021 πᾶσιν
1638 3966 1736 4022 ἀν-

123 4051 401 4124 θρώποις
425 4053 517 4107 τὸν
548 4053 694 4108 θεῖον
722 4053 867 4125 ἔχειν
892 4056 1230 4127 εἰσηγήσατο
1259 4056 1424 4126 φόϐον
1446 4072 1460 4088 ο
1487 4057 1581 4111 καὶ
1610 4074 1740 4111 παι-

121 4141 301 4197 δεύει
331 4142 408 4206 ὡς
434 4143 598 4207 αὐτός
618 4145 767 4200 ἔστιν
784 4147 814 4198 6
845 4145 979 4209 Θεὸς
1011 4145 1190 4216 ήμῶν,
1214 4147 1243 4199 6
1269 4147 1371 4218 τὴν
1401 4146 1737 4218 σωτηρίαν*Π

121 4232 267 4287 τῶν
333 4233 703 4291 πιστευόντων
734 4235 781 4269 ⁸⁸
816 4238 1414 4308 πραγματευσάμενος.
1474 4238 1739 4309 Δίσχυνέ-

129 4324 379 4379 σθωσαν
400 4326 450 4379 οἱ
476 4325 868 4392 δυσσεϐοὖντες
883 4329 1173 4399 αίρετικοὶ,
1199 4330 1296 4384 καὶ
1321 4330 1396 4402 μὴ
1416 4330 1741 4401 ὁμολογοῦν-

120 4431 251 4478 τες
278 4414 443 4469 αὐτὸν
470 4416 607 4470 Θεὸν
629 4419 696 4472 ὲκ
732 4416 892 4485 Θεοῦ,
934 4420 1028 4473 τὸν
1052 4421 1098 4453 ⁹⁹
1134 4423 1402 4494 μονογενῆ
1453 4422 1531 4494 τῷ
1568 4424 1742 4494 Πατρὶ

1307 400 1325 409 -
1476 342 1557 403 IN
1606 346 1815 409 PSAL.
1839 350 2037 414 LXVI.

211 440 274 501 δ’.
300 447 365 541 ε’.
430 460 451 495 ι
487 444 1151 541 ⁸’ξνξομολογσιισιῑισθωσάν
1182 468 1265 506 σοι
1319 454 1466 522 λαοὶ,
1521 456 1550 509 6
1578 455 1709 520 Θεὸς

1910 459 2074 519 Vsus.
2115 465 2170 531 4,
2208 466 2261 521 5.
2295 483 2315 513 α
2354 466 2733 527 Conﬁteantur
2776 471 2872 527 tihi
2907 468 3114 541 populi,
3152 483 3187 524 ο
3235 444 3414 526 Deus.

3278 357 3418 424 1376

1835 554 2205 611 conﬁteantur
2227 558 2322 613 tibi
2356 560 2540 629 populi
2572 576 2785 616 omnes.
2818 560 3120 622 Laetentur,
3151 566 3206 613 et
3236 559 3419 613 exsul-

1833 655 1949 700 tent
1982 657 2192 716 gentes,
2229 653 2487 718 quoniam
2518 653 2736 720 judicas
2769 653 3003 722 populos
3041 650 3095 705 in
3136 651 3418 719 aequitate,

1829 748 1885 793 et
1910 747 2103 810 gentes
2139 742 2191 794 in
2225 751 2369 797 terra
2397 744 2611 814 dirigis.
2654 764 2672 797 ι
2706 743 2999 811 PrOpterea
3033 742 3310 808 convenit,
3358 751 3418 795 ut

1830 846 2023 886 omnes
2064 834 2269 902 populi,
2308 845 2362 888 et
2411 844 2619 904 gentes,
2677 851 2798 906 quae
2848 850 2947 905 per
2996 842 3168 889 totum
3224 833 3414 887 orbem

1829 932 1983 985 sunt,
2018 923 2273 978 laetentur
2300 932 2349 979 et
2388 926 2711 994 tripudiant,
2756 937 2956 996 tuaque
2991 926 3256 981 beneﬁcia
3289 940 3416 978 nar-

1829 1021 1972 1068 rent.
2026 1011 2417 1082 Cognoverunt
2462 1016 2633 1080 enim,
2690 1017 2824 1070 nihil
2871 1031 3062 1071 eorum
3111 1032 3233 1084 qua:
3263 1018 3414 1078 sunt,

1830 1103 2138 1172 neglectum
2167 1114 2221 1159 et
2253 1106 2372 1160 sine
2400 1121 2531 1160 cura
2559 1121 2683 1161 esse
2712 1124 2725 1159 :
2760 1108 2855 1161 sed
2888 1115 2940 1160 te
2975 1108 3222 1159 omnium
3257 1104 3413 1176 judi-

1827 1211 1946 1253 cem
1966 1198 2254 1262 exsistere,
2284 1199 2378 1268 qui
2404 1197 2585 1266 justas
2616 1198 2921 1253 sententias
2951 1197 3297 1267 pronuntias.
3330 1204 3415 1250 at-

1827 1304 1935 1357 que
1972 1298 2223 1345 errantes
2251 1291 2319 1345 ad
2356 1293 2640 1345 veritatem
2682 1291 2981 1355 convertis,
3031 1291 3257 1345 credere
3284 1304 3415 1344 vero

1827 1383 2076 1437 nolentes
2108 1384 2391 1454 suppliciis
2418 1382 2610 1440 alﬁcis.

1896 1560 2066 1617 Vsus.
2092 1561 2150 1616 6.
2177 1580 2196 1614 ι
2234 1560 2615 1617 Conﬁteantur
2646 1559 2746 1615 tibi
2781 1559 2987 1629 populi,
3020 1575 3054 1613 ο
3088 1558 3249 1623 Dens,
3283 1572 3417 1611 cun-

1824 1652 2087 1707 titeantur
2120 1651 2214 1705 tibi
2251 1651 2436 1721 populi
2468 1665 2681 1705 omnes.
2718 1669 2741 1703 ι
2785 1648 2902 1705 Non
2926 1657 3131 1704 temere
3158 1646 3412 1701 eumdem

1824 1759 2134 1800 sermonem
2187 1744 2425 1812 repetiit,
2486 1744 2581 1799 scd
2628 1743 2907 1797 auditores
2956 1742 3253 1796 alacriores
3289 1738 3414 1792 red-

1824 1837 1952 1892 dere
2005 1834 2317 1908 [simulque
2370 1835 2659 1891 ostendere
2740 1833 2933 1902 voluit,
2988 1833 3241 1888 eumdem
3292 1845 3421 1887 esse

1824 1926 1996 1983 Deum
2032 1936 2086 1982 et
2122 1924 2459 1981 Salvatorem
2491 1925 2822 1997 omnium.]‘

1903 2012 2066 2069 Vnus.
2102 2014 2159 2068 7.
2197 2033 2216 2066 ι
2258 2012 2431 2069 Terra
2475 2013 2629 2068 dedit
2675 2012 2917 2068 fructum
2966 2026 3153 2067 suum.
3192 2029 3212 2063 ι
3245 2012 3268 2034 ‘
3297 2009 3415 2065 Non

1827 2107 1974 2162 enim
2017 2108 2255 2177 amplius
2293 2107 2548 2162 homines
2593 2121 2659 2160 ex
2708 2115 2853 2161 terra
2900 2105 3014 2161 uati
3054 2103 3266 2184 Deum,
3319 2103 3417 2174 qui

1825 2199 2083 2254 omnibus
2129 2207 2346 2269 praeest,
2385 2199 2656 2269 ignorant,
2689 2195 3128 2269 qui,secundum
3173 2195 3416 2265 Prophe-

1826 2298 1960 2357 tam,
2001 2308 2020 2342 ι
2060 2290 2265 2346 invenit
2288 2305 2505 2347 omnem
2538 2291 2681 2345 viam
2735 2288 2978 2346 scientiae
3011 2304 3026 2340 :
3061 2287 3306 2357 posthaec
3358 2286 3414 2339 in

1827 2381 1989 2437 terris
2048 2380 2204 2437 visus
2257 2389 2378 2445 est,
2433 2391 2647 2437 etcum
2693 2379 3010 2436 hominibus
3056 2385 3415 2451 conversatus

1825 2483 1909 2529 est
1933 2481 1981 2528 °.
2016 2492 2037 2526 ι
2077 2473 2287 2530 Idcirco
2330 2473 2717 2531 dulcissimum
2765 2472 2986 2543 pietatis
3041 2469 3254 2541 1053
3295 2470 3417 2523 l'ru-

1827 2573 1977 2623 ctum
2019 2565 2095 2620 illi
2130 2566 2381 2622 offerent.

1904 2702 1924 2735 ι
1960 2682 2250 2738 Benedicat
2294 2681 2456 2737 nobis
2492 2678 2828 2743 Deus.Dens
2862 2687 3071 2734 noster.
3108 2675 3298 2749 Ufens.
3331 2672 3413 2746 8.]

1830 2774 2122 2830 Benedicat
2150 2775 2312 2829 nobis
2341 2772 2508 2829 Deus.
2550 2791 2568 2825 ι
2604 2771 3082 2839 Quemadmodum
3119 2768 3203 2824 bis
3224 2778 3416 2838 gentes

1829 2866 1895 2921 ad
1948 2866 2183 2937 hymnos
2226 2867 2503 2921 canendos
2548 2864 2843 2928 excitavit,
2893 2862 3084 2918 eodem
3137 2860 3298 2913 modo
3328 2857 3417 2912 his

1828 2956 2261 3011 benedictionem
2296 2957 2406 3012 illis
2427 2957 2746 3026 postulavit.
2782 2954 3077 3011 Sciendum
3102 2960 3185 3007 est
3207 2958 3415 3012 autem,

1830 3049 1974 3118 quod
2012 3049 2265 3105 homines
2312 3048 2422 3104 Deo
2452 3048 2860 3113 benedicentes,
2896 3046 3062 3101 verba
3096 3050 3305 3097 tantum
3338 3041 3416 3095 illi

1832 3143 2083 3209 oﬁ‘eraut,
2125 3141 2386 3211 operibus
2438 3157 2570 3196 vero
2608 3141 2676 3195 de
2716 3140 2812 3194 illo
2865 3139 3005 3193 bene
3061 3135 3259 3190 mereri
3308 3149 3417 3188 non

1833 3236 2049 3304 possint
2077 3250 2091 3288 :
2124 3233 2269 3288 Deus
2299 3243 2479 3288 autem
2526 3231 2875 3293 benedicens,
2921 3241 3205 3284 sermones
3239 3222 3420 3294 Operi-

1831 3327 1937 3382 bus
1967 3324 2276 3390 conﬁrmat,
2295 3334 2350 3380 et
2379 3325 2560 3380 omnis
2581 3323 2797 3396 generis
2819 3321 3089 3375 bonorum
3117 3317 3416 3371 ubertatem

1831 3419 2137 3475 benedictis
2172 3420 2397 3489 praebet.
2441 3416 2649 3473 Deinde
2692 3415 2875 3480 docet,
2931 3411 3209 3482 quomodo
3248 3407 3420 3479 possit

1833 3510 2021 3567 divina
2048 3509 2360 3565 benedictio
2381 3508 2638 3565 obtineri.
2671 3526 2688 3558 ι
2719 3505 2786 3560 Ει
2808 3514 3057 3560 metuant
3081 3518 3204 3557 eum
3227 3514 3419 3555 omnes

1835 3602 1975 3659 ﬁnes
2006 3611 2187 3658 terrae.
2221 3620 2240 3654 ι
2274 3600 2379 3667 Qui
2409 3601 2555 3656 enim
2587 3600 2843 3668 religiose
2873 3612 2999 3667 erga
3032 3595 3247 3649 divinas
3275 3593 3420 3662 leges

1835 3692 2070 3750 affectus
2116 3703 2221 3755 est,
2256 3691 2616 3760 futurumque
2662 3687 2932 3758 judicium
2978 3692 3273 3753 exspectat,
3323 3695 3421 3751 per

1840 3786 2032 3842 harum
2085 3783 2520 3841 observationem
2575 3779 2746 3835 Deum
2784 3779 2955 3834 colit:
2988 3776 3207 3830 divinus
3235 3765 3418 3827 autem

1837 3880 2020 3935 cultus
2050 3874 2488 3932 benedictionem
2539 3881 2819 3941 operatur.
2870 3868 2995 3938 lpse
3030 3866 3192 3937 igitur
3219 3862 3420 3919 Psalmi

1838 3972 1969 4028 ﬁnis
2008 3987 2117 4026 non
2156 3968 2375 4023 Judazos
2423 3967 2624 4032 solum,
2668 3964 2763 4020 sed
2815 3978 3005 4018 omnes
3055 3960 3307 4015 homines
3337 3959 3422 4012 in-

1838 4064 2024 4125 struit,
2079 4070 2135 4117 ut
2191 4060 2437 4115 divinum
2492 4058 2742 4112 timorem
2796 4054 3050 4116 habeant,
3090 4062 3145 4107 et
3180 4050 3422 4106 declarat

1840 4157 2020 4229 ipsum
2049 4169 2173 4209 esse
2205 4152 2374 4207 Deum
2407 4160 2676 4215 nostrum,
2728 4148 2820 4218 qni
2850 4147 3080 4202 salutem
3110 4145 3200 4209 iis,
3245 4143 3337 4214 qui
3365 4143 3422 4196 in

1842 4266 1968 4304 eum
1999 4247 2252 4313 credunt,
2286 4245 2646 4316 comparavit.
2687 4242 3027 4297 Erubescant
3051 4239 3288 4294 haeretici
3316 4238 3421 4292 im-

1844 4343 1930 4412 pie
1953 4349 2196 4413 agentes,
2236 4348 2290 4394 et
2332 4339 2555 4394 minime
2586 4337 2908 4397 conﬁtentes
2945 4335 3120 4405 ipsum
3159 4332 3326 4387 Deum
3356 4346 3421 4385 ex

1847 4436 1976 4501 Deo,
2017 4429 2354 4501 unigenitum
2411 4431 2586 4486 Patris
2642 4428 2843 4483 Filium
2889 4435 3016 4481 ante
3063 4425 3284 4488 saecula,
3330 4423 3423 4493 qui

123 4505 295 4560 Υιὸν
347 4507 697 4578 προαιώνιον,
756 4508 851 4564 τὸν
906 4511 1072 4565 αὐτὸν
1122 4512 1210 4568 ὲπῗ
1238 4513 1486 4583 ἑσχάτων
1515 4514 1717 4586 ήμεριῑύ⁴

1845 4524 2156 4581 novissimis
2182 4524 2375 4579 diebus
2408 4523 2524 4592 ipse
2541 4520 2718 4576 Filius
2745 4519 2990 4574 hominis
3019 4516 3197 4573 factus
3227 4513 3425 4569 estim-

123 4597 293 4654 Υἱὸν
319 4599 611 4671 ἀνθρώπου
642 4603 943 4673 γενόμενον
983 4604 1298 4677 ἀτρέπτως,
1318 4606 1395 4670 ὥς
1423 4624 1625 4679 φαμεν,
1660 4608 1710 4662 δι

1837 4618 2193 4685 mutabiliter,
2227 4627 2286 4673 ut
2314 4617 2575 4683 dicimus,
2603 4615 2674 4670 ob
2707 4614 2991 4669 hominum
3024 4611 3282 4666 salutem.

114 4689 256 4764 τὴν
283 4692 397 4747 τῶν
425 4693 735 4765 ἀνθρώπων
761 4697 1064 4771 σωτηρίαν.

188 4877 215 4902 ⁸
246 4866 493 4926 Baruch.
533 4887 620 4937 ut,
652 4872 746 4931 58.

1269 5034 1506 5093 VARM!
1545 5032 1929 5092 LECTIONES
1965 5033 2056 5089 ET
2082 5030 2322 5090 NOTAE.

226 5152 286 5189 "
324 5154 553 5228 Πάντες
586 5159 760 5215 cod..l
818 5159 945 5216 add.
992 5161 1106 5217 ἰδοὺ
1168 5161 1265 5219 καὶ
1310 5161 1477 5216 πάλιν
1549 5162 1643 5216 τὸν
1713 5160 1878 5217 αὐτὸν
1955 5159 2089 5214 Θεὸν
2171 5159 2265 5212 καὶ
2339 5155 2438 5228 οὐχ
2494 5156 2708 5228 ἕτερον
2744 5155 2805 5209 ἐν
2869 5153 3046 5228 ἑεέρῳ

3108 5153 3352 5210 διδάσκει
3400 5156 3432 5211 δ

115 5226 478 5299 προφήτης.
510 5228 647 5282 Εἶτά
689 5247 845 5299 φησι.
912 5232 1045 5286 Ecce
1089 5232 1279 5289 iterum
1328 5232 1568 5287 eumdem
1624 5233 1717 5287 Det

1846 5247 1950 5286 nou
2000 5247 2119 5285 vero
2173 5229 2341 5284 alium
2396 5224 2454 5281 in
2512 5224 3165 5299 aliogdocetAProplteta.
3232 5224 3433 5299 Deinde

113 5297 323 5353 dirit.
403 5299 447 5331 "
477 5299 629 5355 Ὅτι.
662 5297 787 5356 cdd.
814 5304 837 5357 l

118 5366 500 5435 κηδεμονίας
540 5370 721 5434 ἐκτός.

114 5508 230 5582 ⁸⁸-
244 5506 449 5582 ξΗμᾶς.
485 5513 605 5569 cod.
639 5512 675 5565 2
701 5514 827 5568 add.
857 5514 883 5568 6
906 5514 1058 5578 Θεὸς.
1134 5516 1181 5546 ⁹⁰
1207 5515 1327 5579 Δίς.
1357 5514 1478 5569 cod.
1511 5517 1533 5567 i
1568 5514 1656 5582 δή.

875 5318 1063 5372 prtem.
1097 5302 1248 5371 λέγει
1280 5303 1337 5356 δὲ
1364 5304 1458 5358 καὶ
1491 5305 1634 5368 τίνος
1655 5304 1866 5358 ἕνεκεν.

462 5386 500 5450 ες
540 5372 788 5450 ὲκτόςη-
834 5372 881 5406 ⁸⁸
907 5372 1165 5450 aptatae.
1200 5374 1324 5450 cod.
1356 5373 1390 5427 2
1413 5372 1764 5450 praemuni.

113 5438 295 5494 cod.
324 5437 346 5490 l
384 5440 577 5495 ταῦτα.
641 5442 701 5473 ’⁸⁸
729 5442 844 5498 Ἐν.
903 5444 1066 5499 Abest
1093 5437 1269 5499 a’cod.
1304 5444 1356 5497 Al.
1412 5437 1456 5476 ⁵⁷
1490 5439 1573 5498 Οὗ
1607 5443 1683 5511 δὴ

114 5508 230 5578 ,ξ
244 5506 449 5578 Ἡμᾶς.
485 5513 605 5569 cod.
639 5512 675 5565 2
701 5514 827 5568 add.
857 5514 883 5568 ὁ
906 5514 1058 5578 Θεὸς.
1134 5516 1181 5546 ⁹⁰
1207 5515 1327 5578 Δίς.
1357 5514 1478 5569 cod.
1511 5517 1533 5567 1
1568 5514 1656 5578 δή.

1837 5458 1912 5495 ιν.
1941 5438 2061 5494 cod.
2095 5439 2119 5491 l
2146 5438 2226 5492 διὸ
2253 5439 2338 5509 δή.
2409 5439 2455 5475 ⁸⁸
2483 5439 2545 5490 '0
2580 5438 2725 5503 Θεὸς

1837 5510 2137 5578 Sauariam
2176 5510 2299 5561 cod.
2322 5508 2378 5578 2.
2421 5508 2713 5577 ὑμνῳδίαν.

1942 5299 1990 5331 ⁸ο
2027 5302 2174 5353 Ὅτι.
2198 5300 2322 5355 cod.
2352 5300 2372 5351 1
2412 5299 2509 5361 ὡς.

1878 5371 1924 5403 ⁸³
1958 5371 2146 5424 Ecod.
2183 5369 2235 5424 1.

2602 5296 2648 5329 δι
2680 5295 3211 5364 Ἀκηδεμόνευτον.
3240 5298 3362 5352 cod.
3397 5298 3435 5352 2

2334 5368 2381 5400 ⁸⁸
2417 5371 2515 5434 Ὃς
2542 5398 2611 5410 --
2635 5366 2829 5435 χάριν.
2854 5365 2976 5420 Des.
3012 5367 3066 5421 in
3094 5365 3216 5420 cod.
3240 5366 3295 5419 2.
3383 5367 3432 5401 ⁸⁵

2748 5436 2936 5504 ἡμῶν.
2970 5436 3136 5491 Abest
3170 5451 3199 5488 a
3232 5438 3352 5491 eod.
3379 5437 3432 5493 1.

2792 5508 2837 5538 ⁹²
2859 5504 3205 5575 Ἐζήτησεν.
3237 5509 3360 5562 cod.
3403 5508 3430 5561 1

116 5574 464 5650 ἐξῄτησεν,
501 5599 665 5648 quam
699 5586 986 5639 lectionem
1016 5574 1299 5652 expressit
1324 5584 1542 5641 Carafa.
1611 5574 1659 5616 ⁵³
1696 5589 1717 5637 Ί

1837 5605 1842 5617 ι
1870 5609 1934 5652 -_--
1959 5574 2131 5652 ἔργῳ.
2167 5579 2288 5652 cini.
2311 5574 2697 5652 Quoielﬁyor;
2723 5577 2991 5652 r6_€p)'pv.
3068 5579 3115 5652 οξ
3138 5578 3287 5652 Μέν.
3318 5578 3436 5631 Ab-

118 5659 321 5726 (‘St-a
351 5654 472 5726 eo].
506 5654 560 5726 ‘l.
661 5655 707 5687 ’⁸
738 5656 1080 5726 Aemuler.
1123 5655 1244 5711 cod.
1282 5655 1300 5708 Ι
1342 5656 1647 5726 ἀναμένων,

120 5786 301 5845 καί.

1676 5647 1842 5723 quam
1878 5650 2167 5723 lectionem
2197 5648 2398 5723 (iurata
2430 5647 2639 5723 habuit.

122 5717 296 5795 καί.
389 5723 568 5779 "Kal
590 5754 663 5765 —
684 5716 1008 5795 σωτήριαν.
1036 5726 1165 5782 Des.
1197 5726 1250 5780 iu
1283 5726 1404 5783 cod.
1439 5716 1494 5783 ‘2.
1589 5716 1644 5758 ⁹⁸’
1670 5716 1717 5783 Π

1837 5722 2115 5778 θυόντων.
2149 5720 2271 5775 cod.
2310 5719 2336 5780 ι
2376 5732 2566 5788 ιπωω.
2598 5718 2677 5782 είς
2718 5716 2900 5773 αὐτόν.

2764 5646 2810 5679 ’⁸
2841 5646 2978 5715 Τήν.
3014 5647 3141 5701 cod.
3171 5647 3203 5699 τί
3238 5661 3432 5716 praem.

2764 5716 2900 5771 ὐτόν.
3004 5717 3053 5751 ³⁸
3088 5715 3373 5771 Tur-.de
3399 5716 3429 5769 ί

3204 5756 3222 5770 .
3242 5730 3372 5772 tot
