3884 6320
404 341 543 407 ιῑιειο
568 350 573 353 ·

1397 349 1887 410 ἹἮΕΟΒΟΗΕΤΙ
1914 351 2253 414 EPISCOPI
2286 355 2653 416 CYRENSIS

3526 351 3711 417 1401)·

399 480 575 536 nubes
630 481 867 551 pluviam
910 482 1153 551 epelago
1214 484 1452 552 Spiritus
1488 487 1662 541 sancti
1726 487 1976 541 haurien-

2089 466 2410 522 δασκαλικὸν
2447 470 2734 541 δεξάμενοι
2764 469 3033 541 χάρισμα,
3064 470 3317 540 καθάπερ
3347 469 3490 534 τινὲς
3520 470 3687 530 νεφέ-

401 584 507 636 tes.
549 573 920 644 irrigationem
956 574 1272 632 hominibus
1310 577 1565 633 afferunt.

474 834 640 889 Vens.
683 836 770 890 56.
809 858 827 889 ‹
856 837 1119 894 Mirabilis
1162 840 1303 898 Deus
1339 843 1390 895 in
1422 844 1625 897 sanctis
1664 846 1799 898 suis.
1829 865 1847 895 ι
1875 844 1982 898 Ca:-

403 929 504 980 teri
540 943 789 997 quoque,
837 931 1047 1000 inquit,
1113 947 1307 987 omnes
1367 935 1586 990 virtutis
1641 936 1867 990 studiosi
1914 937 1979 990 ad

400 1018 615 1073 divinas
655 1020 845 1075 laudes
879 1022 1239 1079 celebrandas
1277 1026 1562 1095 accingunt
1607 1026 1844 1096 sejuxta
1875 1026 1981 1081 Do-

401 1108 540 1162 mini
586 1125 801 1177 vocem,
858 1113 1170 1168 dicentem:
1214 1133 1232 1165 ι
1260 1114 1463 1170 Lucrat
1501 1117 1590 1171 lux
1644 1131 1822 1172 vestra
1888 1134 1983 1173 co-

400 1213 518 1253 ram
554 1201 892 1266 hominibus.
931 1214 989 1258 ut
1033 1205 1251 1259 videant
1291 1222 1454 1275 opera
1494 1218 1676 1263 vestra
1728 1211 1894 1274 bona,
1928 1220 1987 1277 et

399 1293 707 1360 gloriﬁcent
744 1293 959 1349 Patrem
994 1303 1007 1318 '
1037 1307 1278 1352 vestrum
1319 1299 1412 1366 qui
1452 1300 1680 1355 iricmlis
1708 1310 1794 1355 est
1824 1309 1984 1355 ἰδ-

408 1384 584 1442 εοεαε
603 1387 768 1442 Israel
794 1389 913 1457 ipse
942 1390 1094 1445 dabit
1116 1392 1374 1445 virtutem
1403 1401 1458 1447 et
1483 1392 1860 1448 fortitudinem
1886 1410 1981 1464 po-

398 1477 530 1544 pulo
568 1494 693 1533 suo.
725 1497 745 1530 ι
789 1478 907 1534 Non
937 1491 1140 1537 temere
1202 1494 1382 1537 autem
1444 1484 1545 1539 hoc
1606 1485 1726 1540 loco
1761 1484 1982 1541 Israelis

399 1571 671 1638 meminit,
703 1574 795 1628 sed
829 1575 1086 1645 quoniam
1129 1574 1325 1643 Jacob,
1354 1593 1480 1633 cum
1534 1576 1776 1635 Esauum
1821 1579 1982 1635 time-

397 1672 502 1731 ret,
543 1665 731 1721 divino
752 1676 941 1737 postea
977 1669 1179 1738 potitus
1219 1682 1536 1741 conspectu,
1589 1673 1981 1728 corroboratus

398 1765 502 1821 est,
547 1759 857 1828 mentisque
895 1759 1144 1816 timorem
1210 1762 1496 1819 discussit.
1572 1763 1741 1820 Docet
1798 1775 2019 1820 autem-

2088 559 2178 611 λαι
2220 561 2281 612 ὲκ
2313 560 2410 628 τῆς
2468 560 2564 614 τοῦ
2604 560 2875 628 παναγίου
2919 559 3237 629 [Ινεύματος
3274 559 3550 628 θαλάττης
3583 558 3685 610 τὸν

2092 650 2247 702 ὑετὸν
2275 649 2647 721 ἁνιμώμεναι,
2678 650 2777 722 τὴν
2794 650 3015 723 ἀρδείαν
3042 654 3155 715 τοῖς
3182 648 3493 720 ἀνθρώποις
3507 666 3687 721 προσ-

2089 743 2254 813 φέρου
2265 760 2334 798 τι.

2162 834 2269 899 λς’.
2332 853 2350 886 ι
2405 835 2730 906 Θαυμαστὸς
2773 840 2802 891 6
2852 838 2986 901 Θεὸς
3026 839 3085 891 ὲν
3132 838 3247 899 τοῖς
3274 834 3453 905 ἁγίοις
3481 835 3526 868 ⁶⁹
3577 834 3687 889 αὑ-

2088 926 2185 980 τοῦ
2213 927 2278 978 ".
2317 946 2335 978 ι
2376 927 2487 980 Καὶ
2518 927 2668 981 ἄλλοι
2694 928 2772 995 δὲ,
2825 930 3024 1000 φησὶν,
3059 930 3303 992 ἅπαντες
3332 927 3431 996 τῆς
3468 927 3682 998 ἀρετῆς

2092 1017 2322 1086 ἐρασταὶ
2386 1016 2478 1069 τὸν
2513 1016 2646 1070 Θεὸν
2684 1017 3040 1088 ὑμνεῖσθαιἨ
3074 1016 3630 1089 παρασκευάζουσιη
3657 1056 3676 1078 ,

2091 1111 2234 1162 κατὰ
2262 1109 2359 1180 τὴν
2390 1108 2482 1162 τοῦ
2516 1110 2724 1180 Κυρίου
2770 1110 2956 1181 φωνὴν
2984 1109 3084 1180 τὴν
3115 1110 3406 1178 λέγουσαν*
3450 1129 3470 1159 ί
3518 1112 3681 1178 Λαμφ

2087 1201 2247 1268 ψάτω
2302 1203 2363 1253 τὸ
2418 1201 2533 1269 φῶς
2590 1202 2746 1271 ὑμῶν
2803 1202 3118 1273 ἔμπροσθεν
3169 1200 3276 1255 τῶν
3327 1199 3677 1271 ἀνθρώπων,

2089 1292 2239 1353 ὅπως
2280 1291 2432 1345 ῐδωσι
2479 1290 2550 1344 τὰ
2580 1291 2719 1344 καλά
2762 1291 2900 1362 ἔργα
2931 1291 3086 1361 ὑμῶν
3108 1333 3119 1355 ,
3154 1292 3249 1344 καὶ
3279 1290 3546 1355 δοξάσωσι
3577 1290 3679 1341 τὸν

2090 1383 2309 1452 Πατέρα
2360 1382 2546 1452 ὑμῶν,
2593 1382 2688 1436 τὸν
2739 1384 2795 1435 ἐν
2842 1383 3110 1455 οὐρανοῖς.
3155 1400 3176 1435 ι
3230 1410 3300 1422 -
3344 1399 3363 1432 ι
3435 1382 3493 1433 '0
3536 1380 3679 1442 Θεὸς

2100 1476 2321 1547 Ἰσραὴλ
2374 1477 2538 1538 αὐτὸς
2572 1475 2733 1529 δώσει
2791 1477 3023 1547 δύναμιν
3071 1476 3165 1529 καὶ
3210 1475 3547 1546 κραταίωσιν
3590 1474 3678 1541 τῷ

2087 1568 2205 1641 λαῷ
2251 1568 2440 1622 αὑτοῦ.
2494 1589 2513 1622 ι
2565 1570 2678 1640 Ούχ
2713 1570 2901 1633 ἁπλῶς
2946 1570 3003 1623 δὲ
3041 1569 3273 1622 ἐνταῦθα
3307 1566 3403 1622 τοῦ
3451 1564 3675 1638 Ἰσραὴλ

2089 1663 2502 1734 ἐμνημόνευσεν
2530 1680 2543 1693 ·
2607 1662 2722 1716 ἀλλ’
2777 1662 2968 1733 ἐπειδὴ
3025 1662 3209 1724 δείσας
3242 1661 3270 1713 ὁ
3331 1658 3525 1714 Ἰακὼϐ
3573 1658 3678 1710 τὸν

2101 1755 2292 1822 Ἠσαῦ,
2337 1752 2456 1810 εἶτα
2488 1756 2590 1826 τῆς
2639 1756 2791 1819 θείας
2820 1754 3147 1824 ἐπιφανείας
3193 1752 3469 1819 ἀξιωθεὶς,
3504 1752 3677 1822 ἀνερ-

397 1864 501 1902 nos
540 1864 745 1913 sermo,
779 1866 927 1916 eum,
969 1852 1061 1922 qui
1093 1853 1244 1908 illum
1271 1853 1466 1910 I‘ortem
1493 1855 1757 1919 reddidit,
1800 1864 1853 1911 et
1876 1858 1976 1910 ini-

2089 1849 2294 1921 ρώσθη,
2335 1849 2432 1903 καὶ
2462 1849 2525 1902 τὸ
2554 1848 2674 1912 δέος
2707 1849 2810 1916 τῆς
2852 1847 3092 1911 διανοίας
3127 1844 3375 1913 ἐξέϐαλε.
3412 1844 3678 1897 Διδάσκει

398 1940 559 1995 micis
619 1942 958 2011 superiorem
999 1944 1201 2012 etl'ecit,
1249 1963 1449 2001 novum
1494 1964 1658 2002 suum
1717 1950 1979 2019 populum

399 2035 874 2103 conﬁrmaturum,
906 2047 959 2092 et
1003 2050 1255 2109 pacatum
1305 2051 1469 2111 atque
1518 2043 1784 2097 invictum
1852 2042 1983 2097 elle-

399 2137 639 2182 cturum.
689 2148 707 2181 ι
744 2128 1073 2190 Benedictus
1123 2131 1290 2187 Deus.
1325 2154 1342 2184 ι
1393 2133 1573 2205 [Cum
1599 2146 1781 2190 autem
1826 2138 1982 2192 audi-

396 2224 546 2277 veris
590 2231 646 2276 tu
682 2223 774 2292 qui
826 2224 1077 2279 discendi
1144 2227 1376 2296 cupidus
1434 2243 1515 2294 es,
1556 2228 1728 2283 Deum
1780 2231 1982 2299 saepius

398 2313 507 2368 dici
546 2329 693 2368 nunc
735 2315 941 2380 Deum,
972 2333 1118 2371 nunc
1148 2318 1483 2385 Dominum,
1522 2337 1669 2377 nunc
1730 2322 1981 2377 Salvato-

397 2420 539 2471 rem,
567 2424 633 2461 ne
670 2410 835 2462 alium
871 2426 996 2465 eum
1030 2412 1332 2468 existimes.
1369 2413 1485 2469 Non
1536 2415 1683 2469 enim
1722 2425 1825 2481 est,
1884 2433 1985 2471 nec

397 2505 562 2554 datur
603 2498 746 2556 Deus
791 2502 973 2568 allus,
1045 2520 1209 2573 quam
1251 2507 1401 2561 solus
1437 2506 1630 2571 Pater,
1696 2507 1869 2562 Filius
1918 2525 1983 2563 ac

399 2592 638 2661 Spiritus
664 2601 936 2650 sanctus:
969 2611 1073 2649 non
1107 2607 1287 2651 autem
1323 2599 1479 2668 quasi
1552 2609 1663 2654 tres
1703 2600 1816 2654 sint
1874 2599 1979 2669 Dii,

396 2683 575 2738 absit!
601 2695 662 2739 ut
699 2686 809 2756 jam
847 2689 1047 2758 saepius
1081 2690 1341 2745 diximus.
1384 2690 1617 2745 Nomina
1664 2692 1810 2747 enim
1853 2694 1978 2759 ista,

394 2772 566 2842 Deus,
595 2777 861 2833 Dominus
886 2818 899 2842 ,
951 2780 1063 2833 Rex
1094 2823 1109 2847 ,
1161 2781 1387 2836 Creator
1413 2826 1427 2849 ,
1490 2784 1851 2853 Omnipotens
1872 2771 1899 2850 ,’
1927 2795 1982 2839 et

395 2883 518 2937 qua:
568 2878 698 2922 sunt
736 2870 875 2937 alia,
922 2870 990 2925 de
1044 2872 1276 2928 indivisa
1320 2872 1583 2930 Trinitate
1632 2877 1847 2948 1076
1885 2892 1982 2933 su-

394 2962 685 3034 muntur.]
728 2960 878 3020 Finis
911 2968 1365 3022 accommodatus
1393 2978 1479 3023 est
1540 2970 1775 3039 psalmo.
1810 2967 1984 3041 Opor-

396 3052 550 3107 tebat
590 3056 734 3108 enim
773 3067 834 3110 ut
879 3066 1156 3113 tantorum
1198 3058 1466 3115 honorum
1517 3065 1762 3118 narratio
1793 3064 1978 3119 divina

396 3144 562 3199 laude
595 3147 1047 3204 concluderetur.
2005 3181 2050 3239 ρ

772 3264 1049 3321 INTERP.
1081 3266 1334 3322 PSALMI
1367 3268 1597 3326 LXVIII.

467 3377 638 3435 Vsus.
670 3381 722 3433 1.
754 3378 858 3434 «In
921 3381 1110 3434 ﬁnem.
1148 3379 1254 3435 Pro
1297 3381 1382 3437 his
1443 3381 1537 3451 qui
1596 3383 1971 3439 mutabuntur.

394 3469 654 3527 Psalmus
694 3470 907 3528 Davidi.
938 3492 956 3525 ι
998 3471 1368 3539 Quarumdam
1403 3490 1584 3529 rerum
1614 3475 1974 3531 mutationem

394 3563 647 3634 psalmus
670 3564 937 3634 praedicit.
996 3563 1184 3620 Dictus
1223 3566 1443 3635 quidem
1486 3575 1571 3621 est
1640 3566 1695 3619 in
1734 3566 1973 3631 Judzeos,

399 3657 495 3727 qui
539 3659 761 3716 exsules
784 3657 1057 3729 Babylone
1084 3667 1261 3722 erant,
1289 3668 1341 3713 et
1378 3674 1443 3712 ex
1484 3658 1701 3713 illorum
1742 3674 1975 3730 persona

394 3751 684 3821 ﬁguratus,
720 3760 979 3822 tanquam
1024 3750 1433 3824 deprecantium
1466 3792 1481 3816 ,
1517 3761 1570 3806 et
1609 3751 1827 3807 liberari
1879 3768 1976 3825 po-

396 3846 745 3905 stulantium.
796 3844 1183 3903 Verumtamen
1230 3846 1581 3913 vaticinatur,
1634 3855 1689 3901 et
1724 3861 1753 3901 a
1806 3847 1977 3902 servi-

395 3948 511 3994 tute
549 3938 959 4000 liberationem.
1029 3947 1081 3994 et
1143 3938 1407 4006 reditum,
1454 3949 1510 3994 et
1577 3939 1977 4012 Hierosolyma

393 4031 837 4095 aediﬁcationem,
866 4038 921 4086 et
963 4031 1017 4084 in
1052 4045 1268 4086 summa
1304 4031 1590 4101 pristinam
1642 4031 1847 4088 Judzeze
1900 4033 1977 4088 fe—

394 4126 683 4183 licitatem.
726 4123 983 4181 Continet
1022 4140 1154 4197 vero
1191 4125 1358 4179 etiam
1397 4125 1843 4182 vaticinationem
1909 4129 1978 4183 de

396 4215 734 4271 cruciatibus
767 4213 1089 4282 Dominicis,
1121 4215 1229 4270 hoc
1263 4225 1351 4271 est
1382 4214 1504 4287 [Dei
1562 4224 1617 4270 et
1665 4215 1973 4272 Salvatoris

397 4306 620 4380 nostri,]
651 4315 705 4362 et
735 4316 957 4377 propter
986 4306 1089 4361 Itos
1116 4306 1308 4361 ultima
1342 4303 1662 4362 Iudaeorum
1705 4308 1972 4379 pernicie,

395 4415 521 4470 quae
558 4415 653 4456 eos
676 4405 1011 4471 oppressura
1048 4407 1186 4453 erat.
1229 4397 1500 4464 Quoniam
1550 4399 1696 4454 enim
1730 4416 1853 4468 qua:
1906 4401 1977 4455 ab

395 4491 640 4547 inimicis
666 4491 907 4561 perpessi
954 4499 1108 4554 sunt,
1147 4490 1265 4544 haec
1308 4497 1500 4545 contra
1561 4489 1969 4546 benefactorem

2082 1943 2140 1997 δὲ
2163 1944 2209 1975 ⁷³
2237 1944 2388 2013 ἡμᾶς
2410 1944 2439 1996 6
2466 1942 2647 2011 λόγος,
2680 1943 2764 1995 ὅτι
2796 1943 2824 1995 6
2850 1942 3060 1994 ἐκεῖνον
3104 1940 3326 2012 ἰσχυρὸν
3350 1940 3672 2007 ἀποφήνας.

2084 2035 2177 2088 καὶ
2221 2034 2505 2106 κρείττονα
2536 2033 2716 2096 δείξας
2735 2033 2782 2063 ’⁷⁵
2814 2032 2921 2085 τῶν
2959 2031 3240 2101 δυσμενῶν
3264 2072 3280 2097 ,
3313 2030 3474 2093 αὐτὸς
3495 2030 3541 2061 ⁷⁸
3574 2029 3677 2082 τὸν

2084 2125 2204 2178 νέον
2225 2123 2393 2177 αὑτοῦ
2426 2122 2769 2195 κραταιὼσει
2820 2122 2972 2187 λαὸν,
3002 2124 3098 2176 καὶ
3125 2123 3341 2193 ἄμαχον
3371 2121 3677 2191 ἐργάσεται

2084 2221 2177 2272 καὶ
2205 2220 2465 2290 ἁήτητον.
2496 2235 2515 2268 ι
2549 2215 2857 2288 Εὐλογητὸς
2879 2218 2907 2270 6
2926 2216 3079 2280 Θεός.
3114 2234 3132 2267 ι
3160 2214 3401 2287 [⁷⁶“Λ).).’
3425 2213 3671 2277 ἀκούων,

2085 2311 2545 2382 φιλομαθέστατε,
2587 2311 2720 2363 Θεὸν
2767 2310 2861 2364 καὶ
2877 2309 3012 2364 Θεὸν
3061 2309 3327 2372 πολλάκις
3370 2307 3676 2380 εἰρημένον

2085 2403 2181 2456 καὶ
2215 2402 2420 2474 Κύριον
2451 2404 2545 2460 καὶ
2578 2403 2807 2475 Σωτῆρα
2832 2441 2846 2465 ,
2882 2400 2957 2473 μὴ
2992 2402 3149 2455 ἄλλον
3184 2401 3482 2472 ὑπολάϐῃς.
3526 2399 3677 2454 Οὐδὲ

2084 2495 2193 2565 γάρ
2240 2495 2424 2559 ἐστιν,
2458 2494 2558 2547 οὐκ
2588 2493 2735 2547 ἔστιν
2785 2495 2833 2547 εἰ
2874 2492 2949 2564 μὴ
2987 2493 3147 2563 μόνος
3178 2493 3368 2563 Πατὴρ
3399 2494 3490 2545 καὶ
3535 2491 3677 2554 Υἱὸς

2084 2588 2183 2641 καὶ
2232 2587 2388 2655 ἅγιον
2439 2586 2704 2657 Πνεῦμα·
2757 2585 2873 2640 ἀλλ’
2926 2586 2986 2640 ού
3044 2586 3290 2658 τριθεῒᾳ,
3337 2586 3553 2654 ἄπαγε·
3587 2584 3675 2650 ὡς

2084 2679 2345 2744 πολλάκις
2390 2680 2522 2750 ἡμῖν
2551 2680 2791 2751 εἴρηται.
2844 2680 2917 2734 Τὸ
2947 2679 3055 2752 γὰρ
3102 2679 3233 2743 Θεὸς
3263 2679 3435 2749 ὄνομα
3472 2679 3565 2733 καὶ
3602 2678 3675 2731 τὸ

2085 2770 2292 2842 Κύριος
2332 2772 2428 2824 καὶ
2474 2772 2536 2826 τὸ
2565 2772 2831 2835 Βασιλεὺς
2876 2773 2971 2825 καὶ
3000 2772 3061 2825 τὸ
3090 2771 3435 2843 Δημιουργὸς
3468 2771 3564 2825 καὶ
3598 2770 3674 2824 τὸ

2088 2863 2517 2937 Παντοκράτωρ,
2555 2868 2651 2919 καὶ
2680 2867 2782 2920 ὅσα
2808 2864 3059 2930 τοιαῦτα,
3089 2867 3181 2919 ἐπὶ
3208 2865 3306 2935 τῆς
3352 2863 3674 2934 ἀδιαιρέτου

2082 2954 2420 3025 λαμϐάνεται
2455 2956 2740 3028 Τριάδος.]
2806 2957 3091 3028 Ἀρμόδιον
3134 2956 3214 3027 τῷ
3245 2955 3443 3027 ψαλμῷ
3477 2954 3538 3008 τὸ
3569 2954 3675 3009 τέ-

2083 3048 2174 3111 λος
2196 3049 2267 3101 ⁷⁷.
2295 3048 2446 3103 Ἔδει
2475 3050 2584 3122 γὰρ
2606 3050 2716 3103 τῶν
2742 3051 3014 3105 τοσούτων
3039 3050 3260 3121 ἀγαθῶν
3290 3050 3388 3120 τὴν
3408 3049 3672 3118 διήγησιν

2084 3139 2240 3213 ὕμνῳ
2270 3140 2401 3213 θείῳ
2439 3142 2918 3215 συμπερανθῆναι.

2397 3257 2666 3312 EPMHN.
2708 3258 2845 3312 ΤΟΥ
2881 3257 2985 3311 ΞΙΙ¹
3024 3257 3341 3312 ΨΔΛΜΟΥ.

2154 3378 2225 3425 α’.
2267 3391 2286 3425 ι
2321 3374 2417 3436 Εἰς
2462 3372 2523 3425 τὸ
2556 3372 2741 3437 τέλος,
2772 3373 2915 3445 ὑπὲρ
2958 3373 3067 3427 τῶν
3099 3371 3616 3441 άλλοιωθησομένων
3645 3386 3665 3405 ο

2082 3466 2298 3536 ψαλμὸς
2325 3465 2405 3536 τῷ
2453 3465 2638 3520 Δαϐίδ.
2688 3486 2707 3518 ι
2763 3464 3073 3518 Ἀλι.οίωσίν
3119 3481 3281 3518 τινων
3315 3463 3672 3534 πραγμάτων

2082 3561 2110 3611 6
2162 3556 2381 3627 ψαλμὸς
2431 3557 2823 3627 προσημαίνει.
2871 3556 3101 3628 Εἴρηται
3145 3557 3245 3626 μὲν
3282 3557 3391 3626 γὰρ
3429 3556 3506 3617 είς
3532 3554 3671 3617 τοὺς

2084 3651 2163 3713 είς
2210 3648 2507 3703 Βαϐυλῶνα
2530 3649 2577 3682 ⁷⁸
2628 3650 2975 3719 μετανάστας
3001 3650 3046 3681 ⁷⁸
3099 3648 3392 3713 Ἰουδαίους
3417 3664 3431 3678 °
3487 3648 3582 3700 καὶ
3610 3643 3669 3680 ⁸⁸

2081 3740 2158 3804 ὡς
2178 3739 2222 3771 ⁸¹
2261 3738 2321 3804 ἐξ
2364 3739 2592 3793 ἐκείνων
2624 3739 3086 3811 προσευχομένων
3106 3776 3120 3796 .
3152 3738 3247 3792 καὶ
3274 3740 3374 3809 τὴν
3408 3737 3667 3792 ἀπαλλα-

2083 3829 2188 3899 γὴν
2243 3827 2580 3892 αἰτούντων,
2631 3826 3129 3898 ὲσχημάτισται⁸’.
3185 3824 3552 3896 Προθεσπίζει
3602 3822 3670 3875 δὲ

2082 3925 2233 3994 ὅμως
2265 3923 2361 3976 καὶ
2390 3922 2488 3991 τὴν
2543 3923 2643 3992 τῆς
2669 3921 2915 3984 δουλείας
2960 3918 3287 3990 ἀπαλλαγὴν
3311 3920 3382 3984 ⁸³,
3417 3920 3514 3972 καὶ
3559 3918 3669 3976 τὴν

2086 4012 2368 4067 ἐπάνοδον.
2405 4013 2501 4065 καὶ
2552 4012 2653 4081 τῆς
2696 4010 3051 4083 Ἰερουσαλὴμ
3092 4010 3194 4081 τὴν
3222 4008 3531 4080 οίκοδομὴν,
3562 4010 3669 4061 καὶ

2083 4101 2420 4167 ἁπαξαπλῶς
2442 4102 2489 4134 ⁸⁸
2537 4102 2639 4171 τῆς
2682 4102 2944 4166 Ἰουδαίας
2993 4102 3094 4172 τὴν
3129 4103 3402 4173 προτέραν
3454 4100 3668 4170 εὑημε-

2087 4192 2230 4262 ρίαν.
2290 4194 2446 4263 Ἔχει
2496 4192 2553 4246 δὲ
2610 4193 2708 4247 καὶ
2774 4194 3113 4265 προφητείαν
3167 4188 3275 4246 τῶν
3319 4190 3666 4246 δεσποτικῶν

2086 4283 2171 4355 [⁸⁸
2203 4283 2297 4337 τοῦ
2331 4283 2469 4337 Θεοῦ
2497 4284 2642 4352 λέγω
2667 4285 2762 4338 καὶ
2783 4286 3039 4358 Σωτῆρος
3062 4285 3219 4355 ἡμῶν
3240 4283 3260 4357 ]
3290 4281 3659 4353 παθημάτων,

2084 4378 2179 4428 καὶ
2226 4377 2330 4446 τῆς
2377 4376 2465 4429 διὰ
2508 4376 2684 4429 ταῦτα
2714 4377 3169 4449 καταληψομένης
3210 4376 3493 4438 Ἰουδαίους
3527 4391 3669 4427 παυς

2084 4466 2373 4539 ωλεθρίας.
2405 4467 2619 4538 Ἐπειδὴ
2640 4467 2750 4540 γάρ
2777 4466 2813 4521 ἃ
2843 4469 2992 4538 παρὰ
3016 4468 3127 4521 τῶν
3176 4467 3457 4537 δυσμενῶν
3476 4467 3523 4499 ⁸⁸
3557 4465 3669 4519 ὑπσ-

396 4591 451 4636 et
482 4557 821 4637 Salvatorein
869 4582 988 4636 ausi
1028 4579 1271 4645 fuerunt,
1304 4594 1427 4648 qua
1467 4579 1706 4633 inimicis
1766 4580 1969 4651 impre-

2089 4557 2519 4629 ἐμειναν,ταῦτα
2537 4560 2678 4614 κατὰ
2708 4560 2804 4613 τοῦ
2834 4560 3123 4630 εὐεργέτου
3144 4561 3189 4592 ⁸⁷
3217 4562 3309 4613 καὶ
3327 4557 3372 4591 ⁸⁸
3406 4559 3668 4630 Σωτῆρος

397 4670 684 4736 cabantur,
724 4672 839 4729 haec
879 4671 932 4724 in
972 4671 1122 4741 ipsos
1144 4669 1339 4738 'justus
1363 4668 1529 4738 judex
1570 4670 1829 4725 decrevit.

471 4973 496 5000 ‘
537 4963 725 5020 Matth.
759 4982 812 5030 ν,
839 4964 922 5017 16.

2082 4650 2423 4721 ἐτόλμησαν,
2473 4653 2511 4707 ἃ
2564 4654 2676 4716 τοῖς
2723 4652 2941 4723 ἐχθροῖς
2988 4655 3340 4724 ἐπηράσαντο
3361 4653 3441 4717 ⁸⁸,
3482 4650 3662 4707 ταῦτα

2084 4741 2204 4800 κατ’
2230 4739 2408 4795 αὐτῶν
2441 4743 2469 4794 6
2500 4741 2707 4811 δίκαιος
2736 4741 2930 4815 κριτὴς
2957 4741 3283 4813 ἐψηφίσατο.

1510 5165 1737 5223 νΑιιιίΕ
1770 5164 2149 5221 LECTIONES
2174 5167 2260 5221 ΕΤ
2284 5166 2511 5225 NOTAE.

472 5374 762 5442 οοἈτ-ίοις,
798 5374 930 5426 Rec.
962 5373 1120 5427 lectio
1142 5385 1227 5430 est
1248 5377 1433 5438 ὁσίοις-

1511 5376 1557 5406 ⁷⁰
1589 5375 2011 5448 Αὑτοῦηοούᾼ
2050 5377 2174 5431 add.
2210 5379 2237 5430 6
2270 5378 2403 5441 Θεὸς
2441 5380 2676 5448 Ἰσραήλ.

2756 5380 2797 5413 ⁷⁸
2851 5378 3217 5448 ’Υμνεῖσθαι.
3254 5376 3424 5431 εοίΙ.1
3467 5390 3666 5444 prtem.

395 5448 465 5503 δι’
498 5428 734 5499 αὖτ’ῶν.’
780 5444 827 5474 ⁷⁹
866 5443 986 5514 cod.
1036 5444 1056 5496 1
1102 5428 1623 5514 παρασκευάσουσι.
1646 5428 1659 5430 ἠ
1681 5447 1727 5477 ⁷³
1907 5428 1976 5499 Μ

2092 5428 2300 5502 ne:
2322 5428 2365 5500 't'
2382 5428 2473 5504 'ei
2489 5428 2686 5503 ’ἆξὛῦ
2725 5451 2847 5505 cod.
2880 5428 3309 5513 ἔᾏνάδέέξάςῖ
3363 5428 3421 5478 θέ
3443 5428 3668 5511 ista.

397 5518 517 5570 cod.
555 5515 578 5566 1
609 5516 734 5570 add.
766 5513 1215 5585 ἑνανθρωπήσαέ.

398 5593 717 5655 repetuntur
767 5589 868 5642 ista
921 5584 1214 5654 εὐλογητὸς
1264 5589 1293 5639 6
1344 5585 1499 5648 Θεὸς.

398 5662 564 5709 Abest
615 5671 643 5710 a
694 5659 814 5714 cod.
866 5655 918 5710 “2.
995 5656 1037 5686 ⁸¹
1094 5656 1209 5721 Ὡς.
1241 5657 1361 5709 cod.
1402 5655 1700 5718 Ιδικαίως.

397 5726 443 5756 ⁸⁵
496 5727 703 5793 Ἀπαξ.
756 5730 855 5785 cod
931 5729 965 5782 2
1019 5727 1260 5793 ἁπάσης·
1338 5726 1384 5756 ⁸⁸
1429 5726 1469 5777 Ε
1512 5725 1632 5778 C“d°
1685 5728 1701 5776 ¹
1762 5740 1896 5794 sum)

398 5800 522 5853 cod.
553 5799 575 5854 I
617 5816 803 5870 praem.
839 5797 1134 5869 νομοθέτου
1156 5796 1269 5848 καί.

1294 5515 1420 5587 "Alﬁ
1455 5518 1576 5570 cod.
1604 5516 1654 5569 I.
1685 5515 1928 5571 Similem
1967 5517 1976 5569 Ι

2094 5533 2143 5569 ιη
2179 5519 2285 5571 νίιΙ.
2323 5534 2486 5585 ευιιτο
2516 5535 2568 5587 p.
2618 5520 2778 5582 ‘IOI‘S,
2816 5537 2873 5573 η.
2909 5520 2965 5573 2.
3041 5522 3084 5552 ⁷⁷
3130 5518 3331 5583 Τέλος.
3373 5516 3595 5587 Introd.
3644 5519 3663 5571 I

1581 5587 1626 5617 ⁷⁸
1666 5588 1786 5640 Cod.
1824 5587 1857 5637 2
1905 5588 1964 5636 ἐν
2013 5586 2315 5641 Βαϐυλῶνι.
2393 5591 2436 5621 ⁷⁹
2505 5586 2626 5646 Cod.
2680 5592 2700 5643 1
2740 5602 2792 5644 el
2825 5592 2859 5643 2

2896 5590 3358 5658 μεταναστάντας.
3435 5585 3482 5617 ⁸⁸
3524 5588 3668 5641 Καί.

1776 5656 1822 5687 ⁸²
1863 5656 1976 5709 cod.

2091 5657 2509 5726 ἐσχημάτισεν.
2587 5662 2633 5692 ⁸³
2686 5655 2929 5714 Ἀπαλλ.
2971 5660 3093 5714 cod.
3145 5660 3164 5711 I
3212 5673 3395 5725 praem.
3452 5659 3666 5711 αὐτῶν,

2089 5724 2191 5797 lein
2230 5724 2357 5797 legit
2414 5730 2628 5786 Carafa.
2707 5734 2752 5762 ⁸⁸
2789 5729 3130 5786 Δυσσεόῶν.
3210 5724 3253 5760 ⁸⁷
3297 5727 3667 5796 Εὐεργέτου.

1348 5796 1390 5825 ⁸⁸
1429 5795 1558 5848 Καί.
1597 5795 1759 5850 Abest
1786 5812 1813 5849 a
1848 5795 1967 5849 cod.

2111 5796 2155 5826 ⁸⁸
2195 5795 2317 5853 cod.
2346 5799 2381 5853 2
2410 5803 2745 5872 ἐπηράσατο.
3238 5820 3242 5824 ·
