3854 6326
56 273 247 342 1401

1410 285 1490 344 IN
1526 285 1730 346 PSAL.
1773 286 2043 348 LXVIII.

3252 285 3388 354 1402

163 393 254 463 β’.
298 411 323 445 ι
344 392 532 447 Σῶσὸν
565 410 655 464 με,
685 393 713 446 ὁ
745 391 900 457 Θεὸς,
935 393 1019 445 ὅτι
1054 392 1376 463 εἰσήλθοσαν
1408 394 1579 448 ὕδατα
1610 396 1714 457 ἕως

1888 395 2058 452 Vens.
2084 397 2139 451 2.
2180 415 2199 448 ι
2225 396 2447 452 Salvum
2487 410 2572 451 me
2603 396 2707 460 fac,
2748 394 2910 459 Deus,
2936 394 3196 465 quoniam
3217 396 3389 450 intra-

56 483 305 556 ψυχῆς
345 503 474 555 μου.
518 507 537 537 ο
584 485 653 538 Ἦ
678 484 787 537 τῶν
813 485 1518 556 εύσεόεστέρωνῖσυμμορία
1542 504 1711 555 προσ-

64 575 280 646 φέρει
309 575 417 646 τὴν
441 575 677 629 ἱκετείαν
701 574 996 628 ⁹⁰.Ὑδατα
1019 575 1075 629 δὲ
1097 575 1255 626 καλεί
1280 574 1388 628 τῶν
1414 575 1713 646 συμφορῶν

64 666 157 721 τὸ
210 667 463 736 πλῆθος.
495 666 789 733 Πάντοθεν,
821 667 976 736 φησὶ,
1011 667 1125 729 τοῖς
1158 666 1405 736 ἀνιαροῖς
1450 667 1711 737 περικλύ-

68 758 290 829 ζομαι
317 760 390 810 ⁸⁸.

174 932 264 999 γ’.
316 949 337 983 ι
391 929 699 999 Ἐνεπάγην
756 931 838 991 είς
888 927 1000 981 ἰλὺν
1031 927 1226 998 βυθοῦ,
1282 929 1377 981 καὶ
1424 930 1525 983 οὐκ
1564 901 1711 982 ἐστιν

79 1023 436 1086 ὑπόστασις
458 1024 526 1076 ⁸⁸.
582 1041 602 1075 ι
659 1021 716 1075 Ὀ
761 1020 819 1073 δὲ
839 1020 885 1052 ⁸³
942 1020 1272 1091 Σύμμαχος·
1313 1021 1713 1087 Ἐὅαπτίσθην

81 1118 204 1181 εἰς
245 1113 637 1182 ἀπεράντους
688 1110 1050 1178 καταδύσεις
1076 1150 1090 1176 ,
1129 1111 1227 1165 καί
1263 1113 1375 1165 οὐκ
1406 1111 1537 1165 ἐστι
1570 1114 1713 1165 στά-

84 1224 221 1272 σις
242 1225 258 1239 ·
317 1209 388 1260 ἐκ
445 1206 761 1276 μεταφορᾶς
804 1203 913 1257 τῶν
945 1207 1026 1267 εἰς
1052 1203 1143 1256 τὸν
1173 1204 1270 1274 τῆς
1302 1204 1577 1274 θαλάσσης
1614 1207 1713 1274 ἐμ-

87 1297 446 1352 πιπτόντων
492 1297 673 1368 βυθὸν,
706 1297 800 1350 καὶ
840 1296 1187 1350 ὲπιπλεῖστον
1219 1297 1708 1366 καταφερομένων,

92 1393 216 1445 καὶ
280 1391 447 1463 μόγις
482 1391 584 1461 τῆς
620 1390 784 1461 ἔδρας
832 1388 1261 1460 ὲφικνουμένων.
1319 1389 1480 1458 Δηλοί
1513 1389 1571 1442 δὲ
1624 1388 1712 1443 διὰ

89 1482 340 1536 τούτων
387 1483 450 1535 τὸ
480 1482 708 1552 μέγεθος
740 1482 848 1535 τῶν
894 1483 1321 1553 συμϐεϐηκότων
1366 1483 1478 1545 τοῖς
1510 1481 1712 1552 ἀνδρα-

93 1575 511 1629 ποδισθεῖσιθδ
570 1574 780 1628 κακῶν.
846 1594 865 1625 ι
919 1569 1126 1627 Ἦλθον
1180 1576 1259 1636 είς
1307 1572 1377 1625 τὰ
1432 1572 1573 1642 βάθη
1614 1574 1713 1641 τῆς

94 1666 450 1736 θαλάσσης,
485 1666 579 1719 καὶ
610 1667 867 1734 καταιγὶς
901 1665 1257 1719 κατεπόντισε
1301 1683 1390 1735 με.
1436 1683 1456 1716 ι
1493 1665 1713 1718 Ποικίλ-

93 1756 338 1810 λειτὺν
370 1756 531 1824 λόγον
574 1759 693 1819 ταῖς
726 1755 1005 1826 διαφόροις
1034 1755 1262 1821 εἰκόσιν,
1299 1757 1397 1826 οὐχ
1437 1755 1708 1827 εὑρίσκων

96 1849 290 1916 ἀξίαν
319 1850 509 1902 εἰκόνα
537 1848 645 1901 τῶν
672 1848 1015 1918 κατεχόντων
1045 1847 1287 1915 ἀνιαρῶν
1304 1849 1371 1900 ⁸⁸.

192 1943 260 1995 δ’.
316 1961 333 1990 ι
395 1941 694 1993 Ἐκοπίασα
728 1939 982 2010 κράζων·
1033 1938 1398 2009 ὲόραγχίασεν
1430 1937 1458 1989 ὁ
1497 1937 1709 2007 λάρυγξ

104 2050 257 2102 μου.
303 2050 321 2084 ι
367 2031 662 2100 Διηνεκῶς,
711 2031 869 2101 φησι,
904 2029 1273 2101 ποτνιώμενος
1320 2029 1448 2099 βοῶ,
1497 2030 1570 2091 ὡς
1616 2029 1710 2081 καὶ

105 2124 273 2178 αὖτά
305 2127 504 2195 καμεῖν
531 2124 578 2156 ’⁸
610 2123 678 2177 τὰ
709 2124 920 2193 ὄργανα
948 2122 1046 2191 τῆς
1079 2122 1285 2192 φωνῆς.
1330 2120 1614 2189 Ιφαυγὴν
1655 2119 1710 2172 δὲ

105 2218 231 2287 τὴν
262 2217 521 2270 ἐπίτασιν
546 2216 694 2285 λέγει
723 2216 820 2286 τῆς
853 2216 994 2268 κατά
1022 2214 1261 2268 διάνοιαν
1292 2213 1603 2285 προσευχῆς
1642 2213 1709 2266 ³⁷.

118 2327 144 2361 ι
174 2308 459 2374 Ἐξὲλιπον
475 2308 523 2362 οἱ
555 2307 823 2379 ὀφθαλμοί
855 2325 979 2378 μου,
1006 2307 1113 2363 ἀπὸ
1146 2306 1238 2360 τοῦ
1256 2307 1494 2371 ἐλπίζειν
1524 2324 1592 2376 με
1621 2308 1714 2359 ἐπὶ

110 2401 226 2455 τὸν
257 2400 395 2455 Θεὸν
429 2418 554 2471 μου.
590 2419 610 2453 ι
659 2400 754 2454 Ἐκ
783 2401 1093 2471 μεταφορᾶς
1121 2399 1176 2452 δὲ
1204 2399 1334 2452 αὐτὸ
1366 2398 1581 2452 τέθεικε
1608 2399 1714 2451 τῶν

119 2493 346 2566 συνήθη
378 2493 500 2550 τινὰ
534 2495 628 2547 καὶ
673 2492 951 2564 γνώριμον
986 2490 1045 2557 ὲξ
1076 2490 1388 2561 ἀποδημίας
1423 2490 1714 2544 ἐπανιόντα

120 2585 580 2656 προσμενόντων,
613 2585 707 2637 καί
738 2582 840 2646 τὰς
858 2583 1014 2645 ὁδοὺς
1044 2580 1550 2652 περισκοπούντων.
1586 2580 1715 2633 Ἀπ-

122 2680 369 2749 ἐκαμον,
405 2677 592 2748 φησὶν,
625 2675 915 2745 ἀναμένων
946 2674 1044 2744 τὴν
1074 2674 1173 2744 σὴν
1203 2672 1478 2744 βοήθειαν.
1510 2669 1643 2726 Εἶτα
1679 2672 1716 2727 ἂ

124 2768 418 2840 τροπικῶς
445 2768 559 2821 ἄνω
590 2766 827 2832 τέθεικε,
863 2765 1107 2818 διδάσκει
1135 2763 1490 2832 σαφέστερον.

210 2858 276 2913 ε’.
323 2878 342 2912 ι
401 2857 851 2928 Ἐπληθύνθησαν
888 2857 1029 2928 ὑπὲρ
1068 2857 1165 2919 τὰς
1200 2856 1392 2925 τρίχας
1425 2856 1522 2925 τῆς
1554 2872 1718 2923 κεφα-

126 2952 239 3021 λῆς
273 2968 374 3019 μου
416 2951 467 3002 οί
519 2947 808 3018 μισοῦντές
839 2965 905 3017 με
960 2947 1188 3019 δωρεάν.
1235 2945 1716 3016 Ἑκραταιώθησαν

128 3044 192 3096 οἱ
221 3042 403 3113 ἐχθροί
433 3059 557 3111 μου,
586 3042 636 3093 οἱ
665 3039 1017 3103 ὲκδιώκοντές
1051 3058 1120 3110 με
1150 3039 1370 3102 ἀδίκως.
1407 3058 1426 3090 ι
1471 3038 1634 3090 Ἀλλά
1668 3039 1713 3069 ³⁸

136 3134 335 3205 μηδεὶς
370 3132 632 3186 ὑπολάϐοι
662 3132 774 3184 τῶν
818 3132 1320 3202 φιλομαθεστέρων,
1365 3130 1617 3199 εἰρῆσθαι
1651 3130 1716 3181 ἐκ

136 3224 437 3295 προσώπου
463 3222 559 3277 τοῦ
604 3223 742 3278 Θεοῦ
792 3225 887 3277 καὶ
918 3224 1171 3293 Σωτῆρος
1199 3222 1390 3276 ταῦτα.
1440 3221 1575 3274 Οὐδὲ
1605 3220 1716 3290 γὰρ

135 3320 376 3389 ετρηται,
405 3318 507 3371 οὐκ
541 3318 777 3387 είρηται,
812 3318 862 3369 εί
894 3317 969 3386 μὴ
1007 3319 1074 3370 ὲκ
1118 3314 1436 3388 προσώπου,
1470 3315 1545 3376 ὡς
1575 3315 1716 3367 ἀνω-

136 3407 290 3477 τέρω
334 3407 465 3476 ἡμῖν
511 3406 878 3477 ὲσχεδίασται,
911 3405 1022 3459 τῶν
1071 3404 1601 3476 ἀνδραποδισθέντων
1651 3404 1717 3456 ὲκ

138 3502 247 3569 τῆς
285 3500 639 3571 Ἰερουσαλὴμ
683 3501 778 3553 ἐπὶ
819 3500 917 3570 τὴν
967 3498 1284 3552 Βαϐυλῶνα.
1334 3499 1498 3565 Λέγει
1535 3499 1591 3551 δὲ
1632 3499 1717 3551 ὅτι

140 3593 261 3648 Καὶ
302 3592 531 3664 ἀριθμὸν
574 3591 802 3646 νικῶσιν
830 3592 882 3644 οί
926 3592 1234 3661 δυσμενεῖς,
1281 3591 1383 3645 καὶ
1428 3591 1717 3662 δυναστείᾳ

143 3684 503 3754 περίκεινται,
526 3685 622 3738 καὶ
648 3682 1048 3754 ἀπεχθάνονται
1079 3682 1215 3751 πρός
1250 3699 1340 3752 με,
1376 3681 1556 3735 αἰτίαν
1581 3680 1715 3750 ἐμοῦ

148 3774 245 3829 τοῦ
281 3775 464 3845 μίσους
513 3775 573 3828 ού
622 3773 934 3836 δεδωκότος.
989 3792 1008 3825 t
1062 3774 1134 3826 Ἀ
1176 3772 1221 3805 ⁸⁸
1254 3773 1351 3841 οὐχ
1380 3771 1627 3842 ἥρπαζον
1672 3771 1712 3834 ί,

146 3866 273 3941 ’τότε
301 3864 641 3918 ἀπετίννυον.
698 3882 718 3916 ι
774 3858 873 3917 Ὧν
908 3865 1008 3917 οὐκ
1053 3864 1310 3933 ἠδίκησα,
1350 3861 1509 3924 δίκας
1548 3863 1568 3892 ²
1602 3862 1713 3913 εἰσ-

150 3957 480 4026 πράττομαι.
529 3956 604 4009 Οὐ
636 3956 657 3987 ³
686 3955 795 4025 γὰρ
822 3955 896 4016 ὡς
925 3953 1132 4025 ἅρπαξ,
1162 3954 1195 4023 ἢ
1228 3952 1520 4023 ἀδικήσας,
1552 3951 1717 4021 φησὶν

148 4049 183 4101 ὁ
215 4046 354 4110 λαὸς,
390 4046 561 4099 ταῦτα
588 4045 1086 4115 ὲξηνδραπόδισμαι
1119 4044 1251 4115 παρ’
1282 4042 1488 4098 αὐτῶν.

226 4137 299 4203 ς’.
343 4157 361 4190 ι
397 4138 456 4191 '0
484 4136 638 4200 Θεὸς,
677 4137 740 4189 σὺ
775 4138 947 4205 ἔγνως
978 4138 1078 4207 τὴν
1105 4136 1418 4209 ἀφροσύνην
1450 4154 1551 4207 μου
1572 4153 1585 4164 ·
1622 4137 1717 4191 καὶ

155 4232 214 4288 αἱ
243 4230 603 4302 πλημμέλειαι
639 4247 741 4300 μου
786 4228 894 4283 ἀπὸ
943 4229 1035 4284 σοῦ
1080 4229 1181 4282 οὐκ
1221 4230 1633 4301 ἀπεκρύϐησαν.
1691 4249 1710 4283 ι

157 4323 355 4386 Πάντα,
387 4323 653 4388 Δέσποτα,
690 4322 754 4375 σὺ
787 4320 1096 4389 γινώσκεις,
1127 4321 1223 4375 καὶ
1257 4321 1445 4391 λέληθέ
1470 4339 1530 4375 σε
1571 4338 1716 4390 γινο-

1814 500 2016 543 verunt
2043 503 2199 559 aqua:
2244 502 2419 560 usque
2449 487 2516 541 ad
2568 485 2810 541 animam
2851 501 3048 541 meam.
3087 504 3106 537 ο
3164 485 3239 540 Ea
3287 485 3387 541 Ju-

1812 581 2057 636 dzeorum
2123 579 2400 644 societas,
2467 593 2589 648 quae
2669 578 2756 646 pia
2832 578 3004 646 magis
3059 586 3223 642 erat,
3285 578 3387 632 has

1812 687 2002 742 preces
2030 671 2207 725 offert.
2246 672 2424 740 Aquas
2459 686 2588 726 vero
2624 679 2785 726 vocat
2819 670 3197 723 calamitatum
3240 669 3385 721 mul-

1811 761 2122 817 titudinem.
2154 759 2425 830 Undique,
2468 761 2566 826 ait,
2608 774 2697 814 res
2731 759 2973 814 molestae
3021 761 3387 813 circumstant

1815 869 1922 907 me.

1889 943 2053 998 Vens.
2094 943 2149 996 5.
2181 961 2199 993 ι
2236 942 2434 995 lnfixus
2473 957 2591 995 sum
2618 942 2670 994 in
2706 941 2837 994 limo
2868 938 3148 1008 profundi,
3185 950 3239 993 et
3273 954 3383 993 non

1812 1045 1895 1092 est
1945 1036 2274 1091 substantia.
2308 1054 2326 1086 ι
2368 1034 2726 1105 Symmachus
2783 1034 2862 1087 sic
2906 1034 3111 1087 vertit:
3165 1030 3385 1084 Immer-

1811 1144 1901 1181 sus
1933 1143 2048 1181 sum
2078 1127 2134 1181 in
2169 1126 2406 1194 inﬁnitas
2450 1125 2740 1193 voragines,
2801 1132 2851 1175 et
2886 1139 2992 1174 non
3042 1129 3118 1175 est
3162 1130 3382 1186 status;

1813 1221 2130 1289 metaphora
2160 1220 2320 1273 ducta
2356 1218 2423 1271 ab
2449 1218 2575 1278 illis,
2604 1216 2696 1284 qui
2729 1216 2779 1267 in
2816 1213 3025 1282 1077
3057 1212 3384 1280 profundum

1812 1325 1963 1364 mare
1992 1309 2323 1373 inciderunt,
2352 1317 2407 1362 et
2441 1309 2697 1360 deorsum
2731 1304 2825 1357 diu
2876 1300 3149 1363 feruntur,
3192 1311 3247 1354 et
3293 1302 3381 1354 vix

1815 1402 2043 1456 fumium
2064 1401 2332 1469 attingere
2357 1405 2605 1468 possunt.
2650 1395 2898 1450 Declarat
2924 1400 3106 1445 autem
3139 1407 3235 1460 per
3254 1392 3386 1447 haec

1814 1492 2082 1545 malorum
2137 1488 2740 1558 magnitudinem,quaa
2791 1485 2846 1538 in
2893 1482 3260 1553 captivitatem
3290 1482 3385 1536 ab-

1813 1582 1990 1636 ductis
2029 1580 2370 1636 acciderunt.
2425 1599 2443 1630 ι
2480 1577 2613 1633 Veni
2651 1578 2703 1631 in
2735 1575 3080 1629 altitudinem
3113 1572 3301 1635 maris,
3332 1580 3386 1626 et

1812 1682 2106 1742 tempestas
2135 1671 2398 1727 demersit
2428 1686 2536 1725 me.
2573 1688 2592 1722 ›
2626 1667 2808 1722 Variis
2836 1665 3023 1737 ﬁguris
3077 1662 3383 1745 orationem

1811 1776 2059 1832 exornat,
2114 1780 2220 1819 non
2280 1765 2568 1818 inveniens
2626 1760 2849 1831 dignam
2920 1756 3383 1826 comparationem

1810 1860 2100 1922 malorum,
2141 1875 2169 1912 a
2197 1858 2396 1927 quibus
2424 1854 2789 1909 detinebalur.

1879 1955 1896 1970 ‘
1930 1949 2092 2004 Vens.
2117 1949 2171 2002 4.
2212 1968 2230 1999 ι
2266 1947 2532 2001 Laboravi
2563 1945 2828 2007 clamans,
2859 1955 3041 1995 raucae
3070 1937 3228 1991 factae
3256 1940 3387 1990 sunt

1812 2040 1996 2096 fauces
2023 2055 2174 2094 meae.
2217 2058 2237 2091 ι
2282 2037 2506 2107 Semper
2527 2075 2543 2100 ,
2576 2035 2786 2104 inquit,
2820 2031 3137 2102 supplicans
3169 2028 3383 2089 clamo,

1815 2142 1873 2188 ut
1916 2140 1972 2187 et
2019 2132 2137 2201 ipsa
2185 2131 2550 2185 instrumenta
2588 2127 2741 2181 vocis
2777 2124 3046 2178 laborent.
3088 2118 3386 2174 Clamorem

1813 2239 1939 2280 vero
1996 2223 2354 2279 intentionem
2421 2219 2619 2274 mentis
2678 2217 2731 2271 in
2796 2211 3179 2269 obsecratione
3230 2206 3385 2262 dicit.

1818 2336 1838 2369 ι
1864 2316 2188 2372 Defecerunt
2208 2313 2350 2368 oculi
2374 2312 2499 2376 mei,
2524 2311 2653 2364 dum
2676 2323 2834 2378 spero
2858 2307 2911 2360 in
2933 2304 3104 2357 Deum
3131 2314 3331 2355 meum.
3359 2314 3381 2349 ι

1814 2411 1928 2465 Ηοο
1953 2409 2091 2463 dixit
2113 2422 2179 2461 ex
2205 2404 2559 2461 translatione
2578 2416 2766 2457 eorum
2822 2398 2917 2468 qui
2940 2396 3174 2464 aliquem
3200 2402 3387 2445 neces-

1815 2501 2019 2557 sarium
2051 2507 2108 2555 et
2137 2506 2324 2553 notum
2353 2508 2578 2566 peregre
2610 2493 2927 2547 redeuntem
2961 2490 3302 2556 exspectant,
3330 2487 3386 2535 et

1814 2594 1932 2648 vias
1962 2589 2432 2660 circumspiciunt.
2485 2586 2741 2641 Defessus
2770 2596 2890 2638 sum
2919 2620 2935 2644 ,
2983 2576 3188 2647 inquit,
3235 2583 3383 2627 tuam

1817 2701 1972 2756 opem
2000 2691 2342 2753 exspectans.
2372 2680 2576 2735 Deinde
2603 2692 2723 2748 qua:
2752 2674 3002 2745 superius
3031 2671 3258 2741 figurate
3284 2680 3385 2737 po-

1817 2778 1948 2844 suit,
1985 2773 2332 2830 mauifestins
2360 2773 2537 2827 docet.

1888 2870 2052 2925 Vens.
2078 2870 2132 2923 5.
2170 2886 2189 2918 ι
2216 2864 2554 2935 Multiplicati
2586 2871 2712 2919 sunt
2745 2875 2909 2930 super
2936 2857 3162 2927 capillos
3190 2850 3387 2921 capitis

1817 2963 1921 3017 mei
1949 2962 2037 3031 qui
2071 2961 2304 3014 oderunt
2332 2972 2417 3011 me
2443 2956 2632 3027 gratis.
2670 2951 2931 3007 Roborati
2961 2957 3109 3012 sunt,
3140 2945 3231 3016 qui
3259 2959 3386 3014 pcr-

1742 3072 1783 3128 C
1817 3054 1989 3109 secuti
2020 3062 2149 3107 sunt
2172 3065 2259 3104 me
2292 3047 2500 3102 inimici
2535 3045 2639 3099 mei
2670 3043 2896 3111 injuste.
2927 3059 2945 3091 ι
2982 3040 3245 3093 Caeterum
3269 3043 3388 3089 stu—

1818 3149 2005 3202 diosus
2029 3158 2190 3199 ncmo
2216 3141 2511 3203 existimet,
2540 3137 2686 3192 dicta
2719 3136 2821 3190 ista
2855 3132 3024 3187 fuisse
3056 3145 3123 3184 ex
3155 3138 3386 3197 persona

1823 3236 1913 3291 Dei
1943 3245 1998 3290 et
2037 3231 2356 3288 Salvator-is.
2384 3227 2504 3283 Non
2540 3226 2682 3281 enim
2720 3224 2860 3279 dicta
2886 3231 3048 3284 sunt,
3080 3227 3140 3272 ut
3168 3233 3197 3271 a
3229 3212 3388 3269 nobis

1816 3327 2068 3398 superius
2091 3323 2391 3378 indicatum
2419 3328 2520 3386 est,
2553 3317 2660 3372 nisi
2692 3330 2758 3372 ex
2811 3326 3039 3385 persona
3069 3321 3255 3365 eorum
3295 3304 3390 3374 qui

1816 3440 1881 3480 ex
1912 3420 2287 3491 Hierosolyma
2333 3416 2536 3487 captivi
2575 3414 2723 3470 ducti
2764 3410 2981 3466 fuerant
3038 3406 3386 3477 Babylonem.

1816 3515 1909 3569 Ait
1950 3521 2133 3567 autem
2161 3550 2177 3576 ,
2215 3507 2280 3562 Et
2313 3520 2600 3561 numerum
2638 3510 2897 3572 superant
2927 3499 3146 3561 hostes,
3185 3502 3238 3548 et
3271 3505 3390 3546 ma-

1817 3620 1975 3674 gnam
2008 3603 2209 3656 habent
2240 3598 2560 3668 potentiam,
2593 3602 2648 3649 et
2680 3593 2809 3648 odio
2846 3605 2932 3645 me
2963 3592 3388 3658 prosequuntur,

1817 3692 1938 3746 licet
1977 3689 2090 3744 odii
2132 3701 2355 3743 causam
2406 3685 2541 3754 ipsis
2587 3698 2696 3737 non
2735 3680 2997 3735 dederim.
3053 3695 3072 3728 ι
3105 3676 3236 3740 Quae
3281 3686 3391 3727 non

1818 3781 1993 3850 rapui,
2029 3788 2160 3833 tunc
2185 3776 2553 3831 exsolvebam.
2585 3791 2605 3825 ι
2640 3772 2842 3826 Earum
2874 3768 3222 3836 iniuriarum,
3252 3778 3392 3833 quas

1819 3886 1927 3926 non
1960 3868 2158 3932 intuli,
2193 3866 2395 3935 injuste
2433 3878 2628 3933 pmnas
2654 3862 2767 3916 luo.
2797 3859 2917 3915 Non
2953 3859 3099 3914 enim
3136 3871 3236 3927 ego
3258 3895 3272 3920 ,
3315 3855 3392 3908 ait

1816 3961 2068 4034 populus,
2109 3968 2171 4013 ut
2198 3974 2384 4027 rapax,
2421 3966 2515 4012 aut
2553 3954 2771 4024 1078
2806 3950 2956 4021 prior
2983 3950 3131 4019 ipsos
3169 3948 3388 4012 laedens,

1816 4053 1884 4106 ab
1913 4051 2020 4105 illis
2050 4050 2103 4103 in
2139 4048 2455 4102 servitutem
2493 4046 2748 4099 redactus
2779 4056 2923 4097 sum.

1891 4141 2055 4197 Vens.
2087 4140 2139 4194 6.
2182 4158 2201 4190 ι
2236 4139 2401 4203 Deus,
2450 4145 2508 4193 tu
2553 4136 2663 4191 scis
2699 4131 3066 4202 insipientiam
3087 4142 3293 4189 meam,
3339 4131 3394 4178 ct

1819 4234 2014 4290 delicta
2047 4246 2167 4287 mea
2195 4246 2227 4286 a
2255 4242 2307 4286 te
2334 4245 2445 4284 non
2473 4235 2606 4284 sunt
2635 4222 2979 4281 abscondita.
3012 4240 3032 4273 ι
3083 4217 3280 4274 Omnia
3303 4254 3319 4278 ,
3359 4229 3396 4268 ο

1821 4325 2081 4389 Domine,
2118 4332 2175 4378 tu
2203 4319 2491 4391 cognoscis
2512 4358 2528 4384 ,
2559 4327 2615 4374 et
2643 4316 2781 4372 nihil
2810 4328 3000 4370 eorum
3024 4352 3039 4378 ,
3072 4325 3194 4381 qua:
3221 4309 3358 4362 ﬁunt
3376 4343 3392 4370 ,

162 4415 330 4485 μένων
353 4414 374 4446 δ
396 4413 569 4467 οὐδέν.
599 4408 761 4475 Οἶδας
784 4410 1100 4482 τοιγαροῦν,
1132 4412 1206 4476 ὡς
1242 4413 1323 4477 εἰς
1346 4414 1587 4476 ἐκείνους
1615 4413 1713 4483 μὲν

1824 4428 1870 4473 te
1919 4419 2069 4472 latet.
2112 4414 2232 4471 Scis
2261 4414 2459 4485 igitur,
2509 4427 2597 4467 me
2640 4411 2695 4465 in
2725 4408 2845 4465 illos
2873 4405 3009 4461 nihil
3034 4399 3394 4462 commisisse,

159 4506 306 4560 οὐδὲν
333 4507 354 4539 ⁵
377 4505 776 4576 ἐπλημμέλησα
795 4521 810 4536 ·
845 4504 972 4568 τοὺς
995 4504 1052 4556 δὲ
1083 4505 1210 4567 σοὺς
1243 4504 1605 4576 παραϐέϐηκεν.
1628 4506 1717 4560 νό-

163 4614 310 4666 μους.
341 4595 524 4665 Τούτῳ
549 4594 692 4648 ἔοικε
718 4594 778 4647 τὸ
810 4594 853 4660 ³,
888 4612 908 4646 ι
947 4593 1037 4648 Σοὶ
1073 4595 1219 4664 μόνῳ
1248 4594 1513 4667 ἥμαρτον,
1540 4597 1718 4651 καὶτὸ

162 4688 382 4758 πονηρὸν
410 4686 642 4739 ἐνώπιόν
673 4703 765 4739 σου
801 4685 1055 4755 ἐποίησα..
1104 4703 1123 4737 ι

231 4780 293 4846 ζ’.
335 4798 353 4832 ι
395 4778 488 4847 Μὴ
520 4776 939 4848 αἰσχυνθείησαν
972 4775 1059 4829 ἐπ’
1102 4776 1205 4846 ἐμὲ
1249 4778 1297 4831 oi
1351 4778 1720 4848 ὑπομένοντες

166 4889 248 4940 σε,
269 4870 453 4941 Κύριε,
482 4869 659 4941 Κύριε
680 4868 788 4923 τῶν
813 4866 1117 4935 δυνάμεων.
1141 4868 1293 4934 Μηδὲ
1321 4869 1721 4940 ἐντραπείησαν

166 4963 252 5018 ἐπ’
276 4962 370 5032 ἐμὲ
398 4962 447 5014 οἱ
490 4958 781 5031 ζητοῦντές
814 4974 896 5023 σε,
929 4957 959 5010 ὁ
991 4956 1124 5021 Θεὸς
1153 4955 1247 5011 τοῦ
1286 4959 1527 5029 Ἰσραήλ.
1567 4980 1586 5013 ι
1626 4961 1718 5031 Μὴ

237 5081 264 5124 1
293 5073 430 5129 Psal.
464 5088 529 5139 ι,
567 5075 619 5128 4.

1826 4520 1950 4565 tuas
1984 4519 2163 4563 autem
2196 4508 2341 4577 leges
2367 4519 2490 4561 esse
2524 4513 2944 4573 transgressum.
2968 4498 3082 4551 Hoc
3112 4494 3191 4549 illi
3219 4490 3397 4547 simile

1823 4611 1908 4655 est
1948 4620 1961 4656 :
2006 4621 2024 4653 ‹
2067 4599 2186 4654 Tibi
2229 4598 2329 4655 soli
2371 4597 2632 4667 peccavi,
2670 4604 2725 4649 et
2765 4592 2965 4647 malum
3002 4600 3190 4644 coram
3228 4592 3282 4639 te
3317 4581 3394 4636 fe—

1825 4693 1950 4750 εἰν.
1999 4711 2018 4744 ι

1897 4784 2063 4840 Vens.
2103 4785 2155 4840 7.
2194 4803 2212 4836 ι
2239 4782 2359 4838 Non
2389 4783 2721 4838 erubescant
2748 4779 2802 4833 in
2833 4790 2920 4830 me
2949 4773 3043 4844 qui
3079 4774 3396 4839 exspectant

1829 4884 1902 4940 le,
1936 4875 2163 4931 Domine
2186 4914 2202 4939 ,
2228 4874 2457 4930 Domine
2490 4871 2774 4927 virtutum.
2828 4866 2946 4919 Non
2994 4856 3396 4917 confundantur

1826 4983 1985 5038 Super
2026 4982 2111 5022 me
2144 4968 2237 5038 qui
2277 4974 2529 5040 quaerunt
2571 4974 2621 5020 te
2647 5004 2664 5030 ,
2699 4962 2838 5017 Deus
2874 4956 3063 5013 Israel.
3100 4973 3118 5007 ο
3170 4950 3246 5005 Ne
3290 4946 3395 5004 sim

1232 5229 1467 5286 VARle
1506 5229 1888 5287 LECTIONES
1927 5230 2015 5285 ET
2048 5229 2281 5285 NOTAE.

240 5374 280 5405 '°
322 5374 624 5428 ‘Ixstelar.
663 5373 785 5429 cod.
825 5374 846 5427 ί
881 5372 1004 5427 add.
1046 5372 1274 5442 ταύτην.
1322 5373 1394 5442 ,⁸⁸
1431 5371 1715 5442 Περικλύζ

1824 5388 1897 5442 ιι.
1918 5371 2039 5426 cod.
2074 5371 2100 5442 1
2118 5368 2261 5442 add.
2292 5366 2453 5442 τούτο
2482 5363 2592 5435 γὰρ
2634 5361 2723 5442 διὰ
2767 5359 2874 5442 τῶν
2893 5355 3031 5442 ἐξῆ-ς
3064 5355 3401 5442 σαφέστεῆν

173 5445 289 5512 ἔφη.
357 5443 398 5474 ⁹²
453 5443 831 5507 Ὺπόστασις.
879 5443 1042 5496 Hebr.
1077 5431 1273 5504 mnia,
1311 5440 1458 5512 locus
1494 5431 1562 5512 54
1602 5431 1715 5494 con:

1824 5441 2013 5512 'ndunt.
2087 5439 2138 5512 ’ξ
2176 5440 2269 5512 ΔέΣ
2312 5431 2712 5512 Qbest'aﬁod:
2768 5431 2816 5483 1.

2893 5427 2939 5457 ⁸⁵
2976 5422 3223 5496 Συμϐὲϐ.
3235 5494 3246 5496 _
3269 5422 3403 5496 ’τοῖς

173 5493 489 5582 sumas:
509 5493 861 5567 negasse.
1100 5493 1421 5582 unus...
1441 5493 1576 5582 τροιι.
1609 5493 1646 5582 ιζ
1671 5493 1715 5564 ..Α

1824 5493 1913 5562 διὰ
1940 5511 2007 5582 δὴ
2036 5506 2362 5582 ταῦτα-βοᾷ.
2437 5504 2484 5535 ’⁸
2522 5500 2760 5582 ῌαρεῖζ.
2817 5493 3397 5582 ορόλᾉκραυγάςεινέ

175 5563 223 5616 '7
254 5563 444 5636 ὦάζῐ
466 5563 710 5651 ἑὺῇἧζςῘ
741 5563 1025 5635 δο’”Ἃζι.ιὰ
1056 5563 1330 5647 4.1.4573:
1362 5580 1432 5651 δὲ
1462 5563 1570 5632 ὅτι.
1620 5563 1715 5635 Des

1824 5595 1866 5632 in
1898 5563 2019 5633 cod'.
2070 5579 2126 5631 2.
2202 5563 2257 5609 ⁰⁹’
2286 5563 2379 5628 Ἃ.
2444 5563 2645 5651 coda?
2675 5563 2811 5651 dm,
2870 5566 2888 5597 ⁸
2929 5563 3087 5651 ηεξοέ
3116 5565 3277 5649 lectio
3316 5567 3402 5616 est

176 5633 420 5722 ἦρῖὶνίιᾶίιο-
475 5633 660 5705 £780le
691 5652 727 5705 ἓ
1053 5652 1089 5722 ³,
1117 5653 1198 5722 Οὐ
1230 5633 1526 5722 -ξίταῡλτα,
1558 5651 1678 5722 cod.
1759 5649 2053 5722 ούκᾶρξας
2076 5649 2186 5717 γὰρ
2212 5646 2314 5722 τῆς
2330 5646 2409 5707 είς
2443 5643 2634 5703 αὐτοὺς
2664 5637 2919 5707 ἀδικίας.
2976 5635 2996 5665 δ
3033 5633 3397 5700 Γινομένων.

163 5719 291 5821 ,(ἐὸό.
320 5723 343 5776 1
373 5730 426 5779 et
456 5722 491 5777 2
520 5737 705 5793 prtem.
736 5721 862 5776 τῶν.
937 5724 957 5752 ⁸
998 5721 1118 5775 cod.
1163 5720 1186 5773 1
1230 5719 1503 5789 οὐδαμῶς.

1584 5721 1604 5749 ⁸
1649 5721 1739 5774 Τό.
1771 5721 1891 5776 cod.
1919 5715 1953 5772 9
1984 5715 2173 5789 praem.
2222 5715 2335 5769 καί.
