3854 6326
58 268 213 334 I409

1413 259 1498 319 IN
1542 258 1669 317 PSA
1682 255 1740 314 Ι..
1776 253 2043 314 LXVIII.

3209 246 3346 312 tuo

52 383 258 438 αὐτῶν
291 381 527 436 ἱκετεύει
597 380 833 453 πατρίδα
860 395 873 410 ’
911 378 1005 431 καὶ
1058 375 1329 446 τετύχηκε
1365 375 1461 441 τῆς
1507 372 1661 440 αἰτή-

1791 370 1950 434 mlus,
1985 380 2039 423 et
2067 383 2290 438 compos
2332 370 2610 439 petitionis
2640 368 2820 424 factus
2859 376 2962 423 cst.
2993 365 3128 421 Nam
3166 367 3336 436 ltahy-

57 495 235 540 σεως.
290 476 539 546 Ἔρημός
588 476 700 545 γὰρ
746 474 843 527 καὶ
896 473 1085 540 γέγονε
1128 472 1223 524 καλ⁸
1266 469 1577 539 μεμένηκεν
1629 468 1662 535 ἡ

60 568 357 631 Βαϐυλὼν.
387 569 550 638 μέχρι
580 567 675 620 καὶ
712 568 958 637 τήμερον
984 581 999 595 ⁸
1031 564 1231 617 εἰδέναι
1258 562 1357 632 μέν
1383 579 1465 614 τοι
1496 576 1665 630 προσ-

56 662 223 732 ήκει,
282 662 358 724 ὡς
410 660 556 730 ἅπερ
624 659 837 732 ᾔτησαν
905 656 1154 711 Ἰουδαῖοι
1204 654 1583 717 Βαϐυλωνίους
1618 653 1663 686 "

60 755 297 814 παθεῖν,
332 751 628 824 δυσσεόείᾳ
674 752 771 805 καὶ
824 749 1065 820 πονηρίᾳ
1097 748 1221 802 κατ’
1247 747 1430 801 αὐτῶν
1458 763 1666 816 κεχρη-

65 847 280 915 μένους
309 846 378 910 ⁵⁹,
405 845 582 898 ταῦτα
615 842 952 897 πεπόνθασιν
983 840 1160 904 αὐτοὶ,
1199 837 1341 892 κατὰ
1368 836 1465 892 τοῦ
1507 837 1667 906 εὐερ-

63 938 245 1005 γέτου
280 937 379 991 καὶ
404 937 449 969 ⁶⁰
485 934 741 1005 Σωτῆρος
770 934 1161 1004 λυττήσαντες.
1201 929 1535 984 Βαϐυλώνιοι
1569 930 1669 999 μὲν

65 1029 189 1098 γὰρ
221 1015 410 1090 αὐτοῖς
442 1025 653 1096 πικρὰν
688 1025 1021 1095 εἰργάσαντο
1052 1021 1151 1093 τὴν
1196 1021 1438 1093 τροφήν·
1472 1020 1535 1073 οὐ
1560 1037 1670 1072 τοι·

67 1120 257 1189 αὐτην
284 1119 469 1180 αὐτοῖς
501 1115 796 1178 δεδωκότες
837 1115 1049 1185 τροφήν
1074 1130 1088 1144 ⁸
1138 1113 1278 1165 ἀλλά
1321 1115 1389 1183 τῇ
1423 1111 1672 1180 ὲπιπόνῳ

66 1212 300 1283 δουλείᾳ
331 1210 432 1281 τὴν
463 1209 706 1280 ἔμφυτον
733 1210 835 1278 τῆς
861 1208 1071 1278 τροφῆς
1102 1206 1295 1277 ἡδονὴν
1317 1205 1668 1274 ἀφελόμενοι.

86 1304 344 1358 Ἰουδαῖοι
369 1302 427 1356 δὲ
450 1302 552 1354 οὐκ
586 1298 960 1367 ἀδικούμενοι,
979 1296 1117 1350 ἀλλά
1138 1295 1485 1357 παντοδαπὰς
1519 1296 1674 1363 εὐερ-

73 1396 280 1463 γεσίας
326 1393 632 1463 δεχόμενοι,
670 1389 820 1460 αὐτῷ
863 1389 942 1459 τῷ
977 1390 1243 1461 εὐεργέτῃ
1289 1388 1674 1459 προσήνεγκαν

70 1488 187 1559 τὴν
240 1485 422 1557 χολὴν.
454 1486 550 1539 καὶ
599 1485 733 1537 αὐτὸ
777 1484 839 1536 τὸ
886 1482 1029 1547 ὅξος,
1071 1476 1241 1535 οἷόν⁶¹
1276 1498 1361 1540 τις
1412 1478 1674 1548 ἁμπελὼν

73 1577 402 1647 ἐπιζήμιος.
443 1570 517 1629 Οὐ
548 1574 612 1645 δὴ
637 1574 801 1645 χάριν
858 1574 980 1635 ταῖς
1010 1573 1204 1634 αὐταῖς
1228 1572 1271 1603 θ’
1291 1570 1675 1639 ὑπεϐλήθησαν

73 1670 405 1740 τιμωρίαις,
450 1669 545 1722 καὶ
565 1668 784 1737 ἐγένετο
831 1669 865 1737 ἡ
899 1666 1150 1737 τράπεζα
1182 1667 1364 1722 αὐτῶν
1391 1669 1473 1731 εἰς
1508 1666 1674 1735 παγί-

1768 459 1857 512 Ion
1892 459 2136 514 desolata
2174 459 2297 526 fuit,
2342 469 2396 514 ct
2431 476 2604 531 usque
2645 461 2696 515 in
2729 460 3052 513 hodiernum
3089 459 3229 513 diem
3268 459 3351 513 sic

1765 556 2075 617 permanet.
2114 547 2320 603 Tamen
2357 550 2649 606 sciendum
2679 559 2783 614 est,
2817 565 2939 619 quae
2965 547 3138 604 Judrei
3173 548 3347 617 petie—

1752 647 1900 693 runt
1958 649 2020 693 ut
2050 639 2334 711 Babylonii
2383 650 2727 711 paterentur.
2767 641 2912 712 quod
2949 641 3113 711 impie
3147 640 3270 696 illos
3297 649 3351 694 ct

1768 730 2037 785 scelerate
2083 739 2434 796 tractassem,
2493 733 2607 787 haec
2667 733 2818 803 ipsos
2866 748 3154 804 perpessos
3201 749 3348 796 esse,

1769 836 1895 877 cum
1931 837 1985 876 tn
2017 823 2320 879 beneﬁcum
2354 834 2408 879 et
2435 823 2779 881 Salvatorem
2815 826 3022 882 rabiem
3062 829 3347 881 exercuis-

1770 922 1912 969 sent.
1950 914 2234 987 Babylonii
2279 915 2425 970 enim
2460 932 2712 971 amarum
2749 918 2934 973 cibum
2983 918 3119 989 ipsis
3168 917 3351 973 reddi-

1772 1007 1992 1069 derunt,
2047 1020 2156 1061 non
2195 1006 2354 1061 talem
2389 1008 2567 1062 cibum
2612 1009 2747 1077 ipsis
2775 1008 3099 1077 praebentes,
3137 1011 3230 1066 sed
3269 1010 3350 1063 la-

1772 1095 1994 1150 boriosa
2029 1096 2295 1152 servitute
2321 1098 2674 1162 suavitatem,
2709 1113 2832 1168 qua:
2860 1099 2999 1155 cibis
3031 1101 3213 1155 innata
3244 1114 3351 1167 est,

1773 1187 2100 1243 auferentes.
2143 1188 2318 1245 Judaei
2363 1200 2547 1245 autem
2581 1192 2728 1246 nulla
2766 1191 2967 1261 injuria
3012 1191 3208 1253 affecti,
3257 1193 3353 1246 srd

1774 1281 2032 1341 omnibus
2091 1282 2378 1338 beneﬁciis
2432 1283 2635 1349 ornati,
2689 1283 2795 1350 ipsi
2849 1283 3098 1338 beneﬁcii
3145 1284 3355 1338 auctori

1776 1367 1843 1420 fel
1871 1376 1924 1421 et
1959 1377 2172 1424 acetum
2204 1371 2383 1439 ipsum
2414 1372 2681 1438 obtulere,
2717 1372 2882 1426 veluti
2915 1372 3164 1441 quaadam
3198 1373 3356 1427 vinea

1774 1459 2107 1528 perniciosa.
2157 1462 2368 1518 Idcirco
2402 1464 2593 1519 iisdem
2639 1465 2928 1534 suppliciis
2961 1465 3160 1520 addicti
3204 1475 3353 1529 sunt,

1773 1560 1830 1607 et
1857 1551 2003 1607 facta
2049 1563 2134 1609 est
2166 1570 2356 1611 mensa
2396 1556 2616 1610 illorum
2651 1556 2866 1628 1084
2894 1557 2946 1612 in
2988 1558 3265 1627 laqueum,
3302 1566 3357 1612 et

1776 1643 1831 1697 in
1865 1643 2314 1710 retributionem,
2365 1653 2421 1700 et
2468 1646 2521 1699 in
2553 1647 2898 1702 scandalum.
2942 1647 3221 1717 Siquidem
3261 1665 3358 1717 pm

87 1715 405 1740 “Τ”’Τ”“’“Ι’
453 1715 778 1737 ”“’“’“Ι”““⁷
837 1715 865 1737 Ἰ
912 1715 1149 1737 “Γ’”’““ῗ“
1184 1715 1355 1722 """
1393 1715 1470 1731 ’νυ
1516 1715 1643 1735 ""0'

72 1762 175 1827 δα,
213 1761 309 1815 καὶ
340 1762 420 1823 εἰς
456 1758 844 1822 ἀνταπόδοσιν,
876 1759 971 1812 καὶ
1023 1759 1104 1822 είς
1139 1758 1457 1812 σκάνδαλον.
1525 1757 1674 1809 Ἀντὶ

1791 1735 2008 1804 pristina
2041 1734 2307 1793 felicitate
2357 1738 2425 1793 ad
2473 1739 2790 1794 servitutem
2839 1715 3186 1796 condemnati
3238 1715 3357 1795 fue-

76 1855 202 1924 γὰρ
223 1854 323 1924 τῆς
349 1853 624 1923 προτέρας
652 1850 949 1922 εὐκληρίας
986 1850 1234 1905 δουλείαν
1259 1849 1673 1920 κατεψηφίσθη-

80 1964 197 1999 σαν
224 1962 239 1976 ·
300 1947 397 1998 καὶ
416 1944 462 1977 ⁸⁸
489 1945 539 1997 οἱ
594 1942 871 2013 ὀφθαλμοὶ
909 1943 967 1996 δὲ
1024 1943 1206 1997 αὐτῶν
1254 1941 1671 2009 ὲσκοτίσθησαν,

83 2034 228 2088 ἰδεῖν
250 2033 311 2086 τὸ
345 2032 599 2102 ἀληθινὸν
621 2033 723 2086 οὐκ
755 2031 802 2065 ⁸³
850 2032 1214 2102 ἀνασχόμενοι
1239 2032 1285 2064 ³⁵
1335 2031 1473 2098 φῶς,
1511 2033 1608 2084 καὶ
1648 2033 1677 2085 ὁ

82 2123 264 2184 νῶτος
294 2124 352 2177 δὲ
387 2123 571 2177 αὐτῶν
591 2121 859 2193 διηνεκῶς
879 2123 924 2155 ⁸⁸
946 2125 1012 2193 τῇ
1046 2122 1265 2194 δουλεία
1294 2123 1391 2175 καὶ
1415 2125 1480 2193 τῇ
1513 2124 1677 2194 πενίᾳ

86 2213 545 2283 συγκεκαμπται,
596 2211 689 2265 διὰ
734 2212 829 2265 τὸν
894 2211 1101 2280 γαῦρον
1168 2210 1391 2281 αὐχένα,
1438 2211 1532 2264 καὶ
1588 2211 1679 2263 τὸν

88 2302 337 2373 σκληρὸν
391 2300 575 2370 αὐτῶν
605 2299 913 2370 τράχηλον·
956 2301 1051 2353 καὶ
1101 2302 1133 2371 ἡ
1171 2300 1397 2365 ἔπαυλις
1433 2299 1611 2354 αὐτῶν
1630 2301 1676 2332 ⁸⁷

83 2396 320 2462 ἐγένετο
367 2389 598 2462 ἔρημος,
653 2390 822 2444 zeal.”
871 2391 930 2443 ἐν
981 2392 1096 2453 τοῖς
1153 2390 1252 2459 τῆς
1322 2388 1681 2462 Ἰερουσαλὴμ

88 2482 461 2555 σκηνώμασιν
512 2482 691 2544 οὐδεὶς
748 2481 932 2535 αὐτῶν
963 2484 1231 2535 κατοικεῖ.
1260 2482 1393 2544 Ταῖς
1450 2481 1681 2544 οἰκείαις

85 2573 284 2625 τοίνυν
324 2573 488 2641 ἀραῖς
514 2570 905 2642 ὑπεϐλήθησαν
924 2588 938 2602 ’
975 2571 1070 2623 καὶ
1114 2570 1150 2625 ἃ
1178 2573 1293 2635 τοῖς
1318 2570 1684 2634 Βαὸυλωνίοις

89 2664 456 2735 ἐπηράσαντο
488 2661 864 2735 ἀδικούμενοι,
910 2662 1087 2717 ταῦτα
1125 2662 1462 2717 πεπόνθασιν
1494 2663 1685 2733 ἀδική-

92 2733 299 2820 σαντες
326 2758 390 2817 “,
420 2756 516 2810 καὶ
547 2733 995 2828 ἀχάριστοῖπερὶ
1014 2756 1109 2810 τὸν
1132 2756 1435 2827 εὐεργέτην
1455 2756 1687 2827 γενόμε-

88 2865 207 2903 νοι.
268 2848 473 2901 Τούτου
520 2847 685 2918 χάριν
739 2849 836 2902 καὶ
871 2849 920 2901 οἱ
982 2847 1119 2901 θεῖοι
1153 2846 1446 2902 ἀπόστολοι
1475 2849 1522 2880 ⁷ο
1564 2849 1686 2912 ταῖς

91 2940 359 2996 ἐντεῦθεν
385 2942 695 3011 ἐχρήσαντο
719 2942 1076 3012 μαρτυρίαις,
1126 2939 1228 3009 τῆς
1256 2940 1597 3011 προφητείας
1625 2940 1688 2993 τὸ

91 3034 329 3088 διπλοῦν
378 3032 757 3103 ἐπιστάμενοι.
827 3030 970 3084 Ἀλλ’
1006 3032 1049 3062 ⁷³
1099 3031 1195 3084 ἐπὶ
1241 3032 1310 3085 τὰ
1342 3032 1540 3102 συνεχῆ
1589 3034 1688 3101 τῆς
1718 3044 1765 3107 c

92 3128 408 3198 ἑρμηνείας
431 3124 759 3196 βαδίσωμεν.
1424 3192 1425 3195 η

179 3219 284 3283 κζ’.
324 3220 476 3272 «Ὅτι
504 3219 563 3271 ὃν
582 3220 647 3272 σὺ
683 3217 979 3282 ἐπάταξας,
1004 3215 1535 3279 αὐτοῖκατεδίωξαν
1558 3233 1572 3245 σ
1599 3214 1692 3268 καὶ

94 3312 206 3366 ἐπὶ
236 3312 297 3364 τὸ
320 3311 483 3378 ἄλγος
507 3309 619 3363 τῶν
664 3309 999 3381 τραυμάτων
1028 3326 1131 3379 μου
1158 3307 1529 3379 προσέθηκαν.
1569 3327 1588 3358 ι
1619 3307 1691 3359 Σύ

102 3402 217 3471 μὲν
242 3401 377 3470 γὰρ,
428 3402 585 3471 φησὶ,
616 3399 775 3463 δίκας
816 3416 885 3469 με
913 3400 958 3431 ’⁷³
996 3401 1096 3467 τῆς
1126 3398 1472 3468 παρανομίας
1500 3397 1547 3428 ’³³
1579 3399 1694 3450 εἰσ-

98 3492 511 3563 πραττόμενος,
530 3484 645 3541 οἷόν
675 3506 788 3541 τισι
815 3486 1030 3558 δημίοις
1055 3486 1385 3557 παρέδωκας
1400 3487 1691 3549 τού-τοιῷδ’

98 3576 263 3637 οὗτοι
313 3582 371 3635 δὲ
419 3579 632 3633 πλείοσί
671 3579 827 3651 με,ἢ
877 3580 1241 3651 προσέταξας,
1297 3583 1486 3643 κακοῖς
1542 3597 1698 3651 περι-

102 3666 309 3724 ἑΰαλον
333 3686 349 3701 ·
400 3673 499 3724 καὶ
544 3668 864 3741 ὲπηύξησάν
886 3686 979 3739 μοι
1023 3669 1123 3740 τὴν
1156 3669 1244 3723 διὰ
1288 3671 1388 3741 τὴν
1419 3671 1698 3741 ἁμαρτίαν

102 3761 332 3830 ὀδύνην.
361 3760 579 3829 Ταύτην
624 3759 806 3813 αὐτῶν
841 3760 936 3814 καὶ
969 3761 999 3812 ὁ
1034 3760 1144 3813 τῶν
1185 3760 1323 3813 ὅλων
1370 3762 1504 3825 Θεὸς
1558 3777 1697 3815 κατ-

103 3855 313 3924 ηγορεῖ
339 3851 438 3923 τὴν
463 3851 748 3923 ὠμότητα,
779 3851 875 3905 καί
907 3867 1096 3923 φησιν,
1134 3870 1153 3903 t
1177 3851 1317 3919 Ἐγὼ
1342 3852 1541 3914 αὐτοὺς
1558 3869 1700 3923 παρ-

108 3947 301 4000 έδωκα
340 3947 421 4007 είς
451 3944 551 4007 τὰς
585 3944 776 4015 χεῖράς
803 3961 923 4011 σου,
975 3945 1039 3997 σὺ
1065 3944 1121 3997 δὲ
1143 3945 1245 3996 οὐκ
1270 3944 1478 4007 ἔδωκας
1516 3945 1701 4009 αὐτοῖς

108 4038 273 4090 ἔλεον
292 4052 309 4067 ⁸
339 4035 496 4089 xui."
521 4034 618 4087 τοῦ
659 4033 1039 4105 πρεσϐυτέρου
1068 4034 1343 4104 ὲϐάρυνας
1390 4034 1481 4087 τὸν
1512 4034 1699 4102 ζυγὸν,

112 4130 218 4183 καὶ
249 4129 515 4199 νεώτερον
550 4127 650 4180 οὐκ
678 4126 940 4197 ἠλέησας.
984 4145 1003 4177 ι

192 4226 304 4291 κη’.
341 4240 361 4272 ι
396 4218 641 4292 Πρόσθες
680 4212 911 4289 ἀνομίαν
957 4218 1053 4270 ἐπὶ
1079 4218 1147 4288 τῇ
1187 4217 1389 4288 ἀνομίᾳ
1422 4218 1468 4249 ’⁷⁸
1498 4218 1700 4278 αὐτῶν,

109 4314 219 4366 καὶ
270 4311 345 4381 μὴ
371 4311 415 4343 ⁷⁷
447 4309 841 4363 είσελθέτωσαν
884 4310 944 4361 ὲν
985 4307 1300 4379 δικαιοσύνῃ
1325 4308 1391 4362 ⁷⁸.
1427 4329 1447 4361 ι
1482 4309 1592 4380 Τὴν
1618 4309 1705 4363 διὰ

1775 1837 1927 1891 runt,
1962 1837 2017 1884 et
2059 1830 2202 1884 oculi
2239 1845 2430 1885 eorum
2475 1832 2756 1887 obscurali
2797 1842 2948 1897 sunt,
2998 1849 3124 1888 cum
3173 1849 3361 1889 veram

1779 1920 1953 1974 lucem
1986 1921 2176 1976 videre
2207 1937 2318 1977 non
2347 1932 2599 1992 possent,
2630 1932 2685 1978 et
2721 1936 2866 1993 terga
2899 1925 3113 1980 illorum
3141 1926 3359 1981 assidua

1779 2013 2038 2068 servitute
2085 2025 2139 2068 ct
2201 2024 2529 2084 paupertate
2584 2016 2778 2070 inﬂexa
2833 2027 2981 2082 sunt,
3040 2016 3110 2070 ob
3161 2017 3360 2071 elatam

1782 2104 2080 2172 cervicem,
2127 2106 2411 2160 etdurnm
2467 2122 2659 2161 eorum
2715 2108 2938 2170 collum,
2990 2118 3045 2162 et
3098 2109 3363 2164 habitatio

1780 2211 1970 2251 eorum
2023 2196 2169 2251 facta
2207 2205 2291 2252 cst
2325 2199 2565 2262 deserta,
2593 2207 2646 2253 et
2683 2199 2735 2253 in
2772 2200 3141 2254 tabernaculis
3169 2198 3364 2255 lliero-

1783 2288 2011 2359 solymae
2044 2302 2208 2343 nemo
2241 2288 2461 2343 illorum
2494 2288 2726 2344 habitat.
2766 2286 2893 2343 Suis
2928 2288 3093 2359 igitur
3118 2305 3367 2343 exsecra-

1784 2369 2026 2433 tionibus
2076 2379 2307 2448 subjecti
2346 2379 2588 2446 fuerunt,
2638 2391 2693 2436 et
2745 2396 2868 2452 quae
2901 2381 3212 2452 Babyloniis
3259 2383 3362 2454 ipsi

1786 2471 1990 2540 injuria
2042 2472 2218 2528 aiIccti
2269 2473 2550 2543 imprccati
2598 2483 2750 2539 sunt,
2803 2476 2919 2531 hare
2960 2479 3200 2547 perpessi
3236 2487 3367 2533 sunt

1784 2575 1910 2616 cum
1951 2561 2207 2632 injuriam
2242 2563 2575 2631 intulissent,
2610 2565 2924 2636 ingratique
2953 2581 3081 2636 erga
3115 2567 3364 2621 bcnellcii

1787 2665 2067 2712 auctorem
2121 2657 2377 2714 fuissent.
2435 2657 2730 2727 Propterea
2789 2667 2846 2714 et
2898 2658 3069 2714 divini
3132 2661 3365 2730 apostoli

1789 2748 1955 2819 hujus
1993 2751 2187 2819 psalmi
2237 2752 2572 2807 testimoniis
2616 2751 2697 2805 usi
2738 2761 2886 2814 sunt,
2932 2752 3204 2823 geminum
3240 2768 3368 2823 pro-

1788 2841 1989 2911 phetia:
2038 2858 2261 2898 sensum
2301 2843 2561 2899 scientes.
2608 2841 2714 2899 Sed
2755 2843 2821 2898 ad
2868 2843 3152 2914 sequentia
3195 2842 3368 2899 inter-

1791 2934 2155 3003 pretationem
2186 2946 2595 2991 convertamus.

1868 3209 2034 3264 Vens.
2076 3209 2166 3264 27.
2213 3230 2230 3261 ι
2270 3210 2539 3278 Quoniam
2587 3229 2748 3283 quem
2779 3225 2834 3269 tu
2869 3216 3205 3284 percussisti,
3247 3232 3374 3288 pcr-

1795 3303 1969 3358 secuti
2002 3310 2153 3367 sunt,
2187 3311 2241 3357 et
2284 3304 2528 3358 dolorem
2562 3306 2850 3360 vulnerum
2903 3322 3149 3361 meorum
3201 3324 3373 3364 auxe-

1796 3404 1945 3450 runt.
1991 3415 2010 3447 ι
2047 3395 2126 3450 Tu
2158 3397 2328 3459 enim,
2377 3397 2577 3468 inquit,
2623 3409 2975 3468 peccatorum
3007 3416 3036 3454 a
3072 3417 3156 3456 nnc
3184 3418 3370 3472 pinnas

1797 3490 2043 3557 exigens,
2073 3490 2195 3545 istis
2237 3490 2382 3545 velut
2431 3492 2761 3561 quibusdam
2802 3497 3156 3552 carnificibus
3206 3499 3375 3553 tradi-

1799 3581 1929 3634 disti
1970 3599 1983 3634 :
2031 3580 2084 3635 hi
2129 3597 2260 3636 vero
2307 3583 2560 3651 pluribus
2592 3600 2756 3654 quam
2800 3589 3175 3657 pra-cepisses,
3216 3593 3375 3643 malis

1800 3686 1888 3726 me
1933 3672 2439 3737 circumdederunt,
2495 3683 2549 3728 et
2604 3676 2871 3741 dolorem;
2928 3679 3018 3747 qui
3071 3679 3204 3732 mihi
3250 3684 3264 3702 '
3308 3682 3379 3735 ob

1801 3772 2085 3831 peccatum
2128 3763 2346 3828 accidit,
2390 3774 2685 3819 auxerunt.
2728 3765 2879 3821 lianc
2903 3784 3090 3821 eorum
3122 3768 3376 3822 inhuma-

1803 3856 2024 3909 nilatcm
2057 3856 2432 3911 universitatis
2462 3855 2726 3913 Dominus
2750 3860 3119 3929 reprehendit,
3147 3860 3335 3915 dicens
3360 3880 3374 3915 :

1808 3964 1826 3995 ι
1870 3945 1983 4015 Ego
2006 3960 2103 4001 eos
2128 3948 2328 4002 tradidi
2368 3949 2422 4003 in
2453 3965 2651 4004 manus
2686 3960 2829 4015 tuas,
2861 3961 2914 4005 tu
2950 3961 3129 4006 autem
3164 3953 3379 4008 miscri-

1804 4036 2048 4090 cordiam
2078 4050 2189 4090 non
2235 4036 2532 4093 exhibuisti
2560 4037 2663 4103 eis,
2696 4048 2749 4093 et
2772 4041 2963 4108 jugnm
2994 4040 3228 4096 senioris
3251 4058 3378 4113 gra-

1806 4127 1969 4187 vasti,
1999 4132 2049 4178 ct
2071 4124 2291 4194 juvenis
2318 4141 2424 4179 nun
2457 4126 2719 4181 misertus
2750 4143 2806 4181 es
2836 4138 2880 4182 ².
2924 4147 2943 4179 ι

1886 4216 2050 4270 \‘Etts.
2095 4215 2188 4271 28.
2235 4235 2254 4267 ‹
2294 4217 2517 4285 Appone
2553 4216 2893 4286 iniquitatem
2930 4234 3097 4290 super
3126 4220 3382 4290 iniquita-

1810 4321 1915 4364 tem
1964 4325 2180 4374 corum,
2234 4320 2289 4365 et
2338 4311 2550 4382 1085
2602 4326 2708 4365 non
2761 4312 2963 4365 intrent
3016 4311 3065 4363 in
3113 4310 3381 4378 justitiam

110 4406 221 4474 τὴν
255 4404 534 4475 ἁμαρτίαν
590 4402 942 4472 ἐπαγομένην
977 4400 1253 4471 τιμωρίαν
1291 4402 1548 4471 ἀνομίαν
1577 4402 1681 4456 ἑκά

1816 4413 1985 4457 tuam.
2027 4422 2047 4454 ι
2102 4403 2327 4457 Pmnam
2377 4405 2449 4457 ob
2507 4414 2783 4473 peccatum
2831 4404 3145 4474 irrogatam,
3187 4404 3387 4473 iniqui-

110 4502 284 4553 λεσεν
316 4513 330 4527 '
358 4496 481 4549 ἀντὶ
509 4493 628 4553 τοῦ.
658 4494 879 4558 Ἐπίθες
906 4495 1094 4556 αὐτοῖς
1131 4478 1350 4562 ἀνόμως
1374 4491 1512 4557 ζῶσι
1534 4511 1706 4563 τιμω-

108 4593 250 4663 ρίαν
284 4589 442 4653 ἀξίαν
471 4601 484 4615 ·
518 4588 616 4641 καὶ
649 4586 724 4658 μὴ
747 4585 986 4657 τύχωσιν
1017 4584 1242 4654 ἀγαθῶν
1275 4586 1310 4640 ἃ
1338 4588 1454 4650 τοῖς
1477 4585 1708 4650 δικαίοις

108 4680 323 4744 εἴωθας
352 4679 668 4745 ἀπονέμειν.

198 4891 223 4919 ι
254 4880 361 4936 lsa.
386 4895 557 4948 xum,
578 4881 633 4937 6.

1819 4504 1981 4548 tatem
2021 4494 2277 4549 vocavit:
2316 4494 2473 4563 quasi
2516 4494 2741 4559 diceret,
2787 4495 3009 4564 impone
3052 4493 3184 4564 ipsis
3223 4494 3386 4562 impie

1816 4584 2130 4640 viventibus
2164 4585 2386 4655 dignam
2416 4600 2654 4655 poenam,
2692 4595 2745 4639 ct
2776 4601 2844 4641 ne
2870 4586 3010 4641 bona
3045 4599 3388 4657 consequan-

1821 4688 1930 4741 tur,
1967 4693 2089 4748 qua:
2113 4679 2278 4748 justis
2306 4678 2635 4736 distribuere
2662 4680 2824 4736 soles.

1231 5082 1465 5139 VARIAZ
1519 5080 1908 5140 LECTIONES
1950 5081 2037 5135 ET
2068 5079 2298 5136 ΝΟΤᾸΞ.

200 5288 250 5320 ⁵⁸
282 5286 405 5341 cod.
444 5287 481 5340 2
512 5286 902 5351 Βαϐυλωνίοις.

116 5436 160 5482 2
189 5427 511 5492 διαπαντός.

119 5498 485 5569 (δημιουργὸν
533 5498 626 5553 τοῦ
654 5499 855 5569 παντὸς
899 5498 1119 5569 σταυρῷ
1171 5499 1624 5569 κατακρίναντες.

123 5709 265 5763 cod.
295 5708 317 5761 1
349 5710 498 5765 addit
527 5727 639 5777 σου,
677 5709 866 5778 sicque
891 5709 993 5779 leg.
1022 5712 1075 5764 in
1109 5720 1254 5763 thtu
1293 5710 1401 5763 τῶν
1422 5712 1476 5761 0¹

978 5286 1023 5320 ⁸⁸
1046 5289 1169 5359 cod.
1196 5287 1218 5341 1
1253 5297 1307 5359 et
1336 5288 1371 5342 2
1402 5289 1808 5359 χρησαμένους.

118 5360 161 5413 2
196 5357 399 5412 αὐτῶν.
480 5358 526 5391 ⁵³
552 5359 681 5413 Καί.
716 5359 837 5413 Des.
875 5358 928 5411 in
962 5358 1085 5413 cod.
1116 5357 1171 5411 2.
1249 5357 1292 5427 δέ
1326 5354 1453 5413 Οὖἱὶ
1498 5354 1685 5425 circa;

1791 5374 1931 5427 sror.
1963 5356 2086 5427 Des.
2117 5355 2179 5427 in
2219 5356 2342 5409 cod.
2375 5354 2425 5427 1]

1701 5498 1747 5529 "°
1787 5496 1907 5551 cnd.
1941 5494 1975 5548 2
2011 5498 2038 5547 6
2069 5495 2211 5557 θεῖος
2244 5494 2588 5555 Ἀπόστολος.

124 5569 266 5622 Des.
302 5568 355 5621 iu
386 5569 510 5622 cod.
542 5570 597 5623 2.
672 5569 718 5598 "
770 5568 873 5623 Μέ.
900 5571 1023 5623 cod.
1058 5568 1233 5637 1pm.
1310 5568 1509 5622 “cod.
1542 5569 1578 5622 2
1618 5585 1685 5622 πα

1791 5568 1926 5630 νίας.

121 5639 307 5693 Abest
335 5654 363 5691 a
390 5640 514 5693 cod.
541 5640 597 5695 2.
672 5639 718 5669 ⁷⁸
746 5640 865 5693 cod.
911 5640 935 5690 1
972 5652 1023 5692 et
1048 5639 1083 5692 2
1109 5634 1206 5707 τὴν
1240 5638 1490 5707 ἀνομίαν,
1515 5655 1680 5707 qlth

1793 5654 1875 5694 ec.
1918 5636 2077 5691 lectio
2107 5634 2161 5689 h.
2202 5637 2236 5689 1.

1887 5288 1931 5319 ⁸ο
1964 5286 2096 5340 Καί.
2131 5285 2254 5339 cod.
2294 5284 2317 5337 1
2346 5298 2533 5354 prmm.
2567 5282 2682 5338 τοῦ.
2738 5283 2785 5354 ί⁶¹
2816 5283 2938 5340 cod.
2968 5283 3002 5339 2
3033 5279 3143 5339 οἷα.
3203 5286 3246 5319 θ’
3270 5284 3396 5344 cod.

2505 5354 2548 5385 ⁸³
2571 5357 2692 5409 cod.
2710 5353 2763 5425 72
2792 5356 3129 5425 ἀνεχόμενοι.
3203 5357 3248 5388 ⁶⁶
3273 5358 3400 5414 cod.

589 5430 632 5460 "’
665 5430 793 5482 Καί.
819 5427 943 5481 cod.
978 5429 1002 5482 1
1059 5427 1185 5483 add.
1213 5426 1397 5497 μέντοι
1428 5428 1540 5482 καί.
1622 5424 1675 5460 ⁸⁸⁷

1791 5425 1919 5497 τῶν.
1950 5426 2144 5497 cod._2
2170 5424 2488 5497 prazmaoéa
2551 5425 2594 5456 ⁸⁹
2631 5424 2913 5497 ’ᾼδικήα
2935 5424 3055 5481 eod.
3091 5427 3274 5497 Ladd.
3310 5428 3404 5480 τὸν

2666 5494 2707 5524 ⁷³
2742 5494 2917 5565 κἈλλ*
2939 5526 3007 5535 —-
3030 5496 3400 5565 ,Baar'mujtsr.

2004 5564 2049 5596 "*
2078 5563 2340 5629 Τούτοις.
2379 5566 2499 5616 ‹-οι1.
2538 5566 2561 5617 1
2593 5566 2704 5625 τοῖς
2739 5564 3124 5629 Βαϐυλωνίοις.
3199 5563 3399 5618 “Kal.

2314 5636 2356 5667 '"
2387 5635 2503 5703 Μή.
2542 5634 2704 5689 Abest
2738 5636 2910 5707 acod.
2934 5634 2989 5688 2.
3064 5637 3110 5667 ⁷⁸
3140 5638 3404 5689 Auxuma.
