3900 6324
399 269 542 334 1475

1350 265 1847 328 THEODORETI
1912 264 2271 324 EPISCOPI
2340 264 2709 325 CYRENSIS

3521 258 3705 329 1376'

394 400 522 442 cum
551 383 924 454 blaspltemias
956 381 1223 444 audisses,
1268 381 1567 435 sceleratos
1606 379 1730 433 illos
1767 378 1977 432 allicere

2112 380 2214 449 ργή
2249 394 2367 431 σου.
2422 398 2440 430 ι
2479 374 2651 443 Εὐθὺς
2695 379 2795 448 τῆς
2829 380 3176 452 βλασφημίας
3214 383 3492 450 ἀκούτας,
3527 387 3669 449 ἡδᾷ-
3734 373 3749 381 ’

396 477 671 546 supplicio
721 474 970 545 potuisti,
1010 473 1106 527 scd
1154 488 1311 541 ωψιο
1345 473 1531 527 animo
1569 471 1763 537 tulisti,
1800 479 1982 524 muta-

400 568 604 620 tionem
642 573 985 633 exspectans.

472 658 684 730 1142
738 656 899 711 Vens.
937 656 990 712 9.
1059 675 1077 708 ι
1124 656 1195 711 με
1229 657 1368 712 ccelo
1404 655 1583 711 audiri
1618 655 1791 710 fecisti
1835 654 1983 724 judi-

399 751 569 805 cium.
614 768 632 801 ι
670 748 711 801 Ε
742 750 901 815 cmlo,
933 750 1131 819 inquit,
1163 749 1464 804 sententias
1501 749 1823 819 pronuntias
1854 761 1985 800 con-

399 850 481 894 tra
512 855 651 908 quos
688 840 946 894 volueris.
1002 839 1117 893 Hoc
1163 841 1404 908 quidem,
1439 858 1457 891 ι
1499 839 1675 892 audiri
1720 837 1919 901 fecisti,
1958 854 1978 888 ι

398 931 721 985 audiendum
754 930 1007 999 prwbebis
1042 932 1409 1002 Symmachus
1443 930 1603 984 dixit.

478 1044 498 1078 ι
535 1024 704 1078 Terra
729 1024 931 1087 timuit,
951 1031 1006 1078 et
1030 1025 1254 1093 quievit,
1282 1021 1469 1095 lens.
1499 1021 1586 1095 10]
1635 1023 1760 1075 dum
1789 1036 1984 1077 exsur-

399 1122 551 1184 geret
598 1114 651 1167 in
682 1113 950 1182 judicium
990 1112 1156 1176 Deus,
1216 1122 1275 1167 ιιι
1322 1114 1504 1167 salvos
1557 1113 1760 1167 faceret
1796 1125 1986 1167 omnes

401 1214 721 1260 mansuetos
776 1213 956 1258 terrae.
1014 1223 1034 1256 ι
1077 1202 1324 1270 Timore,
1370 1204 1568 1276 inquit,
1619 1204 1821 1274 impleti
1860 1212 1987 1258 sunt

402 1313 617 1363 omnes,
670 1306 725 1352 et
775 1297 845 1350 ab
884 1299 1091 1367 impetu
1144 1306 1334 1352 contra
1373 1312 1474 1352 nos
1524 1306 1829 1363 cessarunt,
1862 1312 1983 1350 cum

401 1389 657 1445 viderent
684 1395 758 1452 te,
789 1388 958 1442 veluti
990 1387 1285 1458 quemdam
1315 1389 1575 1457 jtulieem,
1607 1390 1660 1442 in
1700 1389 1821 1443 illos
1862 1388 1987 1457 qui-

402 1482 525 1534 dem
556 1479 882 1534 sententiam
923 1479 1240 1547 protulisse,
1291 1489 1344 1534 et
1380 1495 1475 1534 eos
1506 1480 1602 1550 qui
1639 1480 1806 1534 rectis
1834 1479 1985 1551 cogi-

405 1574 707 1628 tationibus
741 1575 823 1628 usi
856 1582 1014 1638 sunt,
1044 1583 1096 1628 et
1126 1573 1219 1644 qui
1253 1582 1399 1628 tuam
1440 1589 1597 1644 opem
1634 1574 1984 1640 annuntiant,

411 1664 609 1720 salutis
634 1668 915 1734 compotes
947 1664 1122 1720 factos
1156 1664 1346 1720 fuisse.

479 1754 640 1810 Vens.
680 1755 766 1811 11.
805 1774 824 1807 ι
876 1756 1153 1820 Quoniam
1205 1756 1464 1826 cogitatio
1493 1756 1732 1812 hominis
1763 1758 1989 1812 contite-
2019 1735 2063 1793 Β

404 1846 552 1901 bitur
605 1846 723 1911 tibi,
770 1854 823 1900 et
871 1840 1115 1917 reliquiae
1169 1846 1520 1915 cegitationis
1584 1847 1725 1900 diem
1789 1848 1986 1902 festum

415 1948 577 2008 agent
612 1939 729 1992 tibi.
762 1958 779 1990 ι
807 1938 941 1993 Cum
972 1940 1090 1994 haec
1124 1940 1260 1993 bona
1294 1939 1573 1993 consecuti
1605 1940 1798 2005 simus,
1836 1940 1992 2010 hym-

412 2041 606 2080 norum
641 2027 826 2080 cantui
854 2027 1216 2097 cogitationes
1267 2043 1676 2093 consecramus,
1715 2045 1780 2083 ne
1827 2030 1992 2083 mini-

409 2134 554 2173 mam
589 2118 808 2187 quidem
838 2133 1033 2172 earum
1067 2126 1281 2187 partem
1306 2116 1359 2170 in
1384 2117 1546 2171 aliam
1595 2134 1779 2172 curant
1816 2128 1995 2174 trans-

413 2209 674 2264 ferentes.

482 2300 646 2356 Vens.
678 2301 763 2353 12.
803 2318 822 2351 ι
874 2299 1104 2364 Vovete,
1154 2308 1208 2353 et
1253 2301 1468 2355 πριιιΙίιο
1501 2300 1730 2355 Domino
1760 2298 1870 2355 Deo
1896 2316 1993 2355 no-

409 2394 545 2448 stro.
589 2412 607 2444 ι
662 2392 794 2446 Sese
831 2392 1064 2446 invicem
1118 2392 1499 2457 cohortantur,
1559 2402 1618 2446 ut
1670 2392 1994 2461 promittant

408 2484 572 2549 dona,
629 2492 681 2537 et
739 2483 1129 2553 promissiones
1176 2482 1476 2552 perficiant.
1531 2481 1713 2552 Turpe
1756 2483 1899 2537 enim
1939 2493 1993 2537 et

409 2574 605 2644 ingrati
640 2573 805 2627 animi
839 2575 1042 2627 crimen
1076 2583 1178 2638 est,
1210 2575 1253 2629 si
1308 2574 1524 2628 ﬁnitimi
1555 2575 1773 2644 quidem
1803 2574 1872 2629 ob
1920 2576 1992 2630 ti-

410 2680 614 2719 morem
654 2665 756 2719 hoe
788 2662 1017 2729 faciunt,
1047 2664 1127 2717 illi
1157 2673 1340 2719 autem
1372 2665 1466 2734 qui
1502 2665 1826 2719 beneficium
1855 2681 1992 2721 con-

411 2758 584 2813 secuti
638 2767 791 2823 sunt,
838 2756 1039 2826 ingrati
1101 2756 1268 2811 anitni
1323 2757 1515 2811 morbo
1564 2758 1834 2814 laborant.
1879 2757 1994 2815 Hoc

408 2850 554 2903 enim
583 2864 677 2918 per
716 2864 779 2902 ea
819 2865 939 2917 quae
967 2859 1272 2918 sequuntur
1301 2850 1557 2905 ostendit.

494 2943 556 2992 ἰ
601 2939 804 2994 Omnes
847 2940 940 3009 qui
993 2941 1046 2994 itt
1094 2941 1325 2994 circuitu
1377 2941 1499 3010 ejus
1561 2950 1719 3007 sunt,
1768 2941 1993 2997 aﬂ‘crent

2086 486 2217 522 νασο
2242 470 2367 533 τοὺς
2397 469 2712 541 ἀλιτηρίους
2751 472 3014 535 κολάσαι,
3044 473 3158 527 ἀλλ’
3189 476 3673 547 ἐμακροθύμησας

2088 562 2415 632 προσμένων
2443 563 2542 632 τὴν
2580 563 2901 634 μεταϐολήν.

2158 652 2223 708 θ’.
2263 673 2281 706 ι
2314 652 2413 707 Ἐκ
2444 654 2538 708 τοῦ
2568 656 2798 725 ούρανοῦ
2831 657 3126 727 ὴκούτισας
3175 659 3379 730 κρίσιν,
3417 679 3437 712 ι
3480 662 3671 717 Ἀνω-

2094 747 2186 800 θεν
2208 786 2223 811 ,
2260 748 2425 818 φησὶν
2448 791 2464 813 ,
2499 749 2755 819 ἐκφέρεις
2792 748 2891 814 τὰς
2931 751 3146 823 ψήφους
3175 754 3297 807 καθ’
3327 748 3401 808 ὧν
3431 756 3673 821 ἐθέλεις.

2089 839 2161 892 Τὸ
2191 840 2373 909 μέντοι
2414 861 2433 894 ι
2484 842 2781 912 ἡκούτισας
2802 846 2846 877 ⁷¹¹
2869 884 2885 911 ,
2923 865 2943 899 ι
2970 845 3287 917 ἀκουστὴν
3315 850 3599 918 ποιήσεις
3621 854 3673 885 ⁸⁸

2087 936 2116 986 ὁ
2144 920 2445 1005 Σύμμαχος
2470 938 2711 1007 εἴρηκεν.

2165 1042 2184 1076 ι
2225 1025 2300 1095 Γῆ
2340 1025 2613 1097 ἐφοϐήθη,
2659 1028 2756 1083 καὶ
2783 1029 3077 1100 ἡσύχασεν,
3109 1031 3164 1103 [ι’
3190 1031 3288 1105 ]ἐν
3315 1034 3394 1106 τῷ
3426 1036 3673 1107 ἀναστῆ-

2092 1133 2182 1171 ναι
2222 1118 2303 1181 εἰς
2345 1117 2528 1188 κρίσιν
2570 1118 2661 1174 τὸν
2706 1115 2872 1188 Θεὸν,
2911 1121 3006 1177 τοῦ
3061 1124 3234 1179 σῶσαι
3279 1127 3489 1192 πάντας
3534 1131 3673 1194 τοὺς

2103 1212 2305 1280 πραεῖς
2354 1210 2454 1281 τῆς
2496 1211 2602 1282 γῆς
2622 1212 2693 1267 ⁸⁸.
2758 1233 2777 1267 ι
2830 1216 3026 1281 Δέους,
3062 1221 3262 1288 φησὶν,
3307 1222 3674 1294 ἐπλήσθησαν

2097 1300 2356 1365 ἅπαντες,
2391 1304 2487 1357 καὶ
2519 1305 2621 1376 τῆς
2654 1306 2776 1359 καθ’
2804 1307 2963 1378 ἡμῶν
2995 1311 3305 1365 ἐπαύσαντο
3330 1314 3669 1386 προσᾶολῆς,

2097 1393 2425 1464 θεασάμενοί
2462 1413 2522 1448 σε
2552 1397 2808 1470 καθάπερ
2836 1401 2958 1455 τινὰ
2978 1402 3260 1474 δικαστὴν,
3284 1408 3404 1459 κατ’
3437 1409 3676 1462 ἐκείνων

2094 1483 2194 1554 μὲν
2233 1484 2591 1555 ἐξενεγκόντα
2620 1489 2724 1560 τὴν
2768 1490 2978 1562 ψῆφον,
3022 1494 3151 1558 τοὺς
3194 1495 3253 1549 δὲ
3298 1497 3474 1569 ὀρθοῖς
3510 1499 3673 1567 λογι-

2096 1578 2255 1645 σμοῖς
2281 1574 2689 1647 χρησαμένους,
2718 1581 2815 1634 καὶ
2843 1582 2944 1654 τὴν
2975 1584 3076 1655 σὴν
3111 1585 3363 1657 βοήθειαν
3392 1591 3673 1659 ἀπαγγεί-

2092 1665 2291 1731 λαντας
2308 1669 2352 1700 ⁶²
2373 1709 2389 1732 ,
2424 1670 2524 1739 τῆς
2554 1673 2830 1742 σωτηρίας
2859 1678 3246 1745 τετυχηκότας.

2164 1766 2253 1813 ια’.
2315 1777 2335 1811 ι
2379 1761 2502 1815 Ὅτι
2537 1762 2790 1834 ἐνθύμιον
2808 1766 2854 1798 ⁸⁸
2891 1766 3179 1838 ἀνθρώπου
3208 1771 3675 1842 ἐξομολογήσεται

2095 1867 2176 1903 σοι
2206 1891 2221 1914 ,
2262 1851 2358 1905 καὶ
2387 1854 2434 1885 ⁸⁸
2469 1855 2893 1928 ἐγκατάλειμμα
2921 1859 3178 1930 ἐνθυμίου
3212 1865 3461 1934 ἑορτάσει
3495 1883 3601 1920 σοι.
3645 1886 3669 1919 ι

2095 1939 2316 1995 Τούτων
2361 1942 2771 2011 ἀπολαύσαντες
2812 1948 2922 2002 τῶν
2970 1952 3223 2019 ἀγαθῶν,
3260 1957 3339 2019 είς
3387 1957 3675 2027 ὑμνῳδίαν

2097 2031 2439 2103 ἀφιεροῦμεν
2476 2037 2601 2098 τοὺς
2631 2036 2924 2109 λογισμοὺς
2944 2078 2957 2103 ,
2997 2043 3119 2095 οὑδέ
3150 2045 3321 2115 βραχὺ
3352 2047 3530 2100 αὐτῶν
3558 2050 3673 2118 μό-

2098 2139 2214 2192 ριον
2244 2124 2323 2186 εἰς
2353 2124 2548 2196 ἑτέραν
2583 2127 2935 2197 ἀσχολοῦντες
2966 2134 3240 2201 φροντίδα.

2165 2300 2282 2392 ιβ’.
2313 2320 2333 2354 ι
2396 2303 2679 2372 Εὕξασθε,
2737 2308 2829 2362 καὶ
2894 2312 3119 2365 ἀπόδοτε
3179 2315 3367 2386 Κυρίῳ
3417 2320 3494 2388 τῷ
3542 2320 3673 2392 θεῷ

2090 2392 2250 2462 ἡμῶν
2271 2391 2341 2449 ⁸⁵.
2401 2413 2420 2446 ι
2453 2396 2732 2465 Ἀλλήλοις
2780 2401 3158 2469 ἐγκελεύονται
3203 2407 3297 2460 καὶ
3328 2391 3670 2481 ὑποσχέσθαι

2090 2482 2257 2579 δῶρα,
2297 2487 2392 2539 καὶ
2442 2488 2732 2559 πληρῶσαι
2775 2492 2873 2552 τὰς
2904 2494 3249 2567 ὑποσχέσεις.
3288 2502 3521 2574 Αίσχρὸν
3549 2506 3673 2579 γὰρ

2091 2575 2186 2627 καὶ
2230 2576 2628 2648 ἀγνωμοσύνης
2662 2584 2856 2651 μεστὸν
2876 2625 2892 2650 ,
2923 2588 3049 2651 τοὺς
3084 2590 3184 2658 μὲν
3217 2592 3452 2662 ὁμόρους
3478 2575 3672 2650 ἄπαν-

2090 2683 2190 2758 τας
2221 2667 2382 2721 τοῦτο
2411 2670 2607 2740 δράσαι
2637 2672 2724 2725 διὰ
2764 2674 2824 2728 τὸ
2868 2676 2986 2741 δέος
3010 2719 3026 2744 ,
3054 2682 3182 2742 τοὺς
3208 2682 3265 2735 δὲ
3295 2684 3395 2753 τῆς
3434 2687 3668 2758 εὐεργε-

2092 2756 2211 2850 σίας
2243 2761 2611 2850 τετυχηκότας
2649 2763 2944 2838 ἀχαριστίᾳ
2969 2768 3016 2800 ⁸⁸
3062 2772 3310 2842 νοσῆσαι.
3356 2756 3671 2850 Τοῦτοίγάρ

2089 2848 2177 2901 διὰ
2208 2849 2316 2902 τῶν
2346 2852 2701 2923 ἐπαγομένων
2730 2857 2985 2927 ἐδήλωσε.

2167 2956 2185 2989 ι
2228 2940 2436 3005 Πάντες
2485 2943 2536 2995 οἱ
2568 2944 2752 3016 κύκλῳ
2785 2949 2949 3001 αὑτοῦ
2996 2951 3203 3007 οἴσουσι
3249 2953 3398 3026 δῶρα
3443 2958 3520 3029 τῷ
3561 2968 3669 3029 φο·-

412 3046 644 3086 munera
682 3031 936 3086 terribili.
972 3031 1166 3103 [Vens
1209 3031 1322 3104 15.}
1353 3032 1419 3087 Et
1456 3033 1506 3088 ei
1535 3034 1628 3103 qui
1665 3033 1841 3089 aufert
1882 3036 1989 3104 spi-

2108 3026 2410 3130 ΞερῷὖιγῚ
2462 3035 2559 3130 καὶ
2588 3037 2977 3130 ἀφαιρουμένῳ
3025 3044 3312 3115 πνεύματα
3342 3026 3668 3120 ἀρχόντων,

413 3123 580 3177 ritum
621 3123 952 3192 principum,
992 3123 1220 3177 terribili
1254 3124 1394 3193 apud
1439 3140 1592 3195 reges
1617 3134 1792 3180 terrm.
1837 3144 1855 3176 ι
1891 3125 1988 3180 Af-

413 3214 587 3268 ferent
651 3223 830 3265 autem
880 3212 1061 3279 dona,
1123 3229 1248 3268 cum
1287 3224 1508 3283 propter
1539 3216 1683 3270 edita
1731 3217 1990 3273 miracula

413 3302 788 3373 perterrefacti
840 3301 1063 3369 fuerint,
1098 3318 1163 3356 ae
1213 3318 1394 3357 rerum
1455 3313 1653 3359 eventu
1702 3305 1994 3361 didicerint

414 3397 591 3465 ipsum
636 3409 761 3448 vere
805 3392 973 3446 Deum
1019 3408 1162 3458 esse,
1212 3394 1307 3463 qui
1355 3396 1689 3463 potentibus,
1731 3405 1785 3451 et
1838 3406 1995 3454 terra:

418 3483 629 3558 1143
663 3485 938 3556 imperare
970 3501 1029 3542 se
1062 3486 1440 3556 epinantibus,
1472 3496 1704 3544 mortem
1737 3488 1920 3545 infert.

760 3722 1090 3778 INTERPR.
1112 3756 1113 3759 η
1135 3721 1388 3778 PSALMI
1428 3722 1656 3779 LXXVI.

487 3835 653 3892 Vens.
691 3836 744 3890 1.
801 3854 820 3888 ι
870 3835 937 3890 ln‘
987 3836 1184 3903 ﬁnem,
1232 3852 1328 3907 pro
1391 3836 1686 3892 lditltumo.
1746 3838 1994 3894 Psalmus

2097 3120 2314 3213 φοϐερῷ
2355 3124 2509 3195 παρὰ
2550 3131 2663 3191 τοῖς
2714 3129 2993 3198 βασιλεῦσι
3026 3135 3127 3205 τῆς
3153 3137 3282 3206 γῆς.
3326 3159 3345 3192 ι
3394 3143 3673 3213 Κομιοῦσι

2092 3210 2149 3266 δὲ
2179 3215 2246 3266 τά
2274 3214 2458 3286 δῶρα,
2508 3218 2612 3271 ὑπὸ
2649 3221 2758 3274 τῶν
2796 3228 3184 3297 γεγενημένων
3223 3210 3672 3303 ἐκδειματωθένο

2092 3318 2184 3399 τες
2203 3303 2248 3335 ⁸⁷
2277 3304 2573 3399 θαυμάτων
2592 3350 2607 3375 ,
2641 3313 2736 3366 καὶ
2764 3313 2853 3366 διὰ
2882 3317 2991 3370 τῶν
3025 3321 3370 3391 πραγμάτων
3413 3328 3674 3399 μεμαθη-

2094 3392 2270 3483 κότες,
2305 3395 2381 3458 ὡς
2415 3389 2571 3462 οὗτος
2593 3401 2638 3433 ⁸⁸
2675 3403 2891 3473 ἀληθῶς
2924 3407 3159 3480 ὑπάρχει
3180 3389 3335 3480 Θεὸς,
3374 3389 3520 3469 δ’κοὶι
3548 3389 3674 3483 τοῖς

2091 3482 2523 3579 δυναστεύουσι,
2551 3493 2643 3546 καὶ
2679 3495 2778 3566 τῆς
2816 3500 2920 3569 γῆς
2965 3498 3271 3569 βασιλεύειν
3302 3507 3673 3579 ὑπειληφόσι,

2010 3640 2035 3656 κ
2094 3574 2323 3635 θάνατον
2361 3582 2583 3652 ἐπάγων
2612 3584 2678 3641 ⁸9.

2397 3719 2666 3777 ΕΡΜΗΝ.
2707 3725 2845 3779 ΤΟΥ
2881 3725 2998 3796 0C."
3034 3730 3354 3789 ΨΛΛΜΟΥ.

2166 3847 2202 3884 α
2227 3869 2245 3887 .
2288 3849 2308 3882 ι
2364 3833 2460 3897 El;
2507 3835 2567 3888 τὸ
2598 3836 2778 3903 τέλος,
2833 3839 2974 3912 ὑπὲρ
3007 3842 3277 3914 Ἰδιθοὺμ,
3326 3847 3545 3920 ψαλμὸς
3585 3851 3675 3919 τῷ

414 3929 621 3998 Asaph.
646 3947 665 3980 ι
696 3927 1083 3998 Symmachus,
1120 3943 1212 3996 per
1263 3925 1620 3981 Idithumum.
1683 3926 1818 3983 Huic
1865 3943 1989 3983 vero

2108 3920 2264 4014 ᾈσάφ
2288 3922 2354 3976 ⁸⁸.
2400 3942 2418 3975 ›
2475 3924 2533 3977 Ὀ
2573 3924 2628 3978 δὲ
2662 3928 2994 4001 Σύμμαχος,
3038 3932 3135 3988 διὰ
3181 3918 3455 4010 Ἰδιθούμ.
3492 3943 3672 4014 Χορὸν

415 4023 585 4075 etiam
639 4019 846 4073 chorus
885 4018 1054 4072 Deum
1090 4019 1434 4074 laudantium
1470 4019 1808 4075 commissus
1856 4029 1989 4076 erat.

2108 4012 2154 4065 Βέ
2182 4014 2274 4067 καὶ
2307 4015 2469 4081 αὑτὸς
2498 4017 2863 4075 ἐπεπίστευτο
2893 4023 2984 4076 τὸν
3002 4026 3050 4057 ’⁹¹
3083 4025 3214 4082 Θεὸν
3239 4012 3624 4099 ἀνυμνούντων
3658 4055 3672 4069 ⁸

417 4112 575 4167 lluuc
606 4112 772 4181 igitur
807 4113 1076 4181 psalmum
1111 4113 1293 4182 Asaph
1333 4113 1417 4167 vel
1451 4113 1568 4183 ipse
1596 4113 1752 4176 dixit,
1781 4113 1863 4166 vel
1894 4112 1989 4166 Da-

2108 4105 2289 4160 τοῦτον
2325 4109 2506 4163 τοίνυν
2550 4111 2577 4164 ό
2627 4113 2832 4183 Ἀσάφ,
2864 4115 2897 4187 ἦ
2931 4117 3091 4182 αὐτὸς
3120 4120 3376 4191 εἰρηκὼς,
3409 4123 3440 4193 ἧ
3468 4128 3533 4196 τῇ
3569 4128 3674 4181 τοῦ

417 4201 560 4254 vidis
598 4201 975 4256 vaticinationi
1008 4203 1324 4258 subserviit.
1363 4202 1619 4257 Decidere
1645 4204 1786 4255 enim
1817 4203 1880 4258 de
1907 4218 1989 4256 re-

2108 4198 2261 4253 Δαϐὶδ
2292 4201 2583 4273 ὑπουργῶν
2611 4208 2937 4281 προφητείᾳ.
2968 4210 3377 4283 Ἀποφήνασθαι
3403 4216 3511 4287 γὰρ
3534 4223 3677 4290 περὶ

418 4294 520 4346 bus
557 4292 759 4358 dubiis,
808 4294 1054 4363 periculo
1103 4310 1211 4348 non
1249 4303 1425 4347 vacat.
1458 4292 1725 4346 Caeterum
1756 4292 1989 4361 praedicit

2108 4290 2206 4344 τῶν
2244 4294 2742 4367 ἀμφιϐαλλομένων
2771 4301 2872 4353 οὑκ
2904 4303 3206 4361 ἀκίνδυνον.
3240 4308 3503 4377 Προλέγει
3532 4310 3591 4364 δὲ
3622 4315 3675 4344 θ’

416 4384 822 4449 Israelitarum,
871 4386 965 4454 qui
1003 4385 1277 4457 Babylone
1335 4386 1542 4439 servire
1604 4385 1783 4438 coacti
1829 4391 1989 4445 sunt,

2108 4379 2218 4475 τῶν
2251 4384 2308 4435 ἐν
2347 4383 2627 4440 Βαϐυλῶνι
2661 4389 2935 4445 δουλεύειν
2965 4395 3402 4467 ἠναγκασμένων
3446 4400 3679 4475 Ἰσραη-

417 4477 683 4545 ancipites
712 4478 1103 4545 cogitationum
1153 4485 1353 4540 motus,
1386 4485 1438 4529 et
1472 4475 1686 4529 dolores
1724 4476 1812 4542 qui
1870 4473 1989 4527 hinc

2108 4472 2297 4540 λιτῶν,
2350 4477 2572 4540 καὶτὰς
2624 4479 2732 4536 τῶν
2764 4481 3039 4555 λογισμῶν
3090 4487 3391 4558 διχονοίας,
3438 4470 3539 4549 καὶ.
3571 4470 3680 4561 τάς

416 4568 765 4622 emanabant.
806 4569 973 4624 Docet
1031 4580 1214 4623 autem
1246 4584 1385 4636 quas
1415 4582 1604 4636 preces
1652 4582 1750 4636 par
1782 4573 1899 4620 erat
1928 4564 1989 4619 il-

2108 4564 2351 4618 ἐντεῦθεν
2401 4568 2677 4637 φυομένας
2725 4573 2936 4639 ὀδύνας.
2993 4579 3250 4635 Διδάσκει
3280 4582 3337 4635 δὲ
3372 4586 3467 4638 καὶ
3509 4586 3681 4642 ποίαν

419 4657 500 4712 los
526 4657 637 4712 Deo
668 4658 885 4726 offerre,
917 4660 1187 4714 malorum
1223 4658 1594 4710 liberationem
1630 4655 1989 4724 postulantes.

2108 4654 2296 4718 αὐτοὺς
2334 4661 2603 4728 προσήκει
2639 4661 2716 4733 τῷ
2756 4663 2874 4729 Θεῷ
2913 4672 3302 4739 προσενεγκεῖν
3338 4669 3678 4745 προσευχὴν.

419 4747 701 4803 Fortnavit
731 4766 861 4805 vero
890 4750 1182 4819 psalmum.
1220 4756 1479 4815 tauquam
1516 4748 1559 4801 si
1589 4746 1663 4801 illi
1696 4756 1816 4816 post
1871 4750 1989 4803 red-

2108 4746 2195 4816 τὴν
2260 4749 2370 4803 τῶν
2417 4751 2605 4806 κακῶν
2664 4755 2951 4822 αἰτοῦντας
2998 4761 3342 4835 ἀπαλλαγήν.
3397 4765 3684 4837 Ἐσχημά-

418 4838 554 4894 itum
591 4840 710 4897 haec
757 4850 1067 4904 narrarent,
1097 4846 1152 4893 et
1188 4836 1358 4891 Deum
1411 4836 1660 4893 laudibus
1693 4852 1988 4908 proseque-

2108 4858 2211 4892 τισε
2262 4841 2318 4894 δὲ
2364 4842 2455 4896 τὸν
2503 4843 2737 4914 ψαλμὸν,
2787 4847 2863 4911 ὡς
2891 4852 3029 4919 μετὰ
3058 4851 3155 4923 τὴν
3184 4855 3447 4909 ἐπάνοδον
3490 4836 3681 4915 ταῦτα.

416 4940 622 4989 rentur.
2094 4932 2234 4986 αὐτὰ
2253 4934 2298 4967 ⁸³
2320 4934 2717 5006 διηγουμένων,
2750 4940 2849 4993 καὶ
2875 4941 2966 4995 τὸν
2991 4943 3124 4999 Θεὸν
3153 4946 3559 5018 ἀνυμνούντων.

1510 5165 1741 5223 VARle
1778 5169 2164 5226 LECTIONES
2190 5171 2276 5225 ET
2316 5170 2542 5227 NOTAE.

488 5311 536 5344 ⁷⁸
587 5309 952 5390 Ἠκοῷτισας.
987 5314 1110 5370 cod.
1133 5317 1168 5371 2
1193 5317 1319 5376 add.
1341 5320 1544 5390 κρίσιν.
1622 5325 1670 5356 ⁸⁰
1709 5327 1830 5381 cod.
1860 5327 1894 5379 2
1916 5345 1985 5381 πο

423 5378 550 5430 Rec.
608 5381 767 5430 ICClIO
816 5391 899 5430 est.
947 5385 1010 5430 τῆ
1065 5388 1257 5430 καηδίη
1354 5392 1400 5423 δι
1439 5396 1537 5430 ρηιΙ
1593 5396 1627 5430 ι)
1661 5395 1989 5430 “nomen.”

2113 5347 2148 5383 t.
2224 5329 2269 5361 "
2317 5330 2429 5397 Τῆς
2473 5328 2602 5397 γῆς.
2631 5329 2707 5383 lta
2766 5330 2869 5400 leg.
2906 5329 2958 5384 in
2991 5330 3120 5386 edit.
3180 5331 3299 5389 Ald.
3345 5342 3399 5389 et
3452 5333 3686 5409 Compl,

2191 5399 2237 5430 8³
2289 5400 2604 5430 ’Πιιηιζηιηυ
2677 5401 2820 5430 [Inlu-
2882 5413 3013 5430 ἰι-ις-
3082 5403 3164 5430 ἕ...-
3223 5401 3407 5430 Qun...“
3474 5404 3658 5430 (1-..-2-

423 5381 550 5433 Rec.
608 5381 767 5433 lectio
816 5391 899 5436 est
947 5385 1010 5455 τῇ
1065 5388 1279 5453 καρδία.
1354 5381 1400 5423 ⁸⁵
1439 5396 1560 5448 cod.
1593 5396 1628 5448 2
1661 5395 1989 5462 ὲπαγγείλαν

422 5448 469 5479 ⁸⁵
508 5445 616 5500 Kal
647 5477 716 5487 —
740 5449 857 5503 σοί.
891 5450 1054 5508 Hebr.
1086 5475 1098 5511 :
1124 5443 1355 5512 Residuo
1374 5463 1576 5512 irarum
1612 5466 1853 5512 accinues
1888 5476 1954 5512 te-

2108 5438 2115 5452 .
2191 5399 2237 5431 ⁸³
2289 5381 2621 5466 Ἑνῖἆύίιιὸῖρ.
2677 5381 2847 5453 Hebr?
2880 5413 3032 5465 nm,
3082 5403 3185 5464 ira,
3223 5381 3431 5472 Srmtn.

2108 5485 2203 5512 Im-
2243 5468 2493 5512 λείψανον
2519 5469 2694 5512 θύιιοῦ
2719 5470 3017 5512 τρηιινιηῖιέν
3114 5471 3162 5505 ⁸³
3213 5471 3401 5512 Ἧιιιῗιν
3442 5473 3687 5512 [ιιι-ηομ».

845 5491 857 5503 .
891 5468 1054 5508 neur.
1086 5468 1576 5516 :Itesiduoirarum
1612 5468 1853 5534 accinges
1888 5476 1955 5531 te,

2108 5485 2204 5522 tm.
2243 5468 2493 5542 λείψανον
2519 5469 2694 5537 θυμοῦ
2719 5470 3038 5540 περιζωθέν.
3114 5471 3162 5505 ⁸³
3213 5468 3418 5542 Ἠλιῶν.
3441 5468 3693 5538 Ρτιέςιεῖῑ

425 5528 587 5580 lectio
625 5528 799 5599 ὑμῶν.
858 5551 1020 5606 quam
1069 5539 1269 5595 habent.
1323 5546 1542 5613 quidam
1600 5547 1721 5601 libri
1769 5528 1989 5604 veteres

422 5597 602 5650 cod.2
636 5608 960 5650 nrmm.mt_
1037 5610 1082 5641 οη
1125 5608 1314 5650 nan...
1393 5615 1549 5650 stm-
1599 5632 1626 5650 .-
1676 5618 1775 5650 ..ηδ
1843 5619 1877 5650 ε)
1971 5622 1989 5650 ιι

2108 5553 2208 5604 3hr.
2251 5528 2482 5612 ῠοδηῆδι.
2589 5528 2636 5583 δ⁸
2676 5528 2805 5606 cod:
2927 5528 3286 5626 ἀχαριστίαν..
3353 5528 3689 5631 "Etcf-et};

2108 5621 2146 5650 ..Ι
2201 5623 2234 5650 ο
2269 5623 2496 5650 λ-Ᾰ-υρ...
2537 5622 2611 5650 ἒ...
2635 5624 2829 5650 ,ιη-..ιιι
2964 5625 3010 5650 an
3054 5625 3093 5650 ’Δ
3116 5625 3234 5650 ηιξ--
3312 5626 3470 5650 “LL...
3515 5648 3524 5650 _
3553 5633 3640 5650 19-0

530 5608 1082 5694 εηξηρνῇιιέἷθκαίκβθ
1125 5608 1355 5694 91530;}-
1386 5615 1550 5694 Abest
1598 5632 1627 5669 a
1660 5618 1797 5694 cod.
1971 5622 1989 5651 ⁸

2108 5621 2172 5694 ul.
2201 5608 2496 5694 2_é7§dit_5_tv
2534 5622 2852 5694 δυνάμενος.

424 5625 542 5649 um.
571 5625 602 5650 ε.
636 5625 819 5669 praem.
846 5625 961 5663 και.
1037 5625 1082 5641 υτ·
1125 5625 1332 5677 υῠτος.
1386 5625 1550 5669 Abest
1598 5632 1627 5669 a
1676 5625 1797 5671 cod.
1843 5625 1898 5673 2.
1971 5625 1989 5651 ⁸

424 5664 657 5727 habebat
684 5672 863 5729 Δαϐίδ.
976 5680 1017 5711 ⁹¹
1051 5681 1170 5736 cod.
1203 5682 1239 5734 2
1265 5682 1395 5739 τῶν.
1497 5685 1543 5716 ⁰²
1574 5687 1696 5741 cod.
1736 5686 1771 5739 2
1803 5687 1920 5756 μέν.

2108 5625 2169 5673 ιιι.
2201 5625 2235 5674 2
2269 5625 2496 5688 ἐπάγειν
2534 5625 2852 5694 δυνάμενος.
2964 5625 3010 5664 ’θ
3042 5625 3255 5694 Ἀσάφ.
3312 5626 3470 5682 Prior
3500 5625 3694 5690 editio

2108 5690 2195 5746 0d.
2225 5692 2260 5744 2
2286 5692 2485 5745 αὐτῶν.
