3854 6326
61 261 209 331 1477

1365 261 1447 322 ΙΝ
1477 262 1612 324 PSA
1623 262 1688 324 L.
1729 260 1984 323 LXXVI.

3205 254 3342 323 14⁷78

134 404 205 471 βν,
250 422 269 453 Α
320 398 477 470 Φωνῇ
518 413 621 466 μου
670 395 809 465 πρὸς
840 390 1046 463 Κύριον
1082 392 1382 463 ἐκέκραξα,
1427 394 1582 464 φωνῇ
1611 393 1657 425 ιη

1832 393 1994 450 Vens.
2030 393 2084 462 2,
2135 411 2153 446 ι
2192 391 2342 450 V'occ
2383 406 2503 450 mea
2536 393 2600 449 ad
2636 391 2922 447 Dominum
2961 388 3214 457 clamavi,
3248 401 3354 456 vo-y

60 511 170 564 μου
202 494 345 564 πρὸς
367 491 461 544 τὸν
488 488 645 545 Θεὸν.
679 487 776 540 καὶ
801 485 1075 555 προσέσχε
1105 501 1218 554 μοι.
1254 504 1272 535 ι
1307 484 1649 547 Σπουδαίως,

1756 502 1818 543 ce
1866 502 1985 543 mea
2024 487 2091 542 ad
2129 488 2323 553 Deum,
2367 498 2420 544 et
2471 486 2699 543 attendit
2741 484 2807 540 ad
2847 498 2955 538 me.
3002 500 3020 533 ι
3062 482 3341 549 Studiose,

57 584 236 654 φησὶ,
284 582 382 653 τὴν
428 578 742 651 προσευχὴν
781 578 1190 648 προσενήνοχα,
1229 575 1326 629 καὶ
1366 573 1654 642 συντόμως

1783 581 1954 649 nquit,
1997 595 2188 649 preces
2236 582 2433 647 obtuli,
2470 589 2523 636 et
2557 580 2741 635 statim
2791 577 3073 648 petitionis
3117 588 3344 645 compos

54 677 166 745 τὴν
218 676 440 745 αἴτησιν
491 670 706 725 ἔλαϐον.
762 665 896 721 Εἶτα
946 668 1040 720 τὸν
1077 667 1284 721 τούτων
1318 667 1364 699 ⁸⁸
1412 664 1655 719 διδάσκει

1783 681 1934 727 actus
1968 688 2114 728 sum.
2149 673 2356 729 Deinde
2385 674 2582 728 borum
2613 682 2829 742 tempus
2865 671 3043 725 docet.

57 766 282 837 καιρόν.

135 882 208 944 γ’.
240 896 259 927 ι
294 874 387 929 Ἐν
416 874 604 945 ἡμέρᾳ
629 870 862 940 θλίψεως
896 888 997 941 μου
1020 870 1111 922 τὸν
1131 869 1271 922 Θεὸν»
1295 867 1650 939 ἐξεζήτησα.»

55 972 317 1031 Ὀδύναις
370 967 481 1036 γὰρ
535 963 868 1034 βαλλόμενος
909 961 1185 1030 ἐπιμελῶς
1214 960 1313 1030 τὴν
1344 960 1498 1012 θείαν
1538 961 1658 1011 ἐπι-

59 1056 299 1128 κουρίαν
334 1052 642 1125 ἐξεζήτησα
664 1069 679 1084 ·
716 1066 779 1105 το
834 1053 943 1122 γὰρ
993 1048 1327 1119 ἐξεζήτησα
1363 1050 1459 1121 τὴν
1494 1066 1660 1101 σπου-

1836 865 2000 923 Yens.
2054 868 2107 924 5.
2169 888 2186 920 ι
2224 867 2322 924 Die
2366 869 2738 925 tribulationis
2779 883 2913 923 mere
2961 868 3129 923 Deum
3160 867 3347 938 exqui-

1762 960 1889 1014 sivi.
1928 979 1947 1012 ι
1994 960 2287 1016 Doloribus
2315 962 2461 1016 enim
2493 961 2744 1016 conﬁxus
2783 960 3071 1031 diligenter
3099 960 3343 1014 divinam

1768 1067 1930 1124 Opem
1963 1053 2226 1123 expetivi.
2275 1052 2560 1124 Siquidem
2603 1053 2734 1108 illud
2779 1052 3035 1121 exquisivi
3069 1053 3346 1109 studiosas

60 1148 230 1201 δαίαν
277 1146 581 1200 αἰνίττεται
635 1147 968 1215 προσευχήν.
1013 1144 1248 1197 Ἔπειτα
1286 1140 1525 1194 δείκνυσι
1560 1143 1662 1212 τῆς

1783 1159 1958 1200 )reces
1981 1145 2185 1200 innuit.
2206 1144 2408 1203 Deinde
2431 1144 2670 1200 ostendit
2684 1144 3081 1201 obsecrationis
3102 1145 3344 1199 modum.

66 1238 319 1302 ἱκετείας
372 1238 464 1291 τὸν
513 1237 738 1309 τρόπον.
782 1254 801 1287 ι
854 1236 986 1298 Ταῖς
1009 1236 1054 1267 ’⁸
1102 1234 1263 1307 χερσί
1312 1251 1417 1305 μου
1466 1233 1663 1296 νυκτὸς

62 1331 319 1386 ἐναντίον
366 1329 569 1394 αὐτοῦ,
605 1331 703 1383 καὶ
742 1329 844 1383 οὐκ
889 1329 1206 1400 ὴπατήθην.
1250 1346 1268 1380 ι
1329 1326 1389 1382 Ὀ
1420 1327 1477 1380 δὲ
1517 1324 1665 1398 Σύμ-

66 1437 254 1494 μαχος
282 1421 457 1485 οὕτως
484 1437 499 1452 ⁶
542 1424 616 1477 Ἥ
661 1420 791 1490 χείρ
829 1437 951 1490 μου
1014 1418 1238 1484 νυκτὸς
1284 1417 1592 1472 ἐκτέταται
1613 1416 1657 1448 ⁸⁷

62 1517 391 1588 διηνεκῶς.
437 1517 676 1588 Νύκτωρ
727 1514 963 1587 ἡσυχίαν
1008 1513 1159 1583 ἄγων
1200 1513 1300 1576 τὰς
1332 1514 1524 1583 χεῖρας
1576 1508 1666 1576 ἐξ·

75 1613 315 1675 ἑτεινον,
361 1613 547 1681 τυχεῖν
574 1606 989 1678 φιλανθρωπίας
1025 1602 1344 1668 ἀντιϐολῶν,
1379 1604 1473 1658 καὶ
1502 1602 1562 1656 οὐ
1591 1602 1669 1655 δι-

63 1705 331 1774 ήμαρτον
357 1702 457 1772 τῆς
484 1700 721 1764 ἐλπίδος.
761 1698 931 1753 Τοῦτο
960 1698 1069 1769 γάρ
1111 1696 1372 1769 σημαίνει
1398 1696 1479 1760 τὸ,
1503 1714 1521 1746 ι
1555 1695 1671 1748 Οὐκ

59 1795 365 1866 ὴπατήθην
386 1834 400 1859 ,
442 1812 462 1845 ι
497 1795 621 1847 ἀντὶ
647 1791 766 1855 τοῦ,
809 1792 885 1845 Οὐ
918 1791 1097 1861 μάτην
1143 1789 1483 1861 ὴγρύπνησα
1506 1827 1521 1853 ,
1551 1787 1667 1841 ἀλλ’

62 1886 395 1958 ἐδρεψάμην
420 1885 521 1955 τῆς
547 1883 715 1955 εὐχῆς
740 1883 832 1936 τὸν
866 1881 1104 1954 καρπόν.

148 2017 170 2049 ι
227 1996 576 2069 Ἀπηνήνατθ
627 1994 1058 2068 παρακληθῆναι
1114 1996 1149 2066 ἡ
1179 1994 1328 2066 ψυχή
1369 2011 1498 2067 μου.

77 2090 407 2162 Ἐμνήσθην
452 2091 549 2143 τοῦ
580 2088 756 2153 Θεοῦ,
804 2090 901 2143 καὶ
948 2089 1266 2160 εὐφράνθην
1294 2088 1360 2143 ’⁸.
1405 2109 1424 2138 ο
1478 2089 1669 2141 Πᾶσαν

70 2180 181 2251 μὲν
213 2179 601 2249 ὰπεσεισάμην
622 2179 668 2211 ⁹⁹
705 2176 1039 2250 παραψυχῆς
1089 2176 1347 2249 ἀφορμὴν
1368 2216 1383 2241 ,
1418 2178 1671 2249 ψυχαγω⁴

65 2271 207 2338 γίαν
235 2271 296 2324 δὲ
333 2271 503 2340 μόνην
534 2265 680 2340 εἶχον
710 2270 807 2323 τοῦ
836 2269 972 2323 Θεοῦ
998 2270 1014 2302 ³
1039 2270 1141 2341 τὴν
1170 2270 1416 2341 μνήμην.
1450 2290 1468 2323 ι
1514 2270 1670 2323 Ἡδο-

65 2362 329 2432 λέσχησα
346 2362 391 2429 ¹,
432 2361 528 2414 καὶ
562 2358 946 2432 ὠλιγοψύχησε
976 2360 1037 2414 τὸ
1072 2359 1292 2433 πνεῦμά
1320 2379 1444 2433 μου.
1496 2381 1514 2413 ι
1568 2361 1625 2415 Ὁ
1651 2362 1681 2448 ⁸.

64 2454 129 2507 δὲ
166 2452 470 2524 Σύμμαχος
500 2452 674 2516 οὕτως
697 2469 710 2485 ⁸
744 2452 1075 2507 Διελάλουν
1098 2452 1355 2522 ἐμαυτῷ,
1387 2454 1487 2509 καὶ
1521 2454 1674 2508 ἐλει-

66 2546 418 2615 ποθύμουν.
451 2544 701 2615 Συνεχῶς
732 2543 959 2614 ἐμαυτῷ
993 2542 1546 2616 προσδιαλεγόμενος,
1578 2544 1673 2598 καὶ

65 2634 145 2686 τὰ
206 2631 505 2703 συνέχοντα
546 2650 615 2703 με
666 2632 815 2686 κακᾶ
852 2630 1247 2703 λογιζόμενοςδ
1271 2674 1286 2699 ,
1326 2632 1674 2705 ἀπηγόρευον

67 2725 183 2793 τὴν
223 2723 431 2777 τούτων
468 2723 831 2794 ἀπαλλαγὴν,
875 2725 970 2778 καὶ
1019 2724 1227 2796 πικρὰς
1272 2725 1543 2798 ἐδεχόμην
1573 2725 1674 2797 τῆς

68 2814 326 2883 ἀθυμίας
357 2813 456 2877 τὰς
482 2814 701 2878 ἀκίδας.

148 2924 221 2979 ε’.
275 2944 295 2977 ι
368 2925 849 2996 Προκατελάϐοντο
889 2924 911 2959 ³
977 2927 1226 2996 φυλακάς
1289 2930 1338 2982 οἱ
1402 2928 1673 3000 ὀφθαλμοί

72 3037 189 3092 μου
216 3019 258 3072 ⁸.
301 3037 318 3069 ι
352 3020 635 3084 Φυλακὰς
668 3018 824 3073 καλεί
870 3020 970 3083 τὰς
999 3020 1101 3089 τῆς
1134 3021 1330 3086 νυκτὸς
1355 3022 1670 3095 διαιρέσεις.

69 3108 216 3163 καθ’
262 3108 331 3171 ἃς
373 3109 422 3161 οἱ
454 3108 694 3178 φύλακες
725 3108 981 3180 ἀλλήλοις
1021 3113 1120 3180 τὴν
1149 3113 1400 3182 φυλακὴν
1436 3115 1673 3187 ἐγχειρίο

69 3204 245 3267 ζουσι
273 3219 285 3231 ·
312 3200 461 3271 δηλοῖ
485 3200 541 3254 δὲ
560 3200 646 3253 διὰ
674 3199 882 3255 τούτων
904 3201 1003 3273 τὴν
1032 3201 1119 3256 διὰ
1153 3203 1332 3275 πάσης
1355 3207 1457 3276 τῆς
1483 3210 1677 3270 νυκτὸς

67 3290 423 3363 ἀγρυπνίαν.
455 3309 475 3343 ι
502 3291 849 3364 Ἐταράχθην
867 3333 881 3359 ,
913 3293 1007 3346 καὶ
1028 3293 1129 3348 οὐκ
1155 3294 1412 3365 ἐλάλησα.
1447 3317 1465 3349 ι
1494 3298 1678 3352 Ταῦτα

68 3388 125 3439 οἱ
186 3384 350 3438 αὐτοὶ
384 3385 479 3437 καὶ
510 3386 570 3438 ἐν
616 3383 696 3454 τῷ
734 3391 825 3455 μα’
870 3384 1111 3456 ψαλμῴτ
1149 3403 1163 3417 ·
1192 3387 1337 3458 Πρὸς
1375 3390 1674 3462 ἐμαυτὸνή

68 3475 239 3547 ψυχή
271 3493 375 3546 μου
397 3474 696 3548 ἐταράχθη.
727 3495 745 3528 ι
782 3476 858 3530 Οὐ
881 3476 988 3550 γὰρ
1011 3478 1325 3551 ἠνεσχόμην
1347 3480 1528 3547 ἄλλοις
1553 3486 1679 3548 τοὺς

68 3567 265 3637 ἐμοὺς
291 3564 590 3636 λογισμοὺς
620 3567 880 3638 ἐκφῆναι.

154 3682 246 3744 ς’,
290 3676 356 3742 ζ’.
393 3696 413 3729 ι
448 3677 854 3750 Διελογισάμην
890 3678 1108 3751 ἡμέρας
1143 3683 1381 3755 ἀρχαίας
1405 3704 1418 3718 ·
1459 3688 1554 3741 καὶ
1581 3688 1677 3761 ἐτη

70 3766 294 3821 αἰώνια
334 3767 614 3840 ἐμνήσθην
641 3770 684 3825 ⁸.
721 3770 831 3823 Καὶ
876 3766 1185 3842 ἐμελέτησα
1210 3775 1255 3830 ³.
1292 3794 1313 3827 ι
1346 3776 1467 3830 Τῶν
1492 3779 1682 3851 προτέ.

72 3876 210 3934 ρων
242 3875 361 3923 σου,
412 3859 614 3931 φησὶν,
665 3860 1000 3932 εὐεργεσιῶν
1033 3863 1371 3938 ἀνενεούμην
1398 3868 1498 3939 τὴν
1540 3872 1679 3942 μνή-

74 3966 207 4022 μην
232 3988 249 4013 ,
298 3948 395 4002 καὶ
422 3950 803 4022 ἐνεθυμούμην
826 3992 840 4018 ,
877 3952 1021 4007 ὅσων
1063 3954 1220 4025 παρά
1255 3954 1348 4009 σοῦ
1383 3961 1680 4030 τετυχήκα-

71 4059 174 4097 σιν
236 4041 573 4113 εὐεργεσιῶν
618 4044 669 4097 oi.
710 4045 973 4116 ἡμέτεροι
1030 4046 1328 4116 πρόγονοι.
1374 4049 1523 4114 ὅπως
1578 4051 1679 4122 τῆς

70 4133 417 4202 Αίγυπτίων
445 4134 690 4199 δουλείας
723 4136 1206 4210 ἠλευθερώθησαν,
1230 4140 1380 4202 ὅπως
1402 4144 1503 4211 τὴν
1523 4143 1680 4215 Ἐρυ-

72 4225 237 4296 (iin
268 4224 534 4293 διέϐησαν
575 4226 875 4293 θάλασσαν,
918 4229 1069 4293 ὅπως
1121 4230 1220 4302 τὴν
1258 4232 1678 4305 ἐπηγγελμένην

69 4322 208 4383 τοῖς
251 4320 523 4391 πατράσιν
552 4321 826 4376 ἀπέλαϐον
852 4323 895 4355 ¹⁰
932 4324 1055 4395 γῆν.
1106 4343 1125 4378 ι
1161 4325 1376 4390 Νυκτὸς
1409 4328 1549 4398 μετά
1578 4328 1678 4398 τῆς

1702 3075 1753 3138 C

1773 1256 1791 1289 ι
1830 1238 2089 1295 Manibus
2117 1240 2258 1295 meis
2296 1247 2458 1295 nocte
2493 1248 2686 1295 contra
2712 1253 2860 1303 eum,
2888 1245 2943 1293 et
2968 1252 3075 1291 non
3101 1252 3221 1291 sum
3248 1237 3348 1292 de-

1766 1341 1980 1402 ceptus.
2021 1350 2042 1386 r
2081 1320 2449 1403 Symmachus
2475 1340 2657 1387 autem
2682 1332 2781 1397 sic,
2817 1327 3012 1383 Manus
3047 1344 3165 1382 mea
3197 1335 3350 1382 nocte

1769 1425 2014 1479 continue
2065 1435 2284 1481 extensa
2333 1439 2431 1481 est.
2477 1424 2653 1480 Noctu
2686 1424 2925 1494 quietem
2960 1435 3129 1492 agens
3153 1434 3351 1475 manus

1769 1519 1986 1584 Sustuli,
2008 1518 2324 1588 supplicans
2357 1527 2416 1573 ut
2442 1518 2837 1588 benignitatem
2862 1528 3250 1585 consequerer,
3292 1520 3351 1567 et

1770 1623 1867 1678 Spe
1914 1610 2138 1663 minime
2188 1608 2390 1663 decidi.
2451 1608 2569 1663 lloc
2619 1608 2766 1663 enim
2807 1607 3079 1679 signiﬁcat
3113 1624 3127 1660 :
3165 1622 3183 1656 ι
3223 1602 3349 1658 Non

1773 1713 1893 1754 sum
1922 1699 2136 1772 11M
2163 1701 2427 1770 deceptus
2455 1718 2470 1768 ;
2525 1719 2544 1752 ι
2583 1699 2741 1770 quasi
2772 1699 2918 1755 dicat
2949 1717 2963 1753 :
2992 1696 3112 1753 Non
3144 1696 3350 1754 frustra

1772 1794 2014 1864 vigilavi,
2046 1794 2141 1847 sed
2180 1792 2586 1849 obsecrationis
2615 1791 2856 1849 fluctum
2883 1791 3121 1862 percepi.

1845 2008 1865 2044 ι
1899 1990 2102 2047 [ienuit
2126 1992 2325 2049 solatio
2357 1991 2493 2061 erigi
2518 1992 2702 2047 anima
2732 2006 2874 2046 mea.
2908 1989 3098 2062 [νειε.
3131 1988 3213 2062 4.]
3240 1990 3358 2046 Me-

1771 2098 1894 2138 mor
1922 2082 1999 2138 fui
2036 2083 2152 2150 Dei,
2181 2095 2236 2138 et
2285 2084 2585 2140 delectatus
2616 2097 2760 2138 sum.
2803 2100 2824 2135 ι
2862 2082 3095 2138 Omnem
3127 2083 3350 2154 quidem

1771 2178 2167 2233 consolationis
2198 2191 2423 2232 causam
2448 2180 2465 2199 ‘
2506 2175 2705 2245 abjeci,
2733 2175 2909 2230 solam
2937 2183 3120 2229 autem
3151 2191 3353 2231 conso-

1773 2269 2030 2325 lationem
2056 2265 2151 2323 Dei
2184 2269 2508 2323 memoriam
2542 2267 2733 2323 babui.
2769 2285 2789 2319 ι
2828 2266 3161 2333 Exercebar,
3185 2276 3237 2324 et
3253 2269 3352 2323 de-

1775 2362 1904 2419 fecit
1944 2363 2172 2432 Spiritus
2223 2376 2407 2417 meus.
2458 2378 2478 2413 ι
2530 2358 2895 2431 Symmachus
2925 2375 3055 2415 vero
3092 2360 3192 2424 sic,
3235 2360 3353 2415 Me-

1774 2470 1894 2508 cum
1946 2456 2056 2524 ipse
2106 2450 2379 2523 loquebar,
2431 2462 2480 2507 et
2524 2452 2702 2506 (mimo
2754 2452 3082 2523 deﬁciebant.
3138 2451 3351 2508 Mecum

1775 2548 2044 2602 continuo
2074 2547 2325 2616 loquens,
2350 2554 2405 2600 et
2439 2545 2582 2600 mala
2628 2544 2830 2613 quibus
2874 2543 3173 2599 distinebar
3202 2544 3355 2613 cogi-

1776 2648 1920 2704 tans,
1945 2640 2300 2709 deSperabam
2362 2652 2449 2692 me
2478 2652 2721 2707 unquam
2760 2636 2831 2691 ab
2860 2635 2968 2691 illis
2997 2636 3233 2692 liberum
3267 2637 3353 2692 I'o-

1774 2746 1859 2798 re,
1891 2740 1946 2786 et
1984 2730 2237 2787 stimulos
2272 2730 2454 2786 acerbi
2486 2728 2744 2786 maeroris
2775 2728 3045 2798 patiebar.

1849 2926 2016 2984 Vens.
2050 2927 2102 2982 5.
2162 2949 2181 2979 ι
2214 2927 2663 2999 Anticipaverunt
2714 2928 2929 2999 vigilias
2967 2927 3113 2982 oculi
3158 2925 3285 2983 mei.
3328 2944 3349 2980 ι

1789 3018 2015 3090 Vigilias
2069 3030 2229 3075 vocat
2280 3021 2457 3076 noctis
2489 3020 2810 3087 divisiones,
2855 3020 3161 3075 secundum
3217 3034 3356 3089 quas

1779 3112 2034 3169 custodes
2067 3111 2172 3167 sibi
2223 3113 2456 3166 invicem
2497 3112 2761 3168 excubias
2810 3114 3048 3166 tradunt.
3107 3108 3359 3168 Declarat

1778 3217 1958 3258 autem
2004 3204 2090 3259 bis
2134 3204 2313 3260 verbis
2359 3219 2418 3259 se
2469 3219 2563 3275 per
2610 3210 2775 3258 totam
2830 3211 3047 3259 noctem
3106 3204 3353 3275 vigilare.

1785 3317 1803 3351 ι
1838 3297 2115 3352 Turbatus
2137 3314 2283 3364 sum,
2317 3305 2371 3352 et
2401 3312 2511 3352 non
2543 3312 2664 3352 sum
2701 3298 2943 3353 locutus.
2972 3314 2990 3348 ι
3029 3296 3157 3352 Haec
3188 3297 3353 3351 iidem

1781 3392 1835 3444 in
1865 3390 2291 3462 quadragesimo
2324 3390 2505 3460 primo
2552 3390 2766 3460 psalmo
2797 3390 3057 3444 dixerunt
3090 3408 3103 3443 :
3149 3407 3169 3441 ι
3197 3388 3357 3458 Apud

1780 3501 1869 3539 me
1905 3485 2082 3554 ipsum
2115 3484 2300 3538 anima
2348 3485 2570 3539 turbata
2607 3491 2694 3538 est
2726 3490 2773 3535 ν.
2820 3500 2839 3533 ι
2871 3479 2992 3535 Non
3022 3480 3166 3536 enim
3199 3481 3360 3535 susti-

1781 3578 1978 3633 nebam
2012 3593 2162 3633 meas
2194 3576 2555 3647 cogitationes
2584 3575 2711 3630 aliis
2741 3573 3073 3645 patefacere.

1852 3686 2018 3743 Vens.
2053 3688 2107 3751 6,
2139 3685 2195 3742 7.
2247 3667 2275 3737 ι’
2315 3685 2560 3756 Cogitavi
2609 3685 2727 3740 dies
2768 3685 3047 3755 antiquos,
3098 3689 3153 3738 et
3182 3697 3359 3739 annos

1780 3789 2015 3835 mternos
2044 3780 2099 3834 in
2130 3789 2315 3833 mente
2348 3776 2622 3832 babui.Et
2647 3775 2937 3831 meditatus
2972 3791 3116 3830 sum.
3150 3794 3169 3827 ›
3198 3773 3359 3829 Ρι·ἰο·

1782 3889 1927 3935 rum,
1982 3870 2188 3940 inquit,
2224 3867 2612 3923 beneliciorum
2659 3876 2873 3921 tuorum
2905 3865 3226 3920 memoriam
3270 3880 3357 3919 re-

1779 3962 2001 4028 novavi,
2034 3970 2086 4017 et
2122 3959 2384 4030 perpendi
2415 3967 2550 4029 quot
2605 3957 2871 4013 benelicia
2909 3957 3146 4026 majores
3181 3957 3357 4011 nostri

1780 4071 1811 4110 a
1845 4064 1897 4110 te
1921 4052 2200 4110 consecuti
2229 4052 2340 4106 sint
2371 4069 2385 4106 :
2418 4049 2697 4120 quomodo
2727 4048 2795 4103 ab
2823 4047 3205 4118 IEgyptiorum
3238 4062 3357 4103 ser-

1780 4126 2181 4205 vituteliberati
2205 4144 2720 4214 fuerint,quomodo
2745 4157 2893 4196 mare
2913 4140 3159 4196 Rubrum
3182 4150 3361 4195 trans-

1780 4242 1969 4309 ierint,
2002 4249 2058 4296 et
2088 4239 2369 4310 quomodo
2428 4237 2701 4307 promissa
2732 4235 2977 4306 patribus
3024 4242 3166 4288 terra
3200 4233 3358 4303 potiti

1781 4338 1910 4392 sint.
1948 4351 1967 4386 ι
2007 4333 2176 4388 Nocte
2206 4347 2329 4387 cum
2373 4329 2585 4402 1145
2621 4328 2787 4385 corde
2827 4342 2947 4382 meo
2992 4325 3356 4390 exercitabar,

72 4411 339 4483 καρδίας
392 4428 496 4482 μου
547 4412 905 4485 ἠδολεσχουν,
959 4415 1054 4469 καὶ
1091 4415 1322 4470 ἔσκαλλε
1355 4418 1415 4471 τὸ
1462 4418 1664 4489 πνεῦμά

1789 4438 1845 4487 et
1874 4427 2141 4483 sarriebat
2172 4423 2402 4495 spiritus
2434 4438 2608 4478 meus.
2648 4440 2668 4474 ι
2704 4420 2811 4476 Pro
2857 4418 3147 4482 sarricbat,
3177 4415 3359 4470 Theo-

71 4520 227 4575 μου.
269 4520 291 4554 ι
345 4502 420 4555 Τὸ
456 4503 513 4556 δὲ
568 4503 976 4572 ἕσκαλλενίι,
1018 4509 1045 4560 ὁ
1078 4509 1178 4579 μὲν
1228 4509 1555 4576 Θεοδοτίων,
1590 4510 1664 4575 ἐξ

1787 4519 1939 4577 dotio
1965 4516 2103 4572 dixit
2134 4524 2407 4593 scrutatus
2436 4524 2536 4579 est,
2565 4511 2763 4580 Aquila
2794 4524 2945 4575 vero,
2988 4509 3144 4579 quasi
3175 4507 3362 4576 e/fodit

66 4593 521 4664 Wscirna'sr",
558 4598 586 4649 ό
615 4596 673 4649 δὲ
695 4596 950 4665 Ἀκύλας,
988 4599 1372 4654 ἐσκάλευσεν
1399 4603 1442 4635 ¹³
1476 4601 1687 4673 εἴρηκε.

72 4683 300 4741 Ταῦτα
326 4683 404 4751 δὲ,
437 4687 594 4757 φησὶ,
627 4686 846 4762 νύκτωρ
882 4690 1022 4761 πρὸς
1054 4691 1296 4762 ἐμαυτὸν
1319 4691 1363 4723 ¹⁸
1385 4692 1715 4764 διαλογιζόι

147 4805 186 4836 ν
223 4795 375 4853 Psal.
414 4815 523 4863 xu,
555 4800 611 4854 7.

1785 4616 1839 4662 et
1884 4607 2126 4676 scalpsit.
2155 4605 2312 4660 'Cum
2351 4605 2486 4669 haec,
2530 4602 2731 4673 inquit,
2776 4610 2940 4657 noctu
2983 4613 3194 4653 mecum
3243 4598 3360 4667 ipse

1788 4708 1973 4754 tuente
2004 4697 2364 4763 revolverem,
2396 4704 2674 4752 scrutatus
2737 4709 2858 4751 sum
2897 4706 2999 4748 cur
3039 4690 3106 4746 de
3155 4688 3359 4744 nostris

1202 4923 1436 4982 VARI/E
1474 4924 1856 4983 LECTIONES
1886 4925 1973 4981 ET
2004 4922 2235 4983 ΝΟΤιίΕ.

197 5036 257 5070 ⁸⁵
282 5034 478 5105 Φωνῇ.
527 5035 657 5092 Rec.
709 5038 871 5094 lectio
911 5048 994 5095 est
1055 5040 1149 5093 καὶ
1196 5042 1247 5113 ἡκ
1284 5042 1582 5113 φωνήμ⁸³
1624 5058 1664 5097 (ει

1796 5043 1831 5096 2
1877 5042 2088 5113 τούτου.
2168 5043 2216 5076 ³⁸
2251 5039 2385 5107 Ταῖς
2430 5068 2501 5113 -έ
2542 5036 2889 5113 ἠπατήθην..
2917 5033 3131 5113 llebr.__:
3167 5033 3362 5113 Munus

66 5124 219 5164 mea
277 5115 436 5159 noctu
486 5116 700 5161 extensa
751 5118 849 5175 est,
896 5126 993 5164 nec
1046 5112 1364 5165 remittitur.

1463 5110 1511 5144 ⁹⁷
1545 5113 1664 5167 cod.

1783 5112 2059 5179 ἐκτέτατο,
2122 5128 2284 5183 quam
2339 5104 2624 5183 lectionem
2658 5107 2832 5183 etiam
2876 5106 3038 5183 habet
3069 5104 3263 5183 Monii.
3305 5106 3364 5183 [ιι

68 5176 338 5246 llexapl.
363 5175 428 5230 ad
456 5176 511 5230 ll.
549 5176 568 5230 ι
642 5178 689 5211 ⁸⁸
716 5173 1032 5249 Καϊεὺφρ.
1062 5180 1227 5235 Hebr.
1264 5191 1500 5246 mnam,
1537 5194 1583 5236 et
1608 5199 1664 5252 pe

1784 5200 1897 5253 epo,
1932 5200 1976 5238 s.
2016 5173 2340 5253 inge'tnisco.
2415 5181 2460 5212 θ’
2493 5179 2614 5235 cod.
2654 5176 3068 5246 Ξάπεσειόμην.
3148 5177 3164 5207 ¹
3191 5173 3362 5230 Θεοῦ.

64 5262 194 5320 cod
204 5260 294 5331 ._2
321 5259 444 5314 add.
482 5275 605 5331 μου.

67 5328 477 5399 λογιζόμενος.

68 5405 95 5436 ⁸
131 5397 214 5456 Οἱ
253 5397 399 5471 σφα.
410 5416 553 5470 μου.
584 5397 784 5471 ΙιιιἸυε

66 5489 224 5527 πον.
317 5538 326 5540 Α
343 5469 364 5500 ⁸
389 5468 686 5540 Ἐμνήσθη

574 5276 605 5315 ι.
720 5263 742 5293 ³
786 5261 1094 5331 Ὴδολέσχ.
1135 5263 1296 5318 Hebr.
1320 5258 1536 5330 nmina,
1570 5265 1884 5323 meditabor.
1999 5267 2097 5320 ³’0
2127 5296 2214 5310 -ι

574 5331 595 5362 ⁵
626 5332 1234 5387 Προκατελάϐοντο-
1255 5335 1391 5387 ὀωθ.
1424 5352 1557 5387 ιιου.
1593 5334 1757 5387 llcbr.
1799 5335 1959 5387 Tenes
2005 5337 2214 5387 custodi

668 5335 1391 5403 [ροκατελάϐοντο-ὀερθ,
1418 5352 1557 5402 μου.
1593 5335 1757 5389 llcbr.
1799 5335 1959 5391 Tenes
2005 5337 2300 5398 custodias,
2333 5348 2378 5386 s.
2416 5335 2724 5402 palpebras,
2769 5335 3042 5383 oculorum
3104 5344 3363 5382 meorum.

699 5402 803 5476 leg.
840 5405 892 5456 in
919 5403 1217 5476 edit.__A_ld.
1247 5417 1303 5476 _et
1325 5404 1537 5474 Compl.
1560 5402 1707 5476 lico.
1735 5404 1895 5460 lectio
1921 5416 2003 5462 est
2031 5409 2079 5458 ci
2112 5404 2295 5476 ἐχθροί
2329 5420 2455 5476 μου.
2525 5404 2545 5434 ⁷
2575 5399 2816 5476 {adyti}.
2845 5401 2967 5454 cod.
3067 5414 3254 5469 praem.
3285 5394 3367 5476 sl-_

692 5489 751 5545 νζ.
777 5473 832 5545 In
867 5481 1015 5545 textu
1050 5471 1212 5545 Hebr.
1246 5474 1315 5545 lt._
1337 5475 1371 5528 ι.
1406 5471 1596 5545 incipit
1621 5476 1815 5530 versic.
1845 5477 1895 5529 7.

1999 5267 2097 5320 ³Ὀ
2127 5296 2191 5307 -
2212 5264 2418 5329 οὕτως.
2446 5261 2570 5316 Des.
2610 5261 2663 5315 in
2703 5261 2822 5314 eod.
2860 5261 2914 5315 Ξ.
2993 5257 3017 5291 ’⁸
3041 5259 3160 5314 cod.
3191 5258 3364 5311 26m-

2416 5332 2724 5402 palpcbras,
2768 5330 3042 5402 geniorum
3104 5344 3363 5402 meorum.

2007 5469 2539 5542 ⁰Κιιῖἑξαελέτησα
2582 5469 2744 5542 Hebr.
2784 5471 3369 5542 imiu,__it_tstrt_tntenti

64 5540 199 5595 mei
228 5533 503 5606 pulsalilis
521 5533 847 5613 (recordor).
873 5544 1083 5613 Symm.
1104 5543 1353 5613 ψαλμούς
1391 5533 1535 5613 μου.⁸
1596 5544 1638 5575 ²⁰
1663 5573 1664 5588 ι

1783 5588 1784 5594 η
1815 5546 1850 5600 2
1881 5546 2092 5600 ἔλαϐον.
2170 5533 2358 5599 ¹¹Ἰὶθο.
2388 5533 2549 5613 lectio
2570 5550 2652 5613 est
2680 5540 2959 5613 ἔσκαλλον.
2982 5537 3144 5594 Hebr.
3165 5533 3368 5613 ξυΞΠῃ,

68 5623 129 5690 et
164 5607 642 5690 percontabatur.
724 5613 767 5690 ‘_'_
1015 5607 1364 5690 ‘Sic'qtt:oqu_e
1391 5607 1628 5690 Syrum,
1657 5635 1664 5667 ι

1786 5616 1946 5674 habet
1969 5614 2304 5689 ἀνηρεύνων.
2384 5614 2429 5646 ¹³
2455 5612 2576 5670 cod.
2608 5612 2644 5665 2
2681 5610 2957 5676 ἐκάλεσεν,
2990 5623 3059 5665 ex
3084 5624 3269 5665 errore
3298 5607 3371 5664 li-

68 5680 298 5747 brarii,
331 5689 392 5737 ut
424 5680 655 5738 videtur.
736 5683 779 5714 ιδ
807 5682 961 5752 Πρὸς
1002 5680 1285 5747 ἐμαυτόν.
1315 5680 1451 5742 Ι)εεὶ
1490 5684 1544 5740 in
1575 5680 1698 5741 cod'.
1726 5683 1782 5741 2.
