3900 6324
103 338 229 406 1485

1294 376 1300 381 -
1376 338 1459 398 IN
1506 336 1710 397 l’SAL-
1754 333 2045 397 LXXVII.

3224 334 3245 395 1
3258 336 3357 396 486

102 455 489 526 παρέπεμψαν.
537 453 704 508 Τοῦτο
751 453 889 518 δέ⁵⁶,
946 452 1133 524 φησὶν,
1181 450 1400 505 ἐποίουν
1444 450 1520 518 τῷ
1558 447 1675 518 θείῳ

1792 449 1991 519 inquit,
2032 446 2304 513 fecerunt,
2352 446 2550 539 divina:
2593 447 2696 518 legi
2747 448 3213 519 obtemperantes.
3248 450 3362 506 lloc

104 545 410 617 πειθόμενοι
450 545 624 613 νόμῳ.
664 544 834 597 Τοῦτο
865 544 975 615 γὰρ
1000 545 1253 613 ἐπήγαγε
1276 558 1290 572 ’

164 664 222 709 ε’.
270 676 288 706 ι
318 658 433 709 Καὶ
473 656 745 722 ἀνέστησε
786 655 1091 725 μαρτύριον
1128 655 1186 706 ἐν
1218 650 1435 715 Ἰακὼϐ,
1467 650 1562 704 καὶ
1597 650 1681 703 νό-

107 766 196 818 μον
221 747 372 801 ἔθετο
403 748 463 798 ἐν
501 746 740 817 Ἰσραήλ.
775 766 794 797 ι
831 747 1170 813 Μαρτύριον
1201 745 1357 798 καλεῖ
1391 744 1489 815 τὴν
1525 744 1583 796 ἐν
1611 745 1677 813 τῇ

103 839 281 908 ἐρήμῳ
303 839 583 904 παγεῖσαν
616 836 841 908 σκηνὴν,
869 837 945 900 ὼς
966 837 1197 906 ἔχουσαν
1223 836 1322 900 τὰς
1348 836 1562 921 πλάκας
1582 834 1678 887 τοῦ

108 928 419 999 μαρτυρίου.
454 930 566 982 Τὸν
600 928 709 999 γάρ
738 931 946 997 νόμον,
986 929 1062 992 ὡς
1102 929 1205 1000 ἠδη
1244 929 1677 1000 προειρήκαμεν,

106 1019 188 1070 καὶ
212 1018 431 1081 ἐντολὰς
466 1018 649 1081 καλεῖ,
692 1019 785 1073 καὶ
819 1019 1121 1090 μαρτύρια,
1163 1019 1259 1073 καὶ
1286 1006 1565 1090 κρίματα,’
1587 1017 1680 1071 καὶ

108 1107 437 1178 δικαιώματα
459 1126 475 1138 ·
517 1112 614 1163 καὶ
642 1110 803 1164 τοῦτο
842 1110 1178 1183 σαφέστερον
1212 1112 1343 1180 ἡμῖν
1375 1109 1591 1182 εἴρηται
1621 1110 1679 1161 ὲν

106 1201 171 1270 τῷ
195 1199 258 1270 ιη’
279 1201 502 1271 ψαλμῷ.
536 1220 556 1252 ι
580 1201 721 1255 Ὅσα
744 1202 1052 1256 ἐνετείλατο
1072 1205 1186 1265 τοῖς
1209 1203 1480 1272 πατράσιν
1499 1200 1675 1272 ἡμῶν.

106 1293 186 1346 τοῦ
209 1293 478 1364 γνωρίσαι
516 1294 662 1346 αὐτὰ
684 1296 798 1358 τοῖς
828 1295 966 1358 υίοῖς
996 1293 1199 1348 αὐτῶν.
1235 1312 1254 1345 ι
1299 1293 1492 1358 Τοῦτο,
1520 1293 1674 1361 φησὶ,

107 1386 179 1440 διὰ
222 1387 322 1455 τῆς
370 1385 705 1455 νομοθεσίας
753 1385 972 1455 ἐκείνης
1015 1382 1480 1455 παρεκελεύσατο,
1533 1383 1674 1441 ὥστε

108 1478 337 1549 καθάπερ
393 1479 525 1531 τινὰ
576 1477 873 1549 κλῆρον⁸⁸,
918 1479 1017 1550 τὴν
1068 1477 1174 1530 τῶν
1239 1477 1532 1547 θαυμάτων
1595 1476 1675 1529 δι-

111 1573 289 1642 ήγησιν
354 1571 739 1642 παραπέμψαι
794 1571 925 1635 τοὺς
977 1570 1222 1641 πατέρας
1263 1570 1339 1634 εἰς
1404 1569 1530 1630 τοὺς
1586 1570 1677 1621 ἐκ·-

109 1662 298 1727 γόνους.

168 1760 234 1819 ς⁹.
274 1772 293 1805 ι
323 1754 523 1818 Ὅπως
555 1753 623 1806 ἂν
643 1752 758 1824 γνῷ
787 1752 952 1821 γενεὰ
980 1754 1164 1824 ἑτέρα,
1192 1751 1298 1806 υἱοί
1328 1752 1377 1805 oi
1411 1751 1677 1823 τεχθησό-

112 1862 243 1916 μενοι
269 1847 360 1899 καὶ
390 1847 826 1916 ἀναστήσονται,
851 1848 946 1900 καὶ
969 1845 1375 1914 ἀπαγγελοῦσιν
1399 1844 1540 1898 αὐτὰ
1560 1847 1676 1909 τοῖς

111 1939 226 2001 υίοῖς
252 1939 453 1993 αὐτῶν.
488 1958 509 1991 ι
571 1936 733 1993 θῦτω
767 1938 877 2009 γὰρ
901 1931 1052 1992 οῦτοι
1085 1938 1236 2010 παρὰ
1276 1938 1382 1991 τῶν
1422 1938 1676 2009 πατέρων

110 2028 261 2083 ταῦτα
294 2029 712 2101 μεμαθηκότες,
739 2029 904 2084 πάλιν
934 2031 1052 2094 τοῖς
1075 2028 1135 2096 ἐξ
1162 2028 1346 2083 αὐτῶν
1372 2031 1473 2100 τὴν
1507 2031 1675 2099 αὐτὴν

113 2120 434 2175 διδασκαλίαν
494 2120 875 2192 προσέφερον,
935 2120 1031 2174 καὶ
1060 2119 1329 2191 .άληστος
1379 2122 1412 2189 ἡ
1468 2119 1674 2173 τούτων

115 2210 467 2280 διεφυλάττετο
528 2214 725 2284 μνήμη
758 2227 771 2241 ⁸
829 2213 924 2267 καὶ⁵
968 2212 1053 2276 τίς
1101 2212 1132 2265 6
1178 2212 1279 2284 τῆς
1324 2211 1676 2275 διδασκαλίας

117 2305 300 2374 καρπός
321 2322 336 2370 ;

172 2395 229 2460 ζ’.
269 2415 287 2447 ι
315 2395 430 2450 Ἰνα
461 2396 677 2451 θῶνται
707 2397 801 2450 ἐπὶ
821 2396 916 2450 τὸν
943 2396 1080 2450 Θεὸν
1113 2396 1212 2467 τὴν
1238 2395 1433 2450 ἐλπίδα
1453 2395 1637 2451 αὐτῶν
1656 2413 1668 2426 ·

118 2489 195 2543 καί
216 2488 285 2559 μὴ
307 2488 684 2544 ἐπιλάθωνται
710 2488 820 2543 τῶν
851 2487 1030 2560 ἔργων
1053 2487 1218 2542 αὐτοῦ
1237 2486 1303 2548 ³⁵,
1336 2488 1431 2543 καὶ
1460 2488 1559 2553 τὰς
1589 2490 1674 2543 ἐν.

120 2580 253 2644 teli;
276 2581 436 2636 αὐτοῦ
474 2581 846 2650 ἐκζητήσωσι.
880 2599 899 2633 ι
946 2580 1329 2644 Μανθάνοντες
1346 2582 1393 2614 ⁸³
1428 2581 1538 2652 γὰρ
1573 2583 1674 2650 τὴν

122 2672 198 2726 τοῦ
225 2671 352 2745 Θεοῦ
385 2671 651 2742 δύναμιν,
691 2672 786 2724 καὶ
811 2671 960 2743 ὅπως
991 2671 1141 2741 αὐτῷ
1172 2670 1245 2724 τὰ
1269 2671 1452 2741 ἀγαθὰ
1496 2673 1674 2726 ποιεῖν

122 2762 306 2815 ᾶπαντα
357 2762 577 2834 ῥᾴδιον,
612 2761 837 2832 βεϐαίαν
886 2762 1179 2834 κτήσονται
1224 2761 1324 2832 τὴν
1376 2762 1458 2825 είς
1510 2759 1674 2814 αὐτὸν

124 2852 312 2906 ἐλπίδα·
360 2855 458 2906 καὶ
483 2853 605 2914 τοῖς
644 2851 736 2905 ὑπ’
771 2851 938 2907 αὐτοῦ
978 2851 1214 2905 τεθεῖσιν
1242 2849 1672 2922 ἀκολουθήσουσι

123 2941 296 3013 νόμοις.

179 3040 240 3102 η’.
267 3053 286 3088 ι
310 3038 425 3092 Ἵνα
451 3037 528 3108 μὴ
552 3035 819 3106 γένωνται
840 3032 917 3097 ὡς
947 3032 998 3086 οί
1021 3031 1259 3104 πατέρες
1284 3032 1484 3099 αὐτῶν,
1509 3032 1674 3100 γενεὰ

1783 545 1930 598 enim
1963 542 2211 598 subdidit
2242 561 2253 596 :

1855 656 2022 711 Vens.
2068 658 2123 711 5.
2170 676 2189 709 ι
2227 654 2293 712 Ει
2322 657 2611 712 suscitavit
2638 659 3010 712 testimonium
3045 660 3099 712 in
3129 659 3358 724 Jacobo,

1781 755 1836 799 et
1872 746 2045 814 legem
2076 745 2259 815 posuit
2291 745 2344 800 in
2381 745 2642 801 lsraele.»
2671 745 3051 800 Testimonium
3088 757 3247 802 vocat
3277 761 3348 803 ta-

1781 842 2137 897 bernaculum
2186 842 2240 896 in
2280 843 2577 897 solitudine
2603 853 2868 909 erectum,
2909 853 3167 913 tanquam
3201 845 3358 900 tabu-

1782 935 1864 990 las
1915 933 2219 989 testimonii
2269 933 2497 989 habens.
2541 933 2675 988 Nam
2729 935 2910 1005 legem,
2964 945 3022 990 ut
3072 939 3185 1006 jam
3232 948 3358 994 ante

1781 1027 2042 1091 diximus,
2071 1035 2125 1081 et
2152 1035 2418 1095 praecepta
2459 1036 2636 1091 vocat,
2673 1037 2727 1081 et
2766 1029 3105 1097 testimonia,
3132 1038 3186 1084 et
3208 1031 3349 1100 judi-

1780 1118 1887 1183 cia,
1915 1126 1969 1171 et
1999 1117 2424 1187 justiﬁcationcs
2458 1135 2471 1170 :
2523 1120 2668 1187 quod
2713 1119 2955 1188 apertius
2998 1136 3027 1174 a
3072 1122 3230 1176 nobis
3272 1124 3356 1177 di-

1780 1219 1926 1264 ctum
1959 1218 2043 1263 est
2075 1209 2129 1263 in
2174 1209 2387 1279 psalmo
2422 1225 2577 1264 xvm.
2628 1229 2646 1261 ι
2685 1209 3039 1281 Quaecunque
3081 1215 3358 1270 mandavit

1780 1301 2031 1370 patribus
2075 1302 2284 1356 nostris
2320 1310 2450 1356 nota
2489 1300 2668 1357 facere
2707 1318 2771 1358 ea
2815 1304 2939 1359 ﬁliis
2976 1306 3114 1360 suis.
3158 1325 3176 1358 ι
3219 1306 3354 1375 lloc,

1779 1393 1981 1461 inquit,
2023 1407 2120 1461 per
2151 1392 2298 1446 illam
2343 1392 2741 1462 legislationem
2773 1394 2959 1463 jussit,
3007 1405 3067 1450 ut
3102 1408 3358 1466 parentes

1781 1483 1927 1537 hanc
1974 1484 2367 1538 miraculorum
2411 1485 2808 1548 narrationem,
2843 1488 3010 1541 veluti
3061 1492 3356 1559 quamdam

1780 1573 2176 1640 litereditatem,
2210 1577 2446 1644 posteris
2477 1579 2933 1633 transmitterem.

1853 1753 2041 1809 ‘Vsns.
2117 1755 2172 1809 6.
2218 1773 2237 1806 ι
2278 1754 2345 1811 Ut
2375 1766 2671 1826 cognoscat
2708 1760 2992 1829 generatio
3030 1759 3223 1822 altera,
3256 1760 3353 1817 ﬁlii

1778 1845 1874 1914 qui
1906 1855 2206 1901 nascentur
2236 1856 2291 1901 et
2318 1857 2640 1918 exsurgent,
2674 1858 2727 1903 et
2761 1850 3067 1904 narrabunt
3105 1850 3194 1905 illa
3226 1852 3352 1908 ﬁliis

1776 1938 1912 1993 suis.
1955 1957 1974 1990 ι
2037 1937 2128 1994 Sic
2175 1940 2321 1993 enim
2374 1940 2452 1994 illi
2506 1956 2537 1995 a
2604 1942 2924 2010 parentibus
2977 1942 3093 1997 haec
3150 1944 3350 2008 edocti,

1777 2044 1973 2085 rursus
2012 2031 2260 2086 eamdem
2306 2032 2612 2087 doctrinam
2642 2034 2758 2088 suis
2800 2034 2927 2089 ﬁliis
2961 2035 3266 2103 tradebant,
3298 2047 3354 2093 et

1778 2120 1973 2175 horum
2023 2122 2287 2177 memoria
2334 2134 2597 2193 perpetua
2642 2125 3079 2181 custodiebatur.
3127 2127 3193 2183 Et
3225 2130 3352 2200 quis

1775 2219 1860 2265 est
1891 2209 2155 2266 doctrinae
2185 2210 2439 2267 fructus?

1849 2383 2014 2442 Vens.
2056 2387 2110 2442 7.
2157 2407 2177 2441 ι
2224 2387 2296 2445 Ut
2343 2399 2551 2461 ponant
2603 2392 2660 2446 in
2709 2392 2822 2450 Deo
2869 2410 3020 2466 spem
3066 2412 3249 2465 suam,
3298 2411 3353 2457 et

1775 2491 1884 2531 non
1914 2479 2315 2536 obliviscantur
2334 2497 2562 2551 operum
2596 2483 2832 2553 Domini,
2864 2496 2919 2542 et
2943 2489 3196 2545 mandata
3227 2492 3349 2563 ejus

1775 2569 2084 2638 exquirant.
2111 2588 2131 2622 ι
2164 2570 2300 2627 Nam
2328 2570 2421 2628 Dei
2455 2576 2753 2644 potentiam
2786 2577 3081 2645 discentes,
3117 2589 3173 2635 et
3212 2598 3351 2653 quo-

1775 2659 1941 2717 modo
1991 2661 2068 2717 illi
2121 2663 2266 2720 bona
2319 2668 2505 2722 omnia
2554 2667 2737 2724 facere
2790 2670 2999 2742 1151
3048 2672 3208 2730 facile
3257 2677 3349 2742 sit,

1778 2754 1991 2810 ﬁrmam
2017 2771 2169 2827 spem
2197 2757 2254 2812 in
2285 2758 2464 2829 ipsum
2498 2761 2825 2832 coneipient,
2857 2765 3113 2835 legesque
3138 2766 3208 2821 ab
3231 2766 3353 2837 ipso

1775 2847 1915 2903 latas
1940 2861 2258 2921 sequentur.

1848 3025 2014 3084 Vens.
2045 3028 2098 3084 8.
2139 3046 2158 3080 ε
2195 3027 2272 3103 [fle
2301 3030 2461 3095 ﬁant,
2493 3033 2636 3087 sicut
2664 3045 2849 3103 patres
2877 3050 3102 3102 eorum,
3129 3049 3355 3106 genera-

126 3126 287 3180 σιωλιὰ
328 3130 419 3183 καὶ¹
475 3125 1020 3200 παραπικραίνουσα.
1063 3143 1083 3177 ι
1145 3124 1527 3187 Μανθάνοντες
1563 3123 1673 3195 γὰρ

1789 3116 1853 3173 ,ἰο
1881 3133 2048 3189 prava
2080 3129 2134 3175 et
2166 3135 2519 3192 exasperans.
2550 3142 2569 3175 ι
2606 3121 2741 3179 Nam
2767 3137 3054 3196 parentum
3079 3130 3352 3201 ingratum

127 3218 212 3271 τῶν
243 3222 483 3291 πατέρων
521 3223 627 3292 τὴν
672 3220 966 3291 ἀχάριστον
1002 3218 1252 3289 γνώμην,
1298 3217 1393 3272 κα)⁸
1427 3219 1576 3282 ὅπως
1606 3221 1674 3290 τῇ

126 3312 400 3379 παραϐάσει
448 3313 547 3367 τοῦ
590 3313 757 3384 νόμου
808 3309 900 3364 τὸν
941 3308 1074 3363 Θεὸν
1109 3308 1371 3373 πολλάκις
1417 3309 1677 3384 ἐκίνησαν

131 3403 195 3464 είς
213 3403 385 3474 ὀργὴν,
414 3406 515 3475 τὴν
545 3379 775 3457 ἐκείνων
806 3399 1134 3470 φυλάξονται
1167 3400 1420 3470 μίμησιν.
1466 3379 1489 3452 ἶ
1512 3399 1677 3454 Γενεὰ

131 3491 227 3562 ητις
250 3496 305 3548 οὐ
336 3496 639 3550 κατεῦθυνε
670 3494 768 3564 τὴν
806 3491 1035 3563 καρδίαν
1060 3490 1104 3522 ⁵⁷
1155 3489 1325 3560 αὐτῆς
1340 3491 1410 3555 ⁵⁷,
1446 3491 1543 3543 καὶ
1577 3491 1676 3544 οὐκ

132 3588 370 3656 ὲπιστώθη
396 3590 534 3661 μετὰ
563 3586 663 3641 τοῦ
687 3584 823 3639 Θεοῦ
847 3584 907 3638 τὸ
926 3582 1146 3654 πνεῦμα
1168 3583 1360 3653 αὐτῆς.
1389 3602 1409 3636 ι
1448 3583 1676 3637 Ἐκεῖνοι

132 3678 220 3748 γὰρ
235 3679 441 3750 βεϐαίαν
456 3682 504 3715 ⁸⁸
526 3682 632 3752 τὴν
653 3681 732 3743 είς
749 3678 841 3732 τὸν
864 3676 996 3731 Θεὸν
1017 3676 1119 3730 οὐκ
1139 3676 1438 3746 ἐκτήσαντο
1459 3676 1644 3729 πίστιν
1659 3716 1675 3741 ,

135 3770 212 3840 τὴν
240 3774 438 3827 εὐθεῖαν
474 3775 577 3828 οὐκ
604 3771 964 3842 ἐθελήσαντες
1001 3767 1227 3840 πορείαν
1262 3766 1500 3833 ὁδεῦσαι,
1540 3767 1677 3821 ἀλλὰ

136 3863 322 3937 γνώμην
376 3866 675 3938 ἐσχηκότες
721 3865 833 3928 τοῖς
887 3862 1051 3924 θείοις
1108 3860 1527 3931 ἐναντιουμένην
1588 3860 1676 3913 θε-

140 3956 284 4022 σμοῖς.

191 4043 246 4100 θ’.
286 4066 305 4099 ι
350 4048 468 4101 Υίοὶ
506 4043 754 4118 Ἐφραῒμ
803 4043 1193 4106 ἐντείνοντες⁸⁹
1238 4041 1333 4094 καὶ
1392 4039 1676 4110 βάλλοντες

141 4135 295 4201 τόξοις,
340 4139 696 4209 ἐστράφησαν
729 4137 786 4189 ἐν
834 4134 1018 4207 ἡμέρᾳ
1062 4133 1320 4204 πολέμου.
1368 4152 1387 4184 ι
1442 4132 1554 4201 Τῆς
1580 4129 1674 4184 τοῦ

150 4225 350 4300 Ἐφραῒμ
370 4231 544 4300 φυλῆς
571 4228 930 4298 διαφερόντως
952 4228 1269 4294 κατηγορεῖ,
1298 4224 1374 4288 ὼς
1400 4224 1527 4294 περὶ
1546 4222 1676 4277 πολ⁹

142 4314 215 4370 λοῦ
244 4322 605 4392 ποιησαμένης
628 4320 739 4372 τῶν
763 4318 995 4372 εἰδώλων
1022 4316 1120 4387 τὴν
1155 4315 1451 4388 θεραπείαν
1471 4329 1486 4344 ⁶
1519 4312 1676 4367 τοῦτο

1780 3210 2026 3265 animum
2059 3211 2355 3280 discentes,
2385 3223 2439 3270 et
2475 3217 2756 3285 quomodo
2777 3219 2848 3275 ob
2877 3219 3013 3290 legis
3046 3230 3355 3295 transgres-

1777 3300 1993 3358 sionem
2024 3301 2196 3360 Deum
2229 3305 2427 3375 saepius
2470 3307 2828 3376 irritaverint,
2867 3312 2938 3367 ab
2978 3313 3196 3369 illorum
3230 3316 3356 3371 inii-

1778 3395 1988 3451 tatione
2019 3396 2124 3453 sibi
2156 3398 2446 3454 cavebunt.
2493 3418 2512 3449 ι
2549 3399 2843 3459 Generatio
2870 3420 2994 3474 quae
3020 3422 3127 3463 non
3158 3408 3358 3466 direxit

1777 3499 1875 3540 cor
1925 3501 2121 3553 suum,
2168 3497 2222 3543 et
2268 3504 2379 3545 non
2431 3490 2609 3548 ﬁdelis
2663 3493 2764 3554 fuit
2811 3510 2936 3550 cum
2974 3498 3084 3554 Deo
3132 3501 3358 3570 spiritus

1777 3577 1917 3647 ejus.
1955 3597 1974 3630 ι
2011 3579 2092 3634 llli
2122 3580 2270 3636 enim
2313 3583 2526 3637 ﬁrmam
2567 3584 2727 3640 ﬁdem
2787 3602 2895 3642 non
2946 3589 3260 3648 habuerunt
3300 3594 3358 3649 in

1778 3664 1974 3734 Deum,
1997 3677 2149 3723 recto
2174 3671 2394 3725 tramite
2419 3672 2673 3729 incedere
2701 3675 2971 3743 nolentes,
3000 3680 3097 3735 sed
3120 3690 3356 3737 mentem

1775 3756 1975 3814 divinis
2002 3760 2238 3817 decretis
2263 3765 2601 3819 contrariam
2634 3765 2920 3823 habentes.

1848 4025 2010 4081 Vens.
2044 4026 2097 4080 9.
2145 4045 2162 4077 ι
2204 4026 2323 4081 Filii
2382 4028 2638 4099 Ephraiin
2682 4032 3034 4107 intendentes
3061 4072 3078 4098 ,
3128 4045 3184 4092 et
3230 4038 3359 4092 mit-

1777 4127 1951 4173 tentes
1989 4122 2228 4175 arcubus
2254 4162 2270 4184 ,
2306 4122 2555 4177 conversi
2594 4130 2725 4178 sunt
2760 4124 2850 4179 die
2886 4126 3032 4183 belli.
3065 4147 3083 4179 ι
3130 4127 3358 4187 Trihum

1775 4210 2033 4281 Ephraim
2091 4214 2438 4284 potissimum
2486 4225 2751 4282 accusat,
2802 4228 2863 4273 ut
2909 4236 3031 4290 qua:
3084 4222 3356 4281 idolorum

1775 4304 1946 4359 cultui
1972 4304 2028 4358 in
2048 4306 2241 4375 primis
2254 4306 2435 4361 dedita
2454 4305 2574 4362 fuit.
2602 4305 2719 4365 Hoc
2736 4309 2884 4364 enim
2904 4309 3160 4367 Judicum
3191 4314 3356 4369 etiam

144 4408 230 4481 γὰρ
255 4415 338 4467 καὶ
364 4417 397 4485 ὴ
427 4414 537 4468 τῶν
588 4411 804 4483 Κριτῶν
831 4414 979 4482 ἡμᾶς
1017 4410 1227 4481 ἱστορία
1272 4410 1535 4472 διδάσκει,
1580 4408 1674 4461 καὶ

1789 4399 2002 4454 historia
2031 4414 2132 4455 nos
2166 4399 2366 4464 docet,
2403 4409 2457 4455 et
2491 4401 2685 4458 tertius
2717 4401 3030 4474 Regnorum
3068 4405 3224 4460 liber.
3254 4406 3358 4475 Ipsi

146 4471 172 4567 il]
198 4471 329 4576 τρίτη
352 4471 454 4559 τίῆν
480 4471 804 4559 Βασάειῶν.
843 4471 1012 4559 λῦτο).
1047 4471 1156 4572 γάρ
1185 4501 1420 4570 ἔστησαν
1448 4501 1545 4563 τὰς
1573 4500 1670 4553 δαλ·

1789 4490 1928 4546 enim
1973 4491 2240 4561 juvencas
2281 4493 2723 4560 constituerunt,
2769 4504 2823 4551 et
2863 4510 3059 4552 novem
3108 4498 3282 4553 tribus
3327 4514 3358 4553 a

146 4589 323 4656 μάλεις·
352 4596 568 4666 καὶτῆς
596 4594 739 4648 κατὰ
759 4594 922 4664 νόμον
950 4592 1206 4664 λατρείας
1231 4591 1548 4661 ἀπέστησαν
1576 4592 1674 4654 τὰς

1789 4584 1931 4640 cultu
1962 4583 2262 4639 secundum
2292 4584 2469 4656 legem
2499 4587 2807 4643 desciscere
2851 4587 3099 4644 fecerunt
3122 4628 3137 4652 ,
3186 4599 3241 4644 et
3280 4592 3361 4645 sic

146 4678 272 4735 ἐννέα
296 4685 454 4754 φυλάς
475 4704 491 4735 -.
547 4686 644 4740 xui.
670 4684 813 4739 οὕτω
828 4686 872 4718 ⁸ο
906 4685 1004 4755 τῆς
1040 4685 1394 4746 ἀποστάσεως
1427 4683 1675 4751 ἐγένοντο

1789 4676 2104 4733 defectionis
2131 4688 2384 4734 auctores
2414 4676 2652 4735 fuerunt.
2701 4679 2817 4737 Hoc
2847 4681 2900 4735 in
2929 4682 3123 4752 primis
3167 4683 3356 4752 pravi-

148 4769 372 4836 πρόξενοι.
397 4775 570 4830 Τοῦτο
596 4775 832 4846 μάλιστα
863 4774 1154 4847 προορῶσα
1178 4773 1273 4827 τοῦ
1303 4773 1617 4843 Πνεύματος
1643 4774 1675 4845 ἠ

1789 4770 1920 4825 dens
1950 4768 2189 4839 Spiritus
2222 4771 2418 4841 gratia,
2454 4781 2695 4842 peccata,
2718 4788 2841 4843 quae
2872 4776 3113 4830 nondum
3146 4784 3360 4845 patrata

149 4858 309 4930 χάρις,
355 4867 448 4936 τῆς
500 4867 734 4938 μηδέπω
780 4866 1154 4939 γεγενημένης
1203 4865 1480 4937 ἁμαρτίας
1544 4882 1675 4919 κατ·

1789 4869 1956 4927 erant,
1989 4861 2189 4933 arguit,
2219 4863 2693 4917 accommodatum
2730 4864 2865 4933 ipsis
2903 4866 3196 4919 consilium
3233 4881 3360 4936 sng-

149 4959 332 5022 ηγορεῐ·
361 4958 456 5028 τὴν
478 4959 864 5031 ἁρμόττουσαν
894 4960 1079 5023 αὐτοῖς
1108 4958 1496 5030 προσφέρουσα
1539 4975 1675 5028 συμ-

1789 4969 1974 5026 gerens
2030 4973 2043 5009 :
2102 4954 2283 5009 sciens
2332 4953 2549 5021 quidem
2608 4954 2754 5023 ipsos
2790 4954 3214 5010 admonitionem
3250 4972 3360 5012 non

154 5035 343 5114 ϐουλήνο
381 5048 550 5103 εἰδυῖα,
579 5048 699 5119 μὲν,
739 5050 815 5112 ὼς
840 5049 901 5102 οῦ
937 5049 1180 5116 δέξονται
1211 5049 1312 5120 τὴν
1334 5049 1675 5124 παραίνεσιν,

1789 5058 2148 5119 accepturos,
2200 5055 2591 5117 congruentem
2655 5055 2834 5101 tamen
2885 5048 3174 5103 utilitatem
3227 5048 3362 5106 aﬁ’e-

155 5128 230 5200 τὴν
260 5140 629 5211 προσήκουσαν
674 5140 733 5194 δέ
769 5141 918 5212 ὅμως
970 5140 1237 5209 ὠφέλειαν
1274 5141 1675 5212 προσφέρουσα.

1789 5155 1936 5196 rens.
1971 5139 2107 5195 Cum
2144 5150 2327 5193 autem
2354 5137 2574 5192 illorum
2607 5137 2777 5193 robur
2798 5139 3096 5205 docuisset,
3125 5147 3180 5196 et
3204 5140 3364 5208 jacu-

158 5222 379 5292 Διδάξασα
399 5232 453 5286 δέ
487 5232 670 5290 αὐτῶν
698 5231 799 5305 τὴν
821 5231 1032 5306 ῥώμην,
1060 5235 1156 5289 καὶ
1188 5234 1286 5306 τὴν
1312 5232 1531 5304 τοξικὴν
1559 5233 1675 5286 ἐπι-

1789 5231 1934 5288 landi
1970 5231 2239 5302 peritiam,
2270 5230 2615 5285 timiditatem
2640 5246 2860 5301 quoque
2890 5231 3186 5302 redarguit.
3218 5229 3367 5285 Con-

1172 5408 1407 5465 VARIE
1441 5407 1828 5465 LECTIONES
1870 5407 1958 5462 ET
2000 5407 2235 5462 ΝΟΤιΕ.

209 5604 361 5684 3145-
389 5615 516 5684 βοὰ.
538 5617 573 5671 2
606 5616 738 5684 γάρ.
849 5615 895 5647 ⁸³
930 5612 1191 5684 κλῆρον.
1233 5612 1357 5684 cod.
1392 5612 1451 5684 27
1479 5612 1601 5667 add.
1639 5630 1675 5665 π

1789 5611 1986 5684 ᾦονη-
2022 5612 2067 5642 ⁸⁸
2093 5612 2311 5684 Αῌὺτοῦ.
2368 5609 2499 5684 Bec.
2555 5609 2815 5684 leetiodh.
2869 5610 3023 5684 l._est
3060 5610 3154 5684 τοῦ
3205 5612 3366 5684 Θεοῦ..

167 5665 599 5755 ξ’βιεινθάίιᾶετὲς
619 5665 1143 5755 ’Σ-νόμοιξξ-ὗέέ.
1174 5665 1408 5755 ῖηῂεούς
1573 5684 1635 5755 ff
1668 5685 1675 5735 ῗ

1789 5665 2085 5755 ν’κςζρδίαν.
2132 5665 2264 5755 Rec.
2291 5665 2579 5755 lectioest‘
2601 5682 2658 5732 ἐν
2685 5682 2753 5755 τῇ
2774 5679 3015 5755 Ακαρ-δίᾳ.
3086 5680 3130 5711 ⁸⁷
3168 5682 3289 5737 cod.
3322 5665 3368 5737 ἠέ

167 5735 348 5818 ἑαυτῆς⁷
388 5735 1003 5812 Ὕδίγέεϐαίαιέξέιῖιῖῖίῖ
1040 5735 1224 5821 praem.
1257 5752 1411 5821 φησί.
1441 5735 1449 5736 7
1504 5751 1548 5785 "
1573 5751 1675 5806 Ἐν

1789 5770 1826 5807 ν.
1852 5735 2013 5808 ιῑειπ.
2048 5752 2455 5834 φωυανηιαιὶ.
2538 5751 2583 5783 ⁸⁸
2618 5735 2806 5805 (τοὰῗὲ
2866 5735 3033 5805 ὁῦτόι.
