3900 6324
482 342 639 409 ’1487

1522 320 2020 390 TIIEODORETI
2066 322 2408 386 EPISCOPI
2448 324 2816 386 CYRENSIS

3646 325 3791 390 1488

496 460 643 518 versi
679 464 809 513 sunt
851 451 996 508 enim
1039 444 1126 502 die
1162 443 1312 501 belli.
1365 440 1500 497 Nam
1549 441 1621 496 ob
1674 438 1957 495 scientiam
2009 436 2088 491 rei

2218 435 2433 507 ῖτήμην,
2460 434 2675 507 ἐλέγχει
2699 437 2791 490 καὶ
2812 436 2910 508 τὴν
2939 437 3158 493 δειλίαν.
3195 436 3581 510 Ἑστράφησαν
3610 440 3727 509 γὰρ
3747 443 3792 473 ⁸⁸

501 550 757 608 militaris
795 561 853 600 se
885 542 1171 597 eﬂ‘erentes
1198 576 1212 600 ,
1264 536 1550 605 ingruente
1592 530 1737 587 bello
1784 531 1841 585 in
1896 529 2082 599 fugam

500 644 643 699 versi
679 647 827 695 sunt.

572 823 742 878 Vens.
780 820 867 875 l0.
907 837 924 870 ι
956 816 1075 872 Non
1106 812 1492 870 custodierunt
1535 808 1750 879 1152
1782 816 2084 865 testamen-

503 929 614 972 tum
658 914 787 977 Dei,
841 922 896 967 et
948 910 1001 963 in
1044 909 1160 977 lege
1202 906 1324 974 ejus
1367 903 1661 957 noluerunt
1712 897 2022 953 ambulare.
2065 913 2084 945 ο

503 1008 701 1065 Mentis
732 1006 965 1059 liberum
1010 1000 1302 1055 arbitrium
1347 1004 1495 1050 recte
1533 988 1949 1048 demonstravit.
1982 985 2092 1039 No-

504 1106 727 1158 luerunt
752 1100 900 1152 enim
923 1136 937 1161 ,
971 1093 1186 1163 inquit,
1221 1090 1526 1145 secundum
1566 1087 1736 1156 legem
1763 1084 1967 1147 vivere,
1995 1095 2092 1134 ne-

480 1212 611 1267 ‘que
636 1193 865 1263 legalem
897 1190 1025 1243 vita:
1053 1186 1325 1241 rationem
1354 1180 1630 1253 amplecti.

580 1294 597 1309 '
627 1286 793 1339 Vens.
836 1282 922 1336 ll.
972 1299 990 1332 ι
1026 1279 1092 1333 Ει
1130 1278 1282 1332 obliti
1328 1283 1458 1331 sunt
1499 1275 1637 1328 bene
1683 1271 1994 1333 factorum,
2039 1276 2095 1321 et

508 1377 843 1434 mirabilium
875 1374 1031 1444 ejus,
1078 1386 1199 1442 quae
1227 1368 1470 1423 ostendit
1500 1367 1600 1423 eis.
1637 1385 1655 1419 ι
1692 1363 1759 1419 Ει
1796 1361 2093 1419 ostendens

505 1469 726 1541 quando
750 1468 867 1522 ha‘c
895 1464 1120 1527 fecerit,
1155 1459 1440 1530 subjuuxit
1466 1478 1477 1512 :

581 1561 745 1615 Vnus.
777 1558 864 1610 ιε.
904 1575 923 1608 ι
958 1555 1158 1609 Coram
1190 1552 1434 1623 patribus
1466 1564 1657 1605 eorum
1689 1545 1817 1601 fecit
1868 1542 2097 1599 mirabi-

490 1655 603 1708 Tiia.
641 1672 660 1704 ›
716 1649 925 1704 Deinde
980 1655 1195 1715 tempus
1244 1654 1298 1698 et
1340 1644 1520 1698 locum
1558 1640 1922 1696 demonstrat.
1976 1653 1998 1688 ι
2037 1634 2097 1687 lu

2190 528 2248 579 ἐν
2282 527 2466 599 ἡμέρᾳ
2507 527 2745 597 πολέμου
2766 544 2781 559 ’
2825 529 3039 600 μεγάλα
3069 530 3178 601 γὰρ
3192 531 3235 564 ⁶¹
3268 531 3361 584 ἐπὶ
3404 533 3471 601 τῇ
3508 531 3791 601 πολεμικῇ

2188 622 2449 692 ἐμπειρίᾳ
2490 620 2837 692 φρονοῦντες,
2879 623 3122 694 πολέμου
3174 624 3437 693 φανέντος
3485 625 3791 695 ἐτρέποντο

2190 715 2271 776 είς
2307 714 2511 782 φυγήν.

2263 813 2317 860 ι’.
2366 826 2385 857 ι
2417 808 2533 860 Οὐκ
2564 806 2836 877 ἐφύλαξαν
2863 809 2962 879 τὴν
2987 808 3256 881 διαθήκην
3285 809 3380 862 τοῦ
3413 809 3572 872 Θεοῦ,
3611 810 3711 864 καὶ
3735 810 3796 863 ἐν

2190 898 2268 969 τῷ
2304 900 2454 971 νόμῳ
2525 901 2693 955 αὑτοῦ
2758 902 2860 955 οὐκ
2897 902 3273 974 ἐϐουλήθησαν
3289 902 3336 934 ⁸³
3369 903 3728 974 πορεύεσθαι.
3769 921 3790 953 ι

2192 990 2391 1055 Καλῶς
2414 992 2641 1063 ἐνέφηνε
2666 993 2724 1046 τὸ
2749 993 2846 1063 τῆς
2872 993 3094 1063 γνώμης
3123 994 3470 1064 αὐθαίρετον.
3500 995 3615 1048 Ούκ
3639 995 3797 1048 ἐϐου-

2191 1083 2434 1154 λήθησαν
2461 1085 2589 1154 γάρ,
2624 1087 2778 1155 φησὶ,
2818 1087 2958 1140 κατὰ
2983 1087 3146 1158 νόμον
3183 1085 3397 1157 βιῶναι,
3424 1087 3546 1140 ούδέ
3572 1087 3675 1158 τὴν
3706 1088 3797 1140 ἔνι

2193 1192 2357 1246 νομον
2377 1178 2732 1232 ἀσπάσασθαι
2762 1178 3060 1243 πολιτείαν.

2268 1276 2355 1324 ια’.
2405 1289 2423 1323 ι
2454 1271 2565 1324 Kal.
2603 1272 2930 1325 ἐπελάθοντο
2979 1272 3090 1325 τῶν
3133 1272 3466 1343 εὐεργεσιῶν
3503 1272 3671 1326 αὐτοῦ
3692 1274 3745 1305 ⁸³
3778 1314 3795 1336 ,

2195 1364 2290 1417 καὶ
2316 1363 2426 1417 τῶν
2454 1364 2775 1434 θαυμασίων
2803 1365 2991 1430 αὐτοῦ,
3024 1359 3099 1419 ὧν
3141 1365 3343 1430 ἔδειξεν
3373 1367 3578 1429 αὐτοῖς.
3611 1384 3631 1417 ι
3680 1368 3798 1421 Kal

2192 1455 2411 1519 δεικνὺς
2443 1456 2575 1509 πότε
2603 1455 2778 1509 ταῦτα
2809 1455 3128 1527 εἰργάσατο,
3160 1457 3444 1527 ἐπήγαγεν
3465 1472 3479 1485 ”

2273 1545 2361 1617 ιβ’.
2418 1565 2437 1598 ι
2468 1547 2743 1602 Ἐναντίον
2787 1548 2896 1601 τῶν
2947 1549 3201 1619 πατέρων
3247 1548 3429 1602 αὐτῶν
3479 1547 3514 1602 ἀ
3561 1547 3797 1617 ἐποίησε

2201 1639 2502 1709 θαυμάσια.
2558 1658 2574 1691 ι
2638 1636 2772 1694 Εἶτα
2809 1641 2901 1694 τὸν
2943 1642 3137 1712 χρόνον
3186 1639 3280 1693 καὶ
3313 1640 3402 1694 τὸν
3444 1640 3611 1693 τόπον
3642 1640 3801 1693 διδά-

508 1755 655 1800 terra
692 1738 937 1811 Egypti,
971 1738 1024 1792 in
1058 1750 1255 1805 eampo
1286 1733 1523 1788 Taneos.
1563 1750 1582 1784 ι
1615 1730 1819 1786 Omnes
1850 1727 1966 1782 haec
1999 1724 2098 1779 Dei

2218 1747 2323 1783 rxst
2348 1749 2362 1762 ·
2391 1749 2409 1781 ι
2440 1730 2531 1784 Ἐν
2554 1732 2622 1801 γῇ
2655 1731 2938 1801 Αἰγύπτῳ,
2966 1733 3023 1783 ἐν
3053 1729 3222 1800 πεδίῳ
3252 1730 3471 1792 Τάνεως
3484 1730 3552 1784 ⁸³.
3586 1750 3605 1782 ι
3647 1729 3803 1785 Ταύ-

509 1833 774 1890 miraeula
803 1832 857 1886 in
889 1828 1128 1900 ngypto
1157 1827 1339 1892 edita,
1361 1840 1595 1895 quorum
1625 1829 1877 1893 parentes
1900 1833 2092 1874 eorum

2218 1841 2300 1886 τας
2333 1824 2572 1887 ἅπαντες
2590 1824 2635 1855 ⁸⁸
2667 1824 2764 1878 τοῦ
2795 1824 2930 1877 Θεοῦ
2962 1825 3059 1888 τὰς
3091 1824 3559 1894 θαυματουργίας,
3601 1824 3704 1887 τὰς
3738 1826 3801 1877 ἐν

511 1935 849 1999 spectatores
874 1922 1096 1978 fuerant
1122 1960 1137 1987 ,
1172 1935 1203 1976 ο
1231 1919 1497 1976 memoria
1532 1916 1863 1972 deleverant.

584 2104 752 2159 Vitas.
784 2102 870 2155 l5.
907 2120 925 2152 ι
959 2099 1210 2169 Perrupit
1241 2112 1391 2153 mare
1414 2137 1430 2164 ,
1457 2104 1511 2150 et
1537 2094 1794 2165 perduxit
1817 2106 1914 2148 eos
1938 2110 1952 2147 :
1981 2103 2097 2148 sta-

518 2196 621 2252 tuit
666 2210 838 2265 aquas
889 2192 1048 2263 quasi
1100 2200 1298 2245 utrem.
1333 2209 1351 2241 ι
1414 2188 1656 2242 Breviter
1704 2186 2095 2240 miraculorum

517 2272 886 2344 narrationem
925 2284 1201 2346 instituit,
1253 2290 1307 2335 et
1351 2297 1381 2335 a
1431 2278 1672 2333 maximo
1712 2292 1944 2331 exorsus
1990 2284 2096 2330 est.

516 2379 778 2434 Naturam
805 2378 950 2431 enim
976 2374 1192 2430 excedit
1214 2373 1383 2427 maris
1403 2369 1729 2426 miraculum
1749 2410 1764 2435 ,
1796 2377 1851 2424 et
1875 2368 1979 2423 iter
2004 2370 2099 2436 'per

516 2471 652 2526 illud
680 2483 1025 2525 concessum.
1064 2464 1201 2521 Nam
1249 2476 1422 2534 aquas
1450 2503 1464 2527 ,
1503 2478 1627 2533 quae
1658 2469 1854 2516 natura
1895 2475 1996 2515 sua
2041 2460 2096 2513 in

515 2579 689 2636 prona
750 2561 997 2617 deﬂuunt
1029 2601 1044 2627 ,
1087 2559 1349 2628 utrinque
1422 2554 1661 2609 lirmavit
1713 2553 2097 2607 universorum

515 2658 682 2725 Deus,
708 2656 876 2711 verbo
904 2655 1026 2708 illas
1045 2662 1303 2721 tauquam
1329 2650 1381 2703 in
1413 2658 1533 2704 utre
1552 2649 1789 2718 quodam
1815 2659 2096 2701 coercens.

514 2750 790 2818 Quoniam
840 2750 986 2803 enim
1032 2747 1232 2800 utrium
1281 2750 1499 2798 textura
1534 2739 1797 2811 liquidam
1846 2742 2097 2793 naturam

514 2843 623 2896 rite
650 2849 829 2910 potest
854 2837 1158 2900 continere,
1193 2834 1386 2890 merito
1420 2835 1561 2888 hanc
1592 2832 2007 2886 similitudinem
2045 2831 2100 2884 in

518 2933 662 2987 mari
687 2931 864 2986 diviso
895 2928 1115 3000 posuit,
1149 2928 1446 2982 ostendens
1483 2923 1781 2995 potentiam
1823 2923 1977 2977 verbi
2018 2921 2102 2976 di-

522 3041 656 3079 VIIII.

594 3223 764 3278 Vens.
809 3221 898 3275 ιι.
940 3239 959 3274 ι
986 3216 1056 3274 Et
1086 3219 1275 3274 eduxit
1310 3226 1407 3272 eos
1450 3216 1509 3270 in
1548 3215 1697 3270 nube
1741 3211 1977 3268 interdiu
2004 3254 2017 3277 ,
2051 3220 2107 3267 et

526 3328 637 3374 tota
688 3325 849 3371 nocte
900 3314 955 3369 in
1006 3311 1409 3368 illuminatione
1466 3308 1629 3379 ignis.
1666 3326 1683 3358 ι
1737 3305 1873 3359 Nam
1930 3305 2106 3360 nubes

525 3411 717 3468 eadem
764 3407 1005 3463 interdiu
1041 3404 1176 3460 solis
1218 3401 1527 3457 molestiam
1562 3396 1895 3469 repellebat,
1948 3406 2108 3453 nocte

526 3518 657 3560 vero
683 3502 826 3573 ignis
853 3512 1013 3556 usum
1039 3496 1334 3568 praebebat.

597 3686 766 3741 Vens.
798 3684 885 3739 15.
917 3701 938 3735 ‹
960 3680 1172 3750 Dirupit
1205 3677 1418 3749 1-153
1443 3682 1651 3748 petram
1687 3673 1742 3729 in
1776 3671 2024 3736 deserto,
2055 3680 2109 3726 et

527 3796 671 3853 aqua
709 3777 917 3850 potavit
945 3790 1041 3830 eos
1073 3774 1219 3829 velut
1266 3772 1466 3844 abysso
1504 3769 1697 3825 multa.
1731 3787 1749 3819 ι
1795 3765 1915 3822 Non
1960 3767 2107 3822 enim

527 3890 723 3946 parum
785 3869 1021 3942 liquoris
1064 3868 1289 3930 eduxit,
1346 3865 1439 3921 sed
1491 3864 1735 3930 fontem,
1779 3862 1873 3933 qui
1922 3859 2109 3915 multis

529 3969 637 4025 illis
672 3967 914 4022 millibus
943 3964 1081 4020 satis
1112 3961 1235 4018 fuit.
1258 3961 1325 4017 Et
1356 3963 1459 4017 hoc
1491 3960 1735 4030 apertius
1762 3974 1856 4029 per
1878 3972 1964 4024 ea,
1988 3971 2111 4028 quae

530 4066 854 4131 sequuntur,
884 4056 1089 4111 docuit.

603 4150 767 4204 Vens.
801 4148 888 4203 16.
928 4166 947 4198 ι
975 4145 1043 4201 Ει
1080 4145 1267 4201 eduxit
1296 4157 1498 4213 aquam
1531 4158 1562 4198 e
1597 4150 1750 4212 petra
1776 4182 1791 4206 ,
1834 4153 1887 4197 et
1922 4140 2112 4196 eduxit

532 4253 792 4312 tanquam
820 4240 1045 4295 ﬁumina
1078 4244 1273 4306 aquas.
1311 4256 1331 4290 ι
1362 4236 1518 4307 Aqua
1552 4237 1695 4290 enim
1716 4278 1731 4301 ,
1760 4249 1883 4304 quae
1923 4242 2110 4288 scatu-

533 4333 641 4396 riit,
672 4333 724 4386 in
756 4331 958 4385 multos
992 4328 1198 4383 rivales
1223 4324 1396 4383 divisa
1425 4327 1547 4393 fuit,
1581 4326 1796 4382 facilem
1823 4335 1876 4379 et
1907 4325 2111 4395 magni-

532 4426 689 4480 ﬁcam
722 4422 955 4492 gratiam
981 4418 1290 4475 sitientibus
1322 4418 1593 4489 praebens.

2202 1917 2464 1987 Αἰγύπτῳ
2500 1916 2894 1987 γεγενημένας,
2936 1910 3013 1977 ὧν
3042 1918 3091 1971 οί
3138 1916 3376 1988 πατέρες
3408 1916 3589 1971 αὐτῶν
3627 1917 3803 1970 αὑτό-

2203 2024 2335 2060 πται
2366 2008 2707 2079 γεγένηνται,
2739 2009 2841 2079 τῆς
2874 2010 3096 2080 μνήμης
3130 2007 3405 2073 ἐξέϐαλον.

2276 2098 2368 2167 ιγ’.
2433 2119 2451 2151 ι
2498 2098 2762 2171 Διέρῤηξε
2802 2098 3099 2164 θάλασσαν,
3142 2102 3236 2153 καὶ
3265 2100 3526 2170 διήγαγεν
3564 2100 3801 2165 αὐτοὺς,

2204 2190 2554 2261 παρέστησεν
2568 2192 2609 2221 ⁸⁷
2636 2189 2809 2243 ὕδατα
2834 2190 2966 2242 ὡσεὶ
2993 2190 3161 2244 ἀσκόν
3178 2191 3244 2245 ⁸⁸.
3272 2209 3290 2240 ι
3318 2191 3604 2260 Συντόμως
3628 2193 3807 2243 ποιεῖ-

2205 2299 2295 2336 ται
2341 2283 2439 2351 τὴν
2467 2281 2578 2334 τῶν
2609 2280 2905 2351 θαυμάτων
2947 2281 3226 2350 διήγησιν,
3279 2283 3372 2335 καὶ
3416 2281 3477 2334 τὸ
3526 2283 3806 2351 μέγιστον

2202 2374 2315 2427 τῶν
2341 2374 2516 2427 ἄλλων
2551 2374 2868 2445 προέταξεν.
2910 2374 3220 2444 ’Υπερφυές
3253 2376 3362 2445 γάρ
3398 2377 3512 2427 ἐστι
3558 2378 3661 2445 τῆς
3705 2375 3807 2428 θα-

2204 2465 2412 2537 λάσσης
2455 2465 2517 2517 τὸ
2562 2465 2768 2536 θαῦμα,
2806 2466 2902 2519 καὶ
2936 2469 2969 2537 ἡ
3016 2467 3105 2519 διὰ
3139 2466 3345 2536 ταύτης
3376 2466 3807 2536 παρᾶσχεθείσα

2207 2560 2427 2631 πορεία.
2467 2558 2578 2630 Τὴν
2609 2560 2720 2630 γὰρ
2765 2561 2861 2613 ἐπὶ
2902 2561 2963 2613 τὸ
2995 2560 3203 2631 πρανὲς
3246 2563 3446 2630 χωρεῖν
3484 2564 3807 2628 πεφυκυῖαν

2204 2655 2315 2709 τῶν
2333 2656 2376 2688 ⁶⁹
2408 2655 2618 2709 ὑδάτων
2647 2653 2810 2724 φύσιν
2833 2653 3062 2722 ἔστησεν
3097 2653 3437 2723 ἑκατέρωθεν
3467 2656 3496 2707 ὁ
3518 2653 3629 2706 τῶν
3652 2654 3806 2707 ὅλων

2205 2746 2361 2811 Θεὸς,
2411 2747 2662 2818 καθάπερ
2702 2748 2762 2799 ἐν
2808 2745 2961 2815 ἀσκῷ
3017 2762 3123 2798 τινι
3159 2745 3456 2816 καθείρξας
3499 2744 3577 2814 τῷ
3622 2744 3802 2819 λογῳ.

2220 2839 2442 2910 Ἐπειδὴ
2474 2841 2584 2909 γὰρ
2608 2842 2643 2909 ἠ
2669 2839 2778 2893 τῶν
2804 2839 2988 2892 ἀσκῶν
3018 2838 3330 2909 κατασκευὴ
3358 2838 3601 2909 συνέχειν
3628 2839 3805 2910 ἀκρι-

2210 2931 2321 2995 ϐῶς
2355 2931 2454 3001 τὴν
2489 2931 2665 3001 ὑγρὰν
2701 2929 2924 2983 δύναται
2972 2930 3155 2998 φύσιν,
3202 2931 3428 2993 εἰκότως
3462 2930 3667 2999 ταύτην
3699 2930 3807 2983 ἐπὶ

2207 3023 2308 3094 τῆς
2341 3021 2707 3094 διαιρεθείσης
2725 3022 2771 3053 ⁷⁸
2799 3021 3013 3089 τέθεικε
3060 3021 3161 3092 τὴν
3207 3022 3421 3087 εἰκόνα,
3451 3020 3663 3083 δεικνὺς
3696 3022 3812 3074 τοῦ

2133 3154 2173 3211 C
2212 3117 2359 3171 θείου
2385 3118 2543 3186 λόγου
2572 3117 2672 3186 τὴν
2699 3115 2949 3184 δύναμιν.

2283 3208 2363 3264 ιδ’.
2411 3229 2428 3261 ι
2464 3210 2571 3263 Kal
2594 3209 2874 3278 ὡδήγησεν
2896 3207 3095 3270 αὐτοὺς
3116 3207 3175 3259 ἐν
3203 3207 3401 3277 νεφέλῃ
3428 3207 3668 3278 ἡμέρας,
3698 3206 3810 3261 καὶ⁵

2207 3302 2334 3373 ὕλην
2363 3303 2461 3373 τὴν
2488 3299 2655 3353 νύκτα
2678 3300 2736 3351 ἐν
2756 3298 3026 3369 φωτισμῷ
3052 3298 3242 3368 πυρός.
3282 3319 3301 3350 ι
3361 3299 3423 3352 Ἦ
3452 3299 3556 3370 γὰρ
3586 3299 3733 3369 αὐτὴ
3753 3300 3806 3333 τι

2207 3388 2407 3464 νεφέλη
2466 3391 2591 3463 μεθ’
2629 3392 2845 3464 ἡμέραν
2912 3391 3012 3462 μὲν
3051 3390 3111 3444 τὸ
3141 3391 3242 3460 τῆς
3281 3392 3500 3454 ἀκτῖνος
3546 3390 3812 3462 λυπηρὸν

2210 3484 2584 3557 ἀπεκρούετο,
2627 3482 2845 3555 νύκτωρ
2900 3482 2959 3536 δὲ
3022 3480 3116 3536 τοῦ
3182 3483 3358 3553 πυρὸς
3403 3485 3638 3554 παρεῖχε
3694 3484 3811 3556 τὴν

2208 3579 2423 3651 χρείαν.

2280 3677 2361 3725 ιε’.
2411 3690 2429 3723 ι
2466 3669 2725 3741 Διέρρηξε
2748 3667 2954 3739 πέτραν
2982 3667 3040 3721 ἐν
3062 3668 3273 3739 ἐρήμῳ,
3300 3668 3395 3722 καὶ
3425 3669 3675 3723 ἐπότισεν
3698 3672 3813 3725 αὑ-

2208 3764 2335 3828 τοὺς
2382 3764 2457 3827 ὡς
2508 3766 2567 3816 ἐν
2642 3762 2866 3833 ἀϐύσσῳ
2915 3761 3106 3833 πολλῇ.
3159 3781 3178 3815 ι
3236 3764 3312 3816 Οὐ
3364 3764 3473 3835 γὰρ
3532 3762 3812 3835 βραχεῖαν

2210 3857 2515 3927 ἀνεξήγαγε
2532 3855 2576 3887 ⁷³
2606 3854 2822 3919 λιϐάδα,
2857 3852 2992 3907 ἀλλὰ
3025 3856 3146 3917 ταῖς
3170 3853 3394 3919 πολλαῖς
3418 3857 3657 3920 ἐκείναις
3688 3875 3812 3926 μυ-

2216 3947 2400 4018 ριάσιν
2431 3944 2709 4016 ἀρκοῦσαν
2736 3945 2939 4014 πηγήν.
2985 3943 3095 3997 Kal
3124 3943 3283 3997 τοῦτο
3317 3945 3677 4015 σαφέστερον,
3707 3947 3812 4001 δια

2210 4038 2318 4091 τῶν
2347 4038 2706 4106 ἐπαγομένων
2742 4034 2949 4099 ἐδίδαξε
2963 4034 3031 4089 ⁷³.

2285 4136 2380 4194 ις’.
2429 4149 2446 4180 ι
2478 4129 2589 4182 Kal
2635 4127 2905 4198 ἐξήγαγεν
2947 4126 3091 4197 ὕδωρ
3129 4128 3191 4180 ἐκ
3241 4126 3467 4196 πέτρας,
3516 4127 3611 4179 καὶ
3662 4145 3813 4182 κατ-

2212 4223 2419 4293 ήγαγεν
2443 4220 2520 4285 ὡς
2554 4221 2834 4289 ποταμοὺς
2870 4218 3059 4272 ὕδατα.
3098 4237 3115 4268 ι
3141 4218 3214 4270 Τὸ
3251 4216 3357 4286 γάρ
3395 4216 3741 4272 ἀναϐλυσθέν
3760 4220 3815 4254 ⁷⁸

2213 4312 2358 4383 ὓδωρ
2382 4314 2459 4376 είς
2489 4312 2713 4375 πολλοὺς
2744 4313 2965 4381 ὀχετοὺς
2993 4310 3241 4382 διῃρέθη,
3267 4310 3480 4381 εὐμαρῆ
3510 4311 3608 4364 καὶ
3641 4313 3811 4381 φιλό-

2212 4422 2370 4477 τιμον
2405 4404 2647 4477 παρέχον
2679 4407 2790 4467 τοῖς
2827 4404 3024 4473 διψῶσι
3053 4405 3153 4473 τὴν
3186 4403 3364 4475 χάριν.

602 4490 764 4569 Vens.
804 4512 870 4566 l7
894 4554 909 4576 ,
940 4510 1029 4567 l8.
1072 4536 1089 4563 ι
1128 4512 1189 4565 Et
1223 4511 1579 4581 perstiterunt
1613 4508 1794 4563 adhuc
1824 4508 1876 4561 in
1902 4516 2101 4578 pecea-

2286 4497 2373 4562 tC’,
2402 4497 2488 4568 ιη’.
2521 4516 2538 4547 ι
2556 4497 2669 4551 Kal
2691 4496 3016 4569 προσέθεντο
3038 4495 3118 4549 ἔτι
3138 4494 3232 4548 τοῦ
3255 4490 3589 4567 ἁμαρτάνειν
3612 4496 3775 4568 αύτῷ
3790 4518 3805 4532 ο

531 4608 622 4672 tis,
654 4607 722 4661 ad
757 4607 893 4660 iram
927 4606 1292 4659 incitaverunt
1333 4603 1625 4656 Excelsum
1673 4601 1729 4654 in
1765 4608 1911 4655 terra
1943 4602 2106 4657 sicca.

2216 4588 2633 4660 παρεπίκραναν
2654 4587 2745 4641 τὸν
2776 4587 3041 4657 ’Ὕψιστον
3079 4589 3136 4640 ἐν
3171 4587 3406 4657 ἀνύδρῳ.
3446 4588 3552 4640 Kal
3585 4587 3813 4653 ἐξεπεί-

530 4697 597 4752 Et
626 4705 974 4751 tcntaverunt
998 4696 1166 4750 Deum
1201 4696 1253 4748 in
1291 4693 1550 4748 cordibus
1581 4693 1697 4748 suis
1724 4733 1740 4758 ,
1777 4702 1833 4749 ut
1867 4704 2101 4765 peterent

2219 4696 2391 4751 ρασαν
2420 4680 2512 4733 τὸν
2535 4679 2668 4732 Θεὸν
2698 4680 2756 4732 ἐν
2783 4682 2905 4743 ταῖς
2934 4679 3181 4751 καρδίαις
3210 4678 3389 4734 αὐτῶν
3408 4720 3424 4745 ,
3452 4680 3546 4733 τοῦ
3572 4682 3811 4751 αἰτῆσαι

529 4803 684 4844 escas
714 4788 1004 4844 animabus
1032 4790 1169 4842 suis.
1205 4804 1223 4837 ι
1261 4776 1649 4839 Verumtamen
1685 4798 1864 4857 neque
1904 4788 2008 4845 hoc
2041 4791 2101 4847 ab

2219 4769 2485 4842 βρώματα
2508 4772 2630 4834 ταῖς
2651 4770 2848 4840 ψυχαῖς
2878 4771 3078 4825 αὐτῶν.
3111 4790 3130 4823 ι
3160 4770 3304 4837 Ἀλλ’
3326 4771 3473 4840 ὅμως
3492 4771 3611 4825 ούδέ
3636 4773 3814 4829 τοῦτο

530 4896 721 4936 eorum
757 4891 937 4936 mente
958 4879 1279 4950 pravitatem
1310 4876 1535 4947 expulit,
1562 4878 1656 4933 sed
1687 4890 2101 4949 perseverarunt

2218 4863 2313 4931 τῆς
2339 4864 2563 4933 γνώμης
2588 4863 2765 4916 αὐτῶν
2794 4862 2892 4933 τὴν
2923 4860 3186 4934 πονηρίαν
3242 4861 3516 4928 ἐξέϐαλεν,
3549 4862 3666 4914 ἀλλ’
3698 4865 3816 4917 ιπ-

531 4973 728 5044 ingrati
758 4973 927 5027 animi
956 4970 1091 5024 vitio
1119 4968 1409 5024 laborare:
1456 4981 1509 5026 et
1555 4981 1679 5042 post
1724 4981 1803 5029 tot
1841 4976 2101 5031 miracula

2220 4957 2445 5027 έμειναν
2473 4955 2571 5025 τὴν
2599 4955 2696 5024 τῆς
2730 4955 3053 5025 ἀχαριστίας
3081 4953 3455 5024 περικείμενοι
3486 4955 3637 5007 νόσον
3665 4971 3679 4984 ·
3699 4957 3814 5009 καὶ

530 5065 835 5134 periculum
875 5063 943 5117 de
979 5060 1165 5117 divina
1204 5061 1446 5131 potentia
1480 5060 1660 5119 facere
1696 5067 2020 5132 voluerunt,
2059 5077 2101 5122 el

2218 5049 2352 5120 μετά
2382 5049 2652 5111 τοσαύτας
2704 5047 3026 5119 εὐεργεσίας
3063 5048 3257 5119 πεῖραν
3288 5046 3473 5100 λαϐεῖν
3503 5046 3814 5116 ἠϐούλοντο

532 5157 656 5211 cibo
689 5156 998 5224 indigentes
1020 5193 1035 5218 ,
1088 5164 1195 5208 non
1236 5156 1570 5214 studuerunt
1601 5158 1853 5228 accipere
1882 5159 1937 5213 id
1966 5159 2101 5228 quod

2218 5142 2307 5210 τῆς
2328 5140 2477 5205 θείας
2507 5139 2809 5209 δυνάμεως,
2843 5139 2937 5193 καὶ
2963 5140 3170 5210 τροφῆς
3196 5138 3499 5209 δεηθέντες,
3523 5138 3584 5190 ού
3604 5135 3814 5191 λαϐεῖν

532 5260 757 5303 necesse
788 5254 927 5310 erat,
952 5245 1046 5301 sed
1081 5243 1178 5302 Dei
1206 5247 1578 5318 impotentiam
1611 5263 1964 5307 accusarunt.

2218 5234 2307 5301 τὴν
2338 5233 2526 5303 χρείαν
2566 5233 2861 5303 ἐζήτησαν,
2915 5230 3031 5285 ἀλλ’
3081 5231 3159 5293 ὡς
3215 5231 3480 5285 ἀδυνάτου
3512 5229 3606 5283 τοῦ
3650 5228 3809 5284 Θεοῦ

2220 5325 2623 5394 κατηγόρησαν.

1664 5428 1902 5483 ΥΛΒΗΕ
1945 5430 2328 5488 LECTIONES
2369 5430 2455 5487 ΕΤ
2495 5426 2728 5490 ΝΟΤἉΕ.

614 5507 658 5539 ⁶¹
687 5507 834 5579 Γὰρ.
882 5514 1002 5565 cod.
1052 5514 1087 5568 ἓ
1134 5516 1261 5572 add.
1327 5522 1512 5592 φησίν.
1620 5522 1664 5553 ⁸³
1693 5521 1841 5590 Γὰρ.
1886 5522 2055 5594 Abest

2218 5525 2301 5578 od.
2336 5524 2391 5579 2.
2497 5525 2542 5556 ⁸³
2578 5526 3059 5594 Ἐὅουλήθησαν.
3118 5526 3247 5583 nec.
3302 5527 3464 5583 lectio
3510 5524 3570 5581 h.
3626 5525 3664 5581 ι.
3710 5534 3811 5585 est

570 5590 749 5683 9‘39?
843 5594 1047 5683 “HTE”
1083 5600 1278 5683 ειῖεριῖ·
1336 5590 1545 5683 αὑτοῦ·
1597 5604 1764 5659 "ebr-
1812 5590 2101 5683 ,Ῥηπὸήπμ

2218 5625 2314 5683 ςεηῃ
2359 5609 2491 5679 ejus.
2611 5590 2947 5683 «rarius.
3006 5611 3170 5683 Ilcbr.
3223 5610 3391 5683 Zoatt.
3505 5613 3551 5644 σο
3598 5612 3732 5667 cod.
3770 5615 3811 5669 ε

572 5661 836 5752 regimen“
884 5666 1080 5752 “Dee:
1138 5661 1299 5752 lectio
1339 5684 1426 5752 est
1481 5674 1730 5745 ἔστησεν.
1808 5661 2101 5730 “VA-6%:

2218 5661 2791 5752 llebrf'tVJi-cumulu—nr.
2820 5661 2838 5664 θ
2933 5661 2946 5665 ν
3416 5661 3805 5752 praemi-ripa:

604 5736 864 5824 dra/p56;
888 5737 1239 5824 cqtl‘a‘rzdudd.
1269 5741 1563 5814 θαλάττης.
1601 5730 1611 5745 ’
1677 5746 1720 5776 ⁷⁸
1758 5746 1879 5800 cod.
1908 5746 1943 5798 2
1982 5745 2101 5800 αὕτη

2225 5730 2485 5807 τίέὸὲιῗε
2498 5730 2790 5823 ἒέἧῖοὶῆὲξ
2863 5751 2910 5783 τι
2943 5730 3395 5815 ’ὲὲῒὲαέᾆῖοᾶ
3417 5730 3807 5824 aggesta:

604 5745 857 5816 Ara/p36.
888 5745 1009 5817 cod.
1046 5745 1081 5788 ‘2
1113 5745 1239 5795 add.
1269 5745 1563 5814 θαλάττης.
1677 5746 1720 5776 ⁷⁸
1758 5746 1879 5800 cod.
1908 5746 1943 5798 2
1982 5745 2144 5818 αὕτη.

606 5806 728 5858 cod.
770 5804 805 5856 ‘2
835 5805 1157 5876 αναϐληθέν.

2225 5749 2267 5781 ⁷³
2292 5751 2413 5807 cod.
2450 5750 2485 5806 2
2506 5752 2769 5823 ἐξήγαγε.
