3854 6326
145 279 291 347 1197

132 398 389 465 ἐγένετο·
421 398 621 452 ἐκεῖνοι
651 399 706 454 δὲ
754 402 819 471 τῇ
851 400 1077 473 δυνάμει
1111 405 1203 458 τοῦ

127 488 235 541 οὐκ
259 487 574 558 ἠϐούλοντο.
613 509 634 542 ι
672 491 780 544 Καὶ
819 495 946 556 τοὺς
983 494 1209 567 ἐχθροὺς
1268 501 1449 557 αὐτῶν
1479 506 1716 576 ἐκάλυψε

131 579 402 634 θάλασσα.
443 599 462 631 ι
511 582 574 634 Ἦ
602 582 710 653 γὰρ
748 584 886 656 αὐτὴ
919 585 1163 643 θάλασσα
1183 591 1400 654 τούτοις
1445 594 1544 664 μὲν
1574 615 1718 670 παρ-

129 670 297 741 έσχεν
329 671 469 732 ὁδὸν,
502 672 744 737 ἐκείνους
773 675 832 728 δὲ
863 679 975 741 τοῖς
1013 677 1256 750 κύμασιν
1297 681 1490 754 ἔχωσε.

203 761 299 815 νδ’.
341 779 361 812 ι
404 763 514 816 Καὶ
538 765 837 834 εἰσήγαγεν
872 768 1068 847 αὐτοὺς
1095 772 1176 834 είς
1203 771 1330 842 ὅρος
1371 775 1718 847 ἁγιάσματος

128 851 322 915 αὑτοῦ,
355 854 480 924 ὅρος
500 854 660 908 τοῦτο
689 856 717 908 δ
749 837 1066 932 ἐκτήσατοή
1097 861 1246 927 δεξιὰ
1268 866 1456 921 αὑτοῦ.
1489 889 1508 921 ι
1543 869 1718 926 Ἐκεῖ-

129 945 228 997 Θεν
252 946 434 1000 τοίνυν
460 947 854 1019 ἐλευθερώσας,
888 951 1142 1006 ἔδωκεν⁶¹
1180 957 1368 1022 αὐτοῖς
1418 959 1486 1031 ἦν
1528 963 1708 1033 ἐπηγ-

127 1037 357 1104 γείλατο
390 1039 496 1108 γῆν
517 1055 531 1069 ο
560 1039 648 1094 διὰ
687 1041 795 1112 γὰρ
829 1043 924 1096 τοῦ
955 1043 1109 1097 Σιὼν·
1159 1046 1340 1113 ὄρους
1395 1052 1577 1105 πᾶσαν
1619 1051 1717 1122 τὴν

129 1130 240 1198 γῆν
299 1131 674 1201 παρεδήλωσε.
705 1152 724 1184 ι
778 1134 885 1186 Καὶ
951 1136 1208 1201 ἐξέϐαλεν
1261 1140 1372 1193 ἀπὸ
1420 1143 1716 1212 προσώπου

130 1219 316 1272 αὐτῶν
346 1220 496 1291 ἔθνη,
546 1224 642 1275 καὶ
688 1225 1112 1298 ἐκληροδὸτησεν
1151 1230 1350 1294 αὐτοὺς
1395 1233 1452 1286 ἐν
1499 1237 1717 1308 σχοινίῳ

131 1310 516 1382 κληροδοσίας.
582 1333 600 1364 ι
659 1315 781 1370 Τῶν
837 1318 948 1388 γὰρ
1008 1321 1258 1374 παλαιῶν
1291 1325 1590 1396 οἰκητόρων
1618 1329 1717 1398 τὴν

130 1401 240 1470 γῆν
298 1403 516 1473 ἐκείνην
567 1405 960 1477 ἐλευθερώσας,
997 1411 1206 1476 τούτοις
1241 1415 1388 1467 κατὰ
1441 1415 1541 1478 τὰς
1582 1419 1717 1470 ὑπο-

133 1493 357 1562 σχέσεις
391 1495 488 1564 τὴν
515 1496 720 1566 ταύτης
751 1499 950 1552 δέδωκε
1005 1502 1348 1560 δεσποτείαν.
1398 1507 1570 1560 Τοῦτο
1606 1508 1716 1579 γὰρ

129 1583 290 1652 δηλοί
336 1585 396 1638 τὸ
449 1588 505 1639 ἐν
562 1588 756 1659 σχονίῳ
804 1590 1186 1660 κληροδοσίας.
1224 1595 1337 1664 Τὴν
1367 1597 1476 1667 γὰρ
1505 1597 1716 1650 οἰκείαν

131 1676 363 1732 εἰώθασι
403 1679 570 1748 γῆνη
601 1681 648 1733 oi
676 1685 1006 1754 κεκτημένοι
1044 1689 1293 1756 μετρεῖν·
1335 1689 1462 1750 τοὺς
1493 1689 1551 1742 δὲ
1582 1690 1716 1759 κλή-

1453 298 1537 360 JN
1571 302 1779 368 PSAL.
1836 307 2120 370 LXXVII.

3269 320 3410 387 1‘98

1252 405 1386 463 Θεοῦ
1431 411 1654 485 οαρῤεῖν
1673 417 1716 450 ⁸ο

1833 432 2004 478 autem
2039 426 2092 480 in
2122 426 2304 482 divina
2329 430 2570 498 potentia
2604 431 2880 488 conlidere
2919 435 3232 513 noluerunt.
3278 460 3297 493 ι
3335 441 3403 498 Et

1821 513 2071 572 inimicos
2112 533 2301 572 eorum
2343 521 2562 590 operuit
2600 538 2772 578 mare.
2814 543 2834 577 ι
2885 525 3032 580 Idem
3065 529 3216 583 enim
3251 547 3405 601 mare

1819 607 1908 663 his
1937 610 2156 678 quidem
2186 613 2286 666 iter
2322 614 2570 683 prtebuit,
2604 615 2727 674 illos
2762 633 2894 674 vero
2911 616 3168 677 ﬂuctibus
3195 623 3397 680 obruit.

1893 783 2055 839 Vens.
2097 786 2188 840 54.
2225 805 2244 838 ι
2280 787 2347 842 Ει
2382 789 2597 844 induxit
2627 806 2722 848 eos
2760 793 2812 847 in
2859 804 3100 850 montem
3146 799 3393 855 sanctiﬁ-

1820 878 2052 932 catiouis
2084 895 2216 943 suae,
2251 893 2490 936 montem
2529 884 2693 954 hunc,
2727 904 2889 968 quem
2925 890 3216 960 acquisivit
3259 894 3395 948 dex-

1821 977 1934 1022 tera
1958 968 2097 1038 ejus.
2131 989 2150 1020 ι
2181 969 2316 1027 Cum
2351 971 2513 1042 igitur
2535 990 2632 1029 eos
2659 976 2805 1032 illinc
2834 977 3140 1046 liberasset,
3173 985 3395 1039 tradidit

1821 1059 1956 1128 ipsis
1993 1075 2156 1129 quant
2193 1063 2464 1129 pollicitus
2499 1074 2580 1118 est
2611 1075 2834 1121 terram.
2883 1068 3016 1123 Nam
3058 1087 3152 1140 per
3181 1072 3397 1128 Sionem

1819 1159 2044 1202 montem
2067 1160 2230 1204 totam
2264 1159 2463 1206 terram
2495 1154 2839 1224 signiﬁcavit.
2877 1175 2896 1208 ι
2929 1157 2994 1212 Ει
3015 1160 3172 1228 cjccit
3199 1178 3229 1216 a
3260 1163 3398 1219 facie

1819 1251 2007 1290 eorum
2049 1248 2258 1308 gentes,
2301 1249 2354 1294 et
2383 1251 2528 1296 sorte
2568 1241 2752 1296 divisit
2785 1244 2864 1299 eis
2905 1255 3104 1300 terram
3149 1247 3390 1306 funiculo

1819 1327 2240 1384 distrilmtionis.
2283 1350 2301 1382 ι
2335 1331 2470 1385 Cum
2503 1333 2645 1386 enim
2689 1334 2976 1390 liberasset
3009 1345 3205 1391 terram
3247 1340 3396 1394 illam

1819 1419 1886 1472 ab
1938 1420 2178 1488 antiquis
2235 1420 2452 1486 incolis,
2502 1423 2588 1478 his
2649 1427 2948 1480 secundum
2999 1428 3395 1497 promissioncs

1819 1509 1964 1566 illius
2007 1513 2296 1581 imperium
2343 1515 2581 1569 tradidit.
2629 1515 2742 1572 Hoc
2771 1519 2917 1572 enim
2957 1521 3198 1574 ostendit
3236 1521 3394 1588 illud,

1824 1620 1843 1652 ι
1883 1601 2124 1658 l‘uniculo
2166 1604 2592 1662 distributionis.
2632 1627 2650 1658 ι
2699 1609 3050 1666 Possessores
3101 1611 3246 1664 enim
3301 1626 3396 1666 so-

1818 1694 1930 1748 lcut
1965 1703 2161 1749 terram
2217 1711 2370 1750 suam
2410 1698 2612 1752 metiri.
2658 1699 2845 1756 Sortes
2881 1710 3062 1756 autem
3109 1710 3166 1757 et
3209 1703 3397 1758 distri-

134 1783 270 1837 ρους
318 1768 414 1821 καὶ
461 1769 560 1833 τὰς
588 1770 940 1842 διανεμήσεις
971 1774 1018 1804 ⁸³
1057 1774 1448 1846 ἀκριϐέστερον
1476 1777 1716 1832 διδάσκει

1833 1787 2072 1842 butiones
2095 1788 2406 1843 accuratius
2433 1789 2593 1844 docet
2623 1791 2850 1847 historia
2879 1791 3062 1848 Josuae
3083 1791 3250 1848 Nave.

129 1854 233 1909 τοῦ
272 1857 444 1928 Ἰησοῦ
477 1857 576 1912 τοῦ
605 1858 813 1930 Ναυῆή
849 1867 1164 1932 συγγραφή.

213 1953 307 2002 νε’.
368 1967 388 2000 ι
447 1950 559 2003 Καὶ
615 1953 1038 2021 κατεσκήνωσεν
1091 1955 1150 2006 ἐν
1197 1956 1312 2018 τοῖς
1361 1953 1720 2026 σκηνώμασιν

133 2037 327 2092 αὐτῶν
361 2039 462 2102 τὰς
492 2041 666 2109 φυλὰς
697 2045 792 2096 τοῦ
852 2043 1094 2116 Ἰσραήλ.
1157 2065 1175 2098 ι
1212 2045 1368 2100 Κατὰ
1421 2045 1490 2118 [1Ιώ
1525 2045 1717 2119 φυλὰς]

136 2133 252 2203 γὰρ
275 2133 376 2203 τὴν
409 2135 512 2204 γῆν
529 2133 869 2206 διενείμαντο
891 2155 902 2168 ·
934 2137 994 2191 οὔ
1005 2157 1082 2192 τω
1097 2138 1195 2211 τὴν
1229 2141 1366 2209 μετᾶ
1387 2139 1484 2210 τὴν
1512 2139 1720 2211 ἔρημον

137 2225 326 2278 αὐτῶν
351 2227 608 2280 ἀπιστίαν
627 2229 866 2294 διδάξας,
891 2231 1160 2301 διηγεῖται
1191 2233 1291 2298 τὰς
1319 2235 1377 2287 ἐν
1417 2236 1482 2306 τῇ
1513 2236 1582 2305 γῇ
1614 2234 1716 2306 τῆς

136 2318 479 2386 ἐπαγγελίας
512 2321 882 2390 παρανομίας.

213 2407 322 2473 νς’.
360 2429 379 2460 ι
425 2410 533 2463 Καὶ
552 2411 852 2479 ἐπείρασαν
882 2413 979 2465 καὶ
1012 2414 1428 2486 παρεπίκραναν
1453 2415 1544 2470 τὸν
1588 2413 1721 2469 Θεδν

137 2502 234 2554 τὸν
257 2501 501 2572 ὕψιστον,
519 2505 614 2558 καὶ
627 2507 696 2560 τὰ
715 2506 991 2578 μαρτύρια
1007 2507 1172 2561 αὐτοῦ
1195 2509 1293 2561 οὐκ
1318 2508 1712 2578 ἐφυλάξαντο.)

139 2595 304 2652 Μετὰ
329 2597 597 2660 τοσαύτας
639 2599 736 2652 καὶ
773 2600 1106 2670 τηλικαύτας
1141 2602 1460 2673 εὐεργεσίας
1499 2603 1717 2674 ἐπέμειο

140 2703 244 2739 ναν
279 2687 750 2760 παρανομοῦντες,
799 2692 1026 2756 καὶτὰς
1075 2693 1226 2756 θείας
1285 2693 1718 2764 παραϐαίνοντες

143 2780 390 2844 ἐντολάς.
1630 2823 1638 2831 .

217 2871 318 2936 νς.
365 2892 384 2924 ι
423 2873 532 2927 Καὶ
585 2873 954 2944 ἀπέστρεψαν,
1008 2876 1103 2930 καὶ
1140 2875 1415 2946 ἠθέτησαν
1438 2876 1485 2910 ’⁸⁸
1537 2877 1720 2942 καθὼς

141 2960 246 3014 καὶ
271 2962 319 3014 οί
347 2961 580 3032 πατέρες
604 2963 800 3016 αὐτῶν.
843 2983 862 3015 t
905 2963 1014 3034 Τὴν
1057 2963 1166 3016 τῶν
1216 2965 1478 3035 πατέρων
1519 2967 1720 3036 ἐμιμή·

144 3069 313 3106 σαντο
345 3045 668 3126 μοχθηρίαν,
703 3055 796 3108 καὶ
816 3054 1156 3124 τὴνέκείνων
1187 3057 1518 3128 θεασάμενοι
1546 3075 1720 3128 τιμω-

146 3142 278 3212 ρίαν
305 3142 370 3207 ⁸⁵,
404 3145 556 3197 οὐδὲν
641 3145 893 3198 ἐντεῦθεν
963 3145 1268 3201 ἀπώναντο.
1317 3168 1334 3200 ι
1399 3150 1716 3220 Μετεστρά-

141 3251 330 3304 φησαν
381 3238 461 3299 είς
513 3237 724 3300 τόξονδτ
781 3237 1062 3308 στρεϐλόν.
1129 3259 1147 3292 ι
1199 3239 1397 3305 Τόξον,
1435 3242 1578 3295 κατὰ
1621 3243 1720 3312 μὲν

139 3327 344 3396 τέχνην
395 3328 926 3400 κατεσκευασμένον,
992 3332 1132 3384 κατὰ
1170 3332 1370 3386 σκοποῦ
1406 3333 1614 3404 πέμπει
1651 3333 1722 3388 τὰ

143 3419 430 3490 ἀφιέμενα
465 3419 592 3491 βέλη
616 3436 631 3454 ο
670 3421 1008 3491 διαστροφὴν
1033 3421 1089 3474 δέ
1137 3439 1260 3477 τινα
1306 3423 1620 3494 δεξάμενον,
1652 3425 1722 3504 τᾲ

141 3513 482 3582 πεμπόμενα
526 3511 654 3582 βέλη
688 3511 1038 3566 κατευθύνειν
1063 3513 1122 3566 οὐ
1165 3513 1414 3569 δύναται.
1458 3519 1719 3572 Κάκεῖνοι

140 3605 330 3657 τοίνυν
363 3605 465 3676 τῆς
526 3605 771 3667 διανοίας
817 3605 916 3674 τὴν
949 3605 1222 3676 εὐθύτητα
1263 3607 1680 3678 διαφθείραντες
1703 3650 1716 3676 ,

140 3695 275 3750 οὗτε
307 3699 426 3760 ταῖς
487 3696 658 3762 θείαις
708 3696 1052 3770 εὐεργεσίαις
1105 3698 1186 3760 είς
1257 3698 1375 3751 δέον
1445 3699 1711 3770 ἐχρῶντο,

141 3787 248 3841 καὶ
299 3787 504 3860 βλάϐης
534 3789 788 3860 ἀφορμὰς
825 3789 922 3852 τὰς
963 3789 1064 3858 τῆς
1115 3788 1384 3859 ὠφελείας
1417 3790 1720 3860 ἀπέφαινον

139 3879 428 3950 ἀφορμάς.

220 3975 324 4038 νην.
359 3988 377 4020 ι
412 3970 521 4023 Καὶ
549 3969 906 4041 παρὼργισαν
930 3969 1092 4024 αὐτὸν
1129 3971 1188 4024 ἐν
1218 3972 1330 4034 τοῖς
1361 3969 1572 4040 βουνοῖς
1617 3969 1717 4022 αὖ·

138 4059 281 4124 τῶν,
328 4061 422 4113 καὶ
477 4063 533 4113 ἐν
590 4065 703 4125 τοῖς
759 4062 1021 4130 γλυπτοῖς
1076 4061 1256 4116 αὐτῶν
1323 4061 1722 4133 παρεζήλωσαν

139 4147 334 4200 αὐτόν.
371 4165 390 4198 ι
451 4150 609 4219 Παρὰ
665 4148 760 4202 τοῦ
797 4149 931 4203 Θεοῦ
987 4149 1097 4204 τῶν
1131 4147 1285 4204 ’ὅλων
1331 4151 1610 4222 δεχόμενοι
1657 4149 1728 4204 τὰ

141 4235 354 4304 ἀγαθὰ,
385 4239 498 4300 τοῖς
529 4239 760 4310 ἀψύχοις
790 4239 1028 4304 εἰδώλοις
1068 4240 1371 4294 ἐδούλευον.

221 4328 320 4384 νθ¹.
357 4347 377 4380 ι
418 4331 684 4386 Ἤκουσεν
714 4333 915 4398 δΘεὸς,
951 4333 1046 4386 καὶ
1067 4331 1317 4404 ὑπερεῖδε
1341 4333 1408 4387 ⁸⁸.
1456 4351 1475 4384 ι
1523 4331 1726 4402 Δεομέ-

1892 1963 2058 2020 Vens.
2089 1964 2177 2020 55.
2217 1983 2235 2016 ι
2269 1963 2334 2019 Et
2367 1967 2612 2022 habitare
2653 1967 2777 2024 fecit
2811 1969 2864 2024 in
2907 1970 3274 2026 tabernaculis
3297 1985 3395 2026 eo-

1823 2068 1940 2107 rum
1970 2053 2145 2108 tribus
2174 2051 2361 2109 Israel.
2405 2072 2425 2106 ι
2466 2053 2776 2110 Secundum
2813 2058 2990 2112 tribus
3021 2059 3164 2112 enim
3197 2066 3394 2113 terram

1822 2143 2236 2200 distribuerunt.
2279 2143 2511 2200 Ostensa
2542 2146 2595 2199 in
2632 2147 3034 2202 hunc-modum
3078 2149 3398 2205 inﬁdelitate

1821 2251 2030 2300 eorum,
2090 2251 2194 2305 qua
2243 2235 2298 2289 in
2348 2237 2642 2292 solitudine
2693 2239 2779 2293 usi
2836 2247 2986 2298 sunt,
3044 2240 3398 2310 persequitur

1822 2328 2134 2399 iniquitates
2164 2329 2217 2381 in
2251 2335 2390 2382 terra
2413 2329 2798 2397 promissionis
2827 2331 3034 2402 1161
3066 2338 3332 2400 patratas.

1894 2422 1914 2442 ⁶
1939 2418 2098 2472 Vens.
2126 2418 2214 2473 56.
2259 2436 2278 2470 ι
2315 2419 2375 2472 Et
2426 2427 2792 2483 tentaverunt,
2843 2433 2899 2474 et
2931 2419 3396 2474 exacerbaverunt

1823 2509 1992 2564 Deum
2025 2511 2325 2575 excelsum,
2361 2519 2417 2564 et
2465 2511 2776 2565 testimonia
2820 2511 2941 2580 cjus
2977 2526 3086 2567 non
3123 2509 3398 2566 custodie-
3494 2535 3498 2539 ·

1821 2611 2020 2656 runt.»
2083 2602 2208 2656 Post
2262 2613 2338 2656 tot
2395 2610 2654 2672 tantaque
2720 2603 2982 2658 beneﬁcia
3034 2609 3396 2673 perrexerunt

1821 2695 2154 2766 delinquere,
2185 2705 2238 2750 ct
2269 2696 2448 2750 divina
2483 2697 2736 2751 mandata
2771 2696 2994 2752 violare.

1889 2852 2056 2922 Vens.
2090 2867 2177 2920 57.
2211 2885 2229 2919 ι
2259 2867 2324 2921 Ει
2353 2878 2666 2924 averterunt
2691 2885 2770 2937 se,
2799 2880 2854 2926 et
2875 2869 3209 2941 prae'varicati
3243 2879 3394 2936 sunt,

1823 2959 2281 3029 quemadmodum
2345 2971 2530 3030 patres
2581 2977 2793 3016 eorum.
2859 2983 2878 3016 ›
2926 2963 3150 3018 Patrum
3198 2963 3397 3022 imitati

1811 3029 1954 3104 \sunt
1994 3050 2314 3118 nequitiam,
2345 3029 2398 3104 et
2438 3050 2656 3105 illorum
2707 3054 3006 3122 conspicati
3043 3053 3394 3121 supplicium,

1826 3140 1960 3194 nihil
1996 3140 2122 3195 inde
2159 3140 2333 3210 adjuti
2385 3150 2534 3196 sunt.
2585 3161 2605 3192 σ
2653 3142 2916 3198 Conversi
2947 3153 3077 3199 sunt
3112 3143 3164 3197 iu
3207 3158 3395 3198 arcum

1823 3245 2071 3300 pravum.
2104 3250 2122 3283 ι
2179 3232 2350 3287 Arcus
2384 3234 2681 3290 artiliciose
2728 3236 3040 3290 elaboratus
3069 3236 3122 3288 in
3168 3248 3395 3302 scepum

1823 3322 2022 3375 emissa
2041 3323 2222 3390 jacula
2250 3322 2440 3392 dirigit
2471 3341 2485 3376 :
2526 3326 2568 3378 si
2601 3342 2730 3379 vero
2754 3327 2992 3394 aliquam
3021 3325 3399 3395 obliquitatem

1823 3411 1879 3465 in
1915 3427 1974 3466 se
2006 3411 2276 3478 habuerit,
2324 3415 2600 3484 coniectas
2638 3418 2866 3485 sagittas
2909 3417 3146 3487 dirigere
3188 3415 3393 3486 nequit.

1824 3503 1903 3556 Illi
1945 3504 2109 3574 igitur
2141 3506 2338 3560 mentis
2372 3508 2698 3562 rectitudine
2737 3509 3048 3578 depravata,
3099 3524 3278 3578 neque
3309 3507 3397 3562 di-

1822 3595 1970 3649 vinis
2011 3597 2308 3660 beneﬁciis,
2349 3607 2409 3652 ut
2439 3615 2537 3668 par
2567 3602 2704 3665 erat,
2753 3600 2836 3653 usi
2881 3610 3028 3665 sunt,
3077 3607 3131 3653 et
3166 3614 3231 3654 ea
3279 3613 3398 3668 quae

1823 3685 2075 3740 utilitatis
2115 3687 2434 3742 occasiones
2473 3688 2668 3743 afferre
2697 3699 2968 3758 poterant,
3011 3689 3196 3744 damni
3233 3693 3398 3746 ocea-

1823 3776 2010 3830 siones
2043 3777 2414 3832 reddiderunt.

1894 3949 2064 4006 Vens.
2099 3950 2184 4006 58.
2222 3969 2242 4002 ι
2279 3952 2340 4006 In
2379 3951 2514 4005 iram
2545 3951 2957 4006 concitaverunt
3003 3967 3128 4006 cum
3160 3952 3213 4004 in
3241 3947 3398 4006 colli-

1823 4043 1928 4098 bus
1963 4045 2103 4109 suis,
2150 4053 2206 4098 et
2249 4045 2303 4098 in
2335 4043 2682 4113 sculptilibus
2711 4044 2829 4098 suis
2880 4043 2947 4097 ad
2991 4041 3396 4098 aemulationem

1824 4150 1948 4190 eum
1974 4143 2426 4201 provocaverunt.
2463 4153 2482 4187 ι
2509 4134 2554 4188 Α
2577 4134 2692 4190 Deo"
2707 4135 3094 4191 universorum
3120 4132 3397 4191 beneﬁciis

1825 4225 2022 4290 allecti,
2057 4226 2372 4282 inanimatis
2404 4226 2561 4281 idolis
2593 4227 2923 4283 servierunt.

1895 4315 2062 4372 Vnus.
2115 4318 2202 4373 59.
2265 4336 2285 4370 ι
2337 4318 2566 4373 Audivit
2599 4317 2778 4384 Deus,
2835 4327 2886 4374 ct
2928 4319 3155 4390 sprevit.
3201 4337 3220 4372 ι
3268 4317 3398 4382 Eos,

137 4442 304 4492 νους,
337 4426 493 4496 φησὶ,
529 4427 628 4496 τῆς
682 4408 892 4492 οἰκείας
920 4427 1020 4480 οὐκ
1048 4425 1200 4494 ἠξίου
1228 4425 1505 4496 προνοίας.
1539 4425 1716 4478 Ταῦτα

1833 4411 2027 4480 inquit,
2072 4420 2356 4480 precantes
2407 4428 2508 4467 sua
2557 4428 2660 4484 ope
2712 4412 2936 4466 minime
2989 4411 3247 4480 dignatus
3295 4419 3400 4463 est.

137 4517 206 4570 δὲ
235 4516 560 4590 σαφέστερον
594 4518 750 4590 ἡτῶν
776 4517 994 4588 Κριτῶν
1019 4515 1226 4586 ἱστορία
1253 4515 1514 4568 διδάσκει.
1549 4514 1724 4584 Παρέ-

141 4608 296 4662 δωκε
329 4608 438 4678 γὰρ
476 4609 695 4670 αὐτοὺς,
733 4610 866 4662 ποτὲ
931 4609 1028 4676 μὲν
1087 4606 1471 4676 Ἀμμανίταις,
1510 4604 1642 4658 ποτὲ
1671 4603 1729 4658 δὲ

142 4697 494 4762 Μωαϐίταις,
545 4699 732 4754 ἄλλοτε
763 4699 818 4752 δὲ
842 4698 1232 4768 Μαδιηναίοις,
1262 4699 1353 4750 καὶ
1388 4694 1726 4764 ἀλλοφύλοιςο

145 4787 348 4856 ποινὴν
411 4788 670 4852 αύτοὺς⁸⁹
723 4790 824 4858 τῆς
871 4787 1124 4849 ἀσεϐείας
1179 4783 1726 4855 είσπραττὸμενοςδθ.

155 4897 176 4930 ι
213 4879 326 4932 Καὶ
353 4879 678 4944 ὲξουδένωσε
703 4881 908 4953 σφόδρα
954 4881 1045 4932 τὸν
1091 4878 1329 4949 Ἰσραήλ.
1387 4895 1406 4928 ι
1467 4875 1572 4928 Τὸν
1619 4874 1730 4946 γὰρ

149 4969 600 5042 πολυθρύλλητον
653 4973 862 5026 ἐκεῖνον
913 4971 1061 5036 λαὸν,
1120 4955 1214 5022 τὸν
1262 4965 1582 5038 παραδόξως
1627 4966 1730 5036 τῆς

145 5061 470 5128 Αίγυπτίων
511 5062 754 5126 δουλείας
819 5059 1222 5128 ἀπαλλαγέντα,
1280 5059 1340 5111 ὃν
1381 5061 1415 5129 ἡ
1479 5056 1730 5110 θάλασσα

160 5148 276 5206 εἶδε
303 5153 396 5207 καὶ
421 5153 609 5223 ἔφυγε,
650 5155 744 5208 καὶ
767 5155 796 5208 ὁ
857 5153 1127 5224 Ἰορδάνης
1163 5150 1512 5220 ἀνεχώρησεν
1547 5151 1626 5212 εἰς
1656 5150 1725 5204 τὰ

146 5244 352 5312 ὀπίσω,
380 5244 566 5298 τοῦτον
596 5247 646 5300 οί
667 5247 859 5317 ὅμοροι
889 5243 1087 5316 ῥᾳδίως
1109 5239 1632 5312 κατηγωνίζοντο⁸¹.

1826 4500 1953 4556 Haec
2006 4510 2182 4556 autem
2239 4502 2585 4560 manifestius
2628 4503 2882 4558 Iudicum
2931 4501 3163 4556 historia
3219 4501 3400 4553 docet.

1827 4592 2071 4648 Tradidit
2103 4593 2247 4648 enim
2292 4595 2444 4665 ipsos
2473 4595 2744 4661 interdum
2782 4595 3002 4665 quidem
3044 4591 3394 4654 Ammonius.

1829 4685 2127 4756 aliquando
2155 4669 2338 4742 autem
2375 4689 2648 4752 Moabitis,
2681 4689 2816 4742 alias
2841 4701 2971 4743 vero
2997 4682 3326 4746 Madianitis,
3353 4693 3406 4736 et

1834 4776 2164 4849 Aliopbylis,
2189 4779 2482 4850 impietatis
2519 4797 2712 4851 ptenas
2756 4782 2824 4835 ab
2865 4780 2973 4834 illis
3007 4778 3250 4848 exigens.
3287 4792 3305 4826 ι
3342 4773 3406 4827 Et

1833 4869 1900 4923 ad
1927 4871 2153 4924 nihilum
2183 4873 2391 4942 redegit
2417 4873 2572 4927 valde
2602 4873 2879 4927 lsraclem.
2918 4890 2937 4924 ι
2972 4869 3405 4924 Celeberrimum

1837 4962 1980 5015 enim
2018 4964 2274 5032 populum
2306 4966 2480 5026 illum,
2512 4967 2606 5034 qui
2635 4965 2704 5020 ab
2733 4963 3114 5038 Egyptiorum
3145 4960 3407 5015 servitute

1837 5053 1977 5107 miro
2002 5057 2162 5110 modo
2194 5057 2454 5113 liberatus
2493 5057 2612 5125 fuit,
2638 5073 2799 5127 quem
2849 5055 3060 5126 1162
3093 5067 3244 5107 mare
3275 5049 3408 5104 vidit

1835 5153 1888 5196 et
1914 5144 2070 5214 fugit,
2112 5161 2297 5202 coram
2329 5164 2440 5218 quo
2463 5148 2730 5204 Jordanes
2757 5161 3056 5202 conversus
3081 5153 3168 5200 est
3198 5149 3408 5197 retror-

1835 5249 1979 5302 sum,
2015 5237 2163 5294 hunc
2200 5239 2444 5308 inquam,
2479 5239 2692 5296 linitimi
2718 5237 2974 5295 facillime
3000 5233 3408 5308 expugnabant.

1255 5402 1492 5458 VARUE
1529 5402 1910 5460 LECTIONES
1950 5401 2038 5454 ET
2079 5399 2310 5457 NOTAE.

231 5500 276 5579 ’ξ
307 5504 573 5579 Θᾳῤῥεῖῖ.
615 5505 736 5579 cod.
765 5507 800 5560 2
840 5506 1194 5579 μαρτυρεῖν...
1231 5501 1272 5533 δ’
1295 5501 1488 5579 c_ml._2
1514 5501 1716 5579 ἀπέδω)

1888 5502 1933 5531 δ’
1967 5497 2326 5579 rip-Ligus:
2351 5513 2380 5552 a
2414 5497 2535 5552 cod.
2559 5495 2612 5551 2.
2670 5495 2737 5579 ,ξ’
2767 5495 2890 5578 cod.
2921 5495 2958 5548 2
2993 5495 3407 5579 διαμετρησὶιῇ

158 5563 457 5645 “fulcio,
512 5563 708 5645 Suppl.
737 5591 766 5630 e
797 5563 1034 5631 cum")...
1085 5575 1130 5645 θ’
1161 5571 1288 5645 Bec.
1327 5572 1484 5645 lectio
1529 5575 1716 5645 estrei

1837 5585 2024 5645 τησαν.
2099 5569 2146 5600 η
2175 5567 2400 5645 Τὴνςέ
2425 5584 2623 5645 τιμωρ.
2670 5565 2802 5645 Ιξθελ
2847 5566 2914 5645 in_
2933 5565 3058 5645 co_d.
3090 5563 3269 5645 2:."

156 5641 360 5704 τόξον.
416 5641 758 5700 Ιιυὺι⁶.’ἐὶειιι
805 5663 984 5700 arcus.

161 5712 552 5783 πραττόμενος.
628 5717 670 5749 ⁵⁸
714 5717 834 5772 cod.
866 5718 900 5770 2
935 5713 1326 5784 κατηγώνιζον.

1087 5643 1134 5676 ⁵⁸
1179 5641 1502 5710 ’Υπερεῖδε.
1540 5632 1702 5697 Hebr.
1742 5632 1922 5702 smn-it
1961 5632 2268 5708 indignatus
2305 5637 2428 5706 fuit.

2529 5631 2578 5672 *ί
2610 5636 2734 5692 cod.
2771 5636 2807 5690 2
2855 5636 3060 5700 αὐτοῖς.
3133 5633 3180 5668 ⁸⁸
3216 5632 3339 5688 cod.
3369 5631 3408 5686 2
