3854 6326
102 347 252 415 1501

1407 354 1486 414 1N
1529 356 1735 416 PSAL.
1776 327 2064 418 Lxxvu'.

3237 354 3374 420 1502

102 471 250 534 λίην,
291 467 396 536 τὴν
435 465 835 536 ἀγανάκτησιν.
877 466 1147 538 Καθάπερ
1200 467 1307 539 γὰρ
1364 469 1692 522 ὲπείσικτόν

1810 471 1941 524 anim
1992 470 2397 540 quodammodo
2453 470 2673 541 crapula
2724 469 3017 526 adventitia
3047 469 3178 537 Deo,
3213 483 3374 540 paena

94 560 226 612 ἐστι
261 559 423 625 Θεοῦ,
470 560 770 631 τιμωρία⁶⁶
800 560 1022 625 δικαίως
1040 562 1083 593 ⁸⁷
1112 562 1228 623 τοῖς
1272 551 1692 630 πλῆμμελοῦσιν

96 652 456 722 ἐπαγομένη.

179 739 280 807 ξζ’.
319 761 337 794 ι
379 744 484 795 Καὶ
507 744 772 797 ἀπώσατο
820 743 881 796 τὸ
908 744 1174 815 σκήνωμα
1215 743 1438 816 Ἰωσὴφ,
1472 744 1566 797 καὶ
1594 744 1693 816 τὴν

97 834 290 903 φυλὴν
333 834 578 905 Ἐφρατμ
633 836 736 889 οὐκ
785 834 1094 900 ἐξελέξατο.
1122 855 1141 889 ι
1184 836 1355 890 Πάλιν
1403 837 1499 899 τὰς
1529 836 1694 899 ἄλλας

98 924 434 978 καταλιπὼν
497 927 692 994 φυλὰς,
736 927 906 996 μόνης
959 922 1237 997 μέμνηται
1289 927 1390 996 τῆς
1432 925 1711 996 Ἑφραῒμν

100 1015 210 1086 τὴν
244 1016 516 1086 ἐσομένην
550 1018 803 1087 προορῶν
856 1018 1173 1088 τυραννίδα.
1218 1019 1314 1071 Ἐκ
1357 1017 1564 1087 ταύτης
1587 1019 1695 1088 γὰρ

113 1108 411 1178 Ἱεροϐοὰμ
442 1108 786 1178 ὁρμώμενος,
819 1109 918 1171 τὰς
949 1109 1083 1162 δέκα
1113 1109 1285 1176 φυλὰς
1315 1112 1379 1163 ὲκ
1404 1110 1507 1177 τῆς
1532 1109 1694 1162 Δαδι-

99 1200 271 1268 τικῆς
301 1200 586 1269 ἀπέρρηξε
613 1199 899 1270 βασιλείας
928 1218 942 1232 ο
986 1201 1185 1272 Ἰωσὴφ
1218 1203 1273 1254 δὲ
1320 1202 1415 1254 καὶ
1457 1200 1697 1271 Ἐφραῒμ

101 1291 210 1360 τὴν
262 1291 435 1360 αὐτὴν
491 1291 644 1359 λέγει
676 1290 893 1361 φυλήνο
946 1292 1061 1355 υἱὸς
1118 1295 1227 1363 γὰρ
1274 1292 1370 1345 τοῦ
1426 1291 1624 1363 Ἰωσὴφ
1668 1292 1696 1344 6

119 1383 392 1454 Ἰἐφρλῖμη
439 1383 796 1453 Ἀπωσθῆναι
830 1384 886 1437 δὲ
944 1383 1117 1455 αὐτὴν
1154 1362 1325 1452 λέγει,
1353 1383 1430 1453 τῷ
1466 1382 1540 1453 μὴ
1579 1362 1697 1435 δία-

108 1480 300 1546 μεῖναι
340 1478 397 1527 ἐν
422 1478 485 1544 τῇ
514 1475 717 1545 Σηλὼμ
743 1477 842 1546 τὴν
887 1476 1117 1546 σκηνὴν,
1166 1476 1284 1530 ἀλλ’
1314 1479 1369 1528 ὲν
1392 1478 1458 1545 τῇ
1500 1474 1696 1545 Ἰερου-

108 1566 301 1635 σαλὴμ
336 1570 437 1637 τῆς
466 1567 621 1630 θείας
667 1567 904 1621 κιϐωτοῦ
940 1568 1246 1637 μεταϐῆναι
1288 1567 1390 1637 τὴν
1419 1567 1603 1637 χάριν,
1637 1569 1696 1619 ὲν

104 1650 144 1729 ᾖ
184 1657 278 1708 καὶ⁹
309 1659 337 1708 6
363 1655 618 1726 Σολομὼν
668 1657 810 1726 μετὰ
839 1655 1015 1709 ταῦτα
1055 1656 1145 1709 τὸν
1181 1656 1323 1708 θεῖον
1368 1654 1506 1709 νεὼν
1561 1654 1694 1708 ἐδεί-

107 1764 277 1819 ματο.

1795 582 1916 636 quae
1937 567 2085 637 justo
2118 566 2498 638 peccatoribus
2532 565 2816 636 inﬂigitur.

1865 745 2029 801 Vnus.
2063 745 2152 802 67.
2199 767 2217 798 ι
2260 746 2326 801 Ει
2367 747 2566 817 repulit
2608 746 3017 801 tabernaculum
3064 743 3286 813 Ioseph,
3320 750 3376 798 et

1794 836 1995 891 tribum
2052 836 2307 906 Ephraim
2341 853 2448 891 non
2479 836 2660 905 elegit.
2705 856 2722 888 ›
2765 835 2998 896 Rursus.
3037 836 3159 889 aliis
3200 835 3375 889 tribu-

1796 930 1900 984 bus
1923 928 2219 992 derelictis,
2250 929 2421 983 solius
2446 928 2701 997 prraim
2726 928 2997 993 meminit,
3016 926 3255 981 futuram
3292 934 3372 996 ty-

1796 1022 2081 1075 rannidem
2118 1020 2440 1088 praevidens.
2461 1018 2539 1073 Ex
2572 1000 2673 1072 hac
2701 1018 2844 1072 enim
2877 1028 3033 1084 ortus
3062 1015 3371 1079 Jerohoam,

1797 1128 1826 1166 a
1887 1112 2146 1167 Davidico
2196 1128 2360 1181 regno
2399 1113 2583 1166 decem
2636 1112 2810 1165 tribus
2868 1110 3115 1164 abduxit.
3169 1110 3372 1179 Joscph

1795 1219 1961 1275 porro
1985 1214 2039 1258 et
2095 1204 2355 1274 Ephraim
2418 1204 2663 1259 eamdem
2715 1202 2920 1256 tribum
2972 1200 3184 1272 1164,
3219 1202 3370 1262 dicit.

1797 1297 1927 1367 quia
1984 1297 2130 1352 [ilius
2186 1295 2409 1367 Josephi
2464 1295 2564 1351 fuit
2623 1294 2903 1364 Ephraim.
2948 1292 3222 1362 Reiectum
3271 1309 3372 1348 au—

1821 1408 1905 1447 em
1943 1394 2084 1447 hanc
2131 1391 2299 1445 fuisse
2343 1390 2493 1456 dicit,
2562 1389 2708 1458 quod
2735 1387 3145 1442 tabernaculum
3179 1387 3230 1439 in
3257 1385 3374 1440 Silo

1798 1504 1906 1542 non
1954 1485 2338 1557 permanserit,
2373 1484 2467 1540 sed
2514 1483 2715 1536 divina:
2765 1496 2905 1535 arcae
2937 1472 3112 1550 gratia
3142 1479 3162 1500 ¹
3200 1489 3380 1532 trans-

1800 1580 1909 1634 lata
1966 1578 2132 1632 fuerit
2177 1576 2632 1645 Hierosolymam,
2668 1575 2722 1627 iu
2781 1589 2890 1644 qua
2922 1571 3183 1628 Salomon
3214 1572 3375 1626 etiam

1797 1681 1988 1742 postea
2018 1672 2264 1727 divinum
2300 1670 2561 1739 templum
2594 1668 2786 1723 erexit.

186 1838 289 1910 ξη’.
327 1859 345 1891 ι
388 1839 501 1893 Kal.
545 1837 836 1905 ἐξελέξατο
879 1839 979 1909 τὴν
1011 1839 1184 1909 φυλὴν
1227 1839 1399 1893 Ἰούδα
1427 1856 1440 1871 ·
1478 1839 1538 1892 τὸ
1566 1838 1693 1909 ὅρος

1874 1855 2040 1910 Vens.
2073 1855 2161 1909 68.
2207 1876 2224 1907 ι
2255 1853 2322 1908 Ει
2346 1855 2507 1924 elegit
2537 1853 2735 1907 tribum
2763 1851 2926 1916 Juda,
2960 1860 3197 1906 montem
3220 1850 3411 1918 Sion,,

102 1931 175 1983 τὸ
200 1930 364 1997 Σιὼν,
394 1931 421 1983 ὃ
448 1931 759 1999 ἠγάπησεν.
788 1952 806 1984 ι
840 1931 1157 1998 Ἐξελέξατο
1180 1932 1364 2003 μέντοι
1394 1932 1492 2001 τὴν
1524 1931 1695 2001 φυλὴν

116 2022 320 2085 Ἰούδα,
355 2024 446 2077 διὰ
470 2024 569 2093 τὴν
602 2024 659 2089 ἐξ
704 2024 904 2076 Ἰεσσαὶ
937 2024 1136 2094 ῥάϐδον
1167 2025 1427 2095 ἀνθήσειν
1456 2023 1500 2056 ⁸⁸
1528 2041 1697 2094 προσ-

104 2115 458 2183 δοκωμένην.
494 2113 711 2183 Ταύτην
751 2114 809 2167 δὲ
836 2116 936 2186 τὴν
969 2114 1207 2185 βλάστην
1239 2115 1334 2167 καὶ
1357 2116 1386 2167 6
1421 2116 1696 2186 πατριάρ-

106 2224 219 2276 χης
279 2205 478 2259 Ἰακὼὸ
555 2206 954 2277 προεθέσπισεν
1010 2206 1252 2271 εὐλογῶν
1300 2207 1393 2259 τὸν
1460 2207 1694 2260 Ἰούδαν·

111 2299 401 2368 μέμνηται
423 2299 479 2351 δὲ
504 2299 675 2367 αὐτῆς
696 2300 788 2352 καὶ
807 2301 834 2351 ὀ
863 2298 1154 2362 θεσπέσιος
1173 2299 1411 2364 Παῦλος,
1437 2300 1638 2353 οὑτωσὶ
1654 2302 1697 2333 ⁸⁸

105 2389 292 2457 λέγων
315 2407 329 2420 ο
368 2409 385 2441 π
429 2390 702 2460 Πρόδηλον
737 2389 795 2442 δὲ
830 2390 911 2442 ὅτι
955 2390 1014 2454 ἐξ
1065 2390 1239 2443 Ἰούδα
1275 2391 1643 2445 ἀνατέταλκεν
1671 2393 1700 2445 6

108 2482 329 2553 Κύριος
357 2482 516 2552 ἡμῶν
552 2482 765 2551 Ἰησοῦς
797 2484 1054 2553 Χριστός.
1092 2501 1111 2534 ι
1145 2482 1367 2553 Ταύτης
1398 2479 1490 2536 οὖν
1535 2484 1700 2538 ’ἑνεκα

106 2574 218 2643 τὴν
260 2574 430 2627 Ἰούδα
464 2574 641 2644 φυλὴν
690 2574 801 2627 τῶν
828 2574 1005 2627 ἄλλων
1060 2575 1349 2643 προείλετο
1371 2592 1383 2605 ⁸
1424 2575 1614 2645 ἐπειδὴ
1644 2575 1701 2628 δὲ

108 2665 278 2719 τοῦτό
309 2683 423 2728 πως
450 2668 701 2734 ἠγνοεῖτο
727 2669 842 2728 τοῖς
869 2666 1089 2729 πολλοῖς
1112 2668 1172 2720 τὸ
1201 2668 1519 2736 μυστήριον,
1555 2667 1702 2737 μάλα

113 2755 310 2824 σαφῶς
328 2757 374 2788 ⁷⁰
398 2757 649 2825 ἐπήγαγε
669 2773 682 2787 ⁸
713 2777 732 2808 ί
760 2759 834 2810 Τὸ
850 2752 979 2827 ὅρος
1006 2758 1069 2810 τὸ
1094 2757 1253 2824 Σιὼν,
1281 2758 1309 2811 ὃ
1338 2759 1649 2829 ἠγάπησεν,
1676 2777 1695 2809 ι

112 2845 210 2900 ἕνα
262 2846 369 2900 τῶν
405 2847 581 2901 ἄλλων
617 2847 802 2916 φυλῶν
854 2848 1169 2918 κατασϐέσῃ
1195 2848 1287 2901 τὸν
1332 2848 1550 2917 φθόνον,
1606 2865 1703 2919 μο-

112 2938 337 3007 νονουχὶ
389 2938 600 3005 λέγων·
654 2939 949 3008 Μηδεμίαν
1020 2938 1279 3010 ἀφορμῆν
1363 2938 1701 3009 ζηλοτυπίας

113 3028 435 3098 εἰσδέξησθε
468 3030 537 3083 ⁷⁸.
574 3030 676 3082 Διὰ
706 3029 815 3100 γὰρ
862 3031 925 3082 τὸ
961 3029 1100 3083 Σιὼν
1129 3032 1255 3101 ὀρος
1292 3031 1579 3098 ἐξελέξατο
1604 3032 1704 3103 τὴν

131 3116 314 3171 Ἰούδα
359 3119 557 3187 φυλήν.
611 3119 823 3181 Ἀλλως
866 3136 928 3171 τε
981 3120 1077 3172 καὶ
1124 3121 1423 3190 σεϐάσμιον
1451 3120 1703 3191 βούλεται

1801 1965 1962 2019 quem
1999 1947 2211 2002 dilexit.
2247 1967 2265 2000 ι
2308 1947 2483 2016 Elegit
2514 1948 2653 2000 hanc
2675 1946 2875 2000 tribum
2900 1944 3052 2000 Iudae
3075 1945 3145 1999 ob
3165 1944 3379 2015 virgam

1797 2038 1972 2103 Jesse,
2000 2054 2121 2108 quae
2153 2039 2573 2108 exspectabatur
2604 2047 2660 2091 ut
2689 2036 3020 2092 lloresceret.
3051 2035 3160 2089 lloc
3194 2046 3377 2089 autem

1800 2144 2019 2201 germen
2075 2139 2129 2182 et
2166 2129 2476 2197 patriarcha
2509 2124 2677 2181 Jacob
2710 2126 3040 2181 vaticinatus
3069 2134 3174 2190 est,
3209 2125 3379 2177 leue-

1799 2224 1989 2278 dicens
2016 2221 2188 2277 Judze.
2215 2220 2570 2291 Meminitque
2599 2219 2765 2289 hujus
2782 2222 2949 2290 virga:
2970 2219 3132 2274 etiam
3161 2218 3380 2271 divinus

1799 2315 2004 2371 Paulus
2058 2314 2139 2368 sic
2184 2312 2420 2368 dicens:
2486 2331 2505 2364 ι
2550 2311 2894 2366 Manifestum
2950 2321 3130 2365 autem
3180 2319 3264 2364 est
3310 2325 3376 2364 ex

1799 2404 1935 2459 Juda
1997 2403 2289 2458 Dominum
2337 2415 2586 2458 nostrum
2639 2403 2826 2459 Jesum
2877 2403 3151 2458 Christum
3193 2411 3378 2456 ortum

1802 2518 1926 2559 esse
1956 2505 2001 2558 ε.
2042 2522 2061 2555 ι
2106 2501 2334 2571 Propter
2385 2502 2525 2555 hanc
2556 2501 2722 2571 igitur
2757 2500 2967 2569 virgam
3000 2498 3200 2553 tribum
3224 2496 3381 2552 ludas

1803 2595 1925 2650 aliis
1982 2593 2239 2665 praetulit.
2288 2593 2558 2660 Quoniam
2592 2600 2772 2646 autem
2827 2592 2932 2645 hoc
2976 2591 3293 2661 mysterium
3345 2605 3375 2644 a

1804 2689 1994 2744 multis
2044 2688 2450 2757 quodammodo
2508 2685 2884 2756 ignorabatur,
2937 2684 3073 2739 satis
3122 2683 3380 2738 distincte

1804 2781 2011 2835 addidit
2038 2798 2051 2835 :
2094 2798 2112 2832 ι
2153 2779 2391 2833 Montem
2420 2778 2554 2832 Sion
2583 2793 2745 2848 quem
2778 2777 2988 2842 dilexit,
3017 2796 3035 2828 ι
3065 2785 3123 2831 ιιι
3145 2778 3377 2831 aliarum

1805 2872 2047 2925 tribuum
2114 2870 2374 2925 invidiam
2434 2869 2843 2937 restingueret;
2904 2868 3063 2936 quasi
3126 2867 3379 2921 diceret:

1807 2962 2019 3017 Nullam
2069 2962 2290 3016 invidiae
2331 2976 2522 3015 ansam
2554 2960 2798 3029 arripite,
2835 2958 3282 3028 quandoquidem
3310 2958 3383 3012 ob

1808 3054 2029 3108 Sionem
2087 3062 2325 3107 montem
2377 3051 2532 3106 Juda:
2581 3053 2785 3105 tribum
2817 3051 3001 3119 elegit.
3032 3051 3299 3105 Praeterea
3329 3057 3384 3103 et

1805 3144 2174 3199 venerandum
2234 3150 2472 3197 montem
2525 3143 2814 3197 ostendere
2865 3141 3000 3206 vult,
3037 3156 3102 3195 co
3149 3139 3383 3211 quodin

113 3209 295 3275 δεῖξαι
324 3211 383 3264 τὸ
417 3212 563 3281 ὄρος,
606 3212 694 3264 διὰ
737 3212 829 3264 τὸν
863 3211 1434 3284 οἱκοόομηθησόμενον
1473 3213 1608 3267 νεὼν
1643 3215 1700 3268 ὲν

1810 3238 1927 3308 ipso
1958 3238 2221 3306 templum
2254 3235 2634 3290 aediﬁcandum
2666 3243 2805 3289 erat.

116 3303 300 3374 αὐτῷ.

194 3416 296 3480 ἔθ’.
356 3436 374 3469 ι
429 3386 541 3471 Kal.
600 3418 953 3493 ᾠκοδόμησεν
1003 3421 1079 3484 ὡς
1132 3421 1524 3492 μονοκερώτων
1545 3422 1591 3454 ⁷¹
1645 3421 1708 3475 τὸ

120 3510 379 3580 ἁγίασμα
413 3508 603 3563 αὐτοῦ.
646 3529 664 3561 ι
696 3512 911 3580 Κέρατι
943 3512 1034 3563 τὸν
1070 3513 1384 3583 μονόκερων
1416 3514 1497 3566 ἑνὶ
1525 3513 1707 3565 καθω-
1758 3532 1763 3537 ν

118 3600 355 3653 πλίσθαι
382 3600 548 3668 φασίν
572 3617 589 3633 ο
615 3600 713 3655 ἕνα
740 3601 797 3654 δὲ
825 3606 1155 3671 προσκυνεῖν
1179 3605 1316 3656 Θεὸν
1358 3605 1451 3657 καὶ
1480 3606 1508 3657 6
1544 3605 1708 3674 νόμος

119 3684 368 3748 ἐδίδαξεν
392 3686 458 3740 ⁷³.
512 3686 756 3751 Εἰκότως
806 3689 986 3742 τοίνυν
1029 3691 1300 3745 ἀπείκασε
1367 3694 1705 3765 μονοκέρωτι

116 3777 217 3832 τὸν
249 3778 344 3831 ἕνα
374 3776 539 3844 νεὼν,
571 3780 664 3831 τὸν
686 3779 764 3850 τῷ
796 3781 878 3832 ἑνὶ
912 3782 1296 3852 ἀφιερωμένον
1320 3782 1443 3853 Θεῷ
1465 3783 1532 3835 ⁷⁸.
1572 3801 1592 3834 ι
1616 3784 1707 3837 Ἐν

115 3872 191 3939 τῇ
237 3872 305 3939 γῇ
328 3869 374 3900 ⁷⁸
416 3870 782 3938 ὲθεμελίωσεν
813 3872 982 3953 αὐτὴν
1020 3875 1102 3936 είς
1145 3874 1235 3926 τὸν
1269 3872 1461 3927 αἰῶνα.
1503 3892 1520 3924 ι
1555 3875 1622 3926 ’0
1649 3874 1705 3926 δὲ

117 3961 429 4031 Σύμμαχος
479 3961 653 4026 οὕτως
678 3980 692 3995 ο
748 3964 902 4029 Ὠς-⁷⁸
945 3964 1063 4033 τὴν
1094 3964 1234 4034 γῆν,
1278 3963 1359 4031 ῆν
1390 3965 1704 4033 ἐθεμελίω-

116 4068 247 4119 σας
265 4053 311 4084 ⁷⁷
335 4056 422 4119 εὶς
450 4054 556 4107 τὸν
592 4054 798 4108 αἰῶνα.
861 4056 970 4108 Kal.
1003 4059 1054 4110 οἱ
1103 4056 1253 4109 ἄλλοι
1297 4056 1353 4110 δὲ
1389 4057 1488 4127 τὴν
1535 4057 1706 4126 αὐτὴν

115 4145 365 4197 διάνοιαν
391 4145 801 4215 ἡρμηνεύκασι.
850 4147 1016 4215 Λέγει
1055 4149 1260 4211 τοίνυν,
1294 4148 1376 4200 ὃτι
1449 4147 1706 4218 καθάπερ

120 4234 263 4301 μίαν
316 4234 886 4307 ἐδημιούργησε·γῆν,
944 4237 1088 4291 οὕτω
1116 4236 1254 4292 νεὼν
1299 4239 1576 4303 Ἰουδαίοις
1608 4238 1708 4293 ἕνα

116 4326 534 4396 δημιουργῆσαι
574 4329 903 4398 προσέταξε.

196 4422 262 4470 o'.
316 4436 335 4469 ι
374 4419 484 4471 Καὶ
532 4419 813 4484 ἐξελέξατο
858 4421 1026 4477 Δαδὶδ
1055 4423 1146 4476 τὸν
1169 4423 1358 4477 δοῦλον
1388 4424 1579 4489 αὑτοῦ,
1613 4423 1708 4477 καλ⁵

1889 3435 2051 3490 Vens.
2091 3433 2179 3489 69.
2219 3450 2239 3486 ι
2277 3433 2344 3488 Et
2381 3433 2668 3490 aediﬁcavit
2697 3434 2836 3488 sicut
2877 3432 3225 3488 unicornium
3258 3446 3387 3487 san-

1810 3527 2077 3583 ctuarium
2108 3540 2291 3580 suum.
2325 3545 2343 3577 ›
2384 3524 2505 3579 Uno
2534 3540 2707 3580 cornu
2734 3525 2886 3579 aiunt
2913 3526 3234 3579 unicornem
3264 3540 3386 3579 mu-

1810 3622 1983 3674 nitum
2031 3634 2173 3673 esse.
2226 3618 2408 3673 Unum
2459 3627 2639 3671 autem
2689 3616 2859 3670 Deum
2905 3618 3087 3672 colere
3109 3615 3388 3670 ctiamlex

1810 3711 2016 3764 docuit.
2049 3709 2181 3764 Jure
2213 3710 2380 3778 igitur
2409 3710 2630 3762 unicum
2665 3711 2950 3779 templum,
2983 3712 3076 3765 uni
3112 3710 3224 3767 Deo
3255 3727 3387 3767 cou-

1810 3813 2107 3867 secratum,
2159 3801 2410 3855 unicorui
2452 3801 2812 3870 comparavit.
2858 3819 2876 3851 ‹
2916 3799 2971 3853 1η
3005 3810 3149 3855 terra
3187 3801 3386 3856 funda-

1811 3897 1886 3949 vit
1927 3911 2047 3948 eam
2105 3896 2157 3948 in
2205 3894 2426 3947 smrula.
2466 3911 2484 3944 ι
2519 3893 2882 3963 Symmachus
2935 3903 3118 3947 autem
3178 3895 3279 3956 sic,
3316 3892 3385 3947 Ut

1810 3993 2030 4048 terram,
2089 3998 2247 4055 quant
2303 3982 2547 4050 fundasti
2603 3983 2658 4035 in
2715 3982 2935 4038 arcula.
2977 3982 3165 4036 Gatteri
3219 3983 3384 4038 etiam

1816 4074 2025 4146 1165
2050 4074 2306 4129 eumdem
2336 4089 2462 4129 sens
2481 4090 2568 4127 um
2595 4082 3000 4144 expresserunt.
3023 4073 3159 4127 Dicit
3196 4074 3381 4144 igitur,

1809 4166 1956 4235 quod
1988 4166 2132 4220 sicut
2173 4180 2333 4218 unam
2368 4175 2568 4219 terram
2605 4164 2871 4228 condidit,
2912 4164 2994 4220 sic
3021 4164 3224 4220 Judaeis
3248 4180 3385 4235 pra:~

1809 4257 2013 4324 ceperit
2043 4267 2103 4312 ut
2126 4271 2295 4310 unum
2330 4257 2590 4327 templum
2614 4257 2906 4326 erigerent.
3403 4268 3406 4271 λ

1880 4435 2046 4491 Vnus.
2101 4433 2187 4488 70.
2239 4453 2258 4486 ‹
2295 4433 2362 4488 Et
2389 4435 2550 4504 elegit
2578 4433 2836 4489 Davidem
2866 4447 3083 4488 servum
3117 4448 3299 4496 suum,
3332 4441 3385 4488 et

117 4508 389 4564 ἀνέλαϐεν
427 4512 592 4565 αὐτὸν
627 4514 825 4567 ἐκτῶν
865 4517 1135 4585 ποιμνίων
1175 4516 1283 4570 τῶν
1329 4516 1641 4588 προϐάτων.
1680 4535 1699 4569 ι

1811 4530 2052 4599 suscepit
2098 4544 2223 4582 cum
2258 4530 2325 4583 de
2363 4528 2618 4600 gregibus
2671 4527 2873 4582 ovium.
2914 4545 2932 4576 ι
2972 4525 3168 4579 Eadem
3218 4539 3382 4594 opera

118 4602 289 4656 Κατὰ
316 4604 521 4657 ταυτὸν
549 4604 637 4658 διὰ
689 4609 898 4660 τούτων
955 4608 1214 4680 ἐδήλωσε,
1265 4610 1360 4662 καὶ
1410 4609 1506 4662 τοῦ
1540 4608 1700 4663 Δαϐὶδ

1815 4620 1901 4675 his
1945 4620 2126 4675 verbis
2158 4616 2413 4686 ostendit,
2440 4630 2488 4673 et
2521 4618 2742 4674 Davidis
2778 4618 3056 4684 virtutem,
3094 4617 3385 4671 nominans

116 4693 229 4764 τὴν
258 4695 477 4766 ἀρετὴν,
532 4696 719 4751 δοῦλον
753 4700 917 4753 αὑτὸν
963 4700 1237 4771 ὀνομάσας
1267 4701 1428 4767 Θεοῦ,
1484 4703 1580 4755 καὶ
1612 4701 1706 4754 τοῦ

119 4784 267 4837 Θεοῦ
311 4784 411 4856 τὴν
463 4787 797 4861 φιλοτιμίαν,
870 4791 952 4846 ὅτι
998 4792 1092 4846 τὸν
1148 4793 1425 4864 προϐατέα
1479 4792 1710 4864 βασιλέα

120 4875 451 4947 πεποίηκεν.

204 5075 233 5115 ε
257 5070 420 5128 Bebr.
463 5089 561 5140 vn,
601 5076 685 5130 Μ.

1816 4712 1993 4781 ipsum
2045 4726 2260 4766 servum
2305 4710 2423 4774 Dei,
2460 4719 2514 4764 et
2553 4710 2806 4765 eximiam
2856 4709 2952 4765 Dei
2984 4710 3383 4774 liberalitatem,

1815 4802 2078 4874 quoniam
2113 4812 2388 4874 pastorem
2423 4818 2603 4874 regem
2640 4801 2786 4859 fecit.

1217 5261 1453 5318 VARUE
1495 5261 1879 5317 LECTIONES
1918 5263 2004 5318 ET
2041 5264 2269 5320 NOTAE.

203 5399 250 5432 ⁶⁶
290 5403 684 5480 τιμωρίαΔοΟὰ.
714 5404 959 5480 2__prmm.
991 5406 1172 5480 am,
1197 5409 1273 5480 __"
1304 5409 1428 5480 cod.
1462 5409 1499 5462 2
1533 5409 1700 5464 limata

1819 5412 1865 5443 ⁸⁸
1905 5411 2244 5475 Ἀνθήσειν.
2273 5413 2394 5465 cod.
2428 5410 2462 5464 2
2490 5411 2590 5479 τὴν
2620 5410 2871 5480 ἀνθῆσαι.
2949 5412 2994 5444 ⁶⁹
3022 5412 3141 5466 cod.
3171 5413 3203 5465 Ξ
3224 5411 3389 5469 οὓτω.

123 5470 179 5506 το
210 5472 327 5526 cod.
353 5470 395 5526 ἲ
422 5474 621 5541 σοφῶς.
734 5470 783 5505 τί
820 5476 943 5530 cod.
989 5479 1024 5530 2
1067 5476 1398 5543 εἰσδέξασθε.

182 5610 207 5623 α

131 5706 243 5771 leg.
275 5705 419 5774 apud
471 5704 663 5761 Montf.
707 5706 762 5761 in
801 5707 1033 5778 Hexapl.
1090 5709 1155 5765 ad
1221 5710 1277 5763 h.
1315 5711 1351 5764 Ι.

1509 5480 1555 5510 ⁷¹
1587 5481 1700 5552 cod.

1829 5481 2223 5552 μονοκέρωτος.
2275 5483 2439 5552 Ilebr.
2480 5488 2807 5552 pum-na:
2845 5484 3020 5535 instar
3040 5483 3387 5552 palatiorum.

129 5543 509 5627 Δςυλόμοίως
547 5543 799 5627 ύψηλοῖς.
834 5545 1042 5627 Syrum.
1081 5547 1177 5627 tbi
1200 5548 1267 5627 τα
1315 5548 1552 5627 ὑψηλά.Δ
1587 5550 1639 5627 ξ³
1670 5566 1698 5605 c

1929 5543 2234 5605 ἐδίδασκεν.
2271 5551 2357 5627 __”
2391 5551 2542 5627 ΘεῷΔ
2561 5554 2789 5627 Abest}!
2836 5554 2958 5607 cod.
2994 5543 3049 5607 εί
3098 5554 3287 5627 ,⁷⁵Ἐν
3316 5552 3391 5622 τῇ

127 5611 231 5683 γῇ.
262 5611 426 5668 llebr.
456 5611 618 5698 γῆμε
651 5611 795 5668 ’δῆσαι
839 5611 1055 5671 térram.
1133 5618 1179 5649 ⁷⁸
1206 5618 1323 5683 Ὧς.
1357 5611 1481 5673 cod.
1521 5619 1557 5673 2
1584 5619 1664 5684 ὃς,
1697 5643 1700 5673 ι

1815 5621 1994 5675 minus
2025 5627 2195 5677 recte.
2271 5622 2315 5653 ⁷⁷
2352 5611 2491 5675 οοάξ
2512 5620 2547 5673 2
2569 5620 2951 5691 ἐθεμελίωσεν,
2986 5633 3039 5677 et
3065 5624 3146 5679 sic
3172 5611 3391 5695 quoque
