3854 6326
167 277 325 339 1505
1418 307 1501 368 IN
1532 307 1737 367 PSAL.
1780 308 2105 368 LXXVIII.
3288 316 3421 379 15.06

155 439 184 472 α
209 416 234 435 "
247 419 449 473 Εθεντο
465 419 533 472 τὰ
548 418 849 489 θνησιμαῖα
872 419 979 472 τῶν
997 418 1198 473 δούλων
1225 437 1317 473 σου
1343 419 1607 492 βρώματα
1622 439 1677 473 το

1913 440 1931 474 ι
1957 421 2257 478 Posuerunt
2284 420 2492 498 1167
2522 427 2809 482 morticina
2851 443 3136 483 servorum
3210 440 3423 486 tuorum

148 514 433 572 πετεινοῖς
452 510 546 563 τοῦ
568 510 824 581 ούρανοῦ,
846 510 943 573 τὰς
968 511 1177 578 σάρκας
1200 509 1313 563 τῶν
1335 511 1497 564 ὁσίων
1522 528 1615 564 σου
1631 528 1670 563 τε

1903 529 2007 567 ιροε
2039 515 2353 571 volatilibus
2408 518 2551 581 caeli,
2595 534 2791 574 carnes
2838 529 3154 575 sanctorum
3208 532 3425 575 tuorum

151 600 379 671 θηρίοις
397 603 494 671 τῆς
523 602 649 670 γῆς.
687 620 705 651 ι
720 600 983 671 ,Τοσαύτῃ
1004 600 1068 669 θη
1080 601 1269 671 ριιυδία
1288 601 1384 653 καὶ⁸
1414 600 1582 671 μανίᾳ
1603 617 1673 654 κα

1903 604 2041 657 ξειὶἰε
2076 613 2254 659 terrm.
2296 625 2313 656 ι
2368 606 2540 661 Tanta
2576 609 2974 666 inhumanitate
3034 620 3088 664 et
3139 612 3324 667 furore
3373 612 3425 666 in

146 691 272 743 τῶν
296 692 407 743 σῶν
430 690 781 761 θεραπόντων
809 693 1134 762 ἐχρήσαντο,
1161 690 1237 754 ὡς
1263 693 1374 752 τοῖς
1394 691 1604 761 θηρίοις
1649 710 1668 744 ν

1905 707 1979 744 los
2020 694 2255 750 cultores
2289 698 2598 763 saevierunt,
2660 708 2719 752 ut
2767 701 2963 754 horum
3018 716 3250 771 corpora
3300 701 3427 757 feris

150 788 277 846 τοῖς
310 783 420 836 τῶν
451 784 720 836 πετεινῶν
756 783 1113 855 σαρκοϐόροις
1151 785 1217 836 τὰ
1258 783 1464 836 τούτων
1516 782 1672 855 σώμα

1560 782 1746 855 ὑματα
1852 782 2154 853 avibusque
2185 788 2485 842 carnivoris
2528 804 2709 843 cscam
2732 801 3082 860 exponerent.

154 877 451 947 προθεῖναι
490 875 692 943 θοίνην.
1798 895 1805 900 ·
3456 935 3461 943 ν

236 975 305 1034 γ’.
356 988 374 1017 ι
426 967 679 1036 Ἐξὲχεαν
697 966 757 1018 τὸ
788 959 927 1034 αἷμα
955 965 1134 1019 αὐτῶν
1162 965 1295 1017 ὡσεὶ
1322 965 1467 1035 ὕδωρ
1491 966 1677 1035 κύκλῳ
1698 967 1745 999 ³³

1925 953 2088 1010 Vens.
2129 958 2183 1013 5.
2254 977 2271 1009 ι
2308 958 2625 1015 Effuderunt
2668 964 2987 1033 sanguinem
3024 966 3267 1036 ipsorum
3309 977 3429 1023 tan-

172 1059 561 1130 Ίερουσαλὴμ.
604 1060 697 1111 καὶ
735 1058 836 1109 οὐκ
872 1054 939 1127 ἦν
969 1060 995 1110 ὁ
1040 1056 1282 1111 θάπτων.
1316 1077 1340 1109 -ι
1378 1060 1676 1127 Μιαιφόνον

1913 1061 2018 1099 tam
2073 1063 2270 1116 aquam
2313 1049 2364 1101 in
2392 1051 2617 1104 circuitu
2649 1050 3055 1124 llieroSonmze,
3084 1067 3137 1110 et
3172 1073 3278 1111 non
3312 1067 3430 1112 erat

155 1150 223 1202 δὲ
286 1149 617 1217 κεκτημένοι
676 1146 775 1216 τὴν
831 1145 1080 1215 γνώμην,
1134 1146 1417 1217 ἀναιροῦσι
1472 1149 1570 1216 μὲν
1622 1165 1677 1199 το

1909 1139 1947 1190 ιὶ
1990 1141 2263 1208 sepeliret.
2305 1160 2323 1192 ι
2363 1141 2533 1195 Porro
2568 1144 2730 1195 credis
2770 1147 3017 1213 cupidam
3056 1156 3291 1203 mentem
3330 1149 3431 1203 ha-

160 1238 423 1308 εὐσεὸείᾳ
458 1236 738 1298 συζῶντας
767 1253 780 1267 ο
835 1235 1085 1305 αἱμάτων
1114 1236 1169 1289 δὲ
1203 1237 1424 1305 ὀχετοὺς
1463 1237 1605 1289 κατὰ
1651 1253 1681 1288 τ

1910 1238 2068 1293 antes,
2104 1232 2119 1249 θ
2154 1232 2271 1298 pios
2316 1232 2564 1287 homines
2607 1244 2823 1299 necant,
2862 1236 3179 1307 faciuntque
3207 1248 3265 1293 ut
3305 1256 3432 1295 san—

160 1332 271 1399 γῆς
306 1328 790 1400 παρασκευάζουσι
833 1327 1119 1397 φέρεσθαι,
1159 1329 1336 1395 τάφου
1364 1328 1410 1358 ⁸⁵
1471 1327 1526 1380 δὲ
1565 1326 1682 1391 άξιο

1911 1322 2035 1376 linis
2088 1322 2187 1376 rivi
2236 1339 2330 1392 per
2376 1333 2572 1379 terram
2610 1326 2799 1391 lluant,
2859 1344 2958 1382 nec
2989 1331 3306 1398 permittunt
3336 1348 3432 1389 eos

163 1423 298 1474 σθαι
321 1423 450 1482 τοὺς
485 1419 900 1489 σφαττομένους
925 1419 985 1470 οὐ
1025 1418 1425 1489 συγχωροῦσιν.

1345 1435 1425 1473 τιν,
1855 1414 1947 1483 qui
1981 1416 2303 1470 occiduntur
2342 1418 2620 1486 sepultura
2654 1419 2867 1473 donari.

238 1512 302 1564 δ’.
346 1530 364 1560 ι
409 1509 778 1579 Ἐγενήθημεν
833 1506 1034 1566 ὄνειδος
1058 1507 1105 1539 ⁸⁸
1161 1510 1271 1570 τοῖς
1301 1507 1534 1575 γείτοσιν
1572 1506 1745 1577 ἡμῶν,

1933 1503 2092 1558 Vens.
2134 1506 2190 1559 4.
2243 1525 2261 1555 ι
2303 1504 2452 1559 Facti
2492 1523 2682 1563 sumus
2722 1509 3074 1578 opprobrium
3114 1510 3303 1566 vicinis
3332 1527 3432 1568 no-

167 1601 558 1673 μυκτηρισμὸς
608 1601 704 1652 καὶ
754 1599 1063 1668 χλευασμὸς
1113 1602 1228 1661 τοῖς
1271 1598 1457 1667 κύκλῳ
1514 1599 1689 1668 ἡμῶν.

1912 1598 2008 1661 ris,
2067 1599 2504 1672 subsannatiodct
2534 1602 2718 1656 illusio
2746 1604 2830 1658 bis
2857 1604 2949 1672 qui
2985 1605 3037 1657 in
3070 1605 3302 1661 circuitu
3333 1622 3433 1663 no-

162 1692 358 1744 Ταῦτα
390 1692 538 1759 ἡμᾶς
569 1688 970 1749 ὲπονειδίστους
1000 1691 1112 1749 τοῖς
1136 1687 1355 1758 ὁμόροις
1389 1690 1684 1757 εἰργάσαντ

1913 1703 1973 1741 ro
2030 1698 2177 1743 sunt.
2216 1708 2235 1740 ι
2286 1689 2414 1743 Hzec
2444 1691 2585 1760 apud
2619 1691 2879 1746 linitimos
2911 1707 3010 1746 nos
3045 1692 3275 1749 infames
3310 1696 3430 1748 red-

156 1767 265 1836 διέἶ
287 1782 463 1835 ταῦτα
498 1780 783 1850 ἐπίχαρτοι
834 1781 945 1841 τοῖς
978 1778 1375 1849 πλησιοχώροις
1419 1780 1678 1849 γεγόναμε

1910 1778 2128 1839 derunt,
2191 1787 2478 1847 propterea
2520 1780 2761 1834 ludibrio
2810 1782 3004 1836 vicinis
3043 1782 3173 1837 facti
3214 1799 3427 1837 sumus.

162 1875 426 1935 Γείτονας
483 1873 539 1925 δὲ
589 1871 745 1924 καλεῖ
798 1872 923 1933 τοὺς
984 1871 1365 1939 Ἀλλοιρύλους,
1405 1873 1533 1937 τοὺς
1588 1872 1683 1925 Ίδο

1911 1869 2076 1923 icinos
2109 1879 2293 1925 autem
2329 1881 2491 1924 vocat
2522 1872 2865 1943 Allnphylos,
2898 1871 3183 1940 lilumazos,
3214 1874 3433 1927 Ammo-

170 1966 394 2036 μαίους,
436 1964 562 2026 τοὺς
594 1963 953 2033 ’Λμμανί-τας,
1000 1963 1128 2025 τοὺς
1178 1963 1495 2029 Μωαϐίτας,
1549 1966 1643 2018 καὶ
1684 1983 1692 1999 ι

1916 1973 2018 2026 tas,
2079 1961 2366 2027 Moabitas,
2425 1975 2479 2018 et
2516 1965 2651 2019 alias
2704 1965 2966 2020 linilimas
3040 1974 3249 2036 gentes,
3309 1978 3432 2036 quae

162 2058 313 2112 ἄλλα
359 2056 488 2125 ἔθνη
540 2055 609 2108 τά
642 2056 841 2125 ὅμορα,
885 2056 1027 2124 ἆπερ
1081 2056 1264 2118 αὐτοῖς
1321 2056 1596 2109 ἀντίπαλα
1656 2074 1684 2109 κ

1658 2056 1752 2109 καὶ
1854 2070 2070 2123 semper
2100 2056 2390 2110 contrariae
2419 2064 2473 2109 ct
2500 2055 2738 2111 inimicae
2774 2057 2906 2125 ipsis
2937 2055 3180 2112 fuerunt.

165 2148 417 2217 πολέμια
448 2144 513 2217 ἦν
544 2148 652 2201 ἀεί.

243 2247 310 2293 ε’.
350 2230 377 2290 ἲ
422 2239 568 2301 Ἕως
624 2237 778 2301 πότε,
811 2236 1005 2307 Κύριε,
1043 2236 1345 2311 ὀργισθήσῃ
1404 2239 1484 2302 είς
1550 2238 1705 2301 τέλος
1734 2254 1747 2268 ·

1924 2226 2093 2285 Vens.
2124 2230 2177 2285 5.
2211 2248 2229 2282 ι
2264 2228 2582 2301 Quousque,
2616 2232 2863 2297 Domine,
2886 2232 3136 2289 irasceris
3158 2234 3210 2289 in
3242 2234 3427 2303 linem,

165 2332 578 2400 ἐκκαυθήσεται
610 2330 685 2393 ὡς
719 2329 837 2399 πῦρ
882 2333 910 2383 ὁ
942 2332 1105 2401 ζῆλός
1145 2346 1268 2397 σου;
1319 2350 1338 2383 ι
1376 2330 1687 2401 Νομοθετῶη

1906 2324 2179 2378 :cendetur
2230 2324 2379 2378 velut
2426 2326 2563 2394 ignis
2612 2326 2761 2380 zelus
2801 2327 2971 2380 tuus?
3011 2345 3028 2377 ι
3070 2327 3211 2383 Deus
3256 2328 3428 2399 legem

158 2425 311 2487 Θεὸς
338 2424 485 2494 αὐτῷ
530 2424 675 2493 μόνῳ
721 2424 1008 2495 λατρεύειν
1047 2423 1373 2494 προσέταξε,
1415 2427 1509 2477 καὶ
1565 2426 1680 2496 ἔτερ

1912 2429 2057 2477 rens,
2100 2429 2158 2468 se
2193 2415 2369 2469 solum
2426 2416 2529 2470 coli
2581 2418 2857 2487 praecepit,
2893 2428 2946 2472 et
2998 2420 3203 2472 nullum
3236 2420 3428 2484 alium,

171 2516 383 2585 μηδένα
414 2514 747 2585 καλούμενον
808 2519 1181 2585 προσκυνῆσαι
1222 2516 1373 2577 Θεὸν,
1416 2534 1433 2565 ι
1474 2516 1595 2569 Ὅτι
1619 2518 1693 2584 ὲγι

1907 2506 1948 2558 ιί
1984 2506 2117 2559 deus
2163 2516 2405 2569 vocetur,
2446 2509 2686 2563 adorari.
2718 2528 2740 2559 ε
2776 2509 3045 2574 Quoniam
3076 2526 3196 2578 ego,
3230 2510 3429 2581 inquit,

169 2606 340 2672 φησὶ,
373 2606 577 2675 Κύριος
604 2608 632 2657 ὁ
664 2605 792 2666 Θεός
816 2622 932 2669 σου,
957 2606 1088 2667 Θεὸς
1115 2608 1157 2637 ⁸⁷
1192 2604 1456 2673 ζηλωτὴς,
1486 2605 1597 2675 πῦρ
1625 2623 1691 2658 κα

1911 2600 2124 2652 ominus
2182 2597 2322 2653 Deus
2371 2608 2518 2660 tuus,
2572 2600 2711 2655 Deus
2766 2601 2990 2665 zelotes,
3039 2603 3176 2673 ignis
3213 2616 3433 2659 consu-

168 2696 487 2750 αναλίσκον.
528 2713 547 2746 ι
604 2695 694 2767 [⁸⁸
728 2696 871 2749 Ἀλλ’
894 2696 966 2758 ὡς
1022 2696 1281 2758 πολλάκις
1329 2698 1462 2765 ἡμῖν
1512 2698 1690 2766 εἷρητι

1905 2704 2011 2744 lens
2063 2691 2105 2741 ί.
2145 2682 2334 2755 »[Ξριι,
2375 2699 2433 2744 ut
2481 2690 2590 2759 jam
2625 2692 2820 2761 szepius
2852 2708 2879 2746 a
2906 2694 3064 2747 nobis
3090 2694 3298 2748 dictum
3324 2704 3427 2763 est,

175 2786 375 2856 μηδεὶς
422 2786 636 2839 ἀκούων
675 2787 772 2841 ἕνα
808 2788 940 2841 Θεὸν
973 2788 1275 2858 μοναρχίαν
1299 2788 1560 2840 ὑπολάϐοι
1594 2805 1607 2819 ’
1656 2790 1697 2840 τί

1904 2795 2019 2834 emo
2057 2781 2149 2849 qui
2182 2781 2453 2835 audiverit
2485 2798 2652 2835 unum
2682 2798 2802 2837 esse
2830 2781 3023 2850 Deum,
3053 2787 3426 2840 monarchiam

168 2879 292 2947 γὰρ
323 2878 683 2951 ἀπερινόητον
714 2880 808 2930 καὶ
846 2879 933 2931 ἀεὶ
984 2878 1149 2932 οὖσαν
1189 2879 1379 2931 οὐσίαν
1420 2880 1521 2948 τὴν
1553 2881 1609 2931 ἐν
1640 2879 1684 2930 Π

1908 2873 2183 2937 ιεινίρυιυτ.
2249 2872 2625 2927 Suhslantiam
2669 2876 2813 2927 enim
2859 2875 3012 2928 illam
3042 2877 3430 2946 sempiternam

167 2969 275 3038 τρὶ
306 2970 397 3020 καὶ
435 2969 549 3038 Υίῷ
578 2971 669 3022 καὶ
714 2969 855 3038 ἁγίῳ
904 2970 1186 3038 Πνεύματι
1244 2971 1689 3039 προσκυνουμέντ

1910 2972 2123 3015 .mente
2180 2970 2366 3016 nostra
2417 2962 2506 3015 vix
2564 2964 3157 3031 comprehendendam,
3188 2982 3349 3035 quam
3375 2967 3432 3021 in

168 3059 317 3112 Θεὸν
342 3059 599 3128 ὀνομάζει
625 3076 637 3088 ·
698 3061 781 3113 ὅτι
832 3060 888 3113 δὲ
928 3062 1215 3129 νομοθετεῖ
1243 3065 1270 3113 ὁ
1306 3061 1437 3123 Θεὸς
1466 3061 1655 3128 Λόγος,

1912 3062 2037 3116 atre,
2077 3051 2233 3117 Filio,
2262 3062 2315 3105 et
2333 3051 2537 3121 Spiritu
2578 3062 2768 3107 sancto
2799 3055 3111 3122 adoramus,
3143 3057 3309 3111 Deum
3339 3072 3434 3112 vo-

168 3154 331 3205 ιστιν
370 3108 568 3224 Ἰηδσούς
594 3154 836 3224 Χριστὸς
859 3153 886 3204 ὁ
917 3108 1107 3222 Σωῗτὴρ
1133 3152 1312 3222 ἡμῶν,
1341 3108 1441 3205 οὐκ
1479 3108 1690 3222 ora.qu

1907 3152 1963 3196 lt.
2024 3142 2415 3212 Legislatorcm
2481 3153 2661 3196 autem
2726 3159 2848 3198 esse
2918 3145 3087 3199 Deum
3152 3145 3429 3213 Verbum,

176 3244 343 3299 εάλοι
387 3221 619 3307 ἕκαστος
650 3221 779 3298 ’τῶν
834 3221 1331 3315 φιλομαθεστέρων.
1364 3244 1384 3317 ]
1448 3221 1627 3298 Τοῦτο

1912 3235 2340 3287 :snmChristnm
2379 3221 2715 3288 Salvatorcm
2736 3250 3005 3301 nosmtm,
3029 3238 3170 3291 haud
3221 3240 3434 3293 dubita-

169 3332 420 3387 ἐνταῦθα
450 3336 479 3386 ὁ
500 3334 839 3404 προφητικὸς
862 3333 1139 3404 ἀνέμνησε
1158 3334 1315 3402 λόγος
1341 3350 1357 3365 ⁸
1391 3352 1410 3384 ι
1462 3335 1691 3388 Ἐκκαυθ

1911 3324 2014 3390 erit,
2060 3324 2314 3393 quisquis
2342 3325 2584 3379 discendi
2616 3326 2847 3394 cupidus
2877 3325 3088 3397 fuerit.]
3123 3328 3337 3398 1168
3361 3329 3433 3385 De

171 3440 339 3477 σεται
367 3424 442 3487 ὡς
483 3423 596 3493 πῦρ
638 3427 669 3476 ὁ
718 3423 884 3494 (me;
929 3440 1047 3478 σου.
1085 3442 1103 3475 ι
1154 3426 1245 3495 Μὴ
1281 3425 1630 3477 ἐπιπλείστον
1662 3428 1693 3475 Δ

1903 3430 1964 3469 oc
1994 3425 2178 3470 autem
2222 3425 2276 3469 et
2298 3431 2481 3471 sermo
2508 3419 2862 3486 propheticus
2906 3418 3011 3473 hoc
3037 3421 3157 3474 loco
3205 3422 3425 3475 mentio-

171 3531 380 3576 σποτα,
403 3515 566 3585 φησὶν
588 3514 655 3580 ⁹⁹,
685 3515 969 3585 ὀργισθῇς,
1003 3515 1139 3586 μηδὲ
1170 3516 1341 3585 πυρὸς
1361 3515 1519 3583 δίκην
1547 3515 1633 3569 διὰ
1659 3532 1689 3567 τ

1904 3521 1983 3559 em
2015 3505 2145 3561 fecit
2177 3526 2190 3561 :
2238 3526 2257 3558 ι
2302 3509 2647 3563 Accendetur
2681 3512 2831 3563 velut
2874 3512 3017 3581 ignis
3039 3513 3189 3567 zelus
3219 3524 3367 3567 tuus.
3406 3531 3426 3564 ι

170 3608 458 3678 ἡμετερας
527 3607 912 3678 πλημμελείας
989 3608 1083 3661 τὸν
1165 3608 1289 3661 καθ’
1363 3608 1522 3678 ἡμῶν
1596 3607 1692 3679 ζῆλ

1911 3614 1935 3651 e
1980 3601 2235 3667 amplius,
2274 3598 2521 3664 Domine,
2578 3601 2778 3671 inquit,
2819 3603 3096 3670 irascaris,
3134 3618 3268 3659 neve
3291 3604 3433 3675 ignis

169 3697 409 3767 ἐξάψῃςο
1859 3688 2034 3743 instar
2062 3690 2133 3743 ob
2152 3700 2372 3758 peccata
2395 3701 2581 3744 nostra
2614 3692 2750 3745 iram
2782 3702 2974 3747 c'ontra
3006 3710 3108 3748 nos
3142 3697 3430 3750 accendas.

254 3785 331 3852 ς’.
365 3808 384 3839 ι
425 3789 656 3858 Ἐκχεον
693 3788 792 3859 τὴν
813 3789 985 3859 ὀργήν
1018 3805 1111 3840 σου
1148 3789 1244 3841 ἐπὶ
1282 3790 1349 3842 τὰ
1381 3789 1537 3858 ἔθνη,
1576 3791 1644 3845 τὰ
1681 3793 1756 3864 μὴ

1934 3779 2095 3833 Vens.
2124 3779 2177 3832 6.
2211 3798 2229 3831 ‹
2265 3781 2493 3837 Eﬂunde
2524 3783 2661 3836 iram
2705 3792 2852 3836 tuam
2888 3783 2943 3836 In
2983 3793 3171 3853 gentes
3218 3802 3341 3854 qua:
3379 3795 3431 3843 te

170 3878 567 3948 γινώσκονται
623 3897 706 3943 σε,
746 3881 838 3934 καὶ
870 3881 967 3933 ἐπὶ
1021 3879 1320 3948 βασιλείας,
1384 3881 1439 3932 αἳ
1494 3881 1554 3933 τὸ
1584 3884 1692 3952 ovo;

1905 3886 1967 3925 on
2017 3880 2306 3937 noverunt,
2344 3882 2398 3926 et
2428 3874 2479 3926 in
2536 3889 2700 3942 regna
2750 3889 2873 3941 qua:
2914 3890 3111 3929 nomen
3143 3883 3296 3930 tuum
3320 3893 3427 3933 non

170 3980 282 4019 σου
316 3966 418 4018 οὐκ
458 3966 881 4021 ἐπεκαλέσαντο.
919 3986 937 4018 ›
984 3968 1204 4038 Ἐπειδὴ
1231 3968 1388 4032 δίκας
1416 3970 1692 4041 άμαρτημ

1907 3972 2265 4016 ινοριινοι-υηι.
2305 3979 2324 4015 ι
2352 3961 2618 4028 Quoniam
2652 3975 3000 4034 peccatorum
3020 3981 3211 4035 pmnas
3235 3969 3304 4022 ab
3332 3969 3429 4024 ho-

166 4070 284 4109 των
314 4057 441 4118 τοὺς
482 4057 803 4127 ἀνθρώπους
858 4058 1185 4128 εἰσπράττῃ,
1243 4058 1362 4111 κατ’
1391 4061 1616 4115 ἐκείνων
1655 4062 1688 4114 in

1906 4052 2096 4106 inibus
2135 4052 2327 4121 exigis,
2362 4054 2588 4109 obsecro
2614 4064 2664 4108 te
2693 4065 2752 4108 ut
2784 4056 2838 4109 in
2870 4057 2991 4111 illos
3025 4058 3159 4111 iram
3196 4061 3428 4115 transfe-

166 4151 325 4199 τεύω
348 4162 405 4197 σε
435 4145 536 4214 τὴν
564 4147 734 4216 ὀργὴν
769 4146 1103 4216 μεταθεῖναι,
1146 4145 1195 4198 οἳ
1220 4147 1539 4200 παντάπασι
1571 4149 1632 4202 τὸ
1667 4167 1688 4201 a

1904 4161 1966 4208 IS,
2025 4144 2119 4213 qui
2175 4147 2390 4213 penitus
2450 4156 2600 4199 tuum
2631 4162 2829 4201 nomen
2856 4149 3068 4204 discere
3107 4151 3426 4221 noluerunt,

173 4234 379 4306 μαθεῖν
401 4237 501 4287 οὐκ
528 4235 806 4289 ἐθέλουσιν
836 4236 1028 4307 ὄνομα,
1060 4237 1198 4289 ἀλλὰ
1220 4239 1287 4307 τῇ
1320 4238 1596 4311 ἀκροτάτῃ
1628 4241 1689 4293 δυ

1347 4238 1596 4311 ικροτάτῃ
1628 4241 1753 4293 δυσ.
1854 4235 1949 4289 sed
2001 4250 2270 4304 suprema:
2310 4235 2577 4306 impietati
2605 4238 2869 4292 serviunt.

172 4326 371 4397 σεὸείᾳ
412 4327 782 4382 δουλεύουσιν.

253 4417 317 4480 ζ’.
354 4436 374 4470 ι
414 4421 541 4473 Ὅτι
581 4423 894 4489 κατέφαγον
926 4421 1016 4474 τὸν
1080 4421 1297 4486 Ἰακὼϐ,
1343 4424 1438 4475 καὶ
1469 4422 1561 4477 τὸν
1591 4423 1754 4477 τόπον

1926 4415 2088 4470 Vens.
2123 4416 2174 4470 7.
2230 4433 2250 4467 ι
2283 4415 2423 4482 Quia
2471 4416 2828 4471 comederunt
2850 4415 3137 4481 Iacobum,
3170 4430 3222 4473 et
3247 4421 3425 4475 locum

169 4508 346 4562 αὑτοῦ
378 4511 705 4580 ὴρήμωσαν.
744 4530 762 4562 ›
795 4513 971 4579 Σαφὲς
1005 4510 1062 4562 δὲ
1089 4510 1366 4563 καὶτοῦτο
1397 4514 1495 4581 τῆς
1523 4512 1691 4564 ἐκεῖνο

1902 4520 1974 4559 υς»
2004 4504 2407 4559 desolaverunt.
2448 4524 2466 4557 ι
2510 4504 2853 4560 Manife~tum
2887 4519 3065 4561 autem
3102 4510 3315 4565 esthoc
3351 4513 3424 4566 si-

172 4602 531 4671 παρανομίας
563 4604 864 4672 τεκμήριον
889 4621 903 4633 ·
932 4603 1087 4655 οὐδὲν
1107 4603 1219 4672 γὰρ
1242 4605 1377 4671 παρ’
1394 4605 1426 4671 ἡ
1437 4603 1553 4672 μῶν
1581 4620 1694 4655 κακι

1905 4612 2024 4649 num
2066 4597 2282 4651 illorum
2326 4598 2621 4667 impietatis
2651 4616 2664 4650 :
2696 4599 2841 4667 quod
2876 4599 3011 4653 nihil
3042 4601 3167 4653 mali
3200 4617 3227 4653 a
3272 4603 3427 4657 nobis

171 4694 597 4763 ὑπομείναντες,
633 4696 780 4763 ἡμᾶς
812 4694 908 4763 μὲν
935 4697 1170 4762 σφαγαῖς
1210 4694 1627 4758 κατανάλωσαν,
1654 4696 1693 4746 τέ

1905 4689 2029 4755 assi,
2077 4704 2177 4741 nos
2212 4697 2391 4742 tamen
2450 4690 2808 4743 internecioni
2840 4691 3123 4749 dederunt.
3156 4694 3427 4762 regionem

168 4786 237 4839 δὲ
268 4788 452 4856 χώραν
488 4786 749 4857 ἐδῄωσαν,
797 4788 891 4840 καὶ
924 4787 1022 4851 τὰς
1054 4788 1240 4851 πόλεις
1289 4786 1623 4857 ἐπόρθησαν.
1650 4788 1690 4840 Τ

1901 4795 1992 4834 ero
2014 4780 2323 4849 depopulati
2350 4790 2500 4844 sunt,
2519 4790 2573 4834 et
2603 4782 2848 4836 civitates
2873 4793 3205 4837 everterunt.
3225 4784 3328 4839 Pro
3353 4786 3423 4841 lo-

169 4874 237 4927 δὲ.
290 4876 478 4928 τόπον
514 4876 721 4941 αὑτοῦ,
790 4875 1024 4939 Ἀκύλας
1080 4876 1199 4946 μὲν,
1260 4875 1481 4943 ὡραῖον
1541 4878 1687 4930 αὐτο

1916 4888 1979 4924 tm
1997 4872 2133 4940 ejus,
2159 4871 2351 4941 Aquila
2380 4874 2600 4939 speciem
2625 4877 2759 4940 ejus,
2784 4873 3142 4943 Symmachus
3157 4890 3284 4928 vero
3312 4877 3438 4945 pul-

172 4963 484 5035 Σύμμαχος
506 4966 564 5019 δὲ
594 4967 908 5035 καλλονὴν
938 4966 1149 5031 αὑτοῦ,
1174 4968 1203 5019 ό
1222 4966 1278 5019 δὲ
1308 4966 1626 5028 Θεοδοτίων,
1653 4984 1694 5021 δη

1914 4965 2213 5018 ιτὶιαάὶηειη
2248 4964 2382 5033 ejus,
2415 4962 2718 5020 Theodotio
2744 4967 2980 5020 decorem
3012 4967 3127 5035 eius
3163 4968 3436 5037 interpre-

170 5052 471 5124 πρέπειαν
500 5058 688 5112 αὐτοῦ
718 5058 1072 5129 ήρμὴνευσαν
1090 5072 1104 5087 ’
1136 5055 1203 5108 δι’
1230 5045 1308 5123 ὧν
1331 5054 1535 5126 μᾶλλον
1559 5057 1587 5108 ὁ
1611 5054 1692 5108 θεῖ

1905 5056 1957 5110 ιιί
2007 5065 2157 5121 sunt,
2191 5071 2288 5125 per
2312 5071 2434 5126 quae
2463 5058 2632 5127 magis
2662 5057 2847 5113 divina
2881 5059 3078 5114 domus
3106 5058 3427 5116 ostenditur.

224 5254 248 5298 ί
276 5255 448 5314 Exod.
488 5274 677 5328 xxnv,
712 5260 817 5326 lt;
852 5259 976 5315 coll.
1008 5258 1164 5315 Deut.
1192 5275 1262 5325 IV,
1300 5259 1390 5313 24.
1604 5299 1633 5316 ς

1281 5395 1515 5451 νΑῐὶΙᾹῦ
1554 5396 1936 5455 LECTIONES
1972 5397 2060 5451 ET
2099 5396 2331 5451 NOTAE.

242 5491 287 5524 ’³
329 5504 546 5571 mmo
581 5533 654 5575 -έ
694 5503 954 5575 θάπτων.
987 5502 1109 5558 Des.
1171 5507 1226 5559 in
1269 5510 1393 5560 cod.
1435 5505 1486 5560 ι.
1562 5504 1764 5560 ⁹⁸Μιαι

1905 5523 1984 5560 αν.
2031 5507 2155 5559 cod.
2191 5506 2213 5557 l
2250 5520 2437 5573 praem.
2487 5506 2633 5572 λέγει
2678 5509 2783 5569 ὅτι,
2835 5510 3041 5564 omisso
3071 5508 3153 5564 δέ.
3230 5509 3276 5541 ’⁸
3305 5511 3427 5567 rod.

179 5572 223 5626 2
246 5575 446 5644 ταφῆς.
550 5573 920 5644 ’σβονειδρᾳ
956 5575 1013 5627 1η
1045 5582 1192 5627 textu
1219 5575 1329 5628 τῶν
1386 5578 1441 5628 0'
1476 5576 1701 5644 prtemitt

1922 5576 2023 5637 εἰς.
2111 5576 2159 5614 ³⁷
2200 5572 2340 5633 Σου.
2369 5576 2536 5640 Θεός.
2571 5576 2693 5632 Des.
2728 5579 2780 5631 in
2834 5581 2955 5634 cod.
2996 5580 3048 5632 2.
3153 5578 3198 5612 ’⁸
3235 5577 3274 5631 E
3303 5583 3428 5636 eod.

178 5644 239 5700 I.
262 5642 422 5701 Cont'.
467 5658 520 5711 p.
557 5642 717 5709 l075,
745 5660 801 5697 n.
831 5643 885 5697 8.
962 5645 1008 5676 "
1040 5645 1253 5712 Φησίν.
1313 5646 1433 5699 cod.
1460 5642 1495 5697 ἑ
1523 5645 1648 5699 add.
1679 5649 1693 5698 ι

171 5722 272 5770 est
298 5714 670 5782 ίπεγνωκότα.
1484 5746 1489 5751 -

1907 5660 2000 5715 pro
2041 5646 2195 5715 ἡμῖν,
2231 5656 2290 5697 ut
2334 5645 2565 5699 videtur.
2677 5648 2692 5676 ¹
2725 5651 2856 5702 Γιν.
2908 5648 3036 5703 Rec.
3097 5648 3256 5701 lectio
3295 5650 3352 5702 h.
3392 5651 3429 5705 ι.
