3900 6324
417 217 561 282 1507

1413 216 1901 277 ΤΗΕΟΠΟΒΕΤΙ
1944 216 2286 278 EPISCOPI
2317 219 2683 281 CYRENSIS

3545 224 3567 287 1
3579 229 3682 291 568

423 324 574 381 Scite
639 306 821 380 autem
880 324 1141 395 pOpulum
1172 322 1345 377 Jacob
1373 325 1683 394 appellavit,
1724 326 2001 381 mentione

2117 322 2250 391 >ῐκος
2283 327 2602 399 δεδήλωται.
2642 328 2840 393 Καλῶς
2872 329 2929 384 δὲ
2960 331 3052 386 τὸν
3079 330 3210 388 λαὸν
3261 333 3457 405 Ἰακὼὸ
3510 353 3688 407 προσ-

424 416 611 487 proavi
647 416 815 471 Deum
853 416 918 469 ad
945 414 1373 470 misericordiam
1409 416 1679 473 excitans.

497 591 662 645 Vens.
693 591 743 645 8.
792 608 809 642 ι
851 589 928 644 Ne
960 591 1272 646 memineris
1305 592 1655 662 iniquitatum
1687 602 1996 649 nostrarum

425 686 791 751 antiquarum.
837 702 854 734 ι
924 683 1185 754 Religiosi
1243 692 1421 749 erant,
1455 685 1545 754 qui
1579 685 1719 739 hanc
1745 685 2000 755 depreca-

425 779 625 831 tionem
675 777 1049 842 instituerunt,
1100 785 1155 830 et
1209 777 1438 830 multum
1468 777 1713 832 studium
1752 793 1851 847 pro
1884 778 2035 847 pic-,

424 877 531 923 tate
572 877 950 933 susceperunt.
992 866 1235 922 Celebris
1275 869 1418 921 enim
1460 877 1542 922 est
1567 868 1997 923 Macltabieorum

423 960 621 1013 virtus.
667 958 861 1011 Merito
915 958 1078 1027 igitur
1135 958 1465 1026 supplicant,
1521 973 1587 1011 ne
1645 958 1998 1026 pristinorum

427 1061 770 1119 peccatorum
798 1065 985 1119 poenas
1009 1065 1035 1100 a
1066 1050 1264 1117 pepulo
1293 1050 1494 1114 exigat.
1528 1048 1631 1102 Sed
1659 1050 1760 1101 huc
1781 1049 1998 1117 quidem

424 1146 703 1207 dixerunt,
746 1160 841 1196 nec
870 1142 1096 1194 alterunt
1156 1124 1555 1209 ap‘posuerttnt,
1606 1148 1663 1192 ut
1693 1139 1836 1192 Deus
1866 1156 2003 1208 plne-

425 1247 634 1291 sentem
666 1250 855 1289 eorum
888 1234 1141 1301 pietatem
1178 1231 1503 1283 intueretur.
1540 1231 1653 1285 Hoc
1692 1231 1837 1283 enim
1887 1244 2001 1282 ma-

424 1331 571 1382 xime
629 1327 887 1382 eximiam
922 1341 1111 1378 eorum
1167 1325 1420 1376 virtutem
1455 1324 1817 1384 demonstrat,
1852 1320 2002 1375 vidc-

426 1421 576 1483 licet,
633 1419 986 1489 pristinorum
1037 1415 1255 1485 quidem
1289 1423 1635 1483 peccatorum
1676 1412 1890 1482 1169
1915 1427 2003 1466 re-

426 1511 662 1573 minisci,
699 1515 1017 1579 praesentem
1059 1523 1188 1561 vero
1217 1506 1473 1576 pietatem
1512 1505 1785 1561 occulere.

502 1623 519 1653 ι
569 1602 690 1655 Cito
734 1600 1030 1668 auticipent
1082 1614 1182 1652 nos
1236 1595 1631 1650 misericordia:
1699 1603 1824 1659 tuac,
1874 1595 2003 1664 quia

2101 419 2391 490 ηγόρευσε,
2428 423 2495 492 τῇ
2541 421 2634 474 τοῦ
2667 423 3015 495 προπάτορος
3067 426 3258 497 μνήμῃ
3285 427 3378 481 τὸν
3436 427 3573 482 Θεὸν
3607 432 3687 494 εἰς

2100 511 2251 564 ἔλεον
2284 510 2592 583 διεγείρων.

2174 602 2243 674 η’.
2282 622 2300 654 ι
2328 603 2414 673 Μὴ
2444 607 2692 677 μνησθῇς
2713 604 2870 677 ἡμῶν
2900 606 3141 678 ἀνομιῶν
3168 609 3432 679 ἀρχαίων.
3466 631 3487 665 ι
3519 613 3692 666 Εὐσε-

2103 694 2218 757 ϐεῖς
2245 691 2387 766 ἦσαν
2440 696 2489 748 οἱ
2525 696 2731 767 ταύτην
2763 699 3168 770 προσφέροντες
3213 701 3313 772 τὴν
3346 702 3538 773 εὐχὴν,
3593 705 3693 757 καὶ

2105 786 2273 840 πολὺν
2304 787 2444 857 ὑπὲρ
2484 787 2774 851 εὐσεϐείας
2802 788 3197 860 ἀναδεξάμενοι
3228 790 3390 863 ζῆλον
3410 794 3454 845 ί.
3497 792 3694 848 Ἁοίδι-

2106 896 2205 949 μος
2232 879 2343 949 γὰρ
2373 882 2407 948 ἡ
2436 879 2543 932 τῶν
2594 880 2976 934 Μακκαϐαίων
3010 882 3204 952 ἀρετή.
3237 883 3474 947 Εἰκότως
3502 884 3692 938 τοίνυν

2104 970 2465 1037 ἀντιϐολοῦσι,
2502 970 2577 1041 μὴ
2624 972 2733 1024 τῶν
2760 972 3044 1043 προτέρων
3076 973 3493 1044 ἁμαρτημάτων
3527 976 3695 1030 εὐθύ-

2103 1081 2198 1126 νας
2223 1065 2311 1116 τὸν
2348 1063 2476 1117 λαὸν
2512 1060 2936 1136 εἰσπραχθῆναι.
3007 1066 3168 1119 Ἀλλά
3196 1067 3352 1120 τοῦτο
3387 1068 3487 1136 μὲν
3509 1067 3697 1122 τεθεί-

2105 1171 2287 1219 κασιν,
2332 1156 2392 1208 οὐ
2437 1157 2544 1226 μὴν
2598 1157 2730 1209 καὶ⁸
2760 1157 2822 1209 τὸ
2845 1157 3102 1228 δεύτερον
3148 1160 3612 1228 προστεθείκασιν
3644 1160 3689 1227 ⁸,

2105 1246 2246 1300 ὥστε
2269 1248 2361 1300 τὸν
2395 1248 2531 1301 Θεὸν
2558 1248 2656 1320 τὴν
2693 1249 2978 1320 παροῦσαν
3006 1250 3188 1303 αὐτῶν
3220 1252 3507 1306 εὐσέϐειαν
3551 1270 3692 1308 κατ-

2109 1339 2261 1394 ιδεῖν.
2293 1340 2465 1393 Τοῦτο
2498 1341 2607 1411 γὰρ
2643 1342 2880 1411 μάλιστα
2902 1341 3001 1412 τὴν
3033 1342 3234 1413 πολλὴν
3275 1344 3457 1397 αὐτῶν
3473 1344 3693 1399 δείκνυ-

2108 1447 2191 1484 σιν
2224 1433 2465 1501 ἀρετήν·
2517 1432 2577 1485 τὸ
2629 1433 2737 1485 τῶν
2802 1434 2900 1503 μὲν
2940 1436 3219 1505 προτέρων
3268 1435 3693 1508 ἁμαρτημάτων

2109 1524 2439 1595 μνησθῆναι,
2469 1524 2675 1595 κρύψαι
2705 1525 2762 1578 δὲ
2791 1526 2891 1597 τὴν
2924 1527 3208 1598 παροῦσαν
3235 1530 3544 1585 εὐσέϐειαν.

2183 1636 2203 1669 ι
2230 1617 2379 1687 Ταχὺ
2415 1616 2988 1688 προκαταλαὸέτωσαν
3012 1620 3043 1689 ἡ
3054 1620 3161 1688 μᾶς
3190 1622 3238 1673 οἱ
3263 1621 3545 1691 οἰκτιρμοί
3572 1616 3690 1687 σου,

426 1698 582 1751 valde
615 1710 879 1765 pauperes
913 1692 1038 1746 l'acti
1067 1707 1279 1745 sumus.
1312 1688 1503 1761 [Vens
1540 1687 1597 1760 9]
1622 1689 1830 1757 Adjuva
1880 1704 2000 1753 nos,

2117 1706 2284 1777 Κύριε
2314 1675 2355 1770 ἶ,
2391 1675 2474 1760 δτί
2516 1707 2948 1778 ἐπτωχεύσαμεν
2997 1675 3221 1783 σξρόδρα.
3273 1712 3366 1785 [θ’]
3407 1675 3693 1785 ὲὸήθησον

428 1804 461 1844 o
520 1788 664 1841 Deus
708 1786 971 1850 ,Salvator
1008 1793 1217 1838 noster.
1254 1802 1271 1835 ι
1322 1781 1549 1851 Porrige
1598 1780 2004 1850 quamprimum

430 1891 577 1935 tuam
631 1876 1110 1947 inexpugnabilem
1163 1889 1318 1943 opem
1356 1891 1370 1926 :
1407 1888 1530 1926 nam
1563 1871 1713 1925 omni
1752 1870 2007 1940 praesidio

428 1971 674 2026 destituti
706 1985 922 2030 sumus,
953 1978 1003 2021 te
1041 1974 1225 2020 autem
1258 1965 1438 2019 solum
1475 1964 1778 2031 adjutorem
1807 1972 1857 2016 et
1901 1961 2009 2016 sal-

428 2072 676 2118 vatorem
708 2061 995 2115 habemus.
1043 2078 1061 2110 ι
1105 2057 1169 2110 Ει
1225 2065 1448 2127 propter
1494 2056 1725 2127 gloriam
1768 2053 2008 2108 nominis

428 2154 531 2216 tui,
572 2151 827 2216 Domine,
865 2150 1035 2204 libera
1073 2164 1193 2214 nos,
1219 2156 1274 2202 et
1305 2146 1575 2217 propitius
1604 2154 1727 2201 esto
1770 2142 2008 2215 peccatis

428 2245 637 2300 nostris
681 2251 900 2312 propter
937 2255 1133 2295 nomen
1201 2249 1377 2294 tuum.
1417 2257 1437 2290 ι
1489 2236 1768 2307 Nusquam
1800 2237 1867 2292 de
1909 2251 2009 2292 sua

428 2338 628 2391 \‘irtute
674 2335 1010 2404 mentionem
1058 2331 1285 2397 laciunt,
1326 2330 1419 2384 sed
1460 2338 1642 2398 orant,
1674 2337 1735 2383 ut
1773 2329 1842 2383 ob
1872 2328 2010 2383 divi-

428 2444 558 2484 num
593 2441 786 2481 nomen
813 2426 1057 2480 divinum
1090 2424 1358 2477 auxilium
1383 2429 1806 2492 consequantur.
1844 2418 2012 2474 Nobis

427 2523 596 2586 enim,
651 2519 922 2589 inquiunt,
974 2517 1117 2571 male
1160 2516 1507 2579 habentibus,
1537 2514 1589 2568 in
1626 2524 1778 2568 tuum
1814 2527 2011 2567 nomen

429 2613 779 2683 opprobrium
843 2608 1058 2663 recidit.
1128 2606 1423 2661 Precamur
1476 2605 1643 2674 igitur
1714 2612 1774 2658 ut
1827 2612 2009 2658 errata

426 2705 722 2776 despicias,
765 2701 1217 2769 calamitatesque
1265 2705 1579 2762 convertas,
1627 2704 1682 2752 et
1713 2696 2010 2766 potentiam

431 2809 580 2854 tuam
612 2796 801 2851 insciis
828 2792 1107 2848 ostendas.

2107 1799 2240 1868 ἡμῖν
2261 1801 2288 1852 6
2309 1799 2442 1864 Θεὸς
2473 1801 2502 1853 6
2532 1801 2716 1872 σωτὴρ
2745 1802 2923 1873 ἡμῶν.
2952 1823 2971 1855 υ
3003 1805 3230 1875 Ὀρεξον
3253 1808 3272 1835 ⁸
3306 1808 3387 1860 ὅτι
3409 1808 3645 1878 τάχιστα
3674 1808 3694 1839 ⁷

2102 1892 2207 1961 ,τὴν
2238 1890 2454 1961 ἄμαχόν
2483 1910 2577 1946 σου
2611 1894 2813 1964 ῥοπήν·
2856 1894 3036 1965 πάσης
3067 1896 3175 1967 γὰρ
3203 1896 3402 1967 ἔρημοι
3428 1898 3696 1969 προνοίας

2109 1983 2423 2053 γεγόναμεν
2449 2002 2463 2016 ·
2498 1984 2558 2037 σὲ
2597 1984 2655 2039 δὲ
2693 1985 2856 2055 μόνον
2889 1986 3183 2058 ἐπίκουρον
3234 1988 3431 2059 ἔχομεν
3462 1992 3558 2043 καὶ
3586 2007 3697 2043 σω·

2108 2073 2270 2144 τῆρα.
2297 2093 2315 2125 ι
2341 2074 2570 2128 Ἕνεκεν
2592 2075 2693 2147 τῆς
2713 2075 2872 2146 δόξης
2900 2076 2997 2130 τοῦ
3038 2078 3301 2148 ὀνόματός
3331 2084 3448 2144 σου,
3486 2080 3691 2149 Κύριε,

2114 2163 2279 2235 ῥῦσαι
2336 2166 2515 2236 ἡμᾶς·
2566 2169 2659 2220 καὶ
2706 2168 2954 2240 ἱλάσθητι
3007 2171 3127 2233 ταῖς
3184 2170 3481 2241 ἁμαρτίαις
3531 2172 3696 2242 ἡμῶν

2110 2256 2298 2311 ἕνεκεν
2345 2257 2439 2311 τοῦ
2489 2258 2753 2329 ὀνόματός
2800 2277 2917 2316 σου.
2952 2281 2971 2314 ι
3034 2262 3285 2333 Οὐδαμοῠ
3341 2262 3441 2332 τῆς
3496 2263 3695 2332 σφετέ-

2113 2365 2213 2420 ρας
2277 2349 2715 2420 μνημονεύουσιν
2765 2352 3000 2424 ἀρετῆς,
3051 2352 3187 2407 ἀλλά
3244 2353 3373 2407 διὰ⁸
3421 2354 3484 2407 τὸ
3541 2355 3695 2410 θεῖον

2111 2441 2284 2513 ὄνομα
2338 2443 2437 2514 τῆς
2476 2444 2628 2505 θείας
2689 2445 3015 2517 ἐπικουρίας
3065 2444 3411 2499 ἀντιόολοῦσι
3457 2449 3689 2518 τυχεῖν

2111 2535 2270 2604 ἡμῶν
2309 2536 2440 2607 γὰρ,
2483 2537 2638 2605 φησι,
2674 2537 3196 2609 κακοπραγούντων,
3249 2541 3392 2593 κατὰ
3451 2539 3548 2592 τοῦ
3590 2537 3690 2592 σοῦ

2113 2625 2380 2694 ὀνόματος
2459 2628 2492 2697 ή
2572 2626 2896 2699 βλασφημία
2976 2630 3168 2701 χωρεῖ.
3268 2628 3691 2700 ’Δντιὸολοῦμεν

2112 2717 2314 2783 τοίνυν,
2365 2717 2611 2789 παριδεῖν
2644 2719 2745 2789 μὲν
2778 2719 2839 2773 σὲ
2865 2719 2937 2773 τὰ
2975 2720 3431 2790 πλημμελήματα
3457 2736 3472 2750 ⁸
3516 2738 3691 2792 μετα-

2114 2809 2299 2865 ϐαλεῖν
2320 2811 2378 2864 δὲ
2404 2811 2504 2874 τὰς
2534 2812 2844 2883 συμφορὰς,
2906 2812 3001 2867 καὶ
3033 2814 3134 2884 τὴν
3168 2812 3268 2885 σὴν
3290 2811 3521 2884 δύναμιν
3549 2813 3693 2870 ὑπο-

2113 2902 2283 2969 δεῖξαι
2322 2906 2434 2965 τοῖς
2468 2905 2744 2973 ἀγνοοῦσι.

503 2997 672 3053 Vens.
712 2998 829 3051 10.!
872 2995 949 3050 Ne
979 2993 1121 3050 forte
1141 2994 1320 3050 dicant
1358 2999 1587 3062 gentes:
1619 2990 1719 3046 Ubi
1759 2998 1844 3046 est
1869 2989 2009 3044 Deus

2187 3001 2238 3048 ι’.
2289 3014 2309 3046 ι
2358 2996 2627 3065 Μήποτε⁹
2667 2996 2867 3050 εἴπωσι
2911 2997 2981 3051 τὰ
3036 2997 3163 3067 ἔθνη
3192 2999 3256 3063 ¹⁰,
3301 2998 3412 3053 Ποῦ
3472 3000 3625 3053 ἐστιν
3663 2998 3695 3053 6

433 3091 669 3148 eorum?
705 3109 722 3140 ι
765 3089 1092 3158 lnterprctes
1140 3087 1235 3142 alii
1266 3087 1370 3139 hoc
1423 3086 1570 3139 velut
1615 3083 1819 3137 factum
1850 3082 2007 3136 dixe.-

435 3192 598 3237 rnnt:
631 3180 742 3236 Cur
764 3181 948 3234 dicunt
973 3188 1180 3248 gentes:
1212 3177 1312 3230 Ubi
1341 3184 1416 3229 est
1447 3175 1593 3230 Dem.
1614 3190 1794 3228 eorum
1814 3175 1841 3227 .9
1872 3173 2005 3237 Hoc,

442 3276 644 3344 inquit,
672 3287 759 3325 me
793 3270 1000 3340 allligit,
1035 3270 1140 3323 hoc
1177 3285 1262 3323 me
1290 3267 1476 3337 pungit
1510 3265 1754 3334 qualibet
1786 3263 2010 3332 cuspide

435 3366 672 3429 acutius,
705 3363 851 3433 quod
891 3369 1079 3430 gentes
1111 3368 1302 3414 contra
1359 3370 1410 3411 te
1445 3356 1739 3427 opprobria
1784 3355 2009 3423 impune

432 3459 734 3530 jactentur,
768 3462 822 3507 et
854 3454 1185 3506 insultantes
1212 3449 1438 3503 dicant:
1476 3445 1576 3502 Ubi
1609 3456 1692 3502 est
1740 3445 1883 3500 Deus
1918 3461 2011 3500 ve-

436 3559 572 3615 ster,
608 3564 772 3618 quem
827 3546 1012 3600 dicitis
1046 3543 1336 3615 (Egyptum
1373 3541 1702 3611 castigasse,
1753 3540 2012 3595 diﬂidissc

439 3658 613 3709 mare,
651 3639 831 3713 [vobis
863 3648 1042 3693 autem
1077 3636 1368 3698 transitum
1398 3632 1759 3698 concessisse,
1803 3632 2015 3686 omnia-

437 3752 545 3807 que
582 3736 686 3789 alia
734 3729 955 3802 fecisse]
987 3745 1185 3800 magna
1219 3729 1308 3782 illa
1341 3738 1395 3781 et
1446 3724 1843 3781 celeberrima?
1880 3740 1899 3774 ι
1949 3724 2014 3780 Ει

440 3832 748 3885 innotescat
779 3828 833 3880 in
871 3823 1186 3878 nationibus
1214 3837 1398 3876 coram
1429 3818 1603 3873 oculis
1646 3817 1850 3872 nostris
1880 3816 2013 3871 ultio

436 3920 720 3991 sanguinis
750 3931 1035 3973 servorum
1072 3925 1314 3977 tuorum,
1346 3913 1441 3983 qui
1473 3912 1682 3967 elfusus
1713 3920 1817 3965 est.
1849 3928 1868 3961 ι
1900 3910 2013 3964 0b-

438 4027 721 4069 secramus
746 4010 930 4081 igitur,
953 4016 1012 4062 ut
1038 4007 1129 4061 isti
1150 4016 1392 4060 cruentae
1419 4004 1582 4059 caedis
1613 4018 1804 4071 pmnas
1832 4002 2014 4068 luant;

439 4103 532 4158 alii
574 4110 754 4155 autem
790 4115 984 4154 omnes
1035 4098 1320 4153 nobiscum
1357 4095 1568 4164 justum
1606 4093 1821 4163 1170
1863 4102 2016 4146 tuum

437 4193 706 4264 judicium
744 4192 1095 4263 perspiciam,
1133 4191 1382 4259 iramque
1414 4188 1486 4242 ob
1522 4193 1746 4241 necatos
1778 4184 2018 4240 cultores

447 4296 591 4338 lUOS.

513 4481 679 4539 Vens.
712 4484 799 4537 ll.
832 4502 850 4535 ι
880 4482 1120 4535 lntroeat
1147 4481 1200 4533 in
1228 4485 1585 4546 conspectum
1608 4483 1759 4528 tuum
1787 4474 2020 4543 gemitus

442 4576 902 4646 cotnpeditorum,
957 4571 1262 4625 secundum
1314 4566 1746 4636 magnitudinem
1809 4564 2018 4633 brachii

446 4669 522 4722 tui
574 4681 729 4720 serva
763 4664 902 4715 lilios
951 4660 1426 4713 mortilicatorum.
1470 4675 1488 4708 ι
1537 4655 1779 4708 Obsecro
1828 4655 2015 4723 etiam,

447 4772 507 4815 ut
546 4757 810 4827 respicias
840 4755 892 4807 in
926 4769 1019 4806 eos
1053 4751 1147 4820 qui
1197 4749 1522 4816 superstites
1563 4746 1782 4815 quidem
1833 4746 2017 4803 adhuc

446 4861 595 4917 sunt,
624 4850 717 4904 sed
748 4849 799 4901 in
827 4844 1043 4899 vincula
1097 4840 1329 4910 coniecti
1360 4849 1513 4905 sunt,
1549 4849 1892 4908 mortemque
1922 4856 2017 4893 ex-

447 4950 695 5013 spectant
726 4958 738 4992 :
774 4947 827 4991 et
881 4952 950 4990 ne
997 4937 1061 4987 ad
1094 4942 1389 4986 extremam
1420 4931 1720 4999 prruiciem
1777 4941 2020 4986 nostrum

448 5052 617 5107 genus
645 5026 1016 5088 condemnare
1051 5026 1205 5094 velis,
1241 5028 1333 5082 scd
1363 5026 1505 5080 lilios
1551 5040 1763 5089 eorum,
1800 5027 1891 5093 qui
1933 5025 2022 5078 in-

2106 3084 2239 3147 Θεὸς
2268 3084 2484 3152 αὑτῶν;
2526 3104 2545 3136 ι
2582 3088 2645 3140 Οἱ
2682 3087 2740 3139 δὲ
2778 3088 2929 3142 ἄλλοι
2962 3089 3301 3159 έρμηνευταὶ
3340 3090 3415 3153 ὡς
3452 3107 3691 3163 γεγενη-

2112 3177 2274 3246 μένον
2305 3176 2461 3231 τοῦτο
2490 3179 2778 3249 εἰρήκασιν
2807 3195 2822 3210 ⁸
2857 3184 2963 3246 Εἰς
2991 3183 3049 3235 τί
3069 3181 3235 3254 λέγει
3263 3184 3337 3236 τὰ
3361 3183 3528 3252 ἔθνη,
3561 3183 3693 3237 Ποῦ

2108 3268 2283 3323 ἐστιν
2302 3273 2335 3323 ό
2363 3270 2509 3336 Θεὸς
2535 3270 2763 3338 αὐτῶν;
2797 3272 2969 3326 Τοῦτό
3003 3290 3094 3343 με,
3124 3275 3311 3343 φησιν,
3337 3274 3485 3346 ἀνιᾷ,
3525 3272 3693 3328 τοῦτὸ

2114 3375 2181 3429 με
2211 3359 2251 3390 ⁸⁸
2304 3363 2488 3414 κεντεῖ
2540 3363 2724 3431 πάσης
2779 3363 2967 3425 ἀκίδος
3004 3363 3283 3436 ὀξύτερον,
3327 3366 3389 3417 τὸ
3432 3365 3538 3418 ὑπὸ
3578 3366 3692 3420 τῶν

2111 3451 2286 3505 ὲθνῶν
2320 3454 2464 3508 κατά
2521 3455 2616 3508 σοῦ
2665 3456 2764 3526 τὴν
2825 3454 3176 3527 βλασφημίαν
3212 3458 3537 3528 τολμᾶσθαι,
3592 3459 3690 3522 καὶ

2118 3545 2564 3610 ἐπιτωθάζοντας
2613 3547 2818 3616 λέγειν,
2853 3548 2964 3602 Ποῦ
2999 3550 3147 3602 ἐστιν
3178 3552 3206 3603 6
3252 3548 3387 3612 Θεὸς
3425 3549 3601 3619 ὑμῶν,
3629 3548 3691 3602 ὃν

2111 3636 2300 3706 λέγετε
2347 3639 2691 3709 μαστιγῶσαι
2730 3639 2830 3711 τὴν
2862 3640 3161 3708 Αἴγυπτον,
3219 3641 3541 3714 διῃρηκέναι
3590 3641 3693 3712 τὴν

2115 3729 2386 3785 θάλατταν
2410 3732 2476 3796 ³³,
2510 3729 2580 3802 [⁸⁸
2630 3731 2758 3800 ὑμῖν
2811 3731 2869 3784 δὲ
2901 3732 3146 3803 δωρῆσαι
3194 3732 3462 3795 διάϐασιν,
3493 3734 3589 3787 καὶ
3642 3732 3693 3787 τ’

2115 3822 2252 3877 ἄλλα
2283 3824 2460 3876 πάντα
2488 3822 2812 3893 δεδρακέναι
2840 3823 2857 3896 ]
2890 3824 2960 3876 τὰ
3012 3825 3224 3895 μεγάλα
3260 3825 3356 3880 καὶ
3386 3824 3695 3897 πολυθρύλ-

2116 3915 2253 3985 λητα
2275 3917 2318 3947 ¹³
2340 3933 2355 3981 ;
2379 3935 2397 3966 ι
2432 3917 2541 3969 Καὶ
2564 3917 2866 3986 γνωσθήτω
2887 3920 2944 3970 ὲν
2969 3921 3081 3974 τοῖς
3104 3917 3313 3971 ἔθνεσιν
3337 3918 3567 3972 ἐνώπιον
3582 3920 3695 3972 τῶν

2117 4005 2412 4075 ὀφθαλμῶν
2438 4008 2471 4076 ἠ
2481 4008 2594 4077 μῶν
2622 4009 2654 4077 ἡ
2675 3997 2960 4079 ἐκδίκησις
2986 4007 3082 4060 τοῦ
3106 4009 3338 4076 αἵματος
3353 4008 3464 4061 τῶν
3484 4008 3692 4062 δούλων

2121 4114 2238 4160 σου,
2268 4096 2361 4150 τοῦ
2402 4099 2795 4168 ἐκκεχυμένον.
2826 4118 2844 4150 ›
2889 4098 3305 4169 Ἀντιϐολοῦμεν
3339 4099 3541 4164 τοίνυν,
3569 4101 3696 4153 τού-

2118 4205 2246 4251 τους
2281 4189 2378 4259 μὲν
2403 4192 2549 4243 τῖσαι
2573 4189 2670 4259 τῆς
2698 4191 3014 4260 μιαιφονίας
3038 4191 3251 4261 ποινὴν,
3271 4191 3400 4254 τοὺς
3422 4190 3478 4244 δὲ
3500 4191 3696 4254 ἄλλους

2123 4281 2374 4345 ἅπαντας
2413 4282 2544 4335 ἰδεῖν
2575 4285 2672 4335 σὺν
2703 4285 2835 4352 ἡμῖν
2870 4283 2969 4354 τὴν
2995 4284 3215 4336 δικαίαν
3246 4300 3342 4336 σου
3370 4284 3575 4352 ψῆφον,
3602 4286 3695 4340 καὶ

2050 4382 2096 4436 ι)
2124 4370 2224 4442 τὴν
2263 4375 2404 4442 ὑπὲρ
2435 4375 2544 4426 τῶν
2569 4373 2932 4445 ἀνῃρημένων
2965 4373 3060 4427 σοῦ
3092 4373 3442 4445 θεραπόντων
3470 4374 3667 4446 ὀργήν.

2202 4473 2290 4519 ια’.
2330 4486 2347 4518 ι
2397 4465 2698 4519 Εἰσελθέτω
2747 4465 2977 4518 ἐνώπιόν
3009 4484 3102 4519 σου
3149 4468 3177 4518 6
3239 4467 3541 4535 στεναγμὸς
3591 4466 3700 4520 τῶν

2128 4558 2338 4626 πεπεδη
2349 4557 2529 4626 μένων
2555 4573 2568 4587 ’
2595 4557 2736 4610 κατὰ
2758 4557 2856 4625 τὴν
2886 4557 3278 4628 μεγαλωσύνην
3302 4557 3396 4610 τοῦ
3418 4557 3702 4628 βραχίονός

2128 4665 2224 4702 σου
2276 4648 2636 4717 περιποίησαι
2669 4648 2797 4709 τοὺς
2829 4649 2980 4712 υἱοὺς
3007 4648 3118 4700 τῶν
3148 4648 3635 4716 τεθανατωμένων.
3676 4666 3695 4699 ι

2137 4740 2374 4794 Ἀπιδείν
2410 4741 2640 4794 ἱκετεύω
2699 4759 2758 4793 σε
2813 4742 2907 4794 καὶ
2935 4743 3016 4803 είς
3065 4743 3192 4804 τοὺς
3217 4741 3298 4793 ἔτι
3330 4741 3448 4811 ,μὲν
3481 4740 3703 4810 περιόν-

2126 4850 2246 4896 τας,
2281 4832 2456 4902 δεσμὰ
2482 4833 2535 4884 δὲ
2570 4834 3016 4903 περικειμένους,
3047 4834 3141 4886 καὶ
3164 4834 3206 4865 ¹⁵
3234 4833 3704 4902 προσδεχομένους
3786 4850 3787 4857 η

2129 4924 2221 4978 τὸν
2242 4925 2492 4990 θάνατον,
2516 4926 2610 4978 καὶ
2633 4924 2709 4997 μὴ
2733 4925 3109 4996 πανωλεθρίαν
3125 4924 3219 4977 τοῦ
3238 4925 3510 4995 ἡμετέρου
3535 4940 3707 4977 κατα-

2128 5018 2474 5088 ψηφίσασθαι
2505 5018 2724 5087 γένους·
2757 5016 2892 5072 ἀλλά
2921 5018 3029 5071 τῶν
3067 5018 3430 5090 ἀνῃρημένων
3461 5016 3706 5087 περισῶ-

1510 5194 1751 5251 VARUE
1790 5192 2175 5249 LECTIONES
2212 5192 2300 5245 ET
2341 5190 2570 5247 ΝΟΤᾹΞ.

520 5385 541 5414 ⁸
567 5379 786 5445 Ζῆλον.
819 5376 941 5432 cod.
970 5377 992 5431 l
1029 5376 1238 5445 ἀγῶνα.

450 5452 596 5514 τίνος
642 5451 828 5503 ἕνεκεν
871 5448 958 5501 διὰ
992 5449 1100 5517 τῷν
1131 5448 1277 5517 ἑξῆς.

452 5470 596 5514 τινος
644 5470 828 5503 ενεκεν
871 5470 958 5501 om
992 5470 1023 5501 τ
1074 5470 1080 5482 η

452 5519 623 5574 ‘Acd.
680 5520 843 5573 Ahest
880 5535 910 5572 a
957 5470 1080 5573 coit

456 5607 592 5643 νεσι.
706 5590 743 5621 ¹¹
776 5588 882 5643 Μέ.
926 5591 1092 5642 Abest
1117 5602 1147 5642 a
1187 5584 1387 5640 codﬂ.

1336 5374 1357 5406 ³
1384 5373 1517 5427 Καί.
1551 5372 1717 5426 Abest
1748 5387 1776 5424 a
1809 5369 1932 5424 cud.
1963 5369 2009 5424 2.

2148 5370 2273 5425 cod.
2315 5370 2333 5422 Ι
2368 5366 2698 5437 τεθείκασιν.
2774 5367 2796 5398 ⁵
2821 5366 3022 5435 Κύριε.
3054 5366 3175 5435 cod,
3212 5367 3236 5420 1
3266 5366 3391 5422 add.
3435 5367 3586 5437 λέγει
3618 5372 3712 5423 καὶ

1131 5448 1277 5517 ἑξῆς.
1384 5445 1404 5475 ⁸
1431 5443 1702 5511 Ὄρεξον.
1763 5441 1885 5495 cod.
1922 5440 1946 5493 1
1987 5457 2009 5494 a

1125 5518 1179 5569 Ξ.
1259 5518 1278 5547 ⁹
1306 5514 1552 5580 Μήποτε
1589 5541 1653 5555 -ν
1693 5511 1859 5580 ἔθνη.
1906 5508 2009 5564 "et

2159 5443 2312 5509 ἡμῖν.
2416 5440 2436 5469 ⁷
2486 5440 2762 5504 Τάχιστα.
2811 5440 2934 5490 rod.
2988 5446 3218 5506 uterque
3276 5440 3401 5491 add.
3441 5440 3710 5496 Δεσπότα.

2117 5510 2219 5565 Cur
2247 5510 2492 5580 dicerent
2526 5508 2743 5580 gentes?
2820 5506 2861 5536 "
2889 5504 3036 5580 Ere;
3068 5508 3229 5580 lectio
3260 5515 3342 5561 est
3383 5508 3441 5559 ὲν
3471 5513 3587 5572 τοῖς
3623 5508 3713 5580 ἔθ-

1493 5582 1533 5611 ¹¹
1578 5581 1696 5647 Τὴν
1724 5579 2050 5634 θάλατταν.
2087 5581 2211 5636 cod.
2248 5580 2265 5631 l
2302 5595 2353 5632 et
2377 5578 2413 5630 2
2449 5577 2509 5631 τὸ
2532 5576 2797 5647 πέλαγος.

2159 5443 2312 5509 ἡμῖν.
2416 5439 2436 5469 τ
2486 5436 2762 5509 mxww,
2811 5439 2934 5509 eod.
2988 5446 3218 5509 uterque
3276 5438 3401 5491 add.
3441 5436 3710 5496 Δεσπότπο

2907 5577 2954 5652 “_
2994 5576 3038 5652 ξ]
3089 5579 3210 5634 cod.
3260 5589 3497 5648 utroque
3531 5579 3711 5652 suppl.

460 5661 505 5692 “
533 5662 791 5730 Πολυθρ.
818 5660 941 5717 cod.
983 5660 1007 5713 1
1038 5656 1164 5713 add.
1189 5655 1279 5708 διὰ
1305 5651 1371 5720 δὴ
1400 5650 1572 5704 ταῦτα
1607 5646 1971 5707 ἀντιϐολοῦσι.

2124 5648 2587 5705 Καὶ-θάνατον.
2613 5646 2739 5703 Des.
2774 5648 2827 5701 in
2855 5646 2978 5702 cod.
3003 5646 3058 5701 2.
