3900 6324
429 274 571 340 1511
1420 264 1919 327 THEODORETI
1957 262 2297 323 EPISCOPI
2334 261 2702 321 CYRENSIS
3559 255 3697 321 ιδῃ,

426 396 736 441 sermonem
767 377 1047 435 transfert.
1074 379 1093 402 θ
1126 395 1146 428 ι
1176 374 1282 442 Qui
1304 374 1461 430 sedes
1489 389 1652 443 super
1677 374 1998 439 Cheruhim,

2123 371 2478 443 revmwrépav
2515 371 2762 437 ἐξουσίαν
2811 369 3036 441 μετέϐη.
3091 389 3109 422 ‹
3151 370 3210 422 '0
3243 370 3559 441 καθήμενος
3602 375 3693 424 ἐπι

427 473 797 530 manifestare.
839 490 856 521 ι
899 469 1110 537 1172
1139 465 1409 531 Quoniam
1446 465 1591 519 enim
1618 465 1814 519 horum
1861 463 2005 517 dun-

2123 463 2212 517 :rIw
2244 465 2550 535 Χερουϐὶμ,
2589 464 2883 535 ἐμφὰνηθι.
2916 484 2933 515 ι
2977 465 3194 534 Ἐπειδὴ
3218 464 3326 537 γὰρ
3354 463 3564 517 τούτων
3595 464 3691 534 μό-

427 576 576 621 taxat
626 576 853 632 magnus
898 559 1075 613 Moses
1114 557 1318 627 efﬁgies
1376 558 1642 625 quasdam
1697 556 1751 609 in
1789 553 2007 609 Sanctis

2123 574 2211 609 mw
2231 555 2277 587 ³⁸
2322 556 2351 607 6
2402 556 2578 625 μέγας
2629 555 2834 625 Μωσῆς
2881 555 3251 625 ἐκτυπὼματά
3290 573 3413 609 τινα
3464 557 3522 608 ἐν
3580 558 3692 619 τοῖς

428 662 742 709 sanctorum
772 648 1136 709 consecravit,
1172 656 1225 701 et
1279 647 1332 699 in
1384 646 1564 700 medio
1596 645 1790 698 horum
1820 643 2005 713 propi-

2123 648 2321 715 Ἀγίοις
2349 647 2458 700 τῶν
2488 648 2656 714 ἁγίων
2672 649 2925 719 ἀνέθηκε,
2946 649 3041 700 καί
3061 639 3222 717 μέσον
3253 647 3459 701 τούτων
3486 647 3549 700 τὸ
3577 647 3693 700 ἱλα-

431 743 703 798 tialoriunl
752 740 953 809 posuit,
986 754 1081 807 per
1121 738 1251 792 illud
1304 750 1433 790 vero
1477 735 1829 805 pontilicibus
1868 735 2009 790 Deus

2123 740 2332 810 ςτήριον
2366 738 2576 792 τέθεικε
2595 740 2659 802 ⁵⁸⁷,
2713 740 2781 792 δι’
2836 739 3045 793 ἐκείνου
3085 741 3139 793 δέ
3189 758 3275 803 τις
3329 740 3628 808 ἐπιφάνεια
3649 739 3693 772 ³⁸

431 853 488 891 se
513 838 695 904 aliqua
721 835 932 886 ratione
959 832 1411 900 conspiciendum
1440 829 1736 899 praebebat,
1760 827 1881 895 jure
1910 828 2010 883 hoc

2123 829 2229 882 )εία
2258 831 2376 893 τοῖς
2404 830 2758 901 ἀρχιερεῦσιν
2789 831 3023 899 ἐγένετο,
3067 832 3295 894 εἰκότως
3325 832 3560 884 ἐνταῦθα
3602 830 3694 884 καὶ

430 930 483 982 in
517 931 634 982 loco
664 929 730 981 de
761 926 1061 980 Cheruhim
1097 925 1432 978 mentionem
1468 922 1616 985 fecit,
1644 930 1806 990 atque
1832 920 2009 985 illum,

432 1024 523 1093 qui
560 1036 723 1089 supra
762 1020 861 1073 hos
895 1018 1067 1073 sedet.
1099 1015 1439 1069 manifestari
1480 1022 1732 1082 precatus
1751 1020 1855 1067 est.

506 1110 671 1164 Vsus.
694 1112 745 1163 5.
787 1129 804 1159 ι
843 1108 1039 1160 Coram
1068 1106 1359 1174 Ephraim,
1392 1112 1444 1158 et
1473 1103 1781 1167 Beniamin,
1817 1110 1870 1155 et
1902 1100 2013 1154 Ma-

343 1259 346 1262 ,
432 1216 613 1253 nasse.
655 1217 672 1249 ι
711 1197 780 1251 Ut
811 1206 906 1248 tuo
946 1194 1147 1262 populo
1177 1208 1467 1261 appareas,
1518 1193 1720 1261 inquit,
1758 1192 2012 1246 obsecro.

437 1289 541 1343 Per
590 1289 766 1341 tribus
795 1287 940 1338 enim
973 1294 1429 1338 commemoratas
1466 1298 1684 1337 omnem
1711 1283 2015 1353 designavit

439 1382 723 1449 pOpttlum.
754 1375 959 1429 Harum
1017 1385 1196 1427 autem
1235 1373 1504 1431 meminit.
1533 1375 1791 1443 quoniam
1819 1375 1885 1428 de
1917 1371 2014 1428 Jo-

437 1473 608 1541 sepho
644 1471 974 1522 mentiOnem
1012 1467 1154 1520 fecit.
1224 1466 1481 1536 Ephraim
1524 1481 1656 1520 vero
1696 1477 1751 1519 et
1796 1465 2015 1521 Manas-

438 1577 525 1616 ses
558 1561 652 1612 lilii
696 1558 915 1611 fuerunt
961 1555 1208 1625 Josephi,
1255 1565 1310 1609 et
1362 1555 1644 1625 Benjamln
1695 1553 1865 1609 frater
1899 1556 2015 1625 ejus

439 1652 704 1706 uterinus.
761 1666 779 1699 ι
836 1647 1024 1701 Exeita
1080 1647 1376 1715 potentiam
1436 1655 1610 1711 tuam,
1661 1654 1718 1700 et
1754 1647 1901 1712 veni,
1956 1655 2016 1701 ut

2107 922 2217 975 τῶν
2263 922 2550 993 Χερουϐὶμ
2596 921 2995 991 ἐμνημόνευσε,
3034 923 3128 979 καὶ
3178 924 3270 976 τὸν
3314 923 3527 986 τούτοις
3572 926 3695 976 ἐπι-

2111 1014 2426 1086 καθήμενον
2470 1016 2804 1084 ἐπιφανῆναι
2837 1015 3114 1069 ἱκέτευσεν
3127 1016 3192 1069 ³⁹.

2183 1114 2254 1174 γ’.
2304 1127 2322 1159 ι
2363 1107 2639 1161 Ἐναντίον
2670 1107 2935 1179 Ἐφραῒμ,
2982 1108 3075 1160 καὶ
3109 1107 3386 1176 Βενιαμὶν,
3428 1108 3525 1160 καὶ
3570 1106 3697 1160 Μα-

2112 1200 2307 1269 νασσῆ.
2369 1220 2386 1251 ι
2439 1201 2802 1270 Ἐπιφανῆναί
2854 1217 2935 1264 σε,
2990 1199 3178 1268 φησὶν,
3234 1200 3460 1252 ἱκετεύω
3506 1200 3586 1270 τῷ
3623 1199 3698 1269 σῷ

2112 1291 2248 1363 λαῷ.
2272 1293 2372 1344 Διά
2394 1293 2501 1362 γὰρ
2524 1292 2633 1345 τῶν
2680 1293 2990 1363 εἰρημένων
3018 1291 3201 1361 φυλῶν
3228 1292 3405 1344 πάντα
3429 1291 3702 1363 δεδήλωκε

2113 1384 2204 1438 τὸν
2235 1385 2382 1438 λαόν.
2416 1384 2637 1437 Τούτων
2671 1384 2726 1438 δὲ
2757 1385 3182 1457 ἐμνημόνευσεν,
3235 1384 3422 1454 ἐπειδὴ
3472 1386 3571 1438 καὶ
3606 1383 3709 1440 τού
3776 1424 3783 1433 .

2127 1477 2325 1545 Ἰωσὴφ
2371 1476 2666 1545 ἐποιήσατο
2720 1477 2962 1547 μνήμην.
3021 1476 3129 1528 Τοῦ
3174 1476 3230 1529 δὲ
3274 1476 3472 1546 Ἰωσὴφ
3529 1477 3557 1528 6
3599 1474 3703 1545 μὲν

2130 1566 2371 1639 Ἐφρατμ
2419 1569 2512 1621 καὶ
2560 1570 2587 1621 6
2631 1568 2934 1637 Μανασσῆς
2981 1569 3173 1632 παῖδες
3206 1585 3220 1599 ·
3266 1570 3294 1622 6
3338 1569 3395 1622 δὲ
3440 1569 3705 1637 Βενιαμὶν

2118 1660 2344 1728 ἀδελφὸς
2392 1660 2748 1731 ὁμομήτριος.
2818 1678 2835 1709 ι
2874 1659 3183 1731 Ἐξέγειρον
3230 1660 3329 1729 τὴν
3368 1656 3705 1713 ’δυναστείαν

439 1747 622 1800 Salvos
658 1743 828 1797 facias
858 1755 976 1795 nos.
1033 1758 1051 1790 ι
1094 1738 1377 1808 Tanquam
1413 1739 1704 1808 patientem
1738 1746 1792 1793 et
1826 1739 2010 1808 quies-

2123 1769 2235 1815 σου,
2260 1724 2376 1805 iacui.
2406 1724 2530 1804 ἐνλθέ
2671 1750 2732 1803 τὺ
2768 1750 2939 1804 σῶσαι
2988 1724 3153 1821 ημές.
3206 1770 3225 1803 ι
3285 1724 3379 1814 ιΩς
3422 1751 3706 1823 μακροθυ-

439 1846 675 1897 contem,
729 1832 894 1887 Deum
929 1832 1129 1886 excitat
1161 1854 1171 1884 :
1212 1829 1439 1884 Omnem
1478 1838 1647 1896 tuam,
1686 1829 1885 1899 inquit,
1917 1844 2017 1899 po-

443 1920 666 1981 tentiam
698 1926 911 1987 excita,
940 1932 1186 1978 nostram
1226 1923 1456 1976 salutem
1498 1936 1821 1991 procurans.
1858 1918 2017 1992 [Illud

441 2018 686 2085 quidem,
717 2024 775 2067 ut
805 2014 916 2082 jam
964 2014 1015 2065 in
1063 2012 1433 2082 superioribus
1467 2026 1497 2065 a
1543 2026 1629 2065 me
1665 2010 1869 2065 dictum
1908 2017 2012 2076 est,

439 2104 674 2173 populus
705 2113 954 2172 precatur
983 2101 1077 2168 qui
1111 2110 1241 2155 tunc
1267 2101 1335 2153 ab
1369 2098 1609 2169 Assyriis
1656 2099 1906 2167 captivus
1939 2106 2016 2150 le-

440 2197 692 2254 nehatur,
729 2193 832 2246 hoc
861 2206 990 2245 vero
1021 2192 1182 2244 etiam
1210 2196 1399 2257 gentes
1428 2197 1608 2251 orant,
1639 2188 1845 2256 quibus
1867 2186 2016 2241 salus

442 2300 471 2339 a
502 2284 847 2339 benefactorc
878 2280 1207 2336 conferenda
1234 2295 1379 2334 cura:
1403 2278 1526 2333 fuit.
1557 2276 1709 2331 Hane
1726 2278 1869 2332 enim
1895 2292 2018 2331 esse

439 2386 673 2428 ruentem
715 2372 1012 2442 prophetae,
1056 2369 1294 2424 innuunt
1321 2369 1486 2424 etiam
1515 2382 1578 2422 ea
1622 2382 1745 2435 qua:
1774 2380 2017 2436 sequun-

439 2466 573 2539 lur.]

508 2557 675 2612 Vens.
703 2558 757 2612 4.
788 2576 806 2608 ι
844 2559 987 2613 Deus
1016 2556 1306 2620 virtutum,
1330 2562 1587 2610 converte
1617 2569 1739 2610 nos.
1768 2571 1786 2605 ι
1822 2552 1862 2606 Α
1898 2568 2015 2607 ser-

440 2653 617 2707 vitute
653 2667 753 2705 nos
790 2650 983 2714 libera,
1024 2660 1080 2702 et
1110 2649 1343 2703 reditum
1384 2647 1600 2717 largire.
1642 2646 1743 2719 [Illi
1773 2645 2014 2717 quidem,

443 2754 508 2798 ut
538 2761 567 2798 e
595 2743 872 2813 Babylone
915 2742 1146 2796 reduces
1190 2741 1342 2805 ﬁant,
1394 2739 1451 2794 hi
1478 2754 1629 2804 vero,
1667 2747 1723 2792 ut
1761 2738 1828 2792 ab
1854 2736 2017 2792 idolis

440 2836 764 2896 liberentur,
793 2829 998 2903 orant.]
1030 2831 1233 2886 Deinde
1261 2833 1459 2901 negotii
1487 2830 1799 2909 facilitatem
1836 2831 2014 2887 docet.

451 2947 469 2979 ι
513 2926 577 2980 Ει
613 2927 697 2979 fac
729 2935 790 2979 ut
824 2915 1105 2994 sjiiendeat
1135 2923 1300 2978 facies
1329 2934 1444 2987 tua,
1474 2933 1528 2978 et
1561 2924 1695 2979 salvi
1737 2924 1959 2979 erimus.
1991 2943 2009 2976 ι

443 3017 592 3072 Satis
625 3015 769 3068 enim
797 3024 902 3078 est,
935 3014 982 3068 si
1017 3014 1360 3084 apparueris,
1402 3023 1463 3068 ut
1494 3013 1698 3068 nostris
1727 3014 2015 3068 calamita-

441 3110 587 3165 tibus
618 3108 776 3160 ﬁnem
812 3108 1087 3174 imponas.

514 3195 684 3249 Vsus.
739 3196 791 3249 5.
833 3213 851 3246 ι
912 3194 1139 3248 Domine
1199 3193 1342 3249 Deus
1394 3196 1680 3261 virtutum,
1730 3212 2019 3268 quousque

446 3284 658 3356 1173
716 3285 968 3338 irasceris
1020 3285 1255 3339 orationi
1317 3300 1600 3341 servorum
1663 3289 1927 3343 tuorum?
1991 3309 2011 3342 ι

442 3380 739 3444 Quousque
768 3414 782 3439 ,
825 3373 1049 3428 Domine
1076 3413 1090 3438 ,
1123 3388 1272 3428 meas
1305 3391 1493 3445 preces
1528 3377 1758 3445 respuis,
1793 3379 1864 3433 ob
1897 3394 2016 3435 mea

443 3470 641 3524 delicta
670 3466 884 3521 iratus?
936 3465 1163 3520 Servum
1197 3473 1375 3520 autem
1404 3467 1523 3537 ejus
1552 3469 1809 3537 populum
1839 3470 2017 3525 nomi-

445 3570 558 3617 nat.
596 3561 731 3616 Nam
771 3571 825 3615 et
871 3559 960 3612 alii
1014 3560 1355 3627 interpretes,
1404 3561 1461 3614 in
1503 3563 1796 3616 orationem
1835 3563 2017 3634 populi

445 3654 543 3721 tui,
579 3668 677 3724 pro
705 3652 841 3706 servi
882 3653 984 3719 tui,
1018 3662 1344 3721 posuerunt.

520 3853 683 3909 Vens.
719 3851 773 3906 6.
812 3871 830 3904 ι
868 3851 1091 3908 Cibabis
1121 3867 1220 3907 nos
1249 3869 1386 3924 pane
1406 3855 1797 3927 lacrymarum,
1829 3864 1884 3912 et
1914 3872 2013 3927 po-

443 3954 557 3999 tum
586 3944 744 3997 dabis
774 3943 937 3997 nobis
964 3960 1085 3999 cum
1116 3944 1453 4015 lacrymisin
1486 3963 1763 4002 mensura.
1800 3966 1820 3998 ι
1855 3946 2015 4002 Tem-

442 4050 545 4103 pus
598 4035 700 4087 hoc
734 4024 859 4088 loco
896 4043 1167 4088 mutatum
1213 4045 1297 4090 est
1329 4054 1340 4089 :
1374 4052 1497 4090 nam
1534 4038 1724 4091 caeteri.
1753 4047 2010 4108 tanquam

441 4135 590 4193 gesta
624 4126 746 4179 haec
768 4134 952 4179 essent
990 4127 1245 4181 dixerunt
1276 4145 1288 4181 :
1327 4147 1345 4178 ι
1385 4127 1593 4182 Cibasti
1624 4144 1723 4184 nos
1760 4145 1899 4199 pane
1936 4131 2015 4183 la-

442 4232 776 4287 crymarum,
827 4227 881 4271 et
910 4227 1097 4287 polum
1131 4219 1326 4273 dedisti
1370 4221 1531 4274 nobis
1581 4237 1705 4275 cum
1757 4222 2013 4293 laerymis

441 4308 496 4363 in
521 4312 983 4364 mensura.»Dicit
1004 4321 1185 4364 autem
1222 4327 1234 4363 :
1266 4309 1329 4364 Et
1351 4312 1531 4365 cibum
1558 4323 1803 4368 nostrum
1830 4323 1883 4367 et
1914 4328 2013 4383 po-

2121 1844 2327 1915 μοῦντα
2341 1845 2410 1910 ⁸ο,
2443 1845 2539 1897 καλ⁵
2564 1844 2764 1914 ἠσυχίᾳ
2808 1842 3110 1913 χρώμενον,
3144 1843 3234 1896 τὸν
3263 1843 3394 1897 Θεὸν
3426 1844 3708 1914 διανίστη-

2120 1953 2224 1991 σιν.
2264 1935 2518 1988 Ἀπασάν
2551 1950 2645 1987 σου
2674 1934 2773 2004 τὴν
2807 1934 3060 2003 δύναμιν,
3110 1935 3264 2003 φησὶ,
3314 1935 3558 2003 κίνησον,
3606 1934 3707 2005 τὴν

2118 2027 2396 2098 ἡμετέραν
2426 2026 2992 2096 πραγματευσάμενος
3008 2026 3049 2057 δι
3088 2027 3379 2096 σωτηρίαν.
3432 2025 3512 2098 [δ’
3531 2025 3710 2079 Τοῦτο

2121 2119 2243 2192 μὲν,
2278 2117 2353 2180 ὡς
2385 2117 2599 2188 εἴρηταί
2634 2133 2726 2186 μοι
2775 2116 3053 2187 ἀνωτέρω,
3100 2119 3127 2169 6
3164 2115 3614 2187 ἀνδραποδισθεὶς
3645 2117 3709 2169 τὸ

2115 2205 2419 2276 τηνικαῦτα
2465 2205 2617 2275 παρά
2666 2204 2776 2258 τῶν
2819 2203 3116 2275 Ἀσσυρίων
3154 2205 3300 2269 λαὸς,
3343 2205 3503 2259 τοῦτο
3546 2206 3605 2260 δὲ
3637 2205 3709 2259 τὰ

2116 2297 2245 2368 ἔθνη
2296 2297 2584 2362 ἀντιϐολεῖ,
2630 2296 2906 2367 κηδόμενα
2948 2296 3049 2369 τὴν
3088 2296 3239 2366 παρὰ
3279 2297 3371 2350 τοῦ
3411 2299 3708 2368 εὐεργέτου

2119 2386 2395 2459 σωτηρίαν
2413 2405 2427 2419 ι
2463 2387 2622 2441 τοῦτο
2646 2387 2755 2457 γὰρ
2781 2385 2922 2439 θέλει
2956 2389 3129 2441 εἰπεῖν
3156 2388 3185 2440 6
3212 2388 3554 2460 προφητικὸς
3576 2388 3708 2453 νοῦς

2117 2482 2213 2534 καὶ
2237 2479 2327 2534 διὰ
2359 2480 2470 2533 τῶν
2500 2478 2676 2551 ἑξῆς]

2189 2574 2251 2627 δ’.
2284 2593 2302 2626 ι
2327 2572 2386 2626 Ὀ
2417 2571 2561 2635 Θεὸς
2591 2571 2700 2625 τῶν
2731 2569 3014 2641 δυνάμεων
3032 2570 3097 2637 ⁸³,
3122 2569 3449 2640 ἐπέστρεφον
3473 2572 3650 2641 ἡμᾶς.
3680 2591 3702 2627 ι

2118 2667 2228 2738 Τῆς
2248 2666 2297 2698 ’⁵⁸
2325 2664 2571 2728 δουλείας
2609 2663 2999 2734 ἐλευθέρωσον,
3051 2663 3144 2715 καὶ
3178 2663 3278 2731 τὴν
3319 2662 3581 2717 ἐπάνοδον
3608 2664 3703 2734 χά-

2119 2776 2292 2831 ρισαι.
2323 2757 2391 2830 [⁸⁵
2416 2758 2473 2811 '0
2507 2756 2604 2826 μὲν
2638 2756 2738 2826 τὴν
2782 2757 2847 2809 ἐκ
2884 2755 3205 2817 Βαῦυλῶνος
3247 2752 3525 2816 ἱκετεύων,
3569 2755 3601 2806 6
3644 2750 3708 2807 δὲ

2117 2848 2217 2920 τὴν
2264 2847 2325 2912 ἐξ
2358 2846 2597 2901 εἰδώλων
2629 2843 3034 2916 ἐπιστροφήν.]
3084 2838 3218 2896 Εἶτα
3246 2842 3341 2896 τοῦ
3376 2844 3715 2913 πράγματος-

2116 2938 2356 2993 διδάσκει
2387 2937 2484 3007 τὴν
2520 2934 2791 2989 εὐκολίαν.
2839 2954 2857 2986 ‹
2885 2933 2998 2987 Καὶ
3025 2932 3286 3002 ἐπίφανον
3310 2932 3373 2985 τὸ
3406 2932 3715 3003 πρόσωπόν

2122 3048 2241 3096 σου,
2289 3029 2385 3083 καὶ
2436 3025 2822 3097 σωθησόμεθα.
2863 3043 2883 3077 ι
2949 3024 3165 3094 ’Δρκείς
3214 3023 3325 3094 γὰρ
3372 3023 3703 3092 φαινόμενος

2118 3122 2277 3177 λῦσαι
2306 3120 2407 3184 τὰς
2436 3117 2744 3189 συμφοράς.

2181 3215 2244 3269 ε’.
2283 3232 2301 3264 ι
2333 3210 2530 3283 Κύριε,
2555 3212 2583 3263 6
2612 3208 2744 3271 Θεὸς
2772 3206 2877 3261 τῶν
2903 3206 3187 3276 δυνάμεων
3213 3244 3228 3268 ,
3261 3205 3366 3265 ἕως
3388 3205 3519 3257 πότε
3551 3203 3705 3274 ὀργι-

2117 3306 2185 3380 ζῃ
2214 3306 2306 3358 ἐπὶ
2336 3305 2437 3375 τὴν
2484 3300 2796 3374 προσευχὴν
2846 3299 2954 3353 τῶν
2999 3298 3204 3352 δούλων
3237 3314 3329 3350 σου
3347 3297 3432 3361 δθς
3467 3314 3486 3347 ι
3518 3298 3709 3366 Μέχρι

2117 3400 2269 3462 πότε,
2297 3399 2567 3459 Δέσποτα,
2595 3395 2694 3457 τὰς
2722 3392 2860 3465 ἐμὰς
2889 3390 3242 3463 παραπέμπῃ
3269 3389 3440 3451 λιτὰς,
3472 3389 3565 3440 ἐπὶ
3587 3390 3702 3450 τοῖς

2115 3492 2267 3561 ἐμοῖς
2295 3488 2766 3560 πλημμελήμασιν
2793 3483 3186 3555 ὀργιζόμενος;
3218 3480 3416 3535 Δοῦλον
3443 3481 3501 3534 δὲ
3531 3479 3701 3533 αὐτοῦ

2115 3584 2206 3639 τὸν
2239 3583 2368 3638 λαὸν
2410 3582 2697 3652 ὀνομάζει.
2751 3580 2862 3632 Καὶ
2895 3577 3004 3648 γὰρ
3052 3576 3102 3628 οἱ
3155 3574 3303 3628 ἄλλοι
3334 3572 3697 3644 ἐρμηνευταὶ,

2129 3675 2261 3733 Ἐπὶ
2299 3674 2417 3742 τὴν·
2462 3668 2818 3741 προσευχὴν
2864 3668 2971 3723 τοῦ
3007 3665 3164 3721 λαοῦ
3212 3682 3352 3732 σου,
3409 3665 3532 3719 ἀντὶ
3577 3663 3696 3731 τοῦ,

2116 3768 2340 3821 δούλου
2354 3765 2394 3798 ⁸⁵⁷
2426 3779 2564 3829 σου,
2593 3760 2932 3814 τεθείκασιν.

2187 3865 2262 3923 ς’.
2319 3877 2337 3909 ι
2374 3857 2626 3924 Ψωμιείς
2665 3851 2871 3923 ήμὸῖςη
2909 3851 3073 3921 ἄρτον
3106 3846 3396 3917 δακρύων·
3447 3846 3545 3901 καὶ
3592 3865 3700 3901 πο-

2113 3950 2248 4010 τιείς
2278 3948 2426 4016 ἡμᾶς
2459 3947 2516 3997 ἐν
2544 3945 2807 4015 δάκρυσιν
2837 3943 2895 3994 ἐν
2922 3939 3107 4011 μέτρῳ
3127 3937 3195 3992 δ’.
3229 3957 3248 3990 ι
3295 3939 3353 3991 '0
3383 3938 3575 4010 χρόνος
3604 3941 3701 3993 ἐν·-

2114 4038 2285 4095 ταῦθα
2315 4037 2640 4107 ἐνήλλακται
2663 4051 2676 4064 ·
2729 4034 2825 4087 καὶ
2851 4031 2958 4102 γὰρ
2983 4031 3034 4083 οἱ
3066 4029 3215 4084 ἄλλοι
3241 4028 3316 4093 ὡς
3345 4029 3699 4099 γεγενημένα

2112 4132 2286 4185 ταῦτα
2304 4129 2592 4199 εἰρήκασιν
2608 4143 2622 4157 ·
2666 4144 2685 4177 ι
2724 4122 3040 4193 Ἐψὼμισας
3064 4121 3215 4191 ἡμᾶς
3234 4120 3397 4190 ἄρτον
3418 4119 3694 4192 δακρύων,

2116 4223 2209 4278 καὶ
2244 4221 2501 4282 ἐπότισας
2534 4219 2680 4288 ἡμᾶς
2710 4215 2848 4287 μετά
2866 4214 2911 4245 ⁸⁸
2943 4212 3193 4282 δακρύων
3223 4209 3425 4281 μέτρῳ.
3465 4228 3485 4262 ι
3528 4211 3697 4278 Λέγει

2115 4319 2193 4383 δέ,
2224 4319 2308 4370 ὅτι
2357 4316 2465 4369 Καὶ
2507 4315 2604 4384 τὴν
2633 4313 2840 4383 τροφὴν
2864 4308 3040 4381 ἡμῶν,
3072 4307 3166 4361 καὶ
3195 4306 3255 4359 τὸ
3284 4306 3434 4375 πόμα
3458 4305 3695 4376 δάκρυσι

442 4408 553 4454 tom
585 4401 838 4472 lacrymis
867 4402 1156 4456 miscuisti.
1190 4401 1463 4469 Lugentes
1496 4403 1664 4467 enim,
1689 4413 1744 4457 et
1779 4420 2010 4458 mmren-

2123 4410 2520 4480 swexé_pzaa;'~
2568 4405 2883 4475 ὀδυρόμενοι
2928 4401 3039 4472 γὰρ
3073 4402 3165 4454 καὶ
3200 4400 3485 4462 στένοντες
3527 4416 3696 4470 μετα-

439 4504 520 4546 tes
559 4495 928 4547 necessarium
962 4495 1147 4547 cibum
1187 4493 1479 4547 sumimus.
1521 4491 1635 4547 Hoc
1671 4504 1853 4548 autem
1882 4495 2012 4551 fecit

438 4586 703 4653 supplicia
744 4585 982 4653 poet-alis
1026 4584 1349 4651 rependens.
1386 4584 1498 4637 Hoc
1529 4587 1693 4639 etiam
1747 4587 2009 4646 Dominus

437 4678 571 4733 dicit
600 4694 613 4729 :
649 4694 667 4726 ‹
704 4675 821 4739 Qua
846 4689 1101 4728 mensura
1136 4675 1309 4727 mensi
1342 4673 1578 4739 fueritis,
1625 4676 1824 4731 iterum
1853 4696 2010 4735 men-

436 4767 716 4820 snrahitur
737 4765 892 4818 vobis
913 4761 964 4815 κ.
1002 4782 1020 4814 ι
1054 4762 1205 4816 Hane
1226 4778 1535 4818 mensuram
1560 4766 1722 4820 etiam
1747 4772 2009 4839 propheta

442 4856 739 4912 Zacharias
784 4856 951 4920 vidit,
1000 4854 1294 4925 Babylonis
1348 4857 1629 4914 interitum
1681 4863 2007 4932 praedicens.

505 4973 535 5013 k
581 4972 773 5029 Matth.
818 4985 921 5034 vn,
945 4969 996 5022 1.

2109 4502 2451 4573 λαγχάνομεν
2467 4499 2511 4530 ⁸¹
2543 4496 2644 4567 τῆς
2689 4494 2995 4563 ἀναγκαίας
3021 4492 3249 4563 τροφῆς.
3293 4490 3464 4543 Τοῦτο
3495 4489 3554 4541 δὲ
3592 4506 3695 4542 πε-

2110 4593 2337 4663 ποίηκεν
2354 4578 2399 4622 δῖ
2434 4588 2838 4658 ἁντιμετρὴσας
2872 4587 2991 4647 ταῖς
3022 4583 3323 4653 ἁμαρτίαις
3368 4581 3466 4650 τὴν
3518 4597 3696 4649 τιμω-

2112 4685 2256 4755 ρίαν.
2293 4664 2533 4735 T6610”
2560 4679 2654 4732 καὶ
2681 4679 2709 4730 6
2740 4676 2945 4745 Κύριος
2973 4692 2989 4706 ·
3050 4693 3071 4724 ι
3097 4669 3168 4743 τῼ
3202 4673 3387 4742 μέτρῳ
3414 4674 3693 4740 μετρεῖτε,

2109 4772 2647 4845 ἀντιμετρηθήσεται
2678 4769 2725 4804 ⁸⁸
2764 4769 2915 4838 ὑμῖν.
2963 4786 2981 4818 ι
3040 4765 3213 4818 Τοῦτο
3261 4766 3356 4816 καὶ
3413 4762 3696 4832 Ζαχαρίας

2110 4861 2250 4918 εἶδεν
2283 4867 2311 4917 6
2341 4863 2631 4934 προφήτης
2674 4858 2737 4912 τὸ
2774 4858 2993 4937 μέτρον,
3040 4856 3138 4927 τῆς
3186 4851 3502 4915 Βαϐυλῶνος
3554 4866 3694 4922 προ-

1531 5054 1764 5114 γΑιιιΑῑ
1804 5059 2192 5117 LECTIONES
2235 5061 2322 5117 ET
2366 5063 2602 5129 NOT/E.

533 5176 578 5208 ³⁸
612 5174 842 5228 Μόνων.
916 5171 1039 5227 cod.
1114 5170 1140 5224 1
1210 5170 1358 5226 addit
1445 5172 1552 5225 τῶν
1628 5176 1907 5249 Χερουϐὶμ
1979 5179 2007 5232 λ

439 5244 481 5279 ⁸⁸
534 5244 878 5301 Ικέτευσεν.
931 5241 1055 5296 cod.
1094 5242 1119 5295 1
1171 5242 1292 5296 add.
1337 5243 1431 5296 καὶ
1468 5242 1608 5301 τίνος
1650 5246 1836 5301 ἕνεκεν
1879 5248 1966 5301 διὰ
2008 5276 2010 5284 <

2125 5219 2141 5231 .
2250 5181 2291 5212 ³⁷
2377 5181 2502 5235 cod.
2581 5182 2616 5234 2
2688 5180 2941 5250 ἀνέθηκε.
3055 5178 3101 5211 ⁸⁸
3126 5177 3246 5232 cod.
3310 5176 3337 5228 1
3393 5176 3497 5243 ἐμᾳ

2167 5248 2292 5301 ἐεῆε
2322 5251 2490 5301 λέγει.
2567 5252 2611 5282 ⁴⁰
2668 5252 2791 5301 eod.
2863 5251 2898 5301 ‘2
2963 5246 3336 5301 μακροθυμία.
3453 5244 3497 5275 ⁸¹

570 5246 878 5297 κέτευσεν.
931 5246 1055 5296 cod.
1094 5246 1119 5295 1
1171 5246 1292 5296 add.
1337 5246 1431 5296 καὶ
1468 5246 1608 5306 τίνος
1650 5246 1836 5302 ἕνεκεν
1879 5248 1966 5301 διὰ
2008 5276 2010 5284 ‹

570 5312 1036 5375 πραγματευόμενος.
1111 5312 1155 5343 δ’
1188 5312 1232 5367 Ε
1285 5315 1407 5367 cod.
1466 5315 1516 5368 1.
1593 5315 1638 5346 ’⁸³
1678 5315 1800 5369 Τῶν¹
1845 5318 1979 5373 δυν.

2167 5248 2292 5319 ἑξῆς
2322 5251 2490 5318 λέγει.
2567 5252 2611 5282 ⁴⁰
2668 5252 2791 5305 eod.
2841 5246 2898 5302 "2
2962 5246 3336 5318 μακροθυμίᾳ.
3453 5246 3497 5275 ⁵¹
3567 5246 3688 5299 cod.

2123 5330 2187 5374 -ει
2240 5336 2268 5373 a
2299 5324 2419 5375 cod.
2450 5324 2472 5375 1
2509 5330 2561 5375 et
2607 5337 2635 5374 a
2695 5328 2842 5375 textu
2886 5318 3046 5373 llcbr.
3081 5332 3146 5371 ac
3199 5315 3388 5369 Graeco
3438 5312 3549 5366 τῶν
3608 5314 3688 5370 0'.

431 5312 1036 5384 prkavpa'cewttsvo;
1111 5312 1155 5343 δ’
1188 5312 1232 5367 Ε
1285 5315 1407 5384 cod.
1466 5315 1516 5368 1.

433 5383 482 5417 “
510 5380 642 5448 Τῆς.
678 5380 799 5433 cod.
848 5384 884 5437 2
923 5397 1104 5449 prtem.
1155 5384 1273 5436 ἀντὶ
1311 5383 1426 5436 τοῦ.
1501 5383 1547 5416 ⁸⁸
1583 5383 1625 5437 Ε
1674 5386 1796 5440 cod.
1821 5388 1869 5441 1.

432 5464 596 5519 lectio
632 5470 716 5515 est
747 5462 840 5516 τοῦ
874 5465 1085 5521 δούλου.
1159 5465 1205 5499 ⁸⁷
1240 5468 1362 5521 cod.
1425 5467 1460 5520 2
1523 5466 1632 5520 τῶν
1678 5467 1901 5523 δούλων.

2250 5181 2291 5212 ³⁷
2377 5181 2502 5235 cod.
2581 5182 2616 5234 2
2688 5180 2941 5250 ἀνέθηκε.
3055 5178 3101 5211 ⁸⁸
3126 5177 3272 5250 c_od._
3310 5176 3337 5228 1
3393 5173 3691 5250 ἐμφάνεια.

3567 5246 3689 5299 cod.

1999 5389 2055 5478 ξε,
2089 5389 2492 5478 exercear
2748 5388 3084 5478 "cunam
3146 5384 3326 5478 me“
3393 5385 3497 5478 εαίτ
3539 5381 3689 5478 ,πεῖσ-

752 5462 840 5516 τοῢ
874 5465 1085 5521 δούλου.
1159 5465 1205 5499 ⁸⁷
1240 5468 1362 5521 cod.
1425 5467 1460 5520 2
1523 5466 1632 5520 τῶν
1678 5467 1901 5555 δούλων.

2123 5472 2304 5540 Ημᾶς.
2355 5471 2521 5529 Hebr.
2563 5457 2821 5533 :m‘azun
2860 5457 3050 5526 ciba'ui
3086 5486 3202 5555 eos.»
3227 5468 3445 5555 Sicque‘
3466 5466 3688 5555 deinde,

429 5554 608 5624 polum
643 5545 991 5624 dedistiillis.
1066 5551 1112 5624 ξ’
1144 5554 1229 5605 Εν
1253 5549 1467 5624 μέτρῳ.
1516 5548 1678 5604 Hebr.
1716 5538 1879 5624 w'f'w
1908 5538 2407 5624 mensura-magna.

2503 5557 2549 5589 ⁸ο
2575 5556 2736 5610 Μετὰ
2762 5585 2830 5595 -
2847 5555 3058 5624 μέτρῳ.
3105 5552 3226 5624 cod.
3266 5550 3289 5602 1
3328 5551 3388 5624 ἐν
3417 5548 3694 5624 δάκρυσιν

430 5619 489 5696 ἐν
534 5616 736 5685 μέτρῳ.
810 5619 1003 5675 “cod.
1060 5621 1081 5674 1
1150 5616 1657 5691 μεταλαμϐάνομεν.
1736 5623 1938 5680 "cod.
1977 5624 2010 5681 2

2123 5616 2377 5696 ποίηκῖις.
2451 5626 2497 5660 ⁸³
2523 5627 2719 5683 Τοῦτο.
2751 5616 2873 5682 εοᾶ.
2902 5626 2927 5681 1
2956 5616 3127 5681 οὕτω..
3195 5623 3243 5655 ⁸⁸
3270 5619 3386 5676 cod.
3412 5618 3451 5675 2
3472 5616 3693 5693 μέτρης

430 5685 671 5754 θήσεται.
