3900 6324
449 319 590 388 1527

1438 315 1932 377 THEODORETI
1970 315 2311 376 EPISCOPI
2358 317 2727 377 CYRENSIS

3591 309 3724 374 1528

441 432 550 491 erit
576 440 776 502 tempus
803 442 983 484 eorum
1010 426 1064 480 in
1093 424 1308 480 alecula.
1344 455 1412 465 —
1439 423 1663 494 Tempus
1691 433 1873 480 autem
1927 442 2029 481 νο·
2059 465 2068 487 ε

2162 428 2452 481 Δισοποιοὶ
2502 428 2725 496 Κυρίου
2774 428 2829 480 οὶ
2870 426 3246 495 ψευσάμενοι
3282 423 3478 489 αὐτῷ,
3515 425 3723 495 ἐπήγα-

446 535 540 583 ςιιῑ
569 524 929 580 calamitates.
966 518 1057 573 Sic
1113 517 1259 572 enim
1293 515 1418 588 Syri
1474 526 1530 571 et
1564 518 1781 589 1186
1813 517 2027 573 Hebraei

448 635 544 674 eas
576 618 859 672 nominare
882 619 1305 677 consueverunt,
1334 621 1387 665 et
1411 610 1565 664 multi
1588 611 1906 680 etiamapud
1928 627 2029 668 nos

447 711 637 763 eodem
673 708 836 761 modo
866 706 964 759 has
997 704 1303 758 nominant.
1348 701 1489 757 Dicit
1517 703 1755 777 igitnra
1789 703 1906 757 Non
1960 703 2029 758 ad

451 806 665 864 tempus
694 794 915 864 aliquod
944 792 1226 863 praefixum
1257 792 1310 846 in
1347 793 1463 845 base
1521 792 1766 846 incident
1826 791 2026 859 Judaei,

453 888 546 940 sed
578 888 631 939 in
660 886 921 940 sazculum
952 884 1048 938 Dei
1094 899 1225 939 cura
1257 883 1450 953 privati
1480 885 1800 939 manebunt.
1839 883 2031 940 Simile

450 986 631 1032 autem
662 986 745 1032 est
780 978 883 1032 hoc
920 975 1310 1047 septuagesimi
1339 960 1481 1030 tertii
1529 976 1724 1045 psalmi
1761 975 1988 1030 exordio
2017 996 2029 1030 :

453 1086 475 1119 ‹
517 1067 651 1133 Cur,
689 1066 853 1132 Deus,
886 1067 1137 1136 repnlisti
1169 1066 1226 1119 in
1254 1066 1454 1119 ﬁnem?
1490 1084 1507 1116 ι
1552 1064 1686 1121 Nam
1726 1076 1780 1121 et
1803 1066 1876 1121 ibi
1910 1066 2037 1119 ulti-

450 1175 596 1214 mam
636 1158 954 1214 Judaeorum
987 1156 1350 1227 abjectionem
1387 1157 1657 1226 praedixit.

2138 532 2235 584 γεν
2255 556 2268 576 ,
2316 515 2471 570 Ἀλλ’
2513 508 2686 570 ἔσται
2712 521 2746 570 ό
2788 517 2996 585 καιρὸς
3029 517 3233 570 αὐτῶν
3260 518 3346 582 εὶς
3378 515 3486 569 τὸν
3511 514 3720 570 αἰῶνα.

2138 608 2357 674 Καιρὸν
2400 607 2457 660 δὲ
2509 608 2668 661 καλεῖ
2710 608 2810 671 τὰς
2849 608 3157 678 συμφοράς.
3191 605 3349 660 Οὕτω
3391 606 3502 675 γὰρ
3536 609 3633 659 καὶ
3674 606 3722 659 οι

2138 697 2333 765 Σύροι,
2367 698 2457 751 καὶ
2496 700 2544 752 οἱ
2589 698 2831 769 Ἑϐραῖοι
2866 698 2945 770 [³ι
2981 697 3231 768 ταύτας]
3270 698 3563 766 ὀνομάζειν
3604 697 3723 751 είὼ-

2140 789 2267 843 θασι
2289 807 2301 820 ·
2336 790 2528 843 πολλοὶ
2552 789 2608 843 δὲ
2633 791 2727 844 καὶ
2764 793 2893 862 παρ’
2932 793 3069 861 ἡμῖν
3099 789 3243 842 οὕτω
3281 789 3485 853 ταύτας
3514 791 3726 842 ἀποκα-

2138 880 2313 935 λοῦσι.
2367 883 2531 951 Λέγει
2560 882 2771 949 τοίνυν,
2805 883 2886 937 ὅτι
2933 883 3163 946 ταύταις
3195 882 3445 936 Ἰουδαῖοι
3487 882 3550 935 οὐ
3586 882 3727 937 κατά

2140 989 2263 1025 τινα
2319 972 2482 1043 ῥητὸν
2530 975 2573 1004 ³²
2636 972 3136 1043 περιπεσοῦνται³³
3186 973 3419 1043 χρόνον,
3482 972 3602 1025 ἀλλ’
3645 973 3725 1035 είς

2143 1061 2314 1115 αίῶνα
2359 1060 2662 1115 διατελοῦσι
2682 1061 2728 1093 ³⁵
2775 1063 2876 1133 τῆς
2907 1062 3059 1125 θείας
3093 1062 3454 1134 ἐστερημένοι
3487 1062 3724 1134 κηδεμο-

2146 1158 2284 1221 νίας.
2325 1156 2513 1211 Ἐοικε
2548 1157 2604 1210 δὲ
2631 1156 2792 1211 τοῦτο
2824 1156 2918 1210 τοῦ
2964 1164 3042 1226 ογ¹
3070 1156 3288 1227 ψαλμοῦ
3314 1155 3395 1227 τῷ
3423 1156 3724 1227 προοιμίῳ,

456 1267 475 1300 ι
523 1250 711 1313 Ἰνατί,
740 1251 768 1302 ὁ
826 1247 982 1312 Θεὸς,
1040 1245 1248 1299 ἀπώσω
1314 1246 1394 1309 είς
1436 1246 1627 1313 τέλος;
1687 1266 1706 1299 ι
1758 1249 1868 1302 Καὶ
1918 1248 2027 1319 γὰρ
2068 1247 2185 1300 ἐκεῖ
2243 1247 2343 1319 τὴν
2419 1247 2662 1317 παντελῆ
2693 1246 2802 1302 τῶν
2841 1248 3116 1303 Ἰουδαίων
3162 1248 3436 1319 ἀποϐολὴν
3476 1249 3718 1320 προηγό-

456 1357 648 1410 ρευσεν
669 1340 735 1392 ³⁸.

526 1429 694 1484 Vnus.
734 1429 822 1483 17.
860 1448 878 1480 ι
910 1427 975 1481 Et
1010 1428 1214 1482 cibarit
1276 1427 1399 1482 illos
1431 1443 1497 1481 ex
1532 1428 1692 1498 adipe
1748 1427 2031 1493 frumenti,

457 1532 512 1578 et
550 1524 614 1577 de
652 1532 803 1591 petra
841 1522 1006 1576 melle
1036 1521 1442 1577 saturaviteos.
1483 1540 1502 1573 ι
1536 1521 1673 1576 Cum
1712 1531 1893 1576 autem
1951 1523 2038 1576 in-

458 1616 597 1687 grati
631 1615 797 1670 animi
833 1614 1021 1669 morbo
1047 1629 1372 1683 magnopere
1403 1613 1735 1679 laborarent,
1769 1615 2039 1670 bonorum

461 1707 689 1761 minime
722 1705 993 1761 recordati
1055 1714 1201 1760 sunt.
1236 1703 1292 1758 In
1328 1705 1622 1760 solitudine
1649 1707 1796 1761 enim
1831 1706 2041 1760 dulcis-

463 1798 658 1852 simam
693 1797 827 1867 ipsis
861 1811 1060 1866 aquam
1094 1810 1124 1849 c
1153 1795 1332 1864 lapide
1366 1795 1572 1860 eduxit,
1627 1811 1749 1864 qua:
1808 1795 2042 1849 sitienti-

462 1889 568 1943 bus
608 1887 718 1942 illis
752 1886 1096 1941 dulcedinem
1143 1886 1320 1940 mellis
1373 1885 1579 1941 referre
1629 1886 1746 1940 visa
1799 1894 1926 1940 est:
1986 1885 2041 1939 in

464 1988 613 2033 terra
643 1985 827 2031 autem
876 1976 1260 2047 promissionis
1305 1974 1571 2030 fructuse
1625 1984 1767 2028 terra
1818 1974 2043 2028 uberius

466 2064 603 2133 ipsis
631 2063 861 2134 largitus
898 2071 1002 2118 est.
1038 2062 1142 2118 Per
1173 2071 1379 2133 partem
1430 2062 1573 2116 enim
1631 2070 1800 2118 totum
1839 2061 2046 2130 signiﬁ-

467 2156 629 2221 cavit,
667 2162 721 2209 et
746 2170 842 2223 per
871 2154 1204 2209 frumentum
1232 2154 1463 2208 alierum
1489 2152 1768 2208 fructuum
1797 2154 2045 2225 largitio-

467 2264 593 2304 nem
618 2248 939 2319 designavit.

820 2451 836 2469 '
865 2443 1137 2502 INTEBP.
1166 2443 1417 2501 PSALMI
1445 2444 1683 2501 LXXXI.

538 2560 708 2616 Vsus.
742 2562 794 2614 1.
832 2579 851 2612 ι
879 2559 1135 2616 Psalmus
1160 2559 1368 2630 Asapb.
1408 2577 1427 2612 ι
1465 2558 1722 2629 Exposita
1755 2558 1811 2611 in
1844 2571 2047 2626 praece-

467 2654 628 2709 dente
657 2653 868 2722 psalmo
896 2650 1212 2707 Judzcorum
1244 2649 1575 2720 abjectione,
1597 2650 1686 2705 hic
1711 2648 1877 2704 etiam
1913 2663 2047 2704 cau-

469 2762 561 2801 sas
591 2747 835 2816 apertius
859 2745 1119 2815 explicat,
1148 2752 1372 2814 propter
1419 2758 1560 2814 quas
1593 2742 1740 2798 Deus
1773 2741 1901 2798 illos
1964 2756 2050 2798 re-

470 2839 699 2905 spuebat
729 2838 965 2892 :docens
995 2837 1204 2906 utique,
1230 2851 1354 2901 nos,
1381 2836 1427 2892 si
1458 2851 1554 2890 eos
1585 2834 1941 2898 imitabimur,
1966 2832 2051 2889 vel

471 2930 745 2984 deteriora
778 2942 1160 2998 perpessuros.
1241 2946 1258 2979 ι
1285 2927 1430 2982 Deus
1483 2926 1634 2981 stetit
1683 2926 1737 2981 in
1772 2939 2051 2997 synagoga

471 3018 722 3083 deorum,
761 3020 816 3073 in
841 3019 1022 3073 medio
1049 3027 1233 3073 autem
1290 3018 1425 3073 deos
1450 3018 1747 3074 discernet.
1778 3035 1797 3067 ι
1834 3014 2053 3070 Iudaeo-

2130 1416 2160 1427 ”
2214 1423 2298 1488 ιζ’.
2350 1441 2368 1474 ι
2426 1424 2534 1477 Καὶ
2573 1423 2852 1495 ἐψώμισεν
2894 1422 3095 1487 αὐτοὺς
3125 1426 3190 1477 ἐκ
3238 1423 3463 1488 στέατος
3495 1425 3677 1495 πυροῦ
3709 1434 3728 1453 ⁸

2142 1514 2237 1567 καὶ
2270 1513 2335 1565 ἐκ
2365 1513 2573 1582 πέτρας
2616 1513 2737 1584 μέλι
2777 1514 3072 1585 ἐχόρτασεν
3112 1513 3310 1577 αὐτούς
3334 1514 3402 1568 ⁸³.
3459 1532 3478 1565 ι
3520 1514 3729 1585 Πολλὴν

2140 1605 2220 1670 δὲ,
2258 1605 2800 1677 φησ“ιν,’ἀχαριστίαν
2832 1606 3207 1674 νενοσηκότες,
3245 1606 3346 1659 οὐκ
3376 1605 3732 1677 ἐμνήσθησαν

2142 1696 2254 1751 τῶν
2300 1698 2401 1768 ήδη
2460 1697 2922 1768 παρασχεθέντων
2969 1693 3154 1761 αὐτοῖς
3201 1698 3446 1768 ἀγαθῶν,
3499 1699 3591 1753 Ἐν
3632 1699 3732 1769 μὲν

2145 1786 2254 1859 γὰρ
2310 1789 2376 1858 τῇ
2429 1788 2623 1858 ἐρήμῳ
2671 1787 2732 1841 τὸ
2778 1788 2998 1858 ἥδιστον
3046 1790 3232 1852 αὐτοῖς
3277 1790 3342 1842 ἐκ
3371 1789 3475 1858 τῆς
3527 1790 3733 1859 πέτρας

2147 1880 2417 1951 ἐξήγαγεν
2450 1879 2624 1950 ὕδωρ,
2669 1880 2697 1933 ὃ
2724 1880 2953 1950 διψῶσιν
3002 1881 3187 1943 αὐτοῖς
3231 1881 3494 1952 ἐνομίσθη
3542 1884 3763 1956 μιμεί-2

2148 1973 2272 2026 σθαι
2320 1973 2639 2043 γλυκύτητα
2674 1973 2891 2044 μέλιτος
2915 1988 2929 2003 ’
2974 1974 3032 2027 ἐν
3062 1972 3119 2025 δὲ
3149 1976 3214 2043 τῇ
3255 1976 3326 2043 γῇ
3356 1973 3458 2044 τῆς
3488 1958 3767 2047 ἐπαγγε-ὶ

2146 2063 2265 2128 λίας
2308 2066 2436 2129 τοὺς
2485 2064 2592 2117 ἀπὸ
2638 2065 2738 2132 τῆς
2786 2064 2890 2132 γῆς
2937 2064 3124 2127 αὐτοῖς
3173 2064 3424 2132 ἀφθόνως
3448 2066 3492 2096 ³⁷
3524 2065 3735 2137 ἐδωρή-

2149 2172 2278 2209 σατο
2294 2158 2338 2189 ⁸⁸
2369 2156 2633 2228 καρπούς.
2672 2156 2807 2209 Ἀπὸ
2830 2154 2938 2226 γὰρ
2970 2155 3064 2208 τοῦ
3108 2155 3311 2227 μέρους
3353 2156 3416 2209 τὸ
3444 2158 3554 2209 πᾶν
3590 2175 3735 2228 παρ-

2147 2248 2386 2318 εδήλωσε
2441 2250 2525 2316 ³³,
2573 2249 2667 2302 καὶ
2721 2247 2813 2301 διὰ
2863 2247 2957 2301 τοῦ
2995 2247 3145 2300 σίτου
3221 2247 3313 2301 καὶ
3381 2247 3490 2301 τῶν
3555 2248 3735 2304 ἄλλων

2150 2337 2380 2410 καρπῶν
2414 2338 2510 2409 τὴν
2543 2337 2811 2409 χορηγίαν
2844 2338 3140 2408 ἐσήμανεν.

2471 2450 2736 2505 EPMHN.
2777 2450 2914 2504 ΤΟΥ
2948 2450 3056 2503 HA'
3094 2448 3415 2513 ΨΑΛΜΟΥ,

2221 2568 2292 2614 α’.
2330 2580 2349 2613 ι
2388 2561 2618 2630 Ψαλμὸς
2645 2559 2726 2630 τῷ
2756 2559 2953 2629 Ἀσάφ.
2992 2578 3011 2612 ι
3052 2560 3165 2630 Τὴν
3187 2561 3233 2593 ⁸ο
3263 2559 3536 2629 ἀποϐολὴν
3563 2560 3737 2614 εἰπὼν

2150 2655 2260 2707 τῶν
2297 2652 2567 2708 Ἰουδαίων
2626 2656 2685 2706 ἐν
2727 2651 2804 2722 τῷ
2837 2652 2945 2723 πρὸ
2980 2651 3173 2706 τούτου
3209 2652 3410 2723 ψαλμῷ
3431 2694 3447 2718 ,
3499 2654 3735 2707 ἐνταῦθα

2153 2746 2245 2800 καὶ
2282 2745 2383 2809 τὰς
2415 2746 2595 2808 αἰτίας
2643 2744 2983 2815 σαφέστερον
3012 2744 3298 2816 ἐκτίθησι,
3337 2745 3404 2799 δι’
3442 2744 3510 2809 ἃς
3537 2746 3738 2809 αὐτοὺς

2153 2841 2182 2893 ὁ
2221 2838 2353 2901 Θεὸς
2408 2836 2750 2891 ἀπεϐάλλετο
2775 2854 2788 2867 ·
2840 2835 3115 2890 διδάσκων
3170 2837 3425 2900 πάντως,
3480 2836 3558 2899 ὡς
3617 2838 3735 2905 εἴγε

2153 2930 2394 2993 ἐκείνους
2421 2927 2803 2999 μιμησόμεθα,
2836 2929 2946 2991 τοῖς
2977 2928 3161 2990 αὐτοῖς
3192 2928 3225 2998 ἦ
3259 2928 3469 2999 χείροσι
3502 2931 3738 2999 περιπέ-

2156 3038 2340 3092 σομεν.
2375 3038 2394 3072 t
2447 3020 2507 3072 Ὀ
2544 3019 2676 3083 Θεὸς
2710 3017 2842 3088 ἔστη
2877 3020 2933 3072 ἐν
2962 3020 3249 3089 συναγωγῇ
3290 3017 3459 3084 θεῶν,
3488 3019 3549 3072 ἐν
3588 3020 3741 3091 μέσῳ

474 3128 603 3167 rum
649 3114 944 3185 principes,
995 3125 1184 3185 utpote
1243 3113 1444 3183 quibus
1480 3110 1761 3182 iudicandi
1813 3109 2052 3163 ollicium

2162 3113 2211 3166 δέ
2232 3112 2388 3176 θεοὺς
2416 3111 2705 3182 διακρινεῖ.
2739 3130 2757 3162 ι
2794 3111 2937 3173 Τοὺς
2963 3109 3235 3163 Ἰουδαίων
3256 3108 3528 3179 ἄρχοντας
3556 3109 3739 3176 θεοὺς,

474 3205 831 3259 commissum
877 3216 1031 3272 erat,
1082 3206 1216 3260 deos
1260 3203 1583 3259 nominavit.
1633 3201 1842 3256 Eodem
1890 3199 2054 3255 modo

472 3294 558 3348 lex
588 3295 802 3364 1187
830 3296 995 3350 etiam
1033 3298 1179 3365 ipsos
1206 3302 1397 3350 vocat:
1428 3314 1448 3345 ι
1487 3293 1604 3348 Diis
1631 3308 1739 3346 non
1770 3293 2047 3357 detralies,

475 3392 533 3439 et
563 3386 795 3454 principi
830 3386 1019 3455 populi
1068 3385 1145 3440 tui
1173 3400 1284 3439 non
1304 3383 1601 3439 maledices
1641 3385 1686 3436 ί.
1721 3402 1742 3434 ι
1777 3382 2055 3448 Quoniam

477 3477 626 3531 enim
651 3492 776 3532 vere
798 3477 965 3547 iudex
998 3486 1081 3533 est
1112 3477 1278 3541 Deus,
1316 3484 1371 3532 et
1400 3475 1718 3531 hominibus
1769 3475 2058 3545 iudicandi

478 3568 721 3624 olIieium
782 3570 1141 3627 commissum
1203 3579 1306 3636 est,
1359 3577 1647 3639 propterea
1691 3568 1783 3638 qui
1836 3568 1904 3622 ad
1955 3567 2061 3622 hoc

478 3676 681 3715 munus
710 3661 897 3716 selecti
930 3670 1079 3727 sunt,
1114 3660 1188 3715 dii
1237 3659 1540 3729 nuncupati
1603 3666 1750 3721 sunt,
1795 3666 2057 3727 tanquam

480 3755 536 3810 in
570 3755 673 3810 hoc
705 3754 878 3810 Deum
910 3755 1207 3810 imitantes.
1232 3753 1539 3823 Sedjustus
1577 3751 1747 3822 judex
1790 3751 1895 3805 hoc
1936 3750 2059 3804 loco

478 3861 595 3902 non
615 3845 759 3913 juste
786 3846 1118 3916 iudicantes,
1152 3859 1330 3914 neque
1358 3852 1566 3899 rectam
1593 3842 1821 3913 iustitiae
1893 3850 2062 3895 state-

480 3952 601 3991 ram
631 3946 903 4003 tenentes,
950 3936 1246 4008 redarguit,
1272 3935 1595 4005 iustumque
1641 3933 1710 3988 ab
1742 3933 1862 4002 ipso
1909 3933 2059 3984 rutu-

480 4046 604 4085 rum
627 4029 897 4099 judicium
927 4031 1197 4100 praedicit.
1718 4088 1729 4095 _
1911 4033 1921 4086 l

557 4118 721 4174 Vens.
754 4120 809 4175 2.
851 4139 870 4172 ι
914 4118 1209 4192 Usquequo
1258 4119 1521 4191 iudicatis
1572 4118 1945 4188 iniquitatem,
2008 4125 2063 4172 et

481 4211 653 4266 facies
706 4222 1054 4280 peccatorum
1112 4212 1372 4267 sumitis?
1416 4229 1437 4262 ι
1495 4209 1813 4280 Quousque,
1862 4209 2059 4278 inquit,

484 4301 860 4371 incorruptam
895 4303 1221 4360 sententiam
1261 4317 1369 4357 non
1410 4300 1691 4370 profertis,
1736 4301 1833 4355 sed
1864 4310 2063 4369 poten-

482 4395 621 4450 tium
647 4403 813 4466 atque
852 4395 1171 4465 iniquorum
1202 4393 1487 4448 hominum
1525 4392 1852 4460 injustitiam
1887 4392 2062 4460 repri-

2157 3203 2231 3266 ὼς
2250 3203 2294 3236 ³¹
2319 3202 2382 3255 τὸ
2407 3204 2616 3273 κρίνειν
2639 3201 3131 3271 πεπιστευμένους,
3160 3200 3446 3265 ὠνόμασεν
3461 3201 3527 3253 δ’.
3554 3198 3746 3265 Οὕτως

2160 3296 2356 3358 αὐτοὺς
2385 3295 2482 3348 καὶ
2518 3294 2548 3346 ὁ
2597 3295 2762 3365 νόμος
2806 3291 3093 3347 ἀποκαλεῖ.
3149 3310 3168 3342 ι
3204 3291 3376 3354 Θεοὺς
3399 3291 3447 3322 ⁸³
3484 3292 3547 3344 οὐ
3578 3308 3747 3345 κακο·

2158 3388 2433 3457 λογήσεις,
2487 3385 2584 3438 καὶ
2610 3384 2849 3455 ἄρχοντα
2892 3383 2990 3436 τοῦ
3033 3382 3163 3435 λαοῦ
3200 3398 3294 3435 σου
3323 3384 3424 3435 οὐκ
3452 3384 3599 3453 ἐρεῖς
3648 3400 3744 3437 και

2160 3477 2292 3541 κῶς.
2326 3497 2345 3530 ι
2378 3476 2600 3547 Ἐπειδὴ
2630 3476 2735 3547 γὰρ
2762 3475 2981 3546 ἀληθῶς
3007 3475 3203 3545 κριτὴς
3229 3474 3257 3526 ὁ
3281 3475 3412 3537 Θεὸς
3435 3475 3603 3541 ἐστιν,
3631 3475 3747 3529 ἑνε-

2162 3569 2516 3641 χειρίσθησαν
2548 3569 2605 3621 δὲ
2644 3569 2741 3622 καὶ
2780 3570 2828 3622 οἱ
2857 3566 3138 3636 ἄνθρωποι
3174 3567 3384 3636 κρίνειν
3406 3608 3422 3632 ,
3465 3583 3748 3637 προσηγο-

2164 3658 2438 3732 ρεύθησαν
2491 3661 2540 3711 οἱ
2586 3649 2829 3711 rufam“
2860 3657 3282 3726 πεπιστευμένοι
3335 3656 3483 3721 θεοὶ,
3538 3658 3635 3711 ἅτε
3683 3658 3747 3728 δὴ

2162 3751 2295 3806 Θεὸν
2324 3753 2382 3803 ἐν
2403 3746 2641 3822 δι’;ούτῳ’⁸⁵
2669 3749 3017 3821 μιμούμενοι.
3037 3749 3201 3802 Ἀλλὰ
3230 3750 3358 3811 τοὺς
3389 3749 3489 3803 οὐκ
3519 3749 3749 3813 ἐνδίκως

2162 3844 2505 3907 δικάζοντας,
2535 3843 2655 3896 οὐδὲ
2680 3841 2913 3905 ἀκλινῶς
2939 3841 3275 3911 κατέχοντας
3307 3841 3378 3897 τὰ
3400 3841 3500 3911 τῆς
3520 3839 3683 3910 δίκης
3702 3841 3749 3873 ⁸⁸

2165 3935 2305 4003 ζυγὰ
2329 3977 2342 4000 ,
2374 3936 2403 3986 ὁ
2433 3935 2641 3996 δίκαιος
2676 3931 2915 3984 ἐνταῦθα
2945 3931 3217 4001 διελέγχει
3259 3931 3453 4003 κριτὴς
3475 3971 3490 3997 ,
3526 3929 3625 3983 καὶ
3649 3930 3752 4001 τὴν

2166 4025 2433 4096 ἐσομένην
2466 4025 2556 4078 ὑπ’
2588 4023 2753 4077 αὐτοῦ
2780 4022 2996 4076 δικαίαν
3026 4023 3211 4093 κρίσιν
3235 4021 3620 4093 προαγορεύει.

2240 4116 2305 4188 β’.
2335 4136 2353 4169 ι
2389 4118 2533 4179 Ἕως
2567 4115 2758 4169 πότεδτ
2804 4115 3021 4186 κρίνετε
3050 4117 3288 4183 ἀδικίαν,
3324 4116 3419 4171 καὶ
3475 4115 3755 4187 πρόσωπα

2168 4209 2509 4282 ἁμαρτωλῶν
2535 4208 2843 4278 λαμϐάνετε
2869 4226 2884 4274 ;
2926 4228 2944 4261 ι
2981 4209 3161 4278 Μέχρι
3212 4208 3379 4271 τίνος,
3410 4207 3598 4277 φησὶν,
3624 4207 3753 4260 ἀδέ-

2168 4319 2370 4358 καστον
2399 4303 2502 4354 οὐκ
2531 4301 2795 4372 ἐκφέρετε
2818 4300 3022 4370 ψῆφον,
3070 4299 3208 4353 ἀλλὰ
3239 4299 3352 4353 τῶν
3375 4298 3623 4352 δυνατῶν
3656 4300 3756 4352 καὶ

2170 4394 2503 4466 παρανόμων
2529 4393 2778 4462 ἐλέγχειν
2822 4391 3176 4463 παραιτεῖσθε
3225 4390 3326 4463 τὴν
3353 4391 3588 4454 ἀδικίαν,
3652 4394 3753 4445 καὶ

485 4502 637 4542 mere
666 4487 956 4551 recusatis,
987 4498 1366 4555 pauperesque
1391 4483 1461 4538 ab
1486 4483 1574 4538 bis
1604 4481 1807 4551 injuria
1836 4480 2063 4537 ati‘ectos

2173 4486 2452 4556 παρορᾶτε
2511 4484 2701 4548 τοὺς⁸¹ι
2739 4483 2900 4555 πενία
2958 4483 3238 4549 συζῶντας
3309 4483 3416 4537 ἀπὸ
3441 4483 3488 4517 ⁸⁸
3541 4481 3757 4537 τούτων

487 4578 809 4648 despicitis?

562 4669 724 4724 Vsus.
768 4670 820 4723 5.
866 4688 885 4720 ι
927 4667 1025 4723 Jus
1054 4666 1221 4722 dicite
1288 4681 1458 4734 egeno
1497 4677 1553 4720 et
1593 4664 1821 4736 pupillo,
1885 4664 2067 4719 itumi-

487 4761 595 4815 lem
640 4769 692 4815 et
721 4775 1014 4830 pauperem
1045 4757 1362 4829 justiﬁcate.
1408 4775 1426 4807 ι
1467 4756 1708 4827 Uterque
1753 4765 1933 4812 autem
1967 4758 2067 4811 lio—

489 4865 615 4906 rum
647 4851 852 4905 auxilio
888 4851 1109 4920 indiget.

566 4963 587 5000 ⁸
620 4961 795 5019 Exod.
823 4978 961 5031 χχιι,
996 4960 1086 5016 28.

2175 4578 2361 4632 ἁδικου
2370 4575 2560 4648 μένους
2580 4595 2595 4644 ;

2244 4676 2312 4736 γ’.
2342 4687 2361 4719 ι
2393 4667 2630 4738 Κρίνατε
2661 4667 2882 4739 ὀρφανῷ
2913 4668 3009 4722 καὶ
3041 4667 3241 4738 πτωχῷ
3264 4668 3335 4729 ⁸ο,
3366 4668 3629 4721 ταπεινὸν
3660 4668 3753 4721 καῖ

2180 4761 2383 4830 πένητα
2413 4758 2825 4812 δικαιῶσατευ.
2859 4778 2878 4810 ι
2911 4759 3232 4831 ’Ἑκάτερος
3253 4760 3298 4792 ⁸³
3344 4758 3402 4811 δὲ
3426 4757 3635 4811 τούτων
3669 4758 3761 4812 ἐν·

2171 4853 2297 4924 δεὴς
2328 4852 2606 4922 βοηθείας.

1595 5055 1819 5115 νΑιιυΕ
1851 5053 2233 5110 LECTIONES
2272 5053 2361 5108 ET
2399 5052 2631 5109 NOTAE.

596 5151 640 5184 ³⁸
676 5152 718 5204 Ε
745 5148 870 5205 cod.
900 5149 953 5202 1.
1031 5149 1075 5180 ³¹
1119 5148 1349 5214 Ῥητόν.
1409 5149 1576 5210 Abest
1603 5165 1631 5203 a
1683 5151 1804 5205 cod.
1835 5150 1890 5206 ν.

491 5220 957 5293 πρφσηῖόρενρενο

1998 5150 2042 5182 ³⁸
2072 5149 2196 5205 cod.
2233 5149 2254 5202 1
2289 5147 2600 5204 πεσοῦνται.

1071 5219 1546 5303 ξ⁶.“Ἐχόρζασεν
1592 5221 1834 5303 εεὺτούς.
1890 5219 2053 5303 Hebr.

2162 5214 2351 5303 meum
2415 5221 2714 5303 satietatis
2784 5235 2951 5275 essem
3029 5229 3096 5303 ις.

3495 5147 3545 5180 ³⁸
3563 5147 3697 5203 cod.
3733 5149 3759 5202 1

3208 5218 3252 5249 ³⁷
3292 5220 3445 5285 Ἀερθ.
3498 5218 3672 5272 Abest
3733 5235 3765 5274 ι

2710 5150 2755 5181 3"
2783 5150 2906 5204 cod.
2935 5151 2960 5203 1
2991 5147 3380 5202 διατελέσουσι.

494 5287 615 5348 cod.
814 5288 1011 5360 sfeed.
1039 5287 1075 5341 2
1134 5288 1518 5360 ἐδωρησάμην.
1552 5359 1560 5360 η
1596 5290 1642 5322 ³³
1704 5292 1851 5360 code
1896 5301 2068 5357 tttcrqt

2174 5290 2433 5360 ἐδήλωσε.
2511 5291 2557 5322 ⁸ο
2598 5291 2812 5358 Τὴν-
2861 5288 3283 5360 περιπέσωμεν.
3334 5288 3461 5360 Des.
3505 5287 3559 5340 in
3601 5298 3767 5360 utro-

495 5374 603 5423 que
658 5358 782 5414 cod.
828 5357 964 5414 Cum
1029 5360 1115 5414 liis
1157 5357 1301 5414 cont.

494 5498 540 5529 ’⁸⁸
571 5503 693 5552 cod.
717 5499 753 5553 Ε).
787 5501 865 5563 εἰς
898 5500 1076 5554 τοῦτο.

494 5567 690 5635 λέγων.
789 5571 833 5602 ⁸⁸⁸
864 5572 1037 5636 Τούς.
1075 5570 1244 5625 Abest.
1276 5585 1307 5624 a
1344 5572 1466 5625 cod.
1507 5571 1557 5623 1.

502 5707 716 5776 ponitur
753 5721 874 5781 post
900 5710 1121 5781 stne/ff).

1358 5358 1481 5429 quae
1535 5359 1698 5415 Cord.
1753 5368 1791 5413 t.
1839 5358 1899 5424 ll,
1932 5375 1986 5430 p.
2040 5361 2146 5413 704
2181 5358 2587 5417 θχλῑὶιαηοείο
2649 5361 2847 5414 attulit.

491 5433 546 5500 in
581 5428 702 5483 cod.
730 5428 788 5500 2.
864 5428 910 5462 δ’
937 5432 1060 5485 cod.
1098 5431 1123 5483 1
1150 5428 1429 5500 ὀνομάζει,
1462 5431 1606 5500 quod
1639 5439 1764 5500 ante
1793 5428 1950 5492 θεοὺς
1987 5432 2226 5498 ponitur.

1179 5500 1227 5532 “
1253 5499 1382 5555 eod.
1426 5501 1452 5554 1
1483 5499 1854 5567 δικαιοσύνης,
1892 5515 2056 5569 quam

2166 5502 2371 5555 tionem
2406 5499 2602 5569 Caral‘a
2632 5512 2853 5556 secutus
2884 5510 2986 5555 est.

1667 5569 1711 5601 ⁵³
1750 5571 1903 5624 Ἀπό.
1931 5570 2054 5625 cod.
2103 5572 2129 5624 1
2164 5570 2293 5623 ὑπό.

496 5638 539 5669 ⁸⁸
590 5640 866 5712 duramina
911 5643 1032 5695 cod.
1069 5642 1094 5712 Al
1129 5641 1253 5696 add.
1284 5641 1532 5694 τουτέστι
1561 5640 1777 5694 δικαίαν
1805 5640 1989 5705 αὐτοῖς
2020 5640 2341 5712 ἐπικουρίαν
2368 5639 2612 5712 ὀρέξατε.

2981 5359 3025 5391 ⁸⁸
3090 5358 3185 5423 Ὠς
3233 5388 3301 5398 --
3360 5358 3571 5426 νόμος.
3629 5357 3762 5414 Des.

2307 5430 2352 5460 ⁸³
2381 5431 2578 5494 θεούς.
2612 5430 2737 5486 cod.
2762 5430 2798 5484 2
2822 5444 3009 5499 praem.
3042 5428 3117 5492 ὡς
3135 5429 3212 5483 τό.
3295 5426 3341 5458 ⁸*
3364 5427 3486 5482 cod.
3520 5428 3544 5480 1
3575 5428 3763 5482 τοῦτο.

2307 5516 2371 5552 :m
2406 5499 2602 5552 Caral‘a
2632 5512 2853 5552 secutus
2884 5510 2986 5552 est.
3093 5500 3136 5531 ⁸⁷
3174 5498 3345 5552 Πότε.
3382 5499 3503 5551 cod.
3543 5497 3568 5550 1
3608 5498 3769 5552 addit

2401 5538 2602 5626 5323:
2630 5538 2986 5627 lectioni“?
3006 5579 3089 5624 est
3119 5538 3358 5639 ὀριφανὸν
3390 5567 3487 5621 καὶ

2728 5642 2786 5716 ,⁸³
2819 5640 3133 5709 Ἑκάτερος
3154 5637 3241 5680 V—
3278 5637 3458 5706 ,80210.
3489 5639 3549 5692 in
3580 5637 3716 5694 cod.
3736 5638 3767 5692 1
