3854 6326
104 351 253 419 1537

1394 352 1477 416 ΙΝ
1506 353 1714 416 PSAL.
1736 351 2068 413 LXXXIII.

3251 356 3389 425 1538

100 474 229 539 ξεις
244 473 292 507 ⁵⁸
341 472 561 539 αὐτούς.
617 491 638 525 ι
710 472 798 525 Ἐν
844 473 958 535 τοῖς
1012 470 1239 542 δρυμοῖς
1310 471 1634 542 αὐτομάτως
1649 470 1695 503 ⁵⁸

1816 471 1956 528 iabis
2003 486 2120 528 eos.
2158 490 2176 523 ι
2233 470 2292 527 In
2332 474 2654 530 nemoribus
2703 481 2899 545 sponte
2933 471 3158 528 ﬂamma
3191 488 3391 531 accen-

101 565 407 631 ἐξάπτεται
462 563 621 633 φλὸξ,
666 563 774 617 τῶν
830 563 1067 635 δένδρων
1145 562 1253 617 ὑπὸ
1331 563 1698 634 σφοδροτέρου

102 658 427 729 πνεύματος
446 658 810 727 κινουμένων,
831 658 927 710 καὶ
954 655 1209 726 ἀλλήλοις
1233 656 1698 728 συντριϐομένων,

103 751 213 803 καὶ
258 753 323 820 τῇ
369 748 557 821 τρίψει
597 749 661 802 τὸ
697 748 908 811 θάλπος
951 747 1362 820 ἐργαζομένων,
1411 748 1509 801 καὶ
1557 747 1701 801 κατὰ

112 837 314 910 μικρὸν
341 837 408 891 δι’
443 838 691 908 ἀλλήλων
716 835 1127 905 ἐξαπτομένων.
1160 837 1563 908 Παραπλησίως
1589 835 1701 889 τοί-

108 946 216 982 νυν
245 930 335 983 καὶ
357 929 582 991 τούτους
628 930 972 983 ἱκετεύουσιν
1006 929 1099 982 ὑπ’
1124 929 1374 999 ἀλλήλων
1411 927 1700 997 ἀναλωθῆ-

112 1041 234 1089 ναι,
262 1023 355 1077 καὶ
393 1024 517 1086 ταῖς
538 1021 778 1085 οἰκείαις
796 1020 1089 1091 ἐκδοθῆναι
1115 1019 1511 1092 παρανομίαις,
1556 1018 1700 1075 κατὰ

112 1115 223 1185 τὴν
288 1112 639 1184 προφητείαν
712 1112 813 1182 τὴν
888 1110 1186 1180 λέγουσανο
1225 1130 1243 1163 t
1278 1110 1582 1181 Πορεύεσθε
1622 1108 1701 1180 τῷ

114 1208 262 1275 φωτὶ
293 1206 389 1259 τοῦ
422 1206 592 1277 πυρὸς
617 1204 795 1274 ὑμῶν,
818 1203 912 1258 καὶ
932 1206 998 1275 τῇ
1026 1205 1185 1273 φλογί
1273 1203 1624 1270 ἐξεκαύσατε.
1673 1224 1694 1259 ο

193 1298 278 1362 ις’.
309 1317 329 1349 t
362 1298 663 1368 Πλήρωσον
703 1296 772 1350 τὰ
803 1297 1074 1366 πρόσωπα
1102 1294 1286 1351 αὐτῶν
1311 1294 1540 1365 ἀτιμίας
1560 1310 1573 1324 ·
1604 1295 1700 1348 καί⁹

118 1388 416 1460 ζητήσουσι
444 1389 507 1441 τὸ
537 1388 710 1459 ὄνομά
735 1406 857 1455 σου,
890 1388 1089 1458 Κύριε.
1119 1405 1138 1438 ι
1163 1387 1569 1457 Διαμαρτόντες
1589 1387 1700 1457 γὰρ

117 1472 199 1534 ὧν
228 1479 530 1549 βούλονται,
565 1479 662 1532 καὶ
712 1473 977 1549 αἰσχύνης
1000 1476 1436 1550 ἐμπλησθέντες,
1467 1477 1701 1545 ἐπιγνώ-

120 1571 306 1626 σονταί
339 1588 433 1624 σου
458 1570 556 1641 τὴν
588 1571 841 1642 δύναμιν.

197 1659 287 1729 ιη’,
315 1659 401 1713 ιϐ’.
440 1677 459 1710 t
496 1660 985 1731 Δίσχυνθήτωσαν,
1027 1663 1123 1715 καὶ
1155 1663 1587 1734 ταραχθήτωσαν
1619 1663 1699 1726 εἰς

117 1752 217 1805 τὸν
269 1752 442 1806 αἰῶνα
505 1751 600 1805 τοῦ
676 1752 873 1815 αἰῶνος
901 1770 914 1783 ο
952 1754 1048 1806 καὶ
1104 1756 1553 1826 ἐντραπήτωσαν,
1606 1754 1702 1808 καὶ

118 1839 537 1893 άπολέσθωσαν.
558 1840 668 1893 Καὶ
698 1837 997 1907 γνώτωσαν
1024 1840 1108 1894 ὅτι
1131 1816 1309 1911 ὄνομά
1338 1816 1433 1895 ’σοι
1460 1816 1664 1912 Κύριος
1682 1858 1698 1874 ο
1733 1816 1775 1870 Β

122 1932 192 1983 σὺ
228 1929 650 2000 μόνος”Υψιστος
685 1929 778 1982 ἐπὶ
809 1932 990 1987 πᾶσαν
1018 1931 1118 2003 τὴν
1132 1934 1256 2003 γῆν.
1299 1952 1317 1985 ι
1365 1932 1570 2002 Ἀγαθὰ
1591 1935 1701 1997 τοῖς

121 2022 344 2092 ἐχθροῖς
376 2020 593 2075 αἰτοῦσι
616 2023 712 2075 καὶ
752 2021 1181 2094 πολεμούμενοι.
1222 2024 1548 2079 ’ἱκετεύουσι
1591 2024 1700 2097 γὰρ

125 2114 347 2177 αὐτοὺς,
387 2113 511 2168 ἀντὶ
537 2113 636 2183 μὲν
671 2112 767 2184 τῆς
818 2114 1161 2185 θρασύτητος
1194 2116 1427 2188 αἰσχύνῃ
1450 2118 1498 2150 ⁵⁸
1545 2133 1703 2187 περι-

125 2204 399 2274 ϐληθῆναι
426 2224 438 2235 ·
476 2203 564 2257 διὰ
589 2204 646 2257 δὲ
670 2205 773 2274 τῆς
801 2204 1069 2276 αἰσχύνης
1099 2207 1144 2240 ⁵⁸⁷
1184 2207 1584 2279 καρπώσασθαι
1604 2209 1702 2278 τὴν

129 2297 283 2351 θείαν
311 2297 612 2366 ἐπίγνωσιν
633 2312 647 2326 ’
689 2297 908 2368 καὶτῆς
945 2298 1044 2368 μὲν
1069 2298 1178 2353 τῶν
1221 2299 1454 2354 εἰδώλων
1495 2299 1702 2369 πλάνης

126 2389 531 2458 ἀπαλλαγῆναι,
565 2387 760 2457 μαθεῖν
782 2387 837 2440 δὲ
870 2390 938 2458 τῇ
990 2389 1179 2460 πείρᾳ,
1207 2389 1282 2452 ὡς
1323 2390 1488 2453 αὐτός
1519 2391 1636 2443 ἐστι
1656 2390 1705 2425 ⁸⁸

130 2481 292 2552 μόνος
322 2480 418 2533 καὶ
447 2478 581 2542 Θεὸς
612 2479 713 2532 καὶ
731 2468 1034 2550 Δεσπότης,
1059 2482 1117 2533 ἐν
1155 2481 1381 2552 ὑψηλοῖς
1412 2480 1700 2548 κατοικῶν,

127 2571 228 2625 καὶ
255 2570 324 2625 τά
351 2569 588 2623 ταπεινά
643 2569 883 2641 ἐφορῶν,
915 2571 1011 2624 καὶ
1050 2572 1233 2626 πᾶσαν
1269 2573 1555 2644 κυϐερνῶν
1609 2576 1704 2628 καὶ

132 2663 492 2735 πρυτανεύων
527 2662 572 2696 '9
613 2663 715 2734 τὴν
770 2662 975 2729 κτίσιν,
1036 2662 1117 2735 [⁸ο
1150 2660 1220 2735 ἧς
1271 2665 1369 2736 τὴν
1431 2666 1705 2737 σωτηρίαν

128 2753 633 2825 ἐπραγματεύσατο
658 2756 686 2808 ὁ
717 2755 780 2808 ἐκ
828 2753 965 2808 Θεοῦ
997 2753 1152 2827 θεὸς,
1192 2757 1227 2808 δ
1256 2757 1548 2828 μονογενὴς
1576 2757 1706 2821 Υἱὸς

132 2846 273 2918 μετὰ
294 2847 394 2917 τὴν
425 2845 814 2916 ἀκατάληπτον
839 2844 1004 2899 αὐτοῦ
1033 2844 1471 2917 ἐνανθρώπησιν.
1499 2846 1519 2918 ]

447 2960 716 3014 ΕΡΜΗΝ.
764 2959 902 3014 ΤΟΥ
932 2958 1036 3014 Ill”
1076 2960 1398 3016 ΨΔΛΜΟΥ.

209 3082 277 3130 α’.
318 3092 337 3126 ι
392 3073 622 3144 ’Υπὲρ⁸1
672 3074 782 3126 τῶν
807 3073 1009 3144 ληνῶν,
1059 3076 1176 3138 τοῖς
1232 3075 1371 3139 υἱοῖς
1416 3073 1648 3146 Κορέθί.
1683 3095 1701 3128 ι

1803 562 1975 627 ditur,
2025 578 2149 619 cum
2187 564 2416 621 arbores
2448 564 2848 621 vehementiori
2894 571 3059 620 vento
3088 564 3389 635 agitantur,

1800 663 1852 709 et
1877 654 2017 709 inter
2046 671 2105 710 se
2128 656 2484 721 colliduntur,
2505 665 2559 713 et
2579 656 2868 713 collisione
2888 662 3090 711 aestum
3121 655 3390 724 efﬁciunt,

1800 752 1855 799 et
1877 745 2138 813 paulatim
2191 747 2425 803 invicem
2465 748 2860 803 accenduntur.
2893 745 3021 801 Pari
3050 748 3262 803 ratione
3284 749 3390 820 igi-

1801 842 1911 901 tur,
1938 848 1997 892 ut
2019 837 2106 892 isti
2141 853 2172 892 a
2201 854 2261 894 se
2288 839 2519 895 invicem
2554 839 2923 909 perimantur,
2946 848 3000 894 et
3033 840 3151 895 suis
3183 839 3389 909 iniqui.

1802 926 2007 983 tatibus
2043 928 2365 997 prodantur,
2396 929 2709 992 obsecrant,
2733 930 2902 999 ijuxta
2933 929 3388 985 vaticinationem

1805 1017 2017 1088 1195
2048 1019 2318 1075 dicentem
2363 1038 2377 1074 :
2442 1039 2461 1073 ι
2499 1019 2867 1076 Ambulabitis
2910 1021 2966 1074 in
2997 1020 3204 1077 lumine
3243 1020 3387 1092 ignis

1800 1106 1990 1172 vestri,
2024 1116 2079 1163 et
2107 1107 2351 1174 ﬂamma,
2384 1124 2549 1179 quam
2581 1109 2911 1166 accendistis
2936 1118 2980 1161 ι.
3011 1127 3031 1160 ι

1872 1287 2040 1344 Vens.
2085 1290 2173 1343 17.
2230 1308 2248 1340 ι
2283 1289 2453 1360 Imple
2502 1289 2672 1345 facies
2721 1304 2913 1345 eorum
2964 1290 3288 1359 ignominia,
3332 1297 3389 1346 et

1800 1390 2048 1451 quaerent
2093 1396 2291 1435 nomen
2347 1391 2534 1447 tuum,
2566 1383 2810 1438 Domine.
2852 1402 2872 1436 ι
2926 1381 3195 1437 Frustrati
3241 1384 3386 1438 enim

1802 1473 1965 1526 rebus
1993 1472 2215 1542 optatis,
2245 1479 2299 1527 et
2325 1471 2624 1542 ignominia
2656 1470 2870 1537 referti,
2901 1479 3053 1525 tuam
3091 1469 3390 1541 potentiam

1802 1571 2119 1632 agnoscent.

1877 1655 2036 1710 Vens.
2071 1653 2156 1720 l8,
2202 1654 2292 1711 19.
2339 1672 2358 1705 ι
2390 1653 2732 1709 Erubescant
2767 1692 2783 1718 ,
2828 1664 2885 1708 et
2912 1653 3306 1709 conturbentur
3330 1653 3387 1709 in

1802 1747 2061 1805 saeculum
2104 1746 2313 1812 saeculi,
2360 1756 2414 1802 et
2451 1747 2881 1812 confundantur,
2918 1755 2973 1802 et
3026 1755 3268 1814 pereant.
3320 1739 3389 1802 Et

1802 1847 2136 1909 cognoscant
2185 1848 2238 1894 te
2281 1854 2402 1894 esse
2445 1854 2609 1909 quem
2679 1853 2942 1894 vocamus
2984 1837 3295 1905 Dominum,
3335 1848 3389 1895 te

1801 1930 1981 1987 solum
2010 1929 2353 1985 Altissimum
2381 1944 2502 1984 esse
2531 1931 2587 1983 in
2620 1930 2771 1984 omni
2804 1938 2967 1983 terra.
3004 1946 3024 1979 ›
3058 1931 3077 1952 ¹
3109 1927 3257 1982 Bona
3283 1928 3389 1983 ini-

1801 2020 1961 2076 micis
1982 2028 2193 2090 petunt,
2224 2019 2326 2075 etsi
2350 2019 2491 2074 bello
2517 2020 2765 2089 appetiti.
2794 2018 2969 2074 Orant
2994 2019 3162 2085 enim,
3195 2028 3254 2074 ut
3283 2020 3388 2090 ipsi

1802 2128 1900 2183 pro
1958 2112 2190 2168 audacia
2245 2110 2469 2181 quidem
2509 2111 2812 2182 ignominia
2860 2109 3164 2166 aﬂiciantur
3212 2130 3227 2166 :
3290 2128 3388 2182 per

1801 2204 2159 2275 ignominiam
2194 2212 2377 2259 autem
2416 2203 2659 2259 divinam
2683 2203 3053 2273 cognitionem
3085 2211 3383 2274 reportent,

1802 2306 1858 2353 et
1903 2296 1973 2352 ab
2015 2296 2289 2352 idolorum
2330 2308 2516 2350 errore
2555 2293 2714 2348 liberi
2750 2293 2910 2358 ﬁant,
2944 2293 3389 2363 experientiaque

1805 2389 2022 2445 discant
2063 2388 2244 2458 ipsum
2296 2389 2475 2443 solum
2516 2401 2641 2442 esse
2669 2393 2723 2440 et
2766 2386 2937 2439 Deum
2983 2393 3038 2440 et
3072 2383 3385 2449 Dominum,

1804 2482 1899 2553 qui
1933 2482 1987 2536 in
2009 2481 2238 2537 excelsis
2276 2481 2507 2545 habitat,
2541 2487 2593 2535 et
2626 2479 2854 2533 humilia
2898 2477 3144 2548 respicit,
3179 2484 3388 2531 totum-

1804 2589 1913 2643 que
1943 2574 2131 2629 orbem
2165 2572 2430 2642 gubernat
2467 2579 2522 2626 et
2577 2570 2893 2625 moderatur
2936 2568 3117 2642 [cujus
3153 2569 3387 2624 salutem

1806 2663 1986 2721 elTecit
2035 2663 2178 2720 Deus
2223 2678 2289 2717 ex
2337 2661 2472 2727 Deo,
2516 2661 2830 2732 unigenitus
2861 2661 3054 2726 Filius,
3097 2667 3388 2730 postquam

1807 2759 1972 2812 modo
2034 2770 2195 2826 quem
2241 2769 2352 2808 non
2398 2753 2533 2809 satis
2567 2752 3029 2822 comprehendere
3068 2763 3387 2822 possumus,

1809 2846 1973 2903 homo
2008 2857 2091 2904 est
2123 2844 2349 2916 factus].

2138 2953 2412 3010 INTERP.
2470 2953 2726 3010 PSALMI
2774 2952 3062 3009 LXXXIII.

1776 3040 1782 3045 ⁸
1880 3063 2041 3120 Vens.
2075 3065 2126 3119 1.
2176 3083 2195 3116 ι
2231 3062 2337 3119 Pro
2392 3063 2774 3129 torcularibus,
2808 3061 2935 3117 ﬁliis
2977 3062 3137 3117 Core.
3168 3079 3188 3115 ι
3238 3056 3392 3117 Psal—

129 3159 310 3229 Διπλῆ
335 3156 430 3211 τοῦ
455 3155 676 3227 ψαλμοῦ
712 3157 746 3226 ἡ
798 3157 1128 3227 προφητεία.
1188 3145 1562 3231 Προαγορεύει
1599 3159 1706 3231 γὰρ

1816 3171 1938 3212 mus
1988 3155 2262 3227 geminam
2324 3154 2775 3210 vaticinationem
2830 3153 3090 3209 continet.
3142 3152 3392 3208 Praediclt

126 3251 197 3305 οὐ
239 3250 399 3320 μόνον
454 3248 554 3318 τὴν
587 3248 636 3280 ⁸⁸
697 3245 967 3301 Ἰουδαίων
999 3247 1300 3318 ἀνάκλησιν
1326 3248 1392 3315 ⁸⁸,
1443 3250 1582 3304 ἀλλὰ
1614 3252 1709 3304 καὶ

123 3342 234 3412 τῆς
266 3340 593 3411 οἰκουμένης
638 3339 862 3410 ἁπάσης
893 3340 995 3411 τὴν
1031 3340 1322 3411 σωτηρίαν.
1361 3342 1602 3410 Ληνοὺς
1627 3343 1706 3411 δὲ,

124 3433 212 3497 ὡς
240 3433 333 3487 καὶ
363 3431 466 3502 1ήδη
498 3433 932 3504 προειρήκαμεν,
963 3431 1062 3494 τὰς
1100 3432 1428 3503 Ἐκκλησίας
1461 3433 1619 3487 καλεῖ
1640 3433 1707 3488 ⁸⁵.

140 3523 239 3577 Ἐν
269 3520 495 3585 ταύταις
516 3523 625 3593 γὰρ
671 3523 767 3576 καί
800 3525 830 3576 ὁ
877 3522 1250 3593 πνευματικὸς
1297 3523 1562 3595 ἀμπελὼν
1619 3525 1709 3578 τὸν

127 3614 335 3667 οἰκεῖον
380 3613 683 3685 προσφέρει
715 3612 931 3685 καρπὸν
960 3613 1027 3679 ⁸⁸,
1077 3614 1171 3668 καί¹
1219 3613 1313 3668 τὸν
1340 3616 1613 3686 σωτήριον
1663 3615 1708 3647 ⁸⁷

128 3701 632 3772 κατασκευάζομεν
661 3700 825 3770 οἶνον,
857 3704 946 3757 τὸν
979 3702 1195 3774 ἀληθῶς
1218 3703 1579 3774 εὐφραίνοντα
1602 3704 1711 3759 τῶν

129 3794 591 3849 πεπιστευκότων
611 3796 655 3828 ⁸⁸
689 3795 787 3860 τὰς
807 3796 1053 3867 καρδίας.

209 3885 278 3956 β’,
307 3892 378 3953 γ’.
415 3905 435 3939 t
482 3886 570 3951 Ὠς
610 3888 873 3958 ἀγαπητὰ
900 3888 971 3942 τὰ
1013 3888 1357 3960 σκηνώματά
1385 3906 1502 3955 σου,
1536 3889 1711 3960 Κύριε

126 3975 247 4028 τῶν
276 3967 585 4044 δυνάμεων.
635 3976 937 4043 Ἐπιποθεῖ,
979 3979 1073 4032 καὶ
1101 3978 1343 4032 ἐκλείπει
1373 3981 1407 4049 ὴ
1432 3979 1578 4049 ψυχή
1611 3996 1712 4048 μου

131 4066 222 4120 εἰς
249 4065 352 4129 τὰς
382 4066 550 4130 αὐλὰς
572 4067 666 4121 τοῦ
707 4069 937 4140 Κυρίου.
979 4089 998 4122 ι
1030 4069 1215 4123 Ταῦτα
1247 4071 1342 4124 καί⁸
1363 4071 1413 4122 οἰ
1449 4071 1505 4123 ἐν
1539 4071 1716 4121 Βαϐυ-

128 4154 272 4208 λῶνι
319 4154 600 4225 διάγοντες
638 4158 999 4231 ἐδιδάχθησαν
1054 4160 1258 4229 λέγειν,
1308 4161 1397 4215 ἵνα
1433 4160 1713 4231 ποθήσωσι

128 4246 238 4315 τὴν
281 4248 560 4314 ἐπάνοδον,
611 4251 706 4304 καὶ
736 4252 837 4321 τῆς
883 4252 1027 4306 κατὰ
1079 4253 1242 4324 νόμον
1284 4252 1585 4323 δρεχθῶσιν
1620 4253 1714 4304 λα-

127 4338 352 4408 τρείας.
386 4341 498 4394 Καὶ
535 4340 720 4412 μέντοι
755 4345 853 4403 καὶ
892 4345 1055 4415 ἡμεῖς
1080 4344 1147 4410 ⁸⁸,
1199 4346 1246 4397 οἰ
1294 4344 1399 4413 τῆς
1443 4345 1717 4415 σωτηρίας

131 4432 509 4501 τετυχηκότες
533 4435 603 4499 ⁷⁸,
631 4437 728 4489 καὶ
754 4436 818 4489 ἐκ
846 4436 958 4491 τῶν
1012 4435 1172 4490 θείων
1215 4436 1398 4507 σηκῶν
1438 4437 1538 4507 τὴν
1569 4435 1715 4506 ὠφέ-

129 4523 295 4576 λειαν
339 4525 560 4595 καρπού
589 4543 742 4597 μενοι
779 4529 848 4582 ⁷⁸.
884 4529 1261 4599 Δισφερόντως
1301 4529 1359 4582 δὲ
1413 4530 1544 4600 ἡμῖν
1568 4530 1614 4562 ⁷⁸
1680 4530 1714 4600 ἠ

133 4617 454 4686 προφητεία
485 4621 784 4690 προσήκει.
820 4621 1004 4676 Πολλὰ
1031 4623 1141 4694 γὰρ
1191 4621 1411 4675 ἔσεσθαι
1460 4622 1717 4694 προλέγει

133 4703 508 4774 σκηνώματα,
529 4708 625 4763 καὶ
649 4711 856 4775 πολλὰς
875 4711 1130 4783 ὀνομάζει
1149 4712 1365 4781 ληνοὺς,
1426 4711 1518 4765 καὶ
1541 4712 1723 4766 θυσια-

135 4795 387 4865 στηρίων
423 4797 694 4866 ὡσαύτως
746 4802 1080 4873 μνημονεύει
1114 4803 1347 4858 πολλῶν.
1394 4804 1631 4857 Ἰουδαῖοι
1668 4804 1726 4857 δὲ

108 4882 242 4973 ⁸ενα
290 4881 435 4957 εἰχον
478 4888 640 4960 νεὼν,
696 4893 796 4947 καὶ
858 4893 919 4947 ἒν
977 4894 1182 4966 ὁμοίως
1203 4895 1271 4966 ⁷³-
1318 4893 1725 4965 θυσιαστήριον.

220 5093 246 5122 ι
278 5083 383 5141 Isa.
413 5104 466 5155 ι,
498 5089 589 5146 11.

1814 3248 1960 3302 enim
2008 3261 2117 3301 non
2162 3246 2327 3301 modo
2371 3245 2686 3301 Judteorum
2740 3245 3166 3310 revocationem,
3204 3259 3392 3298 verunt

1810 3340 1975 3396 etiam
2017 3339 2184 3395 totius
2222 3338 2378 3401 orbis
2420 3337 2673 3392 salutem.
2720 3335 3043 3390 Torcularia
3089 3343 3295 3397 autem,
3334 3342 3395 3387 ut
3443 3370 3453 3378 -

1807 3430 1921 3500 jam
1957 3444 2120 3499 supra
2147 3428 2408 3491 diximus,
2437 3426 2697 3482 ecclesias
2728 3426 2986 3495 appellat.
3022 3424 3078 3478 ln
3126 3424 3209 3478 his
3246 3423 3391 3477 enim

1813 3521 2114 3592 spiritualis
2145 3521 2299 3575 vinea
2331 3520 2610 3589 proprium
2641 3518 2743 3572 fert
2784 3517 3049 3583 fructum,
3073 3525 3128 3571 et
3156 3515 3395 3569 salutare

1818 3613 2034 3683 1196
2060 3612 2383 3668 conﬁcimus
2403 3610 2611 3676 vinum,
2634 3611 2778 3678 quod
2809 3608 3056 3663 ﬁdelium
3079 3605 3245 3661 corda
3268 3620 3395 3661 vere

1810 3705 2067 3760 laetiﬁcat.

1885 3876 2053 3932 Vsns.
2091 3879 2146 3940 2,
2202 3875 2258 3928 5.
2318 3891 2336 3925 ι
2393 3873 2580 3942 Quam.
2629 3870 2825 3925 dilecta
2893 3868 3244 3923 tabernacula
3275 3874 3392 3933 tua,

1814 3970 2045 4027 Domine
2089 3970 2374 4021 virtutum.
2424 3964 2816 4033 Coucupiscit,
2877 3970 2931 4017 et
2976 3960 3158 4016 deﬁcit
3212 3959 3395 4013 anima

1814 4077 1935 4118 mea
1975 4060 2247 4116 desiderio
2288 4058 2553 4113 atriorum
2601 4054 2840 4110 Domini.
2881 4071 2900 4105 ι
2952 4051 3079 4107 Haec
3120 4060 3175 4106 et
3210 4052 3270 4116 ii,
3301 4049 3397 4119 qui

1815 4152 2090 4224 Babylone
2124 4149 2410 4220 degebant,
2453 4147 2597 4203 docti
2632 4153 2760 4201 sunt
2804 4145 3008 4209 dicere,
3058 4152 3119 4197 ut
3158 4142 3395 4197 reditum

1816 4250 2157 4315 exoptarent,
2195 4250 2251 4297 et
2280 4241 2486 4297 cultum
2515 4239 2816 4294 secundum
2849 4236 3024 4306 legem
3053 4243 3395 4306 expeterent.

1818 4335 1993 4405 Atque
2017 4334 2179 4389 etiam
2206 4348 2309 4388 nos
2356 4331 2685 4387 instruimur
2720 4329 2911 4384 eadem
2954 4329 3154 4395 dicere,
3187 4328 3279 4396 qui
3307 4340 3399 4381 sa-

1821 4429 1987 4485 lutem
2016 4426 2300 4484 consecuti
2335 4439 2548 4491 sumus,
2591 4433 2645 4479 et
2670 4437 2737 4477 ex
2765 4422 2965 4478 divinis
2997 4420 3262 4474 altaribus
3291 4417 3395 4471 uti-

1822 4522 2029 4577 litatem
2068 4520 2416 4589 percipimus.
2452 4515 2624 4570 Nobis
2661 4528 2794 4569 vero
2833 4511 3105 4582 praecipue
3133 4508 3398 4564 vaticina-

1825 4616 1902 4670 tio
1930 4613 2205 4670 convenit.
2237 4611 2403 4666 Multa
2428 4611 2574 4666 enim
2607 4606 2961 4665 tabernacula
2984 4604 3101 4660 fore
3129 4602 3395 4674 praecinit,

1825 4717 1878 4763 ct
1907 4708 2076 4762 multa
2101 4704 2349 4761 nominat
2379 4701 2699 4765 toreularia,
2727 4708 2783 4754 et
2815 4697 3008 4753 altaria
3031 4696 3199 4751 multa
3242 4693 3399 4748 simi-

1826 4800 1950 4854 liter
1992 4802 2404 4853 commemorat.
2453 4791 2625 4849 Judtei
2678 4798 2861 4846 autem
2909 4802 3075 4843 unum
3128 4784 3400 4839 habebant

1829 4888 2112 4961 templum,
2159 4896 2214 4944 et
2246 4901 2417 4943 unum
2454 4883 2708 4940 similiter
2741 4881 2931 4937 altare.
2976 4878 3199 4950 Singula
3235 4889 3399 4947 porro

1257 5233 1490 5290 VARIAE
1518 5228 1906 5287 LECTIONES
1945 5225 2035 5281 ET
2074 5226 2307 5283 ΝΟΤᾸΞ.

253 5337 304 5417 ff
361 5343 481 5399 cod.
515 5414 527 5417 _
556 5355 785 5417 uterque
855 5344 1230 5417 συνταράξεις.

1358 5347 1404 5378 ⁸⁵
1441 5344 1562 5401 rod.
1602 5344 1638 5397 2
1686 5327 2031 5411 αὐτόματος.

219 5410 406 5484 Att.qu
433 5414 551 5467 20d.
587 5415 621 5467 2
651 5404 837 5484 pra-nt.
866 5419 979 5472 καί.
1029 5404 1329 5472 ’δ’δ”ιέστμ
1373 5417 1536 5470 Abest
1565 5430 1594 5467 a
1624 5428 1706 5484 cor

1820 5404 1836 5462 ζ
1879 5410 1955 5484 ﬂ”
1982 5411 2243 5484 _I_7pv_zar.
2278 5404 2404 5484 cod.
2441 5404 2927 5484 ξπραγματεύων.

141 5476 208 5551 ξ’.
258 5476 463 5549 Ὕᾶἐρ.
527 5484 584 5537 lu
621 5476 767 5540 textu
837 5486 948 5539 τῶν
1009 5491 1066 5540 U'
1115 5503 1276 5551 prato.
1343 5487 1435 5547 Εἰς
1490 5484 1550 5537 τὸ
1602 5482 1774 5545 τέλος.

2118 5338 2164 5371 ⁸⁸
2217 5340 2492 5419 Alexim;
2521 5366 2590 5380 -
2617 5336 2686 5390 δὲ
2738 5335 2868 5419 τῆς.
2898 5329 3284 5419 1)εε.ῼξηηοοι1;

3024 5402 3070 5434 ⁶⁰
3116 5400 3156 5454 Ε
3189 5400 3311 5455 cod.
3344 5398 3399 5452 1.

1876 5478 1922 5511 θ’
1948 5467 2140 5547 νΚόρέ.
2182 5475 2320 5547 cod.
2383 5480 2407 5532 1
2474 5467 2896 5547 θᾴἶϋίίἰιαλμδς,
2926 5482 2982 5547 ut
3014 5473 3067 5526 in
3110 5479 3255 5547 textu
3295 5467 3405 5547 τῶν

139 5543 227 5623 οξ.
266 5551 369 5623 ,εξ
390 5537 525 5620 Ῠήν.
556 5537 938 5612 redieritis."
975 5537 1284 5609 “nam;
1315 5537 1437 5609 eoa:
1464 5554 1501 5608 2
1526 5569 1706 5623 pra'm.

1816 5565 1863 5601 ν.
1939 5546 1983 5577 ⁸⁸
2015 5537 2366 5623 Ιξατίεῖηᾳού.
2460 5546 2628 5623 δηλοῖ.
2677 5537 3037 5623 ’ξ’-ὶιάρπένε
3071 5540 3192 5623 qod.
3218 5541 3239 5593 1
3275 5537 3400 5623 addt

256 5616 379 5694 Θεῷ
414 5614 506 5676 καὶ
539 5625 775 5694 Σωτῆρι.

870 5610 912 5657 ((⁷
942 5630 1089 5681 Σωτ.
1120 5626 1244 5679 cod.
1286 5626 1311 5677 1
1351 5610 1541 5678 θείον.⁸
1590 5623 1634 5654 ⁸⁸
1652 5625 1706 5675 Π⁴

1816 5616 2068 5686 ατηοοιί.
2104 5617 2129 5669 1
2164 5617 2286 5686 add.
2323 5610 2643 5686 ἀνθρώπων.
2720 5616 2763 5686 ἐν
2785 5610 2914 5686 cod.
2936 5614 2978 5686 2
3008 5610 3403 5686 ἡμϊνηοιξιίεεξυ

145 5672 227 5739 οἷς
308 5674 361 5722 7".
386 5694 549 5750 cod.2
581 5672 981 5767 TETJXHKdO’h—
1008 5698 1047 5728 ⁷³
1082 5696 1204 5753 cod.
1239 5695 1273 5748 2
1302 5694 1700 5765 καρπουμένοις

1821 5690 1839 5719 ²
1869 5685 1940 5740 Δὲ
1972 5686 2135 5756 ἡμῖν.
2166 5685 2287 5743 Des.
2313 5687 2367 5743 in
2402 5672 2523 5742 (εόιί.
2564 5684 2618 5740 2.
2695 5685 2742 5718 ⁷³
2782 5672 3062 5753 ’Θμοίωςῗ
3083 5672 3201 5735 ουδ’
3231 5677 3267 5729 2
3301 5672 3399 5746 1“"

147 5778 266 5817 νον.
