3900 6324
438 364 576 431 1543

1433 343 1914 408 TﬂEODORET-l
1953 336 2288 398 EPISCOP]
2324 331 2692 392 CYRENSIS

3566 319 3706 384 1544

435 472 784 547 plicationem
811 508 825 531 ,
877 473 930 519 et
969 478 1034 516 ex
1080 459 1170 514 illa
1221 457 1286 511 ad
1331 455 1638 510 divinorum
1674 448 2060 509 oraculorum1

2151 441 2371 494 κετείαν
2401 455 2414 470 ·
2479 438 2540 502 ἐξ
2587 438 2806 508 ἐκείνης
2854 436 2946 488 ἐπὶ
2991 434 3090 505 τὴν
3138 431 3248 484 τῶν
3297 431 3458 484 θείων
3503 431 3705 497 λογίων

2205 534 2216 547 ι
2463 546 2466 547 ,
2513 533 2524 547 ι
2637 529 2760 547 -Λνη
2820 529 2832 547 9
2890 528 2904 547 \
2950 529 3054 547 -Ρη
3097 522 3531 547 ›-..-·ι.---ι-....η
3558 539 3670 547 -..ρ

437 539 751 622 lectionem,
783 555 910 609 hinc
941 551 1005 606 ad
1041 548 1254 618 1200
1282 545 1509 600 consilia
1538 553 1591 596 et
1619 539 2018 596 admonitiones

438 651 907 724 impcrfectiorum
946 642 1254 700 hominum.
1286 646 1338 692 et
1370 654 1398 691 a
1431 637 1630 690 virtute
1669 631 1722 686 in
1759 632 2016 686 virtutem

438 751 826 800 transeuntes,
882 735 1127 805 quotidie
1200 731 1449 799 proprias
1515 727 1735 782 divitias
1796 729 2018 792 augent.

443 855 463 888 ι
493 832 876 900 Conspicietur
902 827 1048 881 Deus
1072 825 1300 878 deorum
1328 821 1382 872 in
1409 818 1595 872 Sione.
1636 836 1654 869 ι
1687 814 1839 868 lianc
1872 825 2018 875 vero,

441 923 1004 999 inquit,mutationem
1032 931 1217 970 rerum
1245 912 1425 968 cﬂ'ecit
1449 911 1594 964 Deus
1615 908 1876 972 Verbum,
1896 919 2022 959 cum

441 1023 606 1076 homo
634 1016 812 1070 factus
838 1020 1006 1074 esset,
1042 1005 1464 1072 hominibusque
1495 1016 1592 1070 per
1615 1012 1836 1053 carnem
1861 1009 2025 1063 appa-

440 1111 680 1172 ruisset,
733 1119 858 1160 cum
906 1101 1081 1172 primo
1141 1098 1196 1151 in
1248 1095 1414 1149 Sione
1469 1107 1528 1148 se
1578 1080 2022 1158 conspiciendum

442 1200 788 1273 praebuisset.

521 1396 684 1451 Vens.
741 1394 812 1457 9,
861 1391 950 1446 1.0.
1003 1407 1021 1439 ι
1062 1385 1290 1440 Domine
1341 1383 1487 1438 Deus
1521 1374 2027 1443 virtutum,exaudi

447 1489 754 1546 orationem
808 1497 1028 1549 meam,
1083 1479 1309 1532 auribus
1355 1474 1592 1544 percipe,
1626 1470 1770 1524 Deus
1816 1466 2025 1522 Jacobi.

448 1580 733 1636 Protector
767 1585 974 1638 noster,
1025 1569 1229 1638 aspice,
1283 1582 1316 1620 0
1347 1565 1512 1629 Deus,
1545 1572 1598 1617 et
1626 1563 1834 1631 respice
1866 1561 1918 1612 in
1951 1558 2029 1611 fa-

449 1673 588 1729 ciem
634 1667 839 1724 Christi
907 1665 1005 1718 tui.
1042 1683 1060 1715 ι
1098 1662 1224 1715 Haec
1277 1658 1538 1729 propheta
1581 1657 1936 1725 deprecatur,
2001 1665 2031 1703 e

451 1767 748 1836 longinquo
776 1760 1057 1814 hominum
1095 1755 1327 1809 salutem
1379 1751 1713 1822 prospiciens
1737 1791 1750 1815 ,
1788 1757 1841 1801 et
1875 1747 2031 1801 obse-

2120 534 2431 600 ἀνάγνωσιν
2457 546 2470 559 ο
2509 529 2762 583 ἐντεῦθεν
2817 528 2912 580 ἐπὶ
2946 529 3055 579 τῶν
3081 522 3469 593 ’ἀτελεστέρων
3485 522 3531 552 ³³
3558 539 3706 592 παρ-

2123 622 2330 676 αίνεσίν
2402 639 2464 673 τε
2496 620 2593 674 καὶ
2623 617 2954 690 συμϐουλὴν,
3009 615 3105 670 καὶ
3139 614 3247 668 ἀπὸ
3287 613 3578 683 δυνάμεως
3627 614 3711 674 εἰς

2126 716 2360 784 δύναμιν
2421 713 2848 784 μεταϐαίνοντες
2886 711 3009 765 καθ’
3059 710 3302 778 ἑκάστην
3348 707 3564 778 ἡμέραν
3617 704 3710 758 τὸν

2126 809 2329 860 οἰκεῖον
2351 803 2577 869 αὔξουσι
2609 803 2862 857 πλοῦτον.
2906 821 2924 853 ι
2976 801 3312 870 Ὀφθήσεται
3346 797 3374 848 ὁ
3421 796 3558 858 Θεὸς
3600 795 3712 848 τῶν

2126 899 2263 953 θεῶν
2289 900 2343 950 ἐν
2388 894 2549 948 Σιών.
2595 914 2614 946 ›
2657 893 2873 962 Ταύτην
2902 893 2983 955 δὲ,
3019 891 3176 960 φησι,
3201 889 3310 941 τῶν
3359 887 3712 959 πραγμάτων

2126 991 2428 1062 εἰργάσατο
2457 991 2556 1058 τὴν
2609 985 2918 1058 μεταϐολὴν
2947 982 3385 1052 ἐνανθρωπήσας
3417 981 3462 1011 ³⁵
3516 981 3545 1030 ὁ
3576 978 3713 1040 Θεὸς

2126 1083 2323 1150 Λόγος,
2355 1081 2448 1132 καὶ
2488 1079 2576 1132 διὰ
2631 1076 2836 1147 σαρκὸς
2886 1077 2997 1136 τοῖς
3036 1071 3345 1142 ἀνθρώποις
3397 1069 3710 1138 ἐπιφανεὶς,

2127 1171 2224 1225 καὶ
2252 1169 2470 1240 πρῶτον
2521 1169 2582 1220 ὲν
2629 1169 2696 1236 τῇ
2749 1163 2889 1218 Σιὼν
2930 1165 3029 1234 τὴν
3077 1164 3284 1216 οἰκείαν
3336 1161 3713 1232 ποιησάμενος

2129 1262 2482 1330 ἐπιφάνειαν.

2201 1375 2269 1446 θ’,
2303 1371 2354 1427 ι’.
2392 1391 2410 1424 ι
2453 1371 2629 1442 Κύριε
2663 1373 2690 1424 ὁ
2723 1370 2858 1432 Θεὸς
2896 1367 3005 1420 τῶν
3049 1367 3355 1435 δυνάμεων,
3386 1362 3714 1415 εἰσάκουσον

2131 1471 2230 1539 τῆς
2288 1465 2604 1537 προσευχῆς
2667 1477 2805 1534 μου·
2883 1459 3164 1520 ἐνὼτισαι,
3205 1466 3232 1518 ὁ
3294 1456 3427 1518 Θεὸς
3492 1452 3714 1508 Ἰακώϐ.

2147 1557 2560 1629 ’Υπερασπιστὰ
2589 1553 2908 1625 ήμῶν,ἶδε,ὁ
2937 1552 3091 1615 Θεὸς,
3125 1551 3214 1602 καὶ
3243 1546 3536 1616 ἐπίϐλεψον
3566 1549 3645 1608 εἰς
3671 1545 3717 1576 ³⁸

2135 1655 2196 1707 τὸ
2219 1652 2517 1720 πρόσωπον
2556 1647 2651 1701 τοῦ
2683 1645 2924 1716 Χριστοῦ
2965 1661 3082 1696 σου.
3141 1662 3158 1694 ι
3200 1642 3388 1695 Ταῦτα
3429 1643 3457 1694 ὁ
3500 1638 3722 1708 προφή-

2137 1761 2236 1814 της
2267 1741 2587 1810 ἐπεύχεται,
2636 1737 2926 1809 πόρρωθεν
2962 1733 3074 1788 τῶν
3105 1731 3410 1803 ἀνθρώπων
3459 1731 3556 1800 τὴν
3613 1746 3722 1782 σω-

446 1874 615 1915 crans
651 1857 1033 1911 universorum
1080 1850 1248 1905 Deum
1277 1887 1292 1912 ,
1335 1856 1391 1901 ut
1424 1859 1614 1916 preces
1647 1842 1929 1906 admittat,
1979 1847 2033 1893 et

2143 1837 2336 1906 τηρίαν
2371 1832 2518 1896 ἰδὼν,
2551 1831 2643 1884 καὶ
2672 1827 2972 1885 ἀντιϐολῶν
2995 1827 3086 1879 τὸν
3114 1826 3222 1877 τῶν
3257 1823 3395 1877 ὅλων
3423 1822 3579 1888 Θεὸν,
3619 1821 3722 1892 τὴν

454 1966 671 2020 semper
703 1964 800 2003 sua
831 1963 965 2002 cura
1014 1945 1276 2014 populum
1318 1941 1570 2009 dignetur
1597 1979 1612 2002 ,
1660 1935 1755 2004 qui
1799 1934 2032 1988 salutem

455 2043 684 2111 adeptus
728 2049 829 2093 est.
862 2037 1018 2090 Hunc
1048 2035 1246 2104 quippe
1277 2030 1478 2084 Christi
1515 2029 1705 2098 faciem
1749 2040 2033 2093 nuncupa-

456 2132 554 2185 vit.
588 2130 680 2185 Sic
707 2129 853 2182 enim
889 2128 1038 2179 illum
1068 2133 1123 2178 et
1169 2123 1386 2177 divinus
1417 2118 1709 2188 Apostolus
1745 2121 1762 2137 ‘
1797 2115 2035 2185 appella-

457 2234 536 2280 vit
567 2242 580 2277 :
629 2243 647 2275 ‹
678 2221 790 2276 Vos
818 2222 963 2274 enim
1003 2219 1138 2273 estis
1165 2232 1363 2285 corpus
1404 2213 1647 2278 Christi,
1690 2219 1743 2265 et
1791 2209 2032 2263 membra

452 2320 525 2373 de
579 2315 820 2370 membro
854 2315 900 2368 Β.
934 2331 952 2362 ι
981 2309 1064 2373 ,Ει
1109 2324 1303 2364 rursus
1338 2325 1351 2362 :
1399 2326 1416 2358 ‹
1448 2305 1563 2359 Non
1615 2310 1792 2373 potest
1843 2302 2036 2355 oculus

455 2410 637 2466 dicere
665 2404 886 2467 manui,
930 2400 1107 2470 Opera
1141 2411 1231 2454 tua
1286 2413 1395 2452 non
1454 2395 1713 2463 indigeo:
1780 2401 1876 2448 aut
1930 2393 2036 2445 ite-

453 2512 580 2551 rum
655 2500 819 2564 caput
874 2489 1103 2560 pedibus
1141 2530 1155 2554 ,
1221 2484 1338 2540 Non
1397 2483 1533 2538 estis
1585 2481 1719 2536 mihi
1786 2493 2040 2535 necessa-

458 2584 523 2637 I‘ii
555 2586 606 2633 h.
639 2599 659 2632 ι

529 2717 699 2772 Vens.
731 2717 818 2770 il.
869 2732 887 2764 ι
914 2715 1186 2782 Quoniam
1228 2708 1420 2763 melior
1462 2716 1544 2761 est
1584 2705 1702 2760 dies
1745 2704 1938 2758 unicus
1983 2702 2038 2754 in

459 2811 617 2865 atriis
645 2808 772 2873 tuis,
805 2818 970 2874 super
998 2801 1186 2856 millia.
1216 2819 1232 2850 ι
1258 2797 1391 2852 Nam
1417 2797 1650 2867 populus
1675 2805 1927 2862 tuus,ope
1951 2800 2040 2845 tua

463 2916 678 2968 semper
700 2898 908 2961 fruens,
934 2893 1136 2961 templo
1164 2900 1256 2947 tuo
1277 2891 1504 2951 assidet,
1537 2887 1831 2941 utilitatem
1865 2883 2041 2936 maxi-

463 3006 609 3045 mam
646 2990 777 3043 hinc
807 2994 1112 3056 reportans.
1154 2981 1288 3049 Qua:
1319 2980 1463 3037 enim
1505 2980 1629 3048 quis
1662 2994 1770 3032 uno
1799 2978 1888 3030 die
1917 2975 2041 3029 hinc

465 3082 759 3149 decerpere
804 3085 1022 3149 potest,
1065 3074 1284 3130 aliunde
1327 3087 1434 3125 non
1474 3079 1619 3126 esset
1671 3069 2037 3131 col‘lecturus,

466 3173 593 3227 licet
636 3171 807 3224 multa
851 3168 1022 3222 millia
1050 3167 1260 3220 dierum
1308 3168 1633 3218 contereret.
1676 3160 1884 3228 1201
1917 3156 2041 3210 llaec

2141 1926 2382 1980 ἱκετείαν
2410 1922 2730 1990 δεξάμενον,
2764 1921 2853 1973 ἀεὶ
2888 1919 2988 1988 τῆς
3018 1917 3224 1979 οἰκείας
3252 1913 3584 1984 κηδεμονίας
3630 1915 3725 1965 τὸν

2141 2017 2488 2088 σεσωσμένον
2522 2013 2756 2078 ἀξιῶσαι
2793 2011 2944 2064 λαόν.
2978 2009 3182 2062 Τοῦτον
3213 2008 3322 2077 γὰρ
3353 2005 3654 2059 ἐπεκάλεσε
3677 2002 3724 2034 ³⁸

2140 2114 2471 2182 πρόσωπον
2494 2107 2600 2161 τοῦ
2624 2105 2886 2174 Χριστοῦ
2911 2105 2953 2135 ³⁷
2988 2117 3004 2133 ⁸
3044 2102 3187 2156 οὕτω
3217 2101 3327 2170 γὰρ
3354 2100 3517 2151 αὑτὸν
3554 2097 3653 2149 καὶ
3697 2097 3726 2148 ὁ

2139 2207 2279 2268 θεῖος
2303 2200 2627 2262 Ἀπόστολος
2647 2197 3115 2268 προσηγόρευσεν.
3147 2217 3166 2245 ι
3190 2195 3378 2263 Ὑμεῖς
3403 2190 3570 2261 γὰρ³⁸
3597 2189 3726 2241 ἐστὲ

2141 2299 2302 2367 σῶμα
2341 2292 2605 2366 Χριστοῦ,
2636 2293 2730 2345 καὶ
2765 2290 2903 2361 μέλη
2931 2293 2994 2341 ἐκ
3033 2288 3225 2360 μέλους
3248 2287 3312 2340 ³³.
3355 2305 3373 2337 ι
3402 2285 3511 2336 Καὶ
3532 2281 3724 2347 πάλιν,

2147 2410 2165 2443 ι
2202 2391 2276 2443 Οὐ
2304 2388 2530 2442 δύναται
2555 2384 2836 2454 ὀφθαλμὸς
2881 2383 3055 2434 εἰπεῖν
3089 2382 3155 2450 τῇ
3189 2379 3354 2448 χειρὶ,
3386 2374 3593 2446 Χρείαν
3624 2388 3724 2424 σου

2142 2482 2244 2534 οὐκ
2282 2480 2415 2549 ἔχω’
2440 2478 2474 2548 ἢ
2510 2476 2674 2529 πάλιν
2707 2478 2740 2545 ἡ
2770 2471 2983 2544 κεφαλὴ
3007 2473 3121 2533 τοῖς
3153 2468 3303 2533 ποσὶ,
3337 2466 3542 2536 Χρείαν
3564 2461 3727 2534 ἡμῶν

2141 2571 2239 2623 οὐκ
2269 2569 2397 2639 ἔχω.
2443 2585 2461 2618 ι

2191 2699 2302 2755 ῖια’.
2335 2717 2354 2751 ι
2388 2699 2509 2752 Ὅτι
2540 2697 2813 2768 κρείσσων
2843 2695 2877 2765 ἡ
2902 2693 2947 2726 ’⁸ο
2979 2691 3164 2763 ἡμέρα
3217 2689 3314 2760 μία
3368 2689 3426 2740 ἐν
3458 2687 3581 2748 ταῖς
3619 2684 3726 2737 αὖα

2140 2793 2260 2856 λαῖς
2292 2809 2413 2857 σου,
2437 2791 2579 2860 ὑπὲρ
2610 2787 2880 2859 χιλιάδας.
2921 2804 2940 2836 ι
2975 2785 3087 2854 Τῆς
3118 2785 3217 2853 σῆς
3249 2782 3358 2851 γὰρ
3388 2775 3727 2848 κηδεμονίας

2142 2887 2169 2940 ὁ
2197 2886 2287 2949 σὸς
2315 2884 2446 2947 λαὸς
2488 2883 2784 2936 ἀπολαύων
2817 2879 2906 2932 ἀεὶ
2933 2875 3011 2948 τῷ
3042 2875 3118 2946 σῷ
3176 2871 3530 2944 προσεδρεύει
3564 2869 3683 2940 ναῷ
3710 2886 3727 2903 ο

2145 2977 2350 3048 πολλὴν
2390 2974 2643 3030 ἐντεῦθεν
2692 2973 2792 3042 τὴν
2854 2969 3124 3038 ὠφέλειαν
3182 2963 3590 3036 καρπούμενος.
3659 2961 3728 3014 Ἃ

2147 3073 2258 3141 γὰρ
2294 3072 2351 3122 ὲν
2401 3070 2499 3138 μιᾷ
2521 3084 2606 3130 τις
2633 3067 2676 3098 δι
2709 3063 2898 3134 ἡμέρᾳ
2948 3060 3209 3132 δρέψαιτο
3241 3056 3514 3120 ἐντεῦθεν,
3550 3056 3655 3108 οὐκ
3684 3055 3731 3086 δ’

2148 3163 2214 3215 ἂν
2262 3159 2532 3232 ἑτέρωθεν
2568 3159 2872 3228 συναγάγοι
2925 3153 3130 3216 πολλὰς
3179 3150 3468 3211 ἀναλώσας
3501 3148 3732 3220 ἡμερῶν

466 3271 632 3327 porro
677 3256 860 3309 dicere
895 3253 1253 3308 conveniebat
1285 3252 1448 3306 etiam
1479 3264 1608 3316 eos,
1647 3249 1739 3316 qui
1772 3246 2045 3316 Babylone

2147 3249 2412 3320 χιλιάδας.
2491 3248 2679 3301 Ταῦτα
2747 3248 2932 3318 μέντοι
3001 3246 3097 3298 καὶ
3162 3246 3277 3306 τοῖς
3332 3245 3388 3294 ὲν
3441 3239 3735 3294 Βαϐυλῶνι

469 3346 669 3417 captivi
706 3346 1127 3410 detinebantur,
1176 3343 1272 3413 qui
1323 3357 1448 3398 cum
1500 3340 1682 3408 impiis
1730 3337 2044 3392 hominibus

467 3440 651 3494 vivere
697 3437 1072 3507 cogebantur,
1121 3443 1176 3488 et
1231 3433 1367 3487 nihil
1398 3430 1748 3487 emolumenti
1793 3430 1917 3483 inde
1961 3444 2046 3483 re-

469 3528 785 3600 portabant,
819 3526 913 3580 sed
947 3523 1129 3578 animo
1184 3524 1536 3577 revolvebam
1565 3521 1848 3591 pristinam
1897 3521 2045 3574 utili-

470 3630 660 3686 tatem,
685 3633 848 3687 quam
877 3632 940 3672 ex
960 3616 1153 3670 divino
1173 3614 1376 3682 templo
1401 3615 1679 3683 percipere
1701 3611 1844 3666 soliti
1869 3619 2044 3665 erant.

477 3731 495 3763 ι
527 3710 675 3779 Elegi
705 3708 886 3778 porius
912 3707 1160 3775 abjectus
1189 3720 1310 3760 esse
1332 3705 1387 3757 in
1417 3705 1580 3757 domo
1609 3703 1698 3756 Dei
1729 3703 1859 3767 mei,
1880 3717 2044 3772 quam

472 3799 719 3852 habitare
762 3798 815 3849 in
851 3796 1216 3850 tabernaculis
1259 3805 1627 3864 peccatorum.
1663 3812 1681 3843 ι
1735 3792 1826 3848 Sic
1864 3802 2046 3848 autem

473 3891 655 3945 divina
685 3890 881 3943 domus
911 3888 1044 3941 mihi
1081 3887 1334 3941 amabilis
1360 3895 1478 3952 est,
1510 3895 1571 3940 ut
1594 3887 1848 3954 elegerim
1880 3901 2047 3955 prope

473 3983 617 4036 hanc
651 3981 704 4033 in
741 3980 858 4035 solo
896 3980 1172 4048 projectus
1201 3994 1320 4034 esse
1346 4017 1360 4043 ,
1414 3988 1467 4032 et
1499 3987 1624 4032 ante
1660 3979 1822 4047 hujus
1849 3979 2048 4046 januas

471 4071 729 4135 volutari,
755 4086 915 4139 quam
941 4071 994 4123 in
1019 4071 1237 4124 eximiis
1261 4070 1674 4138 illustribusque
1697 4077 2046 4138 peccatorum

473 4163 730 4216 domibus
753 4163 1108 4216 commorari.
1145 4162 1345 4216 Eodem
1380 4161 1543 4215 modo
1567 4162 1680 4214 haec
1706 4169 1817 4213 tum
1843 4161 1929 4225 iis,
1954 4161 2046 4228 qui

474 4247 750 4319 Babylone
801 4249 998 4318 captivi
1047 4260 1177 4304 tunc
1217 4258 1410 4314 erant,
1453 4250 1811 4304 conducibilia
1854 4261 2045 4313 erant,

475 4349 590 4393 tum
621 4341 779 4395 nobis
804 4351 931 4396 sunt
961 4340 1388 4394 accommodata.
1421 4339 1631 4392 Etenim
1665 4341 1786 4394 illos
1813 4337 2048 4408 Spiritus

477 4433 651 4486 sancti
681 4433 854 4503 gratia
884 4432 1136 4494 docebat,
1169 4445 1238 4484 ne
1259 4430 1455 4483 divinae
1477 4431 1672 4486 domus
1699 4431 2046 4485 solitudinem

475 4519 818 4589 despicerent
854 4535 864 4569 :
903 4528 956 4573 ct
987 4533 1089 4572 nos
1131 4517 1456 4570 instruimur
1479 4517 1674 4572 domus
1715 4519 1823 4571 Deo
1857 4531 2048 4572 conse-

2145 3340 2508 3410 δορυαλώτοις
2547 3339 2732 3406 λέγειν
2762 3340 3059 3409 ἥρμοττεν,
3115 3335 3341 3390 ἀσεϐέσι
3387 3334 3486 3404 μὲν
3519 3331 3735 3401 ἀνθρώ.

2148 3451 2272 3498 ποις
2311 3431 2701 3503 συμϐιοτεύειν
2736 3429 3204 3500 ἠναγκασμένοις,
3249 3427 3439 3497 κέρδος
3484 3425 3540 3478 δὲ
3580 3426 3734 3477 ἐκεῖ·

2149 3523 2242 3577 θεν
2265 3523 2310 3555 ”
2341 3521 2726 3593 ποριζομένοις
2761 3520 2934 3584 οὐδὲν,
2967 3516 3346 3586 λογιζομένοις
3384 3516 3440 3568 δὲ
3472 3514 3573 3584 τὴν
3621 3512 3734 3566 ἀπὺ

2146 3614 2242 3667 τοῦ
2274 3614 2421 3666 θείου
2453 3611 2560 3666 νεὼ
2597 3610 2835 3666 παλαιὰν
2881 3609 3151 3679 ὠφέλειαν
3183 3607 3248 3661 δ”.
3291 3625 3310 3658 ι
3363 3604 3734 3673 Ἐξελεξάμην

2147 3701 2656 3775 παραρριπτεῖσθαι
2687 3702 2730 3733 ⁸³
2776 3702 2834 3753 ὲν
2891 3699 2968 3768 τῷ
3032 3700 3167 3767 οἴκῳ
3213 3697 3308 3750 τοῦ
3359 3693 3496 3747 Θεοῦ
3551 3711 3657 3764 μου
3685 3694 3735 3773 ξο

2152 3793 2376 3863 μᾶλλον,
2410 3793 2443 3862 ἦ
2477 3794 2647 3844 οἰκεῖν
2674 3808 2740 3860 με
2769 3793 2826 3842 ὲν
2852 3789 2894 3821 ’⁸⁷
2924 3787 3282 3858 σκηνώμασιν
3307 3763 3727 3856 ἁμαρτωλῶν..)

2149 3883 2306 3937 Οὕτω
2332 3883 2388 3935 δέ
2419 3900 2512 3952 μοι
2539 3883 2566 3933 ὁ
2603 3881 2746 3943 θεῖος
2776 3879 3098 3951 ἀξιέραστος
3129 3875 3297 3939 οἰκος,
3329 3877 3404 3938 ὡς
3451 3873 3735 3944 αίρεῖσθαι

2149 3974 2304 4045 παρὰ
2330 3973 2517 4026 τοῦτον
2538 3972 2583 4005 ⁸⁸
2622 3972 2710 4025 ἐπ’
2740 3971 2971 4039 ἐδάφους
3000 3967 3285 4041 ἐῤῥίιρθαι,
3321 3965 3416 4017 καὶ
3465 3965 3575 4034 πρὸ
3622 3965 3736 4018 τῶν

2147 4068 2343 4120 τούτου
2381 4067 2752 4121 καλινδεῖσθαι
2808 4065 2987 4136 θυρῶν
3007 4065 3073 4128 "9,
3117 4064 3150 4133 ἢ
3201 4065 3259 4116 ὲν
3283 4063 3402 4124 ταῖς
3457 4059 3737 4130 μεγάλαις

2149 4160 2248 4212 καὶ
2297 4159 2581 4230 λαμπραῖς
2633 4157 2747 4211 τῶν
2805 4155 3127 4229 παρανομίᾳ
3183 4153 3473 4218 σοζώντων
3527 4150 3738 4214 οἰκίαις

2149 4247 2486 4302 διαιτᾶσθαι.
2529 4246 2804 4310 Ὡσαύτως
2837 4244 3130 4299 καὶταῦτα
3169 4244 3264 4296 καὶ
3302 4245 3415 4305 τοῖς
3451 4243 3508 4294 ὲν
3551 4240 3736 4293 Βαϐυ-

2150 4339 2284 4392 λῶνι
2327 4339 2634 4408 πρόσφορα,
2669 4338 2765 4391 καὶ
2803 4339 2936 4408 ἡμῖν
2963 4335 3270 4404 ἐπιτήδεια.
3305 4333 3414 4384 Καὶ⁵
3442 4334 3554 4402 γὰρ
3581 4330 3732 4384 ὲκεί-

2150 4443 2278 4488 νους
2305 4426 2588 4480 ἐδίδασκεν
2627 4428 2660 4496 ἡ
2697 4427 2859 4498 χάρις
2897 4423 2992 4478 τοῦ
3028 4422 3364 4493 Πνεύματος,
3424 4419 3498 4490 μὴ
3549 4437 3732 4486 παρα-

2151 4515 2375 4570 ϐλέπειν
2410 4516 2506 4570 τοῦ
2566 4516 2712 4568 θείου
2760 4515 2910 4569 οἴκου
2962 4513 3062 4584 τὴν
3112 4512 3372 4583 ἐρημίαν,
3408 4512 3507 4564 καὶ
3567 4510 3734 4578 ἡμεῖς

473 4620 657 4666 cratas
711 4626 926 4680 semper
979 4607 1413 4678 concupiscere,
1474 4605 1628 4678 [cum
1697 4608 2044 4676 potissimum

2155 4607 2530 4679 παιδευόμεθα
2581 4608 2676 4661 καὶ
2722 4608 2865 4679 κτους
2914 4605 2994 4676 τῷ
3058 4603 3177 4675 Θεῷ
3199 4603 3246 4635 ⁵ο
3311 4600 3734 4672 ἁφιερωμένους

550 4809 578 4848 ⁸
607 4807 628 4862 l
657 4806 780 4862 Cor.
814 4821 910 4872 xu,
939 4804 1029 4858 27.
1105 4804 1132 4843 ιι
1167 4803 1294 4857 ibid.
1328 4801 1416 4856 2|.

1568 4979 1802 5034 VARIzE
1844 4981 2233 5041 LECTIONES
2269 4982 2355 5039 ET
2389 4982 2621 5039 ΝΟΤίΕ.

589 5179 632 5211 ⁸³
662 5176 784 5231 cod.
829 5175 886 5245 27
930 5173 1343 5245 ἐντελεστέρων.

1456 5175 1497 5206 ³⁸
1543 5175 2052 5240 Ἐνανθρωπίσας.
2109 5175 2232 5228 cod.
2298 5174 2323 5227 1
2394 5173 2525 5229 add.
2582 5175 2645 5226 ἐκ
2716 5172 3019 5244 Παρθένου.

3135 5173 3177 5205 ³³
3203 5173 3326 5237 Εἰς.
3375 5173 3510 5226 llec.
3567 5174 3734 5229 lectio

478 5247 630 5328 ιιηι.
687 5253 770 5298 est
798 5244 910 5328 ἐπί.
951 5245 1032 5328 ‘3‘.
1051 5245 1172 5328 cpil.
1213 5241 1237 5296 l
1295 5243 1538 5328 éZ-‘iéEC'E.
1613 5247 1655 5328 f7
1727 5245 2006 5328 XpI'O'l’OD.
2045 5245 2184 5328 ‘cod.
2233 5244 2443 5328 i~addz
2484 5244 2581 5295 Ὃν
2618 5244 2701 5328 ’σὺ
2730 5282 2744 5304 ,
2801 5241 2976 5312 φησί,
3039 5242 3128 5296 διὰ
3182 5246 3282 5310 τῆς
3344 5242 3440 5295 τοῦ
3497 5242 3734 5314 λουτροῦ

481 5314 906 5384 παλιγγενεσίας
941 5315 1272 5378 ἀνέπλασας,
1302 5315 1381 5384 τῷ
1405 5313 1531 5384 θείῳ
1559 5315 1714 5384 μύρῳ
1746 5311 1941 5384 χρίσας
1972 5315 2068 5366 καὶ
2099 5313 2310 5382 σεαυτῷ
2353 5312 2580 5384 ὲνὼσας,
2618 5311 3144 5384 Χριστὸνέκὰλεσας
3191 5311 3278 5364 διὰ
3315 5312 3407 5364 τοῦ
3441 5311 3736 5368 καλεῖσθαι

481 5383 813 5457 χριστιανόν.
849 5384 1012 5457 Quem
1045 5393 1121 5447 tu,
1157 5370 1470 5457 inquil,fper
1499 5370 2213 5457 iacuerunt"regenerationis
2247 5370 2400 5457 qjuqsi
2443 5370 2611 5457 denuo
2645 5370 2910 5448 formasti,
2937 5370 3140 5435 sancto'
3164 5381 3274 5434 oleo
3315 5383 3541 5446 unxisti,
3577 5393 3628 5438 et
3659 5394 3736 5437 te-

483 5451 603 5506 eum
626 5453 833 5506 unitum
871 5453 1139 5508 Christum
1165 5451 1388 5522 vocasti,
1414 5464 1689 5524 propterea
1717 5454 1854 5520 quod
1883 5451 2456 5524 Christianusdicitur.
2509 5451 2756 5524 _33_de.
2792 5453 2958 5506 Abest
2982 5469 3011 5506 a
3035 5452 3153 5505 cod.
3179 5453 3232 5506 ‘2.

483 5537 632 5592 ρους,
661 5537 782 5592 quae
808 5533 890 5579 est
919 5540 1026 5580 rec.
1059 5527 1216 5579 lectio
1248 5525 1285 5578 1.
1323 5541 1373 5580 c.
1415 5521 1492 5555 ’⁸ο
1513 5521 1618 5577 ‘H.
1652 5523 1816 5592 Abest
1848 5539 1876 5576 a
1909 5523 2030 5576 cod.

2196 5523 2238 5554 “
2275 5523 2388 5583 Τίς.
2424 5521 2546 5592 cod.
2578 5522 2612 5574 2
2644 5537 2835 5592 praem.
2878 5521 2963 5575 ἄν.

483 5591 693 5647 ταῦτα(
779 5595 825 5628 ’⁵³
854 5597 980 5650 cod.
1021 5593 1056 5646 2
1089 5594 1357 5649 ἐντεῦθεν.

3335 5453 3379 5484 ³ο
3399 5454 3537 5525 pou.
3570 5455 3596 5507 ι
3641 5454 3738 5525 μέ-

3059 5522 3103 5552 ¹⁵²
3141 5525 3283 5575 Οὐκ.
3314 5522 3438 5575 cod.
3470 5524 3494 5576 1
3539 5522 3732 5592 praem.

1457 5593 1503 5625 “
1543 5591 1870 5662 ‘ngélstar.
1900 5593 2022 5646 cod.

2143 5592 2252 5645 idd.
2279 5592 2440 5645 τοῦτο
2490 5591 2599 5661 γὰρ
2635 5591 2720 5644 διὰ
2758 5593 2868 5644 τῶν
2933 5593 3059 5662 ἑξῆς
3105 5593 3439 5663 σαφέστερον
3503 5593 3732 5662 ἔφησεν.

481 5661 528 5749 ’ξς
565 5665 816 5749 Παραρῤ.
851 5670 1015 5749 ilebr.
1041 5676 1429 5749 {tamquam
1455 5661 1741 5749 adt-interi:
1807 5670 1852 5698 ’⁸
1883 5673 2060 5749 {1102).-

2145 5679 2226 5749 cs‘t
2266 5685 2318 5749 aa
2339 5671 2460 5749 cod.
2481 5673 2672 5749 vane.
2746 5676 2805 5749 ιτ,
2824 5677 2944 5733 Ἐν.
2983 5661 3111 5736 nec.
3149 5679 3308 5735 lectio
3331 5661 3387 5734 ιι.
3416 5680 3455 5736 ι.
3490 5691 3580 5740 est
3603 5661 3719 5736 επς.

483 5731 528 5763 ⁸⁸
559 5731 679 5791 cod.
717 5731 964 5804 avom.
1045 5735 1089 5768 δ’
1120 5735 1341 5802 Θεέ-ὡν.
1378 5739 1500 5792 cod,
1539 5740 1571 5790 2
1605 5737 1800 5795 ποδῶν.

1882 5739 1924 5771 σο
1962 5737 2082 5802 Θεῷ
2111 5737 2235 5793 cod.
2287 5739 2322 5794 ε
2366 5741 2574 5814 ἀγαθῷ,
