3900 6324
370 297 504 366 1559

1362 308 1850 370 ῙἮΕΟΒΟΒΕΤΙ
1879 309 2219 374 EPISCOPI
2267 315 2633 381 CYRENSIS

3496 324 3637 392 1560

361 394 617 481 ducatur,
659 422 714 470 et
750 414 804 471 in
867 417 1116 475 veritatis
1160 434 1245 474 via
1296 421 1398 476 iter
1442 420 1624 478 faciat.
1661 421 1774 495 [Et
1820 422 1941 479 vide

2051 425 2195 480 τεύει
2225 431 2320 484 καὶ
2344 431 2508 495 αῠτὺς
2534 433 2736 504 ταύτης
2762 433 3072 490 ἀπολαῦσαι
3095 437 3193 508 τῆς
3224 438 3512 510 ποδηγίας,
3543 446 3637 498 καὶ

360 503 494 576 quid
525 505 672 562 dicat
713 508 768 560 in
812 509 1218 582 sequentibus]
1253 529 1274 562 σ
1313 510 1552 568 Laetetur
1586 529 1682 569 eor
1733 529 1940 580 meum,

363 604 424 650 ut
456 595 645 650 timeat
691 611 891 652 nomen
925 607 1102 656 tuum.
1145 619 1164 652 ι
1209 601 1312 668 Qui
1361 617 1488 674 erga
1521 604 1740 678 121EI
1770 604 1942 661 Deum

360 686 726 745 reverentiam
759 688 944 756 habet,
978 691 1283 748 secundum
1321 693 1493 764 legem
1531 696 1746 750 vivendi
1775 697 1946 752 ratio-

360 793 488 836 nem
517 778 865 848 amplectitur
900 799 915 836 :
955 791 1126 838 mater
1157 799 1290 839 vero
1320 785 1521 843 laetitiae
1551 787 1806 844 talis‘vita
1839 796 1943 850 est.

359 871 554 926 Merito
582 872 748 940 igitur
770 871 1042 944 Propheta
1081 886 1334 946 precatus
1362 889 1447 934 est
1487 889 1548 934 ut
1575 890 1721 936 metu
1753 881 1946 942 divino

360 964 535 1032 ipsius
563 980 658 1020 eor
691 965 924 1020 lmtetur.
959 965 1052 1022 Sic
1080 968 1226 1022 enim
1258 978 1314 1023 et
1340 968 1474 1025 alibi
1501 970 1675 1027 dicit:
1711 989 1732 1022 ι
1768 971 1946 1029 Larte-

364 1065 455 1112 tur
505 1071 604 1113 eor
661 1059 1025 1128 quaerentium
1085 1061 1374 1117 Dominum
1432 1071 1480 1116 π.
1519 1081 1538 1115 ι
1597 1062 1666 1120 Et
1701 1080 1944 1123 rursus:

372 1167 388 1196 ι
425 1146 631 1205 Memor
666 1148 741 1204 fui
777 1149 892 1215 Dei,
921 1160 972 1206 et
1009 1149 1312 1208 delectatus
1349 1167 1470 1209 sum
1506 1163 1590 1209 γ.)

432 1413 599 1471 Vens.
639 1417 725 1481 ιε,
755 1417 842 1474 15.
871 1438 889 1472 ι
921 1420 1234 1478 Conﬂtebor
1263 1423 1378 1491 tibi,
1412 1423 1670 1490 Domine,
1695 1425 1839 1484 Deus
1873 1427 1970 1496 mi,

364 1516 478 1561 toto
509 1506 674 1564 corde
706 1523 850 1574 meo,
883 1519 937 1564 et
959 1512 1276 1582 glorilicabo
1293 1529 1492 1570 nomen
1525 1524 1678 1571 tuum
1702 1517 1757 1571 in
1786 1525 1947 1574 aeter-

363 1613 518 1654 num.
570 1599 708 1666 Quia
755 1602 1135 1660 misericordia
1175 1615 1268 1662 tua
1299 1621 1492 1677 magna
1510 1619 1596 1665 est
1611 1623 1775 1673 super
1790 1624 1897 1666 me.
1923 1629 1942 1663 ι

361 1687 524 1756 Novi,
553 1691 754 1762 inquit,
786 1703 839 1750 te
865 1711 1017 1752 meas
1039 1712 1230 1767 preces
1263 1699 1664 1768 admissurum,
1691 1712 1746 1758 et
1779 1703 1946 1760 rebus

363 1782 613 1840 tristibus
668 1785 834 1841 linem
881 1787 1270 1856 impositurum
1307 1831 1324 1857 ,
1377 1793 1763 1864 facturumqne
1818 1811 1943 1853 esse

365 1879 424 1924 ut
455 1874 754 1943 gratiarum
788 1879 1024 1935 actionis
1049 1897 1275 1936 carmen
1315 1899 1416 1952 pro
1450 1885 1784 1956 benignitate
1813 1888 1944 1942 mihi

363 1979 629 2022 concessa
677 1968 774 2022 tibi
807 1969 1053 2038 oﬂ‘eram.
1092 1987 1114 2024 ι
1157 1972 1226 2030 Ει
1250 1977 1439 2028 eruisti
1495 1978 1735 2032 animam
1768 1995 1944 2034 meam

360 2072 428 2111 ex
465 2057 682 2115 inferno
736 2061 947 2116 inﬁmo.
1004 2082 1023 2114 ι
1073 2063 1463 2125 Discriminum
1515 2072 1942 2139 magnitudinem

362 2165 458 2222 per
483 2152 600 2208 haec
625 2157 859 2224 aperuit.
894 2156 1107 2223 Etenim
1140 2160 1268 2214 talia
1296 2162 1518 2218 divinus
1544 2165 1707 2218 David
1737 2168 1939 2235 saepius

362 2257 560 2310 passus
587 2257 689 2310 est,
716 2258 770 2302 et
803 2264 925 2303 cum
964 2266 995 2304 a
1049 2250 1214 2306 Saule
1241 2253 1384 2308 bello
1408 2267 1705 2325 peteretur,
1735 2269 1790 2314 et
1817 2275 1941 2314 cum

359 2337 431 2394 ab
485 2335 783 2394 Absalomo
831 2345 1276 2410 persecutionem
1319 2355 1618 2416 pateretur.
1673 2349 1940 2405 Caaterum

362 2427 715 2498 Assyriorum
768 2431 1006 2501 impetus
1037 2446 1185 2492 certa
1220 2439 1492 2505 pernicies
1540 2451 1678 2495 erat.
1731 2441 1943 2496 ldeirco

363 2530 594 2574 mortem
627 2529 951 2590 extremam,
979 2534 1032 2580 et
1053 2526 1263 2583 inferos
1286 2529 1504 2584 intimus
1538 2533 1664 2586 talia
1699 2535 1940 2602 pericula

359 2613 664 2673 nominavit
699 2632 712 2668 :
751 2614 770 2687 ἶ
811 2617 930 2672 lmo.
976 2619 1104 2688 quia
1135 2621 1300 2674 etiam
1351 2623 1592 2677 universi
1650 2626 1938 2691 conditor,

361 2699 507 2758 Deus
559 2702 843 2770 Verbum,
885 2715 1177 2778 postquam
1231 2727 1294 2765 ex
1345 2713 1556 2782 virgine
1601 2731 1822 2769 carnem
1853 2733 1940 2772 as-

359 2795 617 2863 sumpsit,
653 2807 708 2851 ct
735 2812 955 2853 crucem
992 2815 1057 2861 ac
1091 2809 1322 2856 mortem
1353 2805 1636 2872 sustinuit,
1668 2807 1721 2860 in
1756 2807 1938 2862 intima

359 2886 477 2942 loca
504 2896 663 2943 terrae
691 2891 992 2956 descendit,
1019 2902 1077 2946 ut
1108 2910 1201 2949 eos
1232 2896 1322 2963 qui
1362 2914 1389 2949 ιι
1441 2898 1630 2954 multis
1681 2900 1807 2954 inde
1832 2917 1937 2956 saa-

357 2978 500 3033 culis
535 2983 874 3049 corruptioni
916 2982 1029 3052 jam
1067 2985 1289 3040 obnoxii
1343 2987 1577 3053 fuerant,
1619 3006 1728 3044 non
1778 2992 1938 3045 modo

2048 521 2106 573 ὲν
2137 523 2204 592 τῇ
2238 522 2338 594 τῆς
2384 524 2644 594 ἀληθείας
2687 526 2795 597 ὀδῷ
2846 527 2946 598 τὴν
2996 529 3224 599 πορείαν
3276 533 3636 601 ποιήσασθαι.

2050 610 2118 684 [η
2138 615 2248 667 Καὶ
2272 614 2376 687 ὅρα
2401 616 2455 669 τί
2484 633 2617 688 φησι
2645 619 2733 673 διὰ
2760 621 2870 672 τῶν
2901 620 3090 693 ἑξῆς,]
3142 641 3160 674 ι
3193 624 3638 695 Εὐφρανοήτωη

2047 706 2081 774 ἡ
2111 706 2310 777 καρδία
2341 724 2466 778 μου,
2496 711 2591 762 τοῦ
2621 711 2902 778 φοϐεῖσθαι
2930 713 2994 766 τὸ
3023 715 3199 783 δνομά
3235 733 3352 770 σου.
3386 736 3405 769 ι
3457 717 3516 771 '0
3535 719 3639 790 τὴν

2049 800 2178 869 περὶ
2200 800 2333 855 Θεὸν
2355 801 2399 833 ¹⁶
2422 801 2711 857 εὐλάϐειαν
2731 821 2898 875 κεκτη
2910 805 3068 875 μένος
3088 806 3188 877 τὴν
3209 807 3435 878 ἔννομον
3463 811 3640 866 ἀσπά-

2049 891 2202 952 ζεται
2247 893 2525 947 πολιτείαν
2551 912 2564 926 ο
2623 896 2808 966 μήιτηρ
2849 896 2906 948 δὲ
2944 897 3286 968 εὐφροσύνης
3329 902 3362 972 ή
3404 903 3636 974 τοιαύτη

2049 981 2181 1054 ζωή.
2218 981 2460 1047 Εἰκότως
2489 985 2668 1038 τοίνυν
2713 989 2740 1039 6
2784 987 3077 1056 Προφήτης
3106 987 3183 1058 τῷ
3216 990 3362 1058 φόϐῳ
3396 991 3637 1063 τῷλθείῳ

2047 1075 2145 1144 τὴν
2188 1075 2401 1129 οἰκείαν
2445 1076 2816 1148 εὐφρανθῆναι
2858 1078 3086 1148 καρδίαν
3125 1080 3424 1134 ἱκέτευσεν.
3473 1082 3638 1136 Οὕτω

2048 1167 2157 1236 γὰρ
2185 1166 2279 1220 καὶ
2307 1166 2542 1236 ἀλλαχοῦ
2570 1184 2735 1237 φησιν
2770 1183 2783 1195 ’
2841 1187 2859 1219 ι
2892 1168 3268 1240 Εύφρανθήτω
3305 1172 3504 1240 καρδία
3537 1172 3639 1242 ζη-

2046 1257 2282 1312 τούντων
2311 1258 2402 1312 τὸν
2433 1258 2659 1329 Κύριον.
2694 1279 2710 1309 ι
2763 1259 2872 1313 Καὶ
2905 1259 3070 1313 πάλιν
3091 1276 3106 1290 ·
3147 1280 3166 1312 ι
3199 1261 3513 1333 Ἐμνήσθην
3539 1262 3636 1316 τοῦ

2046 1349 2205 1412 Θεοῦ,
2238 1350 2333 1402 καὶ
2363 1350 2755 1420 ηὐφράνθην¹⁸.
2791 1370 2809 1402 ι

2122 1440 2208 1512 ιβ’,
2247 1448 2336 1510 ιγ’.
2383 1461 2401 1493 ι
2429 1442 2928 1515 Ἐξομολογήσομαί
2955 1462 3057 1511 σοι,
3087 1445 3282 1514 Κύριε,
3311 1446 3340 1500 6
3369 1444 3504 1509 Θεός
3529 1463 3634 1515 μου

2049 1536 2107 1588 ἐν
2138 1532 2236 1605 ὅλῃ
2281 1533 2480 1606 καρδίᾳ
2517 1553 2618 1603 μου
2640 1535 2704 1602 ¹⁶,
2751 1536 2847 1588 καὶ
2877 1533 3087 1600 δοξάσω
3115 1535 3177 1588 τὸ
3205 1535 3376 1604 ὄνομά
3421 1555 3518 1590 σου
3553 1540 3635 1602 είς

2048 1624 2138 1678 τὸν
2194 1624 2390 1679 αίῶνα.
2443 1625 2623 1678 "Ott"
2667 1624 2732 1678 τὸ
2780 1624 2930 1688 ἔλεός
2987 1641 3082 1678 σου
3129 1624 3272 1696 μέγα
3319 1625 3406 1680 ἐπ’
3447 1625 3572 1696 ἐμέ.
3608 1645 3630 1680 ι

2051 1715 2200 1784 Οἶδα,
2233 1718 2418 1788 φησιν,
2447 1717 2523 1782 ὡς
2550 1715 2810 1786 παρέξεις
2832 1717 2931 1786 τὴν
2961 1715 3196 1786 αἴτησιν,
3229 1717 3324 1770 καὶ
3353 1716 3540 1780 λύσεις
3563 1716 3637 1770 τὰ

2051 1808 2371 1881 σκυθρωπὰ,
2419 1809 2514 1862 καὶ
2552 1808 2998 1878 παρασκευάσεις
3035 1825 3103 1878 με
3132 1809 3233 1878 τὴν
3273 1809 3635 1879 χαριστήριον

2048 1901 2322 1973 ὑμνῳδίαν
2353 1901 2493 1971 ὑπὲρ
2525 1903 2622 1969 τῆς
2660 1903 2740 1963 εἰς
2769 1899 2869 1969 ἐμὲ
2903 1899 3282 1970 γεγενημένης
3313 1898 3632 1972 φιλανθρω⁴

2048 1995 2180 2056 πίας
2211 1995 2602 2065 προσενεγκεῖν
2621 1994 2684 2045 ιδ.
2739 2011 2758 2043 ι
2792 1992 2904 2044 Καὶ
2935 1990 3153 2062 ἐρρύσω
3181 1991 3280 2059 τὴν
3309 1989 3490 2060 ψυχήν
3526 2008 3633 2059 μου

2048 2085 2106 2152 ἐξ
2122 2085 2252 2156 ᾅδου
2282 2086 2622 2138 κατωτάτου.
2646 2103 2664 2136 ι
2699 2085 2772 2136 Τὸ
2793 2085 2836 2115 ¹⁹
2865 2083 3098 2153 μέγεθος
3127 2083 3237 2134 τῶν
3259 2082 3524 2135 κινδύνων
3543 2082 3635 2135 διὰ

2045 2179 2251 2232 τούτων
2295 2178 2560 2248 ἐδήλωσε·
2612 2176 2704 2228 καὶ
2746 2176 2853 2244 γὰρ
2900 2176 2927 2226 ὁ
2964 2174 3106 2236 θεῖος
3151 2173 3314 2226 Δασιδ
3348 2171 3632 2237 τοιούτους

2045 2270 2306 2334 πολλάκις
2347 2269 2608 2338 ὑπέμεινε
2627 2310 2642 2333 ,
2694 2269 2788 2320 καὶ
2817 2267 2922 2320 ὑπὸ
2951 2265 3044 2318 τοῦ
3077 2265 3251 2318 Σαοὺλ
3282 2264 3634 2334 πολεμούμε-

2045 2380 2131 2425 νος
2149 2363 2216 2427 ²⁰,
2272 2363 2367 2415 καὶ
2413 2361 2517 2413 ὑπὸ
2562 2359 2657 2412 τοῦ
2696 2357 3017 2426 Ἀϐεσαλὼμ
3060 2357 3386 2426 διωκόμενος
3403 2357 3471 2407 ¹¹.
3520 2358 3633 2410 Kal

2044 2457 2150 2509 τῶν
2183 2453 2484 2523 Ἀσσυρίων
2513 2453 2569 2506 δὲ
2597 2454 2630 2523 ἡ
2665 2450 2938 2521 προσϐολὴ
2971 2449 3249 2519 προῦπτος
3276 2445 3344 2519 ἦν
3381 2447 3628 2518 ὄλεθρος.

2043 2541 2119 2601 Οὗ
2149 2547 2214 2616 δὴ
2243 2546 2403 2616 χάριν
2433 2545 2662 2598 θάνατον
2692 2544 2941 2611 ἔσχατον,
2989 2542 3084 2594 καὶ
3125 2541 3257 2612 ᾅδην
3289 2541 3626 2607 κατώτατον,

2042 2640 2170 2701 τοὺς
2193 2637 2468 2699 τοιούτους
2503 2635 2782 2696 κινδύνους
2811 2633 3114 2702 ὠνόμασεν.
3151 2631 3220 2702 [³³
3246 2630 3385 2683 Ἀλλ’
3413 2631 3499 2683 ὅτι
3531 2631 3630 2684 καὶ

2043 2733 2070 2784 6
2112 2729 2205 2783 τοῦ
2245 2730 2444 2791 παντὸς
2489 2725 2854 2797 δημιουργὸς,
2905 2725 3182 2778 τουτέστιν
3223 2724 3251 2774 ὁ
3289 2722 3418 2786 Θεὸς
3452 2722 3629 2790 Λόγος

2044 2820 2346 2892 σαρκωθεὶς
2373 2823 2436 2873 ἐκ
2464 2818 2743 2888 Παρθένου
2764 2817 2858 2869 καὶ
2881 2814 3114 2885 σταυρὸν
3140 2814 3233 2866 καὶ
3257 2813 3484 2866 θάνατον
3512 2811 3630 2867 ἐλόμ-

2045 2931 2206 2985 μενος
2260 2913 2341 2974 είς
2392 2912 2458 2964 τὰ
2493 2908 2779 2980 κατώτερα
2818 2909 2959 2977 μέρη
2993 2909 3092 2975 τῆς
3121 2908 3224 2974 γῆς
3255 2903 3484 2976 κατέϐη,
3537 2903 3628 2958 ἵνα

2041 3007 2163 3067 τοὺς
2204 3004 2300 3056 ἀπ’
2335 3001 2550 3056 αἰώνων
2595 2999 2970 3072 κρατηθέντας
3017 2998 3122 3050 ὑπὸ
3166 2997 3267 3066 τῆς
3303 2996 3512 3068 φθορᾶς
3548 2995 3626 3067 μὴ

357 3069 645 3138 excitaret,
679 3073 774 3128 sed
795 3073 904 3130 illis
933 3074 1098 3129 etiam
1126 3075 1590 3134 immortalitatem
1618 3082 1927 3154 largiretur.

2051 3096 2199 3162 advov
2241 3095 2470 3164 ἐγείρῃ,
2518 3069 2654 3146 ἀλλά⁸
2700 3092 2794 3144 καὶ
2845 3090 2943 3160 τῆς
2992 3088 3296 3153 ἀθανασίας
3340 3087 3622 3158 ἐμπλήσῃ.

361 3167 568 3224 Deinde
595 3169 726 3225 dicit
761 3187 774 3225 :
817 3170 833 3242 Ι

428 3263 449 3284 ⁴
473 3261 636 3317 Vens.
674 3263 759 3316 Μ.
787 3262 950 3328 Deus,
987 3264 1156 3334 iniqui
1187 3266 1605 3324 insurrexerunt
1631 3286 1800 3341 super
1831 3289 1937 3340 me,

361 3363 416 3408 et
433 3369 708 3425 synagoga
737 3357 1036 3423 potentium
1052 3358 1424 3425 qumsivcrunt
1441 3361 1677 3417 animam
1699 3379 1894 3420 meam.
1919 3384 1936 3417 ι

361 3443 428 3499 Et
462 3444 680 3500 Davidis
719 3447 903 3500 hostes
934 3447 1205 3516 iniquitati
1242 3460 1616 3516 assueverant,
1647 3453 1860 3525 1215
1890 3467 1945 3510 et

363 3534 574 3604 Assyrii
610 3533 760 3602 impii
791 3544 846 3587 et
877 3536 1158 3604 pravitatis
1190 3537 1424 3606 operarii
1471 3549 1650 3595 erant.
1691 3540 1940 3612 [Utrum-

362 3641 468 3694 que
532 3627 677 3679 enim
726 3627 934 3681 hostem
998 3631 1350 3696 conjunctum
1401 3643 1556 3686 vocat
1615 3649 1941 3706 synagogam

363 3726 662 3786 potentem,
693 3734 793 3788 pro
837 3733 905 3774 eo
952 3722 1044 3789 qui
1080 3732 1207 3776 tunc
1236 3733 1374 3788 erat,
1414 3741 1598 3781 rerum
1644 3728 1840 3801 statu.]
1880 3730 1943 3784 Et

365 3809 416 3863 hi
450 3824 603 3879 ergo,
634 3819 689 3867 et
720 3810 821 3876 illi,
850 3811 1019 3866 robur
1043 3828 1226 3882 pravae
1270 3817 1438 3869 menti
1473 3820 1812 3888 respondens
1846 3821 1940 3877 ba-

363 3903 580 3961 bebant.
613 3903 785 3960 Metus
815 3917 992 3960 autem
1014 3907 1141 3960 hinc
1174 3908 1259 3974 iis,
1286 3910 1376 3977 qui
1411 3911 1551 3964 bello
1580 3913 1733 3981 petiti
1761 3925 1940 3979 erant,

360 3994 559 4064 duplex
592 3998 870 4052 oriebatur
899 4016 912 4052 :
948 4010 1227 4070 propterea
1261 4001 1328 4055 ad
1377 4002 1543 4057 Deum
1593 4005 1938 4076 confugiunt,

360 4097 414 4142 et
449 4088 599 4142 illinc
617 4105 773 4158 opem
807 4089 1120 4160 einagitant.
1160 4111 1178 4142 ι
1226 4092 1290 4145 Et
1317 4110 1426 4148 non
1461 4106 1768 4164 posuerunt
1803 4107 1853 4152 te
1884 4099 1938 4152 in

358 4189 652 4248 conspectu
703 4197 826 4236 suo.
876 4201 894 4234 ι
949 4183 1122 4239 Tuam
1176 4187 1574 4256 providentiam
1627 4191 1683 4244 in
1735 4200 1943 4248 mentes

361 4270 586 4326 minime
620 4273 979 4330 admiserunt.

431 4359 599 4415 Vens.
629 4362 715 4428 l5,
759 4363 846 4417 16.
891 4382 910 4415 ι
949 4365 1014 4417 Εῑ
1061 4375 1139 4429 tu,
1187 4365 1429 4432 Domine,
1472 4366 1616 4424 Deus
1648 4370 1940 4426 miseratur

357 4459 413 4504 et
449 4451 785 4518 misericors,
835 4455 1070 4524 patiens,
1121 4466 1176 4510 et
1205 4457 1387 4511 multte
1433 4458 1846 4527 misericordiae,
1883 4474 1939 4519 et

359 4559 549 4600 verax.
581 4548 813 4617 Respice
847 4549 898 4607 in
933 4564 1038 4616 me,
1073 4558 1127 4603 et
1153 4551 1414 4604 miserere
1455 4552 1580 4605 mei.
1614 4572 1632 4603 ι
1670 4553 1940 4619 Quoniam

361 4641 712 4713 benignitatis
751 4643 873 4696 fons
906 4656 988 4704 es,
1039 4651 1093 4695 et
1124 4641 1511 4696 misericordiae
1538 4652 1592 4698 et
1643 4649 1940 4704 commise—

361 4735 589 4790 rationis
618 4735 819 4789 lluenta
845 4733 1150 4805 profundis,
1181 4734 1445 4802 adestque
1473 4737 1636 4790 etiam
1674 4739 1772 4794 tibi
1803 4744 1940 4796 veri.

362 4834 468 4890 tas,
513 4835 570 4881 et
606 4826 824 4898 judieas
862 4827 1163 4898 improbos,
1217 4825 1483 4882 stillarum
1525 4838 1630 4886 tua:
1679 4833 1939 4895 bonitatis

436 5041 461 5071 κ
489 5033 636 5089 Psal.
657 5051 770 5102 οιν,
800 5038 851 5091 5.
932 5046 960 5084 1
994 5038 1139 5094 Psal.
1166 5055 1350 5108 nam,
1385 5045 1437 5098 5'.

2047 3183 2180 3240 Εἷτά
2209 3203 2371 3257 φησι·
2917 3200 2924 3207 ·
3240 3248 3246 3254 ,

2120 3279 2200 3332 ιδ’.
2248 3298 2266 3329 ι
2320 3279 2379 3331 Ὀ
2416 3276 2570 3340 Θεὸς,
2608 3274 2917 3345 παράνομοι
2938 3271 3320 3340 ἐπανέστησαν
3355 3269 3440 3321 ἐπ’
3475 3267 3579 3337 ὲμὲ
3607 3281 3622 3297 ·

2045 3373 2138 3423 καὶ
2175 3369 2464 3438 συναγωγὴ
2497 3366 2775 3437 κραταιῶν
2807 3364 3080 3436 ἐζήτησαν
3109 3363 3210 3434 τὴν
3236 3362 3419 3432 ψυχήν
3448 3377 3575 3430 μου.
3602 3377 3622 3410 ι

2046 3459 2155 3512 Καὶ
2187 3458 2237 3511 oi
2262 3457 2354 3510 τοῦ
2393 3457 2558 3510 Δαϐἱδ
2590 3454 2837 3524 πολέμιοι
2887 3451 3209 3522 παρανομίᾳ
3241 3449 3497 3514 συνέζων,
3530 3449 3628 3502 καὶ

2044 3550 2094 3602 οί
2121 3547 2395 3618 ’Λσσύριοι
2426 3545 2744 3608 δυσσεϐείας
2770 3542 2912 3615 ἦσαν
2951 3545 3047 3598 καὶ
3074 3542 3341 3611 πονηρίας
3371 3541 3624 3612 ἐργάται.

2047 3639 2264 3711 [υτοὺς
2294 3639 2405 3709 γὰρ
2440 3637 2782 3706 ἀμφοτέρους
2835 3633 3078 3703 συνάψας
3126 3631 3450 3701 συναγωγὴν
3483 3647 3625 3700 κρα-

2044 3732 2203 3786 ταιὰν
2253 3730 2388 3801 πρὸς
2440 3728 2540 3799 τὴν
2587 3727 2708 3780 τότε
2761 3724 3065 3796 κρατοῦσαν
3113 3722 3448 3776 κατάστασιν
3487 3720 3618 3772 ὠνό-

2049 3821 2285 3894 μασεν.]
2333 3820 2506 3875 Kal"
2542 3811 2686 3872 οὗτοι
2725 3817 2908 3885 μέντοι
2942 3816 3185 3868 κάκεῖνοι
3216 3814 3444 3881 δύναμιν
3478 3805 3625 3880 εἶχον

2044 3919 2110 3986 τῇ
2143 3915 2356 3984 πονηρᾷ
2385 3910 2577 3981 γνώμῃ
2617 3908 3078 3979 συμπράττουσαν
3113 3924 3126 3938 ·
3183 3904 3405 3959 διπλοῦν
3442 3902 3500 3955 δὲ
3535 3905 3624 3953 ὲν-

2043 4004 2234 4058 τεῦθεν
2251 4005 2364 4065 τοῖς
2387 3999 2765 4072 ἀδικουμένοις
2793 3999 2852 4052 τὸ
2875 3998 2994 4060 δέος
3010 3995 3226 4064 ἐφύετο.
3257 3995 3347 4048 Διὸ
3373 3994 3510 4063 πρὸς
3529 3992 3624 4045 τὸν

2044 4101 2176 4153 Θεὸν
2205 4098 2628 4167 καταφεύγουσι,
2653 4097 2746 4148 καὶ
2773 4095 2873 4164 τὴν
2905 4093 3114 4150 ἐκεῖθεν
3143 4090 3385 4146 αἰτοῦσιν
3411 4092 3623 4142 ἐπικου-

2049 4194 2190 4266 ρίαν.
2238 4211 2257 4243 ‹
2295 4193 2406 4245 Καὶ
2454 4191 2515 4244 ού
2548 4189 2838 4262 προέθεντό
2871 4204 2930 4240 σε
2963 4185 3194 4238 ἐνώπιον
3225 4183 3427 4237 αὐτῶν.
3461 4200 3480 4232 ι
3513 4180 3624 4250 Τὴν

2047 4287 2146 4356 σὴν
2178 4284 2436 4355 πρόνοιαν
2455 4284 2499 4315 ⁵³⁸
2531 4284 2630 4336 ούκ
2659 4280 2852 4334 ἔλαϐον
2882 4281 2961 4342 είς
2985 4278 3248 4332 διάνοιαν.

2115 4385 2198 4443 ιε’,
2245 4378 2339 4442 ις’.
2389 4396 2406 4428 ι
2440 4376 2552 4430 Καὶ
2587 4375 2674 4440 σὺ,
2707 4373 2897 4444 Κύριε,
2929 4375 2958 4425 6
3009 4371 3141 4433 Θεός
3195 4386 3298 4439 μου
3338 4367 3383 4400 ’⁸
3417 4363 3625 4434 οίκτίρ-

2053 4486 2167 4540 μων
2227 4470 2322 4522 καὶ
2378 4468 2648 4538 ἐλεήμων,
2726 4464 3100 4535 μακρόθυμος,
3159 4463 3254 4515 καὶ
3309 4458 3624 4520 πολυέλεος,

2050 4563 2142 4616 καὶ
2175 4561 2443 4630 ἀληθινός.
2493 4557 2812 4627 Ἐπίὸλεψον
2846 4559 2929 4609 ἐπ’
2973 4555 3075 4626 ἐμὲ
3106 4556 3199 4608 καὶ
3242 4553 3464 4623 ἐλέησόν
3499 4567 3620 4620 με.ι

2049 4655 2267 4725 Ἐπειδὴ
2309 4655 2351 4686 ³⁷
2395 4651 2806 4723 φιλανθρωπίας
2855 4650 3124 4720 ὑπάρχεις
3170 4644 3347 4716 πηγὴ,
3397 4645 3492 4698 καὶ
3543 4643 3624 4694 οτ-

2050 4765 2201 4813 κτου,
2246 4747 2341 4800 καὶ
2383 4746 2570 4809 ἐλέους
2605 4744 2651 4777 ’⁸
2691 4743 2946 4813 προχέεις
2991 4741 3060 4793 τά
3088 4740 3328 4808 νάματα,
3366 4738 3625 4806 πρόσεστι

2049 4839 2106 4893 δέ
2142 4856 2225 4894 σοι
2255 4839 2349 4893 καὶ
2377 4838 2625 4908 ἀλήθεια,
2665 4835 2761 4889 καὶ
2799 4833 3060 4906 κρίνεις²⁹
3092 4833 3215 4894 τοὺς
3249 4829 3481 4901 πονηρίᾳ
3526 4845 3621 4880 συ-

1465 5217 1696 5273 νΛῐίΙᾸζ
1735 5219 2118 5277 LECTIONES
2158 5217 2243 5274 ET
2284 5218 2515 5275 NOTAE.

437 5329 478 5359 "
510 5325 552 5380 E
582 5325 704 5380 cod.
740 5325 792 5380 Ι.

599 5466 778 5534 μόνον,
814 5467 948 5520 ἀλλὰ
974 5469 1087 5520 καί.
1166 5470 1206 5500 "
1238 5466 1389 5523 Ὅτι.
1421 5466 1544 5523 col.
1591 5472 1612 5524 l
1657 5488 1846 5540 praem.
1886 5476 1963 5526 κα¹

599 5535 681 5590 5το
708 5537 815 5597 γὰρ
835 5535 985 5597 λέγει
1019 5538 1107 5591 διὰ
1141 5541 1248 5592 τῶν
1285 5540 1430 5597 ἐξῆς.
1550 5543 1590 5572 ¹⁹
1631 5542 1720 5596 Τό.
1764 5545 1886 5597 cod.
1946 5547 1963 5597 i

1708 5584 1720 5596 .
1764 5559 1863 5598 000
1874 5585 1886 5597 .

365 5467 458 5520 καὶ
486 5467 548 5520 ού
599 5467 778 5534 μόνον,
814 5467 948 5520 ἀλλὰ
974 5469 1087 5520 καί.
1166 5470 1206 5500 "
1238 5467 1389 5523 "Ott.
1421 5489 1430 5522 ε

364 5536 488 5610 add.
523 5535 681 5590 τοῦτο
708 5537 820 5610 γὰρ
835 5535 985 5610 λέγει
1019 5538 1108 5610 δια
1141 5541 1248 5592 τῶν
1285 5540 1430 5610 ἑξῆς.

367 5607 408 5637 ²¹
441 5610 608 5662 Διωκ.
642 5608 764 5662 cod.
786 5607 824 5662 fl
875 5608 1303 5678 πολεμούμενος.

2010 5560 2194 5612 ριἀπῐι.
2250 5544 2310 5595 ού
2368 5543 2544 5608 μόνον.

1382 5612 1426 5642 ²²
1462 5610 1664 5682 Είςοιι.
1703 5613 1752 5666 l.
1832 5615 1875 5646 ³³
1905 5613 1941 5666 Ε

2051 5615 2091 5667 .l.
2134 5614 2184 5666 Ι.
2260 5615 2304 5643 ³*
2340 5612 2450 5664 Kal
2477 5644 2542 5655 σ-
2567 5612 2803 5682 ἐρύετο.
2842 5610 2962 5667 Des.
3002 5615 3054 5666 in
3089 5614 3210 5667 cod.
3246 5612 3301 5664 2.
3363 5612 3423 5682 ,τι
3461 5615 3611 5682 Πρό-

883 5326 925 5359 ¹³
960 5328 1146 5396 Εὐφρ.
1196 5331 1230 5399 ἡ
1276 5331 1470 5400 καρδία
1518 5348 1641 5401 μου.
1689 5332 1854 5388 Hebr.
1890 5342 1941 5392 τῃ

2058 5343 2176 5398 την,
2210 5335 2389 5398 unias,
2431 5349 2478 5388 s.
2533 5332 2586 5386 in
2640 5334 2763 5389 hoc.
2797 5333 2957 5389 unice
3010 5332 3277 5388 intentum
3306 5329 3501 5394 facias,
3531 5348 3624 5387 cor

365 5412 557 5469 nteant.
591 5396 798 5469 Symin.
828 5395 1034 5469 ἐνωσον
1054 5395 1153 5466 τὴν
1186 5395 1414 5469 καρδίαν
1450 5395 1572 5469 μου.
1651 5403 1693 5434 ίδ
1722 5403 1847 5457 cod.
1897 5404 1932 5456 2

2051 5404 2125 5458 οὗ.

2208 5403 2400 5457 "rod.
2462 5403 2497 5473 2
2551 5403 2886 5473 εὐφράνθην,
2968 5404 3013 5437 ¹⁸
3040 5407 3194 5456 Μου.
3242 5403 3366 5455 cod.
3421 5403 3442 5456 1
3490 5402 3620 5473 add.

1657 5488 1846 5540 praem.
1886 5476 1979 5526 καὶ
2009 5475 2154 5538 τίνος
2181 5475 2369 5526 ’ἑνεκεν
2398 5472 2487 5524 διὰ
2512 5472 2620 5526 τῶν
2652 5474 2778 5542 ἑξῆς
2815 5472 2986 5540 λέγει.
3066 5473 3109 5505 ⁸⁸
3136 5475 3556 5542 Προσενεοοιί,
3593 5472 3616 5526 ι

2657 5545 2702 5574 ²⁰
2736 5541 2954 5611 Nola”.
3012 5542 3136 5597 cod.
3191 5544 3214 5596 1
3260 5541 3614 5610 διωκόμενηξ·

367 5692 557 5753 ferar.
591 5678 769 5753 codd
808 5679 930 5753 add.
968 5680 1138 5753 ensi;
1199 5681 1244 5712 ³⁸
1270 5683 1418 5732 Μου.
1446 5679 1682 5748 Additur
1718 5684 1770 5737 in
1805 5685 1932 5738 edit.

2051 5684 2092 5738 Li.
2145 5695 2196 5738 et
2251 5684 2459 5753 (Iompl.
2540 5678 2880 5750 ²⁷”Εττειδή.
2933 5684 3106 5740 codJ
3157 5684 3306 5746 λέγει
3356 5680 3412 5735 δὲ
3465 5681 3610 5742 ἐπεί,

367 5745 413 5791 1³
434 5746 557 5812 βοὰ.
589 5748 613 5815 1
639 5749 810 5816 ἐλέου.
886 5752 928 5782 ’τ’
959 5745 1080 5804 cod.
1109 5748 1144 5801 2
1169 5753 1394 5821 κρινεῖς.
