3854 6326
79 302 189 368 561

1346 303 1427 362 IN
1460 303 1665 363 PSAL.
1709 303 2021 364 LXXXVI.

3181 301 3320 370 1562

67 419 271 480 ’ῶντας
290 433 307 450 ο
348 418 454 472 τῶν
481 415 580 486 τῆς
609 414 948 486 ἁγαθότητος
982 414 1207 485 μετάδος
1230 413 1502 485 ψεκὰδων,
1538 417 1628 469 καὶ

1738 416 2050 485 participem
2105 430 2192 471 me
2231 413 2357 482 l‘ac,
2414 415 2776 487 hostibusque
2831 415 3174 486 superiorem
3233 435 3320 475 me

67 512 344 579 ερείττονα
365 507 541 572 δεῖξον
567 508 676 560 τῶν
709 507 1091 577 πολεμούντων
1108 507 1176 560 ³⁰.
1227 524 1245 556 ι
1281 508 1380 570 Δὸς
1407 507 1469 560 τὸ
1499 509 1633 576 κρά-

68 619 142 663 o;
169 618 266 653 σου
297 599 374 670 τῷ
403 600 554 652 παιδί
590 615 684 651 σου
715 616 728 630 ·
775 599 870 651 καὶ
905 598 1079 650 σῶσον
1105 598 1197 651 τὸν
1231 599 1347 652 υἱὸν
1375 599 1474 667 τῆς
1505 617 1634 653 παι-

71 691 246 757 ίσκης
277 707 393 743 σου.
434 707 453 741 3
486 688 683 752 A0610;
710 707 768 741 τε
799 689 908 760 γάρ
935 691 1052 757 εἰμι
1084 689 1195 754 σὸς,
1223 689 1316 742 καὶ
1349 692 1449 760 σῆς
1481 689 1634 761 θερα-

65 784 255 846 εαίνης
283 781 430 844 υίόςο
467 781 588 834 ἀντὶ
614 779 731 846 τοῦ,
760 780 966 835 ἄνωθεν
997 781 1090 834 καὶ
1121 783 1184 834 ἐκ
1213 782 1496 852 προγόνων
1529 783 1633 836 ὑπὸ

70 874 150 942 ὴν
179 873 280 942 σὴν
310 871 626 925 δεσποτείαν
650 871 791 924 τελῶ
815 886 829 900 ⁸
879 870 1132 942 διόπερ³¹
1159 872 1236 936 ὡς
1267 871 1454 936 δοῦλος
1482 873 1634 945 παρὰ

65 966 324 1018 ιεσπότου
357 965 456 1035 τὴν
485 964 762 1034 σωτηρίαν
791 963 946 1018 αίτῶ.

123 1058 210 1122 ιζ’.
252 1077 270 1108 ι
316 1058 549 1125 Ποίησον
594 1059 714 1125 μετ’
748 1055 884 1125 ἐμοῦ
932 1058 1156 1125 σημεῖον
1204 1057 1284 1120 είς
1325 1055 1558 1124 ἀγαθόν.
1605 1075 1624 1108 3

66 1150 170 1202 ’ὧν
210 1149 454 1218 σημείων
502 1150 570 1200 τὰ
607 1147 706 1214 μέν
754 1147 872 1200 ἐστι
920 1147 1216 1218 τιμωρίας,
1267 1146 1343 1210 ὡς
1393 1147 1486 1199 ἐπὶ
1524 1147 1632 1199 τῶν

63 1239 394 1306 ιίγυπτίωνο
430 1238 498 1290 τὰ
525 1237 581 1290 δὲ
611 1236 906 1306 σωτηρίας,
955 1237 1032 1300 ὡς
1063 1237 1158 1290 ἐπὶ
1187 1236 1296 1291 τῶν
1336 1236 1629 1306 Ἑϐραίων.

63 1331 233 1381 ιιάτοι
258 1327 414 1379 10610
439 1327 532 1379 καὶ
559 1328 588 1378 ὁ
617 1326 901 1396 προφήτης
931 1323 1010 1395 τῷ
1037 1323 1303 1395 διορισμῷ
1333 1327 1634 1395 προσεχρή-

63 1435 204 1480 σατο,
251 1417 344 1468 καὶ
373 1417 472 1486 οὐχ
498 1416 686 1479 ἁπλῶς
715 1418 966 1486 σημεῖον,
1014 1415 1132 1469 ἀλλ’
1161 1413 1368 1485 ἀγαθὸν
1403 1417 1631 1485 σημεῖον

66 1509 312 1578 ξῄτησεν
335 1525 348 1539 ·
383 1509 508 1561 ἀντὶ
536 1507 651 1570 τοῦ,
684 1507 918 1578 Ποίησον
945 1508 1170 1577 σημεῖον
1197 1506 1324 1577 ἐμοὶ
1349 1505 1514 1577 φέρον
1534 1507 1631 1576 τὴν

63 1599 347 1670 τωτηρξαν,
375 1601 468 1652 καὶ
496 1601 561 1669 τῇ
592 1597 1008 1670 θαυματουργία
1034 1599 1160 1669 ἐμοὶ
1179 1599 1221 1631 ³³
1253 1599 1634 1669 πραγματευό-

61 1707 211 1743 ιενον
227 1691 273 1722 ³³
302 1689 411 1741 τῶν
442 1687 663 1754 ἀγαθῶν
690 1685 790 1757 τὴν
822 1687 1017 1756 φοράν.
1069 1685 1149 1758 [³⁸
1168 1687 1330 1756 Λέγει
1365 1689 1460 1741 κοιλ¹
1489 1687 1633 1750 τίνος

67 1798 234 1833 νεκεν
265 1779 536 1832 ἀντιϐολεῖ
556 1776 878 1846 δοθήσεσθαι
897 1775 1046 1847 αὐτῷ
1073 1777 1136 1830 τὸ
1168 1779 1398 1846 σημεῖον
1426 1777 1632 1849 10610.]
1665 1763 1708 1817 Β

93 1872 208 1923 Καὶ
232 1869 492 1924 ἰδέτωσαν
515 1870 564 1921 οἱ
591 1868 878 1938 μισοῦντές
903 1884 993 1937 με,
1026 1869 1122 1921 καὶ
1143 1868 1594 1940 αίσχυνθήτωσαν
1614 1886 1627 1897 ·

69 1979 124 2013 τι
150 1962 240 2022 σὺ,
269 1959 464 2030 Κύριε,
493 1959 801 2028 ἐϐοήθησας
829 1976 938 2026 μοι,
969 1959 1066 2010 καὶ
1085 1958 1468 2027 παρεκάλεσάς
1493 1976 1583 2028 με.
1606 1978 1625 2010 3

61 2053 158 2121 Γὴν
188 2051 297 2120 γὰρ
323 2052 404 2114 είς
434 2051 533 2120 ἐμὲ
565 2051 820 2119 πρόνοιαν
869 2051 920 2102 οἱ
953 2050 1242 2118 δυσμενεῖς
1285 2049 1547 2117 θεώμενοι
1564 2051 1628 2114 ³⁵,

59 2142 314 2213 ιίσχύνης
345 2141 877 2210 ἀναπλησθήσονται,
928 2140 1024 2192 καὶ¹
1071 2139 1427 2194 ἐπονείδιστοι
1480 2142 1633 2212 παρὰ

59 2236 187 2288 τᾶσε
213 2234 554 2304 γενήσονται.
593 2232 664 2304 [³⁶
683 2233 899 2302 Κυρίως
927 2232 984 2284 δὲ
1021 2233 1249 2303 σημεῖον
1286 2231 1489 2299 ἀγαθὸν
1519 2235 1631 2295 τοῖς

60 2326 262 2379 ηθνεσιν
305 2327 333 2378 0
379 2326 444 2378 ὲκ
472 2325 606 2377 Θεοῦ
643 2325 776 2388 Θεὸς
818 2325 908 2376 τδν
939 2324 1173 2392 σταυρὸν
1212 2324 1532 2394 ἐχαρίσατο,
1562 2325 1630 2377 δι’

59 2411 105 2472 αὖ
135 2419 232 2471 τόν
263 2419 441 2472 κοινὸν
473 2416 666 2488 ἐχθρὸν
694 2416 1043 2486 ἐτροπώσατο
1073 2417 1167 2469 καὶ
1197 2415 1460 2486 τρόπαιον
1491 2415 1630 2470 κατὰ

59 2512 317 2580 ῐαιμόνων
345 2509 438 2562 καὶ
473 2507 662 2560 παθῶν
694 2506 918 2576 ἔπηξεν.
958 2503 1182 2576 ⁹Αμήν.]

362 2639 629 2694 EPMHN.
674 2639 810 2692 ΤΟΥ
848 2637 970 2705 [ις’
1004 2636 1326 2691 ΨΑΛΜΟΥ.

117 2780 192 2830 α’.
239 2793 258 2825 ι
286 2774 414 2836 Τοῖς
443 2774 575 2835 υἱοῖς
605 2770 774 2842 Κορὲ,
795 2771 1027 2838 Ψαλμὸς
1053 2769 1215 2840 ᾠδῆς.
1248 2789 1266 2821 3
1310 2769 1432 2822 Τῶν
1459 2767 1630 2821 ἐθνῶν

57 2867 141 2916 αἱ
169 2855 324 2926 0610;
358 2866 384 2916 0
411 2861 627 2930 ψαλμδς
661 2858 1025 2930 προαγορεύει
1071 2858 1168 2928 τὴν
1209 2855 1502 2927 σωτηρίαν,
1537 2857 1632 2908 καὶ

57 2959 145 3026 τὴν
179 2956 375 3024 εὐσεϐῆ
408 2952 682 3006 πολιτείαν
720 2950 997 3021 προλέγει,
1033 2950 1100 3018 ἢν
1130 2951 1156 3000 0
1187 2947 1465 3016 Δεσπότης
1491 2947 1629 3015 Χρι-

55 3047 177 3108 ςτδς
196 3045 238 3076 ³⁷
265 3043 690 3112 ὲνανθρωπήσας
715 3039 951 3106 ἐδίδαξεν
964 3040 1028 3093 ³⁸.
1067 3057 1085 3090 t
1114 3039 1175 3091 Οἱ
1200 3037 1443 3106 θεμέλιοι
1465 3034 1626 3088 αὐτοῦ

55 3144 104 3190 ὲν
133 3141 248 3200 τοῖς
269 3137 420 3205 δρεσι
439 3138 550 3196 τοῖς
575 3135 770 3201 ἁγίοις.
809 3150 826 3184 3
865 3130 1172 3200 Θεμέλια⁸⁹
1195 3129 1295 3197 τῆς
1325 3126 1626 3190 εὐσεϐείας,

55 3233 117 3284 τὰ
154 3231 276 3283 θεῖα
306 3227 676 3297 παιδεύματα’
703 3227 841 3293 Ὄρη
871 3225 925 3276 δὲ
948 3223 1102 3291 ἅγια,
1124 3222 1206 3289 ἐφ’
1236 3214 1310 3274 ὧν
1337 3219 1511 3274 ταῦτα
1536 3218 1632 3270 πέ-

55 3340 200 3392 πηγε
229 3319 299 3374 τὰ
323 3319 570 3390 θεμέλια,
623 3319 671 3371 οί
715 3317 808 3370 106
851 3316 1104 3385 Σωτῆρος
1135 3312 1291 3384 ἡμῶν
1320 3311 1626 3366 ἀπόστολοι.

55 3415 193 3485 Περὶ
220 3411 426 3465 τούτων
445 3411 554 3479 γὰρ
574 3413 602 3462 ὀ
631 3408 902 3478 μακάριος
930 3407 1032 3475 ἔφη
1063 3405 1274 3466 Παῦλος
1292 3419 1307 3434 ·
1345 3422 1362 3454 ι
1394 3404 1633 3455 Ἐποικο-

55 3505 383 3577 Ξομηθέντες
434 3504 527 3555 ἐπὶ
573 3501 650 3572 τῷ
705 3499 940 3568 θεμελίῳ
981 3497 1088 3550 τῶν
1120 3495 1433 3550 ἀποστόλων
1472 3494 1564 3546 καὶ
1585 3493 1630 3525 ⁸ο

55 3596 373 3669 προφητῶν,
425 3595 579 3656 δντος
628 3590 1027 3663 ἀκρογωνιαίου
1071 3587 1233 3641 αὐτοῦ
1280 3585 1454 3657 Ἰησοῦ
1499 3587 1630 3654 Χρι-

55 3689 204 3742 3106.
246 3708 266 3740 3
335 3687 443 3739 Kal.
496 3685 699 3738 πάλιν·
774 3701 792 3732 ι
842 3682 1044 3750 Πέτρος
1097 3681 1187 3732 καὶ
1234 3678 1490 3740 Ἰάκωϐος
1541 3678 1632 3728 καὶ

61 3773 343 3840 Ἰωάννης,
367 3771 416 3824 οἱ
439 3773 721 3831 δοκοῦντες
743 3769 921 3820 στύλοι
943 3761 1104 3820 εἶναι.
1134 3786 1152 3818 3
1184 3767 1293 3819 Kal.
1319 3767 1345 3816 0
1366 3765 1567 3832 Κύριος
1586 3765 1626 3793 δ’

55 3864 128 3933 τῷ
167 3864 374 3932 Πέτρῳ,
419 3861 615 3931 μετὰ¹⁶²
636 3859 733 3930 τὴν
757 3858 932 3927 ἀληθῆ
962 3857 1057 3910 καὶ
1087 3856 1236 3910 θείαν
1267 3856 1480 3923 ἐκείνην
1502 3856 1629 3922 ὁμο-

55 3955 246 4021 λογίαν
272 3970 286 3984 ο
343 3973 361 4004 ι
402 3954 474 4004 Σὺ
502 3947 553 4004 εἷ
583 3951 806 4020 Πέτρος.
850 3949 944 4001 καὶ
963 3947 1007 3979 ⁵³
1037 3949 1130 4000 ἐπὶ
1157 3946 1332 4018 ταύτῃ
1361 3948 1426 4014 τῇ
1457 3944 1634 4014 πέτρᾳ

55 4044 397 4113 οἰκοδομήσω
428 4059 528 4108 μου
557 4040 654 4112 τὴν
683 4041 1034 4108 Ἐκκλησίαν,
1089 4039 1184 4090 καὶ
1214 4036 1381 4088 πύλαι
1410 4035 1536 4106 ᾅδου
1570 4035 1631 4086 οὐ

55 4136 476 4202 κατισχύσουσιν
501 4133 687 4200 αὐτῆς.
724 4150 741 4182 3
779 4132 884 4183 Καὶ
913 4125 1099 4193 αὖθιςο
1143 4146 1162 4180 ι
1204 4128 1394 4197 Ὑμεῖς
1421 4129 1544 4179 ἐστε
1572 4124 1634 4178 τὸ

55 4226 175 4294 φῶς
204 4224 300 4277 τοῦ
333 4225 538 4293 κόσμου
561 4240 575 4255 ⁸
608 4223 669 4275 οὐ
699 4222 920 4275 δύναται
954 4221 1107 4282 πόλις
1136 4218 1412 4289 κρυϐῆναι
1446 4217 1632 4270 ἐπάνω

55 4317 215 4386 ὅρους
273 4314 520 4384 κειμένη.
555 4331 572 4364 3
640 4315 762 4366 Ἐπὶ
806 4311 1010 4364 τούτων
1054 4311 1163 4363 τῶν
1212 4309 1384 4377 ἁγίων
1431 4308 1575 4378 ὀρῶν
1605 4309 1633 4360 0

55 4405 335 4475 Δεσπότης
386 4404 620 4475 Χριστος
673 4402 948 4472 κατέπηξε
993 4402 1060 4455 τὰ
1089 4401 1187 4471 τῆς
1219 4399 1500 4460 εὐσεϐείας
1544 4397 1632 4450 θε-

55 4497 220 4564 μέλια
238 4494 305 4548 ⁵⁵.

126 4589 194 4653 β’.
234 4605 253 4636 ι
275 4587 491 4654 Ἀγαπᾷ
520 4587 722 4654 Κύριος
748 4585 843 4646 τὰς
875 4583 1046 4646 πύλας
1074 4582 1237 4646 Σιὼν,
1274 4583 1414 4652 ὑπὲρ
1449 4582 1625 4635 πάντα

55 4683 118 4732 τὰ
158 4676 496 4748 σκηνώματα
534 4675 749 4730 Ἰακώϐ.
783 4696 802 4728 3
855 4676 950 4738 Τίς
983 4675 1040 4727 δὲ
1082 4674 1220 4743 αὕτη
1267 4673 1362 4742 ἡ⁴⁵⁸
1398 4671 1557 4735 Σιὼν,
1601 4674 1630 4725 0

55 4769 346 4832 θεσπέσιος
401 4767 610 4831 Παῦλος
658 4766 1005 4838 έρμηνευέτω
1042 4781 1057 4795 ·
1115 4783 1134 4816 ι
1186 4762 1631 4834 Προσεληλύθατε

1738 508 1918 560 redde.
1975 525 1993 559 ι
2029 506 2102 560 Da
2139 508 2426 577 imperium
2479 517 2634 563 tuum
2667 523 2828 563 servo
2878 517 2997 574 tuo,
3026 519 3080 562 et
3105 511 3317 565 salvum

1738 597 1822 652 fac
1857 600 2028 654 lilium
2063 601 2276 656 ancilla:
2309 610 2434 656 tute.
2472 619 2492 653 3
2531 600 2749 656 Etenim
2783 616 2978 657 servus
3011 609 3138 657 tuus
3170 619 3316 670 sum,

1737 702 1949 761 tumque
1975 693 2186 748 ancillae
2210 693 2354 749 [ilius
2385 711 2400 750 :
2437 694 2540 748 hoc
2567 703 2672 756 est,
2705 711 2736 750 a
2765 695 3041 764 principio
3071 705 3126 749 et
3149 712 3178 748 ιι
3200 711 3319 750 ma-

1732 781 1913 851 jorum
1945 792 2102 842 aatate
2129 785 2233 839 sub
2275 794 2370 840 tuo
2401 787 2632 854 imperio
2661 786 2828 842 vitam
2878 788 3024 842 duco
3062 805 3076 842 :
3113 787 3317 843 idcirco

1736 875 1898 930 veluti
1931 890 2121 930 servus
2148 889 2176 929 a
2205 874 2436 932 Doluino
2465 877 2695 932 salutem
2735 887 2881 947 peto.

1809 1050 1966 1108 Vens.
2005 1052 2092 1106 17.
2127 1050 2238 1106 Fac
2263 1067 2476 1106 mecum
2509 1053 2725 1122 signum
2772 1055 2829 1109 in
2875 1056 3108 1114 bonum.
3169 1077 3188 1111 3
3226 1058 3313 1114 Sl-

1733 1158 1964 1212 gnorum
1996 1143 2180 1213 aliqua
2215 1143 2464 1213 supplicii
2496 1152 2646 1207 sunt,
2712 1153 2770 1198 ut
2803 1162 2926 1214 qure
2959 1149 3101 1216 apud
3141 1148 3313 1220 Egy-

1733 1235 1874 1304 ptios
1909 1253 1923 1289 :
1960 1235 2143 1304 aliqua
2174 1250 2302 1291 vero
2335 1235 2550 1294 salutis.
2593 1244 2651 1289 ut
2677 1236 2822 1305 apud
2858 1236 3138 1292 llebrzeos.
3173 1242 3312 1296 Pro-

1732 1337 1914 1396 pterea
1945 1325 2217 1397 Propheta
2245 1327 2514 1382 divisione
2538 1343 2672 1382 usus
2698 1337 2800 1391 est,
2830 1338 2883 1382 et
2915 1344 3023 1382 non
3049 1329 3313 1400 simplici-

1734 1428 1814 1472 ter
1843 1419 2065 1489 signum
2095 1419 2272 1489 petiit,
2324 1419 2420 1475 sed
2453 1419 2693 1487 bonum;
2731 1419 2889 1490 quasi
2921 1421 3129 1477 diceret
3164 1440 3176 1476 :
3208 1422 3316 1478 Fac

1731 1509 1948 1579 signum
1983 1510 2116 1564 mihi
2149 1510 2396 1580 praebens
2415 1511 2737 1575 salutem,et
2761 1511 2905 1581 quod
2931 1527 3030 1580 per
3063 1514 3312 1568 miraculi

1730 1602 2104 1670 operationem
2167 1603 2437 1658 bonorum
2491 1603 2627 1657 mihi
2695 1605 2949 1658 conciliet
2975 1604 3188 1675 1216
3226 1605 3313 1660 af-

1733 1692 2030 1745 ﬂuentiam.
2073 1691 2240 1763 [Dicit
2271 1693 2435 1747 etiam
2471 1708 2568 1747 cur
2616 1703 2789 1762 roget,
2817 1694 2932 1748 dari
2971 1694 3074 1749 sibi
3095 1694 3310 1764 signum

1735 1781 1916 1852 illud.]
1955 1801 1972 1832 ι
2024 1781 2089 1834 Et
2125 1783 2363 1846 videant,
2415 1782 2509 1851 qui
2559 1783 2796 1837 oderunt
2832 1799 2940 1849 me,
2978 1793 3032 1838 et
3077 1784 3311 1838 conluu-

1733 1876 1960 1929 dantur:
1994 1875 2256 1944 quoniam
2287 1885 2366 1941 tu,
2402 1875 2656 1940 Domine,
2685 1874 2941 1944 adiuvisti
2975 1892 3080 1940 me,
3104 1887 3160 1933 et
3178 1892 3312 1932 con~

1734 1967 1944 2022 solatus
1967 1982 2025 2021 es
2051 1982 2152 2021 me.
2188 1986 2208 2018 3
2240 1966 2373 2020 Nam
2427 1983 2554 2022 cum
2584 1968 2772 2024 hostes
2796 1984 3006 2033 curam,
3054 1985 3218 2040 quam
3244 1971 3315 2025 de

1733 2074 1819 2112 me
1849 2058 2013 2127 geris,
2045 2058 2298 2122 viderint,
2324 2058 2622 2124 ignominia
2653 2059 2796 2128 pleni
2831 2071 3016 2124 erunt,
3070 2069 3127 2115 et
3155 2060 3298 2115 infa-

1733 2165 1851 2204 mes
1898 2149 2042 2218 tfpud
2091 2165 2282 2204 omnes
2341 2149 2494 2205 ﬁent.
2549 2149 2804 2220 [Proprie
2853 2161 3033 2206 autem
3072 2152 3302 2220 signum

1735 2241 1934 2295 bonum
1961 2240 2254 2310 gentilibus
2299 2240 2448 2294 dedit
2496 2240 2641 2296 Deus
2686 2256 2750 2294 ex
2796 2240 2904 2294 Deo
2943 2257 3184 2306 crucem,
3216 2258 3312 2310 per

1732 2347 1898 2402 quam
1934 2345 2282 2386 communem
2317 2331 2528 2384 hostem
2576 2331 2627 2384 iu
2662 2328 2849 2399 fugam
2883 2331 3063 2394 vertit,
3111 2341 3166 2386 et
3197 2341 3311 2386 tro-

1733 2437 1906 2492 pmum
1941 2429 2133 2476 contra
2173 2420 2450 2474 dtemonas
2505 2432 2558 2474 et
2599 2421 2772 2475 malos
2817 2421 3053 2490 impetus
3105 2425 3308 2480 erexit.

1732 2511 1955 2584 Ameu.]

2055 2643 2328 2698 INTERP.
2391 2641 2641 2695 PSALMI
2707 2641 2994 2696 LXXXVI.

1801 2779 1967 2833 Vsus.
1997 2779 2048 2832 1.
2080 2796 2098 2830 ι
2133 2777 2289 2832 Filiis
2315 2776 2478 2831 Core.
2514 2776 2764 2831 Psalmus
2796 2776 3014 2831 cantici.
3076 2793 3094 2825 3
3130 2775 3192 2830 Et
3220 2775 3310 2830 hic

1730 2869 1972 2937 psalmus
2002 2869 2246 2938 gentium
2279 2881 2496 2936 quoque
2525 2865 2754 2921 salutem
2789 2866 3055 2935 prtccinit,
3081 2874 3135 2920 ct
3161 2866 3308 2934 pium

1729 2957 1942 3012 vivendi
1975 2966 2176 3012 statum
2211 2956 2477 3025 praedicit,
2512 2969 2674 3024 quem
2716 2955 2981 3010 Dominus
3035 2955 3309 3021 Christus,

1730 3063 1854 3103 cum
1882 3049 2048 3103 homo
2079 3046 2258 3101 factus
2281 3056 2450 3112 esset,
2482 3046 2689 3101 docuit.
2725 3065 2743 3096 ι
2787 3043 3166 3101 Fundamenta
3190 3045 3310 3116 ejus

1734 3139 1787 3192 iu
1826 3138 2100 3193 montibus
2133 3137 2357 3192 sanctis.
2398 3154 2416 3188 3
2450 3123 2820 3190 Fundamenta
2862 3136 3100 3205 pictatis,
3129 3136 3309 3191 divina

1735 3240 1862 3285 sunt
1907 3237 2197 3299 praecepta.
2247 3232 2264 3252 ⁶
2295 3227 2502 3281 Montes
2540 3243 2670 3282 vero
2716 3229 2910 3293 sancti,
2963 3243 3126 3298 supra
3171 3243 3312 3298 quos

1736 3320 1852 3382 hmc
1881 3318 2242 3374 fundamenta
2272 3318 2426 3386 jecit,
2455 3317 2760 3373 Salvatoris
2793 3318 2968 3376 nostri
3001 3325 3132 3372 sunt
3179 3332 3312 3388 apo-

1735 3413 1882 3466 stoli.
1914 3411 1987 3465 De
2017 3409 2103 3465 his
2133 3409 2279 3464 enim
2321 3409 2508 3464 beatus
2539 3407 2744 3463 Paulus
2786 3408 2962 3463 dixit:
2999 3427 3018 3459 ι
3062 3406 3312 3478 Supera:-

1734 3500 1936 3556 dilicati
1972 3499 2106 3555 estis
2159 3513 2324 3568 supra
2379 3496 2799 3552 fitttdamcutum
2854 3497 3226 3568 apostolorum
3258 3507 3312 3553 et

1733 3591 2152 3661 pr0phetarum,
2186 3589 2343 3658 cujus
2366 3588 2505 3656 lapis
2527 3588 2806 3658 angularis
2837 3598 2918 3644 est
2943 3588 3192 3642 Christus
3218 3587 3308 3644 Je-

1723 3677 1830 3744 ).us
1863 3692 1907 3735 ι.
1949 3681 2058 3750 »ζΕι
2083 3695 2280 3735 rursus
2315 3697 2328 3732 :
2361 3667 2394 3727 ι’·
2425 3667 2626 3734 Petrus.
2645 3689 2696 3733 et
2716 3677 2954 3733 Jacobus
2979 3689 3031 3732 et
3051 3677 3310 3744 Joannes,

1733 3773 1825 3842 qui
1857 3772 2182 3825 videbantur
2217 3769 2490 3823 columna:
2519 3783 2642 3824 esse
2674 3779 2722 3822 α.
2767 3785 2787 3819 3
2819 3769 2888 3822 Et
2916 3768 3182 3824 Dominus
3208 3768 3310 3823 Pe-

1735 3869 1840 3926 tro,
1888 3868 2007 3929 post
2042 3873 2225 3912 veram
2278 3867 2331 3910 et
2384 3857 2623 3912 divinam
2664 3857 2812 3911 illam
2864 3857 3310 3930 confessionem,

1733 3950 1870 4003 dixit
1902 3965 1914 4000 :
1956 3965 1975 3997 ι
2014 3945 2096 4001 Τυ
2125 3962 2184 4001 es
2230 3945 2446 4011 Petrus,
2483 3953 2536 3998 et
2562 3959 2726 4015 super
2752 3945 2896 3998 hanc
2937 3954 3143 4014 petram
3174 3946 3307 3999 acdi-

1735 4037 1911 4092 ﬁcabo
1941 4034 2244 4090 Ecclesiam
2278 4047 2478 4096 meam,
2511 4040 2563 4086 et
2599 4041 2769 4101 porta:
2796 4031 2995 4086 interni
3037 4049 3146 4087 non
3181 4050 3310 4102 prte-

1731 4131 1987 4187 valebunt
2015 4129 2280 4184 adversus
2306 4143 2425 4182 eam
2458 4128 2509 4181 ι).
2548 4147 2567 4179 3
2598 4127 2663 4180 Et
2688 4141 2884 4181 rursus
2918 4145 2930 4181 :
2975 4147 2992 4178 ι
3036 4127 3147 4183 Vos
3173 4133 3312 4190 estis,

1732 4224 1826 4278 lux
1856 4221 2067 4286 mundi,
2100 4229 2151 4276 et
2183 4219 2392 4289 1217
2441 4234 2546 4272 non
2600 4227 2779 4288 potest
2827 4218 3022 4273 civitas
3045 4221 3308 4276 abscondi

1733 4330 1896 4384 supra
1933 4325 2168 4367 montem
2199 4312 2372 4380 posita
2407 4321 2451 4361 ο.
2494 4329 2511 4361 3
2556 4311 2730 4379 Supra
2763 4310 2863 4364 hos
2892 4321 3114 4366 sanctos
3147 4327 3302 4368 mon-

1735 4415 1818 4462 tes
1859 4406 2122 4461 Dominus
2158 4403 2411 4460 Christus
2441 4404 2659 4472 pietntis
2693 4402 3052 4458 fundamenta
3076 4403 3230 4471 jecit.

1803 4583 1970 4638 Vsus.
1997 4583 2055 4637 2.
2093 4601 2112 4632 ‹
2143 4583 2323 4652 Diligit
2353 4583 2615 4635 Dominus
2677 4590 2861 4649 portas
2899 4580 3085 4635 Sionis
3141 4593 3308 4647 super

1735 4675 1917 4729 omnia
1959 4675 2303 4729 tabernacula
2337 4672 2546 4726 Jacobi.
2591 4691 2608 4722 3
2637 4674 2768 4738 Quae
2825 4681 3010 4726 autem
3064 4670 3139 4726 sit
3195 4671 3310 4725 haec

1737 4760 1896 4829 Sion,
1925 4763 2140 4820 divinus
2191 4763 2395 4820 Paulus
2449 4763 2725 4829 ιικιιιίοειιε
2795 4778 2814 4810 ι
2863 4759 3188 4822 Accessistis
3240 4757 3308 4812 ad

130 4954 158 4985 ι
182 4943 321 5014 Eph.
355 4960 416 5008 ll,
452 4943 542 4998 20.
614 4953 640 4982 ι
670 4941 845 4998 Galat.
880 4955 939 5007 ιι,
973 4939 1026 4995 9.
1107 4939 1134 4980 ι)
1167 4937 1359 4994 Matth.
1393 4951 1505 5001 3m,
1540 4937 1624 4992 18.
1704 4947 1726 4977 θ
1771 4935 1965 4991 Matth.
2000 4953 2053 5001 v,
2086 4938 2171 4992 M.

1156 5092 1391 5148 νΑιιιΑε
1431 5091 1814 5148 LECTIONES
1852 5091 1942 5145 ET
1971 5089 2200 5145 NOTAE.

125 5240 174 5272 ³⁸
199 5241 421 5310 Πολεμ.
444 5237 567 5310 cod.
609 5236 793 5310 [βαιά.
846 5231 1004 5287 τοῦτο
1024 5234 1130 5310 γαρ
1159 5233 1309 5310 λέγει
1352 5231 1442 5284 διὰ
1477 5231 1611 5310 τῷνῄ
1636 5230 1780 5310 ἐξῆ-ς.

923 5347 934 5360 .
993 5300 1116 5360 cod.
1156 5305 1175 5356 1
1229 5300 1447 5373 φέρον.-
1489 5301 1534 5373 1⁸
1569 5300 1762 5373 _E__cod.
1818 5300 1870 5355 1.

1410 5371 1454 5404 ³⁸
1493 5369 1823 5430 Ἐδίδαεεν.
1878 5367 1998 5420 cod.
2053 5368 2070 5417 1
2128 5365 2251 5418 add.
2287 5366 2445 5417 10610
2470 5366 2580 5434 γὰρ
2604 5365 2774 5434 λέγει.

56 5312 231 5366 Abest
282 5325 310 5363 a
341 5307 462 5364 cod.
503 5309 558 5362 2.
635 5307 681 5339 ⁸³
710 5310 916 5375 Πραγμ

57 5382 100 5413 ⁸⁷
128 5380 462 5448 Δεσπότης.
499 5377 622 5448 coal.
682 5376 714 5448 l_
760 5373 956 5448 atltl.__0
985 5373 1331 5448 Θεὸς-[λόγος.

1879 5231 1920 5263 ³⁸
1950 5228 2161 5291 Διόπερ
2195 5258 2262 5268 -
2291 5226 2455 5279 αἰτῶ.
2493 5226 2616 5280 Des.
2651 5225 2705 5278 in
2743 5227 2868 5280 cod.
2899 5224 2958 5280 2.
2996 5225 3078 5291 _“
3117 5222 3308 5291 Ἐμοί.

1971 5297 2016 5330 ³⁵
2047 5289 2165 5349 cod.
2203 5304 2429 5364 uterque
2490 5295 2838 5363 θεασάμενοι.
2891 5293 2961 5364 _f‘
2984 5289 3036 5364 _E
3074 5289 3197 5364 cnd.
3252 5291 3308 5348 1.

2888 5361 2934 5394 ³⁸
2965 5359 3220 5430 Gallum
3249 5377 3304 5415 κ.

55 5467 106 5504 τ.
128 5427 738 5515 ἰιιιῖιξδυτιι
767 5427 864 5499 ﬁt:
887 5444 949 5509 Il,
1008 5459 1060 5512 p.
1096 5427 1362 5515 772:3th
1399 5441 1628 5494 TheodOI

1738 5439 1922 5515 omine
1984 5435 2183 5515 attulit.
2251 5435 2304 5515 f°
2338 5435 2448 5515 Καὶ
2481 5427 2792 5515 ὲ-’ᾳτύλοι
2825 5427 3201 5515 εξναι.ι“.ρςεεε
3252 5431 3310 5486 in

57 5519 184 5574 cod.
217 5519 271 5572 2.
364 5518 407 5550 ⁸¹
442 5511 674 5587 Κύριος.
707 5517 827 5587 cod.
855 5515 890 5568 2
931 5511 1117 5587 praem.
1153 5511 1543 5587 εὔσπλαγχνος.

150 5587 328 5657 μένη.
385 5587 506 5643 Des.
554 5587 682 5642 ibid.

58 5606 150 5642 κει

58 5657 313 5732 ἀληθινή.

1647 5507 1691 5538 ⁶²
1724 5509 1886 5559 Μετὰ
1917 5534 1987 5544 ——
2016 5503 2357 5572 ὁμολογίαν.
2408 5504 2531 5572 Des.
2598 5504 2652 5556 itt
2677 5504 2800 5555 cod.
2823 5501 2912 5572 ε.

780 5585 827 5618 ⁸⁸
890 5569 1161 5654 simum.
1202 5582 1324 5638 cod.
1376 5569 1433 5637 Τ
1477 5569 1604 5635 add.

1769 5577 1888 5646 ὅρα,
1924 5574 1975 5627 τί
2014 5569 2144 5642 φησι
2189 5569 2275 5626 διὰ
2305 5572 2412 5624 τῶν
2469 5571 2614 5640 ἑξῆς.
2692 5572 2734 5605 ⁵⁵
2757 5570 2923 5639 Αὕτη
2956 5569 3015 5637 ἡ.
3055 5569 3179 5626 cod.
3217 5569 3242 5624 1

3020 5500 3067 5532 ⁸³
3091 5499 3206 5552 Καὶ
3241 5529 3312 5542 -
