3900 6324
339 317 469 383 1591

1370 293 1865 365 THEODORETI
1886 292 2229 354 EPISCOPI
2277 292 2647 353 CYRENSIS

3470 279 3603 346 1592

335 444 494 489 estur
527 443 726 485 nomen
757 427 876 496 ejus
912 420 1093 493 magni
1138 415 1351 473 consilii
1383 415 1631 485 angelus,
1675 408 1916 464 admira-

2029 401 2260 474 θρωπον,
2296 403 2392 458 καὶ
2449 404 2511 456 οὗ
2570 400 2723 485 Θεὸν,
2779 399 2868 454 διὰ
2915 398 3024 453 τῶν
3079 396 3209 470 ἑξῆς
3265 394 3605 465 σαφέστερον

338 525 487 585 bilis,
539 515 907 579 consiliarius,
973 515 1113 567 Deus
1159 509 1335 574 fortis,
1391 515 1606 577 potens,
1663 502 1915 571 princeps

341 614 507 684 pari<,
539 622 691 679 pater
720 607 885 661 futuri
916 603 1102 660 saeculi
1129 601 1193 669 ιὶ;
1230 619 1247 651 ι
1286 599 1531 656 subdidit
1567 594 1729 666 paulo
1750 603 1873 663 post
1899 608 1911 642 :

348 699 703 774 «Supersolio
749 695 970 752 Davidis
1005 704 1058 749 et
1107 709 1272 764 super
1319 705 1488 761 regno
1539 690 1657 757 ejus
1682 683 1914 745 sedebit,

342 792 552 865 1242
583 800 640 845 ut
668 791 906 863 corrigat
935 787 1067 842 illud
1097 787 1225 840 inde
1253 785 1321 839 ab
1347 785 1450 838 hoc
1474 791 1717 850 tempore
1744 787 1917 845 usque

339 885 392 939 iu
426 894 745 954 perpetuum
766 876 1275 950 i.il’ostquamhu‘c
1296 877 1368 930 ita
1397 875 1463 929 de
1493 873 1729 928 Domino
1755 866 1917 923 Chri-

341 984 427 1032 sto
475 974 748 1045 praedixit,
805 972 872 1028 de
919 970 1166 1042 regibus,
1205 968 1298 1038 qui
1336 968 1392 1019 in
1448 964 1627 1020 medio
1670 962 1916 1026 fuerunt,

339 1066 504 1121 verba
541 1065 689 1120 facit.

406 1321 574 1377 Vana.
606 1322 799 1378 51-51.
836 1323 851 1341 ⁸
885 1340 902 1374 ι
941 1321 996 1376 Si
1030 1330 1211 1377 autem
1258 1320 1651 1391 dereliquerint
1681 1321 1771 1374 filii
1800 1321 1918 1391 ejus

339 1415 511 1486 legem
540 1430 740 1483 meam,
771 1423 826 1470 et
847 1415 898 1470 in
929 1415 1153 1485 judiciis
1182 1414 1318 1469 meis
1350 1428 1458 1469 non
1481 1414 1912 1480 ambulaverint;

339 1508 388 1562 si
441 1506 689 1577 justitias
736 1523 888 1564 meas
924 1507 1355 1579 profanaverint,
1402 1516 1457 1562 et
1501 1508 1758 1562 mandata
1799 1522 1917 1561 mea

338 1611 450 1652 non
487 1598 848 1654 custodierint
876 1619 889 1653 :
926 1598 1162 1655 visitabo
1183 1601 1333 1669 virga
1358 1598 1676 1668 iniquitates
1698 1613 1912 1662 eorum,

2018 494 2212 561 ἔδειξε,
2245 494 2324 565 τῷ
2351 492 2589 565 είπεϊν·]
2624 511 2642 542 ι
2673 480 2782 547 Καὶ
2831 492 3079 544 καλεῖται
3123 489 3184 543 τὸ
3232 489 3406 560 ὄνομα
3438 486 3600 542 αὑτοῦ

2021 591 2264 661 μεγάλης
2292 590 2490 660 βουλῆς
2507 589 2794 657 Ἄγγελος,
2826 585 3139 656 θαυμαστὸς
3169 585 3238 648 ⁴³,
3272 583 3599 654 σύμϐουλος,

2018 682 2152 745 Θεὸς
2185 680 2233 714 ⁸⁵
2264 681 2502 751 ίσχυρὸς,
2531 679 2908 749 ὲξουσιαστὴς,
2940 678 3123 747 ἄρχων
3147 677 3392 747 εἰρήνης,
3418 674 3599 745 πατὴρ

2017 774 2112 826 τοῦ
2147 773 2434 843 μέλλοντος
2482 771 2704 834 αἰῶνος.
2763 771 3044 841 Ἐπήγαγε
3076 768 3194 838 μετ’
3226 767 3436 835 ὀλίγον’
3484 767 3602 819 Ἐπὶ

2018 865 2109 918 τὸν
2140 863 2334 935 θρόνον
2368 862 2554 930 Δαϐὶδ,
2591 863 2684 916 καὶ
2723 860 2822 934 τὴν
2853 860 3132 931 βασιλείαν
3161 858 3350 923 αὐτοῦ,
3400 874 3601 928 κατορ-

2020 953 2190 1010 θῶσαι
2216 957 2383 1026 αὐτὴν
2416 955 2524 1009 ἀπὸ
2553 954 2650 1008 τοῦ
2682 954 2778 1007 νῦν
2807 954 2904 1007 καὶ
2932 956 3013 1017 εἰς
3041 952 3133 1007 τὸν
3167 950 3343 1005 αἰῶνα
3385 952 3600 1021 χρόνον.

2018 1049 2177 1104 Οὕτω
2205 1050 2273 1103 τὰ
2302 1049 2430 1117 περὶ
2458 1048 2554 1101 τοῦ
2585 1047 2859 1100 Δεσπότου
2891 1044 3131 1118 Χριστοῦ
3156 1045 3203 1079 ⁸⁸
3222 1042 3601 1115 προθεσπίσας

2017 1144 2045 1196 6
2076 1142 2256 1210 λόγος,
2304 1141 2434 1212 περὶ
2479 1140 2587 1193 τῶν
2617 1142 2675 1193 ὲν
2722 1138 2875 1210 μέσῳ
2923 1138 3234 1210 γενομένων
3266 1135 3600 1207 διεξέρχεται

2020 1234 2311 1305 βασιλέων.

2090 1323 2298 1379 λα’-λδ.
2334 1343 2355 1376 ι
2380 1323 2511 1378 Ἐὰν
2526 1321 2977 1391 ἐγκαταλίπωσιν
2996 1321 3048 1373 οἱ
3069 1320 3177 1374 υἱοὶ
3210 1316 3378 1374 αὐτοῦ
3399 1318 3493 1373 τὸν
3521 1317 3601 1372 νό-

2022 1434 2123 1489 μον
2190 1434 2316 1488 μου,
2370 1417 2468 1470 καὶ
2524 1417 2638 1479 τοῖς
2690 1412 2928 1485 κρίμασι
2982 1428 3090 1482 μου
3126 1411 3201 1482 μὴ
3231 1410 3597 1482 πορευθῶσιν.

2033 1508 2161 1563 Ἐὰν
2211 1508 2281 1561 τὰ
2313 1504 2664 1576 δικαιώματά
2704 1520 2808 1575 μου
2851 1502 3233 1573 βεϐηλώσωσι,
3263 1502 3358 1559 καὶ
3386 1502 3489 1564 τὰς
3518 1501 3599 1553 ἔνο

2018 1599 2182 1661 στολάς
2213 1616 2318 1668 μου
2365 1598 2441 1667 μὴ
2464 1594 2773 1666 φυλάξωσιν
2793 1611 2807 1624 ·
2828 1595 3202 1665 ἐπισκέψομαι
3220 1595 3278 1646 ὲν
3294 1591 3483 1663 ῥάϐδῳ
3503 1591 3601 1655 τὰς

338 1697 393 1743 et
412 1688 733 1745 verberibus
757 1698 977 1759 peccata
1003 1705 1219 1745 eorum.
1263 1689 1692 1745 Misericordiam
1728 1699 1910 1745 autem

2029 1692 2256 1762 ἀνομίας
2307 1689 2491 1744 αὐτῶν
2514 1706 2530 1722 ο
2557 1688 2653 1742 καὶ
2698 1688 2756 1741 ὲν
2808 1686 3029 1758 μάστιξι
3060 1686 3158 1750 τὰς
3193 1685 3405 1750 ἀδικίας
3431 1685 3478 1717 ’⁸⁸
3501 1685 3604 1737 a6-

339 1794 517 1835 meam
548 1796 654 1835 non
682 1780 989 1851 dispergam
1017 1783 1086 1837 ab
1110 1798 1195 1848 eo,
1233 1798 1407 1853 neque
1447 1782 1656 1838 nocebo
1690 1782 1743 1836 in
1773 1781 1908 1836 veri-

341 1876 452 1923 tate
482 1884 621 1924 mea.
659 1889 677 1921 ι
713 1868 882 1937 Licet,
910 1871 1108 1939 inquit,
1138 1872 1557 1928 innumerabilia
1585 1872 1921 1942 patraverint

340 1961 558 2025 delicta,
594 1963 685 2030 qui
732 1979 762 2017 a
797 1960 1000 2017 Davide
1041 1978 1212 2033 genus
1260 1965 1488 2029 ducunt,
1525 1965 1659 2034 ipsis
1698 1964 1918 2034 quidem

339 2066 533 2123 poenas
562 2053 842 2124 irrogabo,
870 2055 1287 2124 promissionem
1315 2067 1516 2121 tamen,
1538 2070 1701 2125 quam
1732 2054 1919 2111 Davidi

341 2143 624 2215 pollicitus
686 2160 852 2211 sum,
911 2146 1123 2200 (inuam
1176 2149 1428 2204 servabo.
1488 2147 1918 2203 Misericordiam

338 2248 519 2289 meam
557 2249 685 2289 vero
730 2251 839 2291 non
881 2237 1185 2307 dispergam
1215 2239 1284 2292 ab
1329 2253 1411 2302 eo,
1450 2253 1645 2308 nempe
1693 2238 1921 2302 Davide,

340 2339 520 2396 neque
543 2328 750 2384 nocebo
780 2329 836 2383 in
865 2331 1091 2385 veritate
1113 2345 1257 2386 mea.
1280 2331 1388 2385 Pro
1419 2329 1628 2389 nocebo.
1666 2328 1920 2400 Symma-

342 2418 480 2474 chus
505 2419 641 2475 dixit
678 2423 1064 2493 trausgrediar,
1105 2423 1302 2492 Aquila
1335 2438 1485 2486 vero,
1519 2439 1622 2477 non
1671 2423 1917 2483 mentiar.

343 2510 494 2586 [Non
520 2514 711 2568 nocebo
735 2515 875 2569 idem
901 2524 987 2570 est
1013 2515 1157 2584 quod
1187 2531 1293 2570 non
1319 2515 1589 2581 auferam,
1610 2531 1712 2571 nec
1735 2514 1919 2570 fallam

342 2619 492 2661 meas
514 2604 951 2679 promissiones.]

416 2865 582 2921 Vens.
606 2867 696 2922 55.
729 2887 748 2920 ι
780 2868 965 2938 Neque
982 2868 1286 2940 profanabo
1309 2878 1692 2926 testamentum
1715 2887 1918 2938 meum,

341 2964 399 3011 et
422 2970 544 3026 qua:
566 2959 869 3028 procedunt
894 2959 960 3014 de
984 2960 1142 3016 labiis
1166 2962 1302 3017 meis
1326 2977 1433 3016 non
1466 2960 1661 3018 faciam
1695 2963 1871 3017 irrita.
1896 2981 1917 3014 ι

2022 1784 2153 1838 τῶν.
2185 1783 2260 1837 Τὸ
2292 1781 2351 1836 δὲ
2379 1781 2531 1844 ἔλεός
2563 1798 2666 1852 μου
2718 1779 2781 1833 οὐ
2815 1779 2889 1850 μὴ
2930 1778 3271 1833 διασκεδάσω
3298 1779 3341 1809 ⁸⁷
3373 1777 3472 1831 ἀπ’
3508 1777 3607 1831 αὒ-

2020 1878 2139 1943 τοῦ,
2167 1875 2278 1933 οὐδ’
2316 1876 2376 1928 οὐ
2410 1875 2488 1946 μὴ
2520 1873 2566 1906 ⁸⁸
2589 1873 2836 1943 ἀδικήσω
2866 1872 2912 1905 ⁸⁸
2942 1873 3001 1925 ὲν
3020 1873 3086 1942 τῇ
3127 1870 3360 1941 ἀληθείᾳ
3403 1888 3531 1941 μου.
3562 1888 3582 1922 ι

2020 1968 2142 2021 Κᾶν
2170 1965 2341 2036 μυρία
2366 2004 2381 2029 ,
2412 1965 2549 2036 φησὶ
2589 1963 2656 2028 ⁵ο,
2699 1962 2998 2032 παράνομα
3049 1961 3325 2032 δράσωσιν
3350 1960 3396 1993 ⁸¹
3429 1962 3482 2014 οἱ
3533 1962 3605 2017 ὲκ

2020 2056 2117 2111 τοῦ
2146 2056 2315 2111 Δαϐὶδ
2351 2055 2412 2108 τὸ
2447 2054 2607 2124 γένος
2637 2054 2997 2122 κατάγοντες,
3028 2052 3228 2115 αὐτοὺς
3263 2051 3364 2124 μὲν
3395 2051 3605 2105 ὑποϐα-

2021 2150 2100 2205 λῶ
2152 2148 2449 2221 τιμωρίαις
2479 2187 2494 2213 ,
2526 2147 2625 2218 τὴν
2671 2146 2727 2200 δὲ
2757 2146 2897 2218 πρὸς
2932 2145 3024 2199 τὸν
3071 2144 3238 2199 Δαϐὶδ
3265 2144 3602 2213 ἐπαγγελίαν

2024 2242 2248 2315 βεϐαίαν
2268 2239 2601 2310 διαφυλάξω.
2641 2239 2715 2293 Τὸ
2753 2237 2811 2291 δὲ
2862 2237 3012 2301 ἔλεός
3052 2255 3152 2308 μου
3178 2236 3242 2290 οὐ
3282 2237 3358 2308 μὴ
3383 2236 3604 2290 διασκε-

2021 2334 2170 2388 δάσω
2207 2332 2302 2389 ἀπ’
2350 2330 2513 2386 αὑτοῦ
2544 2369 2559 2394 ,
2584 2330 2833 2384 τουτέστι
2862 2329 2908 2361 ⁸³
2941 2327 3036 2382 τοῦ
3089 2328 3276 2392 Δαϐὶδ,
3328 2327 3437 2381 οὐδ’
3469 2328 3516 2360 ⁸⁸
3541 2326 3602 2380 οὗ

2027 2424 2104 2497 μὴ
2125 2424 2371 2493 ἀδικήσω
2399 2424 2458 2477 ἐν
2481 2421 2529 2454 ⁸⁸
2561 2424 2628 2492 τῇ
2661 2420 2893 2492 ἀληθείᾳ
2946 2437 3073 2491 μου.
3123 2419 3199 2472 T6
3231 2419 3508 2489 ἀδικήσω
3534 2418 3602 2486 ³³,

2022 2515 2447 2585 παραϐήσομαι
2481 2514 2527 2547 ⁵⁸
2554 2515 2582 2566 6
2616 2514 2912 2584 Σύμμαχος
2978 2512 3204 2583 εἴρηκεν
3225 2530 3240 2543 ·
3273 2513 3302 2565 6
3339 2511 3399 2565 δὲ
3443 2512 3606 2566 Ἀκύ-

2020 2610 2142 2674 λας,
2185 2608 2257 2662 οὐ
2286 2607 2610 2675 ψεύσομαι.
2640 2604 2711 2676 [⁸⁷
2750 2603 2889 2660 Οὐδ’
2922 2606 2993 2659 οὐ
3021 2603 3109 2675 μὴ
3164 2602 3457 2673 ἀδικήσω,
3484 2603 3608 2660 ἀντὶ

2020 2701 2143 2767 τοῦ,
2171 2701 2246 2754 Οὐ
2292 2698 2369 2770 μὴ
2416 2696 2802 2768 παραϐιϐἁσω,
2835 2695 2943 2749 οὐδ’
2971 2696 3033 2750 οὐ
3081 2694 3157 2768 μὴ
3187 2693 3465 2766 ψεῦσομαί
3498 2712 3607 2769 μου

2021 2792 2122 2855 τὰς
2150 2787 2526 2860 ὲπαγγελὶας.]
2716 2813 2722 2818 ·

2094 2882 2190 2938 λε’.
2223 2900 2242 2934 ι
2275 2883 2398 2936 Οὐδ’
2431 2882 2492 2933 οὺ
2523 2880 2570 2913 ³⁸
2597 2879 2671 2951 μὴ
2706 2878 3002 2952 βεϐηλώσω
3047 2878 3145 2949 τὴν
3174 2877 3442 2949 διαθήκην
3475 2894 3608 2949 μου,

2025 2978 2121 3033 καὶ
2153 2977 2220 3031 τὰ
2253 2974 2668 3046 ἐκπορευόμενα
2699 2971 2789 3026 διὰ
2826 2970 2933 3025 τῶν
2982 2971 3211 3042 χειλέων
3253 2986 3360 3040 μου
3411 2969 3476 3022 οὐ
3528 2968 3609 3039 μὴ

342 3046 465 3102 Non
512 3047 692 3102 fallam
730 3065 883 3104 meas
936 3052 1348 3119 promissiones,
1407 3067 1515 3106 non
1551 3053 1916 3122 transgrediar

2029 3071 2297 3142 ἀθετήσω.
2337 3089 2356 3122 ›
2385 3070 2460 3123 Οὐ
2482 3068 2527 3101 ⁸⁸
2562 3065 2837 3137 ψεύσομαι
2866 3078 2970 3132 μου
3011 3064 3113 3125 τὰς
3147 3062 3507 3131 ἐπαγγελίας,
3544 3060 3609 3114 οὐ

345 3148 526 3210 pacta,
557 3142 651 3195 sed
686 3143 1085 3211 promissorum
1117 3147 1398 3199 veritatem
1427 3145 1738 3209 ostendam,
1766 3143 1919 3215 [eum

345 3227 518 3284 Filius
547 3246 700 3286 meus
728 3232 821 3301 qui
851 3248 1006 3302 aeque
1038 3249 1101 3287 ac
1132 3250 1231 3304 ego
1246 3238 1677 3309 caretprincipio
1700 3258 1766 3298 ac
1793 3240 1920 3306 line,

345 3338 376 3375 e
416 3320 617 3376 Davidc
653 3321 816 3376 homo
850 3321 1028 3377 factus
1071 3322 1258 3379 fuerit.
1310 3325 1425 3383 Hoc
1464 3330 1611 3383 enim
1643 3332 1776 3386 dicit
1826 3349 1924 3404 per

346 3429 409 3469 ea
432 3429 553 3485 quae
580 3415 934 3489 sequuntur.]

417 3502 628 3574 1243
669 3503 834 3561 Vens.
866 3507 954 3562 ‘56.
993 3526 1012 3559 ι
1052 3506 1429 3579 Semeljuravi
1466 3510 1519 3566 in
1551 3521 1740 3569 sancto
1777 3531 1918 3583 meo,

347 3593 398 3648 si
451 3593 635 3649 Davidi
671 3597 926 3653 mentiar.
961 3617 981 3649 ι
1012 3597 1254 3654 Firmani
1311 3604 1455 3656 enim
1513 3619 1636 3659 cum
1696 3605 1920 3663 fecerim

348 3683 452 3753 ipsi
504 3684 948 3753 promissionem,
982 3687 1124 3743 hanc
1155 3690 1220 3745 ad
1261 3690 1421 3747 finem
1452 3694 1767 3763 perducam.
1797 3695 1924 3751 Ver-

347 3773 477 3828 bum
502 3773 647 3830 enim
667 3775 852 3843 ,ἰαναυὶ
878 3778 1236 3835 confirmandi
1273 3783 1445 3852 gratia
1491 3784 1690 3854 posuit.
1734 3785 1922 3857 Siqui-

346 3863 468 3917 dem
498 3864 591 3933 qui
621 3865 827 3935 aliquid
861 3867 1212 3937 pollicentur,
1250 3871 1427 3927 solent
1453 3887 1583 3930 suas
1634 3876 1915 3946 pollicita-

347 3956 531 4010 tiones
556 3955 918 4025 jurejurando
946 3962 1296 4019 continuare.

420 4043 586 4102 Vens.
616 4048 705 4113 37,
745 4050 833 4105 58.
874 4070 893 4103 ι
932 4052 1128 4109 Semen
1175 4056 1297 4127 ejus
1326 4057 1377 4111 in
1434 4068 1699 4115 aeternum
1735 4061 1922 4116 manc-

348 4130 446 4204 bit,
484 4149 536 4193 et
568 4140 801 4196 thronus
853 4142 972 4213 ejus
1021 4146 1166 4201 sicut
1215 4147 1377 4202 solin
1408 4162 1703 4220 conspectu
1772 4168 1915 4207 meo.

347 4228 415 4283 Et
441 4230 582 4284 sicut
608 4230 734 4284 luna
766 4233 1003 4301 perfecta
1037 4237 1092 4290 in
1122 4246 1478 4304 :eternum,et
1507 4243 1659 4297 testis
1697 4242 1750 4296 in
1774 4246 1915 4299 cmlo

347 4322 544 4379 ﬁdelis.
589 4342 608 4376 ι
647 4324 754 4380 Ριό
778 4330 923 4382 testis
964 4328 1329 4399 Symmachus
1370 4336 1571 4401 posuit,
1606 4339 1696 4407 qui
1726 4341 1917 4410 testiﬁ-

347 4420 503 4470 catus
530 4426 629 4472 est.
661 4416 728 4473 Et
760 4421 811 4473 in
844 4421 1247 4492 septuagesimo
1275 4423 1451 4492 primo
1479 4427 1686 4495 psalmo
1722 4430 1914 4487 beatus
1953 4411 1997 4467 D

348 4505 516 4561 David
546 4510 615 4562 de
646 4509 874 4564 Domino
900 4509 1121 4565 Christo
1150 4512 1400 4578 praedixit
1429 4532 1443 4567 :
1500 4533 1519 4564 ‹
1554 4517 1695 4572 Ante
1745 4520 1917 4574 solem

348 4607 628 4664 permanet
655 4614 852 4653 nomen
882 4600 1133 4668 ipsius,et
1162 4600 1323 4655 simul
1355 4616 1477 4656 cum
1510 4606 1623 4660 sole
1637 4622 1923 4674 permane-

348 4687 446 4752 bit,
474 4698 528 4744 et
556 4697 683 4746 ante
713 4690 898 4749 lunam
916 4690 970 4746 in
998 4691 1197 4750 saecula
1227 4692 1573 4751 sreculorum.
1606 4716 1626 4750 ›
1649 4697 1920 4763 Quoniam

422 4891 447 4929 II
481 4889 586 4945 lsa.
622 4907 698 4958 ιιι,
735 4890 788 4945 6.
872 4889 888 4927 ί
930 4890 1063 4946 ibid.
1100 4892 1156 4948 7.

2025 3164 2422 3235 παραϐήσομαι
2452 3161 2551 3224 τὰς
2586 3159 2859 3230 συνθήκας
2884 3157 2951 3218 “⁰,
2982 3156 3119 3212 ἀλλὰ
3143 3156 3304 3222 δείξω
3337 3156 3449 3209 τῶν
3473 3155 3611 3209 timo

2025 3256 2260 3325 σχέσεων
2292 3253 2391 3324 τὴν
2429 3251 2708 3323 ἀλήθειαν,
2751 3249 2818 3321 [⁸⁸
2855 3249 2944 3301 ὅτε
3003 3250 3033 3301 6
3063 3249 3193 3318 ἐμὸς
3243 3247 3358 3311 υἱὸς
3394 3249 3422 3300 6
3475 3262 3611 3299 συν-

2024 3345 2258 3416 ἀναρχός
2289 3361 2378 3415 μοι
2395 3343 2491 3397 καὶ
2511 3342 2781 3404 συναῖδιος
2812 3341 2878 3395 ὲκ
2906 3339 3071 3393 Δαϐὶδ
3124 3338 3384 3409 σαρκωθῇ
3405 3354 3420 3370 ·
3446 3335 3611 3392 τοῦτο

2022 3436 2132 3508 γὰρ
2168 3436 2315 3504 λέγει
2345 3434 2433 3487 διὰ
2468 3433 2579 3485 τῶν
2611 3430 2788 3503 ἑξῆς].

2091 3526 2201 3591 λς’.
2240 3542 2260 3576 ι
2297 3521 2483 3587 Ἀπαξ
2507 3520 2698 3591 ὤμοσα
2726 3519 2804 3591 τῷ
2831 3521 2876 3552 ⁶¹
2911 3519 3054 3590 ἁγίῳ
3088 3536 3191 3590 μου
3220 3520 3285 3585 ⁸³,
3312 3518 3362 3571 εί
3390 3517 3471 3590 τῷ
3501 3520 3611 3572 Δα-

2025 3616 2112 3669 ϐὶδ
2138 3614 2434 3685 ψεύσομαι.
2472 3630 2491 3665 ι
2524 3610 2764 3665 Βεϐαίαν
2795 3611 2905 3681 γὰρ
2928 3611 3066 3681 πρὸς
3104 3609 3266 3663 αὐτὸν
3300 3609 3612 3679 ποιησάμε-

2026 3724 2114 3771 νος
2142 3707 2242 3776 τὴν
2268 3704 2581 3774 ὑπόσχεσιν,
2619 3702 2869 3774 ἐπιθήσω
2903 3701 3076 3773 ταύτῃ
3108 3701 3167 3754 τὸ
3186 3702 3358 3771 πέρας
3382 3716 3396 3730 ·
3422 3700 3610 3772 τὸγὰρ

2023 3795 2231 3864 ὤμοσα
2260 3794 2353 3847 ἐπὶ
2387 3792 2434 3825 ⁸⁵
2470 3791 2564 3846 τοῦ
2592 3790 2811 3862 βεϐαίου
2845 3791 3119 3853 τέθεικεν,
3153 3790 3228 3852 ὡς
3272 3790 3380 3843 τῶν
3428 3792 3607 3859 ὲπαγο

2022 3884 2362 3957 γελλομένων
2391 3886 2539 3957 ὅρκῳ
2573 3882 2933 3954 βεϐαιούντων
2959 3883 3057 3946 τὰς
3091 3881 3441 3952 ὑποσχέσεις.

2092 4068 2192 4139 λς’,
2208 4065 2432 4137 ληἈΤδ
2459 4063 2682 4137 σπέρμα
2698 4063 2862 4118 αὐτοῦ
2885 4064 2967 4127 είς
2986 4063 3076 4117 τὸν
3092 4064 3264 4118 αἰῶνα
3284 4065 3472 4134 μενεῖ·
3508 4062 3608 4116 καὶ

2021 4163 2051 4215 6
2073 4160 2262 4231 θρόνος
2304 4158 2467 4212 αὑτοῦ
2513 4157 2588 4220 ὡς
2617 4159 2645 4210 6
2680 4156 2833 4226 ἥλιος
2862 4157 3107 4210 ἐναντίον
3140 4172 3263 4225 μου.
3314 4153 3425 4207 Καὶ
3467 4153 3546 4214 ὡς
3569 4153 3605 4224 ἡ

2025 4252 2220 4323 σελήνη
2252 4249 2659 4320 κατηρτισμένη
2686 4251 2765 4311 είς
2810 4248 2903 4301 τὸν
2935 4247 3139 4300 αἰῶνα·
3177 4246 3272 4298 καὶ
3316 4246 3345 4296 6
3392 4244 3609 4315 μάρτυς

2023 4344 2080 4397 ὲν
2109 4342 2320 4413 οὐρανῷ
2359 4342 2568 4404 πιστός.
2609 4359 2628 4392 ι
2679 4341 2825 4393 ’Λντὶ
2850 4339 2943 4393 τοῦ
2979 4342 3011 4393 ό
3034 4338 3286 4413 μάρτυς,
3315 4340 3343 4393 6
3376 4338 3608 4406 Σύμμα-

2028 4450 2120 4504 χος
2144 4434 2175 4486 6
2209 4430 2753 4502 διαμαρτυράμενος
2798 4429 3033 4484 τέθεικε.
3069 4430 3179 4483 Καὶ
3232 4431 3289 4481 ἐν
3333 4426 3410 4498 τῷ
3446 4427 3609 4482 ἑϐδο-

2033 4521 2291 4595 μηκοστῷ
2318 4523 2414 4576 καὶ
2438 4521 2640 4592 πρώτῳ
2668 4518 2869 4590 ψαλμῷ
2894 4520 2922 4572 6
2946 4520 2990 4553 ⁵³
3023 4519 3296 4590 μακάριος
3322 4518 3486 4571 Δαϐιδ
3508 4534 3609 4569 πε-

2030 4616 2085 4686 ρὶ
2110 4614 2204 4669 τοῦ
2235 4613 2508 4667 Δεσπότου
2557 4610 2798 4683 Χριστοῦ
2828 4608 2873 4642 ⁶⁶
2915 4609 3292 4680 προηγόρευσε
3320 4609 3364 4641 ⁸⁷
3392 4624 3405 4638 ·
3442 4626 3462 4661 ι
3488 4607 3607 4678 Πρὸ

2025 4705 2122 4758 τοῦ
2155 4704 2308 4775 ήλίου
2333 4703 2576 4774 διαμένει
2604 4702 2666 4757 τὸ
2695 4701 2869 4771 ὄνομα
2903 4699 3090 4766 αὐτοῦ,
3122 4701 3219 4757 καὶ
3244 4698 3289 4732 ⁸⁸
3316 4714 3610 4770 συμπαρα-

1444 4991 1678 5049 νΑιιιλΕ
1718 4994 2100 5053 LECTIONES
2140 4995 2229 5050 ET
2260 4993 2489 5050 NOTAE.

415 5104 463 5136 ιι
516 5107 698 5169 θαυμ,
743 5128 813 5140 -
862 5098 1096 5165 αἰῶνος.
1149 5100 1270 5158 Des.
1324 5105 1376 5158 iu
1428 5107 1547 5163 cod.
1610 5108 1783 5167 Vatie.
1848 5113 1885 5166 Ι.

349 5174 446 5227 καὶ
469 5173 646 5233 αὖθις.

1941 5128 1991 5167 c.
2047 5112 2103 5167 lu
2134 5110 2255 5166 cod.
2282 5111 2306 5164 l
2346 5125 2535 5180 praem.
2563 5105 2681 5163 εἶτά
2711 5126 2865 5180 φησι.
2933 5109 2987 5180 _“
3015 5108 3178 5180 Θεός.
3209 5107 3332 5180 cod.
3358 5108 3383 5162 l
3412 5124 3607 5179 prtem.

748 5169 793 5200 "
830 5170 1106 5249 Χρισζοᾷ.
1144 5172 1317 5249 cod.l_
1361 5177 1486 5233 add.
1520 5179 1613 5233 τοῦ
1664 5181 1798 5235 Θεοῦ
1849 5182 2045 5249 Λόγου.

2183 5181 2230 5251 ‘f
2259 5176 2529 5251 Ἀδικίας.
2563 5180 2685 5251 cod.
2715 5176 2985 5251 Ya_tic._h.
3021 5179 3248 5251 l.__habet
3309 5176 3609 5251 ἁμαρτίας.

349 5238 796 5335 time33:13-
1210 5241 1441 5335 ίαεεανην,
1465 5264 1511 5303 s-
1547 5252 1831 5335 τρωρςςρρο
1906 5254 1916 5285 ι

2029 5253 2091 5306 ιὰ.
2112 5249 2289 5335 vatio.
2318 5250 2437 5335 οὐδὲ
2465 5238 2561 5321 μή.
2718 5247 3024 5334 ᾍδικιᾷσω.
3058 5238 3443 5335 Ποιπλῆριῢςς
3456 5238 3609 5305 nisti—

351 5315 478 5392 ξέαξν
511 5327 556 5365 ε·
577 5308 794 5392 fam:
857 5309 1068 5392 ΞΠ(ρν
1108 5308 1247 5392 λιβρι
1282 5308 1458 5392 sna?-
1484 5320 1604 5392 cod-
1639 5321 1674 5374 2
1699 5322 1828 5392 Ἐὰν
1863 5338 1911 5392 κγ

2074 5321 2228 5392 φηισὶε
2266 5320 2457 5392 suetis:

347 5385 396 5417 ⁸³
418 5377 959 5435 Τουτέστι-Δαϐίδ,
992 5377 1123 5433 Des.
1149 5377 1202 5435 in
1235 5377 1365 5441 cod;
1386 5387 1440 5444 2.

1547 5390 1593 5421 ⁸³
1631 5390 1787 5446 Οὐδ’.
1815 5387 1978 5446 Abest
2001 5408 2029 5445 a
2058 5387 2178 5445 cod.
2204 5387 2278 5443 2(
2343 5387 2400 5422 ’δ”
2425 5389 2522 5439 Ἐν
2556 5418 2624 5427 -
2643 5407 2781 5457 μου.
2814 5387 2941 5443 Des.
2965 5389 3021 5453 in
3044 5388 3165 5441 cod.
3197 5389 3252 5444 2.

2582 5317 2624 5349 ³⁸
2655 5320 2996 5387 Δράσωσιν.
3036 5319 3165 5372 eod.
3202 5319 3237 5372 2
3288 5317 3611 5389 ⁵πράξωσιν.

2582 5418 2624 5427 -
2647 5407 2781 5444 ιιου.
2814 5387 2941 5443 Des.
2967 5389 3021 5442 in
3044 5388 3165 5441 cod.
3197 5389 3252 5444 2.
3362 5387 3606 5444 ⁵⁵Ἀδικ.

350 5452 471 5525 cod.
503 5449 543 5525 lA
569 5462 749 5525 prium.
778 5449 845 5525 pd
881 5449 974 5521 μή.
1010 5451 1098 5525 ﬂ“
1131 5454 1351 5525 Παραϐ.
1389 5459 1512 5512 cod.
1539 5460 1563 5513 l
1590 5460 1781 5514 eadem
1815 5476 1916 5525 prae

2077 5462 2120 5494 ³⁷
2152 5459 2194 5513 Ε
2222 5458 2343 5513 rod.
2380 5459 2428 5512 l.
2504 5457 2551 5491 ⁸⁸
2583 5449 2721 5511 Οὗδ’
2745 5460 2837 5512 οὺ.
2872 5449 3000 5513 Bec.
3041 5459 3200 5513 lectio
3233 5460 3286 5513 h.
3320 5458 3355 5512 Ι.
3398 5468 3485 5514 εει
3507 5461 3608 5512 οὐ·

348 5520 427 5573 δέ.
502 5521 546 5552 ⁵⁸
571 5519 652 5596 ρύ
684 5548 750 5596 j—
768 5518 1146 5596 ἐπαήοελίας.
1175 5518 1302 5596 Des.
1324 5526 1389 5596 in
1417 5529 1539 5584 cod.
1573 5527 1625 5583 1.
1670 5571 1675 5574 .
1699 5530 1745 5562 ⁶⁰
1773 5518 1916 5585 Σύνέ

2029 5529 2109 5583 ad.
2143 5529 2164 5582 Ι
2205 5528 2327 5581 add.
2367 5544 2496 5596 μου.
2574 5528 2616 5559 ⁶¹
2644 5528 2681 5579 Ε
2713 5529 2835 5582 cod.
2872 5530 2918 5582 l.
2998 5529 3041 5560 ⁸³
3079 5526 3183 5593 Τῷ.
3217 5528 3340 5582 eod.
3373 5537 3611 5596 uterque

350 5605 549 5665 praem.
573 5588 649 5665 év‘.
680 5593 739 5639 ut
768 5589 817 5665 in
835 5598 1000 5665 textu
1029 5591 1241 5665 τῶν-ρ’.
1316 5595 1360 5625 ⁸³
1392 5596 1476 5660 Τῷ
1509 5596 1604 5664 ἀγ,
1629 5616 1766 5665 μου,
1804 5598 1916 5655 uel,

2029 5600 2102 5653 ἐι·
2125 5588 2463 5651 sanctitatem
2499 5613 2689 5650 meam.
2767 5599 2812 5629 ⁸⁸
2842 5597 2994 5651 Ἐπί.
3025 5588 3148 5653 cod.
3185 5599 3205 5651 l
3244 5599 3385 5652 ἀντί.
3459 5588 3526 5631 ⁶³’
3550 5599 3610 5651 Ὀ

347 5675 488 5725 pax.
524 5658 657 5710 Δαϐ.
685 5660 805 5712 eod.
832 5661 868 5711 2
892 5658 1017 5729 ἔφη.

348 5729 470 5785 cod.
496 5738 721 5800 uterque
744 5730 1049 5803 praemuni
1071 5729 1252 5787 πάλιν.

1130 5661 1175 5737 ff
1214 5664 1492 5730 Χριστοῦ.
1534 5661 1656 5724 cod.
1688 5670 1712 5724 ι
1743 5670 1866 5725 add.
1898 5669 1992 5723 τοῦ
2018 5668 2153 5723 Θεοῦ
2188 5667 2387 5737 Λόγου.

2493 5667 2536 5698 ⁸⁷
2560 5670 2781 5737 Προηγ.
2814 5667 2983 5723 Abest
3015 5682 3047 5723 a
3070 5667 3194 5724 cod.
3228 5667 3283 5722 2.
3396 5669 3443 5701 ⁸⁸
3465 5669 3606 5724 Καί.
