3900 6324
486 288 634 355 ⁷1643

1486 291 1978 353 THEODORETI
2018 291 2358 353 EPISCOPI
2396 292 2762 352 CYRENSIS

3644 289 3779 351 163i

493 406 641 464 enim
671 403 872 476 saepius
908 402 1107 459 factam
1158 403 1211 457 in
1259 402 1556 459 solitudine
1590 405 2076 459 contradictionem

2194 404 2435 477 γνώμην.
2480 403 2993 473 Παραπικρασμύν
3037 402 3145 474 γὰρ
3194 402 3434 474 κέκληκε
3483 403 3586 474 τὴν
3628 407 3686 457 ἐν
3713 411 3773 479 τῇ

490 500 732 555 vocavit.
789 497 880 553 Sic
924 497 1091 553 etiam
1127 496 1180 550 in
1218 498 1326 552 alio
1374 497 1452 552 ait
1491 499 1702 568 psalmo
1738 518 1751 553 :
1792 516 1810 549 ι
1845 496 2075 564 Quoties

495 586 969 642 exacerbaverunt
1002 601 1129 640 eum
1170 588 1223 640 in
1249 586 1491 653 deserto,
1522 596 1579 642 et
1615 588 1969 643 irritavcrunt
2000 588 2080 656 ip-

495 692 617 730 sum
651 677 704 728 in
747 682 895 729 terra
932 677 1200 745 inaquosa
1233 675 1284 731 ι).
1324 695 1343 728 ι
1381 678 1630 732 Ostendit
1674 692 1838 747 porro
1863 687 1912 733 et
1943 677 2074 731 libe-

494 782 615 822 rum
644 768 844 822 mentis
875 767 1191 823 arbitrium.
1223 767 1339 822 Non
1372 769 1517 823 enim
1552 770 1874 840 simpliciter
1902 769 2078 825 dixit:

491 858 572 915 Ne
612 859 977 924 obduremini,
1012 860 1108 914 sed
1138 877 1153 913 :
1192 879 1211 912 ι
1247 859 1426 915 Nolite
1455 862 1728 917 obdurare
1773 861 1942 917 corda
1986 876 2080 916 ve-

494 964 630 1019 stra,
676 973 694 1006 ι
747 953 957 1009 docens
1018 953 1170 1023 ipsos
1209 968 1333 1008 esse
1368 955 1589 1024 1288
1616 963 1871 1011 auctores
1892 955 2080 1023 hujus-

493 1047 646 1102 modi
704 1048 828 1102 duri
885 1046 1091 1103 cordis.
1139 1045 1346 1101 Deinde
1394 1047 1738 1103 manifestius
1791 1055 2080 1117 parentum

500 1138 931 1195 ioobedientiatn
964 1139 1071 1193 illis
1091 1139 1142 1193 in
1162 1139 1486 1195 memoriam
1521 1148 1760 1194 revocat.

570 1322 590 1342 '
628 1338 647 1371 ι
728 1317 886 1375 Sicut
922 1318 1010 1374 die
1045 1319 1362 1375 tentationis
1410 1320 1462 1373 in
1512 1319 1751 1385 deserto,
1789 1320 1882 1375 ubi
1913 1328 2086 1375 tenta-

493 1420 694 1468 verunt
739 1426 827 1467 me
874 1420 1058 1481 patres
1084 1412 1273 1476 vestri,
1305 1412 1696 1481 probaverunt,
1738 1420 1794 1467 et
1832 1412 2088 1468 viderunt

488 1520 662 1575 opera
696 1520 839 1560 mea.
878 1502 1071 1577 [νειιε.
1110 1503 1224 1577 ἱθ.]
1257 1504 1629 1576 Quadraginta
1661 1506 1841 1561 annis.
1883 1524 1903 1558 ι
1933 1504 2087 1572 Quo-

497 1600 645 1653 niam
668 1597 822 1658 ,enim
858 1596 912 1651 in
942 1596 1270 1667 promissam
1291 1606 1495 1651 terram
1520 1597 1730 1669 ingredi
1765 1596 2084 1662 noluerunt,

499 1688 621 1762 [sed
651 1687 1106 1742 cmutradixerunt
1137 1687 1245 1741 Deo
1273 1687 1515 1761 iubenti]
1551 1688 1901 1744 formidinem
1932 1691 2087 1747 stoli-

2181 496 2378 567 ἐρήμῳ
2408 495 2671 561 πολλάκις
2693 495 3074 566 γεγενημένην
3135 497 3469 566 ἀντιλογίαν.
3499 496 3662 551 Οὕτω
3683 505 3770 552 καὶ

2181 589 2240 641 ἐν
2297 588 2469 658 ἐτέρῳ
2531 587 2636 658 ἔφη
2688 585 2932 657 ψαλμῷ”
2978 605 2998 639 ι
3046 587 3285 650 Ποσάκις
3344 589 3769 661 παρεπίκραναν

2180 680 2345 735 αὑτὸν
2400 682 2458 733 ἐν
2503 683 2568 751 τῇ
2604 680 2818 751 ἐρήμῳ,
2873 679 3235 750 παρὼργισαν
3279 681 3445 736 αὐτὸν
3481 683 3540 735 ἐν
3579 687 3650 753 γῇ
3683 686 3773 738 ἀν-

2183 772 2348 843 ύδρῳ.
2392 790 2412 823 ι
2466 770 2679 835 Ἔδειξε
2720 770 2777 823 δέ
2821 772 2994 824 καὶτὸ
3023 772 3122 840 τῆς
3146 770 3377 843 γνώμης
3428 772 3767 845 αὐθαίρετον.

2184 862 2260 915 Οὐ
2305 862 2415 931 γάρ
2444 859 2634 923 ἁπλῶς
2671 855 2794 913 εἷπε
2823 875 2836 888 ⁸
2886 859 2979 931 Μὴ
3012 858 3410 930 σκληρυνθῆτε,
3445 860 3583 913 ἀλλά
3620 880 3638 912 ι
3681 860 3769 931 Μὴ

2186 953 2528 1023 σκληρύνητε
2580 950 2682 1014 τὰς
2731 948 2960 1020 καρδίας
3010 948 3167 1020 ὑμῶν
3197 949 3264 1014 ⁸¹,
3308 969 3326 1001 ι
3384 950 3656 1004 διδάσκων
3699 953 3768 1014 ὡς

2183 1043 2337 1098 αὐτοί
2384 1046 2491 1098 είσι
2516 1042 2617 1111 τῆς
2658 1047 2918 1114 τοιαύτης
2967 1042 3198 1115 καρδίας
3241 1041 3614 1113 δημιουργοί·
3658 1040 3770 1096 εἶτα

2184 1137 2524 1208 σαφέστερον
2568 1135 2669 1206 τῆς
2720 1136 2829 1190 τῶν
2862 1135 3116 1205 πατέρων
3142 1133 3427 1198 ἀπειθείας
3458 1136 3768 1205 ἀναμιμνή-

2185 1248 2327 1285 σκει.

2265 1339 2285 1373 ι
2317 1319 2476 1374 Κατὰ
2496 1318 2598 1390 τὴν
2621 1319 2840 1390 ἡμέραν
2869 1316 2962 1371 τοῦ
2992 1316 3304 1389 πειρασμοῦ
3329 1317 3374 1348 ⁸⁸
3397 1318 3456 1370 ἐν
3473 1318 3538 1389 τῇ
3560 1317 3763 1387 ρήμῳ,

2187 1406 2249 1467 οὗ
2284 1411 2582 1482 ἐπείρασάν
2612 1429 2680 1482 με
2713 1413 2762 1464 οἱ
2790 1410 3026 1483 πατέρες
3048 1409 3226 1479 ὑμῶν,
3253 1408 3587 1479 ἐδοκίμασαν
3617 1426 3681 1477 με
3703 1408 3762 1470 ³³,

2188 1505 2284 1557 καὶ
2335 1499 2477 1557 εἶδον
2525 1502 2593 1557 τὰ
2631 1502 2769 1573 ἔργα
2816 1517 2943 1572 μου.
2995 1498 3091 1572 [ι’]
3136 1500 3563 1571 Τεσσαράκοντα
3590 1500 3704 1570 ἐτη.
3744 1518 3761 1551 ι

2201 1595 2421 1665 Ἐπειδὴ
2469 1594 2579 1666 γάρ
2633 1594 2713 1658 εἰς
2752 1593 2851 1664 τὴν
2904 1590 3323 1663 ἐπηγγελμένην
3371 1591 3635 1644 εἱεεὶθεῖν
3674 1594 3769 1644 οὐκ

2182 1680 2579 1758 ¹ἠϐουλήθησαν
2625 1686 2751 1756 γῆν,
2790 1684 2870 1757 [⁸⁸
2912 1685 3028 1739 ἀλλ’
3075 1686 3329 1737 ἀντεῖπον
3384 1683 3658 1737 κελεύοντι
3697 1684 3769 1753 τῷ

496 1784 622 1837 dam
652 1788 707 1835 et
736 1790 944 1835 metum
975 1778 1319 1849 objicientes,
1356 1779 1712 1852 dicentesque
1742 1781 1859 1838 fore
1894 1791 1955 1838 ut
1984 1784 2084 1854 ipsi

2194 1779 2372 1853 Θεῷ,]
2420 1780 2538 1843 δέος
2580 1779 2774 1848 ἄλογον
2807 1777 3259 1848 προϐαλλόμενοι,
3305 1776 3399 1830 καὶ
3427 1775 3631 1829 δειλίαν
3674 1781 3770 1845 φέ-

491 1873 905 1939 occiderentur,
932 1880 986 1926 et
1032 1871 1192 1927 liberi
1220 1873 1418 1942 captivi
1462 1875 1674 1939 tierent,
1718 1877 1988 1946 permisit,
2026 1885 2086 1932 ut

497 1981 597 2036 per
625 1963 985 2035 quadraginta
1024 1978 1200 2018 annos
1237 1964 1343 2035 ipsi
1372 1965 1428 2019 in
1474 1966 1770 2022 solitudine
1800 1968 1963 2022 vitam
1990 1968 2086 2025 de-

489 2066 710 2131 gerent,
736 2057 915 2113 donec
942 2066 1421 2112 consumerentur.
1472 2078 1492 2110 ι
1522 2058 1776 2115 infensus
1815 2059 1889 2115 fui
1926 2076 2088 2131 gene-

498 2150 703 2207 rationi
749 2150 908 2215 huic,
964 2156 1020 2204 et
1062 2148 1174 2204 dixi
1211 2166 1224 2203 :
1263 2148 1490 2220 Semper
1532 2150 1587 2204 bi
1623 2161 1811 2207 errant
1844 2154 2027 2208 corde.
2062 2172 2081 2205 ι

497 2242 694 2313 Aquila
741 2250 795 2296 et
847 2240 1254 2312 Symmachus;
1308 2256 1410 2310 pro
1455 2244 1622 2298 verbo
1668 2243 1919 2314 lnfcnsus
1972 2245 2085 2314 fui,

500 2343 838 2407 posuerunt,
868 2348 976 2386 non
1005 2331 1171 2386 amice
1204 2332 1429 2402 a/fectus
1455 2334 1556 2403 fui.
1589 2334 1798 2391 Idcirco
1819 2375 1832 2399 ,
1877 2335 2084 2406 inquit,

498 2443 672 2499 genus
709 2425 841 2483 illud
883 2434 1204 2481 exsecratus
1244 2441 1367 2481 sum
1394 2466 1408 2489 ,
1462 2428 1651 2482 videns
1699 2429 1867 2483 levem
1903 2438 1956 2483 et
2003 2429 2089 2482 in-

494 2528 840 2576 constantem
894 2531 1084 2574 eorum
1113 2525 1376 2572 mentem.

544 2742 553 2747 -
578 2694 742 2750 Vsus.
771 2695 859 2749 ll.
893 2711 911 2745 ι
947 2692 1053 2763 Ipsi
1077 2707 1209 2749 vero
1235 2708 1343 2747 non
1367 2701 1745 2764 cognoverunt
1770 2684 1888 2748 vias
1914 2709 2083 2759 meas,

496 2787 648 2845 sicut
679 2786 862 2854 juravi
891 2784 945 2839 in
976 2784 1057 2839 ira
1083 2799 1204 2840 mea
1239 2783 1394 2839 :Non
1427 2784 1731 2839 introibant
1754 2784 1808 2838 in
1843 2785 2085 2854 requiem

500 2893 708 2942 meam.
737 2895 756 2930 ι
796 2876 1067 2931 liiautem
1092 2877 1160 2930 ad
1185 2875 1366 2930 minas
1396 2875 1710 2945 juramento
1741 2876 2088 2931 conﬁrmatas

499 2972 800 3027 noluerunt
837 2971 1139 3034 attendere,
1170 2984 1348 3040 neque
1399 2970 2090 3044 comminationesyoeni-

501 3065 671 3120 tentia
703 3072 949 3118 avertere
979 3062 1293 3118 voluerunt.
1335 3060 1629 3131 Propterea
1664 3071 1867 3117 terram
1915 3063 2086 3133 patri-

505 3157 611 3212 bus
641 3156 968 3225 promissam
997 3155 1223 3210 minime
1250 3155 1535 3210 consecuti
1558 3164 1708 3212 sunt.
1769 3154 1905 3210 Nam
1935 3156 2084 3211 illam
2112 3139 2156 3197 α

505 3262 741 3317 terram,
763 3250 878 3320 ejus
908 3250 1139 3320 requiem
1176 3249 1485 3320 appellavit,
1510 3251 1594 3304 vel
1621 3251 1919 3306 secundum
1952 3250 2089 3305 alios

502 3346 846 3414 interpretes,
897 3343 1143 3413 quietem.
1176 3342 1446 3408 Quoniam
1506 3343 1652 3397 enim
1695 3344 1751 3396 in
1788 3343 2089 3399 solitudine

502 3436 613 3492 iter
637 3433 928 3497 facientes,
954 3430 1270 3500 frequentes
1293 3433 1397 3486 loci
1420 3434 1755 3489 mutationes
1790 3432 2085 3499 iaciebant,

501 3535 781 3598 praeeunte
806 3525 1176 3590 tabernaculo,
1213 3525 1396 3595 inquo
1429 3524 1574 3582 Deus
1608 3525 1859 3581 habitare
1889 3526 2085 3581 existi-

505 3619 782 3684 mabatur,
810 3618 864 3671 in
896 3626 1041 3671 terra
1073 3632 1202 3671 vero
1239 3616 1643 3686 promissionis,
1675 3625 1729 3671 et
1771 3616 1873 3686 ipsi
1910 3614 1979 3670 ab
2005 3616 2090 3669 iti-

438 3716 441 3717 ⁷
511 3728 643 3768 nere
676 3709 896 3781 1389
941 3717 1252 3771 cessarunt,
1303 3718 1357 3764 et
1391 3706 1806 3763 tabernaculum
1859 3708 1912 3761 in
1949 3723 2086 3761 con-

503 3805 730 3860 secratis
764 3804 899 3857 locis
946 3804 1110 3855 lixum
1154 3801 1277 3866 fuit,
1320 3803 1445 3869 jure
1496 3802 1723 3870 requiem
1768 3801 2091 3870 promissio-

505 3898 591 3953 nis
617 3907 817 3953 terram
842 3894 1200 3965 nuncupavit.
1243 3894 1365 3949 Via:
1393 3902 1574 3950 autem
1611 3893 1702 3948 Dei
1731 3893 2091 3965 gubernatio-

504 4005 600 4047 nes
620 3988 929 4060 appellavit.

914 4121 1191 4180 INTERP.
1220 4120 1471 4180 PSALMI
1513 4122 1675 4179 XCV.

605 4258 625 4293 ι
683 4239 968 4295 Canticum
1034 4239 1259 4306 Davidi,
1314 4238 1538 4309 quando
1569 4237 1768 4293 domus
1823 4235 2087 4292 ardilicata

504 4331 606 4388 fuit
668 4343 788 4403 post
862 4333 1289 4402 captivitatem:
1340 4330 1472 4385 Sine
1540 4329 1700 4384 titulo
1735 4329 1917 4399 ,apud
1977 4328 2088 4382 He-

506 4427 702 4482 braeos.
745 4445 764 4477 ι
797 4424 909 4481 Nec
932 4427 1076 4478 hanc
1099 4422 1514 4492 inscriptionem
1536 4421 1728 4477 beatus
1754 4419 1922 4475 David
1951 4434 2086 4474 con-

459 4530 474 4560 -'
503 4524 750 4595 scripsit,
805 4538 905 4579 nec
940 4522 1034 4592 qni
1073 4536 1102 4576 a
1136 4520 1410 4590 principio
1440 4518 1781 4589 prophetiam
1818 4517 2083 4587 interpre-
2118 4554 2162 4607 Β

504 4616 602 4673 tati
656 4627 791 4673 sunt
829 4634 844 4670 :
888 4617 982 4672 sed
1034 4615 1176 4669 alius
1223 4613 1519 4683 quispiam,
1565 4620 1626 4665 ut
1657 4610 1954 4667 verisimib
1977 4619 2082 4675 est,

504 4708 789 4779 superﬁcie
818 4716 978 4762 tenus
1002 4706 1069 4762 ad
1095 4721 1318 4760 sensum
1365 4704 1560 4772 psalmi
1588 4701 1895 4763 attendens,
1937 4701 2085 4757 hunc

508 4800 689 4871 posuit
714 4799 954 4855 titulum.
1000 4797 1185 4852 Prima
1229 4796 1399 4853 facies
1431 4812 1561 4852 vero
1592 4796 1787 4851 litterae
1830 4795 2087 4850 convenit

580 5001 610 5045 ι)
639 5001 787 5071 Psal,
816 5015 904 5066 ον,
941 4998 1031 5052 li.

2189 1888 2412 1936 σκοντες
2434 1872 2502 1936 ⁵⁸,
2533 1870 2609 1934 ὡς
2636 1870 2793 1924 αὐτοὶ
2820 1869 2919 1940 μὲν
2945 1868 3425 1940 ἀναιρεθήσονται,
3445 1858 3777 1939 ’δορυάλωτα

2187 1966 2246 2021 δέ
2289 1967 2359 2020 τὰ
2390 1964 2580 2019 παιδία
2612 1963 2978 2033 γενηθήσεται
3012 1961 3081 2026 ⁸⁸,
3112 1961 3204 2014 τὸν
3234 1960 3773 2032 τεσσαρακοντούτην

2188 2059 2387 2122 αὐτοὺς
2429 2059 2487 2111 ἐν
2516 2059 2581 2129 τῇ
2629 2057 2825 2128 ἐρήμῳ
2855 2054 3140 2123 διαγαγεῖν
3163 2054 3207 2085 ⁸⁷
3243 2055 3631 2125 παρεσκεύασε
3652 2056 3774 2126 χρό-

2188 2168 2302 2218 νον,
2345 2151 2449 2213 ἐως
2485 2150 2641 2204 αὐτοὶ
2671 2147 3140 2219 κατηναλώθησαν
3176 2147 3242 2201 ⁸⁸.
3280 2166 3298 2199 ι
3340 2146 3705 2218 Προσώχθισα
3730 2148 3771 2179 ⁸⁸

2186 2244 2256 2313 τῇ
2302 2242 2465 2312 γενεᾷ
2516 2239 2722 2314 ἐκείνῃ,
2748 2239 2844 2292 καὶ
2883 2234 3037 2292 εἶπον
3083 2239 3295 2301 ⁹⁰,,’Λεὶ
3346 2239 3664 2293 πλανῶνται
3709 2242 3770 2309 τῇ

2188 2334 2407 2406 καρδίᾳ,
2448 2351 2468 2385 ι
2511 2332 2567 2386 '0
2601 2332 2657 2386 δέ
2699 2332 2949 2397 Ἀκύλας,
2986 2332 3081 2385 καὶ
3116 2332 3144 2383 6
3173 2331 3490 2402 Σύμμαχος,
3524 2332 3646 2385 ἀντὶ
3679 2331 3769 2385 τοῦ

2191 2425 2607 2494 ιΙροσὼχθισα,
2630 2423 3370 2495 Δυσηρεστήοηνεῐρήκασι
3386 2440 3401 2455 ·
3425 2423 3644 2485 τούτου,
3669 2442 3767 2493 φη-

2191 2519 2295 2585 σὶν,
2328 2518 2490 2572 ἕνεκα
2520 2518 2618 2588 τὴν
2643 2516 2840 2580 γενεὰν
2883 2517 3099 2586 ἐκεὶνην
3135 2515 3533 2585 ἐϐδελυξὰμην,
3560 2517 3619 2569 τὸ
3649 2515 3770 2570 κοῦ-

2190 2627 2289 2679 φον
2315 2608 2496 2663 αὐτῶν
2529 2609 2621 2661 καὶ
2651 2607 2969 2679 εὑρίπιστον
2996 2608 3093 2679 τῆς
3123 2608 3351 2677 γνώμης
3392 2606 3539 2661 ἰδών.

2265 2706 2353 2754 ια’.
2404 2719 2420 2751 ι
2448 2697 2611 2752 Αὐτοὶ
2657 2700 2700 2729 ἰ
2747 2698 2802 2750 δέ
2839 2697 2939 2750 οὐκ
2964 2697 3210 2765 ἔγνωσαν
3250 2697 3348 2760 τὰς
3370 2697 3524 2761 ὁδούς
3557 2715 3678 2769 μου,
3701 2696 3768 2759 ὡς

2189 2793 2382 2866 ὤμοσα
2412 2795 2470 2847 ἐν
2507 2796 2574 2865 τῇ
2618 2794 2756 2863 ὀργῇ
2805 2808 2906 2862 μου
2927 2807 2941 2820 ·
2977 2792 3039 2844 Ei
3065 2791 3108 2821 °'
3143 2789 3545 2844 εἰσελεύσονται
3569 2793 3647 2854 εἰς
3676 2790 3768 2857 τὴν

2190 2886 2537 2942 κατάπαυσίν
2591 2903 2712 2957 μου.
2751 2904 2768 2936 ι
2814 2886 2876 2937 Οἱ
2908 2884 2962 2937 δέ
2994 2887 3112 2947 ταῖς
3145 2883 3498 2954 ὠμοσμέναις
3536 2885 3582 2917 ⁸³
3614 2885 3766 2938 ἀπει-

2190 2979 2310 3036 λαῖς
2375 2965 2667 3048 προσέχειν
2705 2976 2806 3030 οὐκ
2860 2977 3151 3047 ἠθέλησαν,
3206 2975 3328 3029 οὐδὲ
3355 2976 3403 3008 ³⁵
3439 2976 3768 3048 μεταμελείᾳ

2192 3071 2354 3125 λῦσαι
2397 3071 2496 3142 τὴν
2527 3069 2759 3141 ἀπειλὴν
2803 3068 3211 3140 ἠϐουλήθησαν.
3262 3065 3336 3124 OB
3373 3069 3437 3139 δὴ
3467 3069 3633 3139 χάριν
3675 3068 3769 3139 τῆς

2188 3164 2300 3227 τοῖς
2360 3162 2637 3234 πατράσιν
2682 3161 3100 3233 ἐπηγγελμένης
3152 3161 3252 3215 οὐκ
3283 3162 3610 3232 ἀπήλαυσαν
3652 3163 3762 3233 γῆς.

2189 3257 2301 3328 Τὴν
2339 3256 2444 3327 γῆν
2472 3256 2581 3327 γὰρ
2615 3255 2829 3326 ἐκείνην
2867 3254 3251 3310 κατάπαυσιν
3271 3256 3458 3310 αὑτοῦ
3498 3255 3769 3329 προσηγό-

2189 3364 2408 3419 ρευσεν,
2444 3348 2479 3418 ἦ
2510 3347 2655 3401 κατὰ
2690 3348 2818 3409 τοὺς
2848 3345 3041 3410 ἄλλους
3073 3347 3416 3416 ἐρμηνευτὰς
3443 3346 3767 3410 ἀνάπαυσιν,

2202 3437 2422 3509 Ἐπειδὴ
2467 3437 2577 3508 γὰρ
2624 3439 2682 3491 ἐν
2729 3439 2795 3509 τῇ
2840 3438 3032 3508 ἐρήμῳ
3077 3437 3404 3508 μεταϐάσεις
3426 3434 3767 3509 ὁδοιποροῦν-

2188 3547 2280 3594 τες
2303 3532 2349 3564 ¹¹⁸
2383 3530 2666 3583 ἐποιοῦντο
2704 3531 2925 3600 συχνὰς,
2963 3532 3060 3602 τῆς
3100 3528 3308 3601 σκηνῆς
3348 3529 3687 3599 ἡγουμένης,
3718 3529 3766 3580 ἐν

2190 3616 2224 3697 ᾖ
2267 3624 2548 3676 κατοικεῖν
2578 3622 2607 3675 6
2636 3621 2770 3685 Θεὸς
2791 3622 3096 3693 ἐνομίζετο,
3127 3623 3182 3674 ἐν
3209 3621 3266 3675 δέ
3291 3623 3354 3692 τῇ
3382 3623 3452 3692 γῇ
3481 3621 3583 3691 τῆς
3609 3621 3766 3686 ἐπαγ-

2191 3712 2398 3779 γελίας,
2436 3712 2530 3765 καὶ
2564 3712 2721 3765 αὐτοὶ
2767 3712 2869 3782 τῆς
2909 3713 3223 3783 ὁδοιπορίας
3250 3712 3588 3775 ἐπαύσαντο,
3621 3711 3765 3778 καὶὴ

2192 3803 2368 3876 σκηνὴ
2397 3807 2510 3868 τοῖς
2554 3803 2940 3874 ἁφιερωθεῖσιν
2990 3804 3235 3873 ἐνεπάγη
3269 3803 3510 3875 χωρίοις,
3551 3802 3762 3863 εἰκότως

2191 3894 2583 3949 κατάπαυσιν
2643 3896 2873 3950 ἐκάλεσε
2921 3895 3023 3965 τῆς
3074 3895 3412 3964 ἐπαγγελίας
3471 3895 3573 3965 τὴν
3628 3894 3762 3965 γῆν.

2212 3986 2420 4053 Ὁδοὺς
2446 3986 2502 4040 δέ
2524 3985 2657 4040 Θεοῦ
2680 3986 2776 4051 τὰς
2799 3987 3116 4059 οἰκονομίας
3140 3986 3401 4042 ἐκάλεσεν
3420 3987 3486 4040 ⁸⁵.

2510 4123 2773 4178 ΕΡΜΗΝ.
2798 4123 2935 4176 ΤΟΥ
2957 4125 3069 4191 LE.
3095 4124 3416 4180 ΨΑΛΜΟΥ.

2268 4257 2286 4289 ι
2326 4237 2450 4309 ’ῼδὴ
2510 4237 2589 4307 τῷ
2644 4237 2832 4303 Δαϐὶδ,
2883 4238 2971 4292 ὅτε
3017 4239 3045 4292 6
3072 4233 3222 4302 οἶκος
3251 4238 3601 4310 ᾠκοδόμηται
3633 4238 3763 4310 μετά

2190 4313 2289 4401 τὴν
2316 4328 2713 4399 αἰχμαλωσίαν,
2753 4329 3129 4400 ἀνεπίγραφος
3181 4330 3309 4400 παρ’
3346 4330 3620 4401 Ἑϐραίοις
3646 4332 3707 4385 ⁸⁷.
3740 4349 3757 4380 ι

2192 4422 2328 4477 Οὐδὲ
2379 4421 2586 4490 ταύτην
2621 4422 2648 4473 6
2689 4420 2960 4491 μακάριος
2988 4422 3151 4474 Δαὸὶδ
3175 4421 3384 4493 ἔγραψε
3415 4421 3514 4491 τὴν
3542 4424 3759 4492 ἐπιγρα-

2191 4514 2319 4585 φὴν,
2356 4513 2480 4567 οὔτε
2522 4514 2632 4585 μὴν
2676 4515 2725 4567 οί
2759 4513 2816 4581 ἐξ
2847 4514 3022 4584 ἀρχῆς
3069 4515 3168 4585 τὴν
3219 4516 3561 4586 προφητείαν
3592 4516 3763 4586 ἡρμη-

2193 4608 2447 4671 νευκὸτες
2475 4623 2489 4638 ·
2522 4606 2681 4670 ἄλλος
2709 4607 2765 4661 δέ
2793 4625 2877 4671 τις
2904 4608 2978 4672 ὡς
3020 4608 3199 4663 ἔοικεν
3222 4608 3321 4680 τὴν
3346 4608 3405 4674 ἐξ
3430 4609 3475 4641 ’⁸
3507 4609 3763 4679 ἐπιπολῆς

2190 4701 2431 4755 διάνοιαν
2483 4699 2578 4753 τοῦ
2637 4698 2855 4771 ψαλμοῦ
2891 4699 3149 4766 κατιδὼν,
3196 4700 3402 4770 ταύτην
3435 4699 3645 4754 τέθεικε
3673 4700 3759 4770 τὴν

2193 4791 2552 4863 ἐπιγραφήν·
2613 4791 2878 4863 ἁρμόττει
2931 4791 2989 4844 δέ
3030 4791 3125 4845 καὶ
3174 4793 3285 4856 τοῖς
3334 4792 3398 4845 ἐκ
3454 4790 3759 4854 Βαϐυλῶνος

1635 5156 1872 5214 VARUS
1918 5155 2304 5214 LECTIONES
2354 5156 2447 5214 ΕΤ
2479 5156 2712 5215 NOTAE.

577 5305 633 5337 ⁴¹
670 5301 914 5373 γΎμῶικ
969 5301 1091 5356 eod.
1152 5299 1195 5373 1Δ
1237 5298 1364 5373 add.
1428 5297 1780 5373 di;__iv_f:t'fi_
1832 5297 2311 5373 παραπικρασμῷ.

2392 5296 2439 5328 "
2496 5301 2658 5366 Πειρ.
2726 5296 2850 5353 cod.
2930 5294 3112 5352 Vatic.
3159 5294 3354 5366 ,babet
3420 5293 3758 5366 Απιχρασμοῦ.

514 5375 561 5407 ⁸³
627 5364 961 5428 Ηε.Ἀι)θει
1018 5389 1046 5425 a
1095 5369 1221 5425 cod.
1283 5369 1440 5425 Alex.
1514 5369 1562 5403 “
1617 5364 1802 5423 E'eod.
1875 5364 1931 5421 ιζ
2003 5367 2050 5401 ⁸⁵

2194 5364 2478 5432 ιὶγκοντες.
2548 5364 2669 5422 cod.
2726 5369 2744 5422 l
2817 5384 3005 5437 praem.
3074 5365 3188 5421 καί.
3266 5367 3311 5397 ⁸⁸
3335 5364 3456 5420 cod.
3492 5365 3514 5418 1
3545 5366 3761 5437 γενήσε-

508 5460 622 5499 ται.
709 5443 755 5475 ⁸⁷
794 5444 918 5498 cod.
960 5443 985 5497 1
1016 5441 1241 5506 διάγειν.
1316 5438 1369 5472 ⁸⁸
1408 5444 1627 5495 Καταν.
1653 5439 1775 5492 cod.
1813 5440 1833 5492 l

1874 5453 2078 5510 praem.

2195 5478 2209 5500 ,
2241 5448 2294 5491 ct
2329 5438 2453 5490 add.
2483 5438 2532 5490 οἰ
2566 5438 2620 5490 δέ
2656 5434 2844 5503 παῖδες
2871 5437 3205 5510 ηὐξήθησαν.
3280 5434 3756 5510 ῗθιηρορςώχθίσαί

508 5515 630 5568 cod.
671 5514 694 5568 ‘l
732 5530 919 5585 prwm.
943 5513 1046 5585 6:6.
1120 5504 1167 5585 δέ
1190 5511 1319 5585 cod.
1351 5505 1567 5585 itaista.
1629 5509 1684 5585 ξι
1745 5504 2085 5585 Aptbi._c0d_

2194 5518 2264 5585 at.
2297 5523 2486 5585 praem.
2520 5509 2658 5585 xai._
2706 5510 2752 5585 °_'
2783 5504 3080 5585 EL'Ab'cst
3134 5508 3319 5585 aucoil.
3479 5506 3527 5537 ”
3559 5504 3678 5561 cod.
3725 5505 3755 5585 _i

506 5585 931 5655 ξμωμοσμένας.

508 5654 533 5707 ⁴
566 5654 686 5727 εῑρη

505 5727 567 5779 ιι.
602 5719 640 5782 l'.
676 5719 686 5727 ’
716 5728 762 5760 ³⁸
795 5725 914 5791 Ἐξ.
945 5719 1112 5781 Abest
1141 5737 1169 5776 a
1202 5722 1322 5776 cod.
1362 5719 1413 5773 1.

1009 5583 1056 5614 ’⁸
1092 5581 1248 5635 Οὐδὲ
1273 5610 1342 5620 -—
1377 5581 1594 5646 ἡδόυλ.
1629 5577 1751 5634 Des.
1793 5580 1844 5633 in
1883 5578 2007 5633 cod.
2066 5578 2119 5632 l.

2193 5578 2239 5609 ⁸⁸
2297 5573 2522 5630 Ὅδοιπ.
2561 5580 2683 5635 cod.
2718 5578 2742 5631 1
2778 5579 3086 5648 praetium;
3162 5578 3207 5610 ’θ
3235 5576 3586 5648 Ἑκίλὶεσεν.
3625 5573 3757 5648 ped.

694 5644 806 5710 κέν.
884 5644 928 5687 ’⁵⁷
968 5654 1108 5723 Παρ’
1156 5644 1468 5723 Ἑϐραίοις.
1515 5648 1629 5704 lmo
1690 5652 1856 5705 etiam
1912 5647 2056 5720 apud

2194 5662 2278 5703 nes
2304 5648 2627 5718 interpretes
2659 5644 2901 5704 Graecos.
2944 5647 3102 5704 Conf.
3131 5648 3322 5703 Montf.
3349 5648 3404 5703 in
3441 5644 3663 5717 Ilcxapl.
3700 5645 3758 5702 ad
