3890 6320
428 261 568 329 1671

1385 251 1877 316 THEODORETI
1943 245 2287 310 EPISCOPI
2352 244 2724 306 CYRENSIS

3559 232 3701 319 1672

433 302 683 423 praebent
713 365 731 404 :
761 346 817 404 in
854 346 1056 418 quibus
1081 343 1237 399 decet
1263 302 2020 408 divier‘EVJJtZianﬁ;

2141 302 2287 391 [ιτὶὶ
2326 302 2776 405 τὴν
2828 330 2968 400 πρὸς
3000 326 3166 382 αὐτὸν
3215 302 3549 395 παρέχουσιν
3580 314 3704 381 έισ.

435 420 702 499 benelicia
733 452 985 500 narrare,
1017 436 1391 505 hymnumque
1428 432 1731 502 gratiarum
1778 429 2014 485 actionis

2141 428 2257 487 δον.
2307 428 2367 481 ὲν
2414 420 2505 489 αἷς
2534 426 2808 496 προσήκει
2850 422 2951 486 τὰς
2986 422 3136 485 θείας
3173 420 3340 473 αὐτοῦ
3383 421 3481 472 καὶ
3523 435 3704 489 σωτηο

442 532 653 603 1312
690 530 834 583 velut
879 526 1083 580 donum
1124 522 1345 592 aliquod
1378 520 1601 575 oll‘erre.

516 728 537 762 ι
574 706 922 764 Conﬁtemini
957 704 1057 768 illi,
1095 703 1309 757 laudate
1348 718 1545 757 nomen
1563 702 1703 773 ejus.
1728 699 1919 774 [Vsus.
1937 701 2018 773 5.]

438 801 709 869 Quoniam
743 800 926 855 bonus
961 806 1045 852 est
1078 796 1362 861 Dominus,
1395 794 1448 848 in
1492 804 1757 847 aeternum
1797 794 2016 849 miseri--

439 893 624 948 cordia
657 892 796 960 ejus,
832 899 887 945 et
919 905 1098 960 usque
1131 889 1185 942 in
1237 887 1641 959 generationem
1677 892 1730 940 et
1792 901 2023 956 genera-

443 985 648 1039 tionem
695 984 901 1036 veritas
931 982 1070 1049 ejus.
1113 998 1131 1030 ι
1170 977 1456 1045 Quomodo
1486 978 1630 1031 enim
1659 992 1768 1031 non
1795 986 1879 1032 est
1932 976 2023 1047 ju-

459 1086 606 1128 stum
640 1072 897 1127 laudibus
933 1070 1187 1141 prosequi
1219 1083 1344 1123 eum
1402 1068 1494 1139 qui
1539 1067 1904 1137 inexplicabili
1931 1068 2023 1122 he-

443 1166 714 1236 nignitate
743 1165 934 1226 utitur,
964 1162 1234 1230 bonisque
1259 1159 1718 1229 promissionihus
1745 1160 1906 1213 linem
1931 1157 2027 1211 im-

2119 518 2269 590 ρίους
2292 518 2561 588 ὲργασίας
2592 516 2874 581 διεξιέναι,
2904 514 3000 567 καὶ
3028 512 3119 565 τὸν
3147 515 3500 583 χαριστήριον
3525 510 3698 581 ὕμνον

2118 606 2234 664 οἷόν
2271 627 2325 663 τι
2354 608 2529 681 δῶρον
2557 608 2914 679 προσφέρειν.

2197 721 2217 755 ι
2265 702 2709 773 Ἐξομολογεῖσθε
2740 700 2923 771 αὐτῷ’
2961 700 3164 752 αἱνεϊτε
3205 697 3269 751 τὸ
3306 697 3482 768 ὖνυμα
3513 697 3703 750 αὐτοῦ.

2123 794 2213 870 [ε’]
2239 798 2362 851 Ὀτι
2385 796 2621 867 χρηστὸς
2653 794 2878 866 Κύριος,
2913 792 2994 856 είς
3022 792 3115 845 τὸν
3147 790 3323 845 αἰῶνα
3351 790 3412 843 τὸ
3438 788 3583 853 ἔλεος
3610 791 3711 844 αὐο

2121 889 2239 953 τοῦ,
2273 890 2368 942 καὶ
2393 888 2499 953 ἕως
2525 889 2720 955 γενεᾶς
2758 888 2854 941 καὶ
2880 887 3077 954 γενεᾶς
3118 887 3155 956 ἠ
3182 882 3413 956 ἀλήθεια
3455 881 3637 936 αὐτοῦ.
3681 902 3702 935 ο

2124 980 2250 1044 Πῶς
2271 980 2382 1053 γὰρ
2412 980 2473 1034 οὐ
2505 980 2718 1035 δίκαιον
2747 980 2995 1052 ύμνεῖν³⁷
3021 979 3114 1033 τὸν
3143 978 3372 1049 ἀρρήτῳ
3399 976 3711 1047 φιλανθρω-

2125 1073 2228 1143 πίσ⁴
2262 1071 2578 1145 χρώμενον,
2621 1073 2719 1126 καὶ
2756 1074 2877 1136 ταῖς
2916 1071 3153 1140 ἀγαθαῖς
3182 1070 3545 1140 ὑποσχέσεσιν
3580 1070 3709 1121 ὲπι-

2124 1166 2347 1222 τιθέντα
2390 1166 2450 1220 τὸ
2502 1166 2717 1237 πέρας;
2751 1167 2816 1218 ’Δ
2854 1166 2963 1233 γὰρ
3008 1166 3104 1218 ἐπὶ
3137 1164 3236 1234 τῆς
3280 1162 3387 1216 τῶν
3425 1161 3711 1232 προγόνων

444 1255 646 1327 ponit?
696 1253 830 1320 Quae
888 1256 1035 1307 enim
1102 1261 1345 1322 tempore
1399 1252 1666 1320 majorum
1709 1260 2023 1307 nostrorum

2141 1259 2398 1330 ὅπέσχετο
2432 1260 2629 1329 γενεᾶς
2649 1300 2663 1319 .
2711 1256 2886 1312 ταῦτα
2918 1256 3013 1311 ἐπὶ
3046 1258 3145 1328 τῆς
3173 1256 3454 1327 ἡμετέρας
3494 1252 3711 1323 milli;-

450 1347 761 1420 spopondit,
805 1346 923 1400 haec
948 1356 1135 1399 nostra
1179 1352 1505 1413 tempestate
1541 1341 1787 1412 perfecit,
1824 1352 1879 1398 et
1940 1359 2029 1397 sa-

453 1443 618 1495 lutem
674 1455 836 1509 quam
905 1438 1185 1509 pollicitus
1228 1449 1332 1504 est,
1395 1451 1523 1492 vere
1565 1437 1809 1500 donavit,
1870 1436 2027 1510 [cum

451 1548 550 1604 per
597 1547 816 1588 crucem
862 1546 929 1585 ac
961 1541 1191 1584 mortem
1216 1529 1448 1585 salutem
1487 1536 1729 1584 nostram
1763 1527 2024 1583 olfecerit.

452 1623 672 1696 Amen].

904 1731 1181 1789 INTERP.
1214 1729 1468 1787 PSALMI
1506 1732 1569 1787 C.

522 1847 693 1907 Vsus.
732 1849 784 1902 1.
832 1868 852 1900 ι
882 1845 1136 1903 Psalmus
1179 1845 1389 1900 Davidi.
1428 1863 1447 1896 ι
1507 1844 1705 1914 Aliqua
1754 1842 2031 1913 exempla-

452 1945 537 1999 ria
566 1943 766 1997 habent
793 1957 807 1995 :
837 1958 856 1991 ι
891 1938 1099 2006 Quarta
1132 1936 1377 1993 Sabhati.
1405 1956 1424 1989 ι
1454 1936 1658 1992 Verum
1689 1951 1865 2006 neque
1890 1936 2032 2006 apud

455 2030 764 2096 Hebraeum,
817 2045 994 2100 neque
1043 2029 1186 2098 apud
1251 2028 1388 2083 alios
1439 2028 1801 2097 interpretes,
1854 2042 2033 2097 neque

453 2122 597 2195 apud
632 2121 988 2193 Septuaginta
1014 2120 1157 2177 hanc
1198 2119 1510 2175 invenimus
1536 2119 1892 2176 additionem.
1920 2118 2035 2174 Hoc

454 2225 638 2273 autem
683 2223 1067 2285 argumentum
1099 2212 1344 2282 psalmus
1367 2211 1551 2267 habet.
1589 2208 1769 2266 Josias
1793 2226 1888 2266 rex
1918 2225 2036 2267 omd

454 2325 555 2367 nes
586 2308 860 2363 idolorum
892 2320 1018 2360 aras
1049 2304 1298 2359 funditus
1336 2302 1519 2358 evellit
1545 2310 1575 2351 I
1603 2319 1617 2357 :
1673 2303 1869 2358 horum
1907 2317 2035 2360 vero

455 2397 767 2455 sacerdotes
805 2397 1043 2461 necavit,
1070 2405 1125 2450 et
1149 2395 1218 2450 ad
1251 2394 1543 2465 pristinam
1575 2394 1832 2464 pietatem
1864 2408 2037 2465 popu-

456 2490 569 2546 lum
616 2489 861 2544 deduxit.
893 2487 1013 2543 Non
1075 2495 1259 2549 autem
1311 2486 1377 2540 de
1438 2487 1753 2556 dogmatum
1802 2485 2035 2541 sanitate

456 2587 669 2636 tantum
702 2580 971 2635 sollicitus
1005 2578 1128 2643 fuit,
1154 2593 1347 2632 verum
1376 2577 1540 2632 etiam
1571 2580 1638 2632 de
1682 2577 1878 2635 oﬂiciis
1922 2579 2036 2633 vir-

456 2672 588 2729 tutis
625 2687 813 2729 curam
843 2670 1034 2740 gessit,
1069 2680 1218 2724 recte
1244 2669 1525 2739 judicans,
1555 2669 1836 2724 honorans
1869 2668 2036 2738 justi-

453 2764 611 2829 tiam,
645 2763 848 2834 injuria
881 2762 1102 2818 all‘ectis
1128 2776 1286 2831 opem
1341 2759 1543 2827 ferens,
1584 2769 1639 2816 et
1692 2760 1892 2831 injuria
1922 2760 2035 2817 ani-

455 2855 662 2911 cicntcs
687 2855 952 2925 plectens,
979 2853 1179 2908 civium
1215 2853 1438 2908 utilitati
1484 2853 1844 2923 prospiciens.
1910 2854 2037 2911 llaec

455 2964 582 3003 cum
646 2946 839 3001 beatus
886 2944 1054 3000 David
1114 2944 1458 3014 praevideret,
1497 2944 1644 2999 hunc
1704 2945 2036 3015 conscripsit

2132 1369 2333 1426 ρωκεν,
2359 1353 2454 1404 καὶ
2487 1351 2553 1422 ἡν
2581 1350 2957 1421 ἐπηγγείλατο
2988 1349 3290 1418 σωτηρίαν,
3321 1346 3539 1415 ἀληθῶς
3577 1344 3705 1399 ἑδω-

2134 1444 2371 1514 ρήσατο,
2408 1439 2479 1512 [³⁸
2511 1441 2599 1495 διά
2632 1438 2868 1510 σταυροῦ
2912 1441 3009 1494 xui.
3037 1439 3274 1492 θανάτου
3303 1437 3402 1509 τὴν
3432 1435 3714 1507 ἡμετέραν

2133 1532 2411 1605 σωτηρίαν
2440 1532 3037 1605 πραγματευσάμενος.
3077 1529 3299 1602 Ἀμήν).

2479 1735 2748 1791 ΕΡΜΗΝ.
2786 1734 2923 1789 ΤΟΥ
2960 1735 3017 1787 Ρ¹
3052 1734 3373 1789 ΨΔΛΜΟΥ.

2203 1847 2275 1903 α’.
2310 1868 2330 1900 ι
2364 1848 2454 1920 Τῷ
2486 1848 2654 1903 Δασιδ
2688 1848 2928 1918 ψαλμός.
2962 1866 2979 1899 ι
3019 1848 3181 1903 Ἐνια
3225 1846 3396 1900 τῶν³⁹
3447 1846 3718 1919 ἀντιγρά-

2134 1956 2253 2008 φων
2283 1939 2399 2010 ἔχει
2422 1956 2436 1972 ·
2468 1959 2487 1992 ι
2520 1940 2754 2011 Τετράδι
2783 1938 3104 1994 Σαδδάτων.
3139 1959 3156 1991 ι
3186 1938 3325 1993 Οὔτε
3353 1940 3411 1993 δὲ
3448 1941 3599 2011 παρὰ
3637 1939 3720 2010 τῷ

2148 2030 2418 2102 Ἑϐραίῳ,
2460 2030 2584 2086 οὔτε
2625 2031 2777 2103 παρά
2805 2033 2920 2093 τοῖς
2953 2029 3136 2094 ἀλλοις
3171 2032 3558 2101 ἑρμηνευταίς,
3586 2030 3719 2084 οὔτε

2135 2124 2290 2196 παρὰ
2336 2126 2450 2189 τοῖς
2510 2123 2916 2195 Ἐδδομήκοντα
2972 2123 3180 2195 ταύτην
3228 2124 3551 2195 εὑρήκαμεν
3613 2125 3720 2194 τὴν

2134 2215 2479 2287 προσθήκην.
2517 2215 2809 2270 ’Υπόθεσιν
2860 2217 2915 2269 δδ
2962 2217 2993 2270 δ
3040 2215 3256 2287 ψαλμὸς
3304 2216 3515 2288 ταύτην
3566 2216 3718 2286 ἔχει’

2147 2308 2358 2374 Ἰωσίας
2376 2309 2422 2343 ⁸⁸
2448 2311 2479 2363 ό
2500 2308 2756 2380 βασιλεὺς
2787 2308 3096 2363 ἀνέσπασεν
3130 2309 3379 2373 ἅπαντας
3408 2311 3473 2362 ὲκ
3498 2308 3720 2381 βάθρων

2134 2402 2266 2466 τοὺς
2285 2403 2398 2457 τῶν
2416 2401 2658 2457 είδώλων
2679 2402 2897 2474 βωμούς
2916 2417 2930 2432 °
2959 2403 3088 2466 τοὺς
3119 2403 3176 2456 δὲ
3197 2402 3406 2456 τούτων
3441 2404 3718 2473 κατηκόν-

2135 2510 2289 2547 τισεν
2337 2493 2544 2565 ἱερέαςο
2573 2495 2656 2557 είς
2697 2493 2756 2547 δὲ
2800 2493 2902 2564 τὴν
2933 2494 3212 2565 προτέραν
3243 2494 3529 2549 εὐσέϐειαν
3560 2495 3720 2550 ἐποδ-

2138 2585 2316 2656 ήγησε
2368 2585 2460 2639 τὸν
2496 2584 2647 2639 λαόν.
2683 2585 2759 2639 Οὐ
2807 2586 2976 2657 μόνης
3020 2586 3078 2640 δὲ
3122 2586 3227 2655 τῆς
3268 2586 3378 2641 τῶν
3427 2587 3719 2658 δογμάτων

2137 2677 2458 2749 ἐφρόντισεν
2480 2677 2693 2745 ὑγείας,
2724 2676 2863 2730 ἀλλὰ
2894 2678 2992 2732 καὶ
3014 2677 3128 2730 τῶν
3158 2678 3260 2748 τῆς
3287 2679 3491 2750 ἀρετῆς
3522 2682 3722 2750 ἐπεμε-

2135 2768 2277 2840 λήθη
2332 2769 2802 2839 κατορθωμάτων,
2829 2768 3008 2839 ὀρθῶς
3040 2769 3304 2834 δικάζων,
3340 2772 3619 2843 γεραίρων
3656 2771 3718 2825 τὸ

2137 2859 2372 2926 δίκαιον,
2407 2861 2669 2931 ἐπαρκῶν
2692 2861 3094 2930 ἀδικουμένοις,
3126 2863 3251 2927 τοὺς
3277 2862 3602 2927 ἀδικοῦντας
3626 2879 3720 2916 κο-

2137 2951 2339 3017 λάζων,
2384 2952 2485 3023 τῆς
2517 2952 2630 3006 τῶν
2675 2953 3070 3007 συνοικούντων
3104 2953 3376 3023 ὠφελείας
3424 2955 3717 3026 ἐπιμελού-

454 3039 750 3112 psalmum,
783 3048 837 3092 et
867 3038 1015 3093 illius
1053 3037 1314 3092 virtutem
1343 3037 1646 3107 explicans,
1694 3047 1750 3092 et
1779 3037 2031 3093 omnibus

2142 3059 2327 3115 μενος.
2362 3016 2553 3100 Ταυῦτα
2596 3045 2886 3117 πόρρωθεν
2930 3047 2959 3099 ό
3003 3016 3279 3117 μακάριος
3319 3016 3488 3101 Δαόὶδ
3525 3016 3720 3101 θεασά-

458 3129 784 3185 hominibus
855 3126 1211 3197 perfectionis
1269 3126 1642 3182 characterem
1700 3142 2035 3197 proponens.

458 3221 475 3243 ‘
505 3239 524 3272 ι
548 3217 974 3272 Misericordiam
994 3228 1047 3271 et
1071 3216 1333 3285 judicium
1361 3217 1985 3282 cantabotibi,Domine.
2012 3237 2034 3271 ι

463 3311 738 3377 Quoniam
776 3310 922 3363 enim
955 3315 1009 3363 et
1037 3307 1241 3375 injuria
1296 3308 1613 3362 all‘ectoruin
1648 3308 2035 3377 miserebatur,

461 3401 678 3473 1313
705 3411 758 3454 et
790 3399 993 3469 injuria
1024 3398 1317 3454 allicientes
1350 3399 1687 3454 admirabilis
1707 3398 1885 3456 Josias
1907 3414 2038 3455 con-

457 3494 775 3556 demnabat,
816 3491 1036 3546 illorum
1087 3492 1481 3555 narrationem,
1542 3492 1756 3549 laudem
1817 3493 2037 3550 miseri-

457 3586 659 3644 cordia:
682 3595 737 3642 et
777 3584 972 3655 judicii
1006 3585 1361 3655 nuncupavit.
1922 3590 1933 3599 '

531 3775 695 3832 Vens.
723 3776 778 3833 2.
811 3795 830 3828 ι
864 3774 1125 3842 Psallam,
1162 3783 1219 3831 et
1247 3774 1543 3846 intelligam
1574 3774 1627 3829 in
1651 3774 1734 3829 via
1766 3773 2037 3831 immacu-

457 3869 588 3927 lata.
631 3889 650 3923 ι
689 3868 1054 3941 Symmachus
1081 3883 1209 3924 vero
1233 3870 1315 3925 sic
1353 3886 1365 3922 :
1401 3865 1661 3933 Cantabo,
1691 3867 2035 3922 considerabo

442 3953 584 4005 viam
616 3954 1043 4024 immaculatgm.
1085 3956 1257 4022 Quam
1291 3971 1389 4025 per
1417 3956 1591 4011 sancti
1627 3955 1869 4027 Spiritus
1910 3974 2035 4030 gra-

2145 3153 2325 3208 μενος,
2355 3137 2548 3190 τοῦτον
2576 3137 2886 3207 συνέγραψε
2914 3137 3006 3190 τὸν
3034 3136 3250 3208 ψαλμὸν
3268 3177 3282 3202 ,
3318 3140 3412 3191 καὶ
3443 3137 3547 3209 τὴν
3573 3139 3716 3192 ὲκεί-

2139 3247 2234 3284 νου
2263 3228 2479 3296 διεξιὼν
2510 3229 2736 3301 ἀρετὴν,
2773 3230 2867 3283 καὶ
2897 3230 3066 3283 πᾶσιν
3095 3229 3408 3301 ἀνθρώποις
3445 3230 3718 3300 τελειότη-

2137 3336 2230 3384 τος
2250 3319 2563 3391 προστιθεὶς
2594 3320 2843 3390 χαρακτῆ
2854 3335 2944 3390 ρα.
2963 3335 2982 3368 ι
2998 3318 3243 3372 Ἔλεον⁶¹
3265 3320 3361 3372 καὶ
3384 3319 3571 3390 κρίσιν
3592 3320 3718 3392 ᾄσο-

2141 3411 2239 3482 μαί
2262 3428 2367 3474 σοι,
2396 3412 2592 3482 Κύριε.
2629 3432 2649 3465 ι
2685 3412 2907 3482 Ἐπειδὴ
2934 3414 3046 3485 γὰρ
3065 3414 3303 3476 καὶτοὺς
3323 3412 3716 3485 ἀδικουμένους

2137 3505 2312 3576 ὴλέει,
2341 3504 2438 3559 καὶ
2459 3505 2569 3559 τῶν
2594 3504 2927 3558 ἀδικούντων
2955 3507 2984 3558 ὁ
3009 3507 3316 3576 θαυμάσιος
3345 3506 3566 3570 Ἰωσίας
3585 3523 3715 3559 κατ-

2138 3594 2478 3665 εψηφίζετο,
2514 3593 2614 3665 τὴν
2666 3595 2798 3664 περὶ
2843 3595 3070 3650 ἐκείνων
3115 3596 3391 3668 διήγησιν,
3435 3598 3714 3668 εὐφημίαν

2136 3685 2289 3739 ἐλέου
2325 3685 2422 3738 καὶ
2451 3683 2690 3755 κρίσεως
2723 3685 3165 3755 προσηγόρευσε.

2209 3775 2279 3846 β’.
2310 3795 2330 3828 ι
2358 3776 2554 3842 Ψαλῶ,
2584 3777 2679 3831 καὶ
2711 3779 2932 3848 συνήσω
2960 3779 3017 3830 ἐν
3047 3777 3153 3847 ὁδῷ
3181 3775 3423 3847 ἀμώμῳ.
3459 3794 3483 3830 a
3516 3777 3635 3830 '0“
3658 3777 3710 3828 δὲ

2135 3871 2437 3939 Σύμμαχος
2507 3869 2719 3933 οὕτως·
2786 3868 3148 3934 Μελῳδήσω,
3224 3867 3503 3933 Mariam
3571 3868 3714 3923 ὁδίν

2131 3960 2375 4032 ἄμωμον
2451 3962 2553 4017 Ἦν
2609 3962 2701 4017 διὰ
2757 3963 2859 4031 τῆς
2933 3962 3030 4015 τοῦ
3094 3962 3413 4033 Πνεύματος
3488 3964 3710 4035 χάριτος

442 4043 575 4098 tiam
596 4044 709 4098 vidi
737 4061 858 4100 esse
880 4047 1022 4101 viam
1053 4064 1245 4118 puram
1263 4049 1482 4117 Deoque
1506 4057 1734 4119 gratam,
1759 4050 1900 4105 hanc
1931 4066 2031 4121 ego

2141 4050 2447 4122 ἐθεασάμην
2487 4052 2720 4126 ἄμωμον
2762 4054 2904 4119 ὁδὸν,
2953 4054 3049 4107 καὶ
3092 4053 3312 4126 θυμήρη
3359 4054 3517 4124 Θεῷ,
3576 4054 3708 4109 ταύ-

454 4156 603 4196 nunc
628 4155 724 4209 per
749 4139 961 4193 dulcem
995 4137 1373 4208 symphoniam
1404 4136 1717 4205 adjnngam.
1751 4152 1770 4185 ι
1802 4135 2031 4201 Quando

2141 4158 2230 4211 την
2261 4141 2360 4196 νῦν
2398 4143 2485 4198 διὰ
2529 4144 2628 4214 τῆς
2675 4140 2945 4214 μελῳδίας
2982 4141 3299 4213 προσθήσω.
3334 4163 3353 4196 «ι
3390 4145 3526 4198 Πότε
3561 4145 3708 4215 ἥξεις

451 4232 641 4286 venies
680 4233 744 4284 ad
785 4230 910 4285 me?
950 4250 968 4282 ι
1003 4228 1187 4285 Talem
1234 4229 1379 4284 enim
1429 4229 1515 4283 hic
1561 4228 1901 4285 admirabilis
1947 4229 2031 4283 vir

2134 4230 2273 4302 πρός
2299 4245 2398 4300 με;
2419 4247 2437 4280 ι
2458 4228 2735 4298 τοσαύτην
2752 4228 2800 4263 ⁸³
2824 4229 2935 4300 γὰρ
2953 4231 2982 4283 ὁ
3008 4228 3373 4299 θαυμάσιος⁸⁸
3392 4221 3549 4291 οὗτος
3574 4227 3708 4295 ἀνὴρ

451 4323 743 4394 puritatem
783 4322 996 4386 habuit,
1032 4330 1093 4373 ut
1125 4336 1249 4373 cum
1281 4318 1480 4372 liducia
1518 4319 1584 4373 ad
1612 4318 1784 4374 Deum
1821 4320 2029 4375 clama-

2141 4323 2407 4393 ἐκτήσατο
2453 4319 2811 4392 καθαρότητα
2836 4361 2850 4384 ,
2881 4321 2958 4385 ὡς
2990 4321 3129 4391 μετά
3164 4319 3479 4392 παρρησίας
3518 4320 3706 4390 βοῆσαι

450 4424 554 4481 ret,
589 4434 607 4467 ι
646 4414 874 4481 Quando
909 4413 1096 4466 venies
1130 4410 1195 4464 ad
1230 4411 1353 4463 me?
1382 4430 1399 4461 ι
1436 4410 1603 4476 Quasi
1640 4411 1785 4465 dicat
1810 4430 1826 4466 :
1854 4410 2031 4476 Rega-

452 4505 531 4562 les
558 4510 715 4562 aulas
746 4506 1060 4579 splendidas
1091 4512 1145 4558 et
1176 4502 1494 4572 magniﬁcas
1525 4503 1623 4557 tibi
1676 4503 1975 4572 praeparavi
2012 4522 2026 4557 :

452 4606 601 4652 tuum
632 4599 951 4658 adventum,
987 4592 1233 4654 Domine,
1251 4601 1470 4661 exopto,
1506 4601 1765 4660 tuamque
1793 4606 2031 4660 praesen-

451 4687 581 4741 tiam
613 4684 888 4748 desidero,
918 4683 1012 4738 sed
1041 4681 1280 4736 concede
1315 4680 1462 4749 quod
1495 4688 1803 4749 exomatur.
1843 4699 1862 4731 ι
1897 4679 2029 4735 Am-

452 4776 707 4833 bulabam
742 4776 795 4829 in
834 4773 1147 4828 innocentia
1182 4772 1365 4826 cordis
1397 4772 1501 4826 mei
1536 4772 1587 4825 in
1622 4773 1801 4828 medio
1832 4773 2028 4827 domus

452 4885 609 4925 meae.
642 4888 659 4921 ι
690 4868 828 4924 Cum
852 4866 1200 4936 simplicitate
1222 4865 1353 4931 vixi,
1378 4881 1484 4921 non
1508 4881 1643 4921 usus
1665 4881 1785 4922 sum
1810 4866 2023 4934 fraude,

523 5056 554 5100 r
583 5049 653 5105 IV
680 5047 815 5115 Reg.
850 5061 964 5101 χχιι
1004 5054 1059 5102 et
1081 5061 1211 5101 mu
1242 5064 1257 5115 ;
1299 5046 1340 5102 ll
1364 5046 1603 5118 Paralip.
1633 5063 1799 5103 xxxtv
1826 5057 1881 5104 et
1912 5064 2076 5104 xxxv.

2137 4410 2275 4483 πρὸς
2305 4413 2395 4464 τὸν
2417 4410 2573 4478 Θεὸν,
2599 4429 2618 4461 ι
2653 4411 2792 4465 Πότε
2820 4412 2973 4483 ἥξεις
2992 4412 3131 4483 πρός
3158 4429 3257 4482 με;
3292 4412 3438 4463 Ἀντὶ
3464 4411 3585 4475 τοῦ,
3608 4411 3707 4464 Εὐ-

2135 4503 2326 4573 πρεπῆ
2343 4503 2389 4535 “
2439 4518 2521 4554 σοι
2569 4501 2639 4555 τά
2689 4502 2940 4573 βασίλεια
2981 4503 3295 4572 κατέστησα
3315 4502 3381 4566 ⁸⁸,
3419 4502 3578 4556 ποθῶ
3618 4518 3704 4554 σου

2135 4593 2203 4666 [⁸⁷
2237 4593 2337 4663 τὴν
2376 4588 2757 4667 παρουσίαν,ὧ
2813 4594 3092 4649 Δέσποτα·
3147 4594 3435 4665 ἱμείρομαι
3459 4593 3585 4666 σου]
3615 4593 3706 4660 τῆς

2133 4686 2459 4756 ἐπιφανείας
2483 4726 2498 4750 ,
2538 4685 2675 4740 ἀλλὰ
2716 4685 2805 4748 δὸς
2842 4686 2905 4739 τὺ
2939 4685 3295 4756 ποθούμενον.
3330 4704 3350 4737 ι
3387 4684 3705 4758 Διεπορευό-

2136 4795 2245 4849 μην
2276 4778 2334 4829 ὲν
2360 4777 2567 4848 ἀκακία
2593 4778 2821 4847 καρδίας
2851 4794 2951 4849 μου
2974 4779 3032 4831 ὲν
3059 4778 3210 4849 μέσῳ
3233 4776 3329 4830 τοῦ
3356 4779 3507 4830 οἴκου
3539 4794 3661 4849 μου.
3682 4794 3699 4824 ι

2146 4869 2505 4942 Ἀπλότητι⁸⁸
2554 4868 2733 4934 συζῶν
2782 4869 3090 4923 διετέλεσα·
3150 4870 3250 4922 οὐκ
3309 4867 3575 4941 ἐχρώμην
3629 4866 3701 4920 δι-

1505 5223 1735 5282 νΑιιιέΕ
1779 5226 2166 5282 LECTIONES
2219 5226 2309 5282 ET
2350 5226 2579 5284 NOTAE.

517 5379 562 5448 ξ’
592 5377 1088 5448 εοᾱ.1ἁνυμνεῖν.
1164 5380 1208 5411 ³³
1269 5377 1313 5432 Ε
1359 5380 1483 5435 cod.
1513 5381 1564 5434 1.
1641 5382 1684 5414 ³⁹
1733 5380 1874 5434 Τῶν.
1928 5381 2050 5436 cod.
2096 5380 2121 5434 1

2183 5396 2370 5451 prtem.
2427 5380 2505 5434 δέ.
2584 5380 2630 5413 δ’
2679 5380 2838 5435 Ἰωσ.
2887 5379 3084 5451 codd
3150 5380 3695 5451 prmm.6patxa'pto;,

449 5448 492 5483 “
518 5446 653 5523 Rec.
683 5447 843 5523 lectio
863 5446 925 5504 h.‘
955 5448 998 5523 ΔΙ.
1030 5459 1144 5523 εει.
1164 5450 1333 5515 ἔλεος.
1362 5452 1438 5523 Α⁴²
1483 5450 1545 5504 '0
1571 5479 1656 5523 -Α
1677 5450 1939 5519 ἄμωμον.
1968 5451 2023 5523 ln

2141 5446 2199 5523 l3—
2244 5451 2558 5523 iaponitnr
2615 5460 2742 5521 post
2779 5446 3190 5523 προσηγόρευσε
3262 5449 3309 5481 ⁸³
3341 5446 3481 5523 Iob.
3514 5446 3691 5523 co'd._l

448 5518 725 5591 Ιτοιαύτην.
804 5519 991 5577 “cod.
1052 5521 1075 5573 1
1128 5521 1559 5591 θαυμαζόμενος.

1646 5521 1692 5552 ⁸⁸
1718 5523 1841 5575 cod.
1877 5523 1900 5575 1
1940 5522 2205 5591 εὐτρεπῆ.

2283 5519 2448 5574 tam
2482 5519 2633 5586 βασζ
2682 5519 2954 5575 χατέοντί
2983 5519 3102 5575 cod.
3157 5520 3182 5574 1
3249 5519 3571 5590 κατέστησα
3609 5520 3698 5590 τῆς

450 5588 730 5713 ﬁngite;
777 5591 876 5664 τὴν
932 5591 1162 5646 εἴσοδον.
1198 5588 1247 5623 ’στί
1274 5592 1316 5644 Ε
1366 5588 1490 5646 cod.
1554 5592 1605 5646 1.
1649 5591 1910 5645 Eamdem
1951 5592 2031 5647 lec

2141 5588 2243 5646 lem
2284 5591 2477 5647 habuit
2524 5590 2744 5651 Carala.
2816 5591 2861 5624 ⁸⁸
2912 5593 3082 5648 Ἀπλ.
3112 5590 3292 5647 cod.l
3336 5588 3527 5661 pnitui-
3564 5588 3694 5657 λέγει

483 5658 510 5713 ὲ
557 5660 660 5716 ὅτι.
