3890 6320
516 328 652 393 16τίἷί

1507 336 1989 399 THEODORETI
2025 339 2364 401 EPISCOPI
2391 342 2757 403 CYBENSIS

3620 343 3740 409 1681

514 458 638 512 llnts
672 466 966 526 espertem,
996 466 1050 512 ct
1078 455 1237 512 facile
1261 464 1344 513 est
1378 454 1477 509 tibi
1512 455 1650 511 alios
1677 457 1845 512 etiam
1881 457 2079 528 longa:-

2195 457 2249 512 τὰ
2279 457 2372 529 ἔτη
2419 477 2534 513 σου.
2576 478 2594 512 t
2619 460 2692 512 Σὺ
2722 457 2830 531 γὰρ
2863 458 3168 530 ἀπέραντον
3196 459 3339 530 ἔχεις
3368 457 3428 512 τὸ
3467 453 3625 522 εἶναι,
3653 464 3735 519 καί

512 566 614 606 vos
644 550 843 605 facere.

764 708 783 733 Ι

585 756 743 814 Vens.
767 754 859 822 $6,
880 755 967 822 27,
1013 752 1205 810 tlnitio
1225 761 1306 821 tu,
1331 755 1579 820 Domine,
1596 768 1793 810 terram
1818 754 2081 819 fundasti,

509 857 567 905 et
599 863 761 919 opera
789 863 1048 903 manuum
1072 856 1292 903 tuarum
1322 856 1450 902 sunt
1483 846 1631 903 coeli.
1662 846 1771 916 Ipsi
1803 846 2083 914 peribunt,

515 951 572 993 tn
616 948 799 994 autem
833 954 1141 1008 permanes.
1190 958 1209 990 ι
1255 938 1395 1005 Quid
1432 939 1577 993 enim
1611 939 1679 993 ab
1706 938 2082 994 universorum

513 1032 717 1102 Opificc
769 1031 883 1086 fieri
927 1047 1029 1085 non
1077 1032 1307 1101 posset?
1340 1030 1563 1100 1322
1598 1030 1674 1084 Te
1720 1029 1935 1085 volente
1973 1029 2083 1099 jam

514 1123 1090 1185 exsistitterra,cmlos
1105 1125 1316 1192 quinon
1340 1133 1496 1177 erant
1525 1121 1698 1176 fecisti
1722 1131 1805 1177 :et
1841 1121 2086 1176 cumista

516 1215 872 1276 mutationem
905 1212 1206 1283 patiantur,
1258 1222 1315 1267 tu
1346 1211 1743 1266 immutabilem
1792 1210 2085 1267 habesna-

517 1314 715 1359 turam.
759 1302 837 1357 Ex
866 1303 1154 1377 elementis
1200 1317 1365 1370 porro
1393 1317 1517 1371 quae
1556 1302 1741 1356 omnia
1779 1301 2083 1365 continent,

518 1396 743 1449 aliarum
807 1409 990 1448 rerum
1031 1393 1273 1448 omnium
1320 1392 1500 1462 ipsum
1554 1392 2083 1452 fuisse,creatorem

516 1487 771 1541 ostendit.
801 1504 820 1536 ι
843 1486 909 1539 Et
929 1499 1122 1540 omnes
1144 1483 1285 1538 sicut
1318 1482 1700 1538 vestimentum
1724 1490 2083 1551 veteraseent,

515 1588 570 1635 et
599 1581 742 1635 sicut
777 1578 1113 1648 opertorium
1162 1577 1349 1633 volves
1398 1590 1515 1642 eos,
1546 1585 1601 1630 et
1648 1575 2023 1630 mutabuntur.
2059 1591 2079 1625 ι

519 1670 880 1742 Symmachus
907 1676 1087 1723 autem
1130 1668 1215 1723 sic
1249 1685 1262 1721 :
1294 1665 1365 1720 Et
1405 1682 1583 1720 omnes
1622 1666 1758 1721 sicut
1804 1665 2083 1719 vestimen-

519 1766 946 1823 tumaetmcent,
983 1766 1032 1813 et
1084 1758 1220 1810 sicut
1270 1757 1519 1809 amictum
1576 1754 1807 1809 mutabit
1866 1769 1976 1818 eos,
2027 1761 2076 1806 et

518 1851 883 1907 mutabuntur.
930 1849 1130 1905 Omnia
1178 1848 1349 1914 enim,
1405 1862 1527 1917 quae
1552 1855 1877 1911 cernuntur,
1927 1859 2087 1903 sene-

519 1954 693 2011 scent,
739 1943 1303 2011 vestimentorumque
1340 1948 1667 1995 vetustatem
1699 1937 2086 1993 imitabuntur.

519 2037 601 2092 Tu
638 2046 820 2091 autem
850 2036 965 2104 ipsa
991 2032 1250 2095 mutabis,
1284 2040 1339 2086 et
1383 2030 1697 2097 renovabis,
1749 2037 1806 2084 et
1843 2030 2095 2084 incorru-

518 2126 727 2198 ptibilia
760 2141 857 2196 pro
895 2120 1348 2193 corruptibilibus
1402 2120 1588 2178 facies.
1630 2120 1746 2177 Hoc
1777 2130 1832 2178 et
1872 2122 2091 2176 divinus

518 2216 809 2288 Apostolus
837 2214 1036 2286 inquit,
1068 2233 1088 2267 ι
1116 2212 1384 2281 Quoniam
1410 2221 1466 2269 et
1481 2213 1598 2283 ipsa
1627 2220 1878 2267 creatura
1910 2212 1927 2232 ‘
1955 2210 2092 2267 libe-

522 2310 729 2367 rabitur
760 2323 792 2364 a
829 2307 1092 2362 servitute
1118 2304 1490 2376 corruptionis
1526 2305 1595 2361 ad
1626 2304 1937 2360 libertatem
1965 2302 2084 2373 glo-

522 2403 612 2457 riae
640 2400 877 2456 ﬁliorum
905 2396 1002 2454 Dei
1042 2396 1085 2453 τ.
1126 2414 1146 2449 ι

589 2538 755 2595 Vens.
780 2535 872 2591 28.
908 2554 928 2589 ι
964 2531 1046 2590 Tu
1088 2542 1269 2589 autem
1308 2532 1449 2588 idem
1483 2530 1604 2602 ipse
1641 2545 1724 2595 es,
1759 2538 1815 2585 et
1847 2531 1978 2585 anni
2015 2528 2091 2583 tui

522 2648 632 2687 non
667 2630 943 2686 deficient.
986 2646 1005 2680 ι
1040 2625 1124 2681 Τιι
1173 2625 1417 2696 quidem,
1469 2624 1714 2687 Domine,
1760 2636 1848 2677 res
1881 2632 2092 2678 creatas

446 2787 453 2797 ,
519 2727 799 2788 immutas,
840 2730 900 2776 ut
927 2720 1011 2775 vis
1046 2737 1058 2773 :
1090 2726 1147 2774 tu
1187 2725 1369 2773 autem
1403 2723 1656 2771 naturam
1688 2713 2088 2768 immutabilem

523 2824 576 2873 ct
602 2816 903 2872 mutatione
938 2813 1275 2883 superiorem
1312 2809 1499 2865 habes.
1529 2809 1657 2862 Haec
1699 2805 1918 2876 qvidem
1949 2804 2090 2859 divi-

522 2906 931 2977 nusApostolus
952 2905 1007 2958 in
1027 2902 1268 2973 Epistola
1299 2902 1363 2956 ad
1396 2899 1655 2954 Hebraeos
1683 2896 1806 2953 Filii
1839 2896 2090 2952 attribuit

521 2995 834 3069 proprietati
870 2994 1312 3051 “Nerumtamen
1340 2991 1395 3044 in
1428 2989 1568 3043 Filio
1591 2988 1804 3042 Patrem
1841 2993 2088 3040 contem-

519 3091 754 3161 plamur.
803 3089 935 3155 Qum
961 3088 1108 3144 enim
1142 3087 1231 3142 ille
1269 3084 1416 3148 facit,
1458 3083 1573 3138 haec
1609 3089 1663 3136 et
1691 3080 1860 3135 Filius
1895 3078 2085 3133 eodem

2186 550 2367 622 ῥᾴδιόν
2413 568 2495 604 σοι
2556 551 2652 605 καὶ
2710 552 2837 615 τοὺς
2887 552 3080 616 ἄλλους
3122 553 3457 625 μακροϐίους
3517 553 3735 623 ἐργάσα-

2187 643 2332 699 σθαι.

2243 754 2476 821 κς¹,κζ¹.
2517 773 2538 806 ι
2573 755 2709 808 Κατ’
2740 756 2915 826 ἀρχὰς
2937 756 3025 818 σὺ,
3061 755 3256 825 Κύριε,
3290 755 3389 823 τὴν
3435 756 3538 826 γῆν
3566 756 3738 828 ἐθεμε-

2183 844 2405 911 λίωσας,
2434 844 2529 899 καὶ
2557 844 2695 915 ἔργα
2719 846 2827 901 τῶν
2870 847 3069 918 χειρῶν
3102 847 3195 901 σού
3226 849 3364 901 εἰσιν
3415 849 3464 901 οἱ
3514 848 3732 918 οὐρανοί.

2183 935 2349 991 Αὐτοὶ
2380 935 2726 993 ἀπολοῦνται,
2759 939 2822 992 σὺ
2856 938 2910 991 δὲ
2947 938 3242 1005 διαμένεις.
3301 957 3321 992 ›
3362 938 3427 991 Τί
3482 939 3589 1008 γὰρ
3620 940 3734 993 ἀδύ-

2185 1042 2346 1080 νατον
2369 1026 2446 1096 τῷ
2479 1026 2587 1079 τῶν
2616 1027 2752 1081 ὅλων
2783 1029 3143 1099 Δηελιουργῷ;
3193 1032 3258 1100 τῇ
3289 1033 3360 1100 γῇ
3415 1029 3480 1083 τὸ
3522 1025 3653 1083 εἶναι
3681 1033 3735 1084 ὡ

2183 1117 2443 1182 δέδωκας,
2494 1120 2618 1181 τοὺς
2651 1120 2915 1186 οὐρανοὺς
2972 1123 3046 1190 μὴ
3108 1121 3267 1184 ὄντας
3321 1122 3604 1186 ἐποίησας,
3652 1124 3736 1175 καὶ

2174 1211 2388 1265 τούτων
2413 1210 2713 1282 μεταϐολήν
2739 1211 3064 1282 δεχομένων,
3098 1214 3162 1267 σὺ
3208 1213 3270 1266 τὸ
3297 1214 3566 1283 ἄτρεπτον
3585 1215 3732 1284 ἔχεις.

2199 1302 2332 1357 ’Δπὺ
2356 1301 2413 1356 δὲ
2440 1301 2547 1355 τῶν
2577 1303 2942 1373 πριεκτικῶν
2968 1303 3271 1373 στοιχείων,
3308 1306 3403 1357 καὶ
3431 1305 3541 1358 τῶν
3574 1304 3734 1359 ἄλλων

2185 1391 2347 1445 αὑτὸν
2388 1392 2645 1446 ἁπάντων
2673 1392 2841 1458 ἔδειξε
2876 1395 3128 1465 ποιητήν.
3164 1413 3182 1446 t
3218 1396 3325 1449 Καὶ
3360 1395 3559 1459 πάντες
3601 1397 3671 1458 ὼς
3695 1397 3732 1431 ¹⁶

2187 1485 2402 1556 ἱμάτιον
2432 1485 2928 1552 παλαιωθήσονται,
2981 1484 3078 1537 καὶ
3108 1484 3241 1538 ὡσεὶ
3275 1484 3618 1554 περιϐόλαιον
3641 1484 3738 1538 ἐλί-

2188 1577 2298 1642 ξεις
2321 1577 2516 1640 αὐτοὺς
2538 1578 2578 1609 ¹⁷
2613 1577 2707 1631 καὶ
2728 1576 3148 1646 ἀλλαγήσονται.
3178 1594 3198 1628 ι
3254 1575 3311 1630 '0
3358 1576 3417 1630 δὲ
3461 1575 3738 1646 Σύμμαχος

2186 1666 2387 1731 οὕτως’
2410 1667 2519 1722 Καὶ
2561 1668 2783 1734 πάντες
2807 1669 2849 1701 ⁸⁸
2900 1669 3099 1723 dinei"
3141 1669 3375 1738 ἱμάτιον
3412 1669 3736 1733 παλαιωθή-

2187 1776 2420 1824 σονται,
2450 1761 2547 1815 καί
2579 1762 2723 1815 ὠσεί
2764 1764 3149 1829 περιϐόλαιον
3163 1761 3209 1795 ’⁸
3255 1762 3541 1826 ἀλλάξεις
3564 1763 3603 1792 ⁸³
3644 1763 3738 1816 αὑ-

2189 1849 2413 1916 τοὺς¹²,
2464 1851 2560 1905 καὶ
2615 1850 3088 1920 ἀλλαγήσονται.
3141 1848 3394 1906 Ἀπαντα
3446 1853 3555 1921 γὰρ
3576 1854 3620 1885 ⁸³
3679 1852 3742 1907 τὰ

2188 1939 2443 2011 ὁρώμενα
2518 1942 2919 2012 καταγηράσει,
2995 1945 3092 1996 καὶ
3169 1944 3401 2013 ἱματίων
3460 1945 3741 2014 μιμήσεται

2191 2033 2524 2103 παλαιότητα
2543 2051 2557 2065 ·
2592 2034 2657 2087 σὺ
2690 2034 2747 2088 δὲ
2779 2035 2921 2089 αὐτὰ
2944 2034 3210 2102 ἀλλάξεις,
3239 2035 3335 2089 καὶ
3373 2038 3739 2105 νεουργήσεις,

2190 2127 2284 2181 καὶ
2323 2126 2577 2197 ἄφθαρτα
2602 2128 2860 2198 ποιήσεις
2897 2128 3018 2182 ἀντὶ
3081 2128 3353 2198 φθαρτῶν.
3387 2127 3562 2181 Τοῦτο
3592 2128 3682 2182 καὶ
3717 2129 3745 2180 6

2192 2219 2478 2283 θεσπέσιος
2492 2221 2539 2253 ⁸⁸
2553 2220 2873 2282 Ἀπόστολος
2893 2220 2998 2292 ἔφη
3016 2236 3030 2250 ο
3052 2219 3206 2273 «Ὅτι
3240 2221 3334 2273 καὶ
3363 2220 3504 2290 αὐτὴ
3531 2222 3565 2291 ἡ
3585 2219 3748 2281 κτίσις

2190 2310 2689 2382 ἐλευθερωθήσεται
2738 2312 2905 2365 drcb"
2955 2311 3058 2379 τῆς
3108 2310 3354 2373 δουλείας
3391 2311 3493 2380 τῆς
3526 2310 3746 2381 φθορᾶς,

2188 2406 2270 2469 εἰς
2306 2404 2404 2475 τὴν
2432 2403 2742 2475 ὲλευθερίαν
2772 2404 2871 2473 τῆς
2896 2403 3053 2473 δῦξης
3077 2403 3183 2457 τῶν
3208 2403 3415 2469 τέκνῳν
3442 2403 3537 2457 τοῦ
3565 2402 3743 2457 Θεοῦ.»

2261 2546 2368 2611 κη’.
2398 2558 2419 2592 ι
2455 2542 2528 2594 Σὺ
2559 2541 2617 2596 δὲ
2647 2543 2676 2595 6
2708 2540 2870 2605 αὐτὸς
2885 2535 2956 2606 εἶ,
2995 2540 3092 2594 καὶ
3118 2541 3187 2592 τὰ
3211 2540 3306 2609 ἔτη
3342 2557 3436 2594 σου
3466 2540 3567 2594 οὐκ
3592 2539 3750 2595 ἐκλεί-

2187 2633 2400 2703 ψουσιν.
2447 2651 2467 2684 ι
2497 2632 2608 2703 Τὴν
2657 2634 2753 2703 μὲν
2785 2633 2879 2687 οὖν
2932 2632 3109 2686 κτίσιν
3162 2632 3639 2705 μεταρῤυθμίζεις
3677 2631 3747 2694 ὡς

2190 2722 2418 2787 ἐθέλεις,
2480 2723 2525 2776 ὦ
2586 2723 2874 2778 Δέσποταο
2928 2725 2991 2777 σὺ
3038 2724 3094 2777 δὲ
3148 2725 3419 2796 ἄτρεπτον
3478 2725 3624 2795 ἔχεις
3652 2724 3751 2792 ³τὴν

2189 2815 2374 2885 φύσιν.
2411 2821 2506 2871 καὶ
2551 2816 2888 2880 ἀλλοιώσεως
2927 2817 3232 2883 κρείττονα.
3288 2817 3475 2871 Ταῦτα
3519 2818 3690 2888 μέντοι
3723 2819 3749 2868 6

2191 2906 2332 2968 θεῖος
2365 2906 2687 2970 Ἀπόστολος
2714 2910 2780 2978 τῇ
2810 2908 2901 2961 τοῦ
2931 2907 3058 2961 Υἱοῦ
3093 2908 3469 2980 περιτέθεικεν
3521 2908 3748 2976 ἰδιότητι.

2188 3000 2246 3049 ὲν
2276 3000 2342 3070 τῇ
2375 2999 2511 3069 πρὸς
2543 2997 2827 3069 Ἐϐραίους
2866 2999 3170 3069 Ἐπιστολῇ.
3218 3000 3358 3052 Ἀλλ’
3404 3001 3556 3068 ὅμως
3600 3005 3652 3051 ἐν
3680 2997 3751 3068 τῷ

2190 3087 2306 3160 Υἰῷ
2352 3088 2665 3161 θεωροῦμεν
2713 3090 2805 3144 τὸν
2845 3091 3087 3163 Πατέρα.
3144 3092 3211 3144 Ἀ
3251 3092 3359 3162 γὰρ
3381 3091 3448 3145 ἂν
3467 3093 3516 3124 ²⁶
3564 3092 3752 3152 ἐκεῖνος

522 3159 687 3239 inodo
716 3180 869 3246 facit,
902 3189 956 3236 et
979 3179 1169 3236 eadem
1215 3188 1410 3233 natura
1447 3177 1503 3231 in
1540 3187 1772 3244 utroque
1800 3171 2088 3242 cegnosci-

2196 3185 2359 3248 ποιεῖ,
2399 3182 2571 3236 ταῦτα
2620 3183 2712 3234 καὶ
2755 3184 2782 3235 6
2831 3183 2959 3246 Υῑδς
3014 3182 3276 3246 ὡσαύτως
3313 3186 3496 3236 ποιεῖ’
3556 3183 3646 3237 καὶ
3697 3180 3753 3233 τδ

520 3286 611 3333 tur
647 3288 853 3343 tunam
886 3272 1031 3328 enim
1074 3285 1197 3327 esse
1228 3269 1495 3324 actionem
1541 3265 1825 3321 Trinitatis
1860 3264 2089 3320 scimus.

587 3472 752 3528 Vsus.
784 3471 875 3528 29.
913 3487 932 3522 ι
980 3469 1105 3525 Filii
1136 3484 1419 3526 servorum
1474 3476 1692 3523 tuorum
1743 3465 2090 3530 habitabunt,

523 3572 578 3617 et
603 3577 790 3617 semen
824 3575 1016 3615 eorum
1050 3558 1105 3614 in
1146 3559 1405 3614 saeculum
1452 3557 1742 3627 dirigetur.
1783 3574 1802 3608 ι
1839 3553 2092 3627 Symma-

524 3654 661 3710 chus
686 3652 897 3724 1323
936 3650 1147 3721 posuit,
1192 3649 1538 3720 permanebit.
1588 3647 1871 3719 Significat
1911 3654 2090 3701 autem

523 3746 648 3801 illos
677 3760 715 3819 al
738 3744 1000 3800 servitute
1039 3742 1301 3797 liberatos
1333 3739 1767 3810 Hierosolymam
1809 3737 2092 3792 habitatu-

522 3854 614 3905 ros
649 3853 768 3894 esse
798 3856 812 3892 :
842 3848 898 3894 at
944 3836 1142 3892 horum
1173 3850 1357 3893 semen
1395 3836 1448 3889 in
1476 3844 1738 3891 teternum
1766 3848 2093 3904 permansu-

521 3949 644 3999 rum
674 3947 816 3999 esse.
869 3929 947 3995 De
975 3932 1079 3986 hoc
1108 3931 1318 3987 semine
1364 3929 1589 3997 divinus
1619 3927 1920 3998 Apostolus
1971 3925 2090 3980 ait:

527 4042 546 4074 ε
608 4023 795 4087 Donec
838 4020 1021 4075 veniat
1058 4035 1270 4086 semen,
1315 4019 1458 4089 quod
1494 4018 1829 4088 promissum
1865 4026 1949 4073 est
1978 4017 2029 4070 ιι.
2067 4035 2086 4068 ι

525 4116 627 4170 Et:
666 4134 684 4166 ι
720 4112 1034 4168 Abrahamo
1066 4112 1225 4168 dicta:
1251 4119 1381 4167 sunt
1413 4109 1827 4180 promissiones,
1854 4117 1909 4162 et
1932 4107 2096 4163 semi-

523 4206 579 4262 ni
613 4206 754 4275 ejus.
794 4203 912 4260 Non
943 4204 1097 4270 dicit,
1138 4214 1192 4259 et
1218 4202 1541 4267 seminibus,
1567 4210 1828 4272 tanquam
1869 4201 1925 4255 in
1956 4200 2095 4254 mul-

525 4301 593 4355 tis
630 4296 768 4355 :sed
802 4306 1061 4366 tanquam
1089 4295 1149 4375 in.
1177 4308 1305 4356 uno,
1358 4301 1414 4347 et
1452 4293 1645 4347 semini
1673 4303 1791 4360 tuo,
1827 4294 1970 4363 quod
2010 4301 2094 4349 est

522 4382 778 4443 Christus
822 4387 877 4441 ί..
921 4404 941 4439 ι
977 4385 1094 4447 Hoc
1125 4397 1308 4451 semen
1334 4382 1395 4449 in
1425 4390 1689 4438 aeternum
1724 4384 2089 4453 permanebit.

2193 3274 2385 3327 ταυτὸν
2432 3274 2530 3343 τῆς
2587 3272 2800 3342 φύσεως
2833 3275 2890 3325 ὲν
2920 3273 3169 3346 ἐκατέρῳ
3212 3273 3581 3345 γνωρίζεταιο
3630 3270 3748 3342 μίαν

2193 3365 2301 3434 γὰρ
2333 3366 2491 3435 ῐσμεν
2515 3365 2614 3434 τὴν
2645 3365 2746 3434 τῆς
2779 3365 3003 3435 Τριάδος
3033 3365 3330 3436 ἐνέργειαν.

2264 3476 2367 3530 κθ’.
2425 3494 2443 3527 ι
2485 3477 2547 3527 Οἰ
2584 3476 2690 3529 υἱοὶ
2721 3475 2829 3528 τῶν
2871 3475 3071 3528 δούλων
3100 3492 3193 3528 σου
3242 3473 3746 3543 κατασκηνὼσουσι,

2195 3567 2290 3620 καὶ
2317 3566 2376 3619 τδ
2411 3567 2632 3637 σπέρμα
2664 3566 2843 3619 αὐτῶν
2873 3568 2953 3628 εἰς
2981 3565 3072 3619 τὸν
3102 3564 3272 3619 αἰῶνα
3289 3567 3333 3597 ⁸⁷
3389 3564 3746 3634 κατευθυνθή-

2196 3675 2366 3711 σεται.
2405 3676 2424 3709 ι
2461 3658 2519 3711 ’0
2552 3657 2609 3709 δὲ
2639 3656 2933 3727 Σύμμαχος
2954 3655 3222 3725 διαμενεῖ
3239 3655 3469 3710 τέθεικε.
3497 3657 3750 3724 Σημαῖνει

2194 3748 2251 3802 δὲ
2275 3749 2350 3812 ὡς
2379 3750 2428 3801 οἰ
2461 3748 2558 3818 μὲν
2581 3750 2680 3818 τῆς
2711 3747 2955 3809 δουλείας
2986 3745 3390 3814 ἀπαλλαγέντες
3424 3747 3521 3814 τὴν
3562 3745 3748 3815 Ἰερου-

2197 3841 2379 3911 σαλήμ
2409 3841 2714 3912 οἰκήσουσι,
2768 3839 2828 3892 τὸ
2879 3839 2936 3893 δὲ
2977 3838 3037 3903 ἐξ
3067 3839 3246 3892 αὐτῶν
3301 3838 3525 3909 σπέρμα
3569 3839 3647 3900 εἰς
3672 3836 3753 3888 τὸν

2195 3934 2367 3988 αἰῶνα
2424 3932 2686 4003 διαμενεῖ.
2749 3932 2884 4002 Περὶ
2916 3931 3105 3983 τούτου
3156 3929 3213 3983 δὲ
3248 3929 3342 3982 τοῦ
3393 3930 3750 3999 σπέρματοςό

2196 4026 2339 4088 Gelo;
2377 4025 2699 4087 Ἀπόστολος
2731 4023 2853 4092 ἔφη*
2887 4042 2906 4074 ι
2941 4023 3135 4092 Ἀχρις
3171 4014 3230 4074 οὗ
3270 4020 3397 4093 ἔλθῃ
3430 4021 3488 4073 τὸ
3544 4019 3756 4090 σπέρμα

2194 4118 2223 4171 6
2253 4115 2665 4187 ὲπήγγελταιίθ.
2709 4134 2728 4166 ι
2760 4115 2889 4178 Καὶ,
2920 4132 2938 4165 t
2974 4114 3064 4184 Τῷ
3098 4112 3347 4184 Ἀϐραὰμ
3389 4114 3700 4184 ἐρρήθησαν
3717 4112 3756 4142 ’⁸

2196 4209 2253 4263 αἰ
2278 4207 2619 4275 ἐπαγγελίαι,
2650 4207 2743 4259 καὶ
2773 4205 2848 4274 τῷ
2872 4205 3145 4275 σπέρματι
3168 4202 3354 4257 αὐτοῦ.
3381 4205 3454 4257 Ού
3486 4203 3633 4272 λέγει
3658 4202 3758 4257 Καὶ

2195 4302 2307 4363 τοῖς
2334 4300 2642 4369 σπέρμασιν
2669 4296 2744 4359 ὡς
2775 4296 2866 4348 ἐπὶ
2892 4292 3122 4358 πολλῶν,
3156 4292 3272 4348 ἀλλ’
3299 4294 3372 4357 ὡς
3392 4294 3475 4363 ἐφ’
3498 4294 3631 4356 ἐνὸς.
3655 4293 3758 4346 Καὶ

2195 4390 2272 4462 τῷ
2303 4388 2575 4460 σπέρματί
2605 4404 2720 4453 σου,
2746 4387 2802 4449 ὃς
2833 4388 2949 4438 ἐστι
2979 4385 3233 4456 Χριστός’
3268 4403 3286 4437 ι
3320 4371 3493 4436 Τοῦτο
3522 4384 3583 4436 τὸ
3602 4385 3758 4453 σπέρ-

529 4473 750 4535 Unitum
808 4472 952 4530 enim
1000 4485 1124 4528 cum
1167 4471 1275 4525 Deo
1322 4470 1521 4537 Verbo,
1574 4472 1937 4527 immortalem
1998 4473 2088 4527 ha-

2204 4500 2278 4553 μα
2333 4483 2413 4545 εἰς
2440 4481 2531 4534 τὸν
2555 4479 2727 4532 αἰῶνα
2755 4478 3017 4548 διαμενεῖ.
3070 4475 3304 4531 Ἐνωθὲν
3359 4475 3469 4547 γὰρ
3532 4476 3608 4547 τῷ
3650 4475 3758 4544 Θεῷ

527 4569 618 4622 bet
644 4576 916 4629 naturam,
935 4574 1006 4625 _et
1036 4561 1384 4618 credentibus
1414 4562 1579 4617 vitam
1613 4563 1866 4632 largitur,
1893 4578 2093 4618 secun-

525 4659 656 4712 dum
701 4657 875 4726 ipsius
916 4653 1133 4727 Domini
1174 4668 1406 4708 vocem:
1447 4670 1465 4704 ι
1518 4652 1621 4720 Qui
1655 4654 1950 4709 manducet
1975 4671 2096 4710 car-

528 4765 650 4803 nem
696 4762 903 4820 meam,
952 4754 1007 4801 et
1053 4745 1195 4819 bibit
1244 4746 1563 4822 sanguinem
1620 4761 1825 4813 meum,
1861 4747 2006 4802 vivet
2041 4749 2094 4804 in

528 4849 790 4895 mternum
835 4834 882 4891 i.
946 4854 966 4889 ι
1370 4820 1375 4826 ’

606 5034 626 5074 τ
656 5033 815 5089 Rom.
840 5046 963 5096 vm,
1004 5030 1094 5088 21.
1167 5041 1195 5097 ᾳ
1226 5026 1389 5090 Hebt‘.
1425 5051 1463 5101 ι,
1496 5035 1676 5088 10-12.
1752 5037 1778 5076 ιι
1808 5036 1983 5094 Galat.
2018 5055 2101 5105 lil,
2142 5040 2228 5095 19.

1606 5233 1841 5291 VARIIE
1882 5236 2264 5293 LECTIONES
2304 5238 2391 5294 ET

2202 4570 2360 4641 Λόγῳ
2387 4567 2691 4639 ἀνώλεθρον
2723 4569 2836 4639 ἔχει
2885 4567 2945 4620 τὸ
2980 4563 3138 4633 εἶναι,
3193 4568 3288 4620 καὶ
3335 4566 3591 4637 δωρεῖται
3630 4565 3758 4635 ζωὴν

2200 4664 2314 4723 τοῖς
2372 4659 2711 4725 πιστεύουσι,
2758 4657 2897 4713 κατὰ
2939 4658 3039 4728 τὴν
3094 4657 3257 4710 αὐτοῦ
3311 4657 3523 4728 Κυρίου
3557 4659 3757 4727 φωνῇνο

2207 4770 2226 4803 r
2274 4753 2332 4805 '0
2361 4751 2589 4822 τρώγων
2634 4768 2734 4822 μου
2790 4751 2888 4821 τήν
2933 4750 3134 4820 σάρκα,
3195 4750 3294 4803 καὶ
3348 4751 3523 4803 πίνων
3574 4769 3674 4822 μου
3707 4749 3760 4800 τὸ

2202 4840 2342 4914 αἷμα
2365 4883 2380 4910 ,
2415 4843 2641 4914 ζήσεται
2667 4846 2745 4907 εἰς
2776 4843 2866 4897 τὸν
2904 4844 3097 4897 αἰῶνα.
3148 4862 3167 4896 t

2311 5041 2324 5081 ί
2357 5040 2487 5098 ibid.
2522 5042 2607 5097 16.
2686 5042 2700 5093 i
2744 5043 2901 5099 Joan.
2935 5060 3011 5109 vr,
3049 5045 3139 5112 54,
3168 5044 3247 5103 58.

2458 5236 2696 5294 NOTAE.

607 5388 651 5419 ¹⁶
683 5389 886 5463 co_d._l.
916 5391 1066 5463 ᾠσεί.
1088 5461 1117 5463 η
1142 5394 1184 5463 1⁷
1224 5392 1349 5449 Ἑλ.
1370 5397 1503 5449 αὐτ.
1519 5395 1682 5451 Hebr.
1713 5394 1948 5450 Mutabis
1976 5413 2085 5463 eos,

2207 5398 2384 5453 caelos.
2459 5397 2571 5454 Nisi
2590 5414 2782 5457 omnes
2811 5400 3024 5456 codices
3049 5403 3317 5459 versionis
3334 5405 3443 5459 τῶν
3471 5408 3528 5459 Ο¹
3552 5418 3766 5462 consul-

536 5456 702 5535 tirent
728 5460 801 5535 _in_
818 5460 1053 5535 lectione
1079 5461 1297 5527 ἑλίξεις.
1328 5456 2082 5535 Ιοεθηᾱιηῐι-ρδεομνίιιθνειιιιί

2197 5468 2365 5533 ἀξεις.

535 5524 690 5606 eod._
721 5527 743 5578 1
779 5526 1001 5606 ἔνδυμα.
1041 5530 1114 5586 lla
1149 5524 1562 5606 q'uoquejhabet
1614 5533 1806 5606 Montl‘.
1838 5535 1891 5588 in
1946 5525 2088 5590 ilex:

2235 5524 2341 5592 id.’
2364 5540 2417 5591 h.
2455 5539 2491 5595 ι.

1649 5605 1695 5634 "
1725 5606 1857 5677 cod._
1899 5605 2121 5677 1αύτά.
2158 5609 2235 5677 _"
2272 5607 2416 5677 Γὰρ.
2445 5608 2570 5665 cod.
2612 5611 2633 5664 1
2674 5624 2861 5677 praem.

2073 5677 2118 5708 ³⁷
2147 5675 2251 5747 Εἰς
2293 5675 2401 5745 τὸν
2422 5678 2625 5738 αἰῶ-να.
2663 5675 2825 5734 Hebr.

535 5595 780 5648 eamdem
813 5597 1093 5653 lectionem
1131 5595 1321 5656 tribuit
1353 5600 1574 5657 Nostro.

535 5662 584 5731 ξ’
628 5661 783 5721 Ἀπιτ.
848 5668 966 5723 rod.
1008 5665 1032 5720 1
1068 5671 1156 5723 ὲπ.
1262 5672 1307 5702 ²⁶
1361 5672 1730 5731 'Ar.,Abcsta
1761 5674 1879 5727 cod.
1910 5675 1961 5729 1.

536 5729 914 5827 ξεηγγείλατο.
985 5737 1031 5769 ¹⁹
1052 5738 1172 5794 cod.
1206 5740 1229 5792 1
1266 5729 1584 5819 ἐρρέθησαν.

2445 5469 2490 5543 ¹-⁸
2521 5472 2642 5543 cod.
2725 5472 2923 5543 nam,
3000 5472 3047 5543 ἐξ
3091 5472 3215 5543 cod.
3252 5474 3272 5528 1
3334 5475 3431 5537 ὡς.
3515 5478 3561 5507 ’⁸⁵
3589 5474 3763 5543 "39‘5-

2603 5540 2647 5571 "
2676 5541 2841 5595 Ἀλλ.
2873 5539 3061 5595 Montf.
3107 5542 3143 5595 Ι.
3179 5559 3229 5597 c.
3291 5545 3451 5599 habet
3487 5539 3699 5611 ἑλίξεις.
3722 5553 3767 5594 cl

2612 5611 2633 5664 1
2674 5624 2861 5671 praem.
2898 5610 3020 5671 at».
3095 5613 3145 5643 "
3174 5616 3358 5667 Θεοπ.
3394 5617 3517 5670 cod.
3559 5619 3580 5671 l
3620 5616 3760 5671 θεῖος-

3248 5630 3358 5667 οπ.
3394 5629 3517 5670 οοιι.
3559 5629 3580 5671 1
3620 5629 3760 5673 υειος.

2913 5696 3061 5736 orant
3094 5689 3161 5737 te.
3238 5684 3282 5716 ⁸⁸
3311 5683 3567 5756 Ἐπήγτ.
3593 5685 3706 5743 eod.
3739 5680 3759 5733 l
