3890 6320
390 282 523 352 iss?

1342 292 1801 353 THEODORET
1808 292 1832 350 Ι
1870 293 2210 353 EPISCOPI
2237 292 2604 354 CYllENSIS

3510 294 3659 363 1688

387 403 649 461 crt'ditttt‘i
675 416 803 462 sunt
825 409 900 464 illi
931 407 1173 464 invitam
1202 415 1460 460 mternam
1494 421 1534 463 °.
1579 423 1596 455 ι
1632 405 1832 460 Grilli?e
1860 407 1962 478 isi-

2071 409 2152 462 έπ’
2173 409 2323 478 αύτῷ
2339 409 2576 481 είςζωην
2598 409 2838 466 αίώνιον.
2855 409 3122 482 »Χάριτος
3143 411 3325 466 τοίνυν
3348 414 3442 468 καὶ
3465 416 3656 486 φιλαν-

385 505 478 548 tur
507 503 560 550 ct
594 496 948 568 benignitatis
985 507 1069 555 est
1110 512 1336 554 corona.
1371 498 1464 553 Sic
1499 513 1718 567 quoque
1743 494 1960 550 divinus

385 581 556 640 isaias
615 603 682 641 ex
725 603 958 657 persona
1016 603 1232 658 sponsae
1279 588 1552 642 exclamat
1587 605 1600 641 :
1635 606 1654 639 ι
1714 587 1964 642 Exsultet

387 680 567 733 animi
607 694 726 734 mea
754 680 809 735 in
843 681 1095 745 Domino,
1133 680 1263 752 quia
1306 681 1480 735 induit
1513 695 1602 735 me
1630 681 1964 736 vestimento

386 769 601 832 salutis,
655 779 711 824 et
761 773 948 827 tunica
1004 771 1206 826 latitia:
1239 773 1601 827 circumdedit
1650 787 1757 835 me,
1805 773 1964 841 quasi

385 875 646 928 sponsum
702 864 986 919 decoravit
1019 880 1106 921 me
1147 879 1376 929 corona,
1423 875 1476 919 et
1513 865 1670 935 quasi
1703 879 1963 935 sponsam

385 954 596 1004 ornavit
625 970 711 1008 me
735 958 1037 1013 monilibus
1073 959 1192 1012 suis
1222 967 1270 1010 ι).
1309 976 1326 1008 ι
1363 956 1430 1010 Ει
1453 959 1617 1028 paulo
1645 967 1769 1028 post
1799 977 1811 1011 :
1849 977 1869 1010 ι
1901 957 1972 1011 Et-

385 1045 494 1097 cris
519 1047 537 1066 '
567 1059 769 1101 corona
806 1048 996 1119 gloriae
1045 1050 1098 1103 in
1143 1065 1307 1103 manu
1343 1049 1581 1116 Domini,
1619 1059 1676 1105 et
1717 1051 1966 1104 diadema

387 1137 539 1204 regni
565 1139 620 1191 in
657 1154 824 1194 manu
856 1141 950 1196 Dei
981 1141 1062 1195 tui
1093 1152 1145 1194 ιι.
1187 1159 1206 1192 ι
1237 1139 1362 1196 Haec
1405 1150 1586 1197 autem
1622 1145 1808 1198 omnia
1838 1159 1964 1197 mu-

383 1242 517 1282 nera
559 1237 616 1285 et
645 1229 790 1286 dona
823 1233 1100 1304 sponsalia
1151 1243 1286 1289 sunt
1335 1235 1764 1305 sponsizsolam
1816 1237 1963 1290 enim

385 1316 548 1373 tidem
571 1335 770 1389 sponsa
798 1323 998 1377 attulit.

459 1407 625 1465 Vsus.
657 1412 710 1467 5.
751 1431 771 1465 ι
810 1412 914 1481 Qui
961 1415 1129 1484 replet
1162 1417 1323 1472 bonis
1353 1417 1687 1473 desiderium
1724 1431 1901 1474 tuum.
1943 1438 1960 1469 ›

387 1501 657 1568 Quoniam
710 1515 796 1561 est
845 1508 1294 1577 concupiscentia
1345 1509 1746 1579 vituperabilis,
1799 1526 1967 1580 quam

386 1592 572 1648 divina
598 1594 680 1650 lex
705 1597 983 1666 prohibet,
1009 1611 1157 1654 recte
1173 1601 1427 1669 apposuit
1449 1599 1622 1653 bonis.
1645 1599 1790 1654 Bona
1819 1601 1966 1655 enim

385 1696 576 1744 nostra
631 1690 904 1748 desideria
933 1693 1199 1749 Doinus
1243 1694 1452 1764 implet.
1508 1713 1528 1746 ι
1579 1693 1755 1750 Petite
1799 1697 1968 1762 enim,

2065 498 2311 569 θρωπίας
2341 501 2368 552 6
2397 502 2679 568 στέφανος.
2713 498 2871 552 Οὕτω
2895 500 2990 553 καὶ
3027 501 3056 554 6
3082 501 3373 565 Θεσπέσιος
3419 504 3655 568 Ἠσαίας

2063 592 2128 643 ἐκ
2185 592 2478 662 προσώπου
2529 593 2630 660 τῆς
2668 592 2891 663 νύμφης
2931 591 3029 663 βοᾷ
3055 608 3070 623 ·
3107 613 3124 644 ι
3181 594 3561 663 Ἀγαλλιάσθω
3613 600 3652 668 ἠ

2061 681 2206 753 ψυχή
2249 699 2350 752 μου
2395 683 2489 734 ἐπὶ
2521 682 2599 753 τῷ
2647 683 2865 754 Κυρίῳ·
2921 683 3136 736 ἐνέδυσε
3167 684 3278 754 γάρ
3329 703 3396 755 με
3430 689 3654 755 ἱμάτιον

2063 774 2354 844 σωτηρίου,
2378 774 2472 826 καὶ
2499 773 2705 844 χιτῶνα
2747 771 3091 845 εὐφροσύνης
3119 774 3339 828 ἐνέδυσέ
3371 794 3437 845 με
3462 778 3505 809 ³³
3531 793 3544 806 ·
3573 780 3653 842 ὡς

2064 866 2283 935 νυμφίῳ
2314 865 2612 937 περιέϐαλέ
2653 883 2744 935 μοι
2801 868 3024 936 μίτραν,
3065 869 3162 921 καὶ
3219 867 3295 930 ὡς
3345 869 3568 938 νύμφην
3603 873 3652 903 ³⁸

2065 959 2448 1029 κατεκόσμησε
2481 976 2546 1029 με
2579 959 2788 1026 κόσμῳ.
2822 978 2841 1012 ι
2866 961 2972 1013 Kal.
2993 960 3301 1031 μετ’ὀλίγα,
3345 981 3363 1012 ι
3409 963 3516 1015 Καὶ
3549 962 3650 1033 ἔσῃ

2067 1051 2330 1119 στέφανος
2381 1052 2614 1117 κάλλους
2671 1055 2729 1106 ὲν
2759 1053 2904 1123 χειρί⁵
2962 1055 3198 1125 Κυρίου,
3248 1056 3344 1108 καὶ
3409 1056 3651 1126 διάδημα

2068 1142 2403 1213 βασιλείαςιθ
2433 1147 2492 1198 ὲν
2511 1145 2656 1215 χειρὶ
2687 1145 2827 1198 Θεοῦ
2867 1145 3040 1202 sou“.
3072 1165 3091 1198 ι
3127 1145 3317 1200 Ταῦτα
3345 1147 3402 1200 δὲ
3429 1146 3649 1202 ἅπαντα

2065 1235 2190 1288 ἓδνα
2212 1236 2306 1288 τοῦ
2335 1238 2574 1307 νυμφίου
2629 1237 2722 1291 καὶ
2769 1237 2937 1309 δῶρα.
2990 1238 3182 1292 Πίστιν
3232 1239 3341 1310 γὰρ
3383 1241 3415 1310 ἡ
3461 1239 3650 1309 νύμφη

2073 1345 2172 1395 προ
2181 1329 2433 1400 τενὴνοχε
2479 1330 2669 1400 μόνην.

2139 1425 2180 1469 ε’
2236 1438 2254 1471 ι
2293 1421 2398 1473 Τὸν
2456 1421 2820 1490 ἐμπιπλῶντα
2856 1424 2915 1475 ὲν
2954 1421 3186 1490 ἀγαθοῖς
3213 1422 3315 1494 τὴν
3343 1423 3650 1494 ἐπιθυμίαν

2071 1528 2164 1563 σου
2199 1512 2264 1566 ⁵⁸.
2297 1530 2316 1563 t
2364 1513 2582 1584 Ἐπειδή
2615 1515 2763 1566 ἐστιν
2783 1514 3053 1584 ἐπιθυμία
3075 1515 3274 1584 ψεκτὴ,
3298 1517 3364 1586 ἦν
3388 1516 3480 1568 6“
3507 1516 3651 1580 θεῖος

2069 1607 2231 1672 νόμος
2278 1602 2615 1674 ἀπαγορεύει
2657 1645 2672 1668 ,
2710 1604 2891 1668 καλῶς
2933 1606 2994 1658 τὸ
3025 1605 3095 1658 ἐν
3137 1605 3382 1675 ἀγαθοῖς
3415 1609 3652 1676 προστέ-

2075 1692 2245 1745 θεικε.
2281 1693 2393 1756 Τὰς
2421 1695 2529 1762 γὰρ
2563 1694 2777 1762 ἀγαθὰς
2803 1698 2834 1763 ἡ
2846 1695 2962 1766 μῶν
2993 1697 3293 1766 ἐπιθυμίας
3319 1699 3348 1750 6
3370 1700 3654 1770 Δεσπότης

386 1779 657 1851 inquit,.et
676 1784 896 1841 dabitur
924 1786 1100 1852 vobis,
1127 1787 1377 1857 quaerite,
1414 1795 1468 1842 et
1498 1787 1819 1854 invenietis;
1849 1788 1964 1858 pul-

2072 1785 2272 1854 πληροῖ
2292 1801 2308 1816 ο
2340 1801 2360 1836 t
2400 1785 2614 1838 Αἰτεῖτε
2645 1785 2776 1858 γὰρ,
2808 1787 2966 1857 φησὶ,
3015 1789 3110 1841 καὶ
3157 1787 3449 1859 δοθήσεται
3477 1768 3648 1859 ὑμῖν·

384 1883 504 1928 sate
558 1883 611 1930 et
661 1877 939 1946 aperietur
988 1878 1141 1934 vobis
1189 1882 1418 1934 :omnis
1457 1881 1601 1935 enim
1655 1881 1746 1950 qui
1813 1883 1963 1950 petit.

385 1967 613 2035 accipit,
665 1976 720 2022 et
765 1973 857 2038 qui
903 1971 1120 2040 quaerit,
1169 1970 1396 2039 invenit,
1452 1981 1506 2027 et
1552 1973 1789 2042 pulsanti
1840 1988 1967 2044 ape-

385 2057 560 2112 rietur
587 2066 632 2112 ι’.
669 2076 688 2110 ι
724 2087 794 2099 --
830 2078 849 2112 ι
877 2059 1116 2127 Quaerite
1135 2071 1317 2117 autem
1343 2077 1568 2132 regnum
1593 2061 1708 2124 Dei,
1733 2071 1784 2118 et
1804 2063 1968 2132 justi-

385 2149 517 2204 tiam
535 2147 676 2218 ejus,
701 2161 755 2205 et
780 2153 893 2208 hac
921 2154 1105 2208 omnia
1126 2155 1276 2225 large
1293 2154 1621 2225 adjiciantur
1636 2156 1790 2210 vobis
1808 2163 1854 2211 ³.
1869 2173 1966 2207 »-

388 2257 410 2293 ι
435 2238 806 2297 Renovabitur
826 2251 880 2298 ut
906 2245 1374 2315 aquilaajuventus
1400 2255 1512 2300 tua.
1548 2267 1565 2298 ι
1596 2248 1747 2301 Hanc
1772 2262 1966 2302 rursus

383 2333 794 2389 renovationem
817 2335 1083 2391 Dominus
1108 2351 1204 2405 per
1227 2345 1482 2392 sanctum
1511 2339 1780 2408 baptisma
1805 2339 1966 2393 nobis

386 2424 613 2497 1326.
653 2427 880 2482 donavit
914 2446 928 2482 :
961 2430 1283 2499 peccatique
1313 2430 1526 2485 senium
1562 2447 1592 2484 e
1649 2432 1829 2485 medio
1861 2431 1965 2486 tol-

383 2515 523 2584 lens,
557 2518 791 2588 juvenes
817 2535 848 2574 e
883 2521 1110 2576 senibus
1140 2521 1290 2577 fecit.
1316 2522 1570 2577 Consona
1605 2522 1689 2577 his
1713 2537 1808 2592 per
1834 2538 1963 2592 pro-

383 2610 603 2679 phetam
634 2609 833 2668 Isaiam
870 2614 1012 2670 Deus
1043 2614 1181 2669 dixit
1215 2633 1227 2669 :
1267 2633 1286 2667 ι
1337 2597 1732 2684 Exspectantes
1781 2625 1962 2669 autem

382 2715 506 2764 itte,
571 2703 864 2758 mutabunt
919 2703 1331 2767 fortitudinem,
1382 2715 1438 2758 et
1488 2714 1704 2759 sument
1747 2712 1965 2772 pennas

384 2797 444 2843 nt
472 2793 671 2862 aquilae
718 2795 762 2848 ι.
805 2813 822 2846 ι
877 2795 1149 2860 Quoniam
1189 2795 1336 2850 enim
1369 2809 1490 2848 cum
1531 2795 1701 2850 creati
1747 2809 1960 2860 sumus,

383 2880 603 2937 divinas
633 2883 921 2954 regiasque
968 2894 1127 2940 notas
1178 2888 1515 2955 accepimus,
1558 2885 1756 2940 deinde
1799 2883 1965 2940 variis

385 2973 595 3042 precati
628 2975 827 3030 studiis
875 2991 970 3032 eas
1019 2977 1461 3040 obseuravimus,
1498 2985 1553 3032 ct
1595 2975 1963 3044 corrupimus,

383 3065 619 3126 spondet
664 3068 826 3124 nobis
863 3070 1222 3140 propheticus
1263 3083 1448 3125 sermo
1489 3069 1641 3139 regni
1679 3081 1966 3136 reeiipera-

2069 1869 2283 1942 ζητεῖτε
2303 1872 2370 1938 ⁸⁸,
2400 1874 2496 1928 καὶ
2540 1875 2803 1946 εὑρήσετε
2823 1890 2837 1904 ·
2869 1879 3097 1947 κρούετε
3161 1879 3255 1930 καὶ
3298 1880 3651 1948 ἀνοιγήσεται

2069 1966 2230 2034 ὑμῖν·
2268 1967 2378 2029 πᾶς
2401 1966 2510 2038 γὰρ
2543 1969 2570 2020 6
2600 1968 2767 2020 αίτῶν
2794 1968 3084 2038 λαμϐάνει,
3113 1969 3208 2023 καὶ
3233 1969 3261 2020 ὁ
3289 1969 3469 2039 ζητῶν
3493 1971 3647 2040 εὑρί-

2069 2072 2210 2118 σκει,
2235 2057 2328 2110 καὶ
2343 2057 2419 2127 τῷ
2433 2057 2681 2128 κρούοντι
2703 2060 3073 2129 ἀνοιγήσεται.
3089 2046 3447 2130 ι--ἰΖητεῖτε
3466 2061 3523 2114 δὲ
3548 2061 3652 2130 τὴν

2068 2147 2349 2218 βασιλείαν
2370 2149 2466 2202 τοῦ
2489 2150 2646 2215 Θεοῦ,
2677 2150 2772 2204 καὶ
2811 2151 2912 2222 τὴν
2943 2151 3292 2221 δικαιοσύνην
3335 2151 3523 2217 αὐτοῦ,
3553 2153 3649 2206 καὶ

2064 2239 2240 2293 ταῦτα
2279 2241 2458 2294 πάντα
2485 2241 2549 2294 ὲκ
2571 2239 2835 2311 περισσοῦ
2876 2239 3311 2312 προστεθήσεται
3333 2241 3485 2311 ὑμῖν.
3522 2259 3541 2291 ι
3579 2267 3650 2281 -ο

2072 2348 2091 2380 ι
2125 2329 2672 2400 ’Λνακαινισθήσεται
2696 2331 2768 2393 ὡς
2787 2331 2948 2383 ἀετοῦ
2967 2333 2999 2400 ἡ
3017 2330 3206 2402 νεότης
3236 2345 3353 2384 σου.
3377 2348 3397 2380 ι
3428 2329 3648 2400 Ταύτην

2066 2422 2229 2475 πάλιν
2255 2421 2350 2493 τὴν
2374 2425 2662 2492 νεουργίαν
2689 2425 2820 2494 ἡμῖν
2864 2425 2892 2476 6
2922 2423 3202 2492 Δεσπότης
3241 2423 3330 2476 διὰ
3353 2420 3448 2476 τοῦ
3507 2439 3645 2476 παν-

2065 2516 2225 2581 αγίου
2260 2513 2640 2584 βαπτίσματος
2666 2513 2714 2545 ⁸⁵
2745 2513 3074 2584 ἐδωρήσατο,
3108 2514 3205 2566 καὶ
3245 2513 3348 2581 τῆς
3373 2511 3647 2583 ἁμαρτίας

2065 2605 2342 2670 ἀποξύσας
2372 2607 2433 2658 τὸ
2461 2607 2660 2677 γῆρας,
2692 2606 2850 2669 νέους
2886 2606 3008 2660 ἀντὶ
3032 2604 3428 2675 γεγηρακότων
3460 2606 3646 2674 εἰργά-

2068 2716 2218 2752 σατο.
2251 2700 2468 2769 Συνῳδέι
2512 2700 2724 2762 τούτοις
2746 2699 2835 2752 διὰ
2864 2698 2910 2730 ⁸⁸
2953 2698 3178 2750 Ἡσαΐου
3226 2697 3322 2749 τοῦ
3360 2697 3648 2767 προφήτου

2067 2791 2233 2860 φησὶν
2263 2792 2292 2843 6
2321 2791 2456 2853 Θεὸς
2479 2805 2494 2822 ⁸
2532 2810 2551 2842 ι
2589 2793 2650 2844 Οἱ
2684 2791 2739 2843 δὲ
2789 2788 3152 2858 ὑπομένοντές
3188 2806 3278 2857 με,
3323 2787 3647 2852 ἀλλάξουσιν

2070 2882 2245 2951 ἰσχὺν,
2284 2884 2758 2954 πτεροφυήσουσιν
2786 2882 2860 2946 ὡς
2885 2881 3055 2936 ἀετοί.
3088 2899 3105 2932 ι
3161 2881 3380 2950 Ἐπειδὴ
3399 2879 3512 2948 γὰρ
3527 2879 3646 2940 τοὺς

2068 2972 2248 3036 θείους
2296 2973 2391 3031 καὶ
2443 2973 2760 3043 βασιλικοὺς
2800 2972 3301 3051 δημιουργηθέντες
3349 2969 3651 3038 ἐδεξάμεθα

2067 3066 2442 3136 χαρακτῆρας,
2463 3061 2587 3118 εἶτα
2620 3065 2840 3128 τούτους
2867 3064 3279 3136 ἠμαυρώσαμέν
3305 3080 3365 3115 τε
3395 3064 3491 3116 καὶ
3506 3063 3650 3130 διεφ·

385 3156 612 3212 tionem.
641 3156 805 3230 Regia
829 3161 972 3214 enim
1000 3171 1083 3215 est
1113 3161 1228 3215 haec
1250 3162 1388 3227 avis,
1413 3161 1708 3228 aviumque
1733 3172 1962 3228 regnum

2071 3155 2334 3226 θείραμεν
2362 3159 2478 3220 τοῖς
2522 3155 2886 3218 παντοδαποῖς
2912 3155 3012 3224 τῆς
3051 3154 3324 3223 ἁμαρτίας
3360 3149 3653 3220 ἐπιτηδεύ-

394 3251 442 3300 ιτί
465 3249 827 3305 commissum
862 3245 966 3306 est.
1005 3252 1170 3307 Docet
1205 3268 1369 3321 porro
1405 3269 1503 3308 nos
1527 3253 1729 3306 divinae
1765 3250 1966 3304 libera-

384 3339 554 3394 litatis
580 3341 828 3395 modum.

2075 3265 2260 3316 μασιν,
2295 3250 2636 3318 ὑπισχνεῖται
2664 3249 2796 3319 ἡμῖν
2827 3250 2856 3302 ὁ
2887 3248 3230 3319 προφητικὸς
3257 3247 3414 3315 λόγος
3433 3245 3535 3315 τὴν
3555 3245 3656 3314 τῆς

2076 3340 2356 3410 βασιλείας
2389 3341 2712 3411 ἀνάκτησιν.
2745 3340 3038 3404 Βασιλικὸς
3088 3340 3196 3410 γὰρ
3231 3331 3387 3401 οὗτος
3418 3340 3445 3390 6
3478 3336 3650 3406 ὅρνις,

384 3430 622 3484 καὶτῶν
653 3432 874 3502 πτηνῶν
931 3435 1031 3503 τὴν
1100 3435 1380 3512 βασιλείαν
1433 3432 1887 3504 πεπιστευμένος.
1949 3433 2201 3486 Διδάσκει
2251 3434 2307 3487 δὲ
2369 3435 2515 3505 ἡμᾶς
2571 3433 2666 3487 καὶ
2732 3431 2833 3503 τῆς
2876 3433 3028 3496 θείας
3061 3431 3373 3503 φιλοτιμίας
3411 3430 3504 3483 τὸν
3528 3428 3654 3498 τρό-

383 3541 507 3578 πον.

458 3607 621 3667 Vsus.
659 3612 713 3666 6.
753 3631 772 3665 ι
821 3611 1104 3670 Exhibeas
1147 3613 1558 3669 misericordias
1590 3613 1873 3676 Dominus,
1911 3621 1967 3667 et

378 3702 646 3770 judicium
671 3705 929 3760 omnibus
951 3705 1204 3775 iniuriam
1235 3706 1586 3774 patientibus.
1640 3725 1659 3756 ι
1685 3736 1756 3747 -
1785 3723 1805 3756 ι
1844 3704 1963 3759 Non

381 3794 527 3848 enim
559 3795 629 3850 ob
655 3793 919 3865 justitias,
951 3813 1090 3868 quas
1132 3797 1366 3853 fecimus
1397 3812 1520 3862 nos,
1549 3811 1608 3852 ut
1641 3799 1717 3852 ait
1746 3797 1966 3852 divinus

385 3886 703 3957 Apostolus,
750 3889 844 3944 sed
886 3891 1190 3945 secundum
1234 3906 1489 3962 magnam
1529 3891 1964 3948 misericordiam

383 3994 543 4034 suam
577 3980 761 4037 salvos
788 3997 888 4037 nos
921 3981 1050 4037 fecit
1079 3999 1173 4053 per
1203 3985 1484 4040 lavacrum
1513 3982 1966 4056 regenerationis,

382 4081 436 4125 et
467 4072 846 4128 ren-ovationis
890 4073 1132 4144 Spiritus
1171 4078 1349 4132 sancti
1382 4087 1434 4134 ιι.
1477 4094 1497 4127 ι
1534 4077 1600 4130 Et
1647 4091 1771 4131 eum
1809 4089 1909 4128 nos
1937 4087 1968 4127 a

385 4163 637 4218 veritatis
671 4162 899 4218 inimico
931 4163 1132 4235 injuria
1161 4167 1388 4222 allectos
1421 4165 1822 4236 conspexisset,
1859 4178 1960 4219 no-

388 4254 472 4310 bis
503 4253 726 4323 quidem
757 4253 1148 4312 misericordiae
1178 4256 1357 4312 fontes
1404 4257 1637 4325 aperuit,
1673 4265 1868 4312 contra
1902 4257 1970 4310 il—

2139 3613 2212 3680 ς’.
2250 3633 2269 3666 ι
2321 3613 2498 3667 Ποιῶν
2543 3611 2912 3683 ἐλεημοσύνας
2968 3613 2998 3664 6
3043 3608 3250 3680 Κύριος
3278 3647 3293 3668 ,
3340 3606 3438 3660 καὶ
3477 3607 3654 3675 κρῖμα

2068 3708 2202 3761 πᾶσι
2225 3707 2338 3767 τοῖς
2361 3705 2762 3774 ἀδικουμένοις.
2779 3723 2797 3754 ι
2811 3721 2903 3754 -ι
2927 3703 3003 3755 Ού
3020 3701 3130 3770 γὰρ
3148 3700 3238 3753 διὰ
3257 3699 3355 3761 τὰς
3373 3695 3653 3751 δικαιοσύ-

2067 3815 2186 3861 νας,
2219 3796 2285 3860 ἂς
2348 3788 2766 3868 ὲποιήσαμεν,ᾗ
2801 3809 2980 3864 φησιν.
3017 3794 3046 3846 ὁ
3107 3792 3253 3852 θεῖος
3299 3787 3649 3850 Ἀπόστολος,

2067 3891 2202 3945 ἀλλὰ
2246 3889 2391 3943 κατὰ
2443 3887 2505 3940 τὸ
2556 3887 2691 3940 πολὺ
2748 3886 2897 3949 ἔλεος
2932 3883 3121 3948 αὑτοῦ,
3147 3883 3355 3935 ἔσωσεν
3385 3881 3535 3950 ἡμᾶς
3561 3879 3652 3931 διὰ

2067 3981 2293 4052 λουτροῦ
2324 3979 2769 4047 παλιγγενεσίας,
2803 3979 2898 4055 καὶ
2943 3974 3366 4036 ἀνακαινώσεως
3397 3974 3441 4002 ⁵⁷
3484 3968 3650 4023 Πνεύ-

2073 4090 2242 4145 ματος
2284 4071 2462 4140 ἁγίου.
2503 4089 2520 4122 ι
2559 4070 2668 4122 Kal.
2715 4053 3234 4136 θεασάμενοςήμᾶς
3283 4061 3650 4132 ἠδικημένους
3753 4053 3757 4058 ”

2070 4166 2175 4220 ὑπὸ
2203 4163 2298 4217 τοῦ
2330 4163 2430 4232 τῆς
2490 4161 2752 4232 ἀληθείας
2813 4157 3012 4229 ἐχθροῦ
3045 4196 3060 4221 ,
3094 4159 3230 4226 ἡμῖν
3286 4153 3386 4224 μὲν
3447 4149 3650 4221 ἠνέῳξε

2068 4255 2168 4317 τὰς
2227 4253 2322 4308 τοῦ
2358 4253 2511 4308 ἐλέου
2551 4251 2756 4320 πηγὰς,
2812 4247 2936 4303 κατ’
2965 4247 3176 4300 ἐκείνου
3218 4245 3278 4299 δὲ
3307 4244 3406 4313 τὴν
3437 4240 3650 4295 δικαίαν

388 4346 501 4400 lum
542 4361 670 4400 vero
697 4344 904 4418 justam
938 4349 1164 4418 protulit
1191 4351 1542 4403 sententiam.

2072 4346 2357 4418 ἐξενήνοχε
2389 4345 2589 4415 ψῆφον.

456 4435 624 4491 Vsus.
659 4439 711 4493 7.
753 4437 964 4493 «Notas
998 4437 1122 4514 Fecit
1147 4439 1265 4494 vias
1291 4454 1424 4495 suas
1448 4438 1606 4505 Mosi,
1642 4440 1766 4496 ﬁliis
1803 4438 1964 4494 Israel

2143 4437 2210 4500 ζ’.
2239 4454 2259 4488 ι
2297 4433 2592 4506 Ἐγνώρισε
2619 4435 2718 4497 τὰς
2765 4433 2921 4495 ὁδοὺς
2969 4429 3136 4484 αὑτοῦ
3177 4427 3259 4498 τῷ
3297 4428 3509 4496 Μωσῇο
3540 4427 3650 4490 τοῖς

389 4528 701 4585 voluntates
734 4546 887 4587 suas.
949 4548 968 4582 ι
1008 4529 1128 4584 Non
1172 4539 1354 4587 autem
1393 4532 1711 4601 pmnitentia
1768 4533 1964 4587 ductus

2072 4530 2207 4591 υίοίς
2241 4527 2456 4598 Ἰσραὴλ
2482 4526 2549 4578 τὰ
2576 4525 2864 4594 θελήματα
2899 4521 3090 4576 αὐτοῦ.
3125 4539 3144 4572 θ
3170 4521 3285 4572 Οὐκ
3307 4520 3374 4571 ὲκ
3408 4533 3649 4586 μεταμε-

393 4625 404 4672 I
431 4637 535 4676 anc
564 4621 720 4677 nobis
741 4623 1088 4692 comparavit
1108 4621 1338 4679 salutem
1375 4642 1388 4677 :
1423 4624 1514 4678 sed
1550 4624 1665 4678 haec
1693 4631 1854 4678 antea
1875 4638 1964 4692 per

2072 4623 2222 4687 λείας
2257 4623 2314 4676 δὲ
2351 4620 2554 4687 ταύτην
2588 4619 2747 4689 ἡμῶν
2774 4614 3334 4687 Ιι”ὲπραγματεύσατο
3350 4613 3450 4680 τὴν
3476 4627 3653 4678 σωτη-

394 4709 688 4778 prophetas
731 4685 1110 4766 sanctissimos
1153 4711 1424 4781 praedixit,
1476 4722 1528 4766 et
1576 4727 1669 4781 per
1717 4685 1964 4768 divinum

2077 4685 2236 4788 ρίαν·
2267 4685 2812 4766 ἁλλ’ἄνωθενηταῦτα
2855 4685 2946 4761 δια
2989 4707 3099 4759 τῶν
3147 4703 3449 4775 προφητῶν
3516 4718 3647 4772 προ-

397 4799 578 4855 Mosen
617 4811 859 4855 nostram
894 4801 1240 4857 adutnbravit
1273 4804 1526 4858 salutem.
1574 4802 1638 4857 Et
1670 4819 1818 4858 mare
1839 4820 1964 4858 san:

2073 4807 2357 4867 εθέσπισε,
2392 4803 2487 4858 καὶ
2515 4802 2604 4858 διὰ
2633 4800 2726 4854 τοῦ
2761 4797 3052 4852 θεσπεσίου
3091 4795 3293 4851 Μωσοῦ
3339 4793 3436 4864 τὴν
3460 4791 3654 4863 ἡμετέ·

395 4896 628 4952 ttissimi
676 4897 1019 4967 baptismatis
1063 4899 1234 4970 figura
1270 4898 1392 4964 fuit,
1432 4901 1572 4972 lapis
1615 4915 1746 4956 vero
1778 4900 1964 4956 umbra

2079 4916 2180 4970 ραν
2207 4896 2614 4966 ὲσκιογράφησε
2663 4891 2962 4962 σωτηρίαν.
2988 4890 3099 4943 Kal.
3119 4887 3218 4942 τοῦ
3259 4885 3534 4954 παναγίου
3561 4882 3650 4953 βα-

468 5107 537 5161 °l
569 5103 713 5159 Tim.
760 5119 798 5169 ι,
839 5107 923 5172 15,
961 5108 1042 5162 16.
1123 5118 1148 5158 P
1181 5109 1284 5162 lsa.
1313 5123 1424 5173 ut,
1458 5106 1525 5161 l0
1553 5123 1602 5162 -ρ
1637 5108 1738 5164 lsa.
1764 5121 1894 5168 Lxu,
1923 5106 1964 5163 ὅ⁴

455 5176 561 5233 Tit.
603 5176 762 5233 ttt.5.
1407 5200 1409 5202 ·

2071 5112 2080 5139 τ
2113 5100 2307 5154 Matth.
2331 5113 2426 5166 vn,
2456 5099 2509 5162 7,
2536 5099 2591 5152 8.
2668 5107 2690 5135 ο
2726 5093 2920 5149 Matth.
2956 5109 3029 5160 Vl,
3061 5083 3152 5146 '53.
3233 5093 3253 5128 ί
3289 5090 3391 5144 lsa.
3429 5103 3518 5150 ιι..
3561 5083 3623 5141 51

395 5189 424 5218 ι
455 5186 561 5233 Tit.
603 5190 680 5235 ιιι,
704 5186 762 5230 5.
1407 5200 1409 5202 ·

1538 5371 1775 5428 VARUS
1811 5369 2195 5427 LECTIONES
2235 5369 2320 5427 ΕΤ
2359 5368 2594 5426 NOTAE.

473 5515 518 5547 ι·
558 5513 750 5585 imas.
807 5531 900 5585 με.
950 5518 1072 5570 cod.
1111 5517 1131 5568 ι
1181 5515 1460 5585 παρέθηκέ
1493 5531 1635 5585 μμοι·
1746 5513 1936 5585 "cod.-

2071 5510 2260 5585 νύμφῃ.
2374 5511 2418 5543 ’⁵ο
2468 5509 2589 5585 cod.
2712 5508 2998 5585 βασιλέως.
3093 5503 3182 5585 _"_
3209 5505 3348 5585 Σοί).
3398 5501 3650 5585 Abest?

399 5586 522 5639 rod.
551 5566 637 5639 4T
668 5566 1424 5650 mundiali}.
1471 5566 1541 5638 05
1582 5566 1749 5637 tuum.
1825 5583 1872 5614 ⁸³
1916 5581 1964 5634 '6

2071 5566 2148 5635 Μ’.
2180 5566 2428 5650 Γβιπιυηι.
2457 5580 2569 5650 καί.
2645 5581 2693 5613 ⁸⁵
2712 5566 3049 5647 Ζητεῖτέ-
3077 5572 3413 5650 ὑμῖν-...Βεεπ
3443 5570 3496 5650 in
3532 5566 3650 5650 cod.

407 5658 451 5710 Ι.
533 5655 578 5689 ⁸⁵
602 5657 783 5709 Ηαπτκ
820 5641 937 5708 ἓἐοιΙ.
969 5657 986 5708 l
1029 5659 1357 5719 πνεύματος,
1396 5654 1628 5722 aseripta
1659 5661 1834 5708 tamen
1865 5653 1964 5706 alte

2071 5641 2302 5706 ‘ection'e.
2382 5650 2425 5682 ³η
2449 5649 2570 5706 Διά.
2605 5650 2726 5704 cod.
2761 5641 2794 5702 1⁷
2823 5665 3010 5721 priem.
3051 5641 3160 5702 καί.
3239 5642 3284 5674 ⁴⁷
3315 5641 3437 5695 cod.
3467 5642 3486 5692 l
3525 5641 3646 5691 irva-

401 5726 712 5792 καινίσιινς.
787 5727 832 5755 ⁵⁸
864 5725 985 5780 cod.
1028 5727 1050 5778 l
1084 5727 1235 5792 ἡμῖν.
