3822 6324
121 355 210 419 ί39
1523 362 1609 424 ΙΝ·
1633 363 1669 422 Ρ

1809 403 1837 423 ..
1876 365 2003 427 CII.

3227 373 3366 442 1690

121 467 398 538 ιίσματος
423 469 458 540 ἡ
481 467 733 524 Θάλασσα
758 468 932 524 τύπον
955 466 1192 536 ἐδέξατο·
1220 471 1253 542 ἡ
1287 471 1464 542 πέτρα
1489 471 1547 524 δὲ
1574 471 1669 524 τῶι

1813 477 2180 532 mmortalittm
2231 481 2498 549 rivorum,
2523 492 2577 538 et
2616 498 2816 540 manna
2837 484 3033 555 .imago
3060 483 3166 540 cibi
3197 486 3366 542 eccle-

119 560 376 616 ιανάτων
407 562 659 633 κρουνῶν
689 561 980 632 ἀπεφάνθη
1008 563 1141 618 σκιὰ
1165 578 1179 594 ⁸
1211 563 1312 632 τῆς
1348 565 1675 634 ἐπουρανίου

181 654 404 724 τροφῆς
451 654 620 708 εἰκὼν
661 655 722 708 τὸ
758 655 960 724 μάννα.
986 655 1098 708 Καὶ
1125 656 1175 708 τ’
1197 654 1334 710 ἄλλα
1367 655 1448 717 δὲ,
1486 654 1576 707 ἴνα
1600 654 1676 725 μὴ

119 745 195 798 ιθ’
231 745 475 800 ἕκαστον
503 745 906 818 διεξέρχωμαι,
934 745 1109 812 οὕτως
1139 746 1290 800 ἐστιν
1329 747 1512 818 εὑρεῖν
1544 747 1676 817 παρ’

117 837 317 901 ξείνοις
357 839 877 910 ὲσκιογραφημένα.

140 936 218 998 η’.
267 948 287 981 ι
333 931 658 1002 υίκτίρμων
705 934 799 984 καὶ
834 930 1086 1001 ἐλεήμων
1127 933 1155 983 6
1182 929 1428 1001 Κύριος,
1467 931 1677 1001 μακρό·

115 1037 252 1088 ›μος
278 1023 378 1074 καὶ
411 1022 725 1086 πολυέλεος.
764 1041 782 1074 ι
818 1022 1038 1075 Τούτων
1085 1021 1164 1088 δὲ,
1209 1023 1396 1092 φησὶν,
1425 1023 1598 1076 αἴτιον
1628 1021 1675 1054 ι’

115 1113 184 1165 ὒν
226 1113 458 1181 ἀγαθῶν
485 1113 638 1185 ήτῆς
656 1114 806 1178 Θείας
828 1115 1164 1185 ἀγαθότητος
1192 1114 1452 1182 ἄϐυσσος,
1480 1118 1509 1168 6
1535 1115 1676 1187 ἁμέ-

115 1218 282 1273 οητος
309 1201 490 1268 ἕλεος,
515 1202 620 1272 τῆς
645 1203 1063 1276 φιλανθρωπίας
1091 1204 1152 1259 τὸ
1182 1204 1440 1274 πέλαγος.

144 1379 214 1442 θ’,
251 1387 303 1433 ι’.
347 1397 366 1430 ι
405 1382 521 1434 Ούκ
551 1382 632 1445 εἰς
669 1381 822 1460 τέλος
862 1381 1276 1454 ὀργισθήσεται,
1299 1382 1422 1437 οὐδὲ
1454 1383 1537 1447 είς
1583 1383 1674 1436 τὸν

113 1471 254 1524 ἱῶνα
268 1474 458 1541 μηνιεῖ
471 1472 537 1526 ⁵⁸.
560 1473 634 1525 Οὐ
657 1471 800 1526 κατὰ
821 1473 920 1536 τὰς
940 1473 1218 1544 ἁμαρτίας
1240 1473 1283 1505 ⁸⁸
1303 1473 1461 1545 ἡμῶν
1482 1473 1675 1546 ἐποίη-

113 1581 177 1616 εν
241 1565 400 1634 ἡμῖν,
434 1563 556 1617 οὐδὲ
580 1563 724 1618 κατὰ
749 1564 849 1628 τὰς
883 1565 1115 1635 ἀνομίας
1149 1567 1194 1597 δ’
1227 1565 1386 1636 ἡμῶν
1429 1566 1674 1620 ἀνταπέ-

112 1673 252 1709 υκεν
284 1657 442 1726 ἡμῖν.
479 1673 497 1706 ι
535 1655 648 1708 Οὐκ
677 1654 940 1726 ἠνέσχετο
971 1658 1093 1718 ταῖς
1143 1657 1454 1727 ἡμετέραις
1485 1658 1671 1728 ἁμαρ,

109 1748 223 1810 ίαις
259 1747 536 1818 μετρῆσαι
565 1747 663 1818 τὴν
679 1746 973 1820 τιμωρίαν,
997 1747 1119 1801 οὐδὲ
1144 1749 1238 1802 ἐπὶ
1258 1748 1512 1803 πλεῖστον
1547 1748 1670 1804 καθ’

117 1837 238 1909 μῶν
267 1835 511 1893 ἐκτεῖναι
533 1840 581 1871 ⁸³
604 1840 704 1910 τὴν
735 1841 1139 1911 ἀγανάκτησιν.

151 1928 244 1993 ια’,
267 1929 355 2001 ιβ’.
380 1931 535 1986 ("Ott
552 1931 694 1986 κατὰ
716 1931 779 1984 τὸ
808 1930 939 2000 ὕψος
956 1931 1050 1984 τοῦ
1077 1931 1312 2002 ούρανοῦ
1329 1931 1438 1986 ἀπὸ
1452 1931 1556 2002 τῆς
1571 1932 1674 2003 γῆς

107 2021 426 2094 κραταίωσε
461 2023 664 2093 Κύριος
687 2025 734 2056 ⁵⁸
762 2021 822 2075 τὸ
849 2023 997 2087 ἕλεος
1008 2021 1197 2086 αὑτοῦ,
1216 2024 1309 2076 ἐπὶ
1331 2024 1461 2087 τοὺς
1481 2024 1677 2092 φοϐου-

107 2116 282 2178 ιένους
341 2115 525 2168 αὐτόν.
569 2115 817 2168 Καθόσον
886 2115 1184 2185 ἀπέχουσιν
1223 2115 1511 2168 Ἀνατολαὶ
1566 2113 1673 2167 ἀπὸ

105 2207 336 2278 δυσμῶν,
371 2206 682 2277 ὲμάκρυνεν
711 2205 804 2275 ἀφ’
821 2205 978 2276 ἡμῶν
1000 2206 1099 2269 τὰς
1129 2207 1360 2279 ἀνομίας
1377 2207 1586 2278 ἡμῶν.»
1610 2207 1672 2259 Ei

105 2299 176 2352 ιαὶ
210 2297 418 2352 τούτων
456 2292 584 2368 εὗρε
613 2298 932 2369 μακρότερα
968 2298 1336 2370 διαστήματα,
1358 2301 1578 2362 πάντως
1605 2299 1672 2352 ἂν

103 2392 178 2443 ιαὶ
213 2389 392 2444 ταῦτα
414 2392 494 2456 είς
524 2391 688 2461 μέσον
710 2391 1213 2461 παρήγαγε,δεῖξαι
1243 2392 1302 2444 τὸ
1318 2393 1544 2463 ἄπειρον
1573 2393 1674 2462 τῆς

103 2483 239 2545 θείας
271 2481 600 2550 φιλονεικῶν
627 2480 970 2551 ἀγαθότητος
994 2498 1008 2511 ·
1041 2481 1159 2536 ἀλλ’
1188 2482 1287 2551 οὐχ
1322 2474 1480 2552 εὗρεν
1525 2483 1553 2534 6
1581 2483 1671 2534 ἁν-

103 2573 656 2642 ιρώπινοςλογισμδς,
684 2570 808 2625 οὔτε
825 2572 1056 2644 ούρανοῦ
1073 2573 1404 2644 ὑψηλότερον
1433 2574 1660 2643 μέτρον,

101 2663 211 2718 ιύτε
237 2664 335 2718 τοῦ
375 2664 544 2736 μέσου
593 2663 695 2735 τῆς
744 2664 989 2735 ἑσπέρας
1031 2665 1126 2718 καὶ
1159 2666 1257 2738 τῆς
1285 2663 1428 2738 ἑῴας
1453 2665 1672 2737 μακρό-

101 2775 141 2810 ῑε
152 2773 269 2827 ρον.

157 2846 248 2916 ιγ’.
285 2866 304 2900 ι
334 2846 531 2910 Καθὼς
586 2845 848 2917 οίκτείρει
908 2845 1094 2918 πατὴρ
1137 2840 1310 2912 υἱοὺς,
1363 2847 1669 2919 ᾠκτείρησε

99 2938 291 3009 ς’ὒριος
343 2941 469 3004 τοὺς
530 2946 901 3016 φοϐουμένους
950 2948 1131 3000 αὐτόν.
1172 2966 1190 2999 ι
1225 2948 1568 3019 Δημιουργὸς
1595 2948 1669 3001 ὢν

1777 565 1897 619 stis.
1928 567 1992 620 Et
2019 569 2147 635 alia,
2173 585 2239 625 ne
2277 571 2492 643 singula
2520 589 2862 644 percurram,
2891 575 3076 632 videre
3107 584 3196 632 est
3215 577 3360 647 apud

1778 657 1901 713 illos
1928 661 2133 729 pariter
2168 663 2520 720 adtnnbrata.

1851 925 2064 995 1327
2099 923 2261 981 Vens.
2294 933 2308 947 '
2338 927 2391 982 8.
2439 947 2459 981 ι
2505 928 2812 992 Miserator,
2847 941 2902 985 et
2937 931 3257 988 misericors
3276 943 3365 991 est

1780 1015 2046 1088 Dominus
2080 1034 2094 1069 :
2129 1018 2489 1088 longanimis,
2530 1032 2585 1075 et
2617 1023 2910 1077 admodum
2963 1024 3296 1082 misericors.
3335 1045 3356 1079 ι

1775 1107 1944 1162 Porro
1985 1108 2205 1172 horum,
2240 1109 2437 1180 inquit,
2469 1112 2717 1167 omnium
2757 1114 3024 1168 bonorum
3076 1131 3246 1172 causa
3277 1126 3364 1173 est

1775 1198 1972 1252 divinae
2011 1198 2275 1254 bonitatis
2317 1203 2574 1272 abyssus,
2616 1203 2882 1256 immensa
2932 1203 3266 1273 benignitas.
3306 1215 3363 1262 et

1777 1290 2165 1346 misericordiae
2196 1293 2441 1362 pelagus.

1847 1379 2009 1436 Vens.
2046 1380 2207 1444 9,10.
2239 1399 2256 1433 ι
2293 1380 2410 1435 Νοη
2433 1382 2486 1435 in
2513 1391 2834 1451 perpetuum
2882 1386 3148 1440 irascetur
3176 1382 3359 1445 nobis,

1775 1485 1954 1539 neque
1985 1471 2037 1524 in
2080 1479 2346 1525 aeternum
2382 1473 2835 1530 comminabitur.
2891 1474 3012 1530 Non
3057 1474 3360 1530 secundum

1775 1568 1995 1630 peccata
2035 1571 2222 1616 nostra
2245 1561 2369 1618 fecit
2405 1564 2590 1630 nobis,
2613 1580 2790 1634 neque
2817 1566 3123 1622 secundum
3158 1563 3364 1634 iniqui-

1775 1659 1916 1706 tates
1961 1664 2181 1708 nostras
2228 1654 2481 1708 retribuit
2529 1656 2706 1712 nobis.
2761 1675 2779 1707 ι
2823 1654 2943 1711 Non
2991 1656 3136 1710 enim
3187 1653 3366 1725 potuit

1775 1743 2100 1812 supplicium
2142 1745 2346 1798 nostris
2391 1745 2630 1814 peccatis
2684 1747 2888 1815 metiri,
2940 1761 3120 1816 neque
3153 1745 3364 1802 diutius

1702 1815 1746 1871 Β
1779 1837 1914 1890 iram
1953 1845 2148 1891 contra
2177 1851 2280 1892 nos
2311 1838 2664 1905 protendere.

1852 1927 2013 1982 Vens.
2042 1929 2130 1994 ll,
2176 1929 2264 1982 12.
2306 1947 2325 1979 ι
2365 1927 2638 1994 Quoniam
2673 1929 2986 1985 secundum
3020 1928 3362 1984 altitudinem

1776 2020 1901 2076 caeli
1932 2036 1962 2075 a
1996 2029 2157 2086 terra,
2183 2036 2437 2090 magnam
2469 2020 2599 2076 fecit
2629 2022 2903 2076 Dominus
2927 2020 3362 2077 misericordiam

1775 2128 1934 2168 suam
1981 2128 2109 2183 erga
2150 2114 2406 2168 timentes
2457 2129 2604 2169 eum.
2650 2115 2929 2180 Quantum
2963 2115 3129 2170 distat
3166 2112 3365 2171 Oriens

1775 2205 1844 2259 ab
1877 2204 2195 2269 Occidente,
2231 2204 2388 2274 longe
2419 2205 2652 2260 removit
2673 2221 2705 2260 a
2733 2205 2891 2261 nobis
2923 2205 3237 2276 iniquitates
3260 2219 3364 2260 no-

1773 2304 1939 2352 stras.
2001 2313 2020 2348 ι
2065 2293 2122 2350 Si
2159 2295 2404 2364 longiora
2445 2297 2530 2351 his
2561 2297 2736 2366 spatia
2765 2298 3018 2354 invenire
3067 2298 3362 2368 potuisset,

1773 2387 2004 2442 omnino
2033 2395 2089 2442 et
2116 2388 2234 2456 ipsa
2266 2388 2318 2441 in
2353 2387 2594 2442 medium
2621 2388 2920 2456 attulisset,
2956 2390 3158 2444 divinae
3206 2388 3364 2444 boni-

1773 2475 1899 2530 tatis
1938 2474 2365 2545 profunditatem
2397 2476 2689 2533 ostendere
2721 2483 2951 2549 cupiens
2985 2497 2997 2533 :
3031 2481 3124 2533 sed
3161 2479 3361 2534 buma-

1773 2580 1842 2620 na
1892 2580 2047 2622 mens
2097 2581 2198 2621 nec
2247 2568 2388 2623 coelo
2443 2567 2823 2624 sublimiorem
2868 2583 3208 2634 mensuram,
3256 2582 3363 2625 nec

1771 2664 1894 2711 ortu
1922 2666 1976 2711 et
2006 2670 2208 2713 occasu
2241 2657 2598 2730 longinquius
2627 2657 2983 2714 intervallum
3021 2657 3250 2713 invenit.

1841 2856 2007 2913 Vens.
2041 2857 2128 2912 15.
2163 2875 2187 2908 ι·
2235 2855 2524 2923 Quomodo
2563 2857 2860 2912 miseretur
2907 2865 3060 2926 pater
3088 2855 3358 2925 filiorum,

1771 2948 2035 3002 misertus
2075 2956 2160 3001 est
2209 2946 2472 3002 Dominus
2520 2964 2711 3002 eorum
2763 2949 2855 3018 qui
2914 2949 3110 3002 timent
3147 2963 3294 3002 eum.
3330 2965 3352 3000 ι

99 3036 179 3086 ιαὶ
210 3036 464 3106 ποιητὴς,
502 3039 818 3110 ἐμιμήσατο
841 3042 1044 3112 πατρὺς
1084 3043 1418 3114 ἅγαθότητα,
1446 3047 1541 3098 καὶ
1563 3046 1667 3115 τὴν

1814 3057 1903 3094 u—m
1935 3041 2007 3095 sit
2033 3040 2213 3110 opifex
2247 3050 2302 3095 et
2331 3041 2607 3104 conditor,
2639 3042 2816 3111 patris
2843 3041 3147 3096 bonitatem
3178 3041 3360 3094 imita-

97 3126 256 3194 ιύτὴν
286 3128 416 3197 περὶ
444 3132 569 3193 τοὺς
602 3132 840 3195 οἰκέτας,
871 3134 936 3204 ἣν
968 3135 1148 3206 πατὴρ
1164 3138 1208 3169 ⁵⁵
1241 3136 1369 3208 περὶ
1391 3138 1516 3200 τοὺς
1541 3139 1666 3189 παῖ-

1812 3148 1858 3186 IS
1879 3139 2001 3186 est:
2029 3130 2394 3200 eumdemque
2427 3146 2558 3200 erga
2601 3131 2861 3198 famulos,
2897 3146 3061 3202 quem
3101 3140 3255 3201 pater
3280 3145 3362 3185 er-

97 3219 201 3281 ἰας,
231 3218 620 3291 φιλοστοργίαν
651 3222 949 3288 ἐπέδειξεν.

158 3391 240 3444 ιδ’.
273 3409 290 3441 ι
336 3392 457 3444 Ὀτι
510 3395 672 3457 αὐτὸς
715 3395 856 3462 ἔγνω
901 3399 961 3449 τὸ
1017 3397 1243 3470 πλάσμα
1286 3401 1464 3470 ἡμῶν,
1497 3402 1665 3473 ἐμνή-

97 3483 190 3553 ιθη
212 3484 256 3515 ⁸ο
281 3484 362 3536 ὅτι
383 3482 513 3554 χοῦς
547 3485 734 3555 ἐσμεν.
773 3506 790 3537 ι
828 3483 949 3540 Οἵδε
1000 3488 1109 3559 γὰρ
1137 3490 1164 3541 6
1198 3489 1534 3563 δημιουργὸς
1564 3495 1664 3563 τῆς

97 3574 301 3644 ρύσεως
322 3575 481 3646 ἡμῶν
510 3577 609 3648 τὴν
638 3578 946 3640 ἀσθένειαν.
983 3575 1090 3633 οἶδε
1116 3582 1208 3634 καὶ
1243 3582 1409 3638 πόθεν
1442 3583 1665 3639 διεπλά-

97 3665 319 3735 τθημεν,
351 3666 448 3719 καὶ⁵
475 3667 580 3720 ποῦ
619 3669 782 3722 πάλιν
809 3671 1158 3742 χωρήσομεν.

167 3839 244 3895 ιε’.
275 3861 293 3894 ι
332 3842 678 3914 Ἄνθρωπος,
711 3845 844 3897 ώσεὶ
887 3845 1076 3916 χόρτος
1102 3848 1160 3900 αί
1216 3849 1422 3918 ἡμέραι
1470 3849 1661 3915 αὐτοῦ,

97 3932 222 3984 basi.
245 3932 400 3996 ἄνθος
426 3933 518 3987 τοῦ
552 3926 724 4004 ἀγροῦ
754 3934 929 3998 οὕτως
961 3935 1272 4008 ὲξανθήσει.
1307 3957 1325 3989 ι
1356 3938 1522 3992 υύδὲν
1539 3940 1665 4010 χόρο

97 4040 186 4078 ισυ
224 4023 315 4077 καὶ
343 4023 540 4088 ἄνθους
569 4025 982 4096 διενηνόχαμεν,
1014 4026 1043 4079 ὃ
1083 4029 1140 4080 ὲν
1181 4023 1277 4099 ἦρι
1315 4027 1416 4100 μὲν
1452 4028 1654 4100 τέθηλε

97 4117 233 4185 μετὰ
269 4115 440 4186 βραχὺ
469 4116 526 4170 δὲ
573 4118 898 4189 μαραίνεται
935 4121 1030 4174 καὶ
1053 4119 1286 4192 διαρρεῖ.

168 4213 259 4270 ις’.
294 4226 310 4256 ι
351 4207 473 4259 Ὅτι
504 4206 725 4278 πνεῦμα
749 4209 962 4279 διῆλθεν
979 4213 1036 4264 ὲν
1053 4209 1226 4278 αύτῷ,
1244 4210 1338 4263 καὶ
1363 4210 1463 4280 οὐχ
1484 4209 1663 4282 ὑπάρ·

97 4299 196 4363 Ξει,
222 4299 314 4351 καὶ
343 4299 387 4331 ⁵⁷
417 4298 519 4352 οὐκ
568 4299 934 4369 ἐπιγνώσεται
980 4301 1061 4355 ἔτι
1108 4301 1198 4354 τὸν
1225 4303 1392 4356 τόπον
1413 4303 1603 4359 αὑτοῦ.
1643 4323 1660 4356 ι

101 4395 166 4445 ὐ
195 4391 250 4445 δὲ
275 4391 570 4463 Σύμμαχος
593 4391 767 4455 οὕτως
788 4410 802 4423 ·
830 4394 952 4448 Ὅτι
975 4393 1213 4463 πνεῦμα
1237 4394 1531 4464 διέρχεται
1554 4397 1665 4450 αὐ-

1753 3236 1836 3288 Δίζει
1902 3219 2060 3285 filios,
2109 3219 2361 3276 affectum
2392 3220 2665 3277 exhibuit.

1844 3397 2011 3454 Vens.
2050 3399 2137 3454 14.
2174 3419 2195 3449 ι
2233 3399 2506 3465 Quoniam
2534 3401 2652 3472 ipse
2681 3402 2937 3472 cognovit
2979 3400 3357 3456 formationem

1772 3500 2060 3554 nostram,
2109 3491 2428 3547 recordatus
2471 3501 2594 3555 est,
2644 3492 2922 3561 pulverem
2966 3506 3069 3546 nos
3123 3506 3266 3546 esse.
3331 3509 3352 3542 ι

1770 3581 1935 3637 Novit
1978 3582 2124 3635 enim
2171 3581 2351 3652 opifex
2405 3592 2616 3638 naturae
2668 3593 2872 3638 nostra:
2910 3581 3359 3648 imbecillitatem,

1773 3675 1896 3740 scit,
1919 3675 2064 3728 unde
2088 3673 2310 3728 formati
2339 3688 2554 3738 sumus,
2585 3682 2639 3728 et
2664 3689 2777 3743 quo
2812 3689 3006 3729 rursus
3037 3674 3240 3728 abituri
3269 3689 3362 3726 su-

1771 3780 1920 3818 mus.

1843 3852 2012 3908 Vens.
2048 3853 2134 3909 15.
2175 3872 2194 3905 ι
2234 3851 2434 3920 Homo,
2485 3853 2631 3908 sicut
2658 3852 2843 3908 fenum
2896 3853 3014 3910 dies
3063 3858 3208 3922 ejus,
3237 3864 3360 3910 tan-

1771 3962 1933 4016 quam
1965 3944 2067 4000 llos
2108 3944 2224 4016 agri
2256 3944 2337 4000 sic
2361 3943 2646 3999 emorebit.
2686 3963 2705 3996 ι
2740 3944 2887 4002 Nihil
2919 3960 2951 4000 a
2983 3945 3202 4017 1328
3233 3945 3360 4001 feno

1770 4048 1826 4093 et
1870 4053 1902 4092 a
1947 4036 2080 4092 flore
2121 4034 2452 4101 differimus,
2498 4036 2594 4106 qui
2642 4037 2862 4106 quidem
2913 4053 3083 4091 verno
3115 4047 3360 4109 tempore

1771 4133 1935 4194 viret,
1967 4129 2129 4200 paulo
2157 4137 2282 4199 post
2313 4143 2442 4182 vero
2473 4128 2779 4199 languescit
2807 4139 2864 4184 et
2892 4129 3107 4184 dillluit.

1842 4221 2008 4276 Vens.
2055 4222 2139 4276 16.
2173 4239 2192 4273 ι
2228 4219 2498 4287 Quoniam
2532 4220 2760 4289 spiritus
2785 4220 3136 4288 per-transibit
3171 4219 3353 4283 illum,

1773 4323 1827 4369 et
1859 4331 1964 4368 non
1999 4314 2234 4382 amplius
2279 4313 2404 4376 erit,
2442 4327 2542 4369 nec
2574 4321 2865 4382 cognoscet
2912 4315 3144 4381 amplius
3177 4313 3359 4368 locum

1773 4422 1955 4462 sumn.
2000 4423 2019 4456 ι
2057 4404 2424 4476 Symmachus
2462 4413 2644 4460 autem
2671 4406 2751 4459 sic
2779 4422 2794 4458 :
2827 4403 3100 4470 Quoniam
3140 4405 3361 4472 spiritus

97 4485 218 4550 τὸν,
249 4479 373 4540 εἶτα
395 4488 509 4552 οὐχ
559 4484 838 4554 ὑπάρχει.
865 4515 934 4526 —
967 4486 1210 4555 Πνεῦμα
1235 4487 1333 4558 τὴν
1355 4488 1538 4560 ψυχὴν
1572 4489 1662 4543 λέ-

1809 4496 2052 4551 ertransit
2098 4497 2291 4566 ipsum,
2333 4497 2522 4553 deinde
2557 4515 2660 4552 non
2704 4505 2802 4551 est.
2836 4526 2903 4535 —
2935 4495 3196 4563 Spiritum
3232 4511 3362 4549 vero

97 4593 214 4646 γει·
245 4573 312 4650 ἦς
338 4577 621 4648 παρούσης
644 4577 737 4630 καὶ
759 4579 826 4647 ζῇ
854 4576 914 4630 τὸ
934 4577 1116 4647 σῶμα,
1149 4579 1244 4631 καὶ
1259 4580 1479 4650 ἐνεργεῖ
1498 4597 1510 4610 ·
1531 4581 1670 4634 ἁπο-

97 4670 303 4740 πτάσης
356 4669 413 4722 δὲ
467 4667 902 4722 κατασϐέννυται
959 4669 1054 4722 καὶ
1096 4669 1401 4740 φθείρεται,
1426 4672 1503 4736 ώς
1536 4673 1672 4743 μηδὲ

97 4760 216 4823 τοὺς
246 4761 543 4832 προτέρους
588 4759 1051 4829 ὲπιγινώσκεσθαι
1105 4763 1479 4834 χαρακτῆρας,
1537 4766 1674 4836 μηδὲ

97 4852 475 4921 γινώσκεσθαι,
504 4852 580 4916 ώς
605 4852 768 4906 τοῦτο
803 4851 897 4906 τοῦ
923 4852 1118 4919 δεῖνος,
1159 4856 1340 4908 έκεῖνο
1369 4854 1464 4908 τοῦ
1496 4855 1672 4920 δεῖνος

97 4946 158 4997 τὸ
186 4945 358 5015 σῶμα.
390 4945 504 4998 Καὶ
531 4944 692 4999 τοῦτο
726 4945 824 4999 ίδοι
857 4935 940 5009 τις
961 4946 1028 4999 ἂν
1053 4946 1447 5018 ἀκριϐέστερον
1469 4947 1662 5002 διακύ-

97 5036 201 5106 ψας
240 5038 318 5100 είς
351 5037 522 5106 τάφον
543 5054 558 5067 ·
594 5036 774 5090 πάντα
822 5036 935 5106 γὰρ
973 5036 1178 5107 ὁμοίως
1209 5037 1421 5110 φθορᾶς
1452 5039 1663 5108 γίνεται

97 5128 468 5199 παρανάλωμα
503 5168 518 5192 ,
550 5127 648 5183 καὶ
697 5128 826 5193 τοὺς
868 5123 1185 5201 προτέρους
1217 5133 1577 5202 χαρακτῆρας
1601 5131 1662 5185 ού

97 5219 366 5284 διασώζει.

1770 4590 2007 4643 animam
2050 4587 2310 4656 appellat,
2355 4603 2462 4659 qua
2494 4597 2763 4659 praesente
2807 4602 3009 4656 corpus
3046 4594 3100 4641 et
3140 4585 3272 4638 vivit
3305 4596 3361 4641 ct

1770 4685 2049 4746 operatur,
2085 4692 2213 4732 eum
2246 4678 2504 4745 evolavit,
2545 4678 2917 4747 exstinguitur
2951 4687 3004 4731 et
3049 4676 3358 4745 corrumpi-

1771 4778 1903 4826 tur:
1941 4771 2016 4828 ita
2059 4781 2246 4827 utnec
2276 4774 2490 4842 priores
2528 4785 2669 4828 notae
2711 4783 3101 4842 agnoscuntur.
3139 4785 3238 4824 nec
3272 4771 3358 4824 in-

1770 4861 2048 4929 telligatur
2083 4861 2184 4915 hoc
2213 4875 2418 4930 corpus
2445 4863 2592 4917 illius
2619 4862 2809 4926 fuisse,
2843 4871 2898 4916 et
2925 4863 3026 4914 hoc
3059 4860 3228 4915 illius.
3255 4860 3358 4913 At-

1768 4967 1876 5022 que
1911 4953 2012 5007 hoc
2045 4952 2451 5020 deprehendere
2506 4955 2737 5025 quilibet
2790 4954 3009 5023 ponet-it.
3044 4957 3061 4975 ⁴
3097 4952 3142 5006 si
3177 4953 3229 5006 iu
3264 4967 3356 5007 se-

1769 5043 1954 5112 pulcra
1983 5041 2236 5108 inspiciat
2259 5043 2522 5099 attentius
2558 5061 2574 5098 :
2605 5043 2792 5098 omnia
2823 5059 2971 5098 enim
3013 5043 3130 5112 pari
3163 5057 3358 5096 corru-

1771 5133 1956 5204 ptione
1999 5141 2336 5200 atteruntur,
2373 5135 2744 5205 pristinasth
2779 5143 2944 5191 notas
2981 5149 3088 5190 non
3123 5148 3356 5188 consur-

1779 5234 1933 5283 vant.

1171 5417 1403 5474 VARUE
1444 5419 1828 5477 LECTIONES
1864 5421 1949 5475 ET
1984 5420 2216 5478 NOTAE.

167 5530 212 5592 δῖ
240 5575 355 5649 φα,
391 5574 413 5631 ι
453 5574 630 5649 item,
690 5568 745 5649 ’σὲ
782 5577 940 5649 Μήν.
967 5575 1130 5633 Hebr.
1163 5576 1426 5649 servabit,
1456 5594 1530 5633 sc.
1558 5580 1669 5632 iran

1809 5596 1900 5632 rm.
1977 5580 2020 5612 ⁵¹
2055 5579 2290 5649 Ἀμαρτ.
2312 5580 2432 5634 cod.
2462 5578 2486 5631 1
2515 5578 2766 5649 ἀνομίας.
2843 5581 2904 5649 ¹¹ί
2933 5576 3346 5649 Ἀνομηροίίηι

101 5644 379 5715 ἁμαρτίας.

297 5717 414 5773 cod.
473 5713 649 5773 Vatic.
720 5717 880 5773 habet
948 5717 1233 5790 μνήσθητι.

454 5646 517 5718 '_'_
534 5646 654 5718 cod.
683 5648 1059 5718 ίίὲπεκτεϊναι.
1102 5717 1107 5718 ί
1137 5650 1184 5680 ³⁵
1209 5647 1434 5717 Ἐκράτ.
1467 5649 1669 5717 Κύριος

1815 5646 2209 5704 ωπιτνωυτιίὲιξ
2254 5651 2310 5718 7⁸⁵
2341 5649 2542 5718 Πατήρ
2565 5646 2732 5704 Abest
2759 5664 2788 5701 τι
2809 5648 2932 5704 cod.
2962 5649 3010 5700 1.

3097 5647 3117 5676 ⁸
3136 5644 3318 5716 Ἐμνή
3331 5679 3350 5688 -

1359 5720 1404 5750 ⁵⁷
1439 5716 1562 5773 Kal,
1599 5749 1665 5759 ~—

1809 5719 1922 5773 τοῦ.
1998 5719 2161 5777 Hebr.
2240 5717 2351 5775 Nec
2429 5716 2676 5790 agnoscet
2729 5733 2848 5774 eum
2912 5716 3144 5788 amplius
3201 5720 3342 5772 locus
