  <div class='ocr_page' id='page_1' title='image "/cluster/home/n/w/nwhite01/storage/ocr_20150623/80/pst.000005712793/855.png"; bbox 0 0 3890 6320; ppageno 0'>
   <div class='ocr_carea' id='block_1_1' title="bbox 368 299 500 369">
    <p class='ocr_par' dir='ltr' id='par_1_1' title="bbox 368 299 500 369">
     <span class='ocr_line' id='line_1_1' title="bbox 368 299 500 369; baseline 0.008 -2"><span class='ocrx_word' id='word_1_1' title='bbox 368 299 500 369; x_wconf 67' lang='grc'><strong>1391</strong></span> 
     </span>
    </p>
   </div>
   <div class='ocr_carea' id='block_1_2' title="bbox 1363 258 2648 362">
    <p class='ocr_par' dir='ltr' id='par_1_2' title="bbox 1363 258 2648 362">
     <span class='ocr_line' id='line_1_2' title="bbox 1363 258 2648 362; baseline 0.003 -4"><span class='ocrx_word' id='word_1_2' title='bbox 1363 258 1853 358; x_wconf 67' lang='grc' dir='ltr'><strong>ΤιιεουοιιΕΤι</strong></span> <span class='ocrx_word' id='word_1_3' title='bbox 1891 294 2228 356; x_wconf 80' lang='lat' dir='ltr'><strong>EPISCOPI</strong></span> <span class='ocrx_word' id='word_1_4' title='bbox 2275 299 2648 362; x_wconf 83' lang='lat' dir='ltr'><strong>CYRENSIS</strong></span> 
     </span>
    </p>
   </div>
   <div class='ocr_carea' id='block_1_3' title="bbox 3513 277 3657 368">
    <p class='ocr_par' dir='ltr' id='par_1_3' title="bbox 3513 277 3657 368">
     <span class='ocr_line' id='line_1_3' title="bbox 3513 277 3657 368; baseline -0.014 0"><span class='ocrx_word' id='word_1_5' title='bbox 3513 277 3657 368; x_wconf 65' lang='lat' dir='ltr'><strong>Issa</strong></span> 
     </span>
    </p>
   </div>
   <div class='ocr_carea' id='block_1_4' title="bbox 440 369 1973 486">
    <p class='ocr_par' dir='ltr' id='par_1_4' title="bbox 440 404 1950 481">
     <span class='ocr_line' id='line_1_4' title="bbox 440 404 1950 481; baseline -0.009 -11"><span class='ocrx_word' id='word_1_6' title='bbox 440 415 606 470; x_wconf 74' lang='lat' dir='ltr'><strong>Vnus.</strong></span> <span class='ocrx_word' id='word_1_7' title='bbox 639 415 725 481; x_wconf 83' lang='grc'><strong>17,</strong></span> <span class='ocrx_word' id='word_1_8' title='bbox 768 414 853 468; x_wconf 88' lang='lat' dir='ltr'><strong>l8.</strong></span> <span class='ocrx_word' id='word_1_9' title='bbox 901 433 918 464; x_wconf 72' lang='lat' dir='ltr'><strong><em>c</em></strong></span> <span class='ocrx_word' id='word_1_10' title='bbox 959 411 1335 468; x_wconf 79' lang='lat' dir='ltr'><strong>Misericordia</strong></span> <span class='ocrx_word' id='word_1_11' title='bbox 1377 418 1558 462; x_wconf 89' lang='lat' dir='ltr'><strong>autem</strong></span> <span class='ocrx_word' id='word_1_12' title='bbox 1613 405 1826 459; x_wconf 90' lang='lat' dir='ltr'><strong>Domini</strong></span> <span class='ocrx_word' id='word_1_13' title='bbox 1881 404 1950 458; x_wconf 90' lang='lat' dir='ltr'><strong>ab</strong></span> 
     </span>
    </p>
   </div>
   <div class='ocr_carea' id='block_1_5' title="bbox 2084 369 3654 486">
    <p class='ocr_par' dir='ltr' id='par_1_5' title="bbox 2125 405 3654 486">
     <span class='ocr_line' id='line_1_5' title="bbox 2125 405 3654 486; baseline 0.007 -30"><span class='ocrx_word' id='word_1_14' title='bbox 2125 405 2211 468; x_wconf 79' lang='grc' dir='ltr'>ιζ’,</span> <span class='ocrx_word' id='word_1_15' title='bbox 2238 407 2326 477; x_wconf 84' lang='grc' dir='ltr'>ιη’.</span> <span class='ocrx_word' id='word_1_16' title='bbox 2363 426 2381 458; x_wconf 76' lang='grc' dir='ltr'><strong>ι</strong></span> <span class='ocrx_word' id='word_1_17' title='bbox 2421 409 2494 462; x_wconf 84' lang='grc' dir='ltr'>Τὸ</span> <span class='ocrx_word' id='word_1_18' title='bbox 2525 411 2582 462; x_wconf 85' lang='grc' dir='ltr'>δὲ</span> <span class='ocrx_word' id='word_1_19' title='bbox 2614 411 2764 476; x_wconf 77' lang='grc' dir='ltr'>ἕλεος</span> <span class='ocrx_word' id='word_1_20' title='bbox 2798 413 2890 466; x_wconf 78' lang='grc' dir='ltr'>τοῦ</span> <span class='ocrx_word' id='word_1_21' title='bbox 2927 415 3135 486; x_wconf 87' lang='grc' dir='ltr'>Κυρίου</span> <span class='ocrx_word' id='word_1_22' title='bbox 3165 414 3276 468; x_wconf 75' lang='grc' dir='ltr'>ἀπὸ</span> <span class='ocrx_word' id='word_1_23' title='bbox 3307 414 3403 468; x_wconf 81' lang='grc' dir='ltr'>τοῦ</span> <span class='ocrx_word' id='word_1_24' title='bbox 3424 416 3654 478; x_wconf 74' lang='grc' dir='ltr'>αἰῶνος,</span> 
     </span>
    </p>
   </div>
   <div class='ocr_carea' id='block_1_6' title="bbox 369 501 1951 576">
    <p class='ocr_par' dir='ltr' id='par_1_6' title="bbox 369 501 1951 576">
     <span class='ocr_line' id='line_1_6' title="bbox 369 501 1951 576; baseline -0.009 -12"><span class='ocrx_word' id='word_1_25' title='bbox 369 522 574 564; x_wconf 66' lang='grc' dir='ltr'>αξιοι-[ιο</span> <span class='ocrx_word' id='word_1_26' title='bbox 636 523 810 576; x_wconf 90' lang='lat' dir='ltr'><strong>usque</strong></span> <span class='ocrx_word' id='word_1_27' title='bbox 861 509 914 560; x_wconf 92' lang='lat' dir='ltr'><strong>in</strong></span> <span class='ocrx_word' id='word_1_28' title='bbox 956 517 1244 568; x_wconf 69' lang='lat' dir='ltr'><strong>aeternum,</strong></span> <span class='ocrx_word' id='word_1_29' title='bbox 1281 517 1446 571; x_wconf 86' lang='lat' dir='ltr'><strong>super</strong></span> <span class='ocrx_word' id='word_1_30' title='bbox 1477 501 1728 554; x_wconf 76' lang='lat' dir='ltr'><strong>timentes</strong></span> <span class='ocrx_word' id='word_1_31' title='bbox 1775 511 1898 552; x_wconf 90' lang='lat' dir='ltr'><strong>eum</strong></span> <span class='ocrx_word' id='word_1_32' title='bbox 1938 514 1951 550; x_wconf 91' lang='lat'>:</span> 
     </span>
    </p>
   </div>
   <div class='ocr_carea' id='block_1_7' title="bbox 371 578 1959 665">
    <p class='ocr_par' dir='ltr' id='par_1_7' title="bbox 371 578 1959 665">
     <span class='ocr_line' id='line_1_7' title="bbox 371 578 1959 665; baseline -0.008 -12"><span class='ocrx_word' id='word_1_33' title='bbox 371 613 425 654; x_wconf 87' lang='lat' dir='ltr'><strong>et</strong></span> <span class='ocrx_word' id='word_1_34' title='bbox 449 600 668 665; x_wconf 86' lang='lat' dir='ltr'><strong>justitia</strong></span> <span class='ocrx_word' id='word_1_35' title='bbox 700 600 846 652; x_wconf 87' lang='lat' dir='ltr'><strong>illius</strong></span> <span class='ocrx_word' id='word_1_36' title='bbox 874 600 928 652; x_wconf 93' lang='lat' dir='ltr'><strong>in</strong></span> <span class='ocrx_word' id='word_1_37' title='bbox 966 599 1107 653; x_wconf 85' lang='lat' dir='ltr'><strong>filios</strong></span> <span class='ocrx_word' id='word_1_38' title='bbox 1149 597 1408 650; x_wconf 88' lang='lat' dir='ltr'><strong>filiorum.</strong></span> <span class='ocrx_word' id='word_1_39' title='bbox 1467 578 1560 646; x_wconf 80' lang='lat' dir='ltr'><strong>His</strong></span> <span class='ocrx_word' id='word_1_40' title='bbox 1593 589 1688 660; x_wconf 85' lang='lat' dir='ltr'><strong>qui</strong></span> <span class='ocrx_word' id='word_1_41' title='bbox 1735 597 1959 645; x_wconf 85' lang='lat' dir='ltr'><strong>servant</strong></span> 
     </span>
    </p>
   </div>
   <div class='ocr_carea' id='block_1_8' title="bbox 372 679 1958 756">
    <p class='ocr_par' dir='ltr' id='par_1_8' title="bbox 372 679 1958 756">
     <span class='ocr_line' id='line_1_8' title="bbox 372 679 1958 756; baseline -0.007 -14"><span class='ocrx_word' id='word_1_42' title='bbox 372 689 555 742; x_wconf 74' lang='lat' dir='ltr'><strong>l‘mdus</strong></span> <span class='ocrx_word' id='word_1_43' title='bbox 594 687 735 756; x_wconf 87' lang='lat' dir='ltr'><strong>ejus,</strong></span> <span class='ocrx_word' id='word_1_44' title='bbox 779 699 832 741; x_wconf 92' lang='lat' dir='ltr'><strong>et</strong></span> <span class='ocrx_word' id='word_1_45' title='bbox 874 701 1143 741; x_wconf 85' lang='lat' dir='ltr'><strong>memores</strong></span> <span class='ocrx_word' id='word_1_46' title='bbox 1167 695 1296 741; x_wconf 86' lang='lat' dir='ltr'><strong>sunt</strong></span> <span class='ocrx_word' id='word_1_47' title='bbox 1347 683 1732 738; x_wconf 73' lang='lat' dir='ltr'><strong>mandatorum</strong></span> <span class='ocrx_word' id='word_1_48' title='bbox 1786 679 1958 748; x_wconf 87' lang='lat' dir='ltr'><strong>ipsius</strong></span> 
     </span>
    </p>
   </div>
   <div class='ocr_carea' id='block_1_9' title="bbox 372 769 1957 847">
    <p class='ocr_par' dir='ltr' id='par_1_9' title="bbox 372 769 1957 847">
     <span class='ocr_line' id='line_1_9' title="bbox 372 769 1957 847; baseline -0.006 -16"><span class='ocrx_word' id='word_1_49' title='bbox 372 791 432 832; x_wconf 85' lang='lat' dir='ltr'><strong>ut</strong></span> <span class='ocrx_word' id='word_1_50' title='bbox 463 781 775 834; x_wconf 86' lang='lat' dir='ltr'><strong>faciantea.</strong></span> <span class='ocrx_word' id='word_1_51' title='bbox 824 797 842 830; x_wconf 72' lang='grc' dir='ltr'><strong>ι</strong></span> <span class='ocrx_word' id='word_1_52' title='bbox 891 777 1090 832; x_wconf 78' lang='lat' dir='ltr'><strong>Natura</strong></span> <span class='ocrx_word' id='word_1_53' title='bbox 1143 778 1310 847; x_wconf 84' lang='lat' dir='ltr'><strong>igitur</strong></span> <span class='ocrx_word' id='word_1_54' title='bbox 1351 777 1431 830; x_wconf 89' lang='lat' dir='ltr'><strong>sic</strong></span> <span class='ocrx_word' id='word_1_55' title='bbox 1466 773 1673 843; x_wconf 78' lang='lat' dir='ltr'><strong>fragilis</strong></span> <span class='ocrx_word' id='word_1_56' title='bbox 1710 780 1794 826; x_wconf 88' lang='lat' dir='ltr'><strong>est</strong></span> <span class='ocrx_word' id='word_1_57' title='bbox 1825 789 1837 824; x_wconf 94' lang='lat'><strong>:</strong></span> <span class='ocrx_word' id='word_1_58' title='bbox 1863 769 1957 825; x_wconf 90' lang='lat' dir='ltr'><strong>sed</strong></span> 
     </span>
    </p>
   </div>
   <div class='ocr_carea' id='block_1_10' title="bbox 373 858 1962 932">
    <p class='ocr_par' dir='ltr' id='par_1_10' title="bbox 373 858 1962 932">
     <span class='ocr_line' id='line_1_10' title="bbox 373 858 1962 932; baseline -0.009 -4"><span class='ocrx_word' id='word_1_59' title='bbox 373 873 557 928; x_wconf 79' lang='lat' dir='ltr'><strong>divina</strong></span> <span class='ocrx_word' id='word_1_60' title='bbox 607 872 994 926; x_wconf 84' lang='lat' dir='ltr'><strong>misericordia</strong></span> <span class='ocrx_word' id='word_1_61' title='bbox 1041 871 1361 925; x_wconf 89' lang='lat' dir='ltr'><strong>diuturnam</strong></span> <span class='ocrx_word' id='word_1_62' title='bbox 1411 858 1573 920; x_wconf 83' lang='lat' dir='ltr'><strong>vitam</strong></span> <span class='ocrx_word' id='word_1_63' title='bbox 1607 864 1856 932; x_wconf 73' lang='lat' dir='ltr'><strong>largitur,</strong></span> <span class='ocrx_word' id='word_1_64' title='bbox 1907 869 1962 914; x_wconf 91' lang='lat' dir='ltr'><strong>et</strong></span> 
     </span>
    </p>
   </div>
   <div class='ocr_carea' id='block_1_11' title="bbox 370 952 1959 1033">
    <p class='ocr_par' dir='ltr' id='par_1_11' title="bbox 370 952 1959 1033">
     <span class='ocr_line' id='line_1_11' title="bbox 370 952 1959 1033; baseline -0.006 -17"><span class='ocrx_word' id='word_1_65' title='bbox 370 964 598 1033; x_wconf 71' lang='lat' dir='ltr'><strong>justitize</strong></span> <span class='ocrx_word' id='word_1_66' title='bbox 664 967 1171 1018; x_wconf 77' lang='lat' dir='ltr'><strong>remunerationem</strong></span> <span class='ocrx_word' id='word_1_67' title='bbox 1231 959 1539 1030; x_wconf 87' lang='lat' dir='ltr'><strong>majoribus</strong></span> <span class='ocrx_word' id='word_1_68' title='bbox 1605 956 1839 1010; x_wconf 86' lang='lat' dir='ltr'><strong>debitam</strong></span> <span class='ocrx_word' id='word_1_69' title='bbox 1891 952 1959 1006; x_wconf 88' lang='lat' dir='ltr'><strong>ad</strong></span> 
     </span>
    </p>
   </div>
   <div class='ocr_carea' id='block_1_12' title="bbox 374 1050 1960 1126">
    <p class='ocr_par' dir='ltr' id='par_1_12' title="bbox 374 1050 1960 1126">
     <span class='ocr_line' id='line_1_12' title="bbox 374 1050 1960 1126; baseline -0.008 -16"><span class='ocrx_word' id='word_1_70' title='bbox 374 1065 626 1125; x_wconf 76' lang='lat' dir='ltr'><strong>posteros</strong></span> <span class='ocrx_word' id='word_1_71' title='bbox 655 1072 828 1126; x_wconf 90' lang='lat' dir='ltr'><strong>usque</strong></span> <span class='ocrx_word' id='word_1_72' title='bbox 862 1066 1173 1110; x_wconf 86' lang='lat' dir='ltr'><strong>conservat.</strong></span> <span class='ocrx_word' id='word_1_73' title='bbox 1211 1055 1301 1109; x_wconf 88' lang='lat' dir='ltr'><strong>Sic</strong></span> <span class='ocrx_word' id='word_1_74' title='bbox 1331 1066 1560 1122; x_wconf 84' lang='lat' dir='ltr'><strong>regnum</strong></span> <span class='ocrx_word' id='word_1_75' title='bbox 1609 1050 1679 1103; x_wconf 88' lang='lat' dir='ltr'><strong>ad</strong></span> <span class='ocrx_word' id='word_1_76' title='bbox 1711 1059 1960 1118; x_wconf 81' lang='lat' dir='ltr'><strong>quartam</strong></span> 
     </span>
    </p>
   </div>
   <div class='ocr_carea' id='block_1_13' title="bbox 379 1139 1965 1218">
    <p class='ocr_par' dir='ltr' id='par_1_13' title="bbox 379 1139 1965 1218">
     <span class='ocr_line' id='line_1_13' title="bbox 379 1139 1965 1218; baseline -0.006 -18"><span class='ocrx_word' id='word_1_77' title='bbox 379 1164 558 1216; x_wconf 87' lang='lat' dir='ltr'><strong>usque</strong></span> <span class='ocrx_word' id='word_1_78' title='bbox 589 1149 906 1218; x_wconf 81' lang='lat' dir='ltr'><strong>progeniem</strong></span> <span class='ocrx_word' id='word_1_79' title='bbox 933 1145 1067 1201; x_wconf 84' lang='lat' dir='ltr'><strong>Jelm</strong></span> <span class='ocrx_word' id='word_1_80' title='bbox 1096 1146 1356 1209; x_wconf 81' lang='lat' dir='ltr'><strong>servavit,</strong></span> <span class='ocrx_word' id='word_1_81' title='bbox 1382 1145 1506 1197; x_wconf 88' lang='lat' dir='ltr'><strong>licet</strong></span> <span class='ocrx_word' id='word_1_82' title='bbox 1533 1140 1825 1212; x_wconf 82' lang='lat' dir='ltr'><strong>perfectam</strong></span> <span class='ocrx_word' id='word_1_83' title='bbox 1853 1139 1965 1209; x_wconf 87' lang='lat' dir='ltr'><strong>pie-</strong></span> 
     </span>
    </p>
   </div>
   <div class='ocr_carea' id='block_1_14' title="bbox 377 1235 1964 1307">
    <p class='ocr_par' dir='ltr' id='par_1_14' title="bbox 377 1235 1964 1307">
     <span class='ocr_line' id='line_1_14' title="bbox 377 1235 1964 1307; baseline -0.004 -14"><span class='ocrx_word' id='word_1_84' title='bbox 377 1249 543 1295; x_wconf 76' lang='lat' dir='ltr'><strong>tatem</strong></span> <span class='ocrx_word' id='word_1_85' title='bbox 583 1241 811 1294; x_wconf 89' lang='lat' dir='ltr'><strong>minime</strong></span> <span class='ocrx_word' id='word_1_86' title='bbox 845 1239 1116 1301; x_wconf 82' lang='lat' dir='ltr'><strong>habuerit,</strong></span> <span class='ocrx_word' id='word_1_87' title='bbox 1153 1240 1247 1294; x_wconf 91' lang='lat' dir='ltr'><strong>sed</strong></span> <span class='ocrx_word' id='word_1_88' title='bbox 1281 1239 1332 1292; x_wconf 93' lang='lat' dir='ltr'><strong>in</strong></span> <span class='ocrx_word' id='word_1_89' title='bbox 1377 1237 1649 1307; x_wconf 89' lang='lat' dir='ltr'><strong>principio</strong></span> <span class='ocrx_word' id='word_1_90' title='bbox 1687 1235 1839 1305; x_wconf 81' lang='lat' dir='ltr'><strong>regni</strong></span> <span class='ocrx_word' id='word_1_91' title='bbox 1871 1247 1964 1288; x_wconf 87' lang='lat' dir='ltr'><strong>ze-</strong></span> 
     </span>
    </p>
   </div>
   <div class='ocr_carea' id='block_1_15' title="bbox 378 1329 1964 1396">
    <p class='ocr_par' dir='ltr' id='par_1_15' title="bbox 378 1329 1964 1396">
     <span class='ocr_line' id='line_1_15' title="bbox 378 1329 1964 1396; baseline -0.003 -11"><span class='ocrx_word' id='word_1_92' title='bbox 378 1331 491 1385; x_wconf 91' lang='lat' dir='ltr'><strong>lum</strong></span> <span class='ocrx_word' id='word_1_93' title='bbox 527 1333 854 1386; x_wconf 88' lang='lat' dir='ltr'><strong>ostenderit.</strong></span> <span class='ocrx_word' id='word_1_94' title='bbox 889 1329 980 1386; x_wconf 91' lang='lat' dir='ltr'><strong>Sic</strong></span> <span class='ocrx_word' id='word_1_95' title='bbox 1009 1331 1196 1385; x_wconf 87' lang='lat' dir='ltr'><strong>divino</strong></span> <span class='ocrx_word' id='word_1_96' title='bbox 1227 1329 1418 1383; x_wconf 89' lang='lat' dir='ltr'><strong>Davidi</strong></span> <span class='ocrx_word' id='word_1_97' title='bbox 1451 1329 1836 1384; x_wconf 82' lang='lat' dir='ltr'><strong>inexstinctam</strong></span> <span class='ocrx_word' id='word_1_98' title='bbox 1867 1343 1964 1396; x_wconf 81' lang='lat' dir='ltr'><strong>ge-</strong></span> 
     </span>
    </p>
   </div>
   <div class='ocr_carea' id='block_1_16' title="bbox 379 1417 1968 1488">
    <p class='ocr_par' dir='ltr' id='par_1_16' title="bbox 379 1417 1968 1488">
     <span class='ocr_line' id='line_1_16' title="bbox 379 1417 1968 1488; baseline -0.004 -11"><span class='ocrx_word' id='word_1_99' title='bbox 379 1424 525 1477; x_wconf 88' lang='lat' dir='ltr'><strong>neris</strong></span> <span class='ocrx_word' id='word_1_100' title='bbox 553 1423 847 1478; x_wconf 89' lang='lat' dir='ltr'><strong>scintillam</strong></span> <span class='ocrx_word' id='word_1_101' title='bbox 895 1424 1211 1487; x_wconf 81' lang='lat' dir='ltr'><strong>custodivit,</strong></span> <span class='ocrx_word' id='word_1_102' title='bbox 1264 1422 1481 1477; x_wconf 89' lang='lat' dir='ltr'><strong>tametsi</strong></span> <span class='ocrx_word' id='word_1_103' title='bbox 1528 1421 1682 1475; x_wconf 91' lang='lat' dir='ltr'><strong>multi</strong></span> <span class='ocrx_word' id='word_1_104' title='bbox 1721 1419 1873 1488; x_wconf 89' lang='lat' dir='ltr'><strong>impii</strong></span> <span class='ocrx_word' id='word_1_105' title='bbox 1913 1417 1968 1471; x_wconf 91' lang='lat' dir='ltr'><strong>in</strong></span> 
     </span>
    </p>
   </div>
   <div class='ocr_carea' id='block_1_17' title="bbox 379 1513 1964 1584">
    <p class='ocr_par' dir='ltr' id='par_1_17' title="bbox 379 1513 1964 1584">
     <span class='ocr_line' id='line_1_17' title="bbox 379 1513 1964 1584; baseline -0.003 -16"><span class='ocrx_word' id='word_1_106' title='bbox 379 1516 558 1570; x_wconf 86' lang='lat' dir='ltr'><strong>medio</strong></span> <span class='ocrx_word' id='word_1_107' title='bbox 589 1517 921 1571; x_wconf 83' lang='lat' dir='ltr'><strong>exstiterint.</strong></span> <span class='ocrx_word' id='word_1_108' title='bbox 964 1517 1117 1571; x_wconf 84' lang='lat' dir='ltr'><strong>Hanc</strong></span> <span class='ocrx_word' id='word_1_109' title='bbox 1149 1525 1355 1572; x_wconf 89' lang='lat' dir='ltr'><strong>autem.</strong></span> <span class='ocrx_word' id='word_1_110' title='bbox 1391 1516 1592 1584; x_wconf 82' lang='lat' dir='ltr'><strong>inquit,</strong></span> <span class='ocrx_word' id='word_1_111' title='bbox 1639 1513 1964 1567; x_wconf 80' lang='lat' dir='ltr'><strong>misericor-</strong></span> 
     </span>
    </p>
   </div>
   <div class='ocr_carea' id='block_1_18' title="bbox 380 1602 1972 1676">
    <p class='ocr_par' dir='ltr' id='par_1_18' title="bbox 380 1602 1972 1676">
     <span class='ocr_line' id='line_1_18' title="bbox 380 1602 1972 1676; baseline -0.004 -14"><span class='ocrx_word' id='word_1_112' title='bbox 380 1609 523 1662; x_wconf 87' lang='lat' dir='ltr'><strong>diam</strong></span> <span class='ocrx_word' id='word_1_113' title='bbox 556 1624 614 1662; x_wconf 87' lang='lat' dir='ltr'><strong>se</strong></span> <span class='ocrx_word' id='word_1_114' title='bbox 645 1609 1090 1664; x_wconf 88' lang='lat' dir='ltr'><strong>custodientibns</strong></span> <span class='ocrx_word' id='word_1_115' title='bbox 1123 1609 1298 1663; x_wconf 75' lang='lat' dir='ltr'><strong>ftedus</strong></span> <span class='ocrx_word' id='word_1_116' title='bbox 1328 1607 1448 1676; x_wconf 88' lang='lat' dir='ltr'><strong>ejus</strong></span> <span class='ocrx_word' id='word_1_117' title='bbox 1491 1607 1866 1676; x_wconf 69' lang='lat' dir='ltr'><strong>praebiturum.</strong></span> <span class='ocrx_word' id='word_1_118' title='bbox 1904 1602 1972 1656; x_wconf 89' lang='lat' dir='ltr'><strong>Et</strong></span> 
     </span>
    </p>
   </div>
   <div class='ocr_carea' id='block_1_19' title="bbox 387 1697 1970 1767">
    <p class='ocr_par' dir='ltr' id='par_1_19' title="bbox 387 1697 1970 1767">
     <span class='ocr_line' id='line_1_19' title="bbox 387 1697 1970 1767; baseline -0.003 -16"><span class='ocrx_word' id='word_1_119' title='bbox 387 1712 498 1752; x_wconf 88' lang='lat' dir='ltr'><strong>non</strong></span> <span class='ocrx_word' id='word_1_120' title='bbox 537 1698 858 1767; x_wconf 84' lang='lat' dir='ltr'><strong>simpliciter</strong></span> <span class='ocrx_word' id='word_1_121' title='bbox 891 1699 975 1764; x_wconf 91' lang='lat' dir='ltr'><strong>iis,</strong></span> <span class='ocrx_word' id='word_1_122' title='bbox 1007 1698 1097 1766; x_wconf 92' lang='lat' dir='ltr'><strong>qui</strong></span> <span class='ocrx_word' id='word_1_123' title='bbox 1125 1697 1505 1751; x_wconf 86' lang='lat' dir='ltr'><strong>mandatorum</strong></span> <span class='ocrx_word' id='word_1_124' title='bbox 1546 1697 1665 1764; x_wconf 86' lang='lat' dir='ltr'><strong>ejus</strong></span> <span class='ocrx_word' id='word_1_125' title='bbox 1695 1708 1970 1748; x_wconf 86' lang='lat' dir='ltr'><strong>memores</strong></span> 
     </span>
    </p>
   </div>
   <div class='ocr_carea' id='block_1_20' title="bbox 381 1783 1967 1856">
    <p class='ocr_par' dir='ltr' id='par_1_20' title="bbox 381 1783 1967 1856">
     <span class='ocr_line' id='line_1_20' title="bbox 381 1783 1967 1856; baseline -0.004 -14"><span class='ocrx_word' id='word_1_126' title='bbox 381 1786 595 1842; x_wconf 82' lang='lat' dir='ltr'><strong>fuerint</strong></span> <span class='ocrx_word' id='word_1_127' title='bbox 626 1807 638 1840; x_wconf 91' lang='lat'>:</span> <span class='ocrx_word' id='word_1_128' title='bbox 673 1790 766 1842; x_wconf 87' lang='lat' dir='ltr'><strong>sed</strong></span> <span class='ocrx_word' id='word_1_129' title='bbox 813 1789 901 1854; x_wconf 92' lang='lat' dir='ltr'><strong>iis,</strong></span> <span class='ocrx_word' id='word_1_130' title='bbox 937 1789 1030 1856; x_wconf 91' lang='lat' dir='ltr'><strong>qui</strong></span> <span class='ocrx_word' id='word_1_131' title='bbox 1065 1802 1229 1855; x_wconf 87' lang='lat' dir='ltr'><strong>opera</strong></span> <span class='ocrx_word' id='word_1_132' title='bbox 1265 1783 1479 1856; x_wconf 77' lang='lat'><strong>1329</strong></span> <span class='ocrx_word' id='word_1_133' title='bbox 1513 1784 1693 1840; x_wconf 79' lang='lat' dir='ltr'><strong>verbis</strong></span> <span class='ocrx_word' id='word_1_134' title='bbox 1741 1783 1967 1846; x_wconf 80' lang='lat' dir='ltr'><strong>addunt,</strong></span> 
     </span>
    </p>
   </div>
   <div class='ocr_carea' id='block_1_21' title="bbox 382 1878 1545 1947">
    <p class='ocr_par' dir='ltr' id='par_1_21' title="bbox 382 1878 1545 1947">
     <span class='ocr_line' id='line_1_21' title="bbox 382 1878 1545 1947; baseline -0.003 -14"><span class='ocrx_word' id='word_1_135' title='bbox 382 1887 436 1933; x_wconf 86' lang='lat' dir='ltr'><strong>et</strong></span> <span class='ocrx_word' id='word_1_136' title='bbox 461 1879 766 1934; x_wconf 88' lang='lat' dir='ltr'><strong>secundum</strong></span> <span class='ocrx_word' id='word_1_137' title='bbox 797 1894 860 1933; x_wconf 87' lang='lat' dir='ltr'><strong>ea</strong></span> <span class='ocrx_word' id='word_1_138' title='bbox 889 1893 1042 1933; x_wconf 89' lang='lat' dir='ltr'><strong>suam</strong></span> <span class='ocrx_word' id='word_1_139' title='bbox 1079 1879 1321 1947; x_wconf 86' lang='lat' dir='ltr'><strong>dirigunt</strong></span> <span class='ocrx_word' id='word_1_140' title='bbox 1356 1878 1545 1930; x_wconf 78' lang='lat' dir='ltr'><strong>vitam.</strong></span> 
     </span>
    </p>
   </div>
   <div class='ocr_carea' id='block_1_22' title="bbox 467 2141 1968 2212">
    <p class='ocr_par' dir='ltr' id='par_1_22' title="bbox 467 2141 1968 2212">
     <span class='ocr_line' id='line_1_22' title="bbox 467 2141 1968 2212; baseline 0 -16"><span class='ocrx_word' id='word_1_141' title='bbox 467 2142 627 2198; x_wconf 79' lang='lat' dir='ltr'><strong>Vsns.</strong></span> <span class='ocrx_word' id='word_1_142' title='bbox 698 2145 780 2198; x_wconf 82' lang='lat'><strong>19.</strong></span> <span class='ocrx_word' id='word_1_143' title='bbox 842 2162 860 2194; x_wconf 75' lang='grc' dir='ltr'><strong>ι</strong></span> <span class='ocrx_word' id='word_1_144' title='bbox 900 2142 1163 2198; x_wconf 86' lang='lat' dir='ltr'><strong>Dominus</strong></span> <span class='ocrx_word' id='word_1_145' title='bbox 1217 2142 1271 2197; x_wconf 92' lang='lat' dir='ltr'><strong>in</strong></span> <span class='ocrx_word' id='word_1_146' title='bbox 1328 2143 1470 2198; x_wconf 67' lang='lat' dir='ltr'><strong>caelo</strong></span> <span class='ocrx_word' id='word_1_147' title='bbox 1525 2141 1737 2212; x_wconf 88' lang='lat' dir='ltr'><strong>paravit</strong></span> <span class='ocrx_word' id='word_1_148' title='bbox 1785 2143 1968 2196; x_wconf 89' lang='lat' dir='ltr'><strong>sedem</strong></span> 
     </span>
    </p>
   </div>
   <div class='ocr_carea' id='block_1_23' title="bbox 385 2233 1973 2305">
    <p class='ocr_par' dir='ltr' id='par_1_23' title="bbox 385 2233 1973 2305">
     <span class='ocr_line' id='line_1_23' title="bbox 385 2233 1973 2305; baseline -0.002 -14"><span class='ocrx_word' id='word_1_149' title='bbox 385 2252 564 2299; x_wconf 83' lang='lat' dir='ltr'><strong>suam,</strong></span> <span class='ocrx_word' id='word_1_150' title='bbox 595 2245 649 2290; x_wconf 89' lang='lat' dir='ltr'><strong>et</strong></span> <span class='ocrx_word' id='word_1_151' title='bbox 677 2253 902 2303; x_wconf 76' lang='lat' dir='ltr'><strong>regnum</strong></span> <span class='ocrx_word' id='word_1_152' title='bbox 945 2237 1115 2305; x_wconf 86' lang='lat' dir='ltr'><strong>ipsius</strong></span> <span class='ocrx_word' id='word_1_153' title='bbox 1145 2235 1403 2290; x_wconf 86' lang='lat' dir='ltr'><strong>omnibus</strong></span> <span class='ocrx_word' id='word_1_154' title='bbox 1433 2235 1774 2289; x_wconf 89' lang='lat' dir='ltr'><strong>dominatur.</strong></span> <span class='ocrx_word' id='word_1_155' title='bbox 1801 2253 1819 2285; x_wconf 74' lang='grc' dir='ltr'><strong>ι</strong></span> <span class='ocrx_word' id='word_1_156' title='bbox 1857 2233 1973 2288; x_wconf 78' lang='lat' dir='ltr'><strong>Hoc</strong></span> 
     </span>
    </p>
   </div>
   <div class='ocr_carea' id='block_1_24' title="bbox 386 2325 1970 2398">
    <p class='ocr_par' dir='ltr' id='par_1_24' title="bbox 386 2325 1970 2398">
     <span class='ocr_line' id='line_1_24' title="bbox 386 2325 1970 2398; baseline -0.003 -16"><span class='ocrx_word' id='word_1_157' title='bbox 386 2328 568 2382; x_wconf 90' lang='lat' dir='ltr'><strong>simile</strong></span> <span class='ocrx_word' id='word_1_158' title='bbox 590 2339 672 2382; x_wconf 90' lang='lat' dir='ltr'><strong>est</strong></span> <span class='ocrx_word' id='word_1_159' title='bbox 708 2329 776 2384; x_wconf 89' lang='lat' dir='ltr'><strong>iis</strong></span> <span class='ocrx_word' id='word_1_160' title='bbox 810 2343 932 2398; x_wconf 71' lang='lat' dir='ltr'><strong>quae</strong></span> <span class='ocrx_word' id='word_1_161' title='bbox 959 2328 1011 2380; x_wconf 89' lang='lat' dir='ltr'><strong>in</strong></span> <span class='ocrx_word' id='word_1_162' title='bbox 1050 2327 1157 2380; x_wconf 86' lang='lat' dir='ltr'><strong>alio</strong></span> <span class='ocrx_word' id='word_1_163' title='bbox 1185 2326 1395 2396; x_wconf 87' lang='lat' dir='ltr'><strong>psalmo</strong></span> <span class='ocrx_word' id='word_1_164' title='bbox 1429 2327 1576 2380; x_wconf 80' lang='lat' dir='ltr'><strong>dicta</strong></span> <span class='ocrx_word' id='word_1_165' title='bbox 1605 2335 1731 2380; x_wconf 87' lang='lat' dir='ltr'><strong>sunt</strong></span> <span class='ocrx_word' id='word_1_166' title='bbox 1759 2343 1774 2378; x_wconf 86' lang='lat'><strong>:</strong></span> <span class='ocrx_word' id='word_1_167' title='bbox 1812 2343 1831 2375; x_wconf 87' lang='grc'><em>‹</em></span> <span class='ocrx_word' id='word_1_168' title='bbox 1865 2325 1970 2391; x_wconf 81' lang='lat' dir='ltr'><strong>Qui</strong></span> 
     </span>
    </p>
   </div>
   <div class='ocr_carea' id='block_1_25' title="bbox 387 2417 1972 2486">
    <p class='ocr_par' dir='ltr' id='par_1_25' title="bbox 387 2417 1972 2486">
     <span class='ocr_line' id='line_1_25' title="bbox 387 2417 1972 2486; baseline -0.003 -11"><span class='ocrx_word' id='word_1_169' title='bbox 387 2421 442 2475; x_wconf 92' lang='lat' dir='ltr'><strong>in</strong></span> <span class='ocrx_word' id='word_1_170' title='bbox 473 2422 707 2476; x_wconf 80' lang='lat' dir='ltr'><strong>excelsis</strong></span> <span class='ocrx_word' id='word_1_171' title='bbox 737 2422 980 2482; x_wconf 89' lang='lat' dir='ltr'><strong>habitat,</strong></span> <span class='ocrx_word' id='word_1_172' title='bbox 1011 2431 1065 2474; x_wconf 90' lang='lat' dir='ltr'><strong>et</strong></span> <span class='ocrx_word' id='word_1_173' title='bbox 1098 2419 1328 2473; x_wconf 85' lang='lat' dir='ltr'><strong>humilia</strong></span> <span class='ocrx_word' id='word_1_174' title='bbox 1362 2419 1589 2486; x_wconf 85' lang='lat' dir='ltr'><strong>respicit</strong></span> <span class='ocrx_word' id='word_1_175' title='bbox 1611 2427 1659 2473; x_wconf 77' lang='grc' dir='ltr'>ν.</span> <span class='ocrx_word' id='word_1_176' title='bbox 1699 2437 1717 2468; x_wconf 71' lang='grc' dir='ltr'><strong>ι</strong></span> <span class='ocrx_word' id='word_1_177' title='bbox 1759 2417 1972 2472; x_wconf 85' lang='lat' dir='ltr'><strong>Etenim</strong></span> 
     </span>
    </p>
   </div>
   <div class='ocr_carea' id='block_1_26' title="bbox 386 2508 1973 2580">
    <p class='ocr_par' dir='ltr' id='par_1_26' title="bbox 386 2508 1973 2580">
     <span class='ocr_line' id='line_1_26' title="bbox 386 2508 1973 2580; baseline -0.001 -16"><span class='ocrx_word' id='word_1_178' title='bbox 386 2511 492 2565; x_wconf 90' lang='lat' dir='ltr'><strong>hoc</strong></span> <span class='ocrx_word' id='word_1_179' title='bbox 517 2511 569 2565; x_wconf 92' lang='lat' dir='ltr'><strong>in</strong></span> <span class='ocrx_word' id='word_1_180' title='bbox 603 2511 724 2565; x_wconf 90' lang='lat' dir='ltr'><strong>loco</strong></span> <span class='ocrx_word' id='word_1_181' title='bbox 753 2525 936 2566; x_wconf 86' lang='lat' dir='ltr'><strong>sermo</strong></span> <span class='ocrx_word' id='word_1_182' title='bbox 961 2511 1316 2580; x_wconf 87' lang='lat' dir='ltr'><strong>propheticus</strong></span> <span class='ocrx_word' id='word_1_183' title='bbox 1341 2523 1443 2563; x_wconf 91' lang='lat' dir='ltr'><strong>nos</strong></span> <span class='ocrx_word' id='word_1_184' title='bbox 1467 2509 1650 2570; x_wconf 89' lang='lat' dir='ltr'><strong>docet,</strong></span> <span class='ocrx_word' id='word_1_185' title='bbox 1681 2508 1973 2563; x_wconf 87' lang='lat' dir='ltr'><strong>universo-</strong></span> 
     </span>
    </p>
   </div>
   <div class='ocr_carea' id='block_1_27' title="bbox 385 2597 1976 2669">
    <p class='ocr_par' dir='ltr' id='par_1_27' title="bbox 385 2597 1976 2669">
     <span class='ocr_line' id='line_1_27' title="bbox 385 2597 1976 2669; baseline 0 -17"><span class='ocrx_word' id='word_1_186' title='bbox 385 2615 506 2652; x_wconf 86' lang='lat' dir='ltr'><strong>rum</strong></span> <span class='ocrx_word' id='word_1_187' title='bbox 542 2599 835 2654; x_wconf 88' lang='lat' dir='ltr'><strong>Dominum</strong></span> <span class='ocrx_word' id='word_1_188' title='bbox 867 2602 923 2654; x_wconf 91' lang='lat' dir='ltr'><strong>in</strong></span> <span class='ocrx_word' id='word_1_189' title='bbox 953 2600 1092 2655; x_wconf 76' lang='lat' dir='ltr'><strong>ccelo</strong></span> <span class='ocrx_word' id='word_1_190' title='bbox 1119 2599 1338 2669; x_wconf 88' lang='lat' dir='ltr'><strong>quidem</strong></span> <span class='ocrx_word' id='word_1_191' title='bbox 1364 2599 1567 2654; x_wconf 89' lang='lat' dir='ltr'><strong>habere</strong></span> <span class='ocrx_word' id='word_1_192' title='bbox 1596 2597 1817 2664; x_wconf 88' lang='lat' dir='ltr'><strong>solium,</strong></span> <span class='ocrx_word' id='word_1_193' title='bbox 1853 2599 1976 2652; x_wconf 90' lang='lat' dir='ltr'><strong>uni-</strong></span> 
     </span>
    </p>
   </div>
   <div class='ocr_carea' id='block_1_28' title="bbox 386 2692 1974 2762">
    <p class='ocr_par' dir='ltr' id='par_1_28' title="bbox 386 2692 1974 2762">
     <span class='ocr_line' id='line_1_28' title="bbox 386 2692 1974 2762; baseline 0.003 -18"><span class='ocrx_word' id='word_1_194' title='bbox 386 2693 530 2746; x_wconf 82' lang='lat' dir='ltr'><strong>versi</strong></span> <span class='ocrx_word' id='word_1_195' title='bbox 583 2703 764 2747; x_wconf 86' lang='lat' dir='ltr'><strong>autem</strong></span> <span class='ocrx_word' id='word_1_196' title='bbox 797 2693 987 2748; x_wconf 86' lang='lat' dir='ltr'><strong>mundi</strong></span> <span class='ocrx_word' id='word_1_197' title='bbox 1035 2693 1344 2748; x_wconf 88' lang='lat' dir='ltr'><strong>machinam</strong></span> <span class='ocrx_word' id='word_1_198' title='bbox 1379 2692 1654 2762; x_wconf 88' lang='lat' dir='ltr'><strong>inspicere</strong></span> <span class='ocrx_word' id='word_1_199' title='bbox 1693 2702 1748 2748; x_wconf 92' lang='lat' dir='ltr'><strong>et</strong></span> <span class='ocrx_word' id='word_1_200' title='bbox 1784 2693 1974 2749; x_wconf 90' lang='lat' dir='ltr'><strong>mode-</strong></span> 
     </span>
    </p>
   </div>
   <div class='ocr_carea' id='block_1_29' title="bbox 390 2782 1979 2854">
    <p class='ocr_par' dir='ltr' id='par_1_29' title="bbox 390 2782 1979 2854">
     <span class='ocr_line' id='line_1_29' title="bbox 390 2782 1979 2854; baseline 0.001 -17"><span class='ocrx_word' id='word_1_201' title='bbox 390 2785 526 2847; x_wconf 82' lang='lat' dir='ltr'><strong>rari,</strong></span> <span class='ocrx_word' id='word_1_202' title='bbox 565 2787 765 2854; x_wconf 90' lang='lat' dir='ltr'><strong>quippe</strong></span> <span class='ocrx_word' id='word_1_203' title='bbox 798 2786 891 2854; x_wconf 89' lang='lat' dir='ltr'><strong>qui</strong></span> <span class='ocrx_word' id='word_1_204' title='bbox 943 2786 1186 2838; x_wconf 90' lang='lat' dir='ltr'><strong>omnium</strong></span> <span class='ocrx_word' id='word_1_205' title='bbox 1240 2782 1426 2853; x_wconf 79' lang='lat' dir='ltr'><strong>opifex</strong></span> <span class='ocrx_word' id='word_1_206' title='bbox 1465 2793 1590 2849; x_wconf 85' lang='lat' dir='ltr'><strong>est,</strong></span> <span class='ocrx_word' id='word_1_207' title='bbox 1635 2793 1690 2838; x_wconf 91' lang='lat' dir='ltr'><strong>et</strong></span> <span class='ocrx_word' id='word_1_208' title='bbox 1738 2799 1833 2838; x_wconf 80' lang='lat' dir='ltr'><strong>rex</strong></span> <span class='ocrx_word' id='word_1_209' title='bbox 1863 2823 1878 2850; x_wconf 93' lang='lat'><strong>,</strong></span> <span class='ocrx_word' id='word_1_210' title='bbox 1924 2794 1979 2840; x_wconf 91' lang='lat' dir='ltr'><strong>et</strong></span> 
     </span>
    </p>
   </div>
   <div class='ocr_carea' id='block_1_30' title="bbox 389 2876 674 2929">
    <p class='ocr_par' dir='ltr' id='par_1_30' title="bbox 389 2876 674 2929">
     <span class='ocr_line' id='line_1_30' title="bbox 389 2876 674 2929; baseline 0 0"><span class='ocrx_word' id='word_1_211' title='bbox 389 2876 674 2929; x_wconf 85' lang='lat' dir='ltr'><strong>dominus.</strong></span> 
     </span>
    </p>
   </div>
   <div class='ocr_carea' id='block_1_31' title="bbox 463 2961 1975 3037">
    <p class='ocr_par' dir='ltr' id='par_1_31' title="bbox 463 2961 1975 3037">
     <span class='ocr_line' id='line_1_31' title="bbox 463 2961 1975 3037; baseline 0.005 -24"><span class='ocrx_word' id='word_1_212' title='bbox 463 2961 630 3018; x_wconf 72' lang='lat' dir='ltr'><strong>Vens.</strong></span> <span class='ocrx_word' id='word_1_213' title='bbox 650 2963 775 3019; x_wconf 51' lang='lat'><strong>204</strong></span> <span class='ocrx_word' id='word_1_214' title='bbox 805 2962 1114 3019; x_wconf 90' lang='lat' dir='ltr'><strong>Benedicite</strong></span> <span class='ocrx_word' id='word_1_215' title='bbox 1137 2963 1392 3029; x_wconf 83' lang='lat' dir='ltr'><strong>Domino,</strong></span> <span class='ocrx_word' id='word_1_216' title='bbox 1417 2980 1611 3021; x_wconf 90' lang='lat' dir='ltr'><strong>omnes</strong></span> <span class='ocrx_word' id='word_1_217' title='bbox 1632 2966 1809 3037; x_wconf 77' lang='lat' dir='ltr'><strong>angeli</strong></span> <span class='ocrx_word' id='word_1_218' title='bbox 1833 2966 1975 3037; x_wconf 87' lang='lat' dir='ltr'><strong>ejus,</strong></span> 
     </span>
    </p>
   </div>
   <div class='ocr_carea' id='block_1_32' title="bbox 2060 497 3655 579">
    <p class='ocr_par' dir='ltr' id='par_1_32' title="bbox 2060 497 3655 579">
     <span class='ocr_line' id='line_1_32' title="bbox 2060 497 3655 579; baseline 0.009 -32"><span class='ocrx_word' id='word_1_219' title='bbox 2060 497 2152 548; x_wconf 76' lang='grc' dir='ltr'><strong>καὶ</strong></span> <span class='ocrx_word' id='word_1_220' title='bbox 2207 498 2311 561; x_wconf 82' lang='grc' dir='ltr'><strong>ἓως</strong></span> <span class='ocrx_word' id='word_1_221' title='bbox 2378 501 2474 553; x_wconf 83' lang='grc' dir='ltr'><strong>τοῦ</strong></span> <span class='ocrx_word' id='word_1_222' title='bbox 2531 503 2730 567; x_wconf 85' lang='grc' dir='ltr'>αἰῶνος</span> <span class='ocrx_word' id='word_1_223' title='bbox 2780 505 2873 558; x_wconf 71' lang='grc' dir='ltr'><strong>ἐπὶ</strong></span> <span class='ocrx_word' id='word_1_224' title='bbox 2903 509 3032 572; x_wconf 81' lang='grc' dir='ltr'>τοὺς</span> <span class='ocrx_word' id='word_1_225' title='bbox 3057 508 3429 579; x_wconf 66' lang='grc' dir='ltr'>φοϐουμένους</span> <span class='ocrx_word' id='word_1_226' title='bbox 3461 510 3655 571; x_wconf 66' lang='grc' dir='ltr'>αὐτὸν,</span> 
     </span>
    </p>
   </div>
   <div class='ocr_carea' id='block_1_33' title="bbox 2060 589 3662 667">
    <p class='ocr_par' dir='ltr' id='par_1_33' title="bbox 2060 589 3662 667">
     <span class='ocr_line' id='line_1_33' title="bbox 2060 589 3662 667; baseline 0.003 -23"><span class='ocrx_word' id='word_1_227' title='bbox 2060 589 2155 640; x_wconf 78' lang='grc' dir='ltr'><strong>καὶ</strong></span> <span class='ocrx_word' id='word_1_228' title='bbox 2185 591 2216 658; x_wconf 83' lang='grc' dir='ltr'><strong>ή</strong></span> <span class='ocrx_word' id='word_1_229' title='bbox 2248 590 2570 664; x_wconf 76' lang='grc' dir='ltr'><strong>δικαιοσύνη</strong></span> <span class='ocrx_word' id='word_1_230' title='bbox 2609 597 2776 649; x_wconf 78' lang='grc' dir='ltr'>αὑτοῦ</span> <span class='ocrx_word' id='word_1_231' title='bbox 2819 599 2912 650; x_wconf 73' lang='grc' dir='ltr'>ἐπὶ</span> <span class='ocrx_word' id='word_1_232' title='bbox 2948 600 3086 663; x_wconf 81' lang='grc' dir='ltr'><strong>υίοῖς</strong></span> <span class='ocrx_word' id='word_1_233' title='bbox 3114 601 3158 631; x_wconf 78' lang='grc'><strong>³⁸</strong></span> <span class='ocrx_word' id='word_1_234' title='bbox 3188 600 3341 653; x_wconf 83' lang='grc' dir='ltr'>υἱῶν.</span> <span class='ocrx_word' id='word_1_235' title='bbox 3385 599 3514 662; x_wconf 84' lang='grc' dir='ltr'>Τοῖς</span> <span class='ocrx_word' id='word_1_236' title='bbox 3547 618 3662 667; x_wconf 74' lang='grc' dir='ltr'><strong>φυ-</strong></span> 
     </span>
    </p>
   </div>
   <div class='ocr_carea' id='block_1_34' title="bbox 2060 680 3659 763">
    <p class='ocr_par' dir='ltr' id='par_1_34' title="bbox 2060 680 3659 763">
     <span class='ocr_line' id='line_1_34' title="bbox 2060 680 3659 763; baseline 0.008 -31"><span class='ocrx_word' id='word_1_237' title='bbox 2060 680 2323 735; x_wconf 83' lang='grc' dir='ltr'>λάσσουσι</span> <span class='ocrx_word' id='word_1_238' title='bbox 2347 685 2444 755; x_wconf 83' lang='grc' dir='ltr'><strong>τὴν</strong></span> <span class='ocrx_word' id='word_1_239' title='bbox 2477 687 2744 759; x_wconf 81' lang='grc' dir='ltr'><strong>διαθήκην</strong></span> <span class='ocrx_word' id='word_1_240' title='bbox 2771 691 2961 754; x_wconf 82' lang='grc' dir='ltr'>αὑτοῦ,</span> <span class='ocrx_word' id='word_1_241' title='bbox 2996 692 3090 746; x_wconf 76' lang='grc' dir='ltr'><strong>καὶ</strong></span> <span class='ocrx_word' id='word_1_242' title='bbox 3137 694 3512 763; x_wconf 79' lang='grc' dir='ltr'><strong>μεμνημένοις</strong></span> <span class='ocrx_word' id='word_1_243' title='bbox 3543 693 3659 744; x_wconf 87' lang='grc' dir='ltr'>τῶν</span> 
     </span>
    </p>
   </div>
   <div class='ocr_carea' id='block_1_35' title="bbox 2061 773 3661 851">
    <p class='ocr_par' dir='ltr' id='par_1_35' title="bbox 2061 773 3661 851">
     <span class='ocr_line' id='line_1_35' title="bbox 2061 773 3661 851; baseline 0.006 -28"><span class='ocrx_word' id='word_1_244' title='bbox 2061 773 2291 826; x_wconf 78' lang='grc' dir='ltr'>ἐντολῶν</span> <span class='ocrx_word' id='word_1_245' title='bbox 2335 775 2501 830; x_wconf 80' lang='grc' dir='ltr'>αὑτοῦ</span> <span class='ocrx_word' id='word_1_246' title='bbox 2533 819 2546 840; x_wconf 87' lang='grc'><strong>,</strong></span> <span class='ocrx_word' id='word_1_247' title='bbox 2581 779 2677 832; x_wconf 83' lang='grc' dir='ltr'><strong>τοῦ</strong></span> <span class='ocrx_word' id='word_1_248' title='bbox 2727 783 2952 849; x_wconf 78' lang='grc' dir='ltr'>ποιῆσαι</span> <span class='ocrx_word' id='word_1_249' title='bbox 3004 785 3196 846; x_wconf 84' lang='grc' dir='ltr'>αὐτάς.</span> <span class='ocrx_word' id='word_1_250' title='bbox 3237 802 3256 834; x_wconf 77' lang='grc' dir='ltr'><strong>ι</strong></span> <span class='ocrx_word' id='word_1_251' title='bbox 3303 784 3363 836; x_wconf 85' lang='grc' dir='ltr'><em>Ἦ</em></span> <span class='ocrx_word' id='word_1_252' title='bbox 3404 783 3500 851; x_wconf 83' lang='grc' dir='ltr'><strong>μὲν</strong></span> <span class='ocrx_word' id='word_1_253' title='bbox 3559 783 3661 836; x_wconf 75' lang='grc' dir='ltr'>οὖν</span> 
     </span>
    </p>
   </div>
   <div class='ocr_carea' id='block_1_36' title="bbox 2063 863 3659 943">
    <p class='ocr_par' dir='ltr' id='par_1_36' title="bbox 2063 863 3659 943">
     <span class='ocr_line' id='line_1_36' title="bbox 2063 863 3659 943; baseline 0.006 -29"><span class='ocrx_word' id='word_1_254' title='bbox 2063 863 2228 932; x_wconf 83' lang='grc' dir='ltr'>φύσις</span> <span class='ocrx_word' id='word_1_255' title='bbox 2256 865 2432 930; x_wconf 74' lang='grc' dir='ltr'>οὕτως</span> <span class='ocrx_word' id='word_1_256' title='bbox 2462 869 2626 941; x_wconf 84' lang='grc' dir='ltr'>ὲπίκη</span> <span class='ocrx_word' id='word_1_257' title='bbox 2640 888 2731 940; x_wconf 82' lang='grc' dir='ltr'>ρος</span> <span class='ocrx_word' id='word_1_258' title='bbox 2760 889 2772 902; x_wconf 91' lang='grc'><strong>·</strong></span> <span class='ocrx_word' id='word_1_259' title='bbox 2801 873 2833 940; x_wconf 87' lang='grc' dir='ltr'>ἡ</span> <span class='ocrx_word' id='word_1_260' title='bbox 2868 872 2924 924; x_wconf 86' lang='grc' dir='ltr'><strong>δὲ</strong></span> <span class='ocrx_word' id='word_1_261' title='bbox 2967 872 3090 926; x_wconf 85' lang='grc' dir='ltr'>θεία</span> <span class='ocrx_word' id='word_1_262' title='bbox 3124 873 3506 943; x_wconf 71' lang='grc' dir='ltr'><strong>φιλανθρωπία</strong></span> <span class='ocrx_word' id='word_1_263' title='bbox 3559 874 3659 924; x_wconf 81' lang='grc' dir='ltr'><strong>τὸν</strong></span> 
     </span>
    </p>
   </div>
   <div class='ocr_carea' id='block_1_37' title="bbox 2067 957 3660 1035">
    <p class='ocr_par' dir='ltr' id='par_1_37' title="bbox 2067 957 3660 1035">
     <span class='ocr_line' id='line_1_37' title="bbox 2067 957 3660 1035; baseline 0.006 -28"><span class='ocrx_word' id='word_1_264' title='bbox 2067 957 2281 1025; x_wconf 86' lang='grc' dir='ltr'>μακρὸν</span> <span class='ocrx_word' id='word_1_265' title='bbox 2310 958 2485 1012; x_wconf 79' lang='grc' dir='ltr'>αἰῶνα</span> <span class='ocrx_word' id='word_1_266' title='bbox 2514 962 2800 1031; x_wconf 78' lang='grc' dir='ltr'>χαρίζεται</span> <span class='ocrx_word' id='word_1_267' title='bbox 2839 963 3011 1032; x_wconf 80' lang='grc' dir='ltr'>βιοῦν,</span> <span class='ocrx_word' id='word_1_268' title='bbox 3045 965 3141 1017; x_wconf 73' lang='grc' dir='ltr'><strong>καὶ</strong></span> <span class='ocrx_word' id='word_1_269' title='bbox 3173 966 3370 1035; x_wconf 82' lang='grc' dir='ltr'><strong>μέχρις</strong></span> <span class='ocrx_word' id='word_1_270' title='bbox 3408 965 3660 1033; x_wconf 79' lang='grc' dir='ltr'><strong>ἐγγόνων</strong></span> 
     </span>
    </p>
   </div>
   <div class='ocr_carea' id='block_1_38' title="bbox 2063 1047 3660 1127">
    <p class='ocr_par' dir='ltr' id='par_1_38' title="bbox 2063 1047 3660 1127">
     <span class='ocr_line' id='line_1_38' title="bbox 2063 1047 3660 1127; baseline 0.005 -27"><span class='ocrx_word' id='word_1_271' title='bbox 2063 1047 2314 1119; x_wconf 84' lang='grc' dir='ltr'>διατηρεῖ</span> <span class='ocrx_word' id='word_1_272' title='bbox 2341 1049 2438 1120; x_wconf 84' lang='grc' dir='ltr'>τὴν</span> <span class='ocrx_word' id='word_1_273' title='bbox 2466 1055 2579 1117; x_wconf 83' lang='grc' dir='ltr'>τοῖς</span> <span class='ocrx_word' id='word_1_274' title='bbox 2611 1055 2901 1122; x_wconf 80' lang='grc' dir='ltr'>προγόνοις</span> <span class='ocrx_word' id='word_1_275' title='bbox 2934 1055 3298 1126; x_wconf 80' lang='grc' dir='ltr'>ὀφειλομένην</span> <span class='ocrx_word' id='word_1_276' title='bbox 3320 1058 3418 1127; x_wconf 76' lang='grc' dir='ltr'><strong>τῆς</strong></span> <span class='ocrx_word' id='word_1_277' title='bbox 3441 1057 3660 1110; x_wconf 82' lang='grc' dir='ltr'>δικαιο-</span> 
     </span>
    </p>
   </div>
   <div class='ocr_carea' id='block_1_39' title="bbox 2067 1137 3658 1215">
    <p class='ocr_par' dir='ltr' id='par_1_39' title="bbox 2067 1137 3658 1215">
     <span class='ocr_line' id='line_1_39' title="bbox 2067 1137 3658 1215; baseline 0.005 -27"><span class='ocrx_word' id='word_1_278' title='bbox 2067 1137 2235 1207; x_wconf 83' lang='grc' dir='ltr'>σύνης</span> <span class='ocrx_word' id='word_1_279' title='bbox 2257 1138 2552 1194; x_wconf 76' lang='grc' dir='ltr'><strong>ἀντίδοσιν.</strong></span> <span class='ocrx_word' id='word_1_280' title='bbox 2585 1141 2744 1196; x_wconf 82' lang='grc' dir='ltr'>Οὕτω</span> <span class='ocrx_word' id='word_1_281' title='bbox 2781 1143 2860 1214; x_wconf 85' lang='grc' dir='ltr'>τῷ</span> <span class='ocrx_word' id='word_1_282' title='bbox 2894 1143 3034 1215; x_wconf 72' lang='grc' dir='ltr'>Ἰηοῦ</span> <span class='ocrx_word' id='word_1_283' title='bbox 3068 1146 3114 1178; x_wconf 67' lang='grc'><strong>⁵9</strong></span> <span class='ocrx_word' id='word_1_284' title='bbox 3171 1146 3337 1215; x_wconf 83' lang='grc' dir='ltr'>μέχρι</span> <span class='ocrx_word' id='word_1_285' title='bbox 3380 1147 3658 1214; x_wconf 76' lang='grc' dir='ltr'><strong>τετάρτης</strong></span> 
     </span>
    </p>
   </div>
   <div class='ocr_carea' id='block_1_40' title="bbox 2066 1231 3659 1308">
    <p class='ocr_par' dir='ltr' id='par_1_40' title="bbox 2066 1231 3659 1308">
     <span class='ocr_line' id='line_1_40' title="bbox 2066 1231 3659 1308; baseline 0 -20"><span class='ocrx_word' id='word_1_286' title='bbox 2066 1231 2258 1295; x_wconf 83' lang='grc' dir='ltr'>γενεᾶς</span> <span class='ocrx_word' id='word_1_287' title='bbox 2316 1231 2413 1304; x_wconf 81' lang='grc' dir='ltr'><strong>τὴν</strong></span> <span class='ocrx_word' id='word_1_288' title='bbox 2451 1232 2732 1302; x_wconf 83' lang='grc' dir='ltr'>βασιλείαν</span> <span class='ocrx_word' id='word_1_289' title='bbox 2793 1236 3088 1308; x_wconf 80' lang='grc' dir='ltr'><strong>τετήρηκε,</strong></span> <span class='ocrx_word' id='word_1_290' title='bbox 3134 1237 3228 1290; x_wconf 89' lang='grc' dir='ltr'>καί</span> <span class='ocrx_word' id='word_1_291' title='bbox 3272 1254 3357 1288; x_wconf 84' lang='grc' dir='ltr'>τοι</span> <span class='ocrx_word' id='word_1_292' title='bbox 3394 1238 3526 1305; x_wconf 75' lang='grc' dir='ltr'>μηδὲ</span> <span class='ocrx_word' id='word_1_293' title='bbox 3563 1254 3659 1289; x_wconf 82' lang='grc' dir='ltr'>τε·-</span> 
     </span>
    </p>
   </div>
   <div class='ocr_carea' id='block_1_41' title="bbox 2067 1321 3658 1400">
    <p class='ocr_par' dir='ltr' id='par_1_41' title="bbox 2067 1321 3658 1400">
     <span class='ocr_line' id='line_1_41' title="bbox 2067 1321 3658 1400; baseline 0.006 -27"><span class='ocrx_word' id='word_1_294' title='bbox 2067 1321 2220 1375; x_wconf 89' lang='grc' dir='ltr'>λείαν</span> <span class='ocrx_word' id='word_1_295' title='bbox 2266 1324 2552 1380; x_wconf 82' lang='grc' dir='ltr'>εύσέσειαν</span> <span class='ocrx_word' id='word_1_296' title='bbox 2591 1331 2958 1400; x_wconf 84' lang='grc' dir='ltr'>κτησαμένῳ.</span> <span class='ocrx_word' id='word_1_297' title='bbox 2997 1329 3114 1383; x_wconf 86' lang='grc' dir='ltr'>ἀλλ’</span> <span class='ocrx_word' id='word_1_298' title='bbox 3144 1331 3201 1382; x_wconf 83' lang='grc' dir='ltr'><strong>ὲν</strong></span> <span class='ocrx_word' id='word_1_299' title='bbox 3248 1333 3316 1399; x_wconf 82' lang='grc' dir='ltr'>τῇ</span> <span class='ocrx_word' id='word_1_300' title='bbox 3376 1331 3514 1400; x_wconf 81' lang='grc' dir='ltr'>ἀρχῇ</span> <span class='ocrx_word' id='word_1_301' title='bbox 3549 1329 3658 1398; x_wconf 84' lang='grc' dir='ltr'><strong>τῆς</strong></span> 
     </span>
    </p>
   </div>
   <div class='ocr_carea' id='block_1_42' title="bbox 2071 1413 3658 1492">
    <p class='ocr_par' dir='ltr' id='par_1_42' title="bbox 2071 1413 3658 1492">
     <span class='ocr_line' id='line_1_42' title="bbox 2071 1413 3658 1492; baseline 0.009 -26"><span class='ocrx_word' id='word_1_302' title='bbox 2071 1413 2352 1485; x_wconf 79' lang='grc' dir='ltr'><strong>βασιλείας</strong></span> <span class='ocrx_word' id='word_1_303' title='bbox 2381 1418 2780 1492; x_wconf 83' lang='grc' dir='ltr'>ὲπιδειξαμένῳ</span> <span class='ocrx_word' id='word_1_304' title='bbox 2805 1422 2896 1474; x_wconf 79' lang='grc' dir='ltr'>τὸν</span> <span class='ocrx_word' id='word_1_305' title='bbox 2922 1422 3110 1492; x_wconf 79' lang='grc' dir='ltr'>ζῆλον.</span> <span class='ocrx_word' id='word_1_306' title='bbox 3147 1422 3309 1475; x_wconf 76' lang='grc' dir='ltr'>Οὕτω</span> <span class='ocrx_word' id='word_1_307' title='bbox 3343 1422 3422 1491; x_wconf 78' lang='grc' dir='ltr'>τῷ</span> <span class='ocrx_word' id='word_1_308' title='bbox 3448 1422 3658 1480; x_wconf 82' lang='grc' dir='ltr'>θεσπε-</span> 
     </span>
    </p>
   </div>
   <div class='ocr_carea' id='block_1_43' title="bbox 2072 1503 3662 1583">
    <p class='ocr_par' dir='ltr' id='par_1_43' title="bbox 2072 1503 3662 1583">
     <span class='ocr_line' id='line_1_43' title="bbox 2072 1503 3662 1583; baseline 0.007 -28"><span class='ocrx_word' id='word_1_309' title='bbox 2072 1503 2173 1573; x_wconf 82' lang='grc' dir='ltr'>σίῳ</span> <span class='ocrx_word' id='word_1_310' title='bbox 2204 1505 2371 1560; x_wconf 75' lang='grc' dir='ltr'><strong>Δαϐὶδ</strong></span> <span class='ocrx_word' id='word_1_311' title='bbox 2404 1507 2667 1563; x_wconf 76' lang='grc' dir='ltr'>ἄσϐεστον</span> <span class='ocrx_word' id='word_1_312' title='bbox 2699 1511 2990 1583; x_wconf 81' lang='grc' dir='ltr'><strong>διετήρησε</strong></span> <span class='ocrx_word' id='word_1_313' title='bbox 3021 1513 3112 1566; x_wconf 75' lang='grc' dir='ltr'>τὸν</span> <span class='ocrx_word' id='word_1_314' title='bbox 3142 1514 3236 1566; x_wconf 79' lang='grc' dir='ltr'><strong>τοῦ</strong></span> <span class='ocrx_word' id='word_1_315' title='bbox 3275 1515 3471 1582; x_wconf 81' lang='grc' dir='ltr'>γένους</span> <span class='ocrx_word' id='word_1_316' title='bbox 3499 1531 3662 1566; x_wconf 80' lang='grc' dir='ltr'>σπιν-</span> 
     </span>
    </p>
   </div>
   <div class='ocr_carea' id='block_1_44' title="bbox 2073 1594 3660 1675">
    <p class='ocr_par' dir='ltr' id='par_1_44' title="bbox 2073 1594 3660 1675">
     <span class='ocr_line' id='line_1_44' title="bbox 2073 1594 3660 1675; baseline 0.006 -27"><span class='ocrx_word' id='word_1_317' title='bbox 2073 1594 2236 1666; x_wconf 84' lang='grc' dir='ltr'>θῆρα,</span> <span class='ocrx_word' id='word_1_318' title='bbox 2274 1600 2369 1651; x_wconf 72' lang='grc' dir='ltr'><strong>καὶ</strong></span> <span class='ocrx_word' id='word_1_319' title='bbox 2400 1600 2574 1652; x_wconf 77' lang='grc' dir='ltr'>ταῦτα</span> <span class='ocrx_word' id='word_1_320' title='bbox 2604 1601 2816 1655; x_wconf 85' lang='grc' dir='ltr'>πολλῶν</span> <span class='ocrx_word' id='word_1_321' title='bbox 2847 1603 3130 1657; x_wconf 76' lang='grc' dir='ltr'>δυσσεὸῶν</span> <span class='ocrx_word' id='word_1_322' title='bbox 3171 1605 3232 1658; x_wconf 85' lang='grc' dir='ltr'>ἐν</span> <span class='ocrx_word' id='word_1_323' title='bbox 3272 1605 3425 1675; x_wconf 85' lang='grc' dir='ltr'>μέσῳ</span> <span class='ocrx_word' id='word_1_324' title='bbox 3458 1604 3660 1674; x_wconf 77' lang='grc' dir='ltr'>βεϐλα-</span> 
     </span>
    </p>
   </div>
   <div class='ocr_carea' id='block_1_45' title="bbox 2075 1690 3660 1765">
    <p class='ocr_par' dir='ltr' id='par_1_45' title="bbox 2075 1690 3660 1765">
     <span class='ocr_line' id='line_1_45' title="bbox 2075 1690 3660 1765; baseline 0.006 -26"><span class='ocrx_word' id='word_1_325' title='bbox 2075 1690 2374 1758; x_wconf 87' lang='grc' dir='ltr'>στηκότων.</span> <span class='ocrx_word' id='word_1_326' title='bbox 2409 1690 2610 1747; x_wconf 82' lang='grc' dir='ltr'>Τοῦτον</span> <span class='ocrx_word' id='word_1_327' title='bbox 2643 1693 2721 1759; x_wconf 87' lang='grc' dir='ltr'><strong>δὲ,</strong></span> <span class='ocrx_word' id='word_1_328' title='bbox 2775 1695 2956 1765; x_wconf 61' lang='grc' dir='ltr'>φησιν,</span> <span class='ocrx_word' id='word_1_329' title='bbox 2989 1694 3166 1763; x_wconf 82' lang='grc' dir='ltr'>ὀρέξει</span> <span class='ocrx_word' id='word_1_330' title='bbox 3197 1695 3287 1748; x_wconf 72' lang='grc' dir='ltr'><strong>τὸν</strong></span> <span class='ocrx_word' id='word_1_331' title='bbox 3347 1695 3495 1748; x_wconf 78' lang='grc' dir='ltr'>ἔλεον</span> <span class='ocrx_word' id='word_1_332' title='bbox 3540 1701 3660 1760; x_wconf 78' lang='grc' dir='ltr'>τοῖς</span> 
     </span>
    </p>
   </div>
   <div class='ocr_carea' id='block_1_46' title="bbox 2073 1781 3662 1856">
    <p class='ocr_par' dir='ltr' id='par_1_46' title="bbox 2073 1781 3662 1856">
     <span class='ocr_line' id='line_1_46' title="bbox 2073 1781 3662 1856; baseline 0.004 -25"><span class='ocrx_word' id='word_1_333' title='bbox 2073 1781 2408 1849; x_wconf 79' lang='grc' dir='ltr'>φυλάσσουσι</span> <span class='ocrx_word' id='word_1_334' title='bbox 2438 1783 2535 1854; x_wconf 83' lang='grc' dir='ltr'>τὴν</span> <span class='ocrx_word' id='word_1_335' title='bbox 2565 1784 2832 1856; x_wconf 80' lang='grc' dir='ltr'><strong>διαθήκην</strong></span> <span class='ocrx_word' id='word_1_336' title='bbox 2867 1785 3057 1839; x_wconf 83' lang='grc' dir='ltr'><strong>αὑτοῦ.</strong></span> <span class='ocrx_word' id='word_1_337' title='bbox 3089 1787 3198 1838; x_wconf 72' lang='grc' dir='ltr'><strong>Καὶ</strong></span> <span class='ocrx_word' id='word_1_338' title='bbox 3226 1786 3323 1856; x_wconf 78' lang='grc' dir='ltr'>οὐχ</span> <span class='ocrx_word' id='word_1_339' title='bbox 3348 1786 3537 1849; x_wconf 84' lang='grc' dir='ltr'>ἁπλῶς</span> <span class='ocrx_word' id='word_1_340' title='bbox 3558 1804 3662 1856; x_wconf 86' lang='grc' dir='ltr'><strong>με-</strong></span> 
     </span>
    </p>
   </div>
   <div class='ocr_carea' id='block_1_47' title="bbox 2053 1874 3660 1944">
    <p class='ocr_par' dir='ltr' id='par_1_47' title="bbox 2053 1874 3660 1944">
     <span class='ocr_line' id='line_1_47' title="bbox 2053 1874 3660 1944; baseline 0.004 -20"><span class='ocrx_word' id='word_1_341' title='bbox 2053 1874 2374 1944; x_wconf 83' lang='grc' dir='ltr'>μνημένοις</span> <span class='ocrx_word' id='word_1_342' title='bbox 2421 1874 2530 1928; x_wconf 83' lang='grc' dir='ltr'>τῶν</span> <span class='ocrx_word' id='word_1_343' title='bbox 2589 1877 2819 1930; x_wconf 72' lang='grc' dir='ltr'>ἐντολῶν</span> <span class='ocrx_word' id='word_1_344' title='bbox 2848 1877 3037 1944; x_wconf 83' lang='grc' dir='ltr'>αὐτοῦ,</span> <span class='ocrx_word' id='word_1_345' title='bbox 3073 1877 3188 1930; x_wconf 83' lang='grc' dir='ltr'>ἀλλ’</span> <span class='ocrx_word' id='word_1_346' title='bbox 3214 1879 3506 1930; x_wconf 84' lang='grc' dir='ltr'>ὲπιτιθεῖσι</span> <span class='ocrx_word' id='word_1_347' title='bbox 3540 1881 3660 1941; x_wconf 85' lang='grc' dir='ltr'>τοῖς</span> 
     </span>
    </p>
   </div>
   <div class='ocr_carea' id='block_1_48' title="bbox 2070 1963 3659 2039">
    <p class='ocr_par' dir='ltr' id='par_1_48' title="bbox 2070 1963 3659 2039">
     <span class='ocr_line' id='line_1_48' title="bbox 2070 1963 3659 2039; baseline 0.003 -24"><span class='ocrx_word' id='word_1_348' title='bbox 2070 1963 2252 2031; x_wconf 88' lang='grc' dir='ltr'>λόγοις</span> <span class='ocrx_word' id='word_1_349' title='bbox 2284 1965 2354 2018; x_wconf 87' lang='grc' dir='ltr'>τὰ</span> <span class='ocrx_word' id='word_1_350' title='bbox 2384 1965 2539 2036; x_wconf 73' lang='grc' dir='ltr'>ἔργα,</span> <span class='ocrx_word' id='word_1_351' title='bbox 2567 1969 2660 2019; x_wconf 73' lang='grc' dir='ltr'>καὶ</span> <span class='ocrx_word' id='word_1_352' title='bbox 2684 1967 2824 2021; x_wconf 78' lang='grc' dir='ltr'>κατὰ</span> <span class='ocrx_word' id='word_1_353' title='bbox 2851 1967 3056 2030; x_wconf 83' lang='grc' dir='ltr'>ταύτας</span> <span class='ocrx_word' id='word_1_354' title='bbox 3085 1968 3177 2021; x_wconf 81' lang='grc' dir='ltr'>τὸν</span> <span class='ocrx_word' id='word_1_355' title='bbox 3215 1971 3418 2022; x_wconf 86' lang='grc' dir='ltr'>οἰκεῖον</span> <span class='ocrx_word' id='word_1_356' title='bbox 3451 1969 3659 2039; x_wconf 80' lang='grc' dir='ltr'>ῥυθμί-</span> 
     </span>
    </p>
   </div>
   <div class='ocr_carea' id='block_1_49' title="bbox 2073 2053 2391 2125">
    <p class='ocr_par' dir='ltr' id='par_1_49' title="bbox 2073 2053 2391 2125">
     <span class='ocr_line' id='line_1_49' title="bbox 2073 2053 2391 2125; baseline 0.009 -18"><span class='ocrx_word' id='word_1_357' title='bbox 2073 2053 2227 2117; x_wconf 79' lang='grc' dir='ltr'>ζουσι</span> <span class='ocrx_word' id='word_1_358' title='bbox 2258 2055 2391 2125; x_wconf 87' lang='grc' dir='ltr'>βίον.</span> 
     </span>
    </p>
   </div>
   <div class='ocr_carea' id='block_1_50' title="bbox 2147 2147 3659 2223">
    <p class='ocr_par' dir='ltr' id='par_1_50' title="bbox 2147 2147 3659 2223">
     <span class='ocr_line' id='line_1_50' title="bbox 2147 2147 3659 2223; baseline 0.003 -23"><span class='ocrx_word' id='word_1_359' title='bbox 2147 2147 2235 2203; x_wconf 82' lang='grc' dir='ltr'><strong>ιϐ’.</strong></span> <span class='ocrx_word' id='word_1_360' title='bbox 2275 2167 2293 2200; x_wconf 72' lang='grc' dir='ltr'><strong>ι</strong></span> <span class='ocrx_word' id='word_1_361' title='bbox 2336 2150 2541 2220; x_wconf 88' lang='grc' dir='ltr'>Κύριος</span> <span class='ocrx_word' id='word_1_362' title='bbox 2567 2152 2623 2202; x_wconf 85' lang='grc' dir='ltr'>ὲν</span> <span class='ocrx_word' id='word_1_363' title='bbox 2649 2150 2725 2220; x_wconf 84' lang='grc' dir='ltr'>τῷ</span> <span class='ocrx_word' id='word_1_364' title='bbox 2757 2151 2976 2223; x_wconf 84' lang='grc' dir='ltr'>οὐρανῷ</span> <span class='ocrx_word' id='word_1_365' title='bbox 3007 2152 3274 2221; x_wconf 81' lang='grc' dir='ltr'><strong>ἡτοίμασε</strong></span> <span class='ocrx_word' id='word_1_366' title='bbox 3326 2153 3418 2204; x_wconf 74' lang='grc' dir='ltr'><strong>τὸν</strong></span> <span class='ocrx_word' id='word_1_367' title='bbox 3463 2151 3659 2221; x_wconf 78' lang='grc' dir='ltr'>θρόνον</span> 
     </span>
    </p>
   </div>
   <div class='ocr_carea' id='block_1_51' title="bbox 2073 2240 3654 2313">
    <p class='ocr_par' dir='ltr' id='par_1_51' title="bbox 2073 2240 3654 2313">
     <span class='ocr_line' id='line_1_51' title="bbox 2073 2240 3654 2313; baseline 0.003 -22"><span class='ocrx_word' id='word_1_368' title='bbox 2073 2240 2260 2305; x_wconf 78' lang='grc' dir='ltr'>αὑτοῦ,</span> <span class='ocrx_word' id='word_1_369' title='bbox 2310 2242 2475 2313; x_wconf 74' lang='grc' dir='ltr'>καὶὴ</span> <span class='ocrx_word' id='word_1_370' title='bbox 2529 2243 2777 2311; x_wconf 87' lang='grc' dir='ltr'><strong>βασιλεία</strong></span> <span class='ocrx_word' id='word_1_371' title='bbox 2834 2243 2998 2296; x_wconf 78' lang='grc' dir='ltr'>αὐτοῦ</span> <span class='ocrx_word' id='word_1_372' title='bbox 3049 2244 3267 2296; x_wconf 86' lang='grc' dir='ltr'>πάντων</span> <span class='ocrx_word' id='word_1_373' title='bbox 3323 2244 3600 2306; x_wconf 80' lang='grc' dir='ltr'>δεσπόζει-</span> <span class='ocrx_word' id='word_1_374' title='bbox 3636 2264 3654 2296; x_wconf 73' lang='grc' dir='ltr'><strong>ι</strong></span> 
     </span>
    </p>
   </div>
   <div class='ocr_carea' id='block_1_52' title="bbox 2074 2333 3660 2406">
    <p class='ocr_par' dir='ltr' id='par_1_52' title="bbox 2074 2333 3660 2406">
     <span class='ocr_line' id='line_1_52' title="bbox 2074 2333 3660 2406; baseline 0.003 -23"><span class='ocrx_word' id='word_1_375' title='bbox 2074 2333 2245 2385; x_wconf 81' lang='grc' dir='ltr'>Τοῦτο</span> <span class='ocrx_word' id='word_1_376' title='bbox 2258 2333 2403 2387; x_wconf 79' lang='grc' dir='ltr'>ἔοικε</span> <span class='ocrx_word' id='word_1_377' title='bbox 2431 2337 2546 2398; x_wconf 79' lang='grc' dir='ltr'>τοῖς</span> <span class='ocrx_word' id='word_1_378' title='bbox 2568 2335 2626 2388; x_wconf 76' lang='grc' dir='ltr'><strong>ἐν</strong></span> <span class='ocrx_word' id='word_1_379' title='bbox 2656 2336 3155 2406; x_wconf 80' lang='grc' dir='ltr'>ἑτέρῳείρημένοις</span> <span class='ocrx_word' id='word_1_380' title='bbox 3179 2335 3378 2406; x_wconf 83' lang='grc' dir='ltr'>ψαλμῴ</span> <span class='ocrx_word' id='word_1_381' title='bbox 3408 2351 3421 2365; x_wconf 89' lang='grc'><strong>·</strong></span> <span class='ocrx_word' id='word_1_382' title='bbox 3458 2355 3476 2386; x_wconf 85' lang='grc'><em>‹</em></span> <span class='ocrx_word' id='word_1_383' title='bbox 3517 2337 3570 2388; x_wconf 81' lang='lat'><strong>&#39;0</strong></span> <span class='ocrx_word' id='word_1_384' title='bbox 3599 2338 3660 2388; x_wconf 78' lang='grc' dir='ltr'>ὲν</span> 
     </span>
    </p>
   </div>
   <div class='ocr_carea' id='block_1_53' title="bbox 2075 2419 3662 2496">
    <p class='ocr_par' dir='ltr' id='par_1_53' title="bbox 2075 2419 3662 2496">
     <span class='ocr_line' id='line_1_53' title="bbox 2075 2419 3662 2496; baseline 0.001 -20"><span class='ocrx_word' id='word_1_385' title='bbox 2075 2423 2300 2494; x_wconf 74' lang='grc' dir='ltr'>ὑψηλοῖς</span> <span class='ocrx_word' id='word_1_386' title='bbox 2356 2426 2644 2493; x_wconf 83' lang='grc' dir='ltr'>κατοικῶν,</span> <span class='ocrx_word' id='word_1_387' title='bbox 2678 2419 2873 2480; x_wconf 76' lang='grc' dir='ltr'>καὶτὰ</span> <span class='ocrx_word' id='word_1_388' title='bbox 2926 2427 3159 2478; x_wconf 85' lang='grc' dir='ltr'>ταπεινὰ</span> <span class='ocrx_word' id='word_1_389' title='bbox 3206 2426 3444 2496; x_wconf 75' lang='grc' dir='ltr'>ἐφορῶν.</span> <span class='ocrx_word' id='word_1_390' title='bbox 3494 2445 3511 2476; x_wconf 72' lang='grc' dir='ltr'><strong>ι</strong></span> <span class='ocrx_word' id='word_1_391' title='bbox 3547 2427 3662 2478; x_wconf 71' lang='grc' dir='ltr'><strong>Καὶ</strong></span> 
     </span>
    </p>
   </div>
   <div class='ocr_carea' id='block_1_54' title="bbox 2075 2510 3659 2589">
    <p class='ocr_par' dir='ltr' id='par_1_54' title="bbox 2075 2510 3659 2589">
     <span class='ocr_line' id='line_1_54' title="bbox 2075 2510 3659 2589; baseline 0 -21"><span class='ocrx_word' id='word_1_392' title='bbox 2075 2516 2186 2587; x_wconf 84' lang='grc' dir='ltr'>γὰρ</span> <span class='ocrx_word' id='word_1_393' title='bbox 2213 2516 2451 2570; x_wconf 79' lang='grc' dir='ltr'>ἐνταῦθα</span> <span class='ocrx_word' id='word_1_394' title='bbox 2477 2518 2505 2569; x_wconf 87' lang='grc' dir='ltr'>ὁ</span> <span class='ocrx_word' id='word_1_395' title='bbox 2535 2517 2874 2588; x_wconf 69' lang='grc' dir='ltr'>προφητικὸς</span> <span class='ocrx_word' id='word_1_396' title='bbox 2907 2519 3056 2589; x_wconf 78' lang='grc' dir='ltr'>ἡμᾶς</span> <span class='ocrx_word' id='word_1_397' title='bbox 3091 2517 3331 2569; x_wconf 79' lang='grc' dir='ltr'>διδάσκει</span> <span class='ocrx_word' id='word_1_398' title='bbox 3367 2516 3549 2581; x_wconf 82' lang='grc' dir='ltr'>λόγος,</span> <span class='ocrx_word' id='word_1_399' title='bbox 3581 2510 3659 2578; x_wconf 82' lang='grc' dir='ltr'>ὡς</span> 
     </span>
    </p>
   </div>
   <div class='ocr_carea' id='block_1_55' title="bbox 2077 2609 3656 2680">
    <p class='ocr_par' dir='ltr' id='par_1_55' title="bbox 2077 2609 3656 2680">
     <span class='ocr_line' id='line_1_55' title="bbox 2077 2609 3656 2680; baseline -0.001 -19"><span class='ocrx_word' id='word_1_400' title='bbox 2077 2609 2136 2662; x_wconf 66' lang='grc' dir='ltr'><strong>ἐν</strong></span> <span class='ocrx_word' id='word_1_401' title='bbox 2167 2609 2384 2680; x_wconf 77' lang='grc' dir='ltr'>οὐρανῷ</span> <span class='ocrx_word' id='word_1_402' title='bbox 2417 2609 2515 2679; x_wconf 84' lang='grc' dir='ltr'><strong>μὲν</strong></span> <span class='ocrx_word' id='word_1_403' title='bbox 2561 2610 2674 2680; x_wconf 76' lang='grc' dir='ltr'>ἔχει</span> <span class='ocrx_word' id='word_1_404' title='bbox 2706 2609 2798 2661; x_wconf 83' lang='grc' dir='ltr'>τὸν</span> <span class='ocrx_word' id='word_1_405' title='bbox 2831 2609 3026 2678; x_wconf 86' lang='grc' dir='ltr'>θρόνον</span> <span class='ocrx_word' id='word_1_406' title='bbox 3056 2609 3165 2662; x_wconf 92' lang='grc' dir='ltr'>τῶν</span> <span class='ocrx_word' id='word_1_407' title='bbox 3204 2609 3342 2662; x_wconf 80' lang='grc' dir='ltr'>ὅλων</span> <span class='ocrx_word' id='word_1_408' title='bbox 3374 2611 3402 2661; x_wconf 84' lang='grc' dir='ltr'>ὁ</span> <span class='ocrx_word' id='word_1_409' title='bbox 3428 2609 3656 2677; x_wconf 82' lang='grc' dir='ltr'>Κύριος,</span> 
     </span>
    </p>
   </div>
   <div class='ocr_carea' id='block_1_56' title="bbox 2078 2699 3658 2773">
    <p class='ocr_par' dir='ltr' id='par_1_56' title="bbox 2078 2699 3658 2773">
     <span class='ocr_line' id='line_1_56' title="bbox 2078 2699 3658 2773; baseline -0.002 -19"><span class='ocrx_word' id='word_1_410' title='bbox 2078 2702 2256 2773; x_wconf 76' lang='grc' dir='ltr'>ἐφορᾷ</span> <span class='ocrx_word' id='word_1_411' title='bbox 2301 2701 2359 2756; x_wconf 82' lang='grc' dir='ltr'>δὲ</span> <span class='ocrx_word' id='word_1_412' title='bbox 2400 2703 2494 2755; x_wconf 74' lang='grc' dir='ltr'><strong>καὶ</strong></span> <span class='ocrx_word' id='word_1_413' title='bbox 2523 2700 2854 2772; x_wconf 86' lang='grc' dir='ltr'>πρυτανεύει</span> <span class='ocrx_word' id='word_1_414' title='bbox 2883 2703 2948 2771; x_wconf 72' lang='grc' dir='ltr'>τῇ</span> <span class='ocrx_word' id='word_1_415' title='bbox 3000 2701 3177 2753; x_wconf 84' lang='grc' dir='ltr'>κτίσει</span> <span class='ocrx_word' id='word_1_416' title='bbox 3206 2701 3274 2764; x_wconf 73' lang='grc' dir='ltr'><strong>⁸ο,</strong></span> <span class='ocrx_word' id='word_1_417' title='bbox 3306 2699 3400 2753; x_wconf 82' lang='grc' dir='ltr'><strong>ἅτε</strong></span> <span class='ocrx_word' id='word_1_418' title='bbox 3423 2701 3486 2771; x_wconf 81' lang='grc' dir='ltr'>δὴ</span> <span class='ocrx_word' id='word_1_419' title='bbox 3521 2702 3658 2754; x_wconf 68' lang='grc' dir='ltr'><strong>πέψ-</strong></span> 
     </span>
    </p>
   </div>
   <div class='ocr_carea' id='block_1_57' title="bbox 2077 2793 3662 2866">
    <p class='ocr_par' dir='ltr' id='par_1_57' title="bbox 2077 2793 3662 2866">
     <span class='ocr_line' id='line_1_57' title="bbox 2077 2793 3662 2866; baseline -0.002 -18"><span class='ocrx_word' id='word_1_420' title='bbox 2077 2811 2185 2848; x_wconf 89' lang='grc' dir='ltr'>των</span> <span class='ocrx_word' id='word_1_421' title='bbox 2253 2793 2329 2848; x_wconf 85' lang='grc' dir='ltr'>ὢν</span> <span class='ocrx_word' id='word_1_422' title='bbox 2398 2794 2731 2866; x_wconf 85' lang='grc' dir='ltr'>δημιουργὸς</span> <span class='ocrx_word' id='word_1_423' title='bbox 2765 2831 2780 2858; x_wconf 87' lang='grc'><strong>,</strong></span> <span class='ocrx_word' id='word_1_424' title='bbox 2829 2793 2923 2848; x_wconf 76' lang='grc' dir='ltr'><strong>καὶ</strong></span> <span class='ocrx_word' id='word_1_425' title='bbox 2982 2793 3260 2863; x_wconf 81' lang='grc' dir='ltr'>βασιλεὺς,</span> <span class='ocrx_word' id='word_1_426' title='bbox 3309 2794 3404 2846; x_wconf 83' lang='grc' dir='ltr'>καὶ</span> <span class='ocrx_word' id='word_1_427' title='bbox 3468 2795 3662 2845; x_wconf 82' lang='grc' dir='ltr'>δεσπό·</span> 
     </span>
    </p>
   </div>
   <div class='ocr_carea' id='block_1_58' title="bbox 2077 2901 3330 2955">
    <p class='ocr_par' dir='ltr' id='par_1_58' title="bbox 2077 2901 3330 2955">
     <span class='ocr_line' id='line_1_58' title="bbox 2077 2901 3330 2955; baseline -0.015 -6"><span class='ocrx_word' id='word_1_428' title='bbox 2077 2901 2200 2955; x_wconf 71' lang='grc' dir='ltr'>της.</span> <span class='ocrx_word' id='word_1_429' title='bbox 3328 2928 3330 2930; x_wconf 76' lang='grc'><strong>,</strong></span> 
     </span>
    </p>
   </div>
   <div class='ocr_carea' id='block_1_59' title="bbox 2151 2971 3662 3043">
    <p class='ocr_par' dir='ltr' id='par_1_59' title="bbox 2151 2971 3662 3043">
     <span class='ocr_line' id='line_1_59' title="bbox 2151 2971 3662 3043; baseline -0.003 -15"><span class='ocrx_word' id='word_1_430' title='bbox 2151 2981 2220 3029; x_wconf 81' lang='grc' dir='ltr'><strong>κ’.</strong></span> <span class='ocrx_word' id='word_1_431' title='bbox 2255 2991 2274 3027; x_wconf 73' lang='grc' dir='ltr'><strong>ι</strong></span> <span class='ocrx_word' id='word_1_432' title='bbox 2304 2973 2590 3042; x_wconf 80' lang='grc' dir='ltr'>Εὐλογεῖτε</span> <span class='ocrx_word' id='word_1_433' title='bbox 2611 2973 2702 3026; x_wconf 82' lang='grc' dir='ltr'>τὸν</span> <span class='ocrx_word' id='word_1_434' title='bbox 2742 2973 2968 3043; x_wconf 85' lang='grc' dir='ltr'><strong>Κύριον,</strong></span> <span class='ocrx_word' id='word_1_435' title='bbox 3003 2973 3203 3036; x_wconf 78' lang='grc' dir='ltr'>πάντες</span> <span class='ocrx_word' id='word_1_436' title='bbox 3231 2973 3280 3023; x_wconf 87' lang='grc' dir='ltr'>οί</span> <span class='ocrx_word' id='word_1_437' title='bbox 3305 2971 3530 3039; x_wconf 75' lang='grc' dir='ltr'>ἄγγελοι</span> <span class='ocrx_word' id='word_1_438' title='bbox 3566 2972 3662 3025; x_wconf 78' lang='grc' dir='ltr'><strong>αὖ·</strong></span> 
     </span>
    </p>
   </div>
   <div class='ocr_carea' id='block_1_60' title="bbox 392 3059 1973 3132">
    <p class='ocr_par' dir='ltr' id='par_1_60' title="bbox 392 3059 1973 3128">
     <span class='ocr_line' id='line_1_60' title="bbox 392 3059 1973 3128; baseline 0.005 -16"><span class='ocrx_word' id='word_1_439' title='bbox 392 3069 645 3128; x_wconf 87' lang='lat' dir='ltr'><strong>potentes</strong></span> <span class='ocrx_word' id='word_1_440' title='bbox 670 3060 891 3125; x_wconf 88' lang='lat' dir='ltr'><strong>virtute,</strong></span> <span class='ocrx_word' id='word_1_441' title='bbox 918 3059 1182 3117; x_wconf 82' lang='lat' dir='ltr'><strong>facientes</strong></span> <span class='ocrx_word' id='word_1_442' title='bbox 1203 3063 1429 3116; x_wconf 91' lang='lat' dir='ltr'><strong>verbum</strong></span> <span class='ocrx_word' id='word_1_443' title='bbox 1457 3063 1625 3127; x_wconf 89' lang='lat' dir='ltr'><strong>illius,</strong></span> <span class='ocrx_word' id='word_1_444' title='bbox 1657 3065 1724 3118; x_wconf 88' lang='lat' dir='ltr'><strong>ad</strong></span> <span class='ocrx_word' id='word_1_445' title='bbox 1749 3066 1973 3120; x_wconf 90' lang='lat' dir='ltr'><strong>audien-</strong></span> 
     </span>
    </p>
   </div>
   <div class='ocr_carea' id='block_1_61' title="bbox 2084 3059 3659 3132">
    <p class='ocr_par' dir='ltr' id='par_1_61' title="bbox 2084 3061 3659 3132">
     <span class='ocr_line' id='line_1_61' title="bbox 2084 3061 3659 3132; baseline -0.003 -13"><span class='ocrx_word' id='word_1_446' title='bbox 2084 3063 2190 3129; x_wconf 58' lang='grc' dir='ltr'>τοῦδ</span> <span class='ocrx_word' id='word_1_447' title='bbox 2225 3065 2443 3118; x_wconf 78' lang='grc' dir='ltr'><strong>δυνατοὶ</strong></span> <span class='ocrx_word' id='word_1_448' title='bbox 2477 3063 2644 3132; x_wconf 85' lang='grc' dir='ltr'>ίσχύῖ,</span> <span class='ocrx_word' id='word_1_449' title='bbox 2675 3063 2957 3125; x_wconf 75' lang='grc' dir='ltr'>ποιοῦντες</span> <span class='ocrx_word' id='word_1_450' title='bbox 2997 3062 3089 3114; x_wconf 81' lang='grc' dir='ltr'><strong>τὸν</strong></span> <span class='ocrx_word' id='word_1_451' title='bbox 3125 3061 3282 3128; x_wconf 88' lang='grc' dir='ltr'>λόγον</span> <span class='ocrx_word' id='word_1_452' title='bbox 3333 3061 3532 3123; x_wconf 80' lang='grc' dir='ltr'>αὑτοῦ,</span> <span class='ocrx_word' id='word_1_453' title='bbox 3565 3061 3659 3114; x_wconf 84' lang='grc' dir='ltr'><strong>τοῦ</strong></span> 
     </span>
    </p>
   </div>
   <div class='ocr_carea' id='block_1_62' title="bbox 393 3152 1973 3226">
    <p class='ocr_par' dir='ltr' id='par_1_62' title="bbox 393 3152 1973 3221">
     <span class='ocr_line' id='line_1_62' title="bbox 393 3152 1973 3221; baseline 0.004 -16"><span class='ocrx_word' id='word_1_454' title='bbox 393 3152 518 3205; x_wconf 87' lang='lat' dir='ltr'><strong>dam</strong></span> <span class='ocrx_word' id='word_1_455' title='bbox 552 3166 740 3204; x_wconf 89' lang='lat' dir='ltr'><strong>voccm</strong></span> <span class='ocrx_word' id='word_1_456' title='bbox 773 3167 1088 3206; x_wconf 88' lang='lat' dir='ltr'><strong>sermonum</strong></span> <span class='ocrx_word' id='word_1_457' title='bbox 1115 3153 1256 3221; x_wconf 89' lang='lat' dir='ltr'><strong>ejus.</strong></span> <span class='ocrx_word' id='word_1_458' title='bbox 1285 3171 1304 3205; x_wconf 85' lang='grc'><strong>›</strong></span> <span class='ocrx_word' id='word_1_459' title='bbox 1349 3152 1544 3210; x_wconf 85' lang='lat' dir='ltr'><strong>Merito</strong></span> <span class='ocrx_word' id='word_1_460' title='bbox 1579 3156 1832 3212; x_wconf 78' lang='lat' dir='ltr'><strong>caelestes</strong></span> <span class='ocrx_word' id='word_1_461' title='bbox 1865 3158 1973 3211; x_wconf 88' lang='lat' dir='ltr'><strong>vir-</strong></span> 
     </span>
    </p>
   </div>
   <div class='ocr_carea' id='block_1_63' title="bbox 2084 3152 3663 3226">
    <p class='ocr_par' dir='ltr' id='par_1_63' title="bbox 2084 3155 3663 3226">
     <span class='ocr_line' id='line_1_63' title="bbox 2084 3155 3663 3226; baseline -0.003 -14"><span class='ocrx_word' id='word_1_462' title='bbox 2084 3158 2314 3213; x_wconf 81' lang='grc' dir='ltr'><strong>ἀκοῦσαι</strong></span> <span class='ocrx_word' id='word_1_463' title='bbox 2364 3157 2465 3226; x_wconf 81' lang='grc' dir='ltr'>τῆς</span> <span class='ocrx_word' id='word_1_464' title='bbox 2521 3157 2704 3225; x_wconf 79' lang='grc' dir='ltr'>φωνῆς</span> <span class='ocrx_word' id='word_1_465' title='bbox 2743 3157 2851 3210; x_wconf 88' lang='grc' dir='ltr'>τῶν</span> <span class='ocrx_word' id='word_1_466' title='bbox 2907 3155 3082 3224; x_wconf 80' lang='grc' dir='ltr'>λόγων</span> <span class='ocrx_word' id='word_1_467' title='bbox 3127 3155 3314 3208; x_wconf 72' lang='grc' dir='ltr'><strong>αὑτοῦ.</strong></span> <span class='ocrx_word' id='word_1_468' title='bbox 3368 3174 3384 3207; x_wconf 79' lang='grc' dir='ltr'><strong>ι</strong></span> <span class='ocrx_word' id='word_1_469' title='bbox 3424 3155 3663 3217; x_wconf 78' lang='grc' dir='ltr'><strong>Εἰκότως</strong></span> 
     </span>
    </p>
   </div>
   <div class='ocr_carea' id='block_1_64' title="bbox 395 3243 1973 3320">
    <p class='ocr_par' dir='ltr' id='par_1_64' title="bbox 395 3243 1973 3313">
     <span class='ocr_line' id='line_1_64' title="bbox 395 3243 1973 3313; baseline 0.003 -14"><span class='ocrx_word' id='word_1_470' title='bbox 395 3253 538 3299; x_wconf 89' lang='lat' dir='ltr'><strong>tutcs</strong></span> <span class='ocrx_word' id='word_1_471' title='bbox 570 3243 620 3296; x_wconf 93' lang='lat' dir='ltr'><strong>in</strong></span> <span class='ocrx_word' id='word_1_472' title='bbox 653 3243 1095 3296; x_wconf 91' lang='lat' dir='ltr'><strong>communionem</strong></span> <span class='ocrx_word' id='word_1_473' title='bbox 1145 3244 1472 3313; x_wconf 82' lang='lat' dir='ltr'><strong>hymnorum</strong></span> <span class='ocrx_word' id='word_1_474' title='bbox 1514 3246 1824 3302; x_wconf 85' lang='lat' dir='ltr'><strong>accersivit.</strong></span> <span class='ocrx_word' id='word_1_475' title='bbox 1861 3248 1973 3303; x_wconf 84' lang='lat' dir='ltr'><strong>Non</strong></span> 
     </span>
    </p>
   </div>
   <div class='ocr_carea' id='block_1_65' title="bbox 2084 3243 3664 3320">
    <p class='ocr_par' dir='ltr' id='par_1_65' title="bbox 2084 3247 3664 3320">
     <span class='ocr_line' id='line_1_65' title="bbox 2084 3247 3664 3320; baseline -0.003 -15"><span class='ocrx_word' id='word_1_476' title='bbox 2084 3251 2184 3314; x_wconf 77' lang='grc' dir='ltr'><strong>τὰς</strong></span> <span class='ocrx_word' id='word_1_477' title='bbox 2235 3249 2502 3320; x_wconf 81' lang='grc' dir='ltr'><strong>ἀοράτους</strong></span> <span class='ocrx_word' id='word_1_478' title='bbox 2529 3249 2790 3318; x_wconf 84' lang='grc' dir='ltr'>δυνάμεις</span> <span class='ocrx_word' id='word_1_479' title='bbox 2838 3250 2918 3310; x_wconf 85' lang='grc' dir='ltr'>εἰς</span> <span class='ocrx_word' id='word_1_480' title='bbox 2950 3247 3238 3300; x_wconf 81' lang='grc' dir='ltr'>κοινωνίαν</span> <span class='ocrx_word' id='word_1_481' title='bbox 3259 3247 3356 3317; x_wconf 83' lang='grc' dir='ltr'>τῆς</span> <span class='ocrx_word' id='word_1_482' title='bbox 3385 3248 3664 3317; x_wconf 72' lang='grc' dir='ltr'>ὑμνῳδίαις</span> 
     </span>
    </p>
   </div>
   <div class='ocr_carea' id='block_1_66' title="bbox 395 3335 1973 3410">
    <p class='ocr_par' dir='ltr' id='par_1_66' title="bbox 395 3335 1973 3407">
     <span class='ocr_line' id='line_1_66' title="bbox 395 3335 1973 3407; baseline 0.003 -16"><span class='ocrx_word' id='word_1_483' title='bbox 395 3336 540 3391; x_wconf 88' lang='lat' dir='ltr'><strong>enim</strong></span> <span class='ocrx_word' id='word_1_484' title='bbox 581 3345 763 3404; x_wconf 89' lang='lat' dir='ltr'><strong>potest</strong></span> <span class='ocrx_word' id='word_1_485' title='bbox 808 3335 1050 3388; x_wconf 89' lang='lat' dir='ltr'><strong>humana</strong></span> <span class='ocrx_word' id='word_1_486' title='bbox 1092 3343 1287 3390; x_wconf 88' lang='lat' dir='ltr'><strong>natura</strong></span> <span class='ocrx_word' id='word_1_487' title='bbox 1318 3336 1482 3407; x_wconf 78' lang='lat' dir='ltr'><strong>digne</strong></span> <span class='ocrx_word' id='word_1_488' title='bbox 1514 3347 1562 3392; x_wconf 93' lang='lat' dir='ltr'><strong>te</strong></span> <span class='ocrx_word' id='word_1_489' title='bbox 1595 3339 1848 3396; x_wconf 81' lang='lat' dir='ltr'><strong>beneﬁcii</strong></span> <span class='ocrx_word' id='word_1_490' title='bbox 1883 3357 1973 3395; x_wconf 91' lang='lat' dir='ltr'><strong>au-</strong></span> 
     </span>
    </p>
   </div>
   <div class='ocr_carea' id='block_1_67' title="bbox 2084 3335 3665 3410">
    <p class='ocr_par' dir='ltr' id='par_1_67' title="bbox 2085 3337 3665 3410">
     <span class='ocr_line' id='line_1_67' title="bbox 2085 3337 3665 3410; baseline -0.003 -15"><span class='ocrx_word' id='word_1_491' title='bbox 2085 3341 2365 3396; x_wconf 84' lang='grc' dir='ltr'>ὲκάλεσεν.</span> <span class='ocrx_word' id='word_1_492' title='bbox 2398 3340 2752 3410; x_wconf 79' lang='grc' dir='ltr'>Οὐκὰπόχρη</span> <span class='ocrx_word' id='word_1_493' title='bbox 2778 3339 2885 3410; x_wconf 80' lang='grc' dir='ltr'><strong>γὰρ</strong></span> <span class='ocrx_word' id='word_1_494' title='bbox 2909 3341 2940 3408; x_wconf 87' lang='grc' dir='ltr'><strong>ή</strong></span> <span class='ocrx_word' id='word_1_495' title='bbox 2968 3338 3286 3406; x_wconf 82' lang='grc' dir='ltr'>ἀνθρωπεία</span> <span class='ocrx_word' id='word_1_496' title='bbox 3310 3337 3471 3406; x_wconf 75' lang='grc' dir='ltr'>φύσις</span> <span class='ocrx_word' id='word_1_497' title='bbox 3499 3338 3665 3404; x_wconf 78' lang='grc' dir='ltr'>ἀξίως</span> 
     </span>
    </p>
   </div>
   <div class='ocr_carea' id='block_1_68' title="bbox 397 3427 1973 3503">
    <p class='ocr_par' dir='ltr' id='par_1_68' title="bbox 397 3428 1973 3497">
     <span class='ocr_line' id='line_1_68' title="bbox 397 3428 1973 3497; baseline 0.003 -12"><span class='ocrx_word' id='word_1_498' title='bbox 397 3439 602 3485; x_wconf 87' lang='lat' dir='ltr'><strong>ctorem</strong></span> <span class='ocrx_word' id='word_1_499' title='bbox 635 3428 888 3482; x_wconf 87' lang='lat' dir='ltr'><strong>laudibus</strong></span> <span class='ocrx_word' id='word_1_500' title='bbox 923 3428 1180 3496; x_wconf 91' lang='lat' dir='ltr'><strong>prosequi</strong></span> <span class='ocrx_word' id='word_1_501' title='bbox 1214 3445 1227 3480; x_wconf 91' lang='lat'>:</span> <span class='ocrx_word' id='word_1_502' title='bbox 1257 3428 1592 3497; x_wconf 60' lang='lat' dir='ltr'><strong>incorporea?</strong></span> <span class='ocrx_word' id='word_1_503' title='bbox 1623 3447 1752 3487; x_wconf 89' lang='lat' dir='ltr'><strong>vero</strong></span> <span class='ocrx_word' id='word_1_504' title='bbox 1777 3443 1829 3488; x_wconf 91' lang='lat' dir='ltr'><strong>et</strong></span> <span class='ocrx_word' id='word_1_505' title='bbox 1857 3449 1973 3489; x_wconf 89' lang='lat' dir='ltr'><strong>san-</strong></span> 
     </span>
    </p>
   </div>
   <div class='ocr_carea' id='block_1_69' title="bbox 2084 3427 3664 3503">
    <p class='ocr_par' dir='ltr' id='par_1_69' title="bbox 2087 3427 3664 3503">
     <span class='ocr_line' id='line_1_69' title="bbox 2087 3427 3664 3503; baseline -0.003 -17"><span class='ocrx_word' id='word_1_506' title='bbox 2087 3433 2277 3503; x_wconf 83' lang='grc' dir='ltr'>ὑμνεῖν</span> <span class='ocrx_word' id='word_1_507' title='bbox 2311 3449 2369 3484; x_wconf 90' lang='grc' dir='ltr'><strong>σε</strong></span> <span class='ocrx_word' id='word_1_508' title='bbox 2403 3431 2446 3463; x_wconf 75' lang='lat'>“</span> <span class='ocrx_word' id='word_1_509' title='bbox 2468 3431 2560 3484; x_wconf 85' lang='grc' dir='ltr'><strong>τὸν</strong></span> <span class='ocrx_word' id='word_1_510' title='bbox 2601 3429 2897 3500; x_wconf 82' lang='grc' dir='ltr'>εὐεργέτην</span> <span class='ocrx_word' id='word_1_511' title='bbox 2921 3447 2932 3459; x_wconf 93' lang='grc'><strong>·</strong></span> <span class='ocrx_word' id='word_1_512' title='bbox 2970 3430 3027 3482; x_wconf 80' lang='grc' dir='ltr'><strong>αἱ</strong></span> <span class='ocrx_word' id='word_1_513' title='bbox 3055 3430 3109 3481; x_wconf 77' lang='grc' dir='ltr'>δὲ</span> <span class='ocrx_word' id='word_1_514' title='bbox 3141 3427 3423 3500; x_wconf 84' lang='grc' dir='ltr'><strong>ἀσώματοι</strong></span> <span class='ocrx_word' id='word_1_515' title='bbox 3466 3430 3565 3479; x_wconf 75' lang='grc' dir='ltr'><strong>καὶ</strong></span> <span class='ocrx_word' id='word_1_516' title='bbox 3611 3429 3664 3481; x_wconf 87' lang='grc' dir='ltr'>αί</span> 
     </span>
    </p>
   </div>
   <div class='ocr_carea' id='block_1_70' title="bbox 397 3517 1973 3593">
    <p class='ocr_par' dir='ltr' id='par_1_70' title="bbox 397 3517 1973 3586">
     <span class='ocr_line' id='line_1_70' title="bbox 397 3517 1973 3586; baseline 0.006 -16"><span class='ocrx_word' id='word_1_517' title='bbox 397 3527 500 3571; x_wconf 69' lang='lat' dir='ltr'><strong>cla:</strong></span> <span class='ocrx_word' id='word_1_518' title='bbox 545 3526 788 3582; x_wconf 69' lang='lat' dir='ltr'><strong>naturae,</strong></span> <span class='ocrx_word' id='word_1_519' title='bbox 822 3533 946 3586; x_wconf 81' lang='lat' dir='ltr'><strong>quae</strong></span> <span class='ocrx_word' id='word_1_520' title='bbox 996 3517 1226 3572; x_wconf 87' lang='lat' dir='ltr'><strong>liberam</strong></span> <span class='ocrx_word' id='word_1_521' title='bbox 1264 3519 1332 3573; x_wconf 90' lang='lat' dir='ltr'><strong>ab</strong></span> <span class='ocrx_word' id='word_1_522' title='bbox 1372 3518 1750 3581; x_wconf 73' lang='lat' dir='ltr'><strong>affectionibus</strong></span> <span class='ocrx_word' id='word_1_523' title='bbox 1782 3524 1973 3580; x_wconf 88' lang='lat' dir='ltr'><strong>habent</strong></span> 
     </span>
    </p>
   </div>
   <div class='ocr_carea' id='block_1_71' title="bbox 2084 3517 3664 3593">
    <p class='ocr_par' dir='ltr' id='par_1_71' title="bbox 2087 3517 3664 3593">
     <span class='ocr_line' id='line_1_71' title="bbox 2087 3517 3664 3593; baseline -0.006 -14"><span class='ocrx_word' id='word_1_524' title='bbox 2087 3526 2242 3593; x_wconf 63' lang='lat' dir='ltr'><strong>ama:</strong></span> <span class='ocrx_word' id='word_1_525' title='bbox 2265 3524 2480 3593; x_wconf 81' lang='grc' dir='ltr'>φύσεις,</span> <span class='ocrx_word' id='word_1_526' title='bbox 2512 3521 2805 3592; x_wconf 78' lang='grc' dir='ltr'>ἐλευθέραν</span> <span class='ocrx_word' id='word_1_527' title='bbox 2852 3521 3074 3589; x_wconf 80' lang='grc' dir='ltr'>ἔχουσαι</span> <span class='ocrx_word' id='word_1_528' title='bbox 3125 3517 3468 3588; x_wconf 80' lang='grc' dir='ltr'>παθημάτων</span> <span class='ocrx_word' id='word_1_529' title='bbox 3495 3517 3664 3588; x_wconf 76' lang='grc' dir='ltr'>ζωὴν,</span> 
     </span>
    </p>
   </div>
   <div class='ocr_carea' id='block_1_72' title="bbox 401 3608 1986 3686">
    <p class='ocr_par' dir='ltr' id='par_1_72' title="bbox 401 3608 1986 3686">
     <span class='ocr_line' id='line_1_72' title="bbox 401 3608 1986 3686; baseline 0.008 -27"><span class='ocrx_word' id='word_1_530' title='bbox 401 3609 612 3674; x_wconf 88' lang='lat' dir='ltr'><strong>vitam,</strong></span> <span class='ocrx_word' id='word_1_531' title='bbox 669 3608 880 3667; x_wconf 60' lang='lat' dir='ltr'><strong>idoneae</strong></span> <span class='ocrx_word' id='word_1_532' title='bbox 936 3617 1063 3664; x_wconf 92' lang='lat' dir='ltr'><strong>sunt</strong></span> <span class='ocrx_word' id='word_1_533' title='bbox 1121 3611 1190 3664; x_wconf 89' lang='lat' dir='ltr'><strong>ad</strong></span> <span class='ocrx_word' id='word_1_534' title='bbox 1254 3611 1439 3666; x_wconf 86' lang='lat' dir='ltr'><strong>divina</strong></span> <span class='ocrx_word' id='word_1_535' title='bbox 1501 3612 1757 3668; x_wconf 84' lang='lat' dir='ltr'><strong>mandata</strong></span> <span class='ocrx_word' id='word_1_536' title='bbox 1821 3616 1986 3686; x_wconf 82' lang='lat' dir='ltr'><strong>perﬁ-</strong></span> 
     </span>
    </p>
   </div>
   <div class='ocr_carea' id='block_1_73' title="bbox 400 3703 622 3759">
    <p class='ocr_par' dir='ltr' id='par_1_73' title="bbox 400 3703 622 3759">
     <span class='ocr_line' id='line_1_73' title="bbox 400 3703 622 3759; baseline 0.009 -2"><span class='ocrx_word' id='word_1_537' title='bbox 400 3703 622 3759; x_wconf 83' lang='lat' dir='ltr'><strong>cienda.</strong></span> 
     </span>
    </p>
   </div>
   <div class='ocr_carea' id='block_1_74' title="bbox 473 3780 1980 3863">
    <p class='ocr_par' dir='ltr' id='par_1_74' title="bbox 473 3780 1980 3863">
     <span class='ocr_line' id='line_1_74' title="bbox 473 3780 1980 3863; baseline 0.007 -16"><span class='ocrx_word' id='word_1_538' title='bbox 473 3793 633 3850; x_wconf 77' lang='lat' dir='ltr'><strong>Vnus.</strong></span> <span class='ocrx_word' id='word_1_539' title='bbox 673 3796 764 3852; x_wconf 71' lang='grc'><strong>21.</strong></span> <span class='ocrx_word' id='word_1_540' title='bbox 807 3815 825 3848; x_wconf 85' lang='grc'>‹</span> <span class='ocrx_word' id='word_1_541' title='bbox 865 3795 1177 3851; x_wconf 89' lang='lat' dir='ltr'><strong>Benedicite</strong></span> <span class='ocrx_word' id='word_1_542' title='bbox 1225 3780 1493 3863; x_wconf 78' lang='lat' dir='ltr'><strong>Domino&#39;,</strong></span> <span class='ocrx_word' id='word_1_543' title='bbox 1525 3813 1716 3856; x_wconf 92' lang='lat' dir='ltr'><strong>omnes</strong></span> <span class='ocrx_word' id='word_1_544' title='bbox 1749 3801 1980 3858; x_wconf 87' lang='lat' dir='ltr'><strong>virtutes</strong></span> 
     </span>
    </p>
   </div>
   <div class='ocr_carea' id='block_1_75' title="bbox 401 3886 1981 3961">
    <p class='ocr_par' dir='ltr' id='par_1_75' title="bbox 401 3886 1981 3961">
     <span class='ocr_line' id='line_1_75' title="bbox 401 3886 1981 3961; baseline 0.004 -22"><span class='ocrx_word' id='word_1_545' title='bbox 401 3886 520 3954; x_wconf 85' lang='lat' dir='ltr'><strong>ejus</strong></span> <span class='ocrx_word' id='word_1_546' title='bbox 544 3929 556 3950; x_wconf 92' lang='lat'><strong>,</strong></span> <span class='ocrx_word' id='word_1_547' title='bbox 601 3887 838 3941; x_wconf 87' lang='lat' dir='ltr'><strong>ministri</strong></span> <span class='ocrx_word' id='word_1_548' title='bbox 882 3888 1038 3956; x_wconf 87' lang='lat' dir='ltr'><strong>ejus,</strong></span> <span class='ocrx_word' id='word_1_549' title='bbox 1071 3889 1166 3957; x_wconf 89' lang='lat' dir='ltr'><strong>qui</strong></span> <span class='ocrx_word' id='word_1_550' title='bbox 1209 3887 1388 3943; x_wconf 91' lang='lat' dir='ltr'><strong>facitis</strong></span> <span class='ocrx_word' id='word_1_551' title='bbox 1423 3889 1755 3945; x_wconf 86' lang='lat' dir='ltr'><strong>voluntatem</strong></span> <span class='ocrx_word' id='word_1_552' title='bbox 1789 3893 1930 3961; x_wconf 91' lang='lat' dir='ltr'><strong>ejus.</strong></span> <span class='ocrx_word' id='word_1_553' title='bbox 1962 3913 1981 3946; x_wconf 71' lang='grc' dir='ltr'><strong>ι</strong></span> 
     </span>
    </p>
   </div>
   <div class='ocr_carea' id='block_1_76' title="bbox 300 3977 1984 4054">
    <p class='ocr_par' dir='ltr' id='par_1_76' title="bbox 300 3977 1984 4054">
     <span class='ocr_line' id='line_1_76' title="bbox 300 3977 1984 4054; baseline 0.008 -25"><span class='ocrx_word' id='word_1_554' title='bbox 300 3985 302 3988; x_wconf 84' lang='grc'><em>’</em></span> <span class='ocrx_word' id='word_1_555' title='bbox 404 3977 554 4032; x_wconf 85' lang='lat' dir='ltr'><strong>Multi</strong></span> <span class='ocrx_word' id='word_1_556' title='bbox 585 3988 639 4032; x_wconf 93' lang='lat' dir='ltr'><strong>et</strong></span> <span class='ocrx_word' id='word_1_557' title='bbox 667 3980 802 4033; x_wconf 81' lang='lat' dir='ltr'><strong>varii</strong></span> <span class='ocrx_word' id='word_1_558' title='bbox 844 3989 974 4034; x_wconf 91' lang='lat' dir='ltr'><strong>sunt</strong></span> <span class='ocrx_word' id='word_1_559' title='bbox 1012 3981 1316 4035; x_wconf 70' lang='lat' dir='ltr'><strong>cmlestium</strong></span> <span class='ocrx_word' id='word_1_560' title='bbox 1350 3981 1590 4036; x_wconf 88' lang='lat' dir='ltr'><strong>ordines.</strong></span> <span class='ocrx_word' id='word_1_561' title='bbox 1639 3983 1984 4054; x_wconf 82' lang='lat' dir='ltr'><strong>Principatus</strong></span> 
     </span>
    </p>
   </div>
   <div class='ocr_carea' id='block_1_77' title="bbox 403 4069 1984 4141">
    <p class='ocr_par' dir='ltr' id='par_1_77' title="bbox 403 4069 1984 4141">
     <span class='ocr_line' id='line_1_77' title="bbox 403 4069 1984 4141; baseline 0.006 -19"><span class='ocrx_word' id='word_1_562' title='bbox 403 4069 548 4122; x_wconf 89' lang='lat' dir='ltr'><strong>enim</strong></span> <span class='ocrx_word' id='word_1_563' title='bbox 569 4111 583 4134; x_wconf 93' lang='lat'><strong>,</strong></span> <span class='ocrx_word' id='word_1_564' title='bbox 625 4079 679 4125; x_wconf 88' lang='lat' dir='ltr'><strong>et</strong></span> <span class='ocrx_word' id='word_1_565' title='bbox 710 4069 1012 4127; x_wconf 88' lang='lat' dir='ltr'><strong>Potestates</strong></span> <span class='ocrx_word' id='word_1_566' title='bbox 1034 4113 1047 4134; x_wconf 96' lang='lat'><strong>,</strong></span> <span class='ocrx_word' id='word_1_567' title='bbox 1089 4081 1143 4126; x_wconf 93' lang='lat' dir='ltr'><strong>et</strong></span> <span class='ocrx_word' id='word_1_568' title='bbox 1167 4071 1373 4127; x_wconf 90' lang='lat' dir='ltr'><strong>Throni</strong></span> <span class='ocrx_word' id='word_1_569' title='bbox 1397 4114 1412 4139; x_wconf 93' lang='lat'><strong>,</strong></span> <span class='ocrx_word' id='word_1_570' title='bbox 1446 4085 1499 4128; x_wconf 88' lang='lat' dir='ltr'><strong>et</strong></span> <span class='ocrx_word' id='word_1_571' title='bbox 1541 4073 1944 4132; x_wconf 71' lang='lat' dir='ltr'><strong>nominationes</strong></span> <span class='ocrx_word' id='word_1_572' title='bbox 1971 4118 1984 4141; x_wconf 94' lang='lat'><strong>,</strong></span> 
     </span>
    </p>
   </div>
   <div class='ocr_carea' id='block_1_78' title="bbox 403 4159 1987 4230">
    <p class='ocr_par' dir='ltr' id='par_1_78' title="bbox 403 4159 1987 4230">
     <span class='ocr_line' id='line_1_78' title="bbox 403 4159 1987 4230; baseline 0.006 -15"><span class='ocrx_word' id='word_1_573' title='bbox 403 4169 460 4215; x_wconf 89' lang='lat' dir='ltr'><strong>et</strong></span> <span class='ocrx_word' id='word_1_574' title='bbox 492 4159 778 4230; x_wconf 90' lang='lat' dir='ltr'><strong>Seraphim</strong></span> <span class='ocrx_word' id='word_1_575' title='bbox 805 4203 819 4229; x_wconf 90' lang='lat'><strong>,</strong></span> <span class='ocrx_word' id='word_1_576' title='bbox 849 4173 902 4218; x_wconf 89' lang='lat' dir='ltr'><strong>et</strong></span> <span class='ocrx_word' id='word_1_577' title='bbox 930 4163 1226 4220; x_wconf 88' lang='lat' dir='ltr'><strong>Cherubim</strong></span> <span class='ocrx_word' id='word_1_578' title='bbox 1258 4204 1272 4228; x_wconf 91' lang='lat'><strong>,</strong></span> <span class='ocrx_word' id='word_1_579' title='bbox 1308 4173 1362 4218; x_wconf 89' lang='lat' dir='ltr'><strong>et</strong></span> <span class='ocrx_word' id='word_1_580' title='bbox 1390 4165 1497 4218; x_wconf 88' lang='lat' dir='ltr'><strong>alia</strong></span> <span class='ocrx_word' id='word_1_581' title='bbox 1533 4170 1754 4222; x_wconf 90' lang='lat' dir='ltr'><strong>nomina</strong></span> <span class='ocrx_word' id='word_1_582' title='bbox 1784 4173 1800 4189; x_wconf 91' lang='lat'><strong><em>‘</em></strong></span> <span class='ocrx_word' id='word_1_583' title='bbox 1829 4170 1987 4226; x_wconf 90' lang='lat' dir='ltr'><strong>nobis</strong></span> 
     </span>
    </p>
   </div>
   <div class='ocr_carea' id='block_1_79' title="bbox 318 4243 1988 4327">
    <p class='ocr_par' dir='ltr' id='par_1_79' title="bbox 318 4243 1988 4327">
     <span class='ocr_line' id='line_1_79' title="bbox 318 4243 1988 4327; baseline 0.004 -18"><span class='ocrx_word' id='word_1_584' title='bbox 318 4243 320 4245; x_wconf 51' lang='grc'><em>’</em></span> <span class='ocrx_word' id='word_1_585' title='bbox 408 4255 614 4324; x_wconf 82' lang='lat' dir='ltr'><strong>ignota,</strong></span> <span class='ocrx_word' id='word_1_586' title='bbox 651 4264 708 4309; x_wconf 90' lang='lat' dir='ltr'><strong>ut</strong></span> <span class='ocrx_word' id='word_1_587' title='bbox 739 4257 814 4310; x_wconf 90' lang='lat' dir='ltr'><strong>ait</strong></span> <span class='ocrx_word' id='word_1_588' title='bbox 847 4256 1067 4313; x_wconf 88' lang='lat' dir='ltr'><strong>divinus</strong></span> <span class='ocrx_word' id='word_1_589' title='bbox 1093 4258 1389 4327; x_wconf 87' lang='lat' dir='ltr'><strong>Apostolus</strong></span> <span class='ocrx_word' id='word_1_590' title='bbox 1415 4266 1481 4324; x_wconf 73' lang='grc' dir='ltr'><strong>ις</strong></span> <span class='ocrx_word' id='word_1_591' title='bbox 1515 4260 1608 4313; x_wconf 89' lang='lat' dir='ltr'><strong>sed</strong></span> <span class='ocrx_word' id='word_1_592' title='bbox 1636 4261 1819 4314; x_wconf 91' lang='lat' dir='ltr'><strong>omnia</strong></span> <span class='ocrx_word' id='word_1_593' title='bbox 1844 4261 1988 4316; x_wconf 82' lang='lat' dir='ltr'><strong>duo-</strong></span> 
     </span>
    </p>
   </div>
   <div class='ocr_carea' id='block_1_80' title="bbox 407 4344 1986 4420">
    <p class='ocr_par' dir='ltr' id='par_1_80' title="bbox 407 4344 1986 4420">
     <span class='ocr_line' id='line_1_80' title="bbox 407 4344 1986 4420; baseline 0.006 -23"><span class='ocrx_word' id='word_1_594' title='bbox 407 4344 511 4399; x_wconf 88' lang='lat' dir='ltr'><strong>bus</strong></span> <span class='ocrx_word' id='word_1_595' title='bbox 539 4346 626 4402; x_wconf 93' lang='lat' dir='ltr'><strong>his</strong></span> <span class='ocrx_word' id='word_1_596' title='bbox 655 4348 970 4404; x_wconf 88' lang='lat' dir='ltr'><strong>nominibus</strong></span> <span class='ocrx_word' id='word_1_597' title='bbox 999 4348 1262 4417; x_wconf 88' lang='lat' dir='ltr'><strong>propheta</strong></span> <span class='ocrx_word' id='word_1_598' title='bbox 1295 4351 1728 4418; x_wconf 90' lang='lat' dir='ltr'><strong>comprehendit.</strong></span> <span class='ocrx_word' id='word_1_599' title='bbox 1761 4353 1986 4420; x_wconf 83' lang='lat' dir='ltr'><strong>Angelos</strong></span> 
     </span>
    </p>
   </div>
   <div class='ocr_carea' id='block_1_81' title="bbox 407 4438 1987 4512">
    <p class='ocr_par' dir='ltr' id='par_1_81' title="bbox 407 4438 1987 4512">
     <span class='ocr_line' id='line_1_81' title="bbox 407 4438 1987 4512; baseline 0.004 -22"><span class='ocrx_word' id='word_1_600' title='bbox 407 4438 558 4492; x_wconf 90' lang='lat' dir='ltr'><strong>enim</strong></span> <span class='ocrx_word' id='word_1_601' title='bbox 601 4443 850 4504; x_wconf 84' lang='lat' dir='ltr'><strong>vocavit,</strong></span> <span class='ocrx_word' id='word_1_602' title='bbox 900 4447 1160 4508; x_wconf 89' lang='lat' dir='ltr'><strong>tanquam</strong></span> <span class='ocrx_word' id='word_1_603' title='bbox 1208 4441 1407 4495; x_wconf 91' lang='lat' dir='ltr'><strong>divinis</strong></span> <span class='ocrx_word' id='word_1_604' title='bbox 1454 4443 1724 4497; x_wconf 87' lang='lat' dir='ltr'><strong>mandatis</strong></span> <span class='ocrx_word' id='word_1_605' title='bbox 1766 4459 1987 4512; x_wconf 86' lang='lat' dir='ltr'><strong>operam</strong></span> 
     </span>
    </p>
   </div>
   <div class='ocr_carea' id='block_1_82' title="bbox 409 4519 1988 4600">
    <p class='ocr_par' dir='ltr' id='par_1_82' title="bbox 409 4519 1988 4600">
     <span class='ocr_line' id='line_1_82' title="bbox 409 4519 1988 4600; baseline 0.003 -17"><span class='ocrx_word' id='word_1_606' title='bbox 409 4519 697 4596; x_wconf 80' lang='lat' dir='ltr'><strong>navaotee,</strong></span> <span class='ocrx_word' id='word_1_607' title='bbox 723 4531 1019 4600; x_wconf 91' lang='lat' dir='ltr'><strong>divinaque</strong></span> <span class='ocrx_word' id='word_1_608' title='bbox 1049 4529 1216 4584; x_wconf 88' lang='lat' dir='ltr'><strong>verba</strong></span> <span class='ocrx_word' id='word_1_609' title='bbox 1249 4533 1682 4587; x_wconf 84' lang='lat' dir='ltr'><strong>transmittentes</strong></span> <span class='ocrx_word' id='word_1_610' title='bbox 1709 4552 1720 4586; x_wconf 93' lang='lat'>:</span> <span class='ocrx_word' id='word_1_611' title='bbox 1755 4531 1988 4588; x_wconf 76' lang='lat' dir='ltr'><strong>Virtutes</strong></span> 
     </span>
    </p>
   </div>
   <div class='ocr_carea' id='block_1_83' title="bbox 410 4623 1989 4694">
    <p class='ocr_par' dir='ltr' id='par_1_83' title="bbox 410 4623 1989 4694">
     <span class='ocr_line' id='line_1_83' title="bbox 410 4623 1989 4694; baseline 0.005 -23"><span class='ocrx_word' id='word_1_612' title='bbox 410 4638 535 4677; x_wconf 80' lang='lat' dir='ltr'><strong>vero</strong></span> <span class='ocrx_word' id='word_1_613' title='bbox 558 4664 573 4687; x_wconf 91' lang='lat'><strong>,</strong></span> <span class='ocrx_word' id='word_1_614' title='bbox 600 4633 860 4692; x_wconf 89' lang='lat' dir='ltr'><strong>tanquam</strong></span> <span class='ocrx_word' id='word_1_615' title='bbox 895 4623 1225 4680; x_wconf 70' lang='lat' dir='ltr'><strong>sufficientes</strong></span> <span class='ocrx_word' id='word_1_616' title='bbox 1255 4624 1318 4678; x_wconf 86' lang='lat' dir='ltr'><strong>ad</strong></span> <span class='ocrx_word' id='word_1_617' title='bbox 1352 4625 1621 4693; x_wconf 87' lang='lat' dir='ltr'><strong>imperata</strong></span> <span class='ocrx_word' id='word_1_618' title='bbox 1648 4626 1952 4694; x_wconf 84' lang='lat' dir='ltr'><strong>peragenda</strong></span> <span class='ocrx_word' id='word_1_619' title='bbox 1975 4667 1989 4692; x_wconf 92' lang='lat'><strong>,</strong></span> 
     </span>
    </p>
   </div>
   <div class='ocr_carea' id='block_1_84' title="bbox 409 4697 1994 4785">
    <p class='ocr_par' dir='ltr' id='par_1_84' title="bbox 409 4697 1994 4785">
     <span class='ocr_line' id='line_1_84' title="bbox 409 4697 1994 4785; baseline 0.005 -19"><span class='ocrx_word' id='word_1_620' title='bbox 409 4721 463 4766; x_wconf 88' lang='lat' dir='ltr'><strong>et</strong></span> <span class='ocrx_word' id='word_1_621' title='bbox 490 4713 682 4783; x_wconf 85' lang='lat' dir='ltr'><strong>agendi</strong></span> <span class='ocrx_word' id='word_1_622' title='bbox 714 4713 822 4768; x_wconf 88' lang='lat' dir='ltr'><strong>vim</strong></span> <span class='ocrx_word' id='word_1_623' title='bbox 853 4729 884 4768; x_wconf 89' lang='lat' dir='ltr'><strong>a</strong></span> <span class='ocrx_word' id='word_1_624' title='bbox 910 4713 1194 4769; x_wconf 88' lang='lat' dir='ltr'><strong>conditore</strong></span> <span class='ocrx_word' id='word_1_625' title='bbox 1219 4730 1312 4785; x_wconf 88' lang='lat' dir='ltr'><strong>per</strong></span> <span class='ocrx_word' id='word_1_626' title='bbox 1342 4715 1516 4784; x_wconf 89' lang='lat' dir='ltr'><strong>ipsam</strong></span> <span class='ocrx_word' id='word_1_627' title='bbox 1552 4723 1805 4771; x_wconf 89' lang='lat' dir='ltr'><strong>naturam</strong></span> <span class='ocrx_word' id='word_1_628' title='bbox 1838 4697 1994 4773; x_wconf 62' lang='lat' dir='ltr'><strong>acce-</strong></span> 
     </span>
    </p>
   </div>
   <div class='ocr_carea' id='block_1_85' title="bbox 413 4803 1450 4873">
    <p class='ocr_par' dir='ltr' id='par_1_85' title="bbox 413 4803 1450 4873">
     <span class='ocr_line' id='line_1_85' title="bbox 413 4803 1450 4873; baseline -0.002 -15"><span class='ocrx_word' id='word_1_629' title='bbox 413 4813 632 4873; x_wconf 89' lang='lat' dir='ltr'><strong>perunt.</strong></span> <span class='ocrx_word' id='word_1_630' title='bbox 1437 4803 1450 4815; x_wconf 88' lang='lat'>&#39;</span> 
     </span>
    </p>
   </div>
   <div class='ocr_carea' id='block_1_86' title="bbox 485 4979 1990 5057">
    <p class='ocr_par' dir='ltr' id='par_1_86' title="bbox 485 4979 1990 5057">
     <span class='ocr_line' id='line_1_86' title="bbox 485 4979 1990 5057; baseline 0.008 -26"><span class='ocrx_word' id='word_1_631' title='bbox 485 4979 647 5034; x_wconf 73' lang='lat' dir='ltr'><strong>Vens.</strong></span> <span class='ocrx_word' id='word_1_632' title='bbox 695 4980 785 5034; x_wconf 68' lang='lat'><strong>22.</strong></span> <span class='ocrx_word' id='word_1_633' title='bbox 830 4999 850 5031; x_wconf 84' lang='grc'><em>‹</em></span> <span class='ocrx_word' id='word_1_634' title='bbox 882 4979 1194 5035; x_wconf 89' lang='lat' dir='ltr'><strong>Benedicite</strong></span> <span class='ocrx_word' id='word_1_635' title='bbox 1240 4982 1490 5048; x_wconf 79' lang='lat' dir='ltr'><strong>Domino,</strong></span> <span class='ocrx_word' id='word_1_636' title='bbox 1543 4985 1758 5057; x_wconf 73' lang='lat'><strong>1330</strong></span> <span class='ocrx_word' id='word_1_637' title='bbox 1806 4989 1990 5043; x_wconf 90' lang='lat' dir='ltr'><strong>omnia</strong></span> 
     </span>
    </p>
   </div>
   <div class='ocr_carea' id='block_1_87' title="bbox 414 5071 1992 5149">
    <p class='ocr_par' dir='ltr' id='par_1_87' title="bbox 414 5071 1992 5149">
     <span class='ocr_line' id='line_1_87' title="bbox 414 5071 1992 5149; baseline 0.008 -25"><span class='ocrx_word' id='word_1_638' title='bbox 414 5085 580 5140; x_wconf 81' lang='lat' dir='ltr'><strong>Opera</strong></span> <span class='ocrx_word' id='word_1_639' title='bbox 608 5073 726 5141; x_wconf 88' lang='lat' dir='ltr'><strong>ejus</strong></span> <span class='ocrx_word' id='word_1_640' title='bbox 750 5113 765 5137; x_wconf 91' lang='lat'><strong>,</strong></span> <span class='ocrx_word' id='word_1_641' title='bbox 799 5071 853 5124; x_wconf 92' lang='lat' dir='ltr'><strong>in</strong></span> <span class='ocrx_word' id='word_1_642' title='bbox 888 5071 1040 5126; x_wconf 91' lang='lat' dir='ltr'><strong>omni</strong></span> <span class='ocrx_word' id='word_1_643' title='bbox 1070 5071 1192 5127; x_wconf 91' lang='lat' dir='ltr'><strong>loco</strong></span> <span class='ocrx_word' id='word_1_644' title='bbox 1223 5073 1617 5133; x_wconf 83' lang='lat' dir='ltr'><strong>dominationis</strong></span> <span class='ocrx_word' id='word_1_645' title='bbox 1647 5078 1786 5149; x_wconf 90' lang='lat' dir='ltr'><strong>ejus.</strong></span> <span class='ocrx_word' id='word_1_646' title='bbox 1827 5099 1843 5130; x_wconf 77' lang='grc' dir='ltr'><strong>ι</strong></span> <span class='ocrx_word' id='word_1_647' title='bbox 1882 5079 1992 5136; x_wconf 88' lang='lat' dir='ltr'><strong>Ne-</strong></span> 
     </span>
    </p>
   </div>
   <div class='ocr_carea' id='block_1_88' title="bbox 490 5245 1563 5317">
    <p class='ocr_par' dir='ltr' id='par_1_88' title="bbox 490 5245 1563 5317">
     <span class='ocr_line' id='line_1_88' title="bbox 490 5245 1563 5317; baseline 0.009 -21"><span class='ocrx_word' id='word_1_648' title='bbox 490 5253 512 5281; x_wconf 77' lang='lat'><strong>&#39;</strong></span> <span class='ocrx_word' id='word_1_649' title='bbox 546 5245 686 5299; x_wconf 82' lang='lat' dir='ltr'><strong>Psal.</strong></span> <span class='ocrx_word' id='word_1_650' title='bbox 720 5261 894 5311; x_wconf 63' lang='grc' dir='ltr'>χχιιι,</span> <span class='ocrx_word' id='word_1_651' title='bbox 928 5249 1013 5303; x_wconf 81' lang='grc'><strong>15.</strong></span> <span class='ocrx_word' id='word_1_652' title='bbox 1093 5262 1119 5290; x_wconf 74' lang='grc' dir='ltr'><strong>κ</strong></span> <span class='ocrx_word' id='word_1_653' title='bbox 1154 5249 1368 5307; x_wconf 89' lang='lat' dir='ltr'><strong>Coloss.</strong></span> <span class='ocrx_word' id='word_1_654' title='bbox 1397 5269 1437 5317; x_wconf 79' lang='grc' dir='ltr'><strong>ι,</strong></span> <span class='ocrx_word' id='word_1_655' title='bbox 1475 5253 1563 5306; x_wconf 88' lang='grc'><strong>16.</strong></span> 
     </span>
    </p>
   </div>
   <div class='ocr_carea' id='block_1_89' title="bbox 2091 3611 3266 3686">
    <p class='ocr_par' dir='ltr' id='par_1_89' title="bbox 2091 3611 3266 3686">
     <span class='ocr_line' id='line_1_89' title="bbox 2091 3611 3266 3686; baseline -0.004 -17"><span class='ocrx_word' id='word_1_656' title='bbox 2091 3617 2275 3670; x_wconf 80' lang='grc' dir='ltr'>ίκαναὶ</span> <span class='ocrx_word' id='word_1_657' title='bbox 2305 3613 2548 3686; x_wconf 79' lang='grc' dir='ltr'>πληροῦν</span> <span class='ocrx_word' id='word_1_658' title='bbox 2571 3613 2638 3667; x_wconf 77' lang='grc' dir='ltr'>τὰ</span> <span class='ocrx_word' id='word_1_659' title='bbox 2673 3613 2794 3673; x_wconf 80' lang='grc' dir='ltr'>θεῖα</span> <span class='ocrx_word' id='word_1_660' title='bbox 2841 3611 3266 3682; x_wconf 77' lang='grc' dir='ltr'>προστάγματα.</span> 
     </span>
    </p>
   </div>
   <div class='ocr_carea' id='block_1_90' title="bbox 2125 3774 3664 3863">
    <p class='ocr_par' dir='ltr' id='par_1_90' title="bbox 2125 3774 3664 3863">
     <span class='ocr_line' id='line_1_90' title="bbox 2125 3774 3664 3863; baseline -0.004 -13"><span class='ocrx_word' id='word_1_661' title='bbox 2125 3774 2135 3784; x_wconf 32' lang='grc' dir='ltr'><strong>θ</strong></span> <span class='ocrx_word' id='word_1_662' title='bbox 2160 3803 2267 3851; x_wconf 86' lang='grc' dir='ltr'><strong>κα⁸.</strong></span> <span class='ocrx_word' id='word_1_663' title='bbox 2297 3815 2315 3848; x_wconf 85' lang='grc'><strong>‹</strong></span> <span class='ocrx_word' id='word_1_664' title='bbox 2343 3795 2637 3862; x_wconf 87' lang='grc' dir='ltr'>Εὑλογεῖτε</span> <span class='ocrx_word' id='word_1_665' title='bbox 2658 3792 2749 3846; x_wconf 84' lang='grc' dir='ltr'><strong>τδν</strong></span> <span class='ocrx_word' id='word_1_666' title='bbox 2768 3792 2994 3863; x_wconf 81' lang='grc' dir='ltr'>Κύριον,</span> <span class='ocrx_word' id='word_1_667' title='bbox 3015 3793 3186 3859; x_wconf 79' lang='grc' dir='ltr'>πᾷσαι</span> <span class='ocrx_word' id='word_1_668' title='bbox 3208 3792 3262 3844; x_wconf 86' lang='grc' dir='ltr'>αί</span> <span class='ocrx_word' id='word_1_669' title='bbox 3285 3791 3546 3859; x_wconf 81' lang='grc' dir='ltr'>δυνάμεις</span> <span class='ocrx_word' id='word_1_670' title='bbox 3564 3792 3664 3844; x_wconf 83' lang='grc' dir='ltr'>αύ-</span> 
     </span>
    </p>
   </div>
   <div class='ocr_carea' id='block_1_91' title="bbox 2090 3883 3667 3958">
    <p class='ocr_par' dir='ltr' id='par_1_91' title="bbox 2090 3883 3667 3958">
     <span class='ocr_line' id='line_1_91' title="bbox 2090 3883 3667 3958; baseline -0.006 -15"><span class='ocrx_word' id='word_1_671' title='bbox 2090 3889 2210 3954; x_wconf 81' lang='grc' dir='ltr'><strong>τοῦ,</strong></span> <span class='ocrx_word' id='word_1_672' title='bbox 2261 3889 2571 3958; x_wconf 71' lang='grc' dir='ltr'>λειτουργοὶ</span> <span class='ocrx_word' id='word_1_673' title='bbox 2623 3885 2790 3939; x_wconf 82' lang='grc' dir='ltr'>αὐτοῦ</span> <span class='ocrx_word' id='word_1_674' title='bbox 2844 3885 3124 3947; x_wconf 83' lang='grc' dir='ltr'>ποιοῦντες</span> <span class='ocrx_word' id='word_1_675' title='bbox 3153 3885 3213 3936; x_wconf 81' lang='grc' dir='ltr'><strong>τὸ</strong></span> <span class='ocrx_word' id='word_1_676' title='bbox 3257 3883 3468 3952; x_wconf 84' lang='grc' dir='ltr'>θέλημα</span> <span class='ocrx_word' id='word_1_677' title='bbox 3500 3885 3543 3914; x_wconf 69' lang='grc' dir='ltr'>θ’</span> <span class='ocrx_word' id='word_1_678' title='bbox 3572 3883 3667 3934; x_wconf 78' lang='grc' dir='ltr'>αύ-</span> 
     </span>
    </p>
   </div>
   <div class='ocr_carea' id='block_1_92' title="bbox 2091 3965 3666 4047">
    <p class='ocr_par' dir='ltr' id='par_1_92' title="bbox 2091 3965 3666 4047">
     <span class='ocr_line' id='line_1_92' title="bbox 2091 3965 3666 4047; baseline -0.008 -11"><span class='ocrx_word' id='word_1_679' title='bbox 2091 3981 2209 4036; x_wconf 83' lang='grc' dir='ltr'>τοῦ.</span> <span class='ocrx_word' id='word_1_680' title='bbox 2254 4001 2271 4033; x_wconf 75' lang='grc' dir='ltr'><strong>ι</strong></span> <span class='ocrx_word' id='word_1_681' title='bbox 2309 3981 2487 4035; x_wconf 85' lang='grc' dir='ltr'>Πολλὰ</span> <span class='ocrx_word' id='word_1_682' title='bbox 2514 3979 2610 4033; x_wconf 73' lang='grc' dir='ltr'>καὶ</span> <span class='ocrx_word' id='word_1_683' title='bbox 2671 3978 2908 4047; x_wconf 82' lang='grc' dir='ltr'><strong>διάφορα</strong></span> <span class='ocrx_word' id='word_1_684' title='bbox 2938 3976 3046 4030; x_wconf 87' lang='grc' dir='ltr'>τῶν</span> <span class='ocrx_word' id='word_1_685' title='bbox 3080 3965 3344 4047; x_wconf 73' lang='grc' dir='ltr'><strong>οὐρανίων</strong></span> <span class='ocrx_word' id='word_1_686' title='bbox 3372 3976 3415 4006; x_wconf 76' lang='grc'><strong>⁸³</strong></span> <span class='ocrx_word' id='word_1_687' title='bbox 3439 3975 3507 4026; x_wconf 76' lang='grc' dir='ltr'>τὰ</span> <span class='ocrx_word' id='word_1_688' title='bbox 3533 3975 3666 4039; x_wconf 82' lang='grc' dir='ltr'><strong>τάγ-</strong></span> 
     </span>
    </p>
   </div>
   <div class='ocr_carea' id='block_1_93' title="bbox 2097 4067 3668 4147">
    <p class='ocr_par' dir='ltr' id='par_1_93' title="bbox 2097 4067 3668 4147">
     <span class='ocr_line' id='line_1_93' title="bbox 2097 4067 3668 4147; baseline -0.006 -18"><span class='ocrx_word' id='word_1_689' title='bbox 2097 4090 2284 4147; x_wconf 88' lang='grc' dir='ltr'>ματα·</span> <span class='ocrx_word' id='word_1_690' title='bbox 2329 4073 2520 4144; x_wconf 69' lang='grc' dir='ltr'>Ἀρχαὶ</span> <span class='ocrx_word' id='word_1_691' title='bbox 2563 4073 2670 4141; x_wconf 81' lang='grc' dir='ltr'><strong>γὰρ</strong></span> <span class='ocrx_word' id='word_1_692' title='bbox 2715 4071 2811 4124; x_wconf 71' lang='grc' dir='ltr'>καὶ</span> <span class='ocrx_word' id='word_1_693' title='bbox 2851 4069 3142 4133; x_wconf 79' lang='grc' dir='ltr'>Ἐξουσίαι,</span> <span class='ocrx_word' id='word_1_694' title='bbox 3179 4069 3274 4122; x_wconf 73' lang='grc' dir='ltr'>καὶ</span> <span class='ocrx_word' id='word_1_695' title='bbox 3318 4067 3528 4138; x_wconf 83' lang='grc' dir='ltr'>Θρόνοι,</span> <span class='ocrx_word' id='word_1_696' title='bbox 3573 4068 3668 4120; x_wconf 78' lang='grc' dir='ltr'><strong>καὶ</strong></span> 
     </span>
    </p>
   </div>
   <div class='ocr_carea' id='block_1_94' title="bbox 2093 4157 3668 4233">
    <p class='ocr_par' dir='ltr' id='par_1_94' title="bbox 2093 4157 3668 4233">
     <span class='ocr_line' id='line_1_94' title="bbox 2093 4157 3668 4233; baseline -0.004 -16"><span class='ocrx_word' id='word_1_697' title='bbox 2093 4161 2455 4233; x_wconf 75' lang='grc' dir='ltr'>κυριότητες,</span> <span class='ocrx_word' id='word_1_698' title='bbox 2496 4162 2590 4213; x_wconf 78' lang='grc' dir='ltr'><strong>καὶ</strong></span> <span class='ocrx_word' id='word_1_699' title='bbox 2619 4159 2894 4230; x_wconf 69' lang='grc' dir='ltr'>Σεραφὶμ,</span> <span class='ocrx_word' id='word_1_700' title='bbox 2923 4159 3018 4211; x_wconf 78' lang='grc' dir='ltr'>καὶ</span> <span class='ocrx_word' id='word_1_701' title='bbox 3045 4157 3347 4228; x_wconf 76' lang='grc' dir='ltr'>Χερουϐὶμ,</span> <span class='ocrx_word' id='word_1_702' title='bbox 3380 4157 3475 4209; x_wconf 75' lang='grc' dir='ltr'>καὶ</span> <span class='ocrx_word' id='word_1_703' title='bbox 3503 4157 3590 4209; x_wconf 85' lang='grc' dir='ltr'>’ἐτε</span> <span class='ocrx_word' id='word_1_704' title='bbox 3602 4175 3668 4226; x_wconf 81' lang='lat' dir='ltr'><strong>pa.</strong></span> 
     </span>
    </p>
   </div>
   <div class='ocr_carea' id='block_1_95' title="bbox 2095 4243 3665 4324">
    <p class='ocr_par' dir='ltr' id='par_1_95' title="bbox 2095 4243 3665 4324">
     <span class='ocr_line' id='line_1_95' title="bbox 2095 4243 3665 4324; baseline -0.005 -18"><span class='ocrx_word' id='word_1_705' title='bbox 2095 4255 2229 4324; x_wconf 83' lang='grc' dir='ltr'><strong>ἡμῖν</strong></span> <span class='ocrx_word' id='word_1_706' title='bbox 2263 4253 2502 4323; x_wconf 75' lang='grc' dir='ltr'>ὀνόματα</span> <span class='ocrx_word' id='word_1_707' title='bbox 2528 4252 2806 4319; x_wconf 82' lang='grc' dir='ltr'><strong>ἄγνωστα,</strong></span> <span class='ocrx_word' id='word_1_708' title='bbox 2888 4265 3052 4318; x_wconf 83' lang='grc' dir='ltr'>φησιν</span> <span class='ocrx_word' id='word_1_709' title='bbox 3077 4250 3104 4301; x_wconf 86' lang='grc' dir='ltr'>ὁ</span> <span class='ocrx_word' id='word_1_710' title='bbox 3143 4247 3286 4310; x_wconf 83' lang='grc' dir='ltr'>θεῖος</span> <span class='ocrx_word' id='word_1_711' title='bbox 3317 4246 3634 4309; x_wconf 78' lang='grc' dir='ltr'>Ἀπόστολος</span> <span class='ocrx_word' id='word_1_712' title='bbox 3652 4263 3665 4276; x_wconf 84' lang='grc'><em>’</em></span> 
     </span>
    </p>
   </div>
   <div class='ocr_carea' id='block_1_96' title="bbox 2095 4338 3670 4409">
    <p class='ocr_par' dir='ltr' id='par_1_96' title="bbox 2095 4338 3670 4409">
     <span class='ocr_line' id='line_1_96' title="bbox 2095 4338 3670 4409; baseline -0.005 -12"><span class='ocrx_word' id='word_1_713' title='bbox 2095 4344 2232 4397; x_wconf 80' lang='grc' dir='ltr'>ἀλλὰ</span> <span class='ocrx_word' id='word_1_714' title='bbox 2258 4346 2432 4397; x_wconf 86' lang='grc' dir='ltr'>πάντα</span> <span class='ocrx_word' id='word_1_715' title='bbox 2459 4343 2546 4395; x_wconf 68' lang='grc' dir='ltr'><strong>διὰ</strong></span> <span class='ocrx_word' id='word_1_716' title='bbox 2571 4341 2679 4394; x_wconf 89' lang='grc' dir='ltr'>τῶν</span> <span class='ocrx_word' id='word_1_717' title='bbox 2707 4338 2802 4393; x_wconf 90' lang='grc' dir='ltr'><strong>δύο</strong></span> <span class='ocrx_word' id='word_1_718' title='bbox 2830 4339 3037 4392; x_wconf 86' lang='grc' dir='ltr'>τούτων</span> <span class='ocrx_word' id='word_1_719' title='bbox 3079 4338 3362 4409; x_wconf 77' lang='grc' dir='ltr'><strong>ὀνομάτων</strong></span> <span class='ocrx_word' id='word_1_720' title='bbox 3399 4339 3426 4390; x_wconf 89' lang='grc' dir='ltr'><strong>ό</strong></span> <span class='ocrx_word' id='word_1_721' title='bbox 3453 4353 3670 4406; x_wconf 83' lang='grc' dir='ltr'>προφη-</span> 
     </span>
    </p>
   </div>
   <div class='ocr_carea' id='block_1_97' title="bbox 2093 4428 3670 4505">
    <p class='ocr_par' dir='ltr' id='par_1_97' title="bbox 2093 4428 3670 4505">
     <span class='ocr_line' id='line_1_97' title="bbox 2093 4428 3670 4505; baseline -0.005 -17"><span class='ocrx_word' id='word_1_722' title='bbox 2093 4435 2242 4500; x_wconf 76' lang='grc' dir='ltr'>τικδς</span> <span class='ocrx_word' id='word_1_723' title='bbox 2309 4431 2715 4505; x_wconf 81' lang='grc' dir='ltr'>συμπεριέλαϐε</span> <span class='ocrx_word' id='word_1_724' title='bbox 2738 4430 2897 4499; x_wconf 88' lang='grc' dir='ltr'>λόγος</span> <span class='ocrx_word' id='word_1_725' title='bbox 2926 4431 2972 4463; x_wconf 71' lang='lat'><strong>‘“</strong></span> <span class='ocrx_word' id='word_1_726' title='bbox 3000 4474 3011 4485; x_wconf 93' lang='lat'><strong>.</strong></span> <span class='ocrx_word' id='word_1_727' title='bbox 3031 4431 3356 4500; x_wconf 72' lang='grc' dir='ltr'><strong>Ἀγγὲλους</strong></span> <span class='ocrx_word' id='word_1_728' title='bbox 3414 4431 3515 4498; x_wconf 81' lang='grc' dir='ltr'>μὲν</span> <span class='ocrx_word' id='word_1_729' title='bbox 3565 4428 3670 4498; x_wconf 77' lang='grc' dir='ltr'>γὰρ</span> 
     </span>
    </p>
   </div>
   <div class='ocr_carea' id='block_1_98' title="bbox 2093 4519 3671 4592">
    <p class='ocr_par' dir='ltr' id='par_1_98' title="bbox 2093 4519 3671 4592">
     <span class='ocr_line' id='line_1_98' title="bbox 2093 4519 3671 4592; baseline -0.004 -12"><span class='ocrx_word' id='word_1_730' title='bbox 2093 4527 2373 4592; x_wconf 72' lang='grc' dir='ltr'>ἐκάλεσεν,</span> <span class='ocrx_word' id='word_1_731' title='bbox 2426 4525 2500 4588; x_wconf 88' lang='grc' dir='ltr'>ὼς</span> <span class='ocrx_word' id='word_1_732' title='bbox 2550 4527 2662 4587; x_wconf 84' lang='grc' dir='ltr'>τοῖς</span> <span class='ocrx_word' id='word_1_733' title='bbox 2709 4523 2875 4586; x_wconf 83' lang='grc' dir='ltr'>θείοις</span> <span class='ocrx_word' id='word_1_734' title='bbox 2927 4521 3338 4592; x_wconf 78' lang='grc' dir='ltr'><strong>ὑπουργοῦντας</strong></span> <span class='ocrx_word' id='word_1_735' title='bbox 3391 4519 3671 4591; x_wconf 76' lang='grc' dir='ltr'>προστάγ-</span> 
     </span>
    </p>
   </div>
   <div class='ocr_carea' id='block_1_99' title="bbox 2099 4612 3667 4690">
    <p class='ocr_par' dir='ltr' id='par_1_99' title="bbox 2099 4612 3667 4690">
     <span class='ocr_line' id='line_1_99' title="bbox 2099 4612 3667 4690; baseline -0.006 -18"><span class='ocrx_word' id='word_1_736' title='bbox 2099 4635 2253 4690; x_wconf 87' lang='grc' dir='ltr'>μασι,</span> <span class='ocrx_word' id='word_1_737' title='bbox 2281 4617 2375 4670; x_wconf 70' lang='grc' dir='ltr'>καὶ</span> <span class='ocrx_word' id='word_1_738' title='bbox 2400 4620 2522 4678; x_wconf 74' lang='grc' dir='ltr'>τοὺς</span> <span class='ocrx_word' id='word_1_739' title='bbox 2550 4615 2728 4676; x_wconf 84' lang='grc' dir='ltr'>θείους</span> <span class='ocrx_word' id='word_1_740' title='bbox 2746 4613 2939 4681; x_wconf 81' lang='grc' dir='ltr'>λόγους</span> <span class='ocrx_word' id='word_1_741' title='bbox 2975 4612 3481 4682; x_wconf 83' lang='grc' dir='ltr'>διαπορθμεύοντας</span> <span class='ocrx_word' id='word_1_742' title='bbox 3513 4626 3526 4641; x_wconf 75' lang='grc'><strong><em>³</em></strong></span> <span class='ocrx_word' id='word_1_743' title='bbox 3559 4613 3667 4663; x_wconf 84' lang='grc' dir='ltr'><strong>Δυ-</strong></span> 
     </span>
    </p>
   </div>
   <div class='ocr_carea' id='block_1_100' title="bbox 2094 4701 3668 4780">
    <p class='ocr_par' dir='ltr' id='par_1_100' title="bbox 2094 4701 3668 4780">
     <span class='ocr_line' id='line_1_100' title="bbox 2094 4701 3668 4780; baseline -0.009 -16"><span class='ocrx_word' id='word_1_744' title='bbox 2094 4709 2302 4780; x_wconf 76' lang='grc' dir='ltr'>νάμεις</span> <span class='ocrx_word' id='word_1_745' title='bbox 2329 4708 2407 4773; x_wconf 82' lang='grc' dir='ltr'>δὲ,</span> <span class='ocrx_word' id='word_1_746' title='bbox 2439 4709 2512 4770; x_wconf 86' lang='grc' dir='ltr'>ὡς</span> <span class='ocrx_word' id='word_1_747' title='bbox 2542 4704 2736 4768; x_wconf 83' lang='grc' dir='ltr'>ἱκανὰς</span> <span class='ocrx_word' id='word_1_748' title='bbox 2766 4704 2827 4758; x_wconf 80' lang='grc' dir='ltr'><strong>τὸ</strong></span> <span class='ocrx_word' id='word_1_749' title='bbox 2861 4703 3220 4772; x_wconf 79' lang='grc' dir='ltr'>κελευόμενον</span> <span class='ocrx_word' id='word_1_750' title='bbox 3255 4702 3540 4770; x_wconf 73' lang='grc' dir='ltr'>πράττειν,</span> <span class='ocrx_word' id='word_1_751' title='bbox 3573 4701 3668 4752; x_wconf 70' lang='grc' dir='ltr'><strong>καὶ</strong></span> 
     </span>
    </p>
   </div>
   <div class='ocr_carea' id='block_1_101' title="bbox 2097 4789 3658 4870">
    <p class='ocr_par' dir='ltr' id='par_1_101' title="bbox 2097 4789 3658 4870">
     <span class='ocr_line' id='line_1_101' title="bbox 2097 4789 3658 4870; baseline -0.007 -15"><span class='ocrx_word' id='word_1_752' title='bbox 2097 4803 2156 4856; x_wconf 70' lang='grc' dir='ltr'>τὸ</span> <span class='ocrx_word' id='word_1_753' title='bbox 2191 4801 2416 4855; x_wconf 81' lang='grc' dir='ltr'>δυνατὸν</span> <span class='ocrx_word' id='word_1_754' title='bbox 2445 4802 2502 4854; x_wconf 82' lang='grc' dir='ltr'><strong>ὲν</strong></span> <span class='ocrx_word' id='word_1_755' title='bbox 2527 4801 2591 4870; x_wconf 83' lang='grc' dir='ltr'>τῇ</span> <span class='ocrx_word' id='word_1_756' title='bbox 2632 4800 2808 4867; x_wconf 49' lang='grc' dir='ltr'>φύσει,</span> <span class='ocrx_word' id='word_1_757' title='bbox 2844 4795 2996 4866; x_wconf 73' lang='grc' dir='ltr'>παρὰ</span> <span class='ocrx_word' id='word_1_758' title='bbox 3047 4792 3140 4846; x_wconf 76' lang='grc' dir='ltr'><strong>τοῦ</strong></span> <span class='ocrx_word' id='word_1_759' title='bbox 3172 4792 3530 4863; x_wconf 78' lang='grc' dir='ltr'>πεποιηκότος</span> <span class='ocrx_word' id='word_1_760' title='bbox 3571 4789 3658 4844; x_wconf 83' lang='grc' dir='ltr'><strong>λα·</strong></span> 
     </span>
    </p>
   </div>
   <div class='ocr_carea' id='block_1_102' title="bbox 2099 4893 2312 4954">
    <p class='ocr_par' dir='ltr' id='par_1_102' title="bbox 2099 4893 2312 4954">
     <span class='ocr_line' id='line_1_102' title="bbox 2099 4893 2312 4954; baseline 0 -9"><span class='ocrx_word' id='word_1_761' title='bbox 2099 4893 2312 4954; x_wconf 74' lang='grc' dir='ltr'>δόντας.</span> 
     </span>
    </p>
   </div>
   <div class='ocr_carea' id='block_1_103' title="bbox 2167 4970 3669 5054">
    <p class='ocr_par' dir='ltr' id='par_1_103' title="bbox 2167 4970 3669 5054">
     <span class='ocr_line' id='line_1_103' title="bbox 2167 4970 3669 5054; baseline -0.009 -17"><span class='ocrx_word' id='word_1_762' title='bbox 2167 4985 2274 5054; x_wconf 84' lang='grc' dir='ltr'><strong>κβ’.</strong></span> <span class='ocrx_word' id='word_1_763' title='bbox 2310 5002 2330 5035; x_wconf 72' lang='grc' dir='ltr'><strong>ι</strong></span> <span class='ocrx_word' id='word_1_764' title='bbox 2368 4982 2656 5051; x_wconf 82' lang='grc' dir='ltr'>Εὑλογεῖτε</span> <span class='ocrx_word' id='word_1_765' title='bbox 2671 4979 2760 5034; x_wconf 81' lang='grc' dir='ltr'><strong>τὸν</strong></span> <span class='ocrx_word' id='word_1_766' title='bbox 2778 4978 3003 5050; x_wconf 82' lang='grc' dir='ltr'>Κύριον,</span> <span class='ocrx_word' id='word_1_767' title='bbox 3030 4976 3207 5029; x_wconf 84' lang='grc' dir='ltr'>πάντα</span> <span class='ocrx_word' id='word_1_768' title='bbox 3233 4974 3301 5028; x_wconf 79' lang='grc' dir='ltr'>τὰ</span> <span class='ocrx_word' id='word_1_769' title='bbox 3324 4973 3461 5044; x_wconf 71' lang='grc' dir='ltr'>ἔργα</span> <span class='ocrx_word' id='word_1_770' title='bbox 3486 4970 3669 5035; x_wconf 76' lang='grc' dir='ltr'>αὐτοῦ,</span> 
     </span>
    </p>
   </div>
   <div class='ocr_carea' id='block_1_104' title="bbox 2099 5062 3670 5146">
    <p class='ocr_par' dir='ltr' id='par_1_104' title="bbox 2099 5062 3670 5146">
     <span class='ocr_line' id='line_1_104' title="bbox 2099 5062 3670 5146; baseline -0.013 -13"><span class='ocrx_word' id='word_1_771' title='bbox 2099 5081 2158 5133; x_wconf 78' lang='grc' dir='ltr'>ὲν</span> <span class='ocrx_word' id='word_1_772' title='bbox 2191 5079 2355 5131; x_wconf 70' lang='grc' dir='ltr'>παντὶ</span> <span class='ocrx_word' id='word_1_773' title='bbox 2388 5076 2538 5146; x_wconf 83' lang='grc' dir='ltr'>τόπῳ</span> <span class='ocrx_word' id='word_1_774' title='bbox 2558 5073 2660 5142; x_wconf 83' lang='grc' dir='ltr'>τῆς</span> <span class='ocrx_word' id='word_1_775' title='bbox 2686 5070 3008 5132; x_wconf 87' lang='grc' dir='ltr'>δεσποτείας</span> <span class='ocrx_word' id='word_1_776' title='bbox 3024 5069 3068 5102; x_wconf 72' lang='grc'><strong><em>⁵⁵</em></strong></span> <span class='ocrx_word' id='word_1_777' title='bbox 3087 5065 3274 5121; x_wconf 80' lang='grc' dir='ltr'>αὐτοῦ.</span> <span class='ocrx_word' id='word_1_778' title='bbox 3307 5084 3325 5118; x_wconf 71' lang='grc' dir='ltr'><strong>ι</strong></span> <span class='ocrx_word' id='word_1_779' title='bbox 3355 5065 3493 5118; x_wconf 81' lang='grc' dir='ltr'>Οὐδὲ</span> <span class='ocrx_word' id='word_1_780' title='bbox 3513 5062 3670 5116; x_wconf 83' lang='grc' dir='ltr'>τοῦτο</span> 
     </span>
    </p>
   </div>
   <div class='ocr_carea' id='block_1_105' title="bbox 1535 5405 2558 5464">
    <p class='ocr_par' dir='ltr' id='par_1_105' title="bbox 1535 5405 2558 5464">
     <span class='ocr_line' id='line_1_105' title="bbox 1535 5405 2558 5464; baseline 0.002 -6"><span class='ocrx_word' id='word_1_781' title='bbox 1535 5405 1769 5462; x_wconf 65' lang='grc' dir='ltr'>νΑιιιιιΕ</span> <span class='ocrx_word' id='word_1_782' title='bbox 1803 5408 2184 5464; x_wconf 79' lang='lat' dir='ltr'><strong>LECTIONES</strong></span> <span class='ocrx_word' id='word_1_783' title='bbox 2208 5407 2294 5462; x_wconf 88' lang='lat' dir='ltr'><strong>ET</strong></span> <span class='ocrx_word' id='word_1_784' title='bbox 2326 5405 2558 5461; x_wconf 73' lang='lat' dir='ltr'><strong>NOT/E.</strong></span> 
     </span>
    </p>
   </div>
   <div class='ocr_carea' id='block_1_106' title="bbox 488 5552 1973 5626">
    <p class='ocr_par' dir='ltr' id='par_1_106' title="bbox 488 5552 1973 5626">
     <span class='ocr_line' id='line_1_106' title="bbox 488 5552 1973 5626; baseline 0.001 -15"><span class='ocrx_word' id='word_1_785' title='bbox 488 5552 683 5626; x_wconf 52' lang='grc' dir='ltr'><strong>’ἔκηα</strong></span> <span class='ocrx_word' id='word_1_786' title='bbox 715 5556 872 5615; x_wconf 89' lang='lat' dir='ltr'><strong>lectio</strong></span> <span class='ocrx_word' id='word_1_787' title='bbox 900 5560 954 5614; x_wconf 91' lang='lat' dir='ltr'><strong>h.</strong></span> <span class='ocrx_word' id='word_1_788' title='bbox 983 5560 1022 5614; x_wconf 92' lang='lat' dir='ltr'><strong>l.</strong></span> <span class='ocrx_word' id='word_1_789' title='bbox 1061 5570 1145 5617; x_wconf 90' lang='lat' dir='ltr'><strong>est</strong></span> <span class='ocrx_word' id='word_1_790' title='bbox 1177 5561 1345 5625; x_wconf 80' lang='grc' dir='ltr'>υἱούς.</span> <span class='ocrx_word' id='word_1_791' title='bbox 1422 5562 1467 5594; x_wconf 80' lang='grc'><strong>⁸³</strong></span> <span class='ocrx_word' id='word_1_792' title='bbox 1493 5561 1612 5617; x_wconf 89' lang='lat' dir='ltr'><strong>cod.</strong></span> <span class='ocrx_word' id='word_1_793' title='bbox 1646 5565 1670 5617; x_wconf 89' lang='grc'><strong>1</strong></span> <span class='ocrx_word' id='word_1_794' title='bbox 1710 5564 1881 5617; x_wconf 80' lang='grc' dir='ltr'>’ἰούδα</span> <span class='ocrx_word' id='word_1_795' title='bbox 1919 5604 1932 5626; x_wconf 88' lang='grc'><strong>,</strong></span> <span class='ocrx_word' id='word_1_796' title='bbox 1969 5586 1973 5613; x_wconf 78' lang='grc' dir='ltr'><strong>ι</strong></span> 
     </span>
    </p>
   </div>
   <div class='ocr_carea' id='block_1_107' title="bbox 2084 5552 2944 5626">
    <p class='ocr_par' dir='ltr' id='par_1_107' title="bbox 2084 5559 2944 5623">
     <span class='ocr_line' id='line_1_107' title="bbox 2084 5559 2944 5623; baseline -0.008 -5"><span class='ocrx_word' id='word_1_797' title='bbox 2084 5577 2270 5618; x_wconf 87' lang='lat' dir='ltr'><strong>errore</strong></span> <span class='ocrx_word' id='word_1_798' title='bbox 2324 5559 2552 5623; x_wconf 86' lang='lat' dir='ltr'><strong>librarii,</strong></span> <span class='ocrx_word' id='word_1_799' title='bbox 2592 5567 2650 5613; x_wconf 92' lang='lat' dir='ltr'><strong>ut</strong></span> <span class='ocrx_word' id='word_1_800' title='bbox 2712 5559 2944 5614; x_wconf 87' lang='lat' dir='ltr'><strong>videtur.</strong></span> 
     </span>
    </p>
   </div>
   <div class='ocr_carea' id='block_1_108' title="bbox 1460 5631 2324 5689">
    <p class='ocr_par' dir='ltr' id='par_1_108' title="bbox 1460 5631 2324 5689">
     <span class='ocr_line' id='line_1_108' title="bbox 1460 5631 2324 5689; baseline -0.001 -4"><span class='ocrx_word' id='word_1_801' title='bbox 1460 5632 1503 5662; x_wconf 84' lang='lat'>“</span> <span class='ocrx_word' id='word_1_802' title='bbox 1533 5631 1655 5686; x_wconf 86' lang='lat' dir='ltr'><strong>eod.</strong></span> <span class='ocrx_word' id='word_1_803' title='bbox 1689 5631 1862 5687; x_wconf 80' lang='lat' dir='ltr'><strong>Vatic.</strong></span> <span class='ocrx_word' id='word_1_804' title='bbox 1913 5633 2079 5689; x_wconf 86' lang='lat' dir='ltr'><strong>habet</strong></span> <span class='ocrx_word' id='word_1_805' title='bbox 2130 5633 2199 5686; x_wconf 83' lang='grc' dir='ltr'>τὰ</span> <span class='ocrx_word' id='word_1_806' title='bbox 2232 5632 2324 5685; x_wconf 87' lang='grc' dir='ltr'><strong>θελ</strong></span> 
     </span>
    </p>
   </div>
   <div class='ocr_carea' id='block_1_109' title="bbox 436 5619 1344 5702">
    <p class='ocr_par' dir='ltr' id='par_1_109' title="bbox 436 5619 1344 5702">
     <span class='ocr_line' id='line_1_109' title="bbox 436 5619 1344 5702; baseline 0.007 -24"><span class='ocrx_word' id='word_1_807' title='bbox 436 5619 480 5674; x_wconf 58' lang='grc' dir='ltr'><strong>θ’.</strong></span> <span class='ocrx_word' id='word_1_808' title='bbox 501 5624 726 5702; x_wconf 39' lang='lat' dir='ltr'><strong>intr-air</strong></span> <span class='ocrx_word' id='word_1_809' title='bbox 753 5643 844 5702; x_wconf 67' lang='grc' dir='ltr'>σε.</span> <span class='ocrx_word' id='word_1_810' title='bbox 883 5633 1007 5702; x_wconf 85' lang='lat' dir='ltr'><strong>cod.</strong></span> <span class='ocrx_word' id='word_1_811' title='bbox 1033 5631 1056 5684; x_wconf 86' lang='grc'><strong>1</strong></span> <span class='ocrx_word' id='word_1_812' title='bbox 1086 5619 1344 5702; x_wconf 67' lang='grc' dir='ltr'>ὑμνῆσαι.</span> 
     </span>
    </p>
   </div>
   <div class='ocr_carea' id='block_1_110' title="bbox 433 5693 1866 5788">
    <p class='ocr_par' dir='ltr' id='par_1_110' title="bbox 433 5693 1866 5788">
     <span class='ocr_line' id='line_1_110' title="bbox 433 5693 1866 5788; baseline 0.006 -38"><span class='ocrx_word' id='word_1_813' title='bbox 433 5693 593 5773; x_wconf 62' lang='lat' dir='ltr'><strong>ctuti</strong></span> <span class='ocrx_word' id='word_1_814' title='bbox 627 5700 822 5768; x_wconf 80' lang='grc' dir='ltr'>χορός,</span> <span class='ocrx_word' id='word_1_815' title='bbox 843 5700 1078 5788; x_wconf 73' lang='lat' dir='ltr'><strong>ascripta</strong></span> <span class='ocrx_word' id='word_1_816' title='bbox 1125 5693 1326 5784; x_wconf 64' lang='lat' dir='ltr'><strong>&#39;tat&#39;ncn</strong></span> <span class='ocrx_word' id='word_1_817' title='bbox 1384 5701 1615 5758; x_wconf 88' lang='lat' dir='ltr'><strong>lectione</strong></span> <span class='ocrx_word' id='word_1_818' title='bbox 1678 5702 1866 5760; x_wconf 89' lang='lat' dir='ltr'><strong>altera.</strong></span> 
     </span>
    </p>
   </div>
   <div class='ocr_carea' id='block_1_111' title="bbox 3049 5551 3668 5622">
    <p class='ocr_par' dir='ltr' id='par_1_111' title="bbox 3049 5551 3668 5622">
     <span class='ocr_line' id='line_1_111' title="bbox 3049 5551 3668 5622; baseline -0.005 -12"><span class='ocrx_word' id='word_1_819' title='bbox 3049 5556 3095 5588; x_wconf 73' lang='grc'><strong>⁸⁸</strong></span> <span class='ocrx_word' id='word_1_820' title='bbox 3133 5554 3256 5609; x_wconf 91' lang='lat' dir='ltr'><strong>cod.</strong></span> <span class='ocrx_word' id='word_1_821' title='bbox 3289 5555 3306 5608; x_wconf 87' lang='grc'><strong>1</strong></span> <span class='ocrx_word' id='word_1_822' title='bbox 3348 5553 3445 5622; x_wconf 81' lang='grc' dir='ltr'>τὴν</span> <span class='ocrx_word' id='word_1_823' title='bbox 3473 5551 3668 5622; x_wconf 79' lang='grc' dir='ltr'>κτίσιν.</span> 
     </span>
    </p>
   </div>
   <div class='ocr_carea' id='block_1_112' title="bbox 2366 5621 3667 5699">
    <p class='ocr_par' dir='ltr' id='par_1_112' title="bbox 2366 5621 3667 5699">
     <span class='ocr_line' id='line_1_112' title="bbox 2366 5621 3667 5699; baseline -0.005 -15"><span class='ocrx_word' id='word_1_824' title='bbox 2366 5621 2547 5699; x_wconf 57' lang='grc' dir='ltr'>ματα.</span> <span class='ocrx_word' id='word_1_825' title='bbox 2647 5630 2691 5662; x_wconf 76' lang='grc'><strong>⁵³</strong></span> <span class='ocrx_word' id='word_1_826' title='bbox 2715 5629 2885 5699; x_wconf 50' lang='lat' dir='ltr'><strong>coda!</strong></span> <span class='ocrx_word' id='word_1_827' title='bbox 2920 5626 3296 5699; x_wconf 76' lang='grc' dir='ltr'><strong>ἐπουρανίων..</strong></span> <span class='ocrx_word' id='word_1_828' title='bbox 3392 5621 3437 5656; x_wconf 73' lang='grc'>⁸³</span> <span class='ocrx_word' id='word_1_829' title='bbox 3463 5621 3667 5691; x_wconf 67' lang='grc' dir='ltr'>Λόγος.</span> 
     </span>
    </p>
   </div>
   <div class='ocr_carea' id='block_1_113' title="bbox 2647 5626 3296 5711">
    <p class='ocr_par' dir='ltr' id='par_1_113' title="bbox 2647 5626 3296 5711">
     <span class='ocr_line' id='line_1_113' title="bbox 2647 5626 3296 5711; baseline -0.006 -28"><span class='ocrx_word' id='word_1_830' title='bbox 2647 5630 2842 5711; x_wconf 51' lang='lat' dir='ltr'><strong>“cod;</strong></span> <span class='ocrx_word' id='word_1_831' title='bbox 2863 5629 2885 5682; x_wconf 85' lang='grc'><strong>1</strong></span> <span class='ocrx_word' id='word_1_832' title='bbox 2920 5626 3296 5711; x_wconf 75' lang='grc' dir='ltr'><strong>ἐπουρανίων..</strong></span> 
     </span>
    </p>
   </div>
   <div class='ocr_carea' id='block_1_114' title="bbox 1976 5698 3148 5760">
    <p class='ocr_par' dir='ltr' id='par_1_114' title="bbox 1976 5698 3148 5760">
     <span class='ocr_line' id='line_1_114' title="bbox 1976 5698 3148 5760; baseline -0.009 -1"><span class='ocrx_word' id='word_1_833' title='bbox 1976 5704 2021 5737; x_wconf 78' lang='grc'><strong>⁸⁸</strong></span> <span class='ocrx_word' id='word_1_834' title='bbox 2049 5703 2232 5760; x_wconf 76' lang='grc' dir='ltr'>Δεσπ.</span> <span class='ocrx_word' id='word_1_835' title='bbox 2264 5698 2384 5760; x_wconf 86' lang='lat' dir='ltr'><strong>cod.</strong></span> <span class='ocrx_word' id='word_1_836' title='bbox 2415 5699 2587 5758; x_wconf 81' lang='lat' dir='ltr'><strong>Vutic.</strong></span> <span class='ocrx_word' id='word_1_837' title='bbox 2627 5700 2787 5754; x_wconf 85' lang='lat' dir='ltr'><strong>habet</strong></span> <span class='ocrx_word' id='word_1_838' title='bbox 2813 5698 3148 5760; x_wconf 81' lang='grc' dir='ltr'>δυναστείας.</span> 
     </span>
    </p>
   </div>
  </div>
