3822 6324
312 362 459 429 1693
1674 379 1753 443 IN
1796 380 1867 441 Ρε

1977 420 2002 442 ..
2033 382 2197 444 CIII.
3434 392 3570 458 1694

301 479 437 539 τοῖς
472 477 750 545 Ἰουδαίοις
788 482 1075 555 ἁρμόττει.
1104 486 1343 541 Ἐκεῖνοι
1386 487 1495 560 γὰρ
1526 488 1632 544 ὑπὸ
1659 490 1771 546 τῶν
1796 492 1867 545 ἀνι

1993 509 2099 565 que
2133 495 2237 549 hoc
2264 493 2466 553 Judreis
2488 498 2761 569 congruit.
2794 498 2872 555 Illi
2900 499 3048 556 enim
3082 517 3206 557 cum
3237 504 3305 557 ab
3336 504 3444 568 his,
3475 506 3569 574 qui

300 567 759 640 δραποδισάντων
793 571 923 647 ᾆσαι
976 579 1414 650 προσταχθέντες
1463 583 1528 635 ὲκ
1577 581 1686 635 τῶν
1735 583 1867 654 ᾠδῶ

1990 600 2084 641 eos
2123 586 2175 640 iu
2206 590 2528 645 servitutem
2560 567 2903 646 abduxerant
2925 633 2940 657 ,
2970 593 3193 663 aliquod
3227 593 3410 648 Sionis
3440 610 3569 648 can-

302 659 477 726 Σιὼν,
513 661 723 733 ἔφασαν
779 667 982 739 ἔννομα
1030 670 1288 742 δρῶντες,
1336 693 1354 725 ι
1395 674 1517 737 Πῶς
1544 674 1753 746 ᾇσομεν
1790 677 1867 748 τὴε

1993 677 2156 733 ticum
2190 695 2388 737 canere
2413 682 2555 751 jussi
2592 692 2777 738 essent
2802 723 2816 748 ,
2841 683 3099 738 dixerunt
3128 685 3231 755 legi
3270 697 3519 755 pareutrs
3552 705 3563 739 :

301 750 460 823 ᾠδὴν
490 756 695 827 Κυρίου
725 760 816 812 ἐπὶ
842 762 946 830 γῆς
977 763 1264 835 ἀλλοτρίας
1290 783 1305 832 ;
1350 785 1370 817 ι
1421 766 1583 838 Ἡμῖν
1608 767 1664 821 δὲ
1688 771 1714 821 6
1746 768 1867 822 Gaio.

1994 788 2014 822 ι
2042 770 2329 837 Quomodo
2372 775 2720 831 cantabimus
2764 778 3038 831 canticum
3084 776 3298 832 Domini
3335 780 3387 832 in
3423 789 3567 831 terra

314 837 651 912 Ἀπύστολος
695 858 1005 929 παρεγγυᾷ,
1035 860 1092 910 ὲν
1138 862 1303 913 παντὶ
1332 862 1867 935 τόπῳπροσευχομέ·

1988 863 2269 932 peregrina
2299 866 2368 918 .'?
2391 884 2410 917 ι
2459 864 2625 920 Nobis
2656 883 2784 921 vero
2810 867 3029 924 divinus
3061 870 3349 939 Apusloitts
3379 872 3563 937 praeri-

302 956 437 1002 νους
470 941 643 1011 αἴρειν
672 946 821 1009 ὁσίας
852 947 895 978 ⁶⁶
926 951 1135 1022 χεῖρας.
1174 951 1346 1007 Τοῦτο
1404 954 1500 1011 καὶ
1552 957 1580 1008 6
1611 956 1867 1026 Δεσπότης

1987 952 2067 1020 pit
2093 960 2136 1018 ι,
2170 953 2222 1006 in
2253 956 2399 1008 omni
2428 956 2549 1012 loco
2573 969 2791 1013 orantes
2824 961 3071 1015 attollere
3103 978 3298 1015 manus
3324 973 3564 1016 sanctas.

301 1029 551 1119 Χριστὸς
599 1034 735 1105 πρὸς
770 1037 867 1108 τὴν
924 1041 1257 1113 Σαμαρεῖτιν
1292 1044 1418 1117 ἔφη,
1452 1064 1471 1101 t
1507 1034 1708 1119 Ἂμὴν,
1739 1047 1888 1119 ἀμὴν

302 1117 456 1188 λέγω
510 1140 590 1176 σοι
617 1164 632 1188 ,
676 1124 856 1193 γύναι,
886 1129 968 1183 ὅτι
1004 1131 1225 1203 ἔρχεται
1274 1133 1395 1205 ὥρα
1426 1174 1441 1200 ,
1472 1137 1569 1190 καὶ
1595 1137 1688 1192 νῦν
1712 1137 1884 1204 ἐστιν,

300 1210 400 1262 ὅτε
426 1209 547 1264 οὐτε
577 1215 634 1266 ἐν
663 1214 743 1285 τῷ
770 1217 921 1288 τόπῳ
954 1219 1129 1292 τούτῳ
1149 1263 1163 1285 ,
1199 1221 1322 1277 οὔτε
1373 1225 1432 1278 έν
1488 1226 1887 1299 Ἱεροσολύμοις

302 1304 756 1375 προσκυνήσουσι
785 1307 864 1377 τῷ
899 1308 1093 1383 Πατρί.
1130 1312 1357 1384 Πνεῦμα
1403 1315 1514 1386 γὰρ
1542 1319 1570 1370 6
1606 1317 1760 1384 Θεὸς,
1788 1318 1885 1372 καὶ

297 1392 438 1482 ’τοὺς
463 1398 901 1463 προσκυνοῦντας
935 1402 1098 1458 αὐτὸν
1142 1406 1200 1459 ὲν
1230 1405 1502 1477 πνεύματι
1529 1409 1626 1465 καὶ
1654 1409 1886 1482 ἀληθείᾳ

297 1477 389 1531 δεῖ
401 1487 742 1550 προσκυνεῖν.
756 1506 878 1539 ι-ι
895 1490 1140 1560 Εὑλόγει,
1157 1495 1187 1563 ἡ
1204 1494 1350 1567 ψυχή
1367 1514 1491 1565 μου,
1512 1498 1603 1550 τὸν
1619 1498 1701 1550 Κύ
1710 1477 1876 1569 ptumi

298 1571 610 1641 Σύμφωνον
642 1575 720 1647 τῷ
751 1579 1029 1652 προοιμίῳ
1054 1583 1115 1635 τὸ
1146 1583 1318 1648 τέλος.
1359 1587 1614 1651 Καλέσας
1644 1587 1752 1659 γὰρ
1802 1589 1884 1653 είς

299 1663 597 1717 κοινωνίαν
657 1665 759 1736 τῆς
804 1669 1083 1741 ὑμνῳδίας
1122 1675 1222 1737 τὰς
1271 1678 1469 1747 νοητὰς
1492 1678 1701 1744 οὐσίας,
1734 1677 1881 1732 διδά-

302 1769 431 1805 σκει
459 1756 552 1808 καὶ
580 1758 748 1826 ἡμᾶς,
798 1760 874 1824 ὡς
918 1762 1141 1819 δυνατὸν
1176 1767 1457 1840 γεραίρειν
1498 1770 1591 1823 τὸν
1615 1770 1877 1843 Ποιητὴν,

298 1844 403 1896 καὶ
436 1845 723 1918 ἱσόμετρον
746 1852 813 1922 τῇ
867 1851 1097 1926 δυνάμει
1132 1859 1471 1930 προσφέρειν
1491 1861 1584 1914 τὸν
1610 1863 1878 1935 χαριστή-

304 1951 427 2003 ριον
458 1936 487 1990 ὐ
495 1956 647 2010 μνον.

613 2051 880 2109 ΕΡΜΗΝ.
913 2055 1052 2111 ΤΟΥ
1095 2059 1194 2111 PI"
1256 2062 1575 2119 ΨΑΛΜΟΥ.

375 2158 447 2246 α’.
483 2171 501 2205 r
546 2155 776 2228 Ψαλμός
821 2163 901 2232 τῷ
961 2166 1126 2221 Δαόίδ
1148 2169 1211 2223 ⁸³.
1252 2188 1273 2222 ι
1317 2172 1383 2229 Ἥ
1427 2172 1522 2226 τοῦ
1604 2178 1874 2246 παναγίου

299 2244 624 2338 ξῖνεὺματος
656 2250 818 2321 χάρις
856 2254 917 2307 οὐ
956 2255 1117 2325 μόνον
1137 2258 1336 2331 ἠθικὴν
1387 2264 1484 2316 καὶ
1537 2244 1876 2338 δογματικὴν

293 2333 652 2393 διδασκαλίαν
690 2343 804 2405 τοῖς
844 2343 1158 2415 ἀνθρώποις
1223 2353 1547 2423 προσφέρει,
1607 2333 1747 2411 ἀλλά
1775 2333 1873 2411 καὶ

292 2427 448 2490 ὅπως
486 2430 672 2499 ὑμνεῖν
702 2437 969 2504 προσήκει
1018 2438 1111 2491 τὸν
1138 2441 1377 2513 Ποιητὴν
1402 2445 1648 2516 ἀκριϐῶς
1674 2449 1872 2506 ὲκπαισ

292 2517 465 2611 δεύει.
504 2523 688 2579 Διάτοι
711 2525 871 2580 τοῦτο
898 2529 1048 2584 τόνδε
1094 2534 1447 2604 συγγέγραφε
1494 2537 1586 2591 τὸν
1631 2537 1868 2611 ψαλμὸν,

292 2608 377 2676 τῷ
411 2613 673 2685 μακαρίῳ
699 2616 866 2675 Δαϐὶδ
893 2619 1154 2692 ὑπουργῷ
1181 2627 1502 2698 χρησαμένη
1529 2643 1544 2659 '
1568 2608 1730 2693 ὡςᾶν
1749 2608 1870 2702 ’μά-

296 2704 488 2775 θοιμεν
550 2708 790 2775 ἅπαντες
824 2752 839 2777 ,
870 2714 1010 2769 τίσιν
1063 2715 1256 2788 ὕμνοις
1306 2719 1412 2792 χρὴ
1449 2724 1542 2776 τὸν
1570 2724 1870 2796 εὐεργέτην

293 2797 644 2864 ἀμείϐεσθαι.
685 2801 796 2867 Τὰς
828 2804 1013 2875 μέντοι
1039 2809 1224 2873 κοινὰς
1272 2812 1593 2882 εὐεργεσίας
1630 2816 1869 2870 ἐνταῦθα

289 2885 540 2954 διέξεισι,
596 2892 691 2944 καὶ
742 2893 986 2949 δείκνυσι
1031 2900 1263 2971 ποιητὴν
1291 2902 1549 2957 ἀπάντων
1577 2906 1737 2975 ὁμοῦ,
1773 2908 1869 2963 καὶ

294 2982 564 3050 πρύτανιν
583 2984 673 3039 τὸν
703 2985 814 3048 τῶν
836 2986 975 3042 ὅλων
998 2988 1151 3065 Θεόν.
1188 3011 1206 3045 ι
1236 2992 1526 3064 Εὐλόγει,ὴ
1560 2996 1703 3070 ψυχή
1737 3015 1865 3067 μου,

1987 1039 2105 1099 Hoc
2153 1045 2316 1099 etiam
2370 1047 2632 1103 Dominus
2677 1049 2931 1106 Christus
2981 1051 3339 1108 Samaritanze
3389 1055 3561 1121 dicit:

1993 1153 2013 1188 ι
2041 1134 2343 1202 Vere,vere
2376 1138 2501 1192 dico
2534 1139 2628 1193 tibi
2665 1139 2782 1194 fore
2836 1153 2895 1196 ut
2924 1145 3106 1197 veniat
3131 1145 3263 1198 hora
3288 1187 3300 1208 ,
3330 1154 3385 1199 et
3420 1162 3565 1199 nunc

1984 1236 2102 1296 est,
2135 1229 2355 1298 quando
2388 1246 2564 1299 neque
2595 1232 2648 1284 in
2690 1241 2872 1285 monte
2907 1235 3032 1297 hoc,
3071 1228 3247 1305 neque
3279 1237 3330 1289 in
3372 1235 3565 1289 ΗίιιιὋσ-

1985 1318 2212 1390 solymis
2237 1320 2542 1377 adorabunt
2565 1322 2803 1378 Patrem.
2836 1324 3081 1393 Spiritus
3104 1328 3248 1381 enim
3279 1336 3362 1382 est
3392 1327 3557 1391 Deus,

1983 1419 2037 1465 et
2059 1424 2156 1466 eos
2188 1411 2282 1481 qui
2305 1413 2537 1467 adorant
2562 1429 2710 1479 eum,
2737 1415 2789 1468 in
2820 1416 3018 1485 spiritu
3048 1427 3101 1471 et
3137 1419 3367 1472 veritate
3393 1434 3561 1487 opor-

1983 1509 2059 1555 tet
2075 1503 2301 1557 adorare
2318 1515 2365 1560 ι.
2403 1522 2421 1557 ι
2448 1534 2519 1544 -
2547 1524 2567 1557 ι
2596 1505 2854 1572 Benedic,
2886 1507 3067 1561 anima
3089 1524 3230 1574 mea,
3256 1510 3503 1563 Domino.
3539 1529 3556 1558 ι

1981 1590 2132 1648 Finis
2166 1596 2968 1653 accommodatusestexordio.
2988 1597 3122 1654 Cum
3151 1600 3294 1653 cnim
3320 1601 3381 1661 in
3415 1616 3563 1655 com-

1981 1685 2296 1740 munionem
2327 1686 2526 1742 divinae
2573 1689 2913 1760 symphoniae
2951 1692 3268 1761 spirituales
3303 1695 3563 1748 substan-

1906 1822 1956 1883 Β
1985 1779 2088 1833 tias
2117 1779 2440 1846 accivisset,
2473 1781 2636 1837 docet
2675 1792 2729 1836 et
2764 1799 2866 1838 nos
2915 1800 3013 1852 pro
3061 1786 3267 1841 viribus
3299 1786 3560 1840 Cundilo-

1983 1882 2097 1922 rem
2133 1870 2408 1924 honorare
2427 1908 2442 1934 ,
2490 1870 2866 1941 hymnumque
2889 1873 3192 1941 gratiarum
3218 1875 3453 1945 actionis
3480 1872 3561 1927 fa-

1979 1957 2169 2014 cultati
2200 1967 2405 2016 nostrae
2432 1974 2617 2028 parem
2650 1960 2871 2016 oﬂ‘erre.

2365 2070 2686 2128 INTERPR.
2742 2068 2994 2128 PSALMI
3034 2073 3170 2131 Cll].

2048 2186 2213 2244 Vens.
2254 2188 2308 2243 1.
2382 2206 2402 2241 r
2451 2189 2705 2246 Psalmus
2747 2190 2959 2247 Davidi.
3009 2210 3029 2243 ι
3089 2192 3329 2262 Spiritus
3382 2195 3557 2250 sancti

1975 2278 2146 2348 gratia
2192 2295 2302 2335 non
2337 2282 2500 2336 modo
2532 2283 2796 2338 moralem
2849 2292 2905 2338 et
2939 2284 3307 2355 dogmaticam
3354 2287 3558 2341 doctri-

1972 2385 2099 2425 nam
2130 2372 2444 2431 hominibus
2468 2373 2645 2437 aﬂ'ert,
2673 2390 2865 2430 verum
2897 2376 3063 2430 etiam
3092 2379 3372 2446 quomodo
3392 2379 3556 2433 Grca-

1972 2469 2147 2516 torem
2190 2462 2412 2517 laudare
2436 2465 2748 2529 conveniat,
2768 2474 3027 2521 accurate
3071 2467 3253 2522 docet.
3293 2467 3557 2538 Propter-

1971 2564 2033 2606 ea
2062 2553 2207 2607 hunc
2235 2552 2568 2621 conscripsit
2610 2555 2901 2623 psalmum.
2939 2555 3102 2610 beato
3139 2557 3341 2611 Davide
3376 2558 3549 2611 miui-
3650 2628 3656 2635 .

1970 2648 2086 2696 stro
2100 2657 2225 2708 usa,
2245 2650 2304 2697 ut
2331 2641 2615 2698 discamus
2639 2658 2854 2706 omnes,
2877 2645 3079 2713 quibus
3108 2645 3366 2701 laudibus
3397 2647 3558 2702 benc-

1971 2730 2079 2785 ﬂcii
2110 2739 2390 2786 auctorem
2418 2733 2753 2788 remunerari
2786 2744 3062 2803 oporteat.
3090 2734 3423 2790 Communia
3453 2736 3555 2805 igi-

1971 2827 2061 2869 tur
2089 2818 2348 2872 benelicia
2380 2819 2483 2872 hoc
2509 2820 2630 2874 loco
2656 2823 3028 2890 persequitur,
3052 2822 3405 2891 ostenditque
3432 2822 3555 2877 uni-

1968 2920 2251 2960 versorum
2285 2908 2452 2963 simul
2496 2910 2788 2980 opiﬁcem.
2826 2919 2884 2967 et
2929 2913 3336 2967 moderatorem
3382 2911 3552 2966 Deum

1967 3010 2109 3051 esse.
2131 3014 2148 3048 ι
2173 2996 2427 3060 Benedic.
2444 2999 2652 3071 1331
2671 3001 2855 3055 anima
2876 3015 3018 3066 mea,
3043 3002 3326 3056 Domino.»
3355 3001 3558 3057 Unum-

292 3073 389 3130 τὸν
412 3072 633 3143 Κύριον.
678 3095 698 3128 ι
741 3077 1012 3133 Ἕκαστον
1032 3081 1318 3147 εὐσεϐείας
1349 3086 1616 3157 τρόφιμον
1673 3089 1865 3158 ὑμνεῖν

1977 3100 2241 3155 quemque
2285 3089 2501 3156 pietatis
2529 3090 2815 3146 alumnum
2859 3091 3032 3147 Deum
3080 3091 3327 3147 beneﬁcii
3365 3102 3557 3146 auctu-

292 3160 538 3217 διδάσκει
565 3165 657 3218 τὸν
697 3168 996 3243 εὐεργέτην
1029 3171 1183 3231 Θεόν.
1229 3191 1249 3224 ι
1286 3149 1528 3247 Κύριεήδ
1563 3149 1863 3250 Oak-p.00,

1977 3149 2083 3229 rem
2123 3149 2378 3234 laudibus
2412 3180 2672 3251 prosequi
2719 3180 2904 3236 docet.
2960 3200 2979 3234 ι
3014 3181 3243 3237 Domine
3270 3182 3413 3237 Deus
3444 3183 3551 3249 mi,

293 3253 442 3343 ὼςσδ
466 3257 844 3329 ὲμεγαλὺνθης
905 3262 1145 3334 σφόδραί
1187 3283 1207 3316 ι
1262 3265 1726 3343 Ἐπιτάδεωςααλ,
1782 3273 1869 3325 έν-

292 3342 471 3397 ταῦθα
524 3347 586 3399 τὸ
633 3347 734 3414 ὡς.
768 3349 841 3402 Τὸ
888 3350 944 3404 δὲ
992 3352 1409 3423 ὲμεταλύνθης
1446 3358 1513 3423 ⁸³,
1547 3360 1648 3411 οὐκ
1693 3342 1865 3433 αὐξή-

295 3454 437 3500 σεως
467 3438 511 3470 ⁷ο
537 3438 854 3509 δηλωτικὸν,
895 3442 1034 3498 ἀλλὰ
1085 3443 1181 3501 τοῦ
1207 3445 1223 3463 ⁹
1242 3448 1552 3520 ἀμετρήτου
1602 3447 1867 3519 μεγέθους

296 3530 654 3598 σημαντικόν.
683 3530 840 3597 Οὕτω
868 3535 978 3608 γὰρ
1006 3536 1101 3590 καὶ
1124 3539 1153 3591 6
1192 3537 1492 3610 Σύμμαχος
1527 3541 1862 3613 ἡρμήνευσε,

292 3621 405 3673 Καὶ
431 3621 472 3652 ⁷¹
503 3625 537 3676 ό
559 3624 703 3691 Θεός
709 3642 830 3695 μου
862 3629 1054 3697 μέγας
1085 3628 1131 3662 ⁷³
1165 3630 1221 3684 ετ
1246 3630 1505 3700 σφόδρα.
1525 3633 1601 3686 οὐ
1630 3633 1740 3705 γὰρ
1770 3650 1865 3704 μι-

294 3710 429 3791 κρὸς
465 3710 541 3765 ὢν
595 3714 964 3788 ὲμεγαλὺνθη,
995 3716 1136 3773 ἀλλὰ
1159 3719 1323 3789 φύσει
1379 3721 1558 3791 μέγας
1596 3721 1675 3777 ὣν
1703 3722 1866 3776 τοῦτο

291 3799 407 3862 τοῖς
430 3799 714 3869 εὐσεϐέσιν
731 3803 776 3834 ⁷³
798 3803 1013 3878 ἐδείχθη
1042 3823 1056 3837 ’
1078 3807 1178 3879 οὐχ
1191 3807 1338 3863 ἀπαν
1368 3809 1432 3862 τὸ
1458 3809 1715 3880 μέγεθος,
1746 3810 1862 3866 ἀλλ’

288 3890 416 3959 ὅσον
515 3891 678 3960 φύσις
707 3893 818 3948 τῶν
850 3896 1157 3967 ἀνθρώπων
1191 3897 1406 3970 ἐχώρει.
1442 3919 1462 3953 ι
1500 3900 1865 3974 Ἐξομολόγη-
1894 3908 1897 3909 ⁷

291 3997 380 4039 σιν
417 3981 513 4036 καὶ
531 3985 1015 4057 μεγαλοπρέπειαν
1045 3989 1091 4022 ⁷⁸
1117 3992 1379 4047 ὲνεδύσω.
1412 4012 1433 4046 r
1477 3994 1539 4047 '0
1562 3994 1865 4066 Σύμμαχος

287 4066 484 4136 οὑτως,
520 4072 754 4144 ’Υμνον
803 4079 903 4133 καί
963 4070 1248 4147 εὐδοξίαν
1264 4082 1597 4155 «ἠμφιάσω.
1642 4086 1864 4143 Οὐκέτι

286 4161 399 4232 γάρ
435 4180 493 4215 σε
525 4166 816 4232 ἀγνοοῦσιν
846 4172 894 4223 οί
935 4171 1045 4224 τῶν
1093 4172 1203 4228 σῶν
1248 4174 1689 4259 ἀπολαύοντεςνπ
1720 4178 1862 4246 ἀγα-

288 4256 421 4324 θῶν,
448 4256 570 4309 οὐδὲ
608 4260 720 4319 τοῖς
757 4260 997 4327 εἰδώλοις
1017 4262 1081 4319 τὸ
1109 4264 1201 4317 σὺν
1244 4264 1407 4329 σέϐας
1432 4256 1858 4338 προσφέρουσιν,
1900 4341 1907 4345 _

285 4347 426 4402 ἀλλά
470 4363 531 4400 σε
588 4348 858 4420 ὑμνοῦσι,
890 4352 986 4407 καί
1029 4371 1111 4408 σοι
1136 4355 1197 4409 τὸ
1222 4355 1322 4427 τῆς
1372 4356 1681 4427 δοξολογίας
1713 4359 1860 4424 ἐκτί-

284 4456 441 4494 νουσι
478 4441 524 4474 ⁷⁸
562 4441 744 4512 χρέος.
1306 4516 1316 4528 ι

360 4531 423 4601 β’.
462 4549 482 4582 ι
531 4529 999 4607 Ἀναϐαλλόμενος
1027 4537 1144 4607 φῶς
1183 4536 1258 4603 ὡς
1299 4539 1538 4611 ίμάτιον.
1575 4560 1594 4603 ρ
1635 4542 1857 4614 Συνῳδὰ

283 4616 495 4683 τούτοις
519 4621 563 4652 ⁷⁷
592 4622 735 4675 καὶὸ
775 4623 1098 4691 Ἀπόστολος
1131 4626 1233 4700 ἔφη
1275 4644 1290 4662 ο
1330 4649 1348 4681 ι
1403 4630 1461 4684 Ὀ
1497 4631 1659 4700 μόνος
1718 4631 1860 4704 ἔχων

284 4709 587 4767 ἀθανασίαν
614 4755 629 4779 ,
676 4714 792 4783 φῶς
845 4717 1011 4772 οἰκῶν
1051 4720 1414 4791 ἀπρόσιτον.)
1440 4721 1708 4777 Τοσοῦτον
1750 4725 1860 4797 γάρ

283 4804 432 4858 ἐστιν
459 4806 635 4860 έκεῖνο
671 4806 735 4860 τὸ
776 4807 910 4878 φῶς,
951 4808 1028 4873 ὡς
1067 4812 1271 4884 μηδένα
1317 4814 1578 4881 πελάζειν
1610 4814 1856 4887 τολμᾷνο

282 4895 616 4967 ἀποστρέφει
652 4900 761 4971 γὰρ
799 4902 898 4966 τὰς
927 4902 1081 4974 ὄψεις
1119 4906 1152 4975 ἠ
1190 4905 1291 4976 τῆς
1326 4906 1520 4976 αἴγλης
1553 4907 1854 4979 ὑπερϐολή.

284 4985 354 5040 Ei
380 4986 490 5059 γὰρ
514 4991 542 5043 6
569 4991 829 5067 αἰσθητὸς
847 4994 1008 5053 τοῦτο
1032 5000 1207 5051 ποιεῖν
1225 4997 1378 5070 ἥλιος
1402 4998 1706 5068 ἀναγκάζει
1729 5000 1857 5063 τοὺς

1967 3281 2131 3337 quam
2182 3269 2567 3339 magniﬁcatus
2634 3288 2695 3329 es
2730 3273 2910 3328 valde.
2941 3291 2960 3326 ι
3010 3275 3502 3344 Exaggerationem
3536 3276 3552 3298 ‘

1975 3359 2085 3414 hoc
2116 3361 2282 3416 etiam
2316 3361 2475 3429 loco,
2506 3380 2666 3435 quam
2699 3365 2989 3435 signiﬁcat.
3014 3366 3152 3421 Illud
3210 3381 3360 3428 vero.
3428 3364 3552 3418 Μι-

1964 3452 2246 3521 gniﬁcattts
2313 3470 2410 3518 es,
2480 3469 2591 3510 non
2645 3457 3041 3514 incrementum
3115 3456 3396 3527 designat.
3455 3455 3551 3512 sed

1966 3541 2290 3600 immensam
2321 3547 2751 3616 magnitudinem
2781 3548 3004 3604 indicat.
3030 3546 3121 3603 Sic
3147 3548 3293 3602 enim
3325 3556 3380 3602 et
3402 3547 3552 3617 Sym-

1965 3634 2194 3690 machus
2225 3635 2613 3705 interpretatus
2640 3647 2741 3703 est,
2770 3639 2909 3694 Deus
2941 3642 3035 3702 mi,
3056 3656 3280 3710 magnus
3300 3658 3356 3696 es
3376 3640 3551 3695 valde.

1964 3717 2086 3775 Non
2117 3721 2261 3775 enim
2292 3737 2419 3777 cum
2449 3732 2595 3778 esset
2628 3740 2830 3794 parvus
2857 3764 2873 3791 ,
2925 3741 3161 3796 magnus
3207 3728 3385 3783 factus
3431 3739 3548 3794 est,

1964 3812 2059 3868 sed
2091 3826 2215 3867 cum
2250 3822 2445 3868 natura
2480 3829 2710 3883 magnus
2740 3826 2916 3883 esset,
2950 3817 3057 3872 hoc
3085 3819 3193 3887 piis
3227 3820 3551 3883 hominibus

1964 3906 2406 3963 demonstratum
2438 3918 2525 3963 est
2551 3927 2565 3963 :
2603 3924 2713 3964 non
2746 3918 2856 3965 tota
2882 3913 3220 3982 magnitudo,
3254 3914 3347 3967 sed
3373 3929 3550 3983 quan-

1964 4003 2076 4051 tam
2118 3995 2362 4052 humana
2389 4005 2586 4051 natura
2616 4001 3086 4068 comprehendere
3117 4011 3315 4071 potest.
3355 4020 3375 4054 ι
3402 4001 3549 4058 Con-

1964 4084 2262 4144 fessionem
2297 4095 2353 4141 et
2388 4085 2642 4141 decorem
2676 4087 2922 4145 induisti.
2954 4107 2975 4140 ι
3024 4090 3388 4161 Symmachus
3426 4092 3545 4146 sic:

1964 4174 2201 4230 Laudem
2226 4185 2277 4230 et
2307 4176 2536 4247 gloriam
2563 4177 2810 4237 induisti.
2844 4176 2965 4234 Nan
2995 4182 3141 4237 enim
3169 4182 3430 4250 amplius,
3452 4180 3547 4250 qui

1964 4267 2075 4321 tuis
2113 4264 2477 4336 perfruuntur
2510 4267 2708 4335 bonis,
2757 4276 2809 4322 te
2848 4268 3102 4339 ignorant
3129 4313 3142 4336 ,
3189 4289 3362 4343 neque
3395 4285 3544 4327 tuum

1962 4358 2228 4417 honorem
2258 4357 2577 4415 simulacris
2606 4357 2883 4426 deferunt,
2910 4363 3001 4415 sed
3026 4369 3076 4414 te
3102 4362 3343 4428 laudant,
3374 4371 3427 4416 et
3452 4362 3547 4416 tibi

1890 4480 1938 4535 D
1966 4450 2153 4522 gloria;
2175 4449 2419 4509 debitum
2451 4453 2717 4527 pendunt.

2032 4541 2200 4612 Vens.
2238 4542 2295 4597 2.
2349 4561 2368 4595 ι
2395 4543 2648 4600 Amictus
2698 4545 2907 4619 lumine
2951 4545 3094 4602 sicut
3147 4546 3494 4602 vestimento.
3521 4563 3540 4597 ι

1965 4630 2220 4689 Consona
2259 4632 2345 4690 his
2375 4626 2930 4711 Apostolu's’quoque
2969 4636 3142 4693 dicit:
3194 4654 3213 4687 ι
3249 4636 3352 4703 Qui
3397 4637 3548 4692 solus

1967 4722 2131 4779 habet
2178 4723 2646 4782 immortalitatem
2671 4769 2685 4793 ,
2721 4728 2898 4784 lucem
2943 4714 3259 4799 inhabitans
3299 4727 3546 4784 inacces-

1966 4815 2183 4871 sibilem
2209 4816 2262 4869 δ.
2321 4834 2340 4868 ι
2377 4815 2552 4873 Tanta
2584 4819 2733 4873 enim
2762 4828 2849 4875 est
2883 4820 2975 4875 illa
3011 4820 3134 4879 lux.
3167 4822 3225 4874 ιῑι
3256 4833 3422 4895 nemo
3454 4833 3551 4890 ap-

1966 4907 2332 4980 prOpinquare
2391 4908 2591 4963 audeat
2633 4927 2647 4962 :
2706 4910 3072 4966 redundantia
3121 4909 3267 4966 enim
3320 4907 3548 4969 luminis

1964 4997 2141 5063 visum
2174 4997 2389 5063 avertit.
2427 4998 2486 5054 Si
2512 5001 2780 5056 enim’sol
2819 5018 2982 5073 quem
3018 5003 3289 5060 sentimus
3322 4999 3427 5056 hoc
3463 4996 3547 5056 ia-

357 5218 379 5258 )
421 5207 563 5266 Psal.
598 5227 832 5282 cum,
861 5180 939 5271 ι.
994 5223 1018 5257 ³
1054 5214 1075 5269 l
1110 5214 1255 5270 Tim.
1290 5232 1364 5281 ll,
1396 5216 1450 5271 8.
1527 5229 1554 5258 ι
1589 5215 1751 5272 Joan.
1789 5228 1867 5281 tv,

1997 5214 2150 5280 .23,
2185 5215 2276 5271 at.
2348 5216 2378 5257 δ
2406 5215 2425 5270 i
2453 5200 2596 5273 Tim.
2630 5233 2723 5283 Vl,
2762 5216 2850 5274 ιθ.

1368 5384 1606 5449 VARIE
1646 5390 2027 5449 LECTIONES
2064 5391 2153 5447 ET
2189 5390 2434 5449 NOTIE.

355 5553 400 5586 “
427 5557 552 5614 cod.
575 5560 600 5615 Ι
622 5558 824 5621 ὁσίους,
847 5574 974 5630 qua:
996 5566 1080 5630 est
1109 5555 1393 5630 rec._le_ctio
1421 5557 1537 5630 Lc.
1564 5626 1578 5630 Α
1611 5558 1655 5592 ⁸⁷
1695 5559 1867 5630 Ψᾳλμ

1977 5556 2053 5630 τῷ
2078 5556 2273 5611 saera.
2291 5555 2415 5630 cod.
2443 5553 2884 5630 _t_‘_mnr.oaza._
2924 5554 2983 5630 ξε
3015 5555 3134 5630 ξος.
3166 5555 3390 5630 Abest}
3407 5553 3546 5630 cod.

281 5625 396 5699 [ει
418 5643 454 5699 _a
493 5640 640 5699 textu
666 5625 884 5699 τῶν
934 5628 937 5629 ⁷
988 5629 1031 5661 ⁸⁸
1069 5629 1190 5699 cod.
1222 5627 1246 5679 1
1284 5625 1646 5699 ἐμεγαλύνθη.

282 5688 545 5768 “Ms-rae
577 5695 650 5754 εἴ.
681 5697 805 5753 cod.
832 5697 859 5750 1
894 5696 1286 5768 ὲμεγαλύνθης.

282 5767 635 5837 εὐπρέπειαν.
728 5769 775 5800 ⁷⁸
802 5767 936 5823 cod.
965 5768 987 5821 ί
1022 5767 1443 5833 ἀπολαύσαντες.

1758 5628 1804 5659 ⁷⁰
1824 5623 2174 5693 ᾉὺξήσεως.
2207 5627 2331 5683 cod.
2370 5626 2390 5679 1
2430 5623 2729 5691 ἀξιώσεως.

1362 5691 1410 5729 τί
1431 5697 1552 5753 cod.
1581 5691 1867 5752 {causam

1985 5691 1993 5693 “
2038 5698 2085 5730 ⁷³
2112 5691 2336 5765 Merra.
2371 5694 2445 5750 Ita
2479 5694 2642 5750 habet
2677 5693 2846 5749 codex
2879 5695 3029 5765 Alex.
3061 5694 3112 5765 In
3136 5695 3259 5751 cod.
3284 5691 3380 5748 Vat

1544 5767 1590 5799 ⁷⁸
1614 5767 1973 5823 Ἔκτίνουσι.
2006 5768 2127 5824 cod.
2153 5767 2177 5820 ί
2216 5765 2572 5845 ἀπονέμουσι.

2840 5624 2886 5656 ⁷¹
2918 5626 3046 5678 Kal.
3091 5614 3220 5680 cod.
3255 5625 3280 5680 1
3336 5614 3537 5683 Κύριε.

2686 5712 2846 5749 noue!
2879 5712 3029 5748 Alex.
3062 5712 3112 5747 Ill
3136 5712 3259 5751 coc.
3290 5712 3380 5748 Val
3432 5712 3539 5769 ιυες

2686 5765 2732 5796 ⁷⁷
2764 5765 2886 5820 cod.
2923 5763 2951 5816 1'
2989 5764 3181 5845 τούτῳ.
