3890 6320
385 293 520 368 ³695

1337 300 1832 361 THEODORE'I‘I
1896 299 2238 360 EPISCOPI
2311 301 2684 363 CYRENSIS

3516 292 3660 360 1696

378 429 504 472 cere
535 415 683 489 cogit
715 433 812 474 eos
833 461 848 483 ,
895 417 986 488 qui
1022 414 1236 470 avidius
1265 415 1465 470 intueri
1501 427 1792 480 conantur,
1832 417 1959 486 quis

2065 415 2358 486 ἀπλήστως
2378 416 2618 488 καθορᾷν
2646 413 3041 486 πειρωμένους,
3069 415 3149 479 τίς
3169 413 3353 478 ἱκανὸς
3377 410 3472 466 τοῦ
3493 411 3667 480 ἀπρο-

383 516 562 579 potest
609 512 943 566 inaccessam
994 513 1171 564 lucem
1219 508 1616 579 contemplari?
1668 508 1762 562 Est
1800 508 1965 578 igitur

381 611 434 656 ct
462 603 577 672 ipse
607 603 697 658 lux
725 618 874 664 vera.
899 611 952 658 et
978 603 1235 657 amicitur
1263 602 1468 656 lumine
1500 602 1642 656 sicut
1664 602 1964 656 vestimen-

383 708 439 748 to
463 736 479 761 ,
507 709 561 750 et
594 696 768 750 lucem
811 695 1246 751 inaccessibilem
1279 695 1579 759 inhabitat,
1630 703 1684 748 et
1712 695 1884 748 nubes
1912 703 1967 748 et

381 785 561 856 caligo
587 787 640 841 in
670 788 904 843 circuitu
930 789 1069 858 ejus,
1097 796 1152 843 et
1178 786 1360 857 posuit
1395 787 1646 841 tenebras
1678 786 1963 840 latibulum

379 894 574 933 suum:
607 889 659 935 et
693 881 808 935 haec
841 881 1068 936 minime
1102 889 1293 935 contra
1335 895 1391 934 se
1426 879 1654 932 invicem
1687 888 1962 949 pugnant,

381 969 642 1040 quoniam
671 973 953 1028 inaccessa
999 972 1090 1026 Iuv
1137 971 1205 1026 iis
1242 970 1334 1041 qui
1369 971 1579 1042 1332
1615 986 1963 1040 nequaquam

383 1064 557 1134 ipsam
595 1079 820 1121 cernere
864 1075 1129 1136 possunt,
1190 1065 1331 1119 idem
1379 1073 1460 1118 est
1502 1063 1647 1134 quod
1690 1065 1866 1136 caligo
1911 1076 1968 1123 et

380 1156 641 1212 tenebraa.
681 1155 820 1213 Nam
861 1173 1038 1229 neque
1069 1174 1129 1212 ea
1161 1173 1282 1226 qua:
1319 1159 1370 1210 in
1403 1157 1518 1221 illo,
1548 1173 1724 1226 neque
1751 1173 1815 1212 ea
1843 1175 1966 1227 quae

381 1248 436 1300 in
462 1247 550 1304 his
574 1257 736 1311 sunt,
768 1250 1014 1320 conspici
1047 1259 1294 1320 possunt.
1328 1247 1392 1301 Et
1422 1249 1524 1304 hoc
1560 1249 1724 1320 igitur
1745 1258 1799 1304 et
1831 1251 1965 1307 illud

381 1333 623 1390 declarat
651 1338 892 1393 divinam
928 1349 1178 1394 naturam
1229 1340 1454 1395 minime
1494 1339 1738 1411 conspici
1780 1357 1962 1412 posse.

387 1446 406 1480 ι
447 1425 762 1486 Extendcns
783 1432 982 1486 caelum
1016 1432 1157 1487 sicut
1188 1431 1402 1499 pellem.
1434 1451 1450 1482 ι
1497 1431 1602 1486 Per
1632 1431 1748 1488 haec
1782 1435 1966 1504 operis

385 1517 700 1575 facilitatem
736 1521 943 1577 docuit.
984 1523 1138 1577 Sicut
1185 1524 1332 1577 enim
1379 1523 1589 1577 homini
1635 1525 1826 1594 pellem
1871 1542 1967 1581 ex-

383 1611 604 1668 tendere
642 1612 801 1668 facile
847 1622 968 1676 est,
1018 1625 1072 1668 et
1117 1614 1530 1669 tabernaculum
1576 1615 1790 1671 allicere
1833 1635 1846 1671 :
1887 1617 1968 1672 sic

383 1700 529 1761 Deus
585 1721 769 1760 rerum
829 1709 1076 1761 omnium
1116 1707 1367 1762 conditor
1416 1709 1666 1778 ingentes
1697 1709 1963 1764 cmlorum

381 1796 547 1851 orbes
579 1799 825 1852 extendit
864 1801 1031 1854 verbo
1064 1800 1181 1854 solo
1211 1815 1362 1855 usus.

449 1884 619 1943 Vens.
669 1890 723 1944 5.
783 1909 800 1941 ι
833 1890 1046 1960 Tegcns
1094 1891 1252 1961 aquis
1296 1893 1578 1946 cmuacula
1623 1909 1740 1948 sua.
1777 1912 1794 1945 ι
1849 1892 1964 1949 lloc

379 1979 546 2034 etiam
576 1981 767 2036 beatus
798 1981 972 2039 Moses
994 1985 1200 2039 docuit.
1233 1983 1322 2037 Ait
1351 1985 1494 2038 enim
1529 1984 1695 2039 Deum
1720 1985 1956 2041 dixisse:

385 2089 404 2120 ο
437 2069 558 2126 Fiat
605 2072 1005 2129 [irritamentum
1063 2075 1116 2128 in
1179 2074 1358 2130 medio
1412 2090 1679 2144 aquarum
1715 2088 1736 2114 ο
1772 2118 1786 2142 ,
1833 2096 1851 2128 ι
1909 2086 1964 2131 ct

377 2162 786 2218 distinctionem
844 2165 1009 2220 faciat
1049 2165 1189 2220 inter
1223 2180 1428 2236 aquas,
1462 2182 1584 2236 quae
1629 2177 1756 2220 sunt
1798 2182 1963 2236 super

379 2243 887 2320 lirmamentum,et
919 2258 1061 2312 inter
1089 2273 1282 2324 aquas,
1322 2275 1444 2328 qure
1473 2267 1604 2314 sunt
1641 2259 1745 2313 sub
1775 2259 1960 2313 firma-

379 2357 585 2402 mento.
625 2367 643 2400 ι
680 2347 897 2404 Ponens
937 2350 1136 2404 nubem
1181 2367 1470 2408 ascensum
1524 2368 1686 2408 suum
1713 2393 1728 2418 ,
1766 2352 1960 2406 ambu-

377 2436 497 2494 lans
527 2454 694 2510 super
722 2443 915 2510 pennis
946 2451 1257 2500 ventorum.
1294 2465 1314 2498 ι
1359 2445 1462 2501 Per
1511 2447 1626 2500 haec
1668 2446 1963 2514 providen-

376 2531 505 2584 tiam
553 2548 886 2603 quocunque
914 2543 1294 2604 penetrantem
1328 2536 1652 2591 declaravit.
1703 2535 1960 2592 Prmsidet

373 2623 542 2690 mim,
575 2623 775 2696 inquit,
808 2635 861 2681 et
898 2628 1074 2680 ventis
1103 2635 1159 2682 et
1193 2627 1451 2692 nubibus,
1483 2637 1537 2682 et
1572 2627 1687 2695 ipse
1715 2644 1808 2683 eas
1839 2643 1960 2681 mo-

374 2717 635 2781 deratur,
698 2724 753 2774 et
799 2719 1106 2789 gubernat,
1160 2724 1180 2743 ·
1231 2729 1285 2774 ct
1325 2721 1645 2781 utilitatem,
1689 2722 1961 2791 quaehinc

374 2797 730 2874 producitur,
763 2818 1073 2878 opportune
1103 2810 1350 2881 largitur.
1384 2809 1557 2864 Porro
1598 2811 1760 2865 simul
1803 2811 1960 2867 docet

371 2895 614 2952 divinam
642 2909 891 2954 naturam
933 2901 1137 2970 ubique
1167 2900 1360 2955 adesse
1382 2941 1395 2965 ,
1441 2910 1495 2955 et
1528 2901 1592 2955 ad
1622 2903 1803 2956 omnia
1835 2917 1958 2972 pcr-

371 2986 579 3040 volare.
635 2985 908 3052 Quoniam
964 2991 1110 3043 enim
1167 2998 1459 3045 ventorum
1517 3000 1713 3047 natura
1773 3009 1955 3047 rerum

2074 509 2225 561 σίτου
2281 509 2461 578 φωτὸς
2522 514 2579 562 ἐν
2633 510 2884 580 περινοίᾳ
2916 507 3172 575 γενέσθαι
3209 525 3222 574 ;
3252 508 3413 559 Ἔστι
3443 505 3540 573 μὲν
3569 499 3664 557 οὖν

2071 601 2166 652 καὶ
2194 601 2360 662 αὐτὸς
2393 603 2507 671 φῶς
2545 601 2798 671 ἀληθινόν
2825 616 2836 628 °
2872 599 3240 652 ἀναϐάλλεται
3263 599 3317 652 δέ
3343 599 3440 650 καὶ
3469 597 3513 628 ⁷⁸
3543 597 3662 664 φῶς

2069 693 2146 756 ὼς
2179 693 2417 762 ἱμάτιον,
2447 695 2541 747 καὶ
2571 694 2687 763 φῶς
2709 695 2847 745 οἰκεῖ
2872 693 3190 762 ἀπρόσιτον,
3218 693 3312 742 καὶ
3336 690 3538 759 νεφέλη
3565 690 3662 741 καὶ

2071 780 2271 849 γνόφος
2300 781 2486 852 κύκλῳ
2535 779 2700 834 αὑτοῦ
2722 819 2736 844 ,
2770 781 2864 832 καὶ
2913 778 3065 832 ἔθετο
3098 779 3288 841 σκότος
3331 777 3662 848 ἀποκρυφὴν

2070 870 2259 925 αὐτοῦ.
2284 873 2394 924 Kal
2417 871 2516 924 οὐκ
2533 871 2752 924 ἐναντία
2769 871 2942 923 ταῦτα
2965 869 3242 940 ἀλλήλοις⁸
3268 871 3329 922 τὸ
3349 869 3458 939 γὰρ
3483 869 3662 938 ἀπρό-

2071 979 2218 1015 σιτον
2251 961 2366 1030 φῶς
2390 965 2503 1026 τοῖς
2530 963 2666 1034 ὁρᾷν
2706 961 2783 1034 μὴ
2830 961 3162 1030 δυναμένοις
3215 960 3292 1031 τῷ
3326 961 3514 1030 γνόφῳ
3564 959 3662 1014 καὶ

2068 1049 2148 1123 τῷ
2179 1052 2365 1106 σκότει
2391 1053 2587 1106 ταυτόν
2619 1055 2789 1106 ἐστιν.
2821 1049 2959 1105 Οὔτε
2986 1053 3096 1122 γὰρ
3126 1050 3193 1104 τὰ
3223 1051 3279 1104 ὲν
3309 1049 3509 1120 τούτῳ,
3533 1047 3661 1102 οὔτε

2067 1145 2136 1200 τὰ
2165 1145 2222 1197 ἐν
2253 1144 2450 1214 ἐκείνῳ
2498 1143 2726 1198 δυνατὸν
2777 1142 3037 1196 κατιδεῖν.
3095 1141 3207 1195 Kal
3259 1139 3418 1194 τοῦτο
3469 1140 3661 1210 μέντοι

2068 1238 2294 1290 κάκεῖνο
2327 1235 2424 1306 τῆς
2451 1234 2603 1298 θείας
2634 1215 2854 1305 φύσεως
2881 1233 3034 1304 δηλοῖ
3079 1232 3139 1285 τὸ
3168 1232 3422 1301 ἀόρατον.
3462 1250 3480 1281 ι
3533 1230 3660 1282 Ἐκ-

2066 1329 2263 1381 τείνων
2284 1327 2375 1380 τὸν
2408 1327 2637 1397 οὐρανὸν
2668 1325 2801 1378 ὡσεὶ
2830 1325 3036 1396 δέρριν.
3074 1343 3091 1375 ι
3130 1323 3242 1395 Τὴν
3268 1323 3366 1392 τῆς
3389 1322 3659 1392 δημιουρ-

2066 1419 2193 1488 γίας
2216 1417 2468 1472 εὐκολίαν
2499 1416 2590 1471 διὰ
2611 1416 2818 1470 τούτων
2845 1415 3101 1480 ἐδίδαξεν.
3131 1416 3222 1478 Ὠς
3251 1413 3362 1483 γὰρ
3378 1411 3656 1483 ἀνθρώπῳ

2070 1511 2254 1583 ῥᾴδιον
2311 1511 2494 1583 δέρῤιν
2533 1513 2772 1564 ἐκτεῖναι
2827 1511 2922 1564 καὶ
2959 1509 3186 1577 ποιῆσαι
3213 1507 3441 1577 σκηνὴν,
3480 1506 3656 1568 οὕτως

2067 1600 2096 1652 6
2135 1601 2243 1653 τῶν
2274 1599 2412 1654 ὅλων
2443 1600 2579 1664 Θεὸς
2617 1606 2686 1654 τὰ
2723 1599 2939 1671 μεγάλα
2965 1599 3075 1653 τῶν
3102 1597 3348 1670 οὐρανῶν
3364 1598 3653 1651 διεπέτασε

2069 1692 2233 1764 κήτη,
2265 1691 2410 1762 λόγῳ
2441 1691 2591 1760 μόνῳ
2626 1691 2999 1762 χρησάμενος.

2134 1895 2205 1957 γ’.
2239 1905 2258 1938 ι
2304 1888 2362 1940 'O
2401 1887 2680 1956 στεγάζων
2728 1888 2785 1939 ἐν
2822 1884 2978 1939 ὕδασι
3012 1884 3082 1938 τά
3107 1885 3335 1956 ὑπερῷα
3394 1883 3580 1938 αὑτοῦ.
3623 1902 3644 1936 ι

2064 1979 2236 2033 Τοῦτο
2283 1980 2377 2032 καὶ
2433 1980 2462 2032 6
2529 1977 2805 2050 μακάριος
2857 1976 3066 2044 ἐδίδαξε
3097 1976 3326 2045 Μωσῆς.
3360 1977 3506 2044 Ἔφη
3539 1978 3648 2046 γὰρ

2063 2070 2155 2124 τὸν
2182 2071 2316 2124 Θεὸν
2341 2071 2648 2142 εἰρηκέναι,
2689 2089 2706 2121 ι
2736 2070 3036 2140 Γενηθήτω
3086 2068 3379 2140 στερέωμα
3411 2071 3468 2121 ἐν
3496 2068 3648 2139 μέσῳ

2061 2163 2155 2216 τοῦ
2193 2161 2383 2226 ὕδατος
2404 2164 2472 2229 τ’,
2505 2182 2523 2214 ι
2561 2163 2654 2215 καὶ
2689 2161 2843 2214 ἔσται
2865 2159 3192 2233 διαχωρίζον
3215 2160 3489 2231 ἀναμέσον
3516 2160 3645 2212 ὕδα-

2059 2255 2189 2316 τοςί
2242 2253 2335 2306 τοῦ
2391 2256 2579 2308 ἐπάνω
2633 2253 2729 2306 τοῦ
2790 2251 3202 2324 στερεὼματος,
3237 2251 3331 2304 καὶ
3372 2252 3646 2318 ἀναμέσον

2057 2346 2154 2399 τοῦ
2185 2345 2378 2408 ὓδατος
2409 2344 2502 2398 τοῦ
2522 2345 2785 2398 ὑποκάτω
2810 2343 2905 2396 τοῦ
2937 2341 3341 2414 στερεώματος.
3359 2363 3376 2394 ι
3400 2343 3459 2395 Ὀ
3475 2343 3646 2405 τιθεὶς

2059 2436 2197 2507 νέφη
2221 2437 2322 2508 τὴν
2348 2435 2604 2491 ἐπίϐασιν
2624 2435 2791 2489 αὑτοῦ
2818 2436 2888 2502 ⁸⁸,
2914 2437 2943 2488 6
2970 2435 3295 2506 περιπατῶν
3323 2436 3416 2489 ἐπὶ
3444 2433 3646 2506 πτερύ-

2060 2544 2173 2596 γων
2198 2529 2438 2598 ἀνέμων.
2476 2546 2494 2579 ι
2522 2528 2621 2580 Διὰ
2648 2523 2870 2580 τοῦτων·
2893 2527 2995 2598 τήν
3035 2526 3322 2597 πανταχοῦ
3352 2528 3646 2598 διήκουσαν

2060 2621 2602 2692 ἐδήλωσετπρόνοιαν.
2625 2618 2933 2690 Ἐφέστηκε
2963 2619 3264 2692 γάρ,φησί,
3300 2621 3394 2672 καί
3423 2620 3645 2688 ἀνέμοις

2060 2716 2155 2768 καί
2180 2715 2400 2783 νέφεσιν
2427 2729 2441 2744 ’
2475 2715 2571 2766 καὶ
2597 2713 2763 2776 αὐτὸς
2790 2712 2962 2767 ἰθύνει
2996 2714 3192 2778 ταῦτα,
3227 2712 3321 2764 καὶ
3357 2712 3600 2782 κυϐερνᾷ
3624 2728 3639 2742 ο

2059 2807 2154 2861 καὶ
2179 2807 2276 2878 τὴν
2301 2805 2555 2860 ἐντεῦθεν
2588 2805 2869 2878 φυομένην
2887 2807 2968 2868 εἰς
2993 2805 3187 2876 καιρὸν
3209 2805 3396 2858 δίδωσι
3429 2808 3638 2875 χρείαν.

2059 2900 2310 2954 Διδάσκει
2343 2898 2399 2951 δὲ
2428 2897 2573 2950 κατά
2595 2897 2817 2961 ταυτὸν,
2847 2898 2977 2968 ὼςὴ
3015 2897 3135 2950 θεία
3175 2898 3338 2966 φύσις
3362 2897 3640 2966 πανταχοῦ

2062 2994 2296 3061 πάρεστι
2327 3032 2341 3054 ,
2366 2990 2460 3043 καί.
2489 2991 2601 3051 τοῖς
2633 2991 2801 3042 πᾶσιν
2857 2989 3176 3058 ἐφίπταται.
3203 2989 3247 3022 ⁸¹
3290 2989 3514 3060 Ἐπειδὴ
3539 2992 3644 3060 γὰρ

371 3074 615 3128 omnium
647 3079 992 3133 sensibilium
1025 3091 1107 3134 est
1139 3079 1480 3135 velocissima
1529 3082 1773 3151 (puncto
1804 3083 1950 3137 enim

2063 3083 2166 3137 τῶν
2199 3080 2477 3153 αἰσθητῶν
2524 3081 2781 3133 ἁπάντων
2825 3080 3063 3152 ὀξυτάτη
3107 3080 3217 3135 τῶν
3243 3081 3520 3153 ἀνέμωνή
3548 3081 3644 3151 φύ-

371 3167 632 3236 temporis
662 3169 729 3223 ab
757 3183 956 3224 occasu
998 3172 1064 3224 ad
1095 3181 1276 3242 ortum
1303 3171 1604 3240 percurrit,
1645 3180 1698 3226 et
1735 3172 1802 3226 ab
1828 3184 1948 3226 ortu

371 3256 438 3308 ad
463 3259 801 3328 occasum),
847 3274 955 3311 non
988 3259 1271 3313 inveniens
1302 3261 1356 3314 in
1389 3261 1742 3317 sensibilibus
1789 3263 1951 3317 aliam

371 3344 668 3398 celeritatis
723 3347 1060 3400 exactiorem
1104 3347 1558 3414 similitudinem,
1603 3349 1735 3405 dicit
1781 3351 1954 3407 Deum

371 3450 537 3508 super
561 3437 758 3508 pennis
783 3448 1070 3494 ventorum
1100 3439 1243 3504 vehi,
1272 3455 1366 3510 per
1399 3441 1512 3496 haec
1543 3442 1747 3512 ubique
1771 3443 1951 3512 ipsum

371 3529 565 3585 adesse
603 3529 913 3587 declarans.
954 3531 1267 3598 Invenimus
1306 3543 1488 3589 autem
1535 3535 1658 3590 liliis
1691 3535 1854 3593 lsrael
1899 3537 1953 3593 in

372 3619 519 3674 nube
540 3622 918 3675 universorum
947 3623 1117 3677 Deum
1146 3625 1497 3694 apparuisse,
1537 3635 1592 3679 et
1617 3625 1670 3679 in
1703 3627 1957 3682 taberna-

373 3707 498 3762 culo
548 3723 643 3778 per
690 3710 888 3765 nubem
941 3725 999 3767 se
1047 3714 1498 3783 conspiciendum
1549 3716 1854 3784 praebuisse
1901 3717 1953 3774 ἀ.

376 3797 587 3870 1333
641 3801 781 3866 Quin
821 3810 876 3857 et
915 3817 1042 3858 cum
1083 3802 1343 3859 Salomon
1377 3805 1602 3859 domum
1639 3807 1953 3872 dedicaret,

371 3890 546 3945 nubes
589 3891 812 3946 domum
853 3895 1069 3964 operuit
1095 3905 1155 3959 ο,
1202 3904 1258 3951 et
1297 3897 1564 3952 Dominus
1601 3896 1857 3955 Christus
1899 3900 1956 3954 in

372 3993 558 4038 monte
587 3985 762 4042 tribus
791 3987 1054 4056 apostolis
1087 3987 1425 4058 splendidam
1459 3991 1604 4045 circa
1649 4006 1706 4046 se
1754 3992 1954 4047 nubem

373 4074 616 4129 ostendit
658 4075 718 4140 ί,
764 4086 818 4130 et
861 4093 986 4132 cum
1031 4089 1406 4135 assumeretur
1439 4083 1465 4122 ε
1497 4123 1514 4149 ,
1560 4081 1736 4138 nubes
1775 4082 1956 4138 lucida

372 4165 614 4225 Suscepit
645 4185 773 4225 eum
803 4170 873 4227 ab
906 4173 1085 4230 oculis
1117 4189 1334 4230 eorum.
1567 4177 1572 4182 ’

2060 3189 2179 3235 σις·
2210 3174 2268 3227 ἐν
2307 3173 2509 3242 ἀκαρεῖ
2529 3171 2636 3242 γὰρ
2661 3173 2768 3224 ἀπὸ
2813 3172 2922 3225 τῶν
2976 3173 3249 3240 ἐσπερίων
3284 3174 3376 3224 ἐπὶ
3423 3173 3525 3245 τὴν
3573 3173 3645 3226 ἕω

2056 3263 2352 3335 διατρέχει,
2381 3264 2476 3316 καὶ
2499 3263 2605 3316 ἀπὸ
2647 3267 2746 3334 τῆς
2779 3263 2854 3316 ἕω
2903 3264 3043 3334 πρὸς
3082 3263 3180 3334 τὴν
3229 3264 3469 3335 ἑσπέραν
3494 3281 3510 3294 ο
3550 3266 3644 3334 οὐχ

2055 3359 2234 3432 εὑρὼν
2262 3360 2456 3429 ἑτέραν
2513 3359 2917 3430 ἀκριϐεστέραν
2954 3360 3013 3411 ἐν
3043 3362 3158 3423 τοῖς
3209 3359 3491 3431 αἰσθητοῖς
3521 3359 3643 3424 ὀξύ-

2055 3469 2218 3524 τητος
2245 3451 2454 3516 εἰκόνα,
2483 3451 2580 3503 ἐπὶ
2630 3453 2923 3523 πτερύγων
2969 3452 3189 3523 ἀνέμων
3228 3453 3334 3522 ἔφη
3363 3453 3459 3506 τὸν
3511 3452 3645 3505 Θεὸν

2057 3541 2396 3614 ἐποχεῖσθαι,
2459 3543 2741 3612 πανταχοῦ
2784 3543 2948 3595 αὐτὸν
2999 3545 3259 3614 παρεῖναι
3298 3543 3390 3597 διά
3439 3543 3645 3597 τούτων

2057 3633 2406 3704 παραδηλῶν.
2461 3633 2805 3702 Εὑρίσκομεν
2843 3633 2903 3686 δέ
2938 3634 3033 3687 καὶ
3078 3637 3192 3698 τοῖς
3245 3636 3385 3698 υἱοῖς
3425 3635 3646 3706 Ἰσραήλ

2058 3727 2116 3778 ἐν
2143 3723 2343 3797 νεφέλῃ
2370 3723 2460 3777 τὸν
2484 3724 2594 3777 τῶν
2617 3724 2756 3777 ὅλων
2794 3724 3133 3793 ἐπιφανέντα
3163 3726 3296 3778 Θεόν
3318 3742 3332 3755 ·
3365 3728 3462 3780 καὶ
3489 3729 3546 3780 ἐν
3576 3731 3643 3798 τῇ

2060 3820 2234 3890 σκηνῇ
2265 3817 2353 3870 διὰ
2383 3818 2617 3889 νεφέλης
2657 3818 2757 3888 τὴν
2795 3817 3004 3871 οἰκείαν
3035 3818 3408 3890 ποιησάμενον
3443 3820 3646 3890 ἐπιφά-

2055 3928 2227 3965 νειαν.
2256 3909 2368 3963 Kal
2395 3907 2580 3981 μέντοι
2634 3909 2730 3962 τοῦ
2763 3909 3111 3980 Σολομῶντος
3145 3911 3241 3964 τὸν
3272 3905 3422 3965 οἷκον
3451 3912 3644 3980 ἐγκαι-

2058 4003 2319 4070 νίζοντος,
2349 4003 2552 4074 νεφέλη
2585 4001 2677 4057 τὸν
2699 3998 2851 4058 οἷκον
2886 4003 3128 4074 ἐκάλυψε
3148 4020 3162 4033 ο
3192 4005 3288 4057 καὶ
3314 4007 3341 4059 6
3363 4006 3644 4076 Δεσπότης

2058 4095 2296 4166 Χριστὸς
2322 4097 2378 4149 ἐν
2403 4094 2482 4166 τῷ
2506 4095 2624 4166 ὄρει
2654 4096 2768 4158 τοῖς
2797 4095 2980 4164 τρισὶν
3009 4095 3341 4160 ἀποστόλοις
3369 4095 3642 4168 φωτεινὴν

2061 4187 2192 4259 περὶ
2217 4187 2378 4241 αὐτὸν
2405 4186 2639 4258 νεφέλην
2670 4185 2921 4253 ὑπέδειξε
2951 4202 2967 4218 ⁸
2995 4187 3091 4240 καὶ
3117 4187 3642 4259 ἀναλαμϐανὸμςνον

2058 4279 2258 4351 νεφέλη
2312 4279 2552 4352 φωτεινὴ
2599 4279 2876 4333 ὑπέλαὸεν
2922 4279 3033 4334 ἀπὸ
3084 4281 3193 4336 τῶν
3217 4280 3518 4353 ὀφθαλμῶν
3541 4281 3641 4335 αὖ·

2060 4390 2191 4428 των.

449 4457 610 4518 Vstts.
642 4461 697 4518 4.
734 4481 753 4515 ι
788 4461 1020 4519 Faciens
1051 4463 1273 4532 angelos
1304 4478 1432 4518 suos
1469 4465 1726 4532 spiritus,
1759 4481 1812 4520 et
1845 4467 1950 4520 ini-

2125 4465 2188 4518 6'.
2227 4482 2246 4516 ‹
2295 4463 2355 4517 '0
2402 4461 2580 4518 ποιῶν
2620 4465 2751 4527 τοὺς
2789 4464 3062 4533 ἀγγέλους
3099 4462 3267 4517 αὑτοῦ
3303 4457 3596 4534 πνεύματα
3624 4480 3641 4495 ·

374 4550 579 4608 nistros
611 4569 740 4609 suos
769 4555 946 4625 ignem
983 4564 1248 4609 urentem.
1286 4574 1303 4606 ι
1343 4554 1594 4610 Ostendit
1625 4556 1805 4625 ipsum
1840 4558 1958 4627 opi-

375 4643 529 4698 ﬁcem
563 4658 685 4717 esse
722 4660 829 4698 non
871 4645 1034 4698 modo
1069 4642 1366 4697 visibilium
1402 4659 1619 4706 rerum,
1657 4643 1753 4699 sed
1785 4644 1953 4700 etiam

374 4729 750 4786 invisibilium.
774 4731 1007 4786 Eosdem
1043 4743 1221 4787 autem
1247 4736 1301 4786 et
1325 4733 1550 4801 spiritus
1573 4741 1627 4788 et
1651 4733 1829 4802 ignem
1855 4750 1953 4805 ap-

373 4823 636 4894 pellavit,
679 4825 975 4895 potentiam
1023 4833 1078 4880 et
1120 4825 1461 4880 velocitatem
1522 4842 1618 4896 per
1658 4835 1956 4900 utrumque

373 4915 601 4973 docens.
623 4915 793 4972 Velox
815 4918 959 4972 enim
987 4925 1071 4972 est
1099 4917 1324 4987 spiritus
1346 4926 1562 4986 natura,
1600 4929 1792 4990 potens
1826 4937 1956 4977 vero

375 5007 457 5062 vis
484 5009 1002 5079 ignis.'Angelorum
1029 5018 1209 5064 autem
1235 5009 1539 5065 ministerio
1566 5013 1954 5068 universorum

375 5097 520 5155 Deus
547 5099 741 5170 dignos
774 5100 1022 5158 homines
1054 5100 1330 5157 beneficiis
1357 5101 1560 5168 allicit,
1613 5114 1666 5158 et
1705 5104 1956 5175 indignos

506 5329 642 5381 lien.
675 5337 730 5389 ι,
769 5323 820 5378 7.

922 5323 948 5364 ἀ
984 5324 1156 5382 Exod.
1185 5343 1272 5392 XL,
1302 5327 1398 5388 34;
1433 5325 1595 5381 Num.
1628 5343 1704 5389 ιι,
1737 5331 1824 5386 15,
1859 5328 1944 5387 16,

2089 5322 2129 5376 Ιι
2161 5325 2341 5380 Paral.
2373 5341 2426 5389 ν,
2454 5328 2541 5392 l5,
2574 5328 2659 5381 14.
2745 5327 2764 5366 ί
2803 5327 2996 5384 Matth.
3019 5344 3150 5394 xvn,
3184 5329 3236 5382 5.
3320 5332 3346 5369 ⁸
3379 5328 3501 5384 Act.
3529 5345 3565 5392 ι,
3590 5329 3640 5382 9.

2055 4554 2147 4607 καὶ
2181 4555 2313 4617 τοὺς
2341 4551 2690 4624 λειτουργοὺς
2727 4551 2894 4606 αὑτοῦ
2927 4552 3038 4623 πῦρ
3083 4552 3306 4622 φλέγον.
3342 4570 3361 4604 ι
3401 4553 3646 4619 Ἔδειξεν

2054 4647 2115 4698 οὐ
2140 4647 2249 4699 τῶν
2275 4645 2489 4717 ὁρατῶν
2521 4645 2685 4697 αὐτὸν
2713 4643 2897 4715 μόνον,
2934 4643 3072 4697 ἀλλά
3104 4644 3201 4696 καὶ
3249 4643 3362 4696 τῶν
3391 4644 3643 4714 ἀοράτων

2053 4736 2390 4810 δημιουργόν
2423 4751 2438 4765 ·
2492 4737 2620 4801 τοὺς
2667 4735 2726 4789 δὲ
2787 4736 2988 4800 αὐτοὺς
3028 4737 3126 4789 καὶ
3181 4734 3498 4806 πνεύματα,
3551 4737 3643 4790 καί

2062 4831 2171 4901 πῦρ
2195 4829 2634 4903 προσηγόρευσε,
2672 4829 2732 4882 τὸ
2759 4829 2986 4884 δυνατὸν
3009 4830 3104 4884 καὶ
3136 4831 3196 4884 τὸ
3246 4829 3386 4901 ταχὺ
3411 4830 3478 4882 δι’
3511 4829 3642 4884 ἑκα-

2061 4923 2238 4995 τέρων
2271 4923 2560 4977 διδάσκων.
2617 4922 2798 4988 Ὀξεῖα
2837 4922 2938 4992 μὲν
2972 4922 3082 4993 γὰρ
3111 4921 3208 4975 τοῦ
3272 4922 3642 4994 πνεύματοςὴ

2068 5015 2249 5084 φύσις,
2291 5013 2491 5086 ἰσχυρά
2519 5014 2578 5068 δὲ
2623 5013 2718 5068 τοῦ
2758 5012 2931 5086 πυρὸς
2961 5015 2993 5086 ἡ
3029 5013 3302 5085 ἐνέργεια.
3360 5013 3644 5083 ’Λγγέλοις

2061 5107 2120 5160 δὲ
2155 5105 2439 5178 χρώμενος
2467 5107 2767 5179 ὑπουργοῖς
2798 5107 2828 5159 ὁ
2854 5105 2964 5160 τῶν
2987 5107 3128 5160 ὅλων
3153 5105 3308 5174 Θεὸς,
3345 5113 3440 5166 καὶ
3484 5106 3640 5174 εὐερ-

1481 5487 1713 5540 VARUE
1750 5485 2128 5542 LECTIONES
2169 5487 2257 5541 ET
2300 5485 2530 5541 ΝυΤᾸῧ.

454 5635 496 5665 ’⁸
531 5641 662 5698 Καί.
700 5643 866 5699 Abest
894 5659 922 5699 a
946 5645 1068 5702 cod.
1088 5647 1136 5702 Ι.

391 5705 433 5738 ⁸¹
462 5713 583 5771 eod.
625 5713 647 5768 1
682 5715 992 5786 ἐφίσταται.

1215 5648 1260 5679 το
1288 5647 1553 5714 ’Ὑδατοςκ
1585 5647 1708 5701 Cod.
1744 5647 1761 5701 Ι
1801 5646 1924 5701 add.
1956 5644 2281 5709 καὶῢδατος.

2359 5647 2404 5677 ⁸ο
2441 5649 2557 5715 Τὴν
2585 5648 2742 5704 me.
2774 5648 3162 5706 adtoﬁJlebr.
3189 5647 3425 5703 Currum
3474 5660 3644 5701 suum.
