3890 6320
337 241 470 308 1699

1323 233 1816 299 THEODORETI
1860 230 2201 293 EPISCOPI
2231 233 2597 295 CYRENSIS

3463 216 3610 286 1700

303 379 531 420 secans
563 363 708 419 viam
747 362 906 432 aquis
963 359 1125 422 fecit,
1176 369 1236 413 ut
1283 374 1389 411 non
1438 359 1615 411 solum
1676 354 1924 408 homines

2052 353 2178 406 θοῦν.
2214 355 2313 407 Διά
2343 353 2504 406 τοῦτο
2542 353 2642 423 ὅρη
2697 353 2912 421 τέμνων
2954 351 3218 420 παρόδους
3250 350 3364 410 τοῖς
3411 345 3611 400 ὕδασιν

340 455 544 510 aﬂatim
594 455 822 510 fontium
874 454 1020 506 rivus
1065 452 1358 514 haberent,
1399 450 1488 501 sed
1519 449 1679 501 etiam
1721 460 1918 516 genera

342 543 523 594 omnia
569 541 910 595 terrestrium
944 553 1338 606 aereorumque
1372 537 1756 590 animantium.
1788 533 1920 587 Illud

344 635 560 688 autem,
611 644 631 676 ι
665 626 1075 694 Exspectabam
1112 625 1303 691 onagri
1338 625 1390 676 in
1423 623 1510 677 siti
1551 638 1672 677 sua.
1704 642 1721 673 ι
1764 619 1925 691 Sym-

343 719 572 773 machus
607 718 686 774 sic
719 718 883 773 vertit
915 736 929 772 :
969 717 1248 772 Recreabit
1278 733 1474 785 onager
1505 716 1651 770 sitim
1679 730 1855 769 suam.

416 994 584 1050 Vens.
628 993 716 1046 15.
762 1010 780 1043 ι
823 991 1032 1061 Rigans
1057 998 1274 1044 montes
1300 1005 1330 1044 e
1364 988 1663 1043 casnaculis
1699 988 1834 1051 suis,
1865 989 1930 1042 de

350 1090 529 1143 fructu
558 1101 785 1156 operum
818 1095 1039 1140 tuorum
1068 1084 1358 1138 satiabitur
1383 1091 1550 1137 terra.
1582 1100 1600 1132 ›
1630 1080 1745 1135 Non
1769 1081 1930 1134 modo

351 1181 566 1235 inferne
597 1194 866 1248 aquarum
902 1187 1154 1230 naturam
1189 1185 1479 1246 praeparat,
1516 1184 1569 1229 et
1599 1189 1768 1242 aquas
1807 1188 1930 1227 sca-

349 1278 521 1330 turire
574 1274 727 1337 facit,
783 1274 876 1327 sed
915 1287 1146 1341 superne
1194 1271 1358 1325 etiam
1393 1285 1490 1340 per
1524 1271 1699 1324 nubes
1734 1269 1930 1338 irriga-

351 1370 558 1421 tionem
613 1367 790 1421 affert.
838 1365 1041 1420 Deinde
1077 1364 1388 1428 utilitatem,
1423 1377 1546 1432 quae
1576 1362 1703 1416 hinc
1735 1362 1928 1426 oritur,

353 1457 646 1528 signiﬁcat.

427 1548 594 1602 Vens.
631 1550 716 1603 14.
762 1567 778 1598 ι
813 1547 1129 1602 Producens
1166 1546 1351 1601 fenum
1381 1547 1670 1616 jumentis,
1717 1554 1771 1600 et
1811 1546 1934 1600 her-

353 1643 478 1695 ham
513 1639 765 1693 servituti
796 1641 1104 1702 hominum,
1129 1647 1188 1690 ut
1206 1639 1404 1691 educas
1426 1653 1618 1706 panem
1641 1639 1707 1692 de
1729 1645 1893 1692 terra.
1909 1657 1927 1688 ι

355 1731 545 1786 Uritur
576 1733 721 1784 enim
757 1731 944 1796 herba,
971 1741 1023 1784 et
1044 1730 1288 1799 jumenta
1319 1730 1374 1782 in
1406 1732 1424 1750 ⁶
1450 1745 1610 1784 usum
1651 1730 1932 1783 hominum

357 1831 484 1876 nata
522 1822 691 1874 nutrit
729 1838 742 1873 :
775 1822 997 1875 aluntur
1027 1831 1209 1876 autem
1243 1830 1297 1875 et
1339 1820 1550 1876 fructus
1581 1837 1678 1890 per
1709 1822 1930 1888 imbres,

2030 447 2403 514 ἐτεκτήνατο·
2439 445 2579 498 ὥστε
2623 445 2698 514 μὴ
2731 444 2894 515 μόνον
2938 441 3259 512 ἀνθρώπους
3307 441 3457 510 ἐχειν
3500 440 3614 502 ἀφ-

2029 537 2199 601 Θόνως
2250 537 2321 591 τὰ
2370 537 2588 607 νάματα
2619 536 2726 588 τῶν
2781 535 2972 603 πηγῶν
3002 551 3016 565 ο
3052 533 3189 587 ἀλλά
3225 531 3452 584 καὶτῶν
3479 544 3608 597 χερ-

2044 629 2238 690 σαίων,
2267 628 2364 681 καὶ
2413 627 2523 680 τῶν
2560 627 2880 698 ἀεροπόρων
2911 625 3064 689 ζώων
3101 625 3171 676 τὰ
3219 624 3377 692 γένη.
3408 615 3489 673 Τὸ
3527 620 3610 681 δὲ,

2036 741 2054 772 ι
2094 720 2495 792 Προσδέξονται
2517 720 2742 790 ὅναγροι
2766 720 2845 782 εἰς
2874 719 3034 787 δίψαν
3094 710 3296 771 αὐτῶν.
3344 735 3361 766 ι
3393 717 3420 767 ὁ
3448 713 3609 781 Σύμ-

1994 803 1995 806 “
2033 827 2203 884 μαχος
2251 810 2425 872 οὕτως
2461 813 2834 882 ήρμήνευσεν,
2869 809 3298 874 ’Λνακτήσεται
3347 805 3613 874 ὅνατρος

2030 905 2222 972 δίψαν
2242 904 2432 959 αὐτοῦ
2452 906 2516 960 ⁸³.

2103 1005 2193 1064 ιγ’.
2231 1018 2248 1048 ι
2290 997 2533 1060 Ποτίζων
2556 997 2659 1067 ὅρη
2684 998 2747 1049 ἐκ
2779 997 2885 1049 τῶν
2929 992 3194 1064 ὑπερῴων
3229 991 3398 1046 αὑτοῦ
3429 1007 3444 1022 ο
3500 987 3612 1042 ἀπὸ

2032 1089 2249 1158 καρποῦ
2279 1089 2389 1140 τῶν
2412 1088 2592 1158 ἔργων
2643 1105 2736 1140 σου
2761 1086 3197 1157 χορτασθήσεται
3240 1086 3272 1153 ἡ
3315 1083 3411 1152 γῆ.
3449 1101 3468 1134 ι
3529 1081 3610 1133 Οὐ

2031 1181 2138 1250 γὰρ
2174 1181 2333 1250 μόνον
2367 1180 2613 1233 κάτωθεν
2644 1178 2958 1242 ἀναϐλύζει,
3002 1177 3096 1230 καὶ
3114 1178 3159 1209 ⁹⁶
3185 1174 3612 1246 παρασκευάζει

2031 1271 2140 1323 τῶν
2173 1270 2385 1324 ὑδάτων
2415 1270 2514 1341 τὴν
2551 1269 2748 1339 φύσιν
2806 1269 2923 1322 ἀλλ’
2942 1270 2986 1302 ’⁷
3039 1266 3246 1321 ἄνωθεν
3292 1266 3380 1319 διὰ
3427 1264 3613 1334 νεφῶν

2031 1365 2132 1436 τὴν
2164 1365 2385 1436 ἀρδεεαν
2437 1364 2763 1436 προσφέρει.
2802 1357 2936 1416 Εἶτα
2971 1361 3070 1433 τὴν
3103 1360 3356 1416 ἐντεῦθεν
3391 1355 3614 1411 ὑποδεί-

2036 1473 2226 1510 κνυσιν
2253 1455 2428 1525 ὠφέλε
2441 1473 2547 1510 ιαν.

2109 1550 2190 1603 ιδ’.
2231 1569 2247 1602 ι
2285 1550 2342 1601 ὐ
2377 1547 2745 1612 ἐξανατέλλων
2795 1545 2988 1616 χόρτον
3023 1547 3136 1608 τοῖς
3191 1547 3416 1613 κτήνεσι
3443 1560 3457 1575 ·
3514 1543 3616 1596 καὶ

2033 1643 2201 1712 χλόην
2235 1644 2301 1712 τῇ
2360 1641 2576 1710 δουλείᾳ
2617 1640 2728 1692 τῶν
2785 1637 3111 1707 ἀνθρώπων,
3171 1635 3264 1688 τοῦ
3309 1635 3613 1703 ἐξαγαγεῖν

2036 1734 2203 1803 ἄρτον
2225 1733 2290 1785 ἐκ
2313 1731 2410 1801 τῆς
2447 1733 2571 1801 γῆς.
2612 1749 2630 1781 ι
2660 1729 2985 1797 Φύεταιγάρ
3019 1730 3050 1797 ἡ
3083 1729 3211 1790 πόα,
3253 1727 3347 1779 καὶ
3395 1726 3618 1796 διατρέο

2038 1841 2130 1894 φει
2153 1825 2222 1876 τά
2248 1825 2446 1892 κτήνη,
2467 1824 2537 1875 τά
2565 1824 2644 1896 είς
2667 1821 2856 1892 χρείαν
2883 1819 3184 1890 ἀνθρώπων
3214 1819 3569 1887 γεγενημένα
3598 1833 3613 1847 ·

354 1923 411 1965 et
444 1910 646 1965 maturi
700 1912 854 1973 tium,
911 1920 964 1964 et
1015 1912 1331 1966 hominibus
1373 1922 1771 1982 proponuntur.
1825 1912 1938 1966 Hoc

2052 1913 2332 1984 τρέφονται
2373 1913 2430 1964 δέ
2483 1911 2578 1965 καὶ
2616 1913 2666 1964 οἱ
2709 1910 2911 1981 καρποὶ
2965 1910 3053 1963 διὰ
3109 1910 3216 1962 τῶν
3271 1907 3465 1971 ὑετῶν,
3519 1908 3618 1960 καὶ

353 2011 410 2056 et
445 2002 496 2055 in
533 2002 641 2056 alio
671 2002 749 2055 ait
779 2002 987 2071 psalmo
1022 2019 1035 2055 :
1075 2021 1093 2054 ι
1132 2001 1395 2058 Homines
1435 2011 1488 2057 et
1533 2003 1780 2072 jumenta
1825 2005 1938 2059 sal-

359 2091 535 2154 vabis,
560 2091 788 2145 Domine
816 2089 860 2142 i.
895 2111 914 2142 ι
953 2090 1334 2146 Verumtamen
1365 2093 1433 2146 ob
1461 2093 1741 2147 hominum
1777 2111 1843 2150 us
1899 2111 1937 2151 n

359 2184 524 2238 etiam
557 2184 802 2252 iumenta
835 2181 1191 2252 perfruuntur
1227 2183 1330 2238 hac
1363 2185 1726 2254 providentia.

440 2452 601 2506 Vens.
641 2452 728 2506 15.
776 2470 794 2502 ι
834 2452 900 2505 Ει
931 2453 1116 2507 vinum
1166 2454 1409 2508 laetificat
1455 2470 1550 2510 cor
1588 2455 1846 2519 hominis,
1883 2465 1942 2510 ut

363 2546 634 2599 exhilaret
685 2543 879 2599 faciem
920 2546 1041 2600 oleo
1074 2561 1088 2598 :
1121 2555 1174 2600 et
1218 2547 1376 2616 panis
1409 2562 1504 2601 cor
1541 2549 1782 2603 hominis
1813 2563 1944 2604 con-

364 2631 564 2686 ﬁrmat.
612 2651 629 2683 ι
699 2630 1062 2704 Symmachus
1121 2634 1325 2700 clarius
1382 2634 1524 2690 dixit
1573 2653 1586 2689 :
1639 2634 1942 2691 Producens

364 2725 543 2794 fenum
573 2727 835 2793 jumentis
857 2766 871 2791 ,
918 2734 967 2779 et
1002 2725 1215 2779 herbam
1251 2727 1373 2780 usui
1406 2726 1695 2792 hominum,
1729 2740 1783 2781 ut
1813 2729 1945 2782 edu-

363 2834 452 2871 cas
491 2817 662 2870 cibum
695 2833 759 2870 ea:
796 2829 960 2883 terra,
995 2827 1041 2872 et
1073 2820 1254 2871 vinum
1286 2819 1518 2890 lwtiﬁcet
1553 2837 1645 2874 cor
1686 2821 1942 2886 hominis,

363 2909 596 2963 illustrat
631 2911 821 2980 faciem
853 2911 989 2974 oleo,
1022 2920 1068 2964 et
1099 2912 1249 2978 panis
1277 2929 1367 2964 cor
1388 2912 1619 2966 hominis
1650 2913 1940 2980 conﬁrmet.

365 3000 446 3055 Ad
479 3001 583 3055 hoc
618 3001 785 3066 enim,
821 3003 1019 3071 inquit,
1057 2997 1198 3058 Dens
1230 3005 1613 3058 universorum
1649 3013 1804 3058 terrae
1827 3005 1947 3074 plu-

366 3092 485 3146 vias
519 3093 781 3148 continue
813 3093 1148 3164 suppeditat,
1184 3104 1243 3148 ut
1276 3094 1490 3166 1336
1512 3096 1694 3150 omnis
1728 3097 1946 3166 generis

368 3182 580 3239 fructus
622 3184 904 3250 producat,
939 3193 994 3238 et
1032 3200 1168 3252 pane
1195 3186 1412 3256 quidem
1461 3187 1743 3239 hominum
1786 3196 1946 3241 natu-

2041 2007 2256 2078 ὥριμοι,
2277 2007 2542 2073 γίνονται,
2576 2005 2670 2058 καὶ
2699 2006 2810 2066 τοῖς
2831 2001 3141 2074 ἀνθρώποις
3182 2000 3613 2072 προσφέρονται.

2041 2101 2212 2154 Τοῦτο
2241 2101 2336 2154 καὶ
2368 2101 2426 2152 ἐν
2475 2099 2646 2168 ἑτέρῳ
2677 2099 2778 2167 ἔφη
2805 2095 3037 2169 ψαλμῷ·
3076 2115 3093 2146 ι
3146 2093 3490 2164 Ἀνθρὼπους
3516 2091 3616 2145 καὶ

2041 2193 2214 2261 κτήνη
2266 2189 2484 2255 σώσεις,
2505 2187 2698 2258 Κύριε.
2735 2207 2753 2238 ι
2795 2187 2937 2239 Ἀλλ’
2975 2187 3122 2256 ὅμως
3151 2184 3237 2238 διὰ
3255 2185 3351 2254 τὴν
3377 2183 3487 2236 τῶν
3519 2185 3618 2236 ἀν-

2040 2283 2276 2355 θρώπων
2296 2283 2489 2354 χρείαν
2529 2281 2717 2334 καὶτὰ
2745 2282 2921 2351 κτήνη
2957 2278 3161 2348 ταύτης
3211 2276 3476 2330 ἀπολαύει
3515 2279 3618 2345 τῆς

2041 2373 2410 2445 προμηθείας.
2807 2425 2820 2439 ,
2989 2364 2992 2367 ’

2117 2467 2199 2521 ιε’.
2233 2484 2252 2518 ι
2286 2466 2394 2518 Καὶ
2431 2460 2574 2528 οἶνος
2606 2463 2888 2533 εὐφραίνει
2916 2461 3145 2531 καρδίαν
3167 2458 3476 2530 ἀνθρώπου,
3520 2456 3617 2510 τοῦ

2046 2559 2294 2630 ἱλαρῦναι
2329 2556 2626 2629 πρόσωπον
2671 2558 2728 2608 ἐν
2763 2554 2931 2624 ἐλαίῳ
2959 2569 2974 2584 ·
3036 2553 3130 2606 καὶ
3162 2552 3327 2622 ἄρτος
3379 2550 3619 2621 καρδίαν

2044 2651 2333 2722 ἀνθρώπου
2371 2649 2639 2719 στηρίξει.
2675 2667 2692 2698 ›
2752 2646 3092 2716 Σαφέστερον
3149 2644 3204 2696 δὲ
3233 2646 3261 2696 ὁ
3316 2643 3616 2712 Σύμμαχος

2043 2747 2266 2816 εἴρηκεν
2295 2761 2307 2773 ·
2351 2740 2738 2796 Ἐκϐλαστῶν
2779 2740 2997 2809 χόρτον
3033 2737 3156 2802 τοῖς
3198 2736 3469 2801 κτήνεσι,
3515 2734 3615 2786 καὶ

2043 2835 2243 2904 χλόην
2258 2831 2333 2900 τῇ
2365 2832 2612 2898 δουλείᾳ
2640 2829 2756 2882 τῶν
2774 2826 3096 2895 ἀνθρώπων·
3117 2842 3130 2856 ο
3155 2825 3241 2890 εις
3264 2825 3327 2877 τὸ
3353 2823 3618 2892 expc-170a;

2041 2925 2274 2997 τροφὴν
2303 2925 2420 2980 ἀπὸ
2449 2921 2583 2992 τῆς,
2614 2921 2709 2975 καὶ
2751 2916 2919 2974 οἶνον
2967 2917 3310 2986 εὐφραίνειν
3365 2913 3619 2982 καρδίαν

2043 3004 2359 3088 ἀιῖθρώπου
2381 3035 2395 3048 ·
2438 3017 2711 3070 στίλϐειν
2751 3013 3080 3080 πρόσωπον
3101 3011 3170 3062 ἑν
3186 3009 3230 3042 ⁸⁸
3263 3009 3466 3071 ἐλαίῳ,
3518 3005 3620 3059 καὶ

2044 3111 2228 3180 ἄρτον
2275 3109 2529 3178 καρδίαν
2571 3103 2887 3171 ἀνθρώπου
2927 3096 3246 3166 στηρίζειν,
3301 3097 3425 3149 Ἐπὶ
3459 3095 3618 3148 τοῦτο

2046 3204 2174 3274 γὰρ,
2217 3203 2401 3273 φησὶν,
2439 3201 2466 3252 ὁ
2492 3199 2600 3250 τῶν
2628 3197 2761 3248 ὅλων
2789 3195 2918 3253 Θεὸς
2949 3195 3014 3263 τῇ
3051 3193 3120 3260 γῇ
3159 3190 3284 3251 τοὺς
3316 3188 3505 3248 ὑετοὺς
3534 3185 3618 3238 διο

369 3290 488 3329 ram
523 3275 811 3329 confirmet
842 3285 896 3329 et
925 3277 1056 3340 alat,
1103 3276 1230 3329 vino
1280 3292 1407 3330 vero
1443 3277 1696 3342 laetilicet,
1734 3279 1938 3345 jucun-

2052 3294 2261 3365 ηνεκῶς
2284 3294 2532 3363 χορηγεῖ,
2569 3289 2708 3341 ὥστε
2743 3286 2870 3348 τοὺς
2917 3282 3290 3344 παντοδαποὺς
3320 3280 3620 3350 βλαστῆσαι

370 3367 692 3436 dioremque
741 3364 938 3420 emciat
974 3367 1162 3431 vitam,
1207 3367 1329 3422 oleo
1375 3377 1555 3422 autem
1610 3385 1716 3423 non
1769 3371 1946 3424 solum

371 3458 520 3513 intus
566 3457 776 3514 nutriat
835 3471 1108 3528 corpora,
1173 3471 1360 3511 verum
1418 3457 1580 3512 etiam
1631 3437 1763 3516 foris
1822 3459 1949 3514 illu-

371 3557 527 3604 stret.

449 3810 609 3866 Vens.
644 3810 729 3865 16.
765 3808 1171 3867 Saturabuntur
1201 3811 1348 3882 ligna
1379 3816 1578 3885 campi.
1615 3833 1636 3868 ι
1673 3815 1950 3884 Hebrmus,

372 3911 429 3958 et
484 3902 664 3957 caeteri
715 3903 1080 3972 interpretes,
1141 3903 1315 3976 Ligna
1363 3905 1576 3960 Domini
1627 3919 1951 3978 posuerunt.

375 3993 514 4050 Cum
565 3996 730 4065 igitur
782 3994 1093 4052 fructuosas
1137 3999 1365 4053 arbores
1416 4001 1777 4068 exposuisset,
1822 4003 1954 4057 satis

375 4089 621 4157 apposite
669 4089 835 4142 etiam
883 4091 1153 4144 sterilium
1205 4092 1533 4146 mentionem
1585 4093 1733 4160 fecit,
1769 4105 1954 4165 utpote

377 4179 522 4248 quod
552 4179 683 4248 ipsae
705 4195 922 4249 quoque
950 4183 1228 4250 praebeant
1246 4183 1562 4238 hominibus
1581 4188 1954 4241 necessarium

379 4285 562 4325 usum.
611 4269 824 4326 Idcirco
855 4282 910 4328 et
943 4273 1154 4328 Domini
1205 4275 1352 4341 ipsas
1385 4276 1677 4344 appellavit
1712 4295 1726 4331 :
1758 4279 1957 4348 quippe

379 4380 501 4434 qua:
538 4367 669 4434 ipsa;
715 4382 814 4421 sua
869 4374 1066 4436 sponte
1101 4366 1372 4432 oriantur,
1411 4380 1465 4420 et
1496 4381 1604 4420 non
1637 4383 1802 4420 manu
1842 4369 1955 4421 ela-

378 4457 606 4520 borata),
645 4459 738 4512 sed
781 4459 968 4520 divino
1005 4457 1171 4509 verbo
1199 4459 1307 4510 sint
1338 4458 1636 4526 productae.
1665 4457 1954 4526 Propterea

380 4547 587 4603 infert:
630 4568 648 4600 ι
689 4550 753 4602 Et
805 4548 951 4601 cedri
998 4547 1218 4611 Libani,
1265 4563 1401 4616 quas
1452 4549 1732 4618 plantasti.
1769 4567 1787 4599 ι
1835 4548 1952 4602 Non

379 4641 525 4694 enim
563 4653 851 4693 nemorum
886 4638 1127 4692 cultores
1159 4626 1326 4707 aliqui
1358 4640 1455 4692 has
1484 4639 1821 4709 plantarunt,
1863 4641 1955 4694 sed

333 4729 621 4792 .divinum
681 4729 924 4783 Verbum
981 4731 1251 4784 montium
1308 4731 1550 4784 culmina
1606 4730 1692 4785 his
1740 4731 1956 4786 abunde

378 4821 720 4875 convestivit.
780 4819 845 4874 Et
893 4820 1087 4874 Libani
1137 4821 1355 4890 quidem
1416 4823 1563 4876 velut
1618 4822 1952 4878 celeberrimi

380 4914 710 4966 mentionem
743 4913 976 4978 faciens,
1009 4922 1063 4966 et
1097 4915 1384 4969 eedrorum
1418 4931 1540 4984 quae
1570 4915 1624 4970 in
1652 4915 1772 4986 ipso
1802 4927 1954 4986 sunt,

379 5004 519 5058 alios
547 5003 712 5057 etiam
747 5012 962 5059 montes
1005 5013 1060 5058 et
1097 5006 1320 5061 arbores
1357 5022 1452 5077 per
1489 5005 1604 5062 [nec
1636 5008 1914 5065 iudicavit.

826 5155 873 5192 ἱ

478 5200 493 5240 J
539 5190 686 5245 Psal.
725 5190 887 5257 xxxv",
917 5192 973 5246 ϐ.

2052 3389 2322 3458 καρποὺς,
2361 3385 2456 3436 καὶ
2490 3381 2641 3451 ἄρτῳ
2687 3380 2784 3449 μὲν
2830 3375 3081 3446 στηρίξαι
3109 3375 3154 3406 ⁹⁹
3186 3370 3280 3425 καὶ
3327 3370 3617 3440 διαθρέψαι

2051 3478 2157 3532 τῶν
2204 3475 2511 3546 ἀνθρώπων
2567 3470 2664 3540 τὴν
2697 3471 2859 3536 φύσιν
2887 3484 2900 3496 ·
2937 3464 3063 3534 οἴνῳ
3115 3463 3169 3515 δὲ
3201 3461 3472 3532 εὐφρᾶναι
3527 3459 3619 3512 καὶ

2054 3566 2467 3638 Θυμηρεστέραν
2499 3560 2838 3632 ἐργάσασθαι
2877 3558 2976 3628 τὴν
3003 3557 3180 3624 ζωήν·
3241 3552 3405 3622 ἐλαίῳ
3452 3551 3509 3604 δὲ
3557 3551 3618 3603 ού

2056 3662 2216 3730 μόνον
2237 3657 2448 3710 ἔνδοθεν
2478 3652 2790 3724 διαθρέψαι,
2808 3650 2942 3702 ἀλλὰ
2967 3651 3059 3700 καὶ
3077 3645 3276 3712 ἔξωθεν
3304 3641 3619 3714 λαμπρῦναι

2051 3753 2122 3805 τὰ
2153 3750 2402 3819 σώματα.

2128 3849 2225 3908 ις’.
2259 3860 2277 3892 ι
2319 3837 2797 3910 Χορτασθήσονται
2825 3832 2893 3885 τὰ
2945 3831 3076 3896 ξύλα
3108 3829 3202 3882 τοῦ
3261 3828 3466 3883 πεδίου.
3503 3847 3523 3879 ι
3566 3827 3621 3880 ’0

2053 3933 2110 3986 δὲ
2148 3932 2422 4002 Ἐϐραῖος,
2465 3929 2561 3982 καὶ
2583 3928 2634 3979 οἱ
2663 3926 2844 3978 λοιποὶ
2863 3925 2903 3987 ¹,
2926 3923 3036 3976 τοῦ
3067 3922 3290 3989 Κυρίου
3319 3919 3617 3972 τεθείκασι.

2053 4025 2348 4090 Διεξελθὼν
2382 4022 2450 4075 τὰ
2477 4022 2754 4090 κάρπιμα,
2816 4015 3130 4083 ἀναγκαίως
3165 4013 3492 4082 μνημονεύει
3533 4009 3624 4062 καὶ

2053 4118 2162 4172 τῶν
2218 4115 2510 4185 ἀκάρπων,
2544 4112 2620 4173 ὼς
2653 4109 2960 4176 ἀναγκαίαν
3019 4108 3128 4168 τοῖς
3173 4103 3483 4173 ἀνθρώποις
3533 4101 3624 4154 καὶ

2055 4211 2235 4265 αὐτῶν
2274 4206 2622 4278 παρεχόντων
2667 4203 2880 4273 χρείαν.
2937 4199 3038 4252 Διὰ
3096 4197 3254 4250 τοῦτο
3287 4197 3380 4250 καὶ
3417 4196 3622 4264 Κυρίου

2055 4303 2196 4359 αύτά
2245 4298 2694 4370 προσηγόρευσεν
2719 4312 2732 4324 ·
2779 4293 2854 4357 ὡς
2893 4291 3162 4358 αύτοφυᾶ,
3204 4291 3299 4342 καὶ
3332 4288 3393 4340 οὐ
3447 4288 3625 4359 χειρό-

2055 4409 2264 4464 κμητα,
2313 4390 2450 4443 ἀλλὰ
2496 4386 2575 4457 τῷ
2605 4386 2734 4454 Θείῳ
2780 4385 2924 4454 λόγῳ
2956 4381 3355 4452 βλαστήσαντα.
3412 4377 3505 4433 Διὸ
3531 4378 3624 4430 καὶ

2056 4487 2339 4556 ἐπήγαγεν
2357 4500 2371 4514 ο
2399 4500 2416 4532 ι
2438 4481 2501 4534 Αἱ
2522 4480 2702 4548 κέδροι
2719 4475 2812 4529 τοῦ
2832 4474 3088 4531 Λιϐάνου.
3121 4471 3187 4533 ἃς
3211 4471 3516 4538 ἐφύτευσας
3536 4470 3577 4521 ³.
3604 4485 3621 4518 ι

2061 4569 2200 4629 Οὔτε
2235 4575 2343 4643 γὰρ
2377 4570 2674 4638 ἀλσοκόμοι
2728 4567 2874 4628 τινὲς
2920 4563 3124 4618 τούτων
3179 4561 3480 4630 γεγένηντο
3527 4575 3626 4628 φυ-

2060 4665 2282 4740 τουργοί
2307 4664 2454 4718 ’ἀλλ’
2505 4664 2534 4714 ὁ
2571 4661 2716 4722 θεῖος
2756 4657 2928 4724 Λόγος
2973 4654 3309 4725 ἀμφιλαφεῖς
3369 4649 3468 4712 τὰς
3525 4649 3629 4740 τῷν

2061 4739 2203 4829 ὀρῶν
2231 4754 2474 4826 κορυφὰς
2509 4752 2829 4822 εἰργάσατο.
2881 4745 2986 4798 Τοῦ
3046 4744 3229 4814 μέντοι
3282 4741 3518 4795 Λιϐάνου
3558 4739 3630 4800 ὠς

2061 4849 2338 4918 ἐπισήμου
2376 4842 2778 4916 μνημονεύσας,
2838 4837 3070 4891 καὶτῶν
3100 4837 3157 4888 ἐν
3209 4832 3360 4902 αύτῷ
3403 4831 3626 4901 κέδρων,

2063 4942 2158 4995 κα)⁸
2181 4939 2352 4994 τᾶλλα
2385 4937 2486 5008 ὅρη
2516 4935 2610 4988 καὶ
2642 4932 2834 5002 δένδρα
2862 4927 2951 4982 διὰ
2977 4926 3177 4981 τούτων
3205 4923 3475 4993 ἐδήλωσεν
3497 4922 3538 4974 ³.

1433 5345 1670 5403 VARle
1727 5344 2111 5402 LECTIONES
2148 5345 2234 5399 ET
2267 5343 2495 5401 NOTAE.

467 5500 510 5529 θ’
529 5500 750 5553 Αὐτοῦ.
778 5502 900 5554 cod.
933 5502 956 5555 1
983 5505 1198 5559 ἐαυτοῦ.
1305 5506 1352 5538 ’⁸
1386 5503 1517 5558 Καί.
1541 5503 1708 5556 Abest
1737 5518 1766 5556 a
1797 5502 1920 5558 cod.

2059 5473 2122 5533 ’π
2171 5499 2344 5554 Ἀλλ’,
2381 5497 2499 5550 (md.
2538 5498 2560 5550 Ι
2598 5496 2870 5561 summi.
2945 5493 2992 5528 θ’
3021 5496 3144 5548 Ἐν.
3174 5494 3340 5548 Ahe‘st
3363 5507 3390 5545 a
3422 5493 3546 5548 cod.
3582 5491 3635 5547 ί.

389 5566 584 5649 f"_ood.
620 5570 633 5617 I
674 5569 946 5649 στηρίσαι.
1023 5574 1390 5649 f_Oi_J,omo§.
1409 5572 1748 5649 §_ed_M01_ttf._
1777 5573 1829 5624 in
1866 5571 1938 5649 lle

2055 5571 2096 5649 l._
2125 5570 2190 5623 ad
2218 5567 2597 5649 ,ιιι-[λᾼςιυὶιω.
2630 5577 2685 5649 et
2710 5565 3072 5649 Theodotioni
3100 5565 3338 5620 vindicat
3371 5563 3636 5632 interpre-

391 5637 649 5689 tationem
683 5637 789 5691 τού
810 5642 991 5696 πεδίου
1023 5645 1250 5714 Κυρίου.
1352 5643 1370 5670 ¹
1409 5643 1605 5709 ‘Egnir.
1654 5641 1818 5696 Hebr.
1857 5641 1938 5709 pla

2052 5642 2140 5695 vit.
2218 5638 2238 5670 ³
2267 5637 2469 5702 Ἐδήλ.
2500 5637 2620 5693 cod.
2661 5639 2686 5692 1
2719 5637 3144 5706 ἐμνημόνευσεν.
