3822 6324
73 275 198 345 lT-L-l

1468 287 1550 348 IN
1587 287 1791 346 PSAL.
1827 285 1985 347 CIII.

3207 289 3346 357 I792

145 395 233 457 ις’.
282 414 298 446 ι
347 395 496 448 Ἑκεῖ
522 393 781 464 στρουθία
800 396 1212 451 ἐννοσσεύσουσι
1239 414 1251 428 ·
1279 397 1374 451 τοῦ
1398 396 1621 469 ὲρωδιοῦ
1640 397 1662 426 ⁸⁵

1839 396 2005 452 Vens.
2057 397 2144 451 l7.
2203 417 2220 449 ι
2257 398 2334 452 lbi
2382 412 2632 468 passeres
2682 397 3040 454 nidiﬁcabnnt
3076 420 3089 455 :
3131 399 3343 458 herodii

73 489 89 555 ᾖ
135 485 403 538 κατοικία
439 485 884 556 ἡγείταιαύτῶν.
921 506 940 538 ι
986 487 1046 541 '0
1069 487 1124 541 δὲ
1171 488 1402 552 Ἀκύλας
1448 489 1658 553 οὕτως’

73 577 250 630 Ἐκεῖ
273 576 453 644 ὄρνεα
487 579 948 632 νοσσεύσουσιν
970 594 986 610 ο
1031 579 1249 649 ἐρωδιῷ
1269 582 1290 614 ³
1322 579 1530 634 ἐλάται
1575 577 1658 634 οἷο

73 685 184 731 νος
242 668 426 733 αὐτῷ.
474 668 575 720 ’0⁸
631 668 686 721 δὲ
742 669 1060 740 Σύμμαχος,
1121 672 1338 725 Ὅπου⁷
1377 672 1662 738 στρουθία

73 762 500 825 ἓννοσσεύσει,
564 759 642 827 τῷ
693 763 916 815 τλιτινιἰ
958 763 1224 830 βόρατον
1276 761 1536 827 οῐκησις.
1581 763 1663 816 Τὰ

73 857 178 926 ι’ἁρ
211 857 353 909 αὐτὰ
377 856 571 928 δένδρα.
603 856 771 925 ἄλλην
803 856 901 924 μὲν
918 853 1226 925 ἀνθρώποις
1253 855 1465 924 χρείαν,
1495 854 1660 924 ἄλλην

73 945 122 997 5‘s.
163 948 282 1007 τοῖς
311 945 523 1014 ὀρνέοις
577 947 849 1014 παρέχει·
900 942 1210 1014 ἀνθρώποις
1267 944 1366 1012 μὲν
1415 945 1523 1013 γάρ
1583 947 1662 1006 είς

73 1036 424 1106 κατασκευὴν
454 1036 646 1089 οίκιῶν
685 1035 972 1108 ἐπιτήδεια
997 1052 1011 1066 ⁶
1046 1034 1158 1088 τῶν
1188 1035 1246 1088 δὲ
1293 1036 1495 1106 ὀρνέων
1524 1035 1663 1090 αύτά

73 1125 290 1195 δέχεται
321 1121 417 1190 τὰς
455 1129 720 1198 οἰκήσεις.

146 1222 240 1285 ιη’.
282 1234 300 1265 ι
338 1216 478 1286 Ὄρη
503 1216 573 1268 τὰ
596 1216 777 1287 ὑψηλά
807 1218 930 1279 ταῖς
958 1215 1180 1286 ἐλάφοις
1202 1216 1222 1248 ⁸
1248 1233 1263 1248 ·
1297 1215 1473 1289 πέτρα
1492 1235 1662 1272 κατα-

73 1304 227 1373 φυγὴ
249 1306 363 1367 τοῖς
394 1304 628 1373 λαγωοῖς
659 1305 724 1360 ³⁸.
763 1325 782 1358 ι
825 1307 900 1359 Οὐ
923 1309 1139 1380 παρορᾷ
1174 1325 1290 1373 σου,
1322 1313 1507 1380 φησιν,
1544 1311 1663 1364 οὐδὲ

73 1397 137 1446 τὰ
172 1397 387 1468 σμικρὰ
419 1397 460 1427 ¹¹
498 1398 606 1450 τῶν
634 1397 791 1461 ζώων
841 1401 874 1470 ή
907 1383 1162 1469 πρόνοια,
1202 1401 1339 1454 ἀλλά
1393 1405 1514 1466 ταῖς
1564 1404 1663 1473 μὲν

73 1486 298 1554 ἐλάφοις
319 1487 528 1550 ἔδωκας
550 1489 876 1561 ἐνδιαίτημα
901 1490 1003 1554 τὰς
1039 1491 1149 1544 τῶν
1198 1492 1341 1563 ὀρῶν
1363 1493 1619 1566 ’κορυφάς
1645 1512 1659 1526 ·

73 1580 188 1639 τοῖς
216 1577 273 1630 δὲ
319 1579 707 1651 σμικροτέροις
736 1579 846 1635 τῶν
887 1580 1066 1645 ζώων,
1124 1581 1225 1646 τὰς
1277 1583 1386 1637 τῶν
1443 1585 1664 1655 πετρῶν

73 1670 408 1734 καταδύσεις

1762 488 1958 543 domus
1985 490 2095 543 dux
2129 500 2212 544 est
2257 506 2467 546 eorum.
2510 511 2527 542 ι
2577 491 2772 560 Aquila
2807 508 2933 546 vero
2961 493 3081 548 sic:
3116 493 3197 547 lbi
3223 511 3342 548 ares

1762 581 2135 648 nidi/imbuat,
2161 581 2362 635 herodii
2383 583 2570 636 domus
2595 584 2789 637 abieles
2810 593 2950 636 sunt.
2981 584 3344 654 Symmachus

1762 687 1892 725 vero
1925 693 1937 726 :
1981 671 2082 726 Ubi
2115 691 2352 740 passeres
2387 675 2758 742 nidi/icabunt,
2801 676 2959 730 milvo
2997 677 3141 730 abies
3191 678 3342 730 habi-

1765 767 1918 815 tatio.
1963 757 2096 817 Nam
2132 767 2358 819 arbores
2388 766 2589 819 eaedem
2622 769 2786 820 alium
2833 768 3147 822 hominibus
3180 785 3340 822 usum

1722 903 1733 908 _.
1764 855 2025 922 praebent,
2059 865 2112 909 et
2162 857 2328 910 alium
2373 859 2612 913 avibus:
2659 859 2966 914 hominibus
3010 861 3228 928 quidem
3272 862 3340 914 ad

1765 947 2055 1000 domorum
2089 958 2424 1004 structuram
2460 961 2586 1005 sunt
2617 962 2775 1021 aptae,
2808 953 2986 1006 avium
3025 964 3204 1007 autem
3239 955 3340 1007 do-

1766 1058 1884 1094 mos
1920 1043 2049 1112 ipsa:
2079 1045 2368 1113 rccipiunt.

1841 1219 2002 1274 Vens.
2037 1221 2120 1275 18.
2157 1241 2173 1273 ι
2207 1222 2415 1277 Montes
2445 1225 2643 1278 excelsi
2673 1214 2869 1293 cervis,
2890 1239 3040 1296 petra
3068 1229 3338 1300 refugium

1767 1312 1977 1383 1337
2017 1313 2319 1382 leporibus.
2361 1335 2378 1366 ι
2441 1315 2558 1370 Tua
2615 1320 2973 1386 providentia,
3020 1322 3226 1391 inquit,
3273 1340 3341 1378 ne

1765 1405 2051 1472 perexigua
2095 1405 2311 1473 quidem
2367 1406 2596 1475 despicit
2647 1409 2946 1464 animantia
2985 1429 2996 1464 :
3036 1413 3129 1466 sed
3165 1414 3341 1468 cervis

1763 1495 1982 1565 quidem
2042 1496 2309 1550 montium
2355 1497 2484 1566 juga
2537 1499 2834 1568 hospitium
2867 1501 2881 1521 ‘
2913 1500 3082 1566 dedit,
3132 1502 3342 1573 exiguis

1767 1603 1894 1641 vero
1925 1588 2252 1644 animalibus
2292 1605 2548 1644 saxorum
2583 1607 2868 1647 cavernas.

150 1761 242 1814 ιθ’.
283 1780 300 1812 ς
348 1762 604 1834 Ἐποίησε
637 1763 872 1834 σελήνην
923 1765 1005 1827 είς
1053 1768 1302 1838 καιρούς.
1334 1784 1352 1818 ι
1411 1766 1492 1819 Τὰ
1521 1768 1660 1822 κατὰ

1835 1766 1998 1822 Vsus.
2034 1769 2120 1823 I9.
2163 1789 2182 1821 ε
2221 1768 2368 1825 Fecit
2403 1772 2585 1824 lunam
2619 1789 2714 1839 pro
2751 1775 3106 1842 temporibus.
3143 1795 3160 1827 ν
3192 1778 3331 1832 Cum

73 1856 180 1922 γῆν
224 1855 441 1908 ἅπαντα
489 1854 802 1922 διεξελθὼν,
851 1857 1094 1911 καὶτῶν
1141 1859 1394 1927 ἀοράτων
1447 1860 1662 1929 φύσεων

73 1943 180 2013 τὴν
221 1945 589 2015 δημιουργίαν
617 1945 820 2010 δείξας,
849 1948 945 2000 καὶ
976 1948 1084 2001 τῶν
1107 1949 1354 2019 οὐρανῶν
1379 1951 1664 2018 ὑποδείξας

73 2035 176 2104 τὴν
195 2036 436 2105 ποίησιν,
456 2036 554 2090 καὶ
573 2036 685 2090 τῶν
701 2041 1009 2110 φωστήρων
1027 2043 1263 2094 ποιεῖται
1290 2041 1389 2112 τὴν
1415 2043 1662 2113 μνήμην,

73 2126 122 2178 οἳ
165 2125 310 2179 κατὰ
368 2125 470 2198 τὴν
517 2128 789 2199 τετάρτην
821 2130 1040 2200 ἡμέραν
1074 2131 1344 2200 ἐγένοντο.
1375 2135 1485 2187 Καὶ
1513 2133 1663 2202 λέγει

73 2216 178 2285 τὴν
210 2217 305 2286 τῆς
338 2217 570 2288 σελήνης
598 2218 964 2291 δημιουργίαν
1018 2221 1108 2276 διὰ
1145 2223 1244 2292 τὴν
1292 2225 1399 2276 τῶν
1457 2226 1664 2295 καιρῶν

73 2309 412 2381 γεγενῆσθαι
467 2310 820 2367 διδασκαλίαν
847 2329 864 2346 ο
915 2315 969 2366 αί
1015 2315 1122 2385 γὰρ
1162 2315 1335 2386 αὐτῆς
1362 2317 1402 2349 ¹¹
1437 2318 1663 2372 ἀλλοιώ-

74 2418 197 2465 σεις
249 2403 566 2474 μετρεῖσθαι
623 2404 718 2458 τὸν
762 2406 955 2476 χρόνον
997 2409 1505 2478 παρασκευάζουσι.
1555 2412 1663 2466 Τοῦ

73 2495 190 2567 γὰρ
221 2496 388 2565 μηνὸς
414 2498 476 2550 τὸ
507 2497 708 2568 μέτρον
743 2497 882 2570 αὐτὴ
918 2503 1085 2564 ποιεῖ,
1113 2501 1172 2554 έν
1203 2501 1495 2566 τοσαύταις
1523 2504 1663 2574 ἡμέ-

76 2603 208 2656 ραις
229 2588 272 2619 ¹³
299 2587 544 2654 αὕξουσά
572 2606 632 2642 τε
662 2591 757 2643 καὶ
811 2591 1098 2660 φθίνουσα.
1134 2611 1153 2644 ι
1217 2593 1277 2648 '0
1306 2593 1463 2664 ἥλιος
1523 2595 1664 2664 ἔγνω

74 2679 184 2748 τὴν
215 2678 364 2732 δύσιν
389 2679 576 2736 αὑτοῦ.
615 2701 634 2732 ι
668 2683 782 2735 Οὐκ
798 2681 1040 2754 ἔμψυχος
1072 2683 1170 2752 ὢν,
1206 2685 1328 2738 οὐδὲ
1351 2685 1494 2757 λόγῳ
1522 2687 1663 2756 χρώ-

79 2785 283 2838 μενος⁹
314 2771 452 2825 ἀλλὰ
483 2772 629 2826 κατά
674 2773 765 2826 τὸν
827 2773 974 2828 θεῖον
1033 2775 1160 2846 ὅρον
1209 2777 1434 2840 ὁδεύων,
1491 2777 1664 2842 οὕτως

76 2859 361 2932 ποιεῖτὴν
401 2860 618 2932 ἡμέραν
647 2863 998 2933 φαινόμενος,
1035 2867 1132 2918 καὶ
1159 2864 1260 2934 τὴν
1302 2865 1475 2919 νύκτα
1524 2883 1663 2937 κρυ-

80 2951 354 3021 πτόμενος
384 2965 400 2980 ⁸
432 2952 528 3006 καὶ
560 2953 653 3006 τὸν
685 2954 850 3008 αὐτὸν
896 2954 1095 3028 δρόμον
1132 2956 1246 3027 ἔχει
1294 2957 1402 3021 ἀεὶ,
1442 2955 1539 3012 καὶ
1593 2959 1663 3013 τὰ

83 3041 268 3112 μέτρα
298 3042 580 3111 φυλάττει.

1774 1861 2049 1914 terrestria
2087 1862 2272 1915 omnia
2317 1875 2634 1931 persecutus
2666 1874 2832 1931 esset,
2877 1866 3344 1937 invisibilinmque

1765 1961 2082 2003 naturarum
2116 1950 2475 2014 creationem,
2520 1967 2583 2004 ac
2615 1952 2880 2006 caelorum
2928 1953 3343 2021 productionem

1764 2040 2392 2102 demonstrasset,etiam
2433 2041 2782 2095 luminarium
2822 2043 3151 2097 mentionem
3193 2043 3340 2108 facit,

1765 2147 1886 2201 qum
1913 2143 2114 2201 quarto
2146 2133 2236 2186 die
2270 2132 2411 2186 facta
2443 2131 2597 2186 luere
2627 2151 2639 2187 :
2669 2143 2723 2187 et
2770 2134 2904 2188 dicit
2937 2135 3081 2189 lunae
3108 2138 3344 2191 creatio-

1767 2241 1886 2278 nem
1916 2223 1984 2278 ob
2013 2234 2316 2294 temporum
2350 2223 2654 2278 doctrinam
2689 2224 2887 2278 factam
2917 2241 3068 2293 esse;
3101 2229 3345 2296 quando-

1765 2314 1982 2382 quidem
2035 2313 2152 2380 ejus
2206 2313 2534 2368 mutationes
2574 2313 2676 2369 hoc
2725 2314 2984 2381 elIiciunt,
3025 2326 3084 2371 ut
3129 2328 3344 2388 tempus

1767 2405 1870 2459 sub
1907 2419 2220 2460 mensuram
2251 2407 2432 2461 cadat.
2468 2408 2586 2476 Ipsa
2622 2410 2766 2462 enim
2797 2422 3110 2462 mensuram
3139 2410 3344 2464 mensis

1765 2494 1947 2561 efﬁcit,
1982 2513 2105 2550 cum
2136 2506 2212 2552 tot
2245 2499 2440 2553 diebus
2474 2508 2688 2554 crescat
2748 2506 2802 2554 et.
2853 2500 3150 2554 decrescat.
3196 2520 3213 2552 ι
3252 2501 3344 2556 Sol

1765 2589 2022 2659 cognovit
2045 2605 2303 2645 occasum
2333 2606 2515 2646 suum.
2559 2611 2577 2645 ι
2615 2591 2731 2647 Non
2769 2593 2912 2662 quod
2942 2593 3215 2649 animatus
3251 2595 3341 2662 sit,

1768 2697 1943 2751 neque
1990 2683 2134 2751 quod
2195 2684 2405 2738 ratione
2456 2685 2810 2740 utaturzsed
2861 2686 3006 2754 quod
3051 2701 3118 2740 ex
3153 2687 3344 2742 divino

1767 2776 2083 2846 praescripto
2117 2777 2219 2831 iter
2250 2760 2503 2844 faciens,
2540 2778 2621 2832 sic
2663 2793 2930 2848 apparens
2976 2780 3118 2834 diem
3149 2779 3339 2844 eﬂlcit,

1767 2876 1820 2922 et
1850 2877 2087 2935 noctem,
2121 2871 2464 2934 delitescens,
2502 2887 2774 2942 suumque
2817 2889 3037 2929 cursum
3089 2879 3340 2930 eumdem

1768 2953 2184 3030 semper'tenet,
2219 2973 2270 3019 et
2297 2980 2582 3020 mensuras
2609 2973 2916 3020 conservat.

157 3101 232 3184 34;.
277 3101 493 3186 ι’Ἔθου
526 3133 739 3200 σκότος,
767 3135 859 3188 καὶ
881 3135 1100 3205 ἐγένετο
1135 3137 1250 3204 νύξ.
1288 3158 1306 3190 ι
1362 3139 1662 3210 Ἀναγκαία

1840 3135 2006 3191 Vens.
2039 3136 2128 3192 20.
2161 3155 2180 3190 ι
2219 3137 2459 3193 Posuisti
2493 3138 2768 3204 tenebras,
2798 3149 2852 3192 et
2883 3137 3022 3193 facta
3060 3148 3142 3194 est
3177 3154 3336 3195 nox.»

80 3226 186 3277 καὶ
216 3224 420 3296 ταύτης
449 3227 482 3297 ἡ
517 3226 680 3297 χρεία
712 3243 724 3256 ·
758 3230 824 3298 τῇ
863 3228 962 3298 μὲν
987 3228 1084 3282 τοῦ
1115 3231 1292 3299 φωτὸς
1317 3231 1663 3305 ὑποχωρήσει

83 3319 458 3390 συνισταμένη
489 3335 502 3350 ·
533 3319 846 3374 ἀνάπαυσιν
865 3320 908 3352 ⁸⁸
935 3319 993 3374 δὲ
1012 3323 1126 3385 τοῖς
1157 3321 1464 3393 ἀνθρώποις
1524 3340 1666 3394 παρ-

82 3407 344 3478 εχομένη.

175 3520 194 3549 ‹
249 3501 337 3555 Ἐν
366 3503 507 3574 αὐτῇ
537 3500 906 3557 διελεύσονται
935 3505 978 3535 ’⁵
1021 3503 1198 3556 πάντα
1251 3507 1321 3558 τὰ
1352 3506 1516 3578 θηρία
1570 3508 1666 3562 τοῦ

84 3591 323 3661 δρυμοῦ.
358 3590 515 3665 [κα’.]
545 3593 784 3663 Σκύμνοι
823 3593 1128 3663 ὠρυόμενοι
1151 3593 1247 3647 τοῦ
1285 3597 1668 3666 ἀρπάσαι,καὶ

87 3685 327 3755 ζητῆσαι
356 3687 509 3757 παρά
547 3686 642 3738 τοῦ
669 3686 806 3739 Θεοῦ
833 3687 876 3717 ¹⁶
909 3685 1112 3756 βρῶσιν
1148 3687 1354 3751 αὐτοῖς.
1386 3707 1404 3739 ›
1456 3690 1516 3742 Ἡ
1559 3691 1667 3762 γὰρ

87 3773 194 3838 νὺξ
217 3776 331 3838 τοῖς
366 3775 464 3845 μὲν
495 3773 805 3845 ἀνθρώποις
831 3775 1150 3828 ἀνάπαυλαν
1195 3779 1664 3847 πραγματεύεται,

85 3864 280 3918 ἄδειαν
315 3865 372 3918 δὲ
405 3868 517 3928 τοῖς
577 3865 790 3936 θηρίοις
857 3867 1110 3937 παρέχει,
1144 3866 1283 3920 ὥστε
1328 3855 1655 3932 πεινὼσας¹’

87 3955 372 4026 ἐμπλῆσαι
399 3957 694 4028 γαστέρας.
711 3958 784 4010 Τὸ
803 3958 880 4021 δὲ,
921 3977 941 4010 ι
968 3960 1208 4029 Ζητῆσαι
1229 3959 1379 4031 παρὰ
1406 3960 1498 4013 τοῦ
1532 3960 1666 4013 Θεοῦ

89 4049 300 4120 βρῶσιν
316 4050 523 4114 αὐτοῖς,
557 4068 576 4100 ι
611 4049 733 4103 ἀντὶ
751 4048 867 4113 τοῦ,
894 4050 1230 4114 Καὶτούτοις
1247 4054 1280 4122 ἡ
1296 4051 1417 4105 θεία
1440 4051 1669 4122 Πρόνοια

86 4140 324 4210 παρέχει
369 4139 468 4210 τὴν
515 4142 731 4211 χρείαν.
774 4141 870 4220 Τὸ,
902 4141 1003 4212 μὲν
1037 4141 1146 4213 γὰρ
1202 4143 1354 4214 παρά
1393 4143 1488 4196 τοῦ
1534 4143 1667 4197 Θεοῦ

85 4235 288 4296 αἰτεῖν,
324 4233 594 4301 λογικῶνο
647 4233 708 4286 τὸ
755 4233 813 4286 δὲ
849 4233 1057 4304 ζητεῖν,
1112 4236 1208 4287 καὶ
1251 4234 1361 4288 τῶν
1403 4235 1616 4305 ἀλόγων
1650 4251 1664 4265 ’

88 4325 213 4378 ἀλλ’
243 4326 393 4394 ὅμως
423 4323 517 4378 καὶ
541 4323 756 4388 τούτοις
778 4325 807 4377 ό
827 4323 963 4389 Θεὸς
1024 4323 1124 4396 τὴν
1170 4325 1477 4394 ἀναγκαίαν
1525 4343 1665 4398 παρ-

87 4418 210 4487 έχει
236 4418 466 4488 τροφήν.

169 4508 272 4578 κβ’,
306 4517 414 4576 κγ’.
461 4528 480 4561 ‹
523 4507 822 4562 Ἀνέτειλεν
853 4509 881 4561 ὁ
909 4508 1082 4579 ἥλιος,
1114 4507 1209 4560 καὶ
1236 4509 1582 4579 συνήχθησαν
1596 4509 1661 4574 ¹⁸,

86 4601 192 4653 καὶ
224 4601 301 4663 είς
339 4599 440 4663 τὰς
509 4599 751 4669 μάνδρας
795 4598 980 4652 αὐτῶν
1037 4597 1509 4667 κοιτασθήσονται.
1553 4598 1671 4662 Ἐξ-

85 4690 373 4746 ελεύσεται
417 4691 704 4760 ἅνθρωπος
753 4689 848 4742 ἐπὶ
883 4689 945 4742 τὺ
978 4687 1140 4759 ἔργον
1188 4687 1356 4742 αὑτοῦ
1382 4705 1396 4720 ο
1433 4689 1530 4743 καὶ
1575 4692 1669 4744 έπὶ

85 4783 193 4853 τὴν
223 4781 486 4854 ἐργασίαν
518 4779 686 4835 αὑτοῦ
725 4780 831 4843 ἕως
851 4780 1113 4850 ἑσπέρας.
1151 4797 1172 4831 ι
1238 4779 1419 4832 Ἡλίου
1479 4781 1536 4833 δὲ
1579 4781 1676 4835 ἀν-

90 4875 364 4943 ίσχοντος,
393 4873 462 4926 τὰ
493 4872 592 4942 μὲν
633 4871 714 4934 είς
741 4871 840 4934 τὰς
869 4871 1075 4933 οίκείας
1105 4869 1430 4933 καταδύσεις
1455 4873 1626 4942 χωρεῖ
1652 4885 1666 4900 ·

83 4966 142 5018 οἱ
203 4965 259 5017 δὲ
297 4965 579 5034 ἄνθρωποι
627 4962 721 5017 τὸν
757 4963 859 5034 τῆς
906 4961 1244 5034 προτεραίας
1267 4961 1309 4994 ⁸⁸
1338 4961 1667 5026 ἀποθέμενοι

86 5055 283 5120 πόνον,
340 5052 646 5124 προθύμως
715 5051 880 5106 πάλιν
939 5053 999 5103 έν
1052 5051 1170 5113 τοῖς
1233 5048 1417 5121 ἔργοις
1475 5050 1666 5120 διημε-

90 5157 370 5211 ρευουσιν.

1767 3228 2122 3284 Necessarius
2163 3240 2246 3285 est
2274 3231 2436 3284 etiam
2470 3229 2634 3300 hujus
2669 3246 2844 3286 usus:
2878 3231 3016 3285 lucis
3061 3231 3205 3286 enim
3257 3251 3340 3290 re—

1766 3337 1925 3377 cessu
1960 3333 2080 3376 orta
2109 3339 2240 3389 nox,
2277 3326 2518 3392 requiem
2555 3323 2880 3378 mortalibus
2905 3325 3130 3393 praebet.

1847 3520 1865 3552 ι
1920 3500 1976 3554 In
2030 3502 2145 3566 ipsa
2201 3502 2617 3572 pertransibunt
2671 3516 2864 3556 omnes
2926 3501 3116 3557 bestiae
3171 3501 3338 3558 silvar.

1769 3591 1980 3664 [Vsus
2038 3591 2130 3663 21]
2175 3592 2354 3646 Catuli
2402 3593 2618 3648 leonum
2670 3593 2964 3662 rugientes,
3020 3601 3080 3647 ut
3109 3595 3339 3664 rapiant,

1767 3691 1821 3736 et
1850 3693 2098 3752 quaram
2125 3697 2155 3735 a
2193 3681 2302 3736 Deo
2330 3698 2512 3737 escam
2547 3683 2672 3738 sibi.
2709 3701 2728 3734 ι
2779 3681 2897 3736 Nox
2938 3684 3080 3737 enim
3114 3686 3345 3739 homini-

1771 3773 1871 3828 bus
1905 3775 2143 3842 quietem
2184 3784 2471 3840 procurat,
2513 3773 2861 3829 securitatem
2899 3789 3026 3826 vero
3067 3773 3196 3830 feris
3233 3775 3343 3829 lar-

1760 3868 1936 3942 gitur,
1982 3875 2042 3920 ut
2072 3867 2378 3920 esurientes
2415 3875 2632 3919 ventres
2679 3865 2953 3934 expleant.
3002 3862 3136 3918 Illud
3178 3881 3341 3930 vero,

1779 3957 1989 4028 [338
2021 3975 2040 4008 ι
2075 3964 2136 4010 ut
2163 3964 2409 4025 quaerant
2441 3971 2470 4008 a
2501 3955 2608 4007 Deo
2638 3969 2820 4008 escam
2867 3954 2990 4017 sibi,
3028 3973 3047 4004 ι
3083 3955 3224 4009 idem
3262 3967 3346 4011 est

1769 4053 1939 4123 quod,
1968 4051 2142 4105 Etiam
2179 4051 2263 4105 his
2285 4048 2468 4104 divina
2494 4046 2842 4102 PrOvidentia
2875 4047 3180 4101 necessaria
3206 4063 3344 4117 pra:-

1769 4141 1882 4197 bet.
1906 4139 2042 4195 Nam
2073 4154 2104 4193 a
2131 4140 2243 4193 Deo
2267 4137 2487 4207 quidem
2514 4136 2811 4206 postulare,
2837 4144 2920 4190 est
2947 4136 3158 4191 ratione
3185 4148 3343 4192 uten-

1771 4234 1935 4297 tium,
1965 4247 2215 4302 quaerere
2242 4246 2394 4296 vero,
2429 4232 2594 4284 etiam
2627 4229 2841 4284 ratione
2874 4231 3176 4285 carentium
3211 4247 3345 4287 τνθ-

1773 4335 2080 4379 rumtamen
2103 4324 2264 4378 etiam
2289 4323 2374 4377 his
2399 4322 2537 4378 Deus
2559 4323 2924 4375 necessarium
2953 4323 3345 4379 nutrimentum

1694 4439 1738 4494 ι)
1772 4418 1958 4472 donat.

1838 4506 2006 4561 Vens.
2037 4506 2128 4571 22,
2165 4505 2256 4561 25.
2337 4524 2355 4557 ι
2400 4504 2566 4560 Ortus
2613 4513 2701 4561 est
2751 4505 2865 4568 sol,
2925 4512 2978 4558 et
3031 4505 3345 4574 congregati

1767 4607 1934 4663 sunt,
1986 4604 2042 4651 et
2082 4596 2137 4650 in
2188 4595 2460 4651 cubilibus
2509 4595 2626 4650 suis
2684 4595 3115 4650 collocabuntur.
3167 4595 3348 4649 Exibit

1769 4689 1938 4743 homo
1975 4688 2044 4743 ad
2088 4703 2228 4758 opus
2259 4704 2444 4754 suum,
2483 4697 2537 4742 et
2567 4690 2633 4742 ad
2663 4690 3036 4757 Operationem
3067 4703 3221 4742 suam
3254 4704 3343 4741 us-

1772 4795 1882 4851 que
1909 4782 1978 4836 ad
2010 4796 2316 4850 vesperam.
2357 4799 2377 4833 ι
2414 4779 2640 4835 Oriente
2672 4781 2820 4845 sole,
2871 4782 2988 4836 haec
3027 4781 3243 4852 quidem
3290 4781 3342 4834 in

1774 4888 1876 4928 sua
1922 4873 2093 4928 lustra
2153 4872 2440 4927 discedunt
2482 4887 2498 4927 :
2541 4872 2790 4928 homines
2839 4888 2968 4928 vero
3021 4888 3049 4926 a
3096 4871 3345 4942 pridiano

1770 4965 1957 5020 labore
1981 4963 2233 5031 recreati,
2277 4971 2530 5034 prompte
2557 4979 2751 5021 rursus
2791 4964 2846 5019 in
2890 4965 3172 5020 laboribus
3198 4963 3341 5020 diem

1769 5058 1999 5112 ducunt.

1199 5227 1434 5284 VARle
1475 5229 1855 5287 LECTIONES
1898 5231 1983 5285 ET
2020 5230 2257 5286 NOTAE-

159 5331 183 5362 ⁸
205 5330 316 5382 Τοῦ
343 5359 412 5368 -
442 5326 658 5381 αὐτῶν.
685 5325 850 5381 Hebr.
908 5324 1147 5390 Cicom'a,
1208 5326 1401 5380 abiete:
1439 5325 1624 5379 domus
1661 5327 1796 5395 ejus.

91 5403 112 5431 ⁸
153 5398 209 5449 '0
239 5428 310 5437 —
340 5399 599 5463 οἴκησις.
630 5396 754 5452 Des.
795 5397 849 5449 in
874 5396 995 5449 cod.
1029 5397 1079 5449 1.

93 5467 262 5521 Ilehr.
304 5467 560 5521 Ibicibus.

1184 5396 1204 5426 ⁷
1245 5396 1448 5450 Ὅπου.
1490 5395 1681 5450 Montl'.
1719 5397 1756 5451 l.
1801 5413 1850 5452 c.
1894 5399 2030 5450 ἐκεῖ.

1898 5327 1920 5358 ⁵
1956 5327 2076 5380 Cod.
2183 5327 2434 5398 έρωδιοῦ.
2490 5326 2682 5382 Montt‘.
2721 5330 2757 5382 1.
2784 5344 2832 5383 c.
2892 5327 3056 5398 habet
3109 5329 3336 5398 ερωδίῳ.

2127 5397 2148 5428 ⁸
2179 5395 2370 5450 Μυηιί.
2407 5399 2442 5451 Ι.
2480 5413 2528 5452 c.
2565 5399 2746 5451 ίκτῖνι.
2852 5398 2872 5429 ⁹
2904 5397 3041 5461 Ταῖς
3066 5395 3336 5466 exiissem.

668 5468 710 5498 ¹⁰
745 5465 1026 5534 Λατωοῖς.
1066 5465 1212 5537 Hanc
1241 5467 1443 5537 codicis
1479 5467 1645 5537 Alex.

1779 5467 1954 5520 ionem
2000 5469 2112 5530 τοῖς
2141 5466 2463 5537 0',vimlicat
2507 5467 2726 5522 Hieron.
2781 5469 2832 5521 in
2885 5469 3024 5537 epist
3054 5469 3117 5520 ad
3151 5465 3260 5520 sm.
3285 5481 3340 5522 et

89 5538 238 5590 Frct.
273 5538 330 5591 In
358 5539 481 5590 co-J.
519 5535 690 5591 Vatic.
729 5521 1303 5605 Ιεε.’χοιρογρυλλίοις.
1353 5535 1556 5589 'l‘extus
1605 5534 1662 5589 ΙΙ(

1810 5537 1970 5589 habet
2009 5521 2226 5597 θυέεωὸ
2257 5538 2536 5592 cuniculis.
2586 5521 2655 5568 7"
2691 5521 2940 5605 Σμικράῖ
2967 5539 3082 5592 cod.
3124 5538 3148 5591 1
3183 5521 3340 5594 habet

93 5609 292 5677 μικρὰ,
325 5617 379 5662 ct
411 5617 726 5677 postpauca
763 5604 1127 5677 μικροτέροις.

94 5673 140 5706 εδ
163 5673 317 5731 Alea.
347 5673 511 5731 Hebr.
540 5673 726 5735 iamn
749 5673 1091 5742 ρ’·ονέριαὺίι·

467 5748 505 5777 ¹⁸
535 5747 656 5800 cod.
701 5745 870 5800 Vatic.
904 5743 1348 5812 συναχθήσονται.

91 5749 387 5815 prernde
467 5748 505 5777 ιθ
535 5747 656 5800 cod.
701 5745 870 5800 Vatic.
904 5745 1348 5812 συναχθήσονται.
1428 5747 1470 5776 ⁸⁸
1500 5745 1620 5798 cod.

1203 5605 1247 5635 “
1277 5606 1396 5659 cod.
1437 5607 1457 5658 l
1486 5605 1708 5676 ταύτης.

1200 5678 1244 5708 ¹⁶
1267 5677 1387 5728 cod.
1420 5676 1440 5728 1
1468 5674 1545 5743 τῷ
1573 5674 1712 5798 95?,

1200 5760 1348 5797 ινται.
1428 5747 1470 5776 ⁸⁸
1500 5745 1620 5798 cod.

1807 5605 1852 5644 ¹⁸
1893 5605 2175 5673 Ἡμέραις.
2195 5607 2362 5661 Abest
2387 5622 2417 5660 a
2448 5608 2564 5661 Cod.
2598 5607 2644 5660 ί.
2723 5609 2765 5638 ⁸⁸
2794 5609 2914 5663 cod.
2944 5609 2968 5662 I
2995 5607 3335 5662 ἀνάπαυλαν.

1747 5685 1976 5747 qius-est.
2015 5678 2171 5732 lectio
2203 5676 2333 5732 edit.
2374 5676 2496 5731 Ald.
2538 5687 2589 5733 et
2621 5677 2829 5747 Compl.
2908 5676 3133 5732 "Han.
3164 5679 3334 5734 eod.l

1714 5746 2007 5815 προτέρας.
