3890 6320
429 243 567 308 I703

1427 238 1914 304 THEODORETI
1952 233 2291 296 EPISCOPI
2343 228 2710 294 CYRENSIS

3551 221 3679 288 17M

491 349 660 409 Vens.
679 350 770 408 24.
798 372 814 404 ι
841 353 1014 419 Quam
1043 353 1386 424 magniﬁcam
1405 365 1532 409 sunt
1567 367 1732 422 opera
1760 361 1874 415 tua,
1905 349 2010 402 Do-

2185 347 2280 399 κδ’.
2306 364 2323 395 t
2372 344 2459 406 Ὡς
2493 339 2838 412 ἐμεγαλύνθη
2865 338 2935 392 τὰ
2965 338 3100 408 ἔργα
3133 355 3248 402 σου,
3275 338 3447 410 Κύριε
3472 341 3485 391 !
3511 339 3679 392 πάντα

425 444 592 510 mine,
626 445 811 498 omnia
845 445 1125 514 sapienter
1164 443 1364 499 fecisti.
1403 461 1421 494 ι
1462 443 1685 512 Singula
1711 457 1833 511 qua:
1862 441 2004 495 dicta

425 547 558 592 sunt
586 536 933 606 perpendens
990 534 1288 606 Pr0pheta,
1324 546 1378 592 et
1399 551 1651 607 magnam
1691 534 1786 589 Dei
1828 534 2008 603 provi-

423 627 663 683 dentiam
715 627 984 696 cogitans,
1041 627 1092 680 in
1143 627 1319 681 media
1364 625 1677 681 narratione
1722 625 1776 678 in
1819 624 2007 678 laudes

425 715 698 786 prorupit,
728 715 939 779 dicens,
976 715 1160 769 omnia
1200 715 1290 770 Dei
1335 730 1499 783 Opera
1539 714 1914 777 admirabilia,
1955 724 2009 767 et

425 808 790 862 admiratione
837 807 1029 879 digna,
1091 819 1255 877 atque
1308 809 1576 876 sapientia
1625 808 1822 861 referta
1863 823 2005 861 esse.

423 901 560 956 Nam
605 913 818 956 noctem
857 918 887 957 a
933 905 1216 958 nonnullis
1263 904 1446 973 impiis
1491 902 1783 957 calumniis
1821 901 2010 972 engi-

425 1005 617 1059 tatam,
665 995 962 1049 admodum
1006 996 1190 1049 utilem
1238 996 1465 1060 invenit,
1514 1001 1529 1016 ⁶
1563 995 1887 1063 sterilesque
1921 1009 2012 1048 ar-

427 1088 586 1140 bores
614 1087 777 1140 aliam
813 1089 1104 1140 utilitatem
1136 1087 1444 1150 afferentes,
1470 1099 1522 1141 et
1546 1103 1742 1158 genera
1768 1086 2007 1140 ferarum

430 1176 483 1229 in
534 1175 726 1230 multis
779 1177 1149 1230 conducibilia
1204 1177 1540 1230 horninibus.
1605 1195 1622 1226 ι
1656 1175 1879 1244 lmpleta
1927 1183 2012 1229 est

428 1277 571 1322 terra
622 1268 974 1337 possessione
1023 1277 1133 1322 tua.
1173 1287 1191 1318 ι
1247 1267 1574 1337 lnterpretes
1607 1267 1700 1321 alii
1745 1267 2012 1321 creatione

428 1369 760 1430 posuerunt,
818 1360 976 1429 quasi
1031 1361 1238 1415 diceret
1283 1379 1298 1414 :
1348 1356 1542 1415 Omnis
1587 1360 1802 1429 generis
1852 1357 2011 1412 bonis

428 1451 602 1519 ipsam
659 1451 978 1520 implevisti.
1033 1453 1077 1503 Α
1119 1461 1261 1504 terra
1311 1466 1476 1520 porro
1528 1450 1594 1504 ad
1643 1451 2009 1520 propinquum

430 1559 580 1595 mare
612 1543 829 1608 transit,
863 1551 918 1598 et
943 1543 1058 1597 ait:

2109 441 2166 490 ἐν
2196 438 2361 508 σοφίᾳ
2390 436 2678 504 ἐποίησας.
2717 453 2735 486 ι
2777 433 3052 486 Ἕκαστον
3091 430 3202 485 τῶν
3246 430 3556 502 εἰρημένων
3593 430 3680 482 λο-

2109 528 2405 599 γισάμενος
2453 529 2482 579 6
2509 526 2826 596 Προφήτης,
2874 525 2970 576 καὶ
3013 522 3112 593 τὴν
3146 521 3349 593 πολλὴν
3404 521 3501 576 τοῦ
3551 522 3682 574 Θεοῦ

2110 619 2435 690 κηδεμονίαν
2466 615 2824 686 καταμαθὼν,
2855 616 2913 668 ἐν
2946 614 3098 686 μέσῳ
3124 613 3225 684 τῆς
3248 613 3557 686 διηγήσεως
3587 615 3675 665 τὸν

2110 711 2277 782 ὕμνον
2300 708 2618 778 ἀνέπεμψε·
2657 706 2968 776 θαυμαστά,
3036 704 3131 758 καὶ
3181 703 3302 756 λίαν
3354 705 3681 771 άξιάγαστα,

2109 803 2204 855 καὶ¹
2235 802 2430 869 σοφίας
2461 799 2636 870 μεστὰ
2671 802 2853 869 φήσας
2897 793 3040 851 εἶναι
3086 797 3267 850 πάντα
3323 797 3418 849 τοῦ
3450 796 3586 848 Θεοῦ
3621 797 3682 847 τὰ

2111 894 2419 964 ποιήματα.
2442 884 2588 961 Εὗρε
2610 889 2720 960 γάρ
2762 889 2859 943 καὶ
2895 891 2996 962 τὴν
3029 890 3135 943 ὑπὸ
3187 905 3354 942 τινων
3408 888 3682 940 δυσσεὸῶν

2109 985 2542 1055 διαϐαλλομένην
2563 982 2736 1036 νύκτα
2774 983 2983 1053 σφόδρα
3012 983 3466 1054 χρησιμωτάτην,
3495 984 3588 1035 καὶ
3616 984 3683 1034 τὰ

2111 1079 2341 1149 ἄκαρπα
2391 1078 2529 1145 ξύλα
2565 1079 2756 1148 χρείαν
2811 1078 3009 1150 ἑτέραν
3057 1079 3418 1149 εἰσφέρονταο
3445 1079 3538 1132 καὶ
3577 1079 3684 1131 τῶν

2113 1169 2319 1240 θηρίων
2346 1169 2416 1222 τὰ
2449 1171 2583 1240 γένη
2618 1171 2698 1233 είς
2739 1168 2912 1222 πολλὰ
2943 1171 3057 1232 τοῖς
3090 1168 3403 1240 ἀνθρώποις
3431 1170 3683 1235 ἁρμόδια.

2121 1279 2140 1312 ι
2195 1260 2526 1331 Ἐπληρώθη
2557 1263 2591 1332 ἡ
2621 1262 2694 1331 γῆ
2719 1262 2820 1331 τῆς
2853 1260 3101 1331 κτήσεώς
3131 1280 3249 1316 σου.
3291 1280 3309 1313 ι
3351 1264 3414 1315 Oi
3443 1263 3498 1315 δὲ
3539 1262 3688 1316 ἄλλοι

2113 1354 2454 1425 έρμηνευταὶ
2474 1356 2731 1419 κτίσεως
2759 1354 3071 1408 τεθείκασιν
3095 1373 3110 1387 ·
3171 1356 3293 1408 ἀντὶ
3323 1355 3439 1421 τοῦ,
3483 1355 3564 1408 Πα
3576 1372 3687 1408 ηο-

2117 1445 2309 1500 δαπῶν
2343 1446 2518 1517 αὐτὴν
2548 1445 2858 1516 ἐνέπλησας
2887 1446 3129 1515 ἀγαθῶν.
3184 1447 3319 1500 Ἀπὸ
3363 1449 3545 1518 μέντοι
3591 1449 3690 1516 τῆς

2115 1538 2242 1607 γῆς,
2273 1539 2368 1592 καὶ
2401 1540 2538 1609 πρὸς
2557 1541 2602 1574 ³ο
2633 1541 2734 1610 τὴν
2766 1541 2989 1610 γείτονα
3019 1538 3299 1594 θάλασσαν
3336 1540 3652 1611 μεταϐαίνει
3673 1579 3688 1601 ,

2117 1633 2210 1683 καί
2242 1649 2410 1702 φησιν
2437 1647 2451 1662 ·

501 1719 666 1774 Vens.
710 1719 802 1774 25.
855 1737 873 1770 ι
920 1718 1034 1773 ltoc
1086 1733 1236 1773 mare
1279 1731 1538 1786 magnum
1591 1725 1646 1770 ct
1690 1717 2012 1785 spatiosum,

2189 1722 2288 1775 κε’.
2339 1741 2356 1774 t
2391 1722 2544 1796 Αὕτη
2570 1723 2888 1795 ήθάλασσα,
2915 1727 2948 1795 ἠ
2971 1725 3187 1796 μεγάλη
3219 1727 3318 1779 καὶ
3340 1725 3652 1797 εὐρύχωρος
3676 1741 3688 1754 ·

433 1814 502 1866 ibi
557 1811 806 1881 reptilia,
848 1824 1081 1880 quorum
1135 1825 1242 1862 non
1291 1819 1376 1864 est
1426 1823 1710 1872 numerus,
1755 1807 2013 1862 animalia

429 1903 622 1972 pusilla
649 1918 774 1957 cum
806 1901 1038 1970 magnis.
1078 1920 1095 1953 ι
1131 1901 1400 1955 Caeterum
1437 1900 1544 1954 hoc
1570 1915 1787 1969 quoque
1819 1899 2018 1953 divinae

430 1994 793 2049 Providentiae
809 2001 894 2048 est
916 2003 1319 2064 argumentum,
1339 1994 1483 2062 quod
1501 1993 1789 2062 perexigua
1817 2007 2014 2063 genera

430 2103 555 2140 cttm
593 2085 850 2140 maximis
883 2095 1194 2152 versentur,
1235 2095 1288 2140 ct
1319 2097 1664 2154 nequaquam
1699 2084 1924 2137 omnino
1947 2083 2018 2138 ab

433 2177 540 2232 illis
569 2187 990 2232 consumantur.

507 2265 718 2337 1339
749 2264 912 2320 Vens.
962 2264 1052 2319 26.
1087 2283 1106 2316 (
1141 2264 1220 2320 lbt
1267 2281 1432 2320 naves
1462 2274 1868 2334 pertranseunt.
1905 2283 1923 2316 ι
1953 2264 2019 2319 Ει

432 2359 550 2414 ber
599 2375 818 2428 quoque
847 2359 1083 2412 maxima
1116 2367 1200 2413 est
1224 2358 1510 2412 hominum
1546 2359 1772 2413 utilitas.
1804 2358 1905 2412 Per
1929 2374 2018 2412 ar-

435 2459 540 2506 tem
584 2451 730 2505 enim
766 2449 1218 2504 fabricandarum
1245 2449 1493 2516 navium,
1525 2458 1578 2503 et
1605 2464 1699 2518 per
1725 2448 2014 2519 navigandi

434 2547 746 2610 scientiam,
790 2546 883 2600 alii
934 2550 1001 2599 ab
1052 2546 1177 2602 aliis
1227 2561 1290 2600 ea
1343 2561 1467 2615 qua:
1505 2545 1664 2600 nobis
1711 2560 1850 2614 opus
1889 2552 2019 2599 sunt

438 2639 796 2708 percipimus.
857 2637 1182 2707 fructusque
1233 2637 1323 2706 qui
1370 2636 1515 2707 apud
1563 2651 1665 2692 nos
1717 2643 2019 2690 nascuntur

435 2731 560 2786 aliis
597 2731 1036 2800 sappeditamus,
1071 2742 1126 2785 et
1152 2731 1220 2786 ab
1247 2730 1376 2796 illis,
1413 2730 1506 2799 qui
1528 2729 1668 2799 apud
1698 2729 1844 2799 ipsos
1869 2737 2017 2795 sunt,

435 2827 761 2895 recipimus.
793 2845 811 2877 ι
849 2825 1024 2881 Draco
1055 2826 1179 2891 iste,
1211 2841 1370 2895 quem
1405 2824 1650 2880 formasti
1681 2825 1748 2879 ad
1784 2824 2018 2878 illuden-

436 2917 568 2972 dum
606 2917 677 2971 ei.
715 2937 734 2968 ι
785 2916 890 2972 Per
935 2920 1220 2972 draconem
1261 2931 1488 2986 magnos
1526 2925 1674 2970 cetos
1724 2913 2017 2979 indicavit,

439 3009 532 3078 qui
569 3009 622 3062 in
653 3011 867 3078 magnis
897 3010 1101 3078 pelagis
1136 3019 1436 3062 morantur.
1471 3008 1618 3062 lstud
1648 3018 1852 3071 autem,
1883 3024 1901 3057 ι
1936 3005 2018 3060 Διὶ

437 3102 772 3157 illudendutn
805 3103 889 3166 ci,
927 3120 944 3152 ι
1002 3117 1101 3170 pro
1143 3101 1280 3170 αὐτῇ
1314 3103 1382 3170 τῇ
1417 3099 1664 3172 θαλάσσῃ
1715 3099 2018 3155 masculino

437 3207 634 3262 genere
668 3193 804 3246 dixit
834 3210 846 3244 :
879 3192 1002 3261 quia
1036 3191 1295 3245 llebrzeus
1331 3201 1384 3244 et
1415 3190 1586 3261 Syrus
1616 3205 1768 3244 mare
1795 3204 2019 3244 mascu-

436 3286 551 3340 lino
579 3300 774 3355 genere
797 3281 1203 3347 vocant.Adeo,
1259 3281 1456 3350 inquit,
1495 3291 1580 3337 est
1629 3297 1909 3350 magnum,
1959 3289 2021 3336 ut

437 3377 650 3433 inﬁnita
689 3375 921 3444 piscium
962 3389 1160 3443 genera
1207 3374 1507 3439 contineat,
1560 3382 1615 3427 et
1658 3373 1882 3426 maximi
1912 3372 2020 3428 ceti

435 3477 554 3522 tuto
604 3467 658 3519 in
711 3466 830 3534 ipso
888 3473 1095 3517 natent.
1154 3463 1208 3517 Si
1264 3479 1395 3518 vero
1439 3464 1763 3533 quibusdam
1813 3465 2021 3534 placeat

435 3562 724 3610 draconem
758 3571 854 3625 per
881 3555 1197 3624 allegoriam
1233 3570 1525 3623 exponere,
1557 3565 1840 3626 propterea
1873 3556 2019 3625 quod

437 3651 575 3704 dicit
618 3649 793 3704 Isaias
828 3667 842 3702 :
883 3667 900 3699 ι
937 3647 1190 3702 Gladium
1237 3662 1517 3718 magnum,
1563 3657 1616 3701 et
1656 3657 1930 3712 sanctum,
1967 3654 2021 3701 et

436 3751 714 3812 potentem
756 3742 808 3795 in
845 3741 1140 3795 draconem
1175 3741 1385 3796 irruere
1417 3759 1431 3794 :
1464 3750 1772 3811 serpentem
1804 3748 2018 3794 tortuo-

435 3849 582 3897 sum,
612 3832 706 3903 qui
743 3833 796 3885 in
825 3832 966 3886 mari
1005 3831 1216 3885 habitat
1241 3833 1293 3894 ιι,
1337 3851 1355 3882 ι
1402 3846 1505 3886 nos
1545 3831 1862 3902 huiusmodi
1889 3847 2018 3885 sen-

436 3926 661 3980 tentiam
713 3939 1062 3994 nequaquam
1136 3925 1548 3994 repudiamus:
1593 3940 1717 3979 cum
1769 3932 1824 3978 et
1875 3922 2018 3994 apud

433 4017 630 4073 Jobutn
657 4018 722 4058 ι’
762 4018 1110 4071 inveniamus
1143 4017 1245 4072 boc
1272 4017 1478 4071 animal
1506 4032 1536 4071 a
1572 4017 1771 4073 divinis
1809 4019 2018 4089 angelis

437 4109 676 4165 ludibrio
725 4109 1009 4174 habitum;
1065 4117 1121 4162 et
1159 4109 1420 4162 Dominus
1451 4119 1771 4178 potestatem
1812 4111 2020 4167 dederit

437 4203 557 4256 suis
599 4200 888 4269 discipulis
918 4197 939 4238 ι
959 4240 974 4264 ,
1011 4210 1068 4256 ut
1101 4201 1416 4255 incederent
1437 4215 1599 4269 supra
1628 4211 1938 4270 serpentes,
1965 4213 2020 4258 et

435 4298 685 4366 seorpios
707 4339 722 4361 ,
757 4308 812 4352 et
843 4314 1008 4366 super
1037 4312 1257 4351 omnem
1290 4296 1587 4364 potentiam
1624 4297 1853 4352 inimici.

2117 1817 2236 1869 ἐκεῖ
2263 1817 2469 1887 ἑρπετὰ
2488 1810 2564 1872 ὧν
2596 1818 2699 1870 οὐκ
2728 1817 2874 1871 ἔστιν
2905 1817 3140 1888 ἀριθμός
3162 1835 3176 1848 ·
3205 1816 3323 1881 ζῶα
3351 1817 3527 1888 μικρὰ
3559 1817 3697 1888 μετὰ

2121 1908 2396 1979 μεγάλων.
2429 1927 2448 1961 ι
2504 1909 2615 1963 Καὶ
2672 1909 2833 1962 τοῦτο
2890 1911 2948 1963 δὲ
2996 1911 3096 1980 τῆς
3147 1909 3296 1974 θείας
3353 1910 3696 1982 Κηδεμονίας

2118 2002 2417 2072 τεκμήριον
2437 2015 2452 2030 ⁸
2487 2003 2550 2054 τὸ
2573 2000 2642 2054 τὰ
2667 2001 2880 2073 σμικρὰ
2919 2001 3050 2072 γένη
3081 2005 3198 2061 τοῖς
3221 2003 3480 2073 μεγάλοις
3503 2003 3694 2058 ἐνδιαι-

2117 2093 2340 2157 τᾶσθαι,
2386 2095 2482 2148 καὶ
2536 2095 2612 2164 μὴ
2667 2093 2950 2158 παντελῶς
2986 2093 3078 2147 ὑπ’
3122 2093 3348 2148 ἐκείνων
3406 2094 3700 2147 καταναλί-

2120 2185 2368 2240 σκεσθαι.

2191 2284 2306 2343 κςθ.
2341 2295 2361 2330 t
2399 2278 2545 2332 Ἐκεῖ
2580 2277 2741 2332 πλοῖα
2772 2278 3196 2348 διαπορεύονται
3227 2278 3294 2332 ³⁸.
3335 2297 3353 2330 ι
3396 2280 3572 2349 Χρεία
3600 2281 3698 2332 καὶ

2120 2371 2260 2442 αὑτὴ
2287 2371 2397 2425 τῶν
2421 2370 2731 2442 ἀνθρώπων
2764 2370 3022 2441 μεγίστη.
3057 2371 3155 2423 Διὰ
3185 2369 3534 2440 ναυπηγικῆς
3589 2369 3702 2440 γὰρ

2119 2461 2339 2533 τέχνης,
2381 2464 2478 2516 καὶ
2526 2463 2933 2534 κυϐερνητικῆς
2982 2462 3315 2531 ἐπιστήμης,
3361 2463 3497 2531 παρ’
3533 2460 3699 2533 ἀλλή-

2121 2556 2230 2610 λων
2251 2557 2296 2588 ¹¹
2349 2554 2696 2626 κομιζόμεθα
2727 2557 2831 2620 καὶὴ
2865 2555 2934 2608 τὰ
2975 2555 3224 2608 ἐνδέοντα
3277 2554 3373 2606 καὶ
3421 2554 3514 2608 τὸν
3570 2554 3699 2624 παρ’

2126 2648 2260 2716 ἡμῖν
2321 2646 2592 2716 φυόμενον
2643 2647 2856 2717 καρπὸν
2913 2646 3260 2718 χορηγοῦμεν
3317 2647 3547 2716 ἑτέροις,
3600 2649 3701 2700 καὶ

2122 2734 2393 2805 δεχόμεθα
2427 2734 2520 2788 τὸν
2552 2737 2682 2804 παρ’
2715 2737 2944 2800 ἐκείνοις
2988 2737 3275 2805 γινόμενον
3297 2736 3362 2788 ’³.
3407 2755 3426 2786 ι
3454 2735 3700 2806 Δράκων

2125 2820 2282 2890 οὗτος
2308 2826 2370 2880 ὃν
2393 2826 2635 2890 ἔπλασας
2666 2826 2962 2897 ἐμπαίζειν
2999 2827 3170 2898 αὐτῷ.
3209 2846 3228 2879 ι
3281 2827 3381 2880 Διὰ
3414 2827 3510 2880 τοῦ
3561 2825 3701 2894 δρά-

2125 2899 2440 2984 κοντοξτὰ
2476 2921 2690 2989 μεγάλα
2712 2919 3064 2992 παρεδήλωσε
3105 2919 3267 2990 κήτη,
3298 2918 3334 2972 ἃ
3372 2921 3487 2983 τοῖς
3526 2919 3701 2990 μεγά-

2120 3011 2234 3074 λοις
2281 3012 2578 3079 πελάγεσιν
2633 3012 3022 3083 ἐμφιλοχωρεῐ.
3089 3011 3162 3065 Τὸ
3207 3013 3283 3079 δὲ,
3346 3030 3364 3064 ι
3408 3013 3701 3081 ἐμπαίζειν

2122 3102 2291 3174 αὐτῷ,
2329 3121 2348 3154 ι
2382 3104 2503 3156 ἀντὶ
2532 3105 2626 3156 τοῦ
2647 3103 2714 3170 ’⁵,
2743 3103 2900 3171 αὐτῇ
2934 3103 3008 3172 τῇ
3032 3103 3316 3171 θαλάσσῃ
3345 3122 3360 3136 ·
3389 3103 3701 3175 ἀρρενικῶς

2125 3198 2234 3266 γὰρ
2280 3194 2453 3266 αὐτὴν
2507 3197 2536 3248 6
2571 3195 2824 3267 Ἐϐραῖος
2877 3196 2974 3248 καὶ
3022 3199 3050 3248 6
3083 3195 3253 3268 Σύρος
3293 3196 3470 3250 καλεῖ.
3520 3195 3700 3260 Οὕτω,

2123 3289 2313 3358 φησὶν,
2339 3289 2458 3340 ἐστὶ
2483 3286 2718 3358 μεγάλη,
2753 3289 2836 3340 ὅτι
2873 3289 2969 3341 καὶ
3023 3289 3092 3342 τὰ
3147 3289 3318 3359 μύρια
3349 3289 3462 3342 τῶν
3499 3289 3704 3359 ἰχθύων

2124 3379 2433 3448 περίκειται
2463 3379 2618 3447 γένη,
2651 3377 2831 3430 καὶτὰ
2862 3378 3097 3448 μέγιστα
3119 3381 3258 3448 κήτη
3294 3379 3466 3441 ἀδεῶς
3507 3380 3567 3433 ἐν
3600 3381 3699 3435 αύ-

2095 3472 2188 3540 ,τῇ
2220 3471 2466 3539 νήχεται.
2498 3470 2560 3523 Ei
2601 3469 2658 3523 δέ
2704 3487 2815 3522 τισι
2862 3469 3012 3522 δοκεῖ
3060 3470 3155 3523 καὶ
3189 3470 3563 3542 ἀλληγορῆσαι
3611 3472 3704 3525 τὸν

2121 3555 2440 3624 δράκοντα,
2472 3557 2560 3610 διὰ
2587 3557 2647 3608 τὸ
2675 3557 2769 3610 καὶ
2794 3558 2853 3610 ἐν
2875 3557 2955 3628 τῷ
2997 3557 3192 3627 Ἡσαΐᾳ
3211 3572 3256 3607 ἰ
3285 3559 3396 3628 Τὴν
3424 3560 3705 3631 μάχαιραν

2124 3647 2224 3716 τὴν
2264 3645 2530 3716 μεγάλην,
2569 3645 2664 3699 καὶ
2693 3647 2792 3715 τὴν
2827 3646 3013 3713 ἁγίαν,
3048 3646 3141 3699 καὶ
3177 3647 3276 3717 τὴν
3313 3647 3564 3717 ἰσχυράν,
3609 3649 3706 3701 ἐπὶ

2121 3735 2213 3788 τὸν
2238 3734 2510 3806 δράκοντα
2543 3737 2743 3806 χωρεῖν
2773 3752 2786 3765 ο
2811 3735 2904 3789 τὸν
2939 3735 3062 3804 ὅφιν
3098 3735 3192 3789 τὸν
3229 3736 3468 3804 σκολιὸν,
3495 3738 3590 3794 τὸν
3643 3741 3705 3793 ἐν

2119 3825 2187 3895 τῇ
2254 3822 2496 3894 θαλάττῃ
2531 3840 2544 3855 ο
2600 3841 2618 3874 ι
2678 3823 2802 3876 οὐδὲ
2861 3823 3025 3895 ἡμεῖς
3073 3826 3537 3897 παραιτησόμεθα
3604 3826 3705 3899 τὴν

2119 3915 2377 3986 τοιαύτην
2419 3914 2663 3969 διάνοιαν
2688 3931 2702 3945 ·
2761 3915 2952 3986 ἐπειδὴ
2983 3917 3080 3970 καὶ
3120 3918 3272 3988 παρὰ
3323 3917 3401 3988 τῷ
3452 3918 3574 3972 Ἰὼϐ
3608 3921 3705 3972 εὐ-

2123 4010 2391 4079 ρίσκομεν
2422 4007 2586 4061 τοῦτο
2631 4006 2692 4060 τὸ
2732 4007 2874 4072 ζῶον
2905 4007 3016 4063 ἀπὺ
3073 4009 3182 4064 τῶν
3231 4009 3394 4064 θείων
3449 4011 3707 4080 ἀγγέλων

2121 4103 2622 4175 καταπαιζόμενον.
2655 4105 2764 4158 Καὶ
2787 4107 2815 4158 6
2856 4107 3062 4178 Κύριος
3091 4106 3344 4172 ἐξουσίαν
3374 4107 3543 4162 ἔδωκε
3589 4113 3708 4174 τοῖς

2124 4198 2324 4252 ἐαυτοῦ
2355 4199 2649 4269 μαθηταῖς,
2710 4192 2904 4252 πατεῖν
2951 4200 3140 4255 ἐπάνω
3163 4201 3364 4270 ὄφεων,
3410 4201 3508 4254 καὶ
3538 4219 3708 4273 σκορ-

2121 4291 2284 4352 πίων,
2309 4291 2403 4346 καὶ
2435 4292 2528 4344 ἐπὶ
2556 4292 2738 4344 πᾶσαν
2766 4291 2867 4360 τὴν
2888 4290 3118 4361 δύναμιν
3142 4290 3237 4344 τοῦ
3269 4291 3490 4364 ἐχθροῦ.

513 4385 676 4441 Vens.
709 4387 801 4440 27.
838 4406 857 4438 ι
895 4386 1093 4439 Omnia
1126 4400 1155 4437 a
1189 4394 1240 4438 te
1269 4393 1609 4452 exspectant,
1667 4397 1726 4440 ut
1769 4387 1866 4442 des
1911 4386 2015 4442 illi

2196 4382 2302 4444 κζ’.
2366 4398 2384 4430 ι
2423 4380 2609 4432 Πάντα
2645 4379 2781 4450 πρὸς
2825 4379 2885 4431 σὲ
2934 4379 3298 4450 προσδοκῶσι,
3351 4378 3539 4434 δοῦναι
3603 4381 3711 4446 τὴν

433 4478 619 4534 cibum
657 4479 710 4532 in
767 4489 1031 4546 tempore.
1073 4497 1090 4527 ι
1141 4480 1185 4528 A
1225 4485 1298 4538 te,
1340 4477 1437 4539 ait,
1489 4489 1794 4546 opportune
1831 4478 2015 4532 omnia

433 4585 555 4639 quae
582 4585 724 4638 opus
761 4575 893 4623 sunt
922 4576 1228 4636 reportant.
1275 4567 1590 4620 Animantia
1622 4568 1766 4622 enim
1803 4568 2017 4625 ratione

431 4659 675 4714 carentia
721 4659 906 4712 cibum
942 4657 1161 4726 quidem
1207 4665 1478 4724 quaerunt,
1527 4656 1840 4725 largitorem
1887 4673 2016 4714 vero

437 4752 694 4820 ignorant
723 4768 736 4801 :
764 4749 1047 4818 accipiunt
1080 4755 1260 4802 tamen
1295 4746 1445 4802 hunc
1473 4762 1503 4800 a
1535 4745 1810 4802 Crcatore.

502 4845 670 4900 Vens.
709 4842 802 4897 28.
840 4861 859 4894 ι
898 4841 1070 4896 Dante
1099 4849 1154 4896 te
1182 4840 1312 4906 illis,
1356 4838 1630 4910 colligent.
1660 4857 1682 4892 ι
1717 4841 1733 4859 ⁶
1769 4838 1844 4894 Te
1876 4856 2012 4911 prac-

432 4939 598 4993 bente
632 4938 775 4991 hanc
805 4935 1164 5002 afﬂuentiam,
1206 4935 1402 4989 horum
1435 4935 1864 5006 unumquodque
1890 4952 2013 5006 per-

433 5027 640 5084 fruitur
695 5027 858 5082 bonis
903 5025 1007 5080 sibi
1057 5023 1508 5082 accommodatis.
1555 5022 1769 5095 1340
1823 5043 1841 5075 ι
1879 5027 2020 5091 Ape-

504 5206 536 5247 ι
575 5218 684 5264 tsa.
722 5222 895 5268 xxvtt.
939 5207 988 5261 1.
1069 5210 1132 5242 ι’
1171 5208 1272 5265 Job
1304 5225 1409 5274 xu,
1452 5211 1538 5264 45.

2122 4473 2331 4544 τροφὴν
2360 4472 2539 4526 αὐτῶν
2564 4473 2644 4534 είς
2673 4470 2950 4542 εὔκαιρον.
2994 4489 3013 4524 ι
3054 4472 3209 4544 Παρὰ
3247 4471 3364 4538 σοῦ,
3402 4472 3592 4544 φησὶν,
3623 4475 3709 4538 είς

2123 4566 2316 4637 καιρὸν
2356 4567 2574 4620 ἅπαντα
2603 4566 2701 4634 τὴν
2731 4564 2920 4634 χρείαν
2948 4564 3254 4635 κομίζεται.
3278 4564 3361 4637 Τὰ
3386 4564 3496 4636 γὰρ
3531 4564 3708 4632 ἄλογα

2123 4658 2280 4728 ζητεῖ
2308 4659 2408 4725 μὲν
2433 4659 2532 4728 τὴν
2561 4656 2771 4726 τροφήν
2791 4672 2804 4686 ·
2829 4657 3014 4724 ἀγνοεῖ
3049 4656 3107 4709 δέ
3153 4655 3245 4710 τὸν
3278 4656 3521 4728 χορηγόν
3549 4674 3563 4686 ·
3618 4655 3710 4711 δέ·

2122 4765 2280 4818 χεται
2315 4747 2371 4800 δὲ
2399 4748 2549 4816 ὅμως
2577 4745 2783 4817 ταύτην
2812 4745 2968 4816 παρὰ
2999 4744 3093 4799 τοῦ
3125 4744 3380 4816 Ποιητοῦ.

2193 4846 2302 4909 κη’.
2341 4858 2359 4891 ι
2394 4839 2588 4901 Δόντος
2610 4856 2704 4892 σου
2739 4839 2948 4904 αὐτοῖς,
2978 4837 3342 4903 συλλέξουσιν.
3370 4857 3391 4890 ι
3418 4836 3521 4890 Σοῦ
3556 4853 3704 4908 παρα

2128 4933 2351 5002 ἐχοντος
2377 4930 2474 5001 τὴν
2505 4930 2790 5000 ἀφθονίαν,
2814 4931 3022 4984 τούτων
3051 4931 3283 4985 ἕκαστον
3299 4929 3612 5002 καρποῦται
3631 4926 3702 4980 τὰ

2131 5025 2440 5094 πρόσφορα.
2475 5043 2492 5075 ι
2541 5021 2954 5089 Ἀνοίξαντοςδέ
2991 5040 3085 5076 σου
3119 5022 3218 5094 τὴν
3247 5025 3426 5094 χεῖρα,
3460 5022 3532 5077 τὰ
3557 5019 3700 5091 σύμ·-

1539 5409 1771 5466 νΑιὶιχΕ
1815 5406 2204 5464 LECTIONES
2244 5406 2334 5462 ET
2373 5404 2598 5464 ΝΟΤΔΞ.

499 5580 548 5611 ’⁸
589 5582 694 5634 Kal
729 5580 895 5649 πρός.
962 5577 1086 5635 cod.
1121 5578 1142 5631 1
1203 5576 1322 5649 ἐπί.

1432 5575 1475 5606 ²¹
1507 5573 1630 5628 cod.
1663 5575 1681 5625 ἱ
1755 5569 2156 5628 διαπορεύεται.

2257 5567 2301 5598 ⁸³
2334 5565 2456 5623 cod;
2494 5565 2514 5619 l
2579 5565 2851 5638 ἀλλήλοις.
2953 5565 3000 5600 ³³
3029 5567 3160 5620 Fur.
3196 5562 3317 5620 cod.
3353 5561 3376 5618 1
3415 5560 3687 5634 φυόμενον,

427 5621 1142 5722 ιωι·ἰι;ίξίἷῐῖίξῖί1οξἦδίιιέ
1165 5621 1356 5703 altera.
1435 5644 1481 5677 “
1510 5621 1680 5698 lar-ri
1715 5621 2043 5697 zérIfAbé'si
2073 5621 2101 5693 a
2133 5635 2255 5694 cod.
2295 5638 2332 5691 1.
