3822 6324
66 253 262 321 1705

1494 244 1574 304 IN
1603 243 1812 304 PSAL.
1871 239 2036 300 CIII.

3262 233 3403 300 1706

66 389 306 428 παντο.
326 371 379 403 ³⁸
432 366 839 439 πλησθήσονται
873 364 921 396 ³⁸
967 362 1364 434 χρηστότητος.
1398 380 1418 413 ι
1453 362 1566 432 Τὴν
1622 363 1711 415 eo.
1743 369 1787 425 Α

1855 358 1995 413 lente
2027 368 2079 412 te
2106 367 2332 411 manum
2377 361 2550 419 tuam,
2592 350 2776 407 omnia
2820 350 3195 422 implebuntur
3243 350 3403 406 boui-

68 464 318 519 κολίαν
352 463 455 532 τῆς
474 460 584 514 τῶν
622 457 845 529 ἀγαθῶν
874 455 1147 528 χορηγίας
1185 454 1278 509 διὰ
1329 457 1538 509 τούτων
1584 454 1713 524 ἐδή-

71 557 321 612 λωσεν.
370 557 586 625 Ὠσπερ
613 552 724 623 γὰρ
752 550 989 614 εὐπετὲς
1021 549 1156 603 είσω
1184 548 1508 611 νενευκότας
1539 548 1716 600 ἐκτεῖ-

74 668 201 704 ναι
242 647 580 711 δακτύλους,
628 644 775 697 οὓτω
826 642 1008 713 ῥᾴδιον
1037 643 1115 711 τῷ
1168 639 1286 710 Θεῷ
1331 638 1442 690 τῶν
1493 637 1716 706 ἀγαθῶν

76 742 395 797 ἁπάντων
427 737 785 810 δωρήσασθαι
812 735 908 806 τὴν
933 734 1129 805 φοράν.
1172 772 1177 777 .

184 836 309 893 κθν.
354 854 375 887 ι
425 831 900 903 Ἀποστρέιζναντος
923 830 982 881 δέ
1008 846 1107 881 σου
1152 828 1215 881 τὸ
1256 827 1574 897 πρόσωπον,
1620 843 1715 880 τα-

88 928 528 1001 ραχθήσονται.
567 943 586 975 ι
621 923 892 992 Καθάπερ
919 921 977 975 δὲ
1013 919 1196 991 πάσης
1242 921 1509 990 ὲμφορείς
1542 917 1721 993 θυμη-

86 1022 244 1086 δίας
283 1021 416 1083 τοὺς
462 1016 572 1071 τῶν
606 1015 835 1083 ἀγαθῶν
886 1013 1288 1078 ἀπολαύοντας,
1348 1015 1407 1067 ἐν
1457 1011 1721 1083 εὐμενείᾳ

89 1112 309 1167 ταῦτα
336 1109 683 1182 δωρούμενος
710 1123 726 1139 ο
751 1105 926 1171 οὑτως
960 1104 1447 1178 ἀποστρεφομένου
1481 1121 1597 1166 σου,
1625 1120 1722 1157 τα·

92 1204 312 1276 ραχῆς
335 1203 558 1258 ἅπαντα
588 1202 684 1254 καὶ
711 1199 872 1262 δέους
897 1197 1269 1267 ἐμπίπλαται.
1320 1215 1338 1249 ι
1381 1194 1723 1259 Ἀντανελεῖς

95 1299 186 1351 τὸ
226 1294 461 1366 πνεῦμα
484 1291 687 1358 αὑτῶν,
715 1291 809 1346 καὶ
839 1291 1173 1360 ὲκλείψουσι,
1206 1290 1303 1344 καὶ
1349 1292 1433 1354 είς
1465 1290 1557 1343 τὸν
1592 1288 1722 1360 χοῦν

98 1389 323 1446 αὑτῶν
344 1386 767 1459 ἐπιστρέφουσι.
807 1404 825 1438 ι
866 1384 967 1438 Σοῦ
999 1384 1114 1457 γὰρ
1160 1384 1511 1455 βουλομένου,
1552 1385 1650 1438 καὶ
1695 1384 1724 1434 ὁ

102 1486 230 1556 τῆς
256 1483 446 1554 ψυχῆς
475 1482 569 1534 καὶ
610 1482 639 1532 ὁ
663 1479 762 1533 τοῦ
825 1477 1085 1549 σώματος
1138 1477 1354 1546 γίνεται
1396 1475 1676 1547 χωρισμός
1702 1489 1720 1506 ο

111 1578 260 1649 μεθ’
288 1576 350 1630 δν
372 1576 414 1607 ⁸⁷
449 1575 511 1627 τὸ
540 1573 699 1643 σῶμα
720 1571 898 1644 φθορᾷ
930 1569 1309 1641 παραδίδοται,
1348 1570 1443 1622 καὶ
1496 1571 1577 1631 εἰς
1633 1567 1726 1622 τὸν

106 1669 416 1742 πρόγονον
455 1664 757 1721 ἀναλύεται
784 1663 938 1734 χοῦν.
972 1662 1218 1733 Πνεῦμα
1254 1662 1314 1715 δὲ
1349 1658 1586 1717 ἐνταῦθα
1627 1658 1726 1730 τὴν

107 1759 324 1831 ψυχὴν
347 1757 819 1830 προσηγόρευσεν.

204 1848 280 1904 λ’.
328 1868 349 1900 ‹
402 1845 822 1911 Ἐξαποστελείς
843 1842 908 1897 τὸ
937 1841 1160 1913 πνεῦμά
1183 1856 1302 1906 σου,
1357 1840 1452 1895 καὶ
1500 1840 1729 1911 κτισθή-

121 1959 358 2005 σονται,
417 1941 516 1993 καὶ
562 1938 900 2000 ἀνακαινιεῖς
948 1935 1010 1989 τὸ
1057 1935 1350 2006 πρόσωπον
1403 1933 1504 2004 τῆς
1535 1934 1659 2002 γῆς.
1705 1949 1724 1983 ι

139 2031 435 2088 Ἐνταῦθα
467 2029 658 2098 σαφῶς
702 2029 838 2100 ἡμῖν
867 2027 967 2098 τὴν
1025 2026 1327 2080 ἀνάστασιν
1362 2020 1728 2096 προεκήρυξε,

118 2128 245 2179 καὶ
275 2125 377 2194 τὴν
405 2122 494 2176 διὰ
512 2121 607 2174 τοῦ
641 2119 916 2187 παναγίου
943 2119 991 2151 ⁸⁸
1035 2116 1357 2189 Πνεὺματος
1403 2115 1729 2171 ἀναϐίωσιν.

122 2212 313 2266 Οῦτω
338 2212 395 2265 δὲ
424 2211 521 2264 καὶ
563 2209 755 2272 Ἠλίας
784 2211 813 2261 ὁ
839 2208 982 2262 πάνυ
1020 2210 1118 2278 τῆς
1176 2209 1352 2278 χήρας
1407 2207 1530 2277 τρὶς
1549 2206 1597 2238 ’³
1629 2206 1734 2275 ἐμ-

131 2305 411 2376 φυσήσας
430 2301 509 2372 τῷ
537 2300 838 2372 παιδαρίῳ,
862 2300 960 2352 καί
986 2297 1074 2351 διὰ
1102 2299 1200 2369 τῆς
1217 2296 1536 2365 ὲνοικούσης
1566 2313 1734 2350 πνευο

130 2397 403 2468 ματικῆς
452 2397 680 2467 χάριτος
734 2390 1105 2461 ἐπαναγαγὼν
1162 2391 1311 2463 ζωήν
1326 2390 1371 2425 ³⁸
1397 2408 1410 2423 ·
1459 2389 1606 2444 οὑτω
1641 2387 1737 2444 καὶ

151 2487 470 2550 Ἐλισσαῖος
487 2486 582 2539 τὸν
604 2485 703 2552 τῆς
721 2485 822 2538 Σου
832 2482 1107 2553 μανίτιδος
1120 2481 1458 2553 ὲζωοποίησε
1477 2481 1520 2513 ³¹
1546 2479 1735 2542 παῖδα,

132 2582 231 2651 τῷ
277 2578 634 2650 πνευματικῷ
683 2578 1034 2649 χρησάμενος
1083 2575 1467 2646 ἐμφυσήματι,
1513 2570 1611 2626 καὶ
1661 2569 1739 2642 τῷ

141 2672 414 2742 ζωοποιῷ
463 2670 741 2741 πνεύματι
788 2669 1365 2740 πραγματευσάμενος
1418 2664 1516 2738 τὴν
1565 2662 1737 2732 ζωήν.

133 2765 319 2819 (ὶὺτω
347 2765 448 2835 τῆς
482 2764 633 2828 θείας
656 2763 963 2832 δυνάμεως,
997 2761 1092 2815 καὶ
1117 2760 1277 2833 τήνδε
1321 2760 1421 2832 τὴν
1452 2758 1741 2832 ἐνέργειαν

138 2857 362 2924 δείξας,
396 2860 476 2921 εἰς
504 2854 782 2927 ὑμνῳδίαν
827 2853 1132 2926 μεταφέρει
1161 2852 1261 2922 τὴν
1286 2851 1536 2922 γλῶτταν
1550 2850 1619 2905 ³⁸.

229 3037 335 3093 λα’.
373 3055 393 3089 ι
431 3037 639 3106 Ἠτωὴ
663 3034 792 3101 δόξα
820 3033 1031 3103 Κυρίου
1081 3034 1164 3100 εἰς
1201 3033 1328 3096 τοὺς
1375 3030 1581 3094 αἰῶνας
1601 3032 1667 3084 ³⁸.
1711 3048 1730 3081 ι
1764 3067 1811 3126 c

165 3129 313 3195 ‘Asi,
338 3129 525 3199 φησὶν,
549 3127 714 3180 αὑτὸν
736 3125 892 3198 παρὰ
921 3126 1145 3180 πάντων
1169 3121 1457 3194 ὑμνεῖσθαι
1504 3122 1736 3176 δίκαιον.

153 3221 618 3292 Εὐφρανθήσεται
649 3219 854 3292 Κύριος
886 3220 979 3274 ἐπὶ
1009 3220 1124 3284 τοῖς
1146 3218 1329 3288 ἔργοις
1355 3216 1546 3272 αὑτοῦ.
1572 3235 1591 3269 ν
1627 3216 1740 3286 Τὴν

156 3314 436 3384 ἐσομένην
486 3314 597 3365 τῶν
645 3312 953 3383 ἀνθρώπων
1006 3309 1340 3380 θεογνωσίαν
1395 3308 1485 3362 διὰ
1534 3306 1741 3361 τούτων

154 3406 440 3459 ἐθέσπισε.
472 3404 587 3475 Τῆς
605 3405 718 3475 γὰρ
738 3405 1013 3476 προτέρας
1037 3404 1257 3474 ἀπάτης
1278 3402 1389 3456 τῶν
1435 3401 1533 3455 ἀνθ
1544 3401 1741 3473 ρώπων

156 3495 616 3564 ἀπαλλαγέντων,
643 3496 737 3547 καὶ
771 3493 1087 3566 δεξαμένων
1114 3493 1208 3548 τοῦ
1252 3492 1392 3546 Θεοῦ
1432 3491 1534 3561 τὴν
1617 3490 1740 3542 ὲπί-

160 3603 396 3654 γνωσιν,
422 3585 866 3656 εὐφρανθήσεται
885 3584 932 3617 ³⁸
967 3584 1121 3649 Θεὸς,
1156 3585 1218 3639 οὑ
1242 3581 1738 3655 προσκυνούμενος,

159 3676 310 3731 ἀλλὰ
338 3677 684 3747 σωζομένους
718 3676 881 3747 ὁρῶν.

236 3766 335 3837 λβ’.
389 3787 408 3819 ι
471 3768 530 3822 ’0
587 3766 903 3821 ἐπιϐλέπων
954 3766 1046 3820 ἐπὶ
1090 3766 1188 3839 τὴν
1237 3768 1363 3836 γῆν,
1425 3766 1521 3819 καὶ
1574 3764 1742 3833 ποιῶν

164 3858 341 3927 αὑτὴν
365 3858 590 3927 τρέμειν
607 3874 620 3889 ο
664 3859 693 3910 ὁ
721 3857 1028 3927 ἁπτόμενος
1052 3856 1162 3910 τῶν
1198 3857 1393 3927 ὀρέων,
1418 3857 1513 3908 καὶ
1540 3854 1741 3908 καπνί-

166 3949 377 4013 (ev-rat.
421 3968 441 4001 ι
480 3949 723 4013 Εἰκότως
765 3950 941 4003 ταῦτα
977 3949 1358 4021 προστέθεικε,
1389 3948 1451 4000 τὸ
1496 3947 1744 4010 ἀνενδεὲς

165 4041 437 4095 διδάσκων
486 4045 588 4114 τῆς
636 4042 786 4107 θείας
827 4042 1063 4112 φύσεως.
1097 4043 1173 4097 Οὑ
1218 4042 1326 4113 γὰρ
1362 4042 1437 4104 ὡς
1489 4040 1744 4110 δεόμενος

163 4135 428 4204 τέρπεται
476 4136 959 4207 προσκυνούμενος
984 4153 999 4167 ·
1051 4134 1166 4189 ἀλλ’
1197 4134 1274 4197 ὡς
1306 4133 1501 4199 σώζειν
1545 4131 1745 4204 βουλό-

171 4243 352 4298 μενος,
386 4223 487 4296 τὴν
529 4225 788 4298 ἀλήθειαν
828 4227 1112 4281 δείκνυσιν
1162 4227 1258 4280 καὶ
1304 4226 1552 4291 κολάζειν
1584 4224 1745 4279 δυνά-

171 4335 352 4389 μενος,
395 4319 499 4373 οὑκ
531 4319 785 4392 ἐπιφέρει
829 4320 928 4391 τὴν
969 4319 1227 4373 κόλασιν·
1263 4320 1357 4373 καί
1386 4337 1469 4372 τοι
1508 4320 1643 4390 μόνῃ
1677 4319 1742 4389 τῇ

1818 458 1953 505 tate.
2005 467 2025 500 ι
2093 446 2434 502 Facilitatem
2485 441 2945 514 suppeditatiouis
2993 442 3261 496 bonorum
3307 454 3404 510 per

1819 541 1935 594 lucc
1966 537 2290 591 declaravit.
2342 532 2498 588 Sicut
2539 534 2687 588 enim
2734 532 2893 588 facile
2941 540 3026 586 est
3068 531 3271 602 digitos
3315 530 3403 584 in-

1820 642 2060 685 trorsum
2120 628 2349 684 innexos
2405 626 2701 682 extendere
2749 644 2761 679 ε
2816 626 2898 681 sic
2947 624 3108 680 facile
3162 633 3247 680 est
3293 622 3405 679 Deo

1820 722 2065 776 ninnium
2104 721 2380 775 bonorum
2413 718 2627 788 cupiam
2659 715 2868 786 largiri.
3050 782 3053 785 _

1892 813 2063 870 Vsus.
2098 813 2192 868 29.
2240 830 2261 864 ι
2300 815 2595 867 Avertente
2625 821 2807 865 autem
2857 818 2908 863 te
2940 808 3168 871 faciem,
3217 806 3405 862 turba-

1820 908 2046 962 buntur.
2082 923 2100 959 ι
2136 903 2609 970 Quemadmodum
2655 911 2836 957 autem
2877 903 3023 955 omni
3075 899 3260 955 laetitia
3309 913 3408 956 cos

1822 999 2043 1070 imples,
2077 998 2171 1067 qui
2205 997 2366 1051 bouis
2394 995 2775 1066 perfruuntur,
2826 994 3087 1049 benevole
3140 994 3256 1047 haec
3298 992 3410 1046 lar-

1824 1094 1978 1164 giens
2007 1109 2020 1145 :
2048 1091 2241 1147 eodem
2287 1089 2454 1144 modo
2486 1096 2770 1144 avertente
2806 1098 2877 1153 te,
2916 1085 3325 1156 perturbatione
3354 1094 3411 1139 et

1825 1167 2024 1240 timore
2047 1183 2234 1238 omnia
2263 1182 2582 1252 implentur.
2617 1198 2636 1231 ι
2662 1178 2893 1234 Auferes
2917 1178 3169 1248 spiritqu
3191 1192 3409 1243 eorum,

1825 1290 1881 1334 et
1928 1278 2204 1340 deﬁcient.
2253 1286 2309 1333 et
2363 1277 2419 1331 in
2456 1275 2732 1345 pulverem
2773 1289 2935 1330 suum
2985 1281 3343 1327 revertentur.
3385 1289 3405 1322 ›

1828 1372 1904 1428 Te
1926 1373 2074 1429 enim
2094 1372 2337 1437 volente,
2361 1378 2414 1425 et
2439 1368 2638 1424 animae
2662 1376 2719 1422 et
2732 1367 2982 1438 corporis
3002 1365 3062 1422 ﬁt
3081 1364 3409 1421 divortium:

1826 1475 1953 1538 post
1998 1466 2145 1538 quod
2210 1479 2414 1536 corpus
2465 1462 2862 1531 corrumpitur,
2906 1460 3052 1515 etin
3113 1458 3414 1530 pristinum

1829 1562 2112 1633 pulverem
2161 1558 2505 1614 dissolvitur.
2558 1555 2822 1626 Spiritum
2869 1554 3080 1609 scilicet
3138 1553 3244 1609 hoc
3293 1552 3417 1608 loco

1830 1655 2069 1709 animam
2114 1651 2422 1723 appellavit.

1908 1835 2079 1890 Vens.
2117 1832 2209 1889 30.
2248 1850 2271 1884 ι
2304 1831 2533 1887 Emittes
2565 1828 2820 1899 spiritum
2850 1834 3029 1891 totum,
3067 1835 3122 1883 et
3144 1826 3420 1883 creabun-

1834 1936 1945 1991 tur,
1983 1936 2037 1981 et
2066 1923 2360 1981 renovabis
2392 1922 2588 1978 faciem
2626 1932 2807 1976 terrae.
2846 1937 2866 1972 ›
2912 1917 3026 1974 Hoc
3055 1919 3109 1975 in
3153 1918 3274 1975 loco
3303 1934 3421 1976 ma-

1834 2019 2035 2075 nifeste
2090 2017 2551 2074 resurrectionem
2608 2015 2767 2071 nobis
2826 2015 3112 2085 praedixit,
3185 2023 3241 2071 et
3295 2015 3422 2070 vitae

1834 2111 2277 2175 restitutionem,
2318 2124 2444 2179 qua:
2493 2109 2831 2165 sanctissimi
2874 2108 3110 2179 Spiritus
3154 2107 3423 2164 beneﬁcio

1835 2202 2124 2270 contingit.
2172 2201 2265 2255 Sic
2311 2211 2496 2255 autem
2528 2209 2577 2255 et
2627 2200 2775 2256 Elias
2824 2201 2915 2255 ille
2945 2215 3177 2270 magnus
3206 2200 3335 2255 fecit
3355 2207 3418 2264 ω.

1837 2310 1963 2349 cum
2014 2292 2247 2363 puerulo
2300 2292 2477 2348 viduae
2515 2302 2595 2348 ter
2647 2293 3007 2364 inspirasset,
3057 2307 3296 2362 eumque
3327 2307 3423 2362 per

1837 2386 2070 2457 gratiam
2121 2383 2369 2455 spiritus,
2399 2399 2521 2454 qua:
2566 2385 2620 2438 in
2669 2385 2789 2454 ipso
2822 2384 3121 2450 habitabat,
3164 2385 3222 2439 in
3251 2383 3419 2439 vitam

1838 2479 2195 2533 reduxisset:
2240 2477 2321 2532 sic
2366 2476 2531 2532 etiam
2579 2476 2809 2531 Eliszeus
2844 2475 3018 2531 ﬁlium
3056 2474 3423 2531 Sumanitidis

1839 2572 2023 2626 vivum
2054 2569 2235 2626 eﬁ'eeit
2264 2579 2355 2638 ιιοο,
2410 2585 2535 2626 cum
2590 2569 2817 2638 spiritus
2873 2569 3241 2625 insuiilatione
3285 2583 3423 2624 usus

1840 2676 2006 2730 esset,
2074 2673 2128 2719 et
2190 2663 2356 2719 vitam
2416 2661 2630 2717 viviﬁeo
2684 2661 2879 2730 spiritu
2933 2669 3303 2732 procurasset.
3360 2659 3424 2717 la

1843 2759 1994 2814 hunc
2018 2758 2243 2812 modum
2271 2756 2515 2811 divinam
2539 2755 2860 2825 potentiam,
2892 2755 3122 2825 ejusque
3155 2755 3264 2808 vim
3295 2769 3427 2810 cum

1842 2851 2217 2918 ostendisset,
2275 2849 2519 2921 linguam
2570 2847 2639 2904 ad
2688 2848 3043 2905 celebrandas
3095 2847 3187 2903 Dei
3234 2847 3427 2905 laudes

1840 2943 2130 2999 convertit.

1916 3035 2080 3091 Vsus.
2105 3035 2196 3091 3i.
2227 3055 2245 3088 ι
2275 3035 2359 3090 Sit
2389 3034 2563 3107 gloria
2592 3033 2809 3090 Domini
2838 3034 2894 3088 in
2929 3034 3184 3090 sarculau
3213 3031 3425 3104 13‘],

1849 3126 2100 3197 Semper,
2130 3128 2225 3194 ait,
2251 3129 2321 3182 ab
2346 3128 2603 3184 oumibus
2624 3143 2753 3183 eum
2772 3126 3026 3183 laudibus
3054 3127 3193 3182 allici
3219 3126 3429 3197 justum

1847 3227 1950 3273 est.
1983 3234 2003 3269 ι
2043 3215 2345 3272 Laetabitur
2376 3217 2647 3274 Dominus
2678 3217 2748 3273 de
2787 3218 3047 3288 Operibus
3091 3219 3229 3274 suis.
3258 3237 3278 3271 ο
3319 3216 3433 3273 Fu-

1849 3317 2029 3362 turam
2063 3305 2157 3361 Dei
2186 3306 2556 3377 cognitionem
2588 3307 2645 3362 in
2675 3306 2992 3362 hominibus
3018 3323 3117 3378 per
3148 3307 3267 3363 haec
3286 3308 3429 3362 vati-

1851 3399 2070 3455 cinatus
2104 3408 2232 3455 'est.
2302 3397 2638 3456 Hominibus
2688 3401 2836 3456 enim
2887 3417 2920 3456 a
2973 3401 3204 3472 pristino
3245 3416 3433 3457 errore

1850 3493 2120 3559 liberatis,
2147 3491 2352 3563 Deique
2374 3492 2747 3564 cognitionem
2773 3494 3004 3564 adeptis,
3028 3494 3241 3549 laetatur
3262 3493 3430 3558 Deus,

1852 3601 1965 3640 non
2002 3590 2131 3656 quia
2159 3585 2380 3649 colitur,
2424 3586 2518 3641 sed
2553 3586 2683 3657 quia
2725 3585 2873 3642 videt
2911 3587 3164 3643 homines
3198 3589 3431 3644 salutem

1849 3686 2200 3733 consecutos.

1921 3768 2089 3825 Vsus.
2123 3770 2214 3825 32.
2268 3790 2285 3822 ι
2318 3769 2424 3836 Qui
2477 3771 2701 3840 respicit
2742 3779 2981 3835 terram,
3034 3783 3087 3827 et
3137 3753 3271 3828 facit
3309 3789 3432 3828 eam

1849 3871 2085 3933 tremere
2126 3877 2143 3913 :
2180 3859 2276 3929 qui
2325 3861 2496 3930 tangit
2539 3870 2786 3926 montes,
2819 3869 2872 3916 et
2916 3861 3204 3929 loinigant.
3247 3881 3267 3916 ι
3301 3862 3435 3919 Jure

1826 3951 1969 4017 λιιωο
2003 3952 2279 4022 apposuit,
2322 3951 2527 4007 docens
2573 3953 2817 4007 divinam
2867 3963 3118 4008 naturam
3174 3955 3324 4010 nulla
3376 3973 3436 4012 re

1854 4042 2116 4111 indigere.
2177 4041 2297 4097 Non
2349 4044 2494 4098 enim
2548 4054 2607 4098 ut
2653 4045 2905 4116 indigens
2954 4045 3255 4102 delectatur
3305 4064 3432 4103 cum

1852 4134 2050 4189 colitur
2078 4143 2106 4183 P
2139 4151 2152 4187 :
2190 4135 2283 4189 sed
2314 4145 2373 4189 ut
2414 4136 2645 4190 salutem
2693 4137 2937 4207 praebere
2979 4139 3186 4203 volens,
3236 4141 3435 4194 verita-

1855 4237 1962 4281 tem
2008 4226 2279 4291 ostendit,
2332 4239 2387 4282 ct
2424 4243 2548 4283 cum
2583 4228 2823 4299 plectere
2851 4231 3051 4300 possit,
3100 4247 3207 4286 non
3240 4232 3438 4303 inﬂigit

1853 4334 2096 4391 ptenam,
2141 4320 2243 4375 etsi
2302 4321 2420 4376 sola
2450 4324 2468 4343 ‘
2499 4338 2599 4377 sua
2634 4324 2925 4394 praesentia
2968 4333 3169 4379 terram
3202 4328 3432 4397 quatiat,

172 4409 466 4482 ἐπιφανείᾳ
502 4410 664 4465 σείων
688 4410 788 4482 τὴν
838 4413 965 4482 γῆν,
994 4411 1090 4465 καὶ
1124 4411 1295 4482 πυρὸς
1326 4412 1419 4464 καὶ
1443 4408 1651 4465 καπνοῦ
1681 4413 1750 4467 τὰ
1783 4420 1787 4469 Ἰ

1856 4422 1910 4467 et
1952 4412 2076 4482 igne
2125 4427 2191 4466 ac
2233 4412 2387 4468 furno
2424 4423 2637 4470 montes
2669 4414 2910 4485 impleat.
2943 4416 3056 4470 Hoc
3100 4433 3232 4472 sane
3277 4427 3330 4472 et
3379 4417 3435 4471 iu

169 4502 278 4572 ὅρη
303 4501 543 4572 πληρῶν.
571 4501 746 4557 Τοῦτο
766 4502 824 4556 δὲ
856 4502 949 4557 καὶ
979 4504 1037 4557 ὲν
1065 4502 1140 4573 τῷ
1171 4503 1302 4574 Σινᾷ
1318 4503 1432 4575 θρει
1457 4503 1746 4573 πεποίηκε’

169 4594 275 4664 τὴν
322 4593 532 4647 οἰκείαν
574 4596 682 4666 γὰρ
724 4595 1094 4666 ποιησάμενος
1135 4596 1481 4664 ἐπιφάνειαν,
1516 4595 1577 4647 τὸ
1624 4594 1748 4667 ὅρος

176 4686 325 4740 ἅπαν
351 4684 518 4750 ἔδειξε
552 4686 974 4758 καπνιζόμενον.

246 4773 343 4844 λγ¹.
388 4795 406 4828 ι
444 4776 597 4848 ’ᾼσω
626 4777 704 4848 τῷ
737 4779 927 4849 Κυρίῳ
964 4781 1023 4831 ἐν
1062 4780 1128 4850 τῇ
1171 4777 1283 4849 ζωῇ
1319 4796 1443 4848 μου,
1480 4779 1634 4850 ψαλῶ
1671 4781 1751 4851 τῷ

173 4863 295 4936 Θεῷ
333 4883 433 4936 μου
475 4866 583 4930 ’ἐως
619 4868 870 4939 ὑπάρχω.
902 4887 922 4920 ι
964 4868 1078 4922 Καὶ
1108 4868 1285 4922 ταῦτα
1320 4868 1546 4933 εἰκότως
1578 4888 1750 4941 προσ-

169 4956 433 5014 τέθεικεν.
478 4979 497 5012 ι
543 4961 618 5013 Οὑ
656 4962 766 5033 γάρ
824 4963 971 5015 ἐστιν
1004 4963 1061 5015 ἐν
1120 4962 1198 5033 τῷ
1234 4960 1504 5033 θανάτῳὸ
1537 4980 1754 5036 μνημο-

172 5046 344 5103 νεύων
398 5051 607 5117 αὑτοῦ,
654 5055 713 5106 ἐν
765 5053 823 5105 δὲ
864 5053 942 5125 τῷ
1004 5052 1106 5126 ᾄδῃ
1168 5054 1251 5118 τίς
1291 5055 1748 5128 ἐξομολογήσεται

250 5249 290 5278 ω
324 5237 389 5293 lli
428 5238 560 5313 Reg.
593 5256 724 5306 xvn,
760 5241 852 5293 ει.

943 5246 1029 5275 n-o
1070 5238 1137 5296 ιγ
1173 5239 1313 5311 Reg.
1357 5254 1431 5305 iv,
1471 5238 1560 5293 5-4.
1642 5249 1669 5289 P
1705 5239 1947 5309 lsa.xrx,
1987 5243 2082 5308 9.0.
2150 5253 2181 5294 ἰ
2219 5242 2362 5300 Psal.
2402 5260 2482 5313 Vt,
2520 5245 2575 5301 5.

1857 4517 2043 4562 monte
2075 4504 2227 4562 Sinai
2264 4507 2392 4564 fecit
2428 4528 2441 4564 :
2472 4526 2598 4564 cum
2650 4513 2797 4567 enim
2848 4514 3212 4584 apparuisset,
3257 4522 3434 4570 totum

1855 4611 2101 4656 montem
2149 4601 2455 4658 fumantem
2487 4604 2742 4661 reddidit.

1931 4775 2101 4832 Vens.
2134 4777 2226 4833 55.
2266 4796 2284 4829 ι
2324 4778 2573 4835 Cantabo
2606 4780 2838 4839 Domino
2878 4785 3069 4839 invita
3102 4800 3242 4851 mea,
3291 4785 3438 4854 psal-

1854 4870 1965 4924 lam
2018 4871 2129 4926 Deo
2179 4887 2303 4927 meo
2354 4873 2593 4942 quandiu
2640 4874 2818 4930 fuero.
2870 4895 2890 4929 ι
2953 4876 3019 4931 Et
3063 4876 3178 4932 inec
3242 4878 3437 4932 merito

1863 4963 2095 5019 addidit.
2128 4962 2263 5018 Nam
2304 4984 2324 5014 ι
2365 4982 2470 5019 non
2506 4975 2590 5021 est
2633 4967 2688 5020 in
2728 4979 2936 5033 morte,
2982 4970 3075 5040 qui
3118 4986 3327 5025 memor
3366 4970 3439 5026 sit

1860 5054 2000 5126 ejus,
2048 5054 2100 5109 in
2148 5055 2363 5110 inferno
2401 5068 2585 5111 autem
2631 5058 2755 5127 quis
2796 5061 3143 5117 confitebitur
3184 5060 3288 5131 ipsi
3314 5058 3381 5114 tl?
3411 5077 3430 5112 ι

2748 5277 2813 5332 J

1303 5399 1540 5461 VARIAZ
1573 5402 1961 5462 LECTlONES
1986 5404 2075 5459 ET
2099 5403 2332 5461 ΝΟΤΔν.

245 5520 391 5604 "fit
408 5531 755 5604 σύμπαντα.
788 5532 958 5588 Abest
1015 5550 1045 5588 a
1088 5544 1236 5590 textu
1275 5536 1443 5593 Hebr.
1519 5541 1566 5574 ³⁸
1594 5542 1782 5604 Πληθ.

1855 5538 2003 5594 debr.
2051 5540 2413 5597 satiabuntur.

176 5600 228 5676 ξς
259 5602 409 5676 Epic.
443 5601 568 5676 cod.
602 5601 626 5652 1
674 5618 861 5676 prtem.
886 5604 1173 5676 ἀνέστησε
1231 5608 1326 5663 τὸν
1385 5611 1521 5666 υἱόν.
1598 5612 1643 5643 ³⁸
1677 5600 1787 5663 Ζωτ

1855 5610 2098 5665 .cod.l

179 5664 228 5697 ³⁹
259 5664 378 5739 Τὴῦ
399 5664 692 5741 γλῶτταν.
719 5673 842 5727 cod.
876 5672 899 5724 1
937 5673 1028 5727 τὸν
1066 5664 1245 5742 λογον.

499 5767 777 5827 ΡΑτιιοῐ..
817 5769 933 5829 Gn.
954 5769 1195 5831 LXXX.

2511 5541 2704 5598 "cod.
2740 5543 2765 5598 1
2795 5537 2878 5599 οὗ.
2954 5544 3003 5579 ⁸³
3029 5546 3153 5601 cod.
3185 5547 3210 5601 1
3251 5548 3429 5604 ἁγίου.

2159 5626 2346 5680 praem.
2397 5614 2498 5677 εἰς.
2572 5613 2618 5646 ³⁸
2647 5611 2881 5674 Ἐζωοπ.
2940 5615 3107 5672 Abest
3145 5633 3191 5672 a'
3216 5611 3339 5678 cod.
3373 5618 3426 5681 ἕ.

2996 5775 3073 5840 st
3114 5735 3153 5745 ”

1345 5680 1390 5713 ³⁸
1419 5679 1544 5737 cod.
1578 5678 1754 5737 Vatic.
1784 5680 1876 5733 τὸν
1911 5680 2104 5737 αἰῶνα.
2160 5678 2172 5680 “
2193 5681 2239 5713 ³⁵
2258 5682 2382 5739 cod.
2413 5683 2440 5738 1
2473 5683 2850 5755 εὐφραίνεται.
