3890 6320
441 198 582 266 1707

1438 183 1931 247 THEODORETI
1960 183 2302 244 EPISCOPI
2333 182 2703 244 CYRENSIS

3552 168 3706 231 I708

437 313 536 369 Sic
575 310 743 367 fatuis
781 307 1088 381 virginibus
1127 301 1354 359 thalami
1390 301 1561 372 janna
1597 296 1818 353 occlusa
1854 297 1957 351 iuit
1979 306 2015 363 ι’,

2131 297 2320 368 αὑτῷ;
2354 317 2372 349 ι
2421 296 2609 359 Οὕτως
2632 292 2978 364 ἀπεκλείσθη
3015 292 3137 356 ταῖς
3169 292 3378 362 μωραίς
3417 289 3714 359 παρθένοις

438 421 564 463 cum
599 404 949 461 ferendarum
991 399 1304 470 latnpadum
1347 404 1562 465 tempus
1608 395 1714 452 olei
1749 391 2026 462 emptione

439 493 851 554 contrivissc'nt.

510 672 678 726 Vens.
714 668 807 724 54.
847 685 865 720 ι
903 663 1217 721 iucundum
1247 663 1322 718 sit
1350 663 1401 717 ei
1441 660 1724 732 eloquium
1758 674 1960 715 meum.
1997 677 2019 711 ι

440 762 766 834 Eloquium,
841 758 1207 831 Symmachus
1269 752 1769 810 sermocinationem
1845 750 2021 807 dixit:

436 854 633 927 Aquila
674 868 806 909 vero
855 850 1197 921 colloquium.
1243 847 1517 902 Caeterum
1553 859 1772 916 precor,
1820 843 1918 910 ait,
1964 853 2024 898 ut

438 950 522 1002 hae
560 960 698 1002 meae
740 944 932 999 laudes
971 939 1312 997 dulcissimae
1369 946 1425 993 et
1473 936 1892 1008 iucundissimae
1940 935 2024 989 vi-

435 1039 689 1096 deantur.
720 1055 738 1090 ι
779 1037 892 1107 Ego
930 1048 1062 1091 vero
1105 1031 1420 1089 delectabor
1448 1030 1503 1084 in
1535 1028 1789 1085 Domino.
1829 1046 1848 1080 ι
1885 1026 2021 1083 Nam

434 1135 562 1198 hoc,
595 1133 692 1197 ait,
743 1128 1018 1201 perfecto,
1069 1127 1196 1181 hinc
1237 1124 1479 1179 laetitiam
1524 1121 1845 1193 percipiant.

508 1308 674 1364 Vens.
708 1306 802 1361 55.
838 1322 857 1357 ι
893 1302 1160 1358 Deficiunt
1194 1306 1512 1371 peccatores
1541 1311 1573 1351 a
1611 1293 1824 1367 131,2
1855 1305 2020 1359 terra,

434 1413 489 1458 et
542 1400 737 1470 iniqui,
792 1398 866 1452 ita
919 1404 978 1450 ut
1020 1408 1131 1449 non
1188 1393 1319 1447 sint.
1356 1409 1376 1443 ι
1436 1388 1735 1458 Postquam
1780 1386 2022 1442 divinam

432 1491 903 1567 pulchritudinem
952 1484 1479 1556 inexplicabilcsque
1549 1479 1807 1547 divitias,
1852 1487 1908 1532 ut
1954 1480 2022 1533 ab

432 1589 676 1641 humana
722 1591 925 1636 natura
961 1577 1080 1633 licri
1121 1575 1313 1647 potuit,
1350 1573 1652 1640 enarravit,
1688 1585 1880 1626 omnes
1922 1568 2021 1624 ho-

2125 389 2222 443 τοῦ
2257 388 2580 459 ’νυμφῶνος
2615 389 2661 420 ³⁸
2716 388 2752 458 ὴ
2814 384 2977 456 θύρα,
3036 383 3129 437 τὸν
3192 382 3292 452 τῆς
3354 379 3715 451 λαμπαδοςνο-

2129 481 2252 551 ρίας
2280 482 2325 513 ³⁸
2374 479 2567 551 καιρὸν
2633 479 2712 543 εἱς
2770 474 3076 549 ἀγορασίαν
3142 473 3331 528 ἐλαίου
3389 472 3714 542 δαπανησα-

2128 591 2274 636 σαις.

2195 666 2289 721 λδ’.
2333 684 2350 716 ι
2421 663 2708 735 Ἦδυνθείη
2758 661 2912 733 αὐτῷ
2973 662 3007 732 ἡ
3058 660 3283 732 διαλογὴ
3340 677 3468 731 μου.
3528 677 3548 712 ι
3594 658 3712 721 τὴν

2125 757 2441 830 διαλογὴν,
2500 757 2775 821 διάλεξιν
2823 758 2852 809 ὁ
2906 754 3209 825 Σύμμαχος
3264 752 3526 825 εἴρηκεν
3572 754 3603 806 ὁ
3651 753 3713 804 δὲ

2137 854 2394 920 Ἀκύλας,
2425 852 2690 924 ὁμιλίαν.
2727 849 2974 922 Εῦχομαι
3029 848 3108 914 δὲ,
3154 846 3311 917 φησὶ,
3359 843 3566 914 ταύτην
3602 860 3711 913 μου

2124 947 2224 1019 τὴν
2272 948 2550 1019 ὑμνῳδίαν
2590 947 2818 1017 ἡδίστην
2867 943 2964 997 καὶ
3012 940 3391 1013 τερπνοτάτην
3451 936 3712 1008 ὀφθῆναι.

2129 1057 2149 1091 ι
2191 1038 2335 1109 Ἐγὼ
2367 1038 2425 1092 δὲ
2459 1036 2916 1110 εὐφρανθήσομαι
2951 1037 3043 1089 ἐπὶ
3068 1034 3146 1107 τῷ
3174 1034 3387 1105 Κυρίῳ.
3426 1053 3446 1085 ι
3499 1032 3707 1087 Τούτου

2124 1131 2256 1202 γάρ,
2290 1132 2478 1202 φησὶν,
2523 1129 2838 1202 γινομένου,
2878 1128 2992 1198 ἐγὼ
3014 1129 3114 1200 τὴν
3141 1124 3397 1181 ἐντεῦθεν
3432 1124 3703 1196 εὐθυμίαν

2124 1223 2515 1295 καρπώσομαι.

2193 1314 2291 1371 λε’.
2331 1335 2350 1369 ι
2397 1315 2747 1371 Ἐκλείποιεν
2786 1315 2832 1348 ³⁷
2892 1313 3209 1386 ἁμαρτωλοὶ
3242 1312 3356 1368 ἀπὸ
3409 1312 3510 1382 τῆς
3555 1310 3661 1381 γῆς
3687 1325 3705 1338 '

2123 1408 2219 1464 καὶ
2252 1407 2469 1481 ἄνομοι,
2520 1409 2664 1463 ὥστε
2712 1406 2789 1478 μὴ
2824 1406 3098 1478 ὑπάρχειν
3127 1405 3349 1468 αὐτούς.
3382 1422 3402 1455 ι
3445 1403 3520 1456 Τὸ
3561 1402 3709 1455 θεῖον
3794 1478 3816 1491 ¹

2123 1499 2342 1564 κάλλος,
2394 1500 2493 1553 καὶ
2534 1500 2629 1553 τὸν
2661 1500 2910 1572 ἄρρητον
2950 1497 3182 1552 πλοῦτον
3215 1496 3292 1561 ὡς
3333 1497 3465 1567 ὲνῆν
3494 1493 3709 1567 ἀνθρω-

2123 1593 2256 1665 πείᾳ
2291 1594 2458 1663 φύσει
2494 1588 2812 1658 διεξελθὼν,
2858 1590 3069 1654 πάντας
3104 1587 3432 1662 ἀνθρώπους
3475 1588 3573 1658 τῆς
3608 1587 3710 1639 αὖ-

424 1678 611 1733 -mincs
657 1675 906 1746 ejusdem
952 1668 1287 1739 cognitionis
1340 1666 1636 1738 participes
1678 1663 1795 1718 ﬁeri
1834 1660 2015 1732 cupit,

2127 1655 2243 1753 τῆς.
2274 1655 2607 1754 μεταλαχεῖν
2658 1655 2933 1753 ἱμείρεται
2983 1655 3263 1749 γνώσεως,
3314 1679 3411 1733 καὶ
3596 1677 3711 1731 τῶν

431 1780 602 1841 atque
645 1775 998 1839 peccatorum
1048 1760 1428 1817 conventicula
1472 1758 1692 1829 penitus
1741 1755 2013 1820 deﬁciant,

425 1863 707 1934 supplicat
739 1877 754 1913 :
788 1873 895 1913 non
942 1864 1003 1910 ut
1042 1853 1144 1923 ipsi
1186 1853 1459 1909 intereant
1497 1850 1803 1921 postulans,
1833 1847 1927 1903 sed
1957 1854 2016 1902 ut

421 1962 713 2011 mutentur
756 1951 1077 2012 obsecrans,
1116 1955 1172 2002 et
1216 1954 1274 1999 ut
1320 1959 1513 1998 eorum
1559 1955 1751 2012 agmen
1791 1937 2017 1993 desistat

426 2045 763 2116 eiliagitans,
824 2056 947 2094 cum
992 2036 1064 2092 ad
1111 2036 1379 2090 bonorum
1426 2041 1612 2103 partes
1656 2028 2014 2093 transierint,

420 2137 758 2205 divinasque
803 2146 891 2186 res
933 2128 1244 2184 didicerint.
1301 2125 1579 2181 Caeterum
1630 2123 1674 2178 si
1724 2122 1850 2192 quis
1904 2120 2019 2175 haec

425 2228 600 2284 verba
645 2226 805 2279 aliter
857 2220 1159 2291 intelligere
1224 2217 1492 2280 voluerit,
1541 2213 1699 2285 quasi
1756 2211 2017 2282 propheta

420 2319 635 2392 impios
673 2316 932 2373 homines
974 2309 1448 2368 exsecrationibus
1489 2306 1806 2377 subiiceret,
1849 2302 2013 2357 etiam

421 2415 536 2469 hoc
577 2415 741 2481 pacto
788 2404 1103 2477 apostolicae
1140 2403 1406 2458 doctrina:
1453 2397 1864 2468 respondentem
1917 2408 2012 2448 ra-

424 2505 813 2562 ticinationem
864 2497 1126 2554 inveniet.
1173 2494 1384 2549 Etenim
1431 2493 1622 2546 beatus
1660 2488 1864 2544 Paulus
1908 2485 2015 2540 Cor-

423 2599 655 2655 rinthiis
701 2593 977 2657 scribens,
1023 2591 1169 2644 hunc
1235 2586 1420 2658 posuit
1469 2584 1629 2639 linem
1665 2601 1679 2638 :
1720 2600 1739 2634 ι
1787 2580 1847 2636 Si
1890 2580 2017 2651 quis

431 2702 543 2744 non
602 2684 784 2756 diligit
829 2678 1120 2736 Dominum
1174 2675 1400 2740 .lesum,
1449 2674 1741 2727 anathema
1785 2670 1953 2726 sit“:
1992 2687 2011 2721 ι

426 2782 539 2838 hoc
575 2778 723 2837 enim
771 2775 1054 2846 proprium
1098 2781 1421 2831 esteorum,
1456 2766 1554 2835 qui
1579 2763 1792 2819 ardenti
1834 2763 2019 2817 animo

431 2882 643 2932 amant.
680 2891 699 2925 ι
731 2866 991 2934 Benedic,
1012 2863 1197 2920 anima
1220 2874 1363 2927 mea,
1379 2857 1633 2914 Domino.
1672 2877 1690 2909 ι
1722 2856 1826 2922 Qui
1853 2848 2020 2927 igitur

2117 1772 2467 1846 ἁμαρτωλῶν
2498 1775 2733 1845 πάμπαν
2759 1773 2803 1806 ³³
2821 1772 3077 1842 ὲκλεῖψαι
3099 1772 3411 1845 συμμορίαν
3446 1769 3706 1827 ἱκετεύει·

2123 1862 2225 1917 οὐκ
2261 1864 2465 1929 αὐτοὺς
2502 1863 2802 1919 ἀπολέσθαι
2842 1863 3182 1935 παρακαλῶν
3210 1903 3224 1928 ,
3254 1861 3393 1917 ἀλλά
3429 1862 3709 1935 μεταϐληο

2129 1951 2288 2024 θῆναι
2323 1955 2613 2027 δεόμενος,
2678 1957 2774 2010 καὶ
2822 1954 3141 2010 παύσασθαι
3177 1953 3358 2009 αὐτῶν
3410 1955 3473 2009 τὸ
3507 1952 3711 2025 στῖφος

2126 2047 2426 2103 ἀντιϐολῶν
2485 2046 2954 2120 μεταταξαμένων
3009 2046 3108 2101 καὶ
3157 2046 3586 2118 μεταμαθὼτων
3636 2046 3708 2099 τὰ

2125 2137 2264 2193 θεῖα.
2292 2138 2357 2191 El
2377 2138 2436 2192 δέ
2454 2156 2539 2202 τις
2561 2138 2765 2211 ἑτέρως
2793 2137 2968 2191 ταῦτα
3004 2136 3416 2208 βούλεταινοεῖν
3445 2138 3517 2190 τά
3538 2138 3704 2208 ῥητὰ,

2114 2229 2191 2293 ὼς
2228 2229 2324 2285 τοῦ
2369 2230 2658 2302 προφήτου
2697 2230 2828 2294 τοὺς
2877 2229 3172 2302 δυσσεϐείᾳ
3210 2228 3492 2295 συζῶντας
3566 2229 3705 2282 ὑπο--

2116 2321 2412 2386 ϐάλλοντος
2439 2322 2624 2393 ἀραῖς,
2667 2322 2763 2376 καὶ
2794 2321 2969 2386 οὕτως
3003 2322 3233 2393 εὑρήσει
3263 2323 3329 2392 τῇ
3365 2320 3707 2391 ἀποστολικῇ

2115 2411 2441 2483 διδασκαλίεδι⁴
2470 2411 2571 2482 τὴν
2604 2411 2953 2482 προφητείαν
2986 2409 3420 2481 συμϐαίνουσαν.
3453 2409 3569 2464 Καὶ
3594 2410 3706 2480 γὰρ

2115 2505 2149 2557 ὁ
2172 2505 2443 2574 μακάριος
2475 2502 2689 2567 Παῦλος
2733 2500 3046 2574 Κορινθίοις
3068 2501 3425 2567 ἐπιστέλλων,
3459 2501 3705 2555 τοιοῦτον

2118 2595 2534 2669 ἀκροτελεύτιον
2557 2595 2800 2649 τέθεικεν
2826 2613 2841 2626 ·
2881 2614 2899 2647 ι
2959 2596 3023 2649 Εἴ
3059 2612 3145 2659 τις
3186 2596 3248 2648 ού
3282 2594 3431 2664 φιλεί
3460 2593 3553 2649 τὸν
3586 2594 3704 2648 ne.

2122 2704 2238 2760 ριον
2283 2685 2580 2759 Ἰησοῦν³⁹,
2647 2686 2767 2758 ητω
2811 2685 3087 2757 ἀνάθεμα.
3146 2704 3165 2737 ι
3217 2685 3377 2740 ἰδιον
3425 2686 3537 2757 γὰρ
3592 2686 3700 2739 τῶν

2120 2776 2339 2849 θερμῶς
2396 2775 2766 2848 ἀγαπώντων.
2827 2797 2849 2830 ι
2902 2777 3155 2846 Εὐλόγει,
3199 2777 3233 2849 ἡ
3283 2778 3428 2849 ψυχή
3463 2796 3591 2849 μου,
3611 2779 3700 2852 τὴν

2119 2868 2411 2940 Kuptov“.
2458 2887 2476 2921 ι
2526 2870 2590 2922 0i
2632 2869 2729 2940 μὲν
2757 2863 2849 2921 οὖν
2883 2868 3073 2939 ὑμνεῖν
3118 2868 3209 2922 τὸν
3251 2868 3531 2923 τοσούτων
3560 2870 3698 2938 ἀγα·

425 2977 517 3025 tot
541 2967 813 3023 bonorum
841 2961 1162 3030 largitorem
1198 2952 1432 3009 laudare
1461 2949 1754 3015 noluerint,
1802 2948 1892 3002 illa
1922 2961 2015 3016 pa-

2127 2960 2234 3016 θῶν
2288 2962 2527 3033 χορηγὸν
2571 2961 2634 3015 ού
2686 2960 3005 3056 βουλάμενοι
3033 3003 3048 3028 ,
3111 2964 3296 3014 ἐκεῖνα
3338 2961 3705 3030 πασχέτωσαν

421 3061 641 3114 οιίιιιιιιιιο
685 3069 809 3126 ουκ
850 3052 985 3108 dixi.
1042 3048 1125 3102 Tu
1171 3060 1321 3110 vero,
1372 3059 1406 3099 o
1442 3041 1656 3106 anima,
1699 3050 1852 3094 tuum
1895 3036 2014 3091 Sal-

433 3160 692 3209 vatorem
719 3157 775 3204 et
821 3145 1085 3216 Opilicem
1116 3141 1171 3195 in
1194 3139 1395 3195 coelum
1438 3133 1720 3207 perpetuis
1759 3131 2014 3186 laudibus

414 3240 588 3298 ωπον.

850 3368 1127 3426 lNTEllP.
1168 3364 1419 3424 PSALMI
1459 3361 1593 3420 CIV.

493 3487 762 3544 Alleluia.
793 3485 859 3539 Et
890 3483 979 3538 hic
1010 3481 1255 3575 psalmus
1283 3479 1455 3535 Deum
1487 3476 1869 3532 universorum
1894 3473 2015 3528 lau-

419 3583 598 3639 dibus
653 3578 940 3636 celebrare
989 3566 1164 3647 jubet.
1208 3572 1324 3629 lioc
1361 3574 1375 3593 ‘
1422 3570 1666 3627 declarat
1707 3566 2010 3638 inscriptio.

431 3672 668 3729 Alleluia
703 3671 873 3736 enim,
910 3666 1154 3723 Laudate
1190 3665 1476 3720 Dominum
1515 3668 1705 3728 sonat,
1751 3661 1796 3716 si
1838 3654 2012 3715 inter-

2123 3052 2268 3125 ἅπερ
2299 3053 2500 3123 είρηκα
2531 3068 2543 3082 ·
2597 3052 2664 3105 σὺ
2710 3051 2792 3118 δὲ,
2821 3045 2866 3106 ὦ
2903 3051 3074 3123 ψυχὴ,
3130 3053 3427 3123 ἐνδελεχῶς
3466 3056 3557 3107 τὸν
3610 3053 3704 3107 σὺν

2123 3146 2285 3218 ὕμνει
2316 3145 2663 3219 Δημιουργὲιν
2706 3146 2802 3200 καὶ
2830 3146 3080 3218 Σωτῆρα.

2436 3367 2705 3422 ΕΡΜΗΝ.
2728 3365 2867 3420 ΤΟΥ
2901 3367 3018 3420 PA’.
3056 3365 3376 3421 ΨΑΛΜΟΥ.

2199 3486 2596 3553 Ἀλληλούϊιι.
2640 3485 2867 3556 ’Υμνείν
2914 3484 3010 3537 καὶ
3039 3480 3192 3549 οὗτος
3224 3487 3252 3539 ὁ
3273 3485 3493 3558 ψαλμος
3532 3478 3700 3561 παρα-

2115 3576 2400 3631 κελεύεται
2452 3577 2544 3630 τὸν
2605 3577 2714 3631 τῶν
2767 3577 2902 3630 ὅλων
2963 3576 3136 3629 Θεὸν·
3184 3577 3336 3649 δηλοί
3396 3580 3454 3634 δὲ
3512 3582 3609 3639 καὶ
3662 3584 3697 3651 ἠ

2115 3669 2423 3741 ἐπιγραφή.
2477 3670 2551 3723 Τὸ
2586 3670 2696 3742 γάρ
2745 3671 3113 3740 ἀλληλούϊα,
3146 3671 3375 3727 Αἰνεῖτε
3425 3675 3535 3727 τὸν
3581 3676 3699 3729 Κύ-

418 3764 676 3838 ,ριοιει-ἱς.
699 3764 958 3820 Caeterum
971 3759 1382 3834 promissionum
1395 3775 1422 3815 a
1434 3758 1542 3815 Deo
1561 3757 1628 3816 ad
1674 3753 2012 3825 patriarchas

2127 3776 2250 3823 ριον
2277 3759 2668 3832 ἑρμηνεύεται.
2715 3762 3156 3835 Ἀναμιμνήσκει
3190 3763 3244 3816 δὲ
3270 3762 3380 3815 τῶν
3402 3764 3543 3834 πρὸς
3572 3765 3696 3827 τοὺς

420 3856 699 3911 factarum
731 3851 1004 3914 meminit,
1032 3856 1086 3904 et
1111 3849 1383 3904 bonorum
1407 3861 1530 3918 qua:
1555 3860 1653 3917 per
1675 3843 1799 3900 illos
1830 3852 2013 3914 poste-

2127 3853 2469 3922 πατριάρχας
2520 3849 2625 3904 ὑπὸ
2688 3850 2783 3905 τοῦ
2834 3852 2972 3905 Θεοῦ
3016 3853 3403 3923 γεγενημένων
3460 3854 3694 3924 ύποσχέ-

420 3948 508 4003 ris
539 3960 729 4002 eorum
785 3942 997 3998 tribuit.
1041 3940 1251 3997 Sullicit
1277 3942 1423 3996 enim
1470 3939 1665 3993 horum
1696 3945 1749 3991 et
1792 3935 2009 3990 illorum

2127 3958 2286 4009 σεων,
2324 3940 2417 3995 καὶ
2451 3939 2563 3994 τῶν
2594 3941 2663 3995 δι’
2695 3942 2941 4005 ἐκείνους
2979 3943 3071 3996 ὑπ’
3107 3943 3272 3996 αὑτοῦ
3324 3945 3695 4014 παρασχεῡέν-

427 4036 758 4102 recordatio,
793 4035 860 4090 ad
890 4049 989 4091 eos
1019 4033 1368 4089 exacuendos
1402 4039 1456 4085 et
1486 4027 1887 4092 accendendos,
1916 4026 2010 4096 qui

2127 4050 2222 4087 των
2279 4032 2508 4101 ἀγαθῶν
2563 4036 2676 4097 τοῖς
2713 4034 2939 4087 ἐκείνων
2970 4035 3217 4102 ἐκγόνοις
3259 4035 3327 4089 ιι.
3378 4036 3558 4106 Ἱκανὴ
3587 4037 3691 4107 γὰρ

426 4131 630 4186 talibus
685 4126 965 4183 beneﬁciis
1019 4124 1198 4180 aﬂ‘ccti
1271 4131 1432 4188 sunt,
1492 4130 1552 4175 ut
1606 4119 1674 4174 ad
1735 4118 2007 4188 majorum

2127 4126 2214 4180 καὶ
2241 4126 2452 4180 τούτων
2488 4126 2761 4180 κάκείνων
2795 4128 2828 4197 ἡ
2865 4128 3075 4198 μνήμη,
3102 4128 3226 4191 τοὺς
3249 4125 3519 4181 τοσούτων
3546 4131 3690 4201 εὐερ-

428 4235 660 4279 suorum
709 4219 934 4275 virtutis
990 4217 1399 4271 asmulationem
1453 4210 1782 4267 excitentur.
1832 4209 2009 4263 Simul

2127 4216 2318 4285 γεσιῶν
2369 4216 2789 4281 ἀπολαύσαντας
2831 4218 2911 4281 εἰς
2944 4215 3104 4288 ζῆλον
3142 4217 3241 4286 τῆς
3267 4217 3377 4270 τῶν
3409 4221 3689 4287 προγόνων

425 4309 641 4384 1343
681 4308 846 4365 Ellam
895 4306 1060 4362 ἀοεθῐ
1108 4318 1312 4359 "Mum
1353 4301 1637 4371 POPUlum:
1697 4299 1842 4369 (βοά
1897 4313 2004 4353 ηοιι
2037 4334 2082 4389 D
2111 4308 2313 4380 ἀρετῆς
2379 4307 2626 4380 ἐρεθίσαι
2688 4312 2781 4362 καὶ
2820 4307 3156 4379 παραθῆξαι.
3192 4309 3440 4363 Διδάσκει
3491 4310 3549 4363 δὲ
3600 4313 3689 4364 καὶ

425 4406 631 4475 injuste
672 4403 947 4473 ingratum
982 4398 1133 4452 illum
1165 4393 1426 4467 populum
1469 4408 1570 4448 sua
1596 4407 1728 4447 cura
1758 4391 2005 4462 privave-

2127 4404 2255 4456 ιατᾶι
2288 4402 2510 4466 ταυτὸν,
2565 4401 2660 4456 καὶ
2685 4398 2774 4456 τὸν
2800 4401 2920 4456 νέον
2947 4401 3096 4469 λαὸν,
3142 4402 3218 4466 ὡς
3244 4405 3342 4457 οὐκ
3372 4403 3576 4467 ἀδίκως
3601 4404 3688 4459 τὸν

429 4503 526 4556 rit.
573 4497 846 4564 Quoniam
878 4492 1022 4547 enim
1066 4490 1157 4544 Dei
1198 4486 1436 4558 populus
1480 4483 1916 4555 appellabantur,
1954 4491 2009 4538 et

2127 4489 2411 4560 ίιχάριστον
2460 4491 2674 4544 ἐκεῖνον
2738 4490 2868 4545 λαὸν
2922 4492 3024 4562 τῆς
3088 4493 3297 4556 οἰκείας
3363 4494 3688 4566 κηδεμονίας

424 4589 717 4648 manifesto
747 4586 933 4642 divina
976 4595 1079 4652 ope
1120 4578 1477 4641 fruebantur,
1521 4575 1624 4629 hac
1653 4589 1782 4629 vero
1818 4582 2007 4644 postea

426 4680 654 4738 omnino
698 4675 941 4734 destituti
974 4671 1224 4736 fuerunt,
1254 4682 1349 4740 per
1393 4667 1495 4724 bos
1529 4665 1772 4737 psalmos
1814 4680 2007 4722 omnes

424 4773 679 4829 homines
715 4769 896 4834 docet,
938 4771 1074 4837 quot
1123 4772 1177 4819 et
1220 4761 1442 4833 quantis
1490 4758 1777 4816 beneﬁciis
1822 4758 2001 4830 ipsum

414 4864 686 4930 ail‘ecerit,
723 4870 778 4918 et
809 4859 1080 4932 quomodo
1114 4856 1505 4913 beneliciorum
1548 4853 1901 4910 immemores
1924 4852 2004 4909 illi

423 4957 551 5013 l‘acti
599 4954 824 5018 iuerint,
874 4958 935 5005 ut
964 4948 1168 5020 pariter
1201 4956 1255 5004 et
1287 4946 1412 5002 lata:
1451 4946 1505 5001 in
1556 4944 1678 5001 illos
1722 4945 2006 5001 sententiae

416 5050 690 5122 justitiam
733 5060 925 5103 omnes
956 5043 1208 5110 discant,
1253 5050 1308 5097 et
1351 5038 1548 5114 ingrati
1577 5037 1747 5094 animi
1785 5053 2005 5111 poenam

482 5211 504 5239 ι
568 5197 759 5256 Matth.
799 5214 926 5267 xxv,
966 5199 1059 5266 ll,
1098 5196 1186 5252 12.
1283 5206 1309 5237 ι
1346 5192 1366 5249 1
1405 5196 1533 5255 Cor.
1577 5211 1689 5266 ενι,
1726 5197 1817 5252 22.

2111 4579 2451 4653 ἐγύμνωσεν.
2504 4583 2728 4654 Ἐπειδὴ
2776 4583 2886 4655 γὰρ
2917 4583 3054 4637 Θεοῦ
3112 4584 3242 4648 λαὸς
3292 4586 3686 4656 ἐχρημάτιζον,

2109 4674 2206 4726 καὶ
2271 4672 2572 4743 προφανῶς
2630 4674 2730 4744 τῆς
2789 4674 2942 4738 θείας
2990 4675 3335 4747 προμηθείας
3384 4679 3686 4749 ἀπήλαυον,

2113 4763 2313 4835 ἔρημοι
2340 4764 2397 4818 δὲ
2436 4764 2647 4845 ταύτης
2685 4765 2913 4838 ὕστερον
2959 4768 3207 4835 ἐγένοντο
3251 4769 3533 4834 παντελῶς
3560 4788 3573 4801 ·
3604 4771 3690 4825 διὰ

2110 4858 2222 4913 τῶν
2250 4860 2631 4931 προκειμένων
2655 4859 2888 4932 ψαλμῶν
2934 4860 3175 4915 διδάσκει
3213 4863 3426 4926 πάντας
3479 4863 3690 4935 ἀνθρώ-η

2113 4967 2274 5014 πους,
2304 4951 2406 5004 ὅσα
2437 4950 2539 5021 μὲν
2583 4950 2747 5004 αὐτὸν
2804 4952 3136 5026 εύεργέτησε
3176 4954 3269 5008 καὶ
3303 4955 3494 5025 ἡλίκα,
3546 4955 3690 5018 ὅπως
3804 4988 3807 4989 ν

2112 5041 2169 5096 δὲ
2204 5042 2492 5114 ἀχάριστοι
2526 5042 2656 5115 περὶ
2690 5048 2790 5108 τὰς
2827 5043 3146 5116 εὐεργεσίας
3191 5046 3387 5098 ἐκεῖνοι
3433 5044 3689 5116 γεγένην-

1497 5344 1732 5401 ΫᾹΒΙᾹ]
1771 5340 2162 5402 ιιῖοτιοιιιιε
2205 5344 2295 5401 ΕΤ
2330 5344 2565 5402 NOTAE.

508 5471 559 5504 ³⁸
583 5464 707 5522 cod.
735 5466 762 5521 1
796 5463 1051 5538 νυμφίου.
1148 5463 1192 5497 ⁸⁸
1214 5463 1338 5520 cod.
1389 5464 1413 5519 1
1453 5462 1936 5536 λαμπαδηφορίας.

416 5558 601 5631 eum!
631 5558 874 5631 πάντων.
958 5560 1027 5631 ι⁸Ῡ
1060 5557 1318 5631 Ἰησοῦν.
1366 5556 1489 5614 cod.
1529 5558 1558 5614 1
1600 5558 1727 5616 add.
1770 5558 2025 5631 Χριστόν.

415 5628 725 5702 ἀλληλούια.
820 5630 862 5663 ⁵⁸
915 5628 1042 5687 cud.
1078 5627 1399 5698 ιὲγγόνοις,

2067 5464 2111 5499 ³⁷
2142 5462 2272 5521 Rec.
2304 5464 2464 5520 lectio
2514 5464 2571 5521 h.
2627 5466 2663 5521 ι.
2723 5476 2806 5523 est
2862 5466 3230 5525 ὲκλείποισαν.

3335 5468 3381 5502 ⁸⁸⁸
3407 5469 3684 5542 Πὰμπσν,

2145 5561 2192 5593 ⁸⁸
2229 5561 2470 5631 Κύριον.
2518 5560 2578 5618 ιιι
2642 5571 2791 5619 textu
2856 5560 3023 5621 Hebr.
3084 5562 3335 5634 sequitur
3388 5546 3683 5631 rat-Hm.
