3822 6324
93 308 188 374 709

1418 302 1500 362 IN
1541 302 1747 363 PSAL.
1793 306 1936 367 CIV.

3169 315 3307 381 1710

93 446 136 480 ιι
163 443 176 458 ε
210 422 286 486 ὡς
312 419 374 474 ἓν
399 419 538 491 ὁμοῦ
567 421 665 475 καὶ
688 420 788 493 τῆς
821 419 943 477 κατ’
971 417 1196 473 ἐκείνων
1243 418 1620 490 ἐξενεχθείσης

1736 423 1995 490 videntes,
2049 425 2103 479 in
2148 425 2336 483 eadem
2370 427 2455 483 via
2489 444 2597 501 qua
2632 429 2705 485 illi
2739 445 2849 487 non
2891 430 3163 500 incedant,
3209 436 3307 493 sed

93 519 239 586 νήφου
280 514 341 567 τὸ
388 513 596 568 δίκαιον
643 512 1016 585 καταμάθοιεν
1068 512 1326 574 ἅπαντες,
1387 512 1483 564 καὶ
1523 512 1625 579 τῆς

93 606 371 681 χαριστίας
413 604 651 677 ὁρῶντες
709 605 777 659 τὰ
833 604 1121 675 ἐπίχειρα,
1190 602 1265 674 μὴ
1307 601 1406 672 τὴν
1453 602 1626 672 αὐτὴν

93 699 278 761 ιιείνος
307 696 598 767 βαδίζοιεν,
635 696 772 750 ἀλλὰ
801 695 901 767 τὴν
927 695 1146 748 εὐθεῖαν
1182 691 1539 748 ὁδεύσοιεν⁶².

121 797 188 844 α’.
225 808 243 841 ι
274 787 721 859 Ἐξομολογεϊσθε
754 786 834 859 τῷ
888 787 1097 858 Κυρίῳ,
1131 786 1224 839 καὶ
1275 787 1625 841 ἐπικαλεῖσθε

93 884 112 937 5
138 882 305 951 ὄνομα
327 879 517 934 αὐτοῦ.
557 898 577 932 ι
604 879 679 932 Τὸ
706 879 765 932 δὲ
814 877 1225 942 ἐπικαλεῖσθε,
1276 877 1627 945 κηρύσσητε

124 972 417 1043 Σύμμαχος
459 972 649 1043 εἴρηκε
679 971 742 1025 ⁵³.
796 969 1244 1041 Παρακελεύεται
1289 967 1345 1021 δὲ
1400 969 1429 1022 6
1467 967 1628 1037 λόγος

93 1066 147 1136 liv
193 1064 615 1134 εὐχαριστήριον
650 1062 924 1132 ὑμνῳδίαν
961 1059 1319 1131 προσφέρειν,
1374 1058 1473 1112 καὶ
1543 1060 1628 1113 δι-

93 1154 301 1225 γεῖσθαι
354 1154 454 1217 τὰς
508 1153 661 1215 θείας
696 1151 1036 1223 εὐεργεσίας.
1074 1169 1092 1201 ι
1141 1148 1541 1218 Ἀπαγγείλατε
1569 1149 1628 1203 ὲν

93 1250 161 1310 οῖς
185 1246 361 1298 ἔθνεσι
390 1245 460 1296 τὰ
488 1244 624 1314 ἔργα
655 1243 842 1297 αὐτοῦ.
885 1261 904 1295 ›
941 1242 1115 1312 Δῆλόν
1157 1242 1274 1295 ἐστι
1305 1239 1402 1294 καὶ
1432 1238 1623 1311 σαφὲς,

93 1355 127 1400 ις
172 1336 357 1407 ὄνησιν
414 1335 517 1387 οὐκ
572 1332 858 1397 Ἰουδαίοις
895 1333 1079 1403 μόνον,
1138 1330 1297 1395 ἀλλὰ,
1366 1330 1462 1384 καὶ
1512 1331 1629 1394 τοῖς

93 1431 257 1484 )νεσιν
292 1430 497 1482 ἅπασιν
542 1428 1023 1499 πραγματεύεται.

124 1521 187 1590 β’.
231 1541 249 1574 ι
293 1521 496 1593 ’ᾼσατε
531 1520 704 1590 αὐτῷ,
738 1519 832 1573 καὶ
852 1519 1062 1591 ψάλατε
1090 1517 1269 1591 αὐτῷ·
1292 1517 1628 1590 διηγήσασθε

97 1607 225 1659 ἀντα
280 1609 348 1659 τὰ
399 1606 681 1677 θαυμάσια
734 1608 935 1660 αὐτοῦί
974 1627 992 1658 ι
1025 1607 1259 1678 ’Υμνοις
1316 1608 1477 1662 αὑτὸν
1536 1608 1628 1660 καὶ

97 1697 338 1767 augeam;
375 1698 715 1769 ἀμείϐεσθε·
770 1699 867 1750 καὶ
919 1700 1047 1761 τοὺς
1106 1696 1435 1766 ἀγνοοῦντας
1478 1697 1626 1751 διδά-

93 1807 179 1842 ns
215 1789 261 1820 “
287 1789 353 1842 τὰ
387 1789 517 1861 παρ’
551 1790 719 1843 αὑτοῦ
756 1790 1101 1861 γεγενημένα
1131 1789 1410 1860 θαύματα.

118 1888 189 1949 γ’.
232 1900 249 1934 ι
288 1880 635 1936 Ἐπαινεῖσθε
662 1883 720 1935 ὲν
754 1882 832 1951 τῷ
861 1882 1089 1953 ὀνόματι
1223 1881 1365 1953 ἁγίῳ
1389 1879 1578 1937 αὐτοῦ.
1600 1901 1619 1933 ι

94 1978 118 2026 )
173 1974 234 2027 δὲ
289 1974 527 2038 Ἀκύλας
596 1973 911 2045 καυχᾶσθε
958 1975 1081 2028 ἀντὶ
1133 1973 1228 2028 τοῦ
1282 1974 1626 2030 ἑπαινεῗσθε

93 2065 283 2119 ἔθεικε.
333 2065 781 2136 Παρακελεύεται
828 2067 883 2121 δὲ
913 2068 942 2120 6
976 2066 1164 2137 λόγος,
1205 2066 1282 2139 μὴ
1324 2068 1419 2121 ἐπὶ
1456 2067 1625 2121 πλού-

93 2179 147 2229 p,
187 2160 262 2229 μὴ
292 2160 382 2212 ἐπὶ
429 2157 610 2231 ῥώμῃ,
649 2161 725 2230 μὴ
755 2160 847 2212 ἐπὶ
873 2159 1165 2231 δυναστείᾳ
1198 2161 1344 2230 μέγα
1379 2162 1623 2230 φρονεῖν,

93 2248 165 2300 Ut‘
203 2252 262 2302 ἐν
304 2251 368 2319 τῇ
419 2247 513 2301 τοῦ
558 2248 696 2302 Θεοῦ
726 2248 926 2317 γνώσει
958 2248 1055 2302 καὶ
1086 2250 1421 2323 προμηθείᾳ.
1451 2250 1627 2304 Τοῦτο

93 2340 411 2412 αρηγγύησε
438 2339 533 2394 καὶ
550 2342 579 2394 6
605 2338 748 2405 θεῖος
782 2339 1103 2404 Ἀποστόλος
1130 2354 1145 2369 °
1182 2360 1201 2393 ι
1241 2340 1301 2393 '0
1329 2340 1624 2412 καυχώμε-

93 2450 135 2496 ›;
186 2432 315 2502 γὰρ,
349 2432 549 2503 φησὶν,
584 2432 643 2483 ὲν
677 2430 869 2503 Κυρίῳ
894 2431 1215 2502 καυχάσθω.
1257 2451 1277 2484 ι
1309 2431 1502 2487 Ταῦτα
1529 2434 1626 2488 καὶ

109 2524 402 2593 σοφωτάτη
435 2522 603 2575 Ἀννα
651 2521 893 2586 διέξεισι,
934 2539 953 2571 ι
990 2521 1083 2591 Μὴ
1128 2522 1427 2592 καυχάσθω
1453 2525 1482 2577 6
1532 2541 1624 2578 σο·-

93 2616 141 2679 δς
182 2618 243 2669 ὲν
267 2617 332 2686 τῇ
362 2614 526 2685 σοφίᾳ
552 2613 740 2677 αὑτοῦ,
783 2615 877 2668 καὶ
909 2614 955 2647 ⁸⁵
991 2614 1066 2684 μὴ
1099 2614 1396 2685 καυχάσθω
1417 2616 1445 2668 6
1482 2618 1627 2686 ισχυ-

93 2718 139 2770 δς
164 2708 224 2759 ἐν
251 2709 316 2777 τῇ
346 2704 493 2776 ἰσχύϊ
520 2705 707 2760 αὑτοῦ.
741 2725 759 2757 ι
778 2704 909 2771 Καὶ,
939 2724 959 2757 ι
977 2705 1069 2777 Μὴ
1090 2706 1385 2777 καυχάσθω
1406 2709 1435 2762 6
1463 2706 1626 2762 πλού-

94 2814 162 2860 ηος
198 2798 257 2849 ὲν
285 2796 361 2868 τῷ
390 2795 609 2866 πλούτῳ
635 2795 825 2862 αὑτοῦ,
863 2796 979 2850 ἀλλ’
1021 2798 1080 2851 ὲν
1121 2797 1296 2868 τούτῳ
1323 2798 1625 2869 καυχάσθω

100 2886 481 2958 καυχώμενος,
515 2891 573 2940 ἐν
596 2887 674 2958 τῷ
702 2889 904 2941 συνιεῖν
923 2889 1017 2943 καὶ
1052 2887 1347 2958 γινώσκειν
1387 2888 1480 2943 τὸν
1506 2890 1621 2943 Κύ-

94 2999 184 3044 νον,
221 2982 317 3034 καί⁸
352 2982 529 3035 ποιεῖν
585 2983 761 3051 κρῖμα
796 2981 893 3035 καὶ
939 2980 1289 3052 δικαιοσύνην
1330 2980 1425 3035 ἐπὶ
1451 2980 1499 3014 ⁸⁸
1523 2981 1623 3053 τῆς

93 3074 167 3143 ῖς.
216 3090 236 3123 ι
260 3099 331 3110 --
354 3089 374 3123 ι
414 3070 788 3143 Εὑφρανθήτω
819 3071 1018 3140 καρδία
1041 3070 1351 3141 ζητούντων
1376 3071 1470 3125 τὸν
1504 3070 1619 3126 Κύ-

97 3179 181 3216 ον.
220 3180 240 3213 ›
291 3162 403 3232 Τῆς
433 3160 542 3232 γὰρ
576 3164 655 3225 είς
708 3162 799 3214 τὸν
848 3160 985 3215 Θεὸν
1044 3163 1262 3227 ἐλπίδος
1308 3162 1618 3236 εὐφροσύνη

93 3256 283 3322 ιρπός.
1118 3246 1123 3251 θ

107 3344 172 3399 δ’.
212 3364 232 3397 ι
271 3345 551 3416 Ζητήσατε
581 3345 673 3399 τὸν
712 3345 940 3416 Κύριον,
980 3346 1076 3399 καὶ
1103 3347 1485 3420 κραταιώθητε
1500 3349 1567 3403 ⁸⁷.
1596 3367 1617 3402 ι

93 3440 150 3491 αὶ
200 3439 476 3493 διδάσκων
528 3439 647 3501 πῶς
694 3438 776 3492 δεῖ
823 3437 983 3492 τοῦτο
1046 3441 1257 3503 ποιεῖν,
1323 3440 1570 3513 ἐπήγαγε
1602 3459 1618 3473 ο

96 3532 390 3600 Ζητήσατε
442 3529 501 3582 τὸ
569 3529 864 3601 πρόσωπον
925 3530 1092 3584 αὑτοῦ
1144 3530 1454 3597 διαπαντός.
1499 3536 1621 3589 »Οὐ

93 3637 145 3692 ιρ
182 3621 396 3693 άπαιξῆ
446 3619 550 3686 δὶς,
587 3620 721 3676 ἀλλᾶ
774 3621 927 3691 παρὰ
980 3622 1156 3676 πάντα
1213 3624 1306 3676 τὸν
1359 3623 1477 3694 βίον
1520 3626 1623 3696 τὴν

93 3712 256 3766 ιωθεν
284 3696 605 3784 ἐπικουρίαν
655 3714 922 3786 προσήκει
951 3714 1156 3784 ζητεῖν,
1208 3716 1305 3769 καὶ
1337 3716 1436 3788 τὴν
1473 3716 1623 3786 ὠφέ-

94 3818 189 3854 ιαν
224 3800 588 3871 καρποῦσθαι.
612 3799 849 3873 Ἀμαχοι
875 3804 983 3875 γὰρ
999 3804 1046 3857 οί
1064 3803 1356 3874 ζητοῦντες
1381 3805 1619 3876 ἔσονται,

93 3894 127 3946 ιί
150 3894 440 3964 ἀήττητοι.
477 3892 647 3946 Τοῦτο
673 3895 765 3945 καὶ
801 3894 831 3946 6
868 3894 1071 3965 Κύριος
1102 3895 1414 3966 νομοθετῶν
1444 3898 1620 3971 ὑπηγ-

99 3981 265 4034 ίλατο
285 3995 301 4010 ·
339 3999 357 4032 ι
393 3983 606 4034 Αἰτεῖτε
648 3982 742 4035 καὶ
770 3981 1056 4055 δοθήσεται
1086 3985 1240 4055 ὑμῖν,
1279 3985 1497 4057 ζητεῖτε
1527 3990 1622 4043 καὶ

93 4074 306 4143 ρήσετε
325 4114 340 4137 ,
382 4072 607 4141 κρούετε
657 4073 753 4125 καὶ
788 4073 1143 4146 ἀνοιγήσεται
1172 4076 1302 4146 ὑμῖν
1325 4091 1342 4109 ⁸
1379 4080 1489 4142 πᾶς
1510 4079 1621 4150 γὰρ

93 4164 265 4217 ιίτῶν
310 4163 612 4234 λαμϐάνει,
664 4164 759 4218 καὶ
802 4167 831 4217 6
871 4166 1047 4236 ζητῶν
1082 4168 1354 4239 εὑρίσκει,
1400 4171 1496 4225 καὶ
1542 4172 1621 4245 τῷ

97 4256 296 4309 ούοντι
322 4258 693 4327 ἀνοιγήσεται.
725 4277 747 4309 ι
776 4320 781 4323 ἱ

93 4356 163 4401 ε’.
200 4367 222 4400 ι
259 4348 550 4420 Μνήσθητε
581 4349 689 4402 τῶν
716 4351 1040 4420 θαυμασίων
1069 4354 1236 4409 αὐτοῦ
1265 4349 1342 4411 ὧν
1371 4358 1617 4430 ἐποίησε,

1728 523 1936 570 rectum
1967 518 2239 574 tramitem
2273 521 2667 588 ingrediantur.

1799 779 1965 835 Vsus.
2009 781 2063 835 1.
2108 800 2127 835 ι
2164 781 2514 838 Confitemini
2556 784 2810 854 Domino,
2843 798 2897 843 et
2927 790 3176 844 invocate
3205 804 3312 843 no-

1727 886 1853 926 men
1895 872 2033 942 ejus.
2078 892 2097 924 »
2156 873 2457 931 Ρνανάὶεαιε
2510 875 2874 949 Symmachus
2925 896 3024 951 pro
3070 883 3311 937 invocata

1728 965 1916 1019 vertit.
1970 966 2135 1021 lubet
2168 982 2299 1023 vero
2348 968 2438 1025 hic
2483 985 2669 1026 sermo
2716 973 3015 1043 gratiarum
3073 974 3310 1029 actionis

1728 1056 1963 1128 hymnos
1985 1059 2204 1126 offerre,
2235 1061 2530 1134 divinaque
2563 1064 2820 1121 beneﬁcia
2856 1082 3106 1123 narrare.
3147 1087 3166 1119 ‹
3197 1069 3312 1122 An-

1731 1151 1979 1208 nuntiate
2022 1151 2165 1208 inter
2192 1164 2383 1226 gentes
2414 1169 2578 1225 opera
2610 1157 2747 1227 ejus.
2788 1175 2810 1211 ι
2843 1158 3061 1214 Clarum
3103 1168 3157 1214 et
3186 1176 3311 1231 per-

1730 1244 1981 1315 spicuum
2010 1256 2116 1314 est,
2155 1249 2261 1304 hoc
2292 1265 2400 1304 non
2426 1248 2629 1306 Judazis
2652 1252 2958 1319 solum,sed
2983 1256 3149 1310 etiam
3180 1272 3312 1327 gen-

1729 1336 1878 1393 tibus
1909 1340 2165 1397 omnibus
2200 1341 2490 1398 utilitatem
2530 1357 2853 1414 procurare.

1800 1494 1970 1552 Vsus.
2011 1496 2067 1551 2.
2115 1516 2136 1551 ι
2175 1498 2406 1557 Cantate
2434 1503 2526 1568 ei,
2581 1512 2638 1559 et
2692 1504 2908 1575 psallite
2954 1506 3040 1571 ei,
3093 1518 3313 1562 narrate

1729 1588 1916 1643 omnia
1953 1588 2224 1647 mirabilia
2261 1592 2404 1663 ejus.
2450 1612 2470 1645 ι
2512 1593 2760 1666 llymnos
2788 1596 3089 1668 dulcesque
3115 1607 3312 1654 cantus

1732 1679 1835 1749 ipsi
1872 1682 2178 1752 rependite,
2198 1694 2366 1755 atque
2381 1687 2650 1743 miracula
2675 1688 2743 1744 ab
2767 1688 2887 1760 ipso
2913 1691 3057 1746 edita
3090 1692 3312 1747 nescios

1660 1772 1701 1826 Β
1729 1771 1943 1827 docete.

1805 1862 1973 1921 Vsus.
2016 1866 2071 1921 5.
2122 1887 2141 1920 ι
2181 1867 2508 1926 Laudamini
2542 1871 2597 1927 in
2628 1873 2851 1930 nomine
2884 1882 3075 1930 sancto
3109 1875 3250 1946 ejus.
3284 1895 3307 1927 ι

1731 1956 1930 2025 Aquila
1965 1960 2299 2028 gloriamini,
2329 1977 2428 2032 pro
2461 1963 2786 2032 laudamim’,
2813 1967 3021 2039 posuit.
3052 1965 3316 2024 Hortatur

1732 2064 1866 2105 sane
1894 2066 2079 2105 sermo
2106 2052 2230 2115 iste,
2264 2062 2326 2108 ut
2363 2068 2472 2110 non
2501 2055 2571 2112 ob
2599 2055 2842 2124 divitias,
2877 2073 2983 2114 non
3017 2059 3088 2114 ob
3120 2061 3311 2127 robur,

1733 2155 1840 2194 non
1880 2141 1950 2195 ob
1987 2142 2287 2211 potentiam
2334 2145 2697 2213 exsultemus,
2739 2148 2835 2204 sed
2882 2148 2936 2203 in
2986 2150 3079 2205 Dei
3123 2155 3314 2224 cogni—

1732 2230 1885 2286 tione
1919 2246 1985 2287 ac
2012 2233 2376 2302 providentia.
2402 2235 2518 2293 Hoc
2536 2247 2592 2293 et
2613 2237 2834 2296 divinus
2863 2239 3161 2311 Apostolus
3193 2262 3312 2301 mo-

1734 2319 1877 2374 nuit.
1915 2338 1934 2371 ι
1965 2317 2068 2387 Qui
2096 2323 2268 2390 enim,
2295 2325 2493 2396 inquit,
2525 2327 2811 2397 gloriatur,
2840 2330 2896 2385 in
2934 2330 3166 2388 Domino
3194 2335 3313 2405 glo-

1731 2412 1975 2468 rietur‘.
2015 2432 2035 2465 ι
2092 2414 2220 2471 llazc
2284 2418 2449 2472 etiam
2514 2420 2929 2491 sapientissima
2995 2423 3089 2479 illa
3151 2427 3310 2485 Anna

1735 2505 1952 2579 13M
1983 2508 2222 2579 explicat
2244 2521 2293 2567 ιι.
2350 2531 2370 2564 ι
2409 2511 2486 2568 Ne
2533 2514 2800 2584 glorietur
2844 2517 3066 2587 sapiens
3105 2518 3162 2574 in
3211 2536 3313 2578 sua

1730 2601 2220 2674 sapientia,neque
2238 2603 2395 2661 fortis
2431 2606 2487 2661 in
2503 2621 2607 2662 sua
2631 2607 2973 2665 fortitudine.
3016 2629 3036 2662 ›
3063 2610 3146 2677 Ει,
3184 2634 3203 2668 ι
3230 2616 3314 2674 Ne

1731 2695 1999 2766 glorietur
2020 2697 2175 2753 dives
2207 2699 2260 2753 in
2286 2699 2496 2755 divitiis
2528 2700 2676 2767 suis;
2708 2701 2803 2757 sed
2837 2702 2889 2757 in
2918 2705 3020 2760 hoc
3043 2706 3314 2776 glorietur

1729 2788 1825 2859 qui
1852 2788 2140 2860 gloriatur,
2195 2792 2251 2846 in
2292 2792 2642 2863 intelligendo
2685 2802 2742 2849 et
2775 2799 3159 2864 cognoscendo
3202 2798 3312 2855 Do-

1729 2877 1964 2943 minum,
2015 2888 2071 2933 et
2107 2878 2362 2935 faciendo
2406 2881 2678 2951 judicium
2723 2892 2779 2938 et
2821 2884 3098 2954 justitiam
3147 2903 3313 2961 super

1729 2977 1875 3025 terra
1892 2977 1942 3024 ν.
1980 2988 1999 3022 ι
2023 3001 2095 3012 -
2124 2988 2143 3023 ι
2171 2971 2407 3028 Laetetur
2428 2989 2522 3029 cor
2548 2976 2911 3046 quaerentium
2942 2979 3255 3038 Dominum.
3283 3004 3303 3036 ι

1727 3060 1865 3119 Nam
1889 3062 2101 3119 fructus
2125 3065 2240 3135 spei
2272 3066 2325 3119 in
2358 3065 2471 3148 Deo
2497 3069 2779 3125 collocata;
2805 3080 2890 3126 est
2918 3071 3126 3128 laetitia.

1794 3336 1811 3356 ‘
1845 3334 2011 3391 Vens.
2053 3336 2109 3390 4.
2157 3356 2176 3389 ι
2213 3335 2452 3403 Quaerite
2503 3337 2833 3406 Dominum,
2899 3350 2952 3397 et
3012 3346 3309 3402 conﬁrma-

1725 3427 1880 3482 mini.
1925 3446 1945 3479 ι
1990 3426 2057 3482 Ει
2085 3427 2311 3494 docens,
2352 3430 2634 3499 quomodo
2667 3429 2775 3486 hoc
2815 3431 2995 3490 facere
3032 3445 3304 3506 oporteat,

1723 3518 1888 3574 infert
1920 3538 1933 3573 :
1973 3538 1992 3571 ι
2032 3518 2270 3587 Quaerite
2303 3519 2497 3577 faciem
2525 3522 2647 3592 ejus
2673 3538 2910 3593 semper.
2948 3544 2968 3576 ι
3000 3524 3123 3582 Non
3156 3530 3306 3585 enim

1724 3613 1912 3680 semel,
1963 3622 2060 3668 aut
2108 3613 2217 3680 bis,
2269 3614 2364 3670 sed
2416 3630 2513 3683 per
2563 3624 2731 3670 totam
2779 3618 2949 3674 vitam
2995 3634 3301 3690 supernum

1724 3707 1993 3762 auxilium
2045 3721 2293 3779 quaerere
2334 3707 2627 3775 convenit,
2680 3708 3078 3780 utilitatemque
3128 3716 3307 3783 perci-

1725 3813 1872 3868 pere.
1904 3798 2101 3853 lnvicti
2126 3799 2272 3854 enim
2316 3807 2372 3853 et
2409 3800 2810 3870 insuperabiles
2844 3815 3010 3858 erunt
3034 3806 3125 3875 qui
3156 3822 3307 3875 quae-

1720 3899 1855 3945 runt
1878 3888 2034 3945 illud.
2058 3889 2173 3946 Hoc
2197 3891 2362 3946 etiam
2395 3891 2657 3948 Dominus
2681 3893 2855 3963 legem
2890 3893 3074 3948 ferens
3095 3896 3305 3966 pollici-

1729 3989 1820 4037 tus
1849 3991 1934 4037 est
1965 4000 1978 4036 :
2013 3999 2033 4033 ι
2067 3980 2262 4048 Petite,
2285 3988 2340 4037 et
2363 3980 2583 4036 dabitur
2604 3983 2780 4047 vobis,
2809 3985 3039 4054 quaerite
3063 3996 3118 4042 et
3148 3988 3303 4044 inve-

1722 4074 1910 4139 nietis,
1964 4072 2180 4143 pulsate
2230 4084 2285 4128 et
2331 4073 2609 4142 aperietur
2664 4073 2856 4142 vobis;
2907 4077 3088 4134 omnis
3132 4081 3302 4146 enim,

1721 4167 1816 4239 qui
1857 4167 2012 4237 petit,
2060 4165 2306 4235 accipit:
2347 4174 2402 4219 et
2443 4164 2539 4235 qui
2586 4166 2806 4235 quaerit,
2857 4167 3070 4226 invenit
3110 4188 3123 4225 :
3157 4182 3213 4229 et
3251 4175 3305 4230 ci

1720 4261 1814 4332 qui
1840 4260 2044 4330 pulsat,
2082 4259 2449 4329 aperietur".
2493 4278 2511 4311 ι

1758 4350 1959 4409 ’Vsns.
2000 4352 2053 4408 5.
2094 4370 2114 4404 ι
2155 4351 2482 4409 Mementote
2512 4352 2842 4409 mirabilium
2870 4355 3011 4426 ejus,
3055 4374 3179 4429 quae
3220 4358 3302 4416 fe-

146 4439 368 4509 τέρατα
434 4438 633 4502 αὐτοῦ,
677 4441 769 4493 καὶ
813 4439 883 4494 τὰ
929 4444 1171 4513 κρίματα
1202 4446 1296 4499 τοῦ
1349 4449 1615 4519 στόματος

1736 4443 1812 4510 :it,
1860 4442 2110 4514 prodigia
2157 4443 2299 4515 ejus,
2348 4453 2404 4499 et
2444 4444 2652 4515 judicia
2700 4445 2816 4502 oris
2867 4446 3006 4515 ejus.
3047 4469 3066 4501 ι
3119 4448 3301 4507 Nolite

93 4529 226 4583 τοῦ.
267 4548 285 4581 ι
338 4530 429 4600 Μὴ
475 4530 745 4600 παράδοτε
766 4530 812 4563 ⁸⁸
861 4531 1004 4605 λήθῃ
1050 4535 1151 4599 τὰς
1185 4536 1460 4609 ἀρρήτους
1486 4538 1617 4593 ea”-

94 4619 406 4690 conp-(la;
445 4620 510 4683 ἃς
544 4623 609 4691 τῇ
631 4620 819 4690 δικαίᾳ
846 4620 1013 4693 ψήφῳ
1044 4626 1330 4697 κοσμήσας
1351 4628 1382 4680 6
1412 4628 1619 4682 Δεσπό-

93 4727 118 4772 ς
175 4707 503 4779 εἰργάσατο.
560 4708 828 4776 Κρίματα
889 4709 998 4782 γὰρ
1052 4711 1284 4766 ἐνταῦθα
1343 4715 1617 4785 προσηγόο

93 4817 193 4853 ›σε
238 4800 307 4852 τὰ
347 4800 574 4863 ἐνδίκως
630 4800 735 4853 ὑπὸ
780 4802 875 4854 τοῦ
914 4801 1051 4855 Θεοῦ
1097 4805 1441 4882 γεγενημένα
1483 4805 1616 4859 θαύ-

93 4910 204 4947 τα.
241 4892 464 4963 Ἐπειδὴ
493 4893 604 4963 γὰρ
644 4895 754 4947 τῶν
803 4897 862 4949 ἐν
920 4897 1186 4968 Αἰγύπτῳ
1226 4899 1616 4970 γεγενημένων

93 4988 276 5039 ιεῖται
311 4986 587 5058 διήγησιν,
638 4989 991 5059 προδιδάσκει
1045 4991 1146 5062 τῆς
1190 4991 1502 5061 Αίγυπτίων
1531 5010 1614 5045 τι-

93 5094 145 5147 »ρ
155 5076 257 5138 ίας
282 5075 345 5129 τὸ
375 5076 605 5134 δίκαιον.

93 5173 171 5231 ς’,
223 5185 242 5217 ι
279 5168 512 5240 Σπέρμα
535 5169 789 5243 Ἀϐραὰμ
816 5172 994 5226 δοῦλοι
1034 5173 1202 5227 αὑτοῦ
1222 5213 1238 5239 ,
1280 5174 1389 5228 υἱοὶ
1416 5174 1614 5230 Ἰακὼό

93 5258 286 5312 lex-toi.
319 5259 509 5314 αὐτοῦ.
545 5279 564 5312 ι
606 5261 748 5326 Τοὺς
765 5261 810 5295 δ’
851 5263 1051 5326 αὐτοὺς
1084 5263 1178 5317 καὶ
1205 5261 1365 5316 τοῦτο
1393 5265 1615 5318 κάκεῖνο

1719 4536 2016 4592 ineffabilia
2072 4536 2337 4592 miracula
2392 4537 2656 4592 oblivioni
2703 4538 2939 4603 tradere,
2982 4556 3106 4611 qua:
3145 4542 3297 4612 justa

1720 4629 1993 4686 sententia
2041 4628 2346 4699 disponens
2390 4627 2656 4684 Dominus
2696 4627 2842 4685 fecit.
2887 4629 3109 4686 Judict’a
3149 4636 3299 4689 enim

1719 4725 1825 4781 hoc
1852 4724 1975 4779 loco
2003 4722 2147 4779 dixit
2168 4721 2436 4777 miracula
2461 4722 2610 4792 juste
2644 4737 2674 4776 a
2699 4720 2811 4775 Deo
2834 4722 2997 4779 edita.
3027 4723 3299 4790 Quoniam

1718 4817 1865 4873 enim
1890 4816 1959 4872 de
1991 4814 2123 4881 illis,
2153 4828 2278 4882 qua!
2301 4815 2357 4868 in
2384 4812 2623 4886 .Egypto
2654 4813 2794 4869 facta
2826 4814 2996 4881 fuere,
3027 4817 3189 4872 verba
3218 4816 3298 4873 fa-

1717 4909 1814 4973 cit,
1839 4907 2112 4979 justitiam
2142 4918 2318 4977 paenaa
2349 4904 2731 4976 Egyption
2763 4915 2918 4963 antea
2948 4907 3128 4964 docet.

1794 5165 1957 5223 Vens.
2001 5164 2054 5219 6.
2100 5183 2119 5217 ι
2158 5162 2357 5218 Semen
2417 5162 2715 5218 Abrahami
2772 5165 2914 5219 servi
2968 5164 3126 5235 ejus,
3198 5164 3294 5221 lilii

1717 5259 1889 5316 Jacob
1930 5257 2093 5314 electi
2135 5255 2279 5326 ejus.
2323 5273 2345 5306 ι
2387 5253 2621 5311 Eosdem
2654 5263 2709 5309 et
2747 5256 2851 5311 hoc
2895 5266 2950 5312 et
2990 5257 3083 5311 illo
3125 5255 3293 5313 modo

93 5407 101 5436 ι
146 5396 202 5451 ιι
233 5398 362 5452 Cor.
392 5413 449 5459 ι.
482 5398 568 5452 l7.
645 5409 674 5437 ιι
706 5396 725 5451 l
753 5397 887 5466 Reg.
916 5413 978 5463 ll,
1014 5398 1100 5452 l0.
1176 5407 1205 5439 ν
1231 5396 1434 5454 Jerem.
1474 5414 1550 5464 ix,
1581 5396 1620 5450 Ξῖ

1736 5396 1799 5451 ιι.
1842 5398 1890 5433 ν’
1921 5392 2112 5449 Matth.
2139 5407 2237 5456 vn,
2269 5390 2324 5458 7,
2356 5387 2410 5446 8.

1124 5532 1359 5589 VARIAB
1399 5528 1787 5588 LECTIONES
1821 5527 1909 5584 ET
1944 5525 2179 5583 ΝΟΤιΕ.

93 5628 270 5701 ‘cod.
309 5630 331 5684 l
369 5629 627 5684 ὁδεύοιεν.
704 5631 748 5664 ⁸³
778 5634 1018 5701 Εἴρηκε.
1073 5632 1200 5686 cod.
1235 5631 1257 5684 1
1298 5630 1620 5701 ἡρμήνευσε

1736 5626 1788 5701 ff
1818 5623 2103 5701 Διδάξατε
2145 5621 2391 5701 incoli;
2410 5621 2436 5675 Ι
2482 5619 2699 5701 ponitur
2746 5625 2877 5701 post
2920 5618 3291 5701 γεγενημένα.

93 5699 239 5753 Καί.
268 5701 440 5754 Abest
481 5717 513 5754 τι
546 5703 670 5755 cod.
700 5703 752 5756 1.
847 5699 859 5701 ἡ
890 5704 935 5734 ⁸⁸
968 5703 1113 5755 Ἐπί.
1139 5703 1262 5756 cod.
1294 5699 1421 5753 [ὲν
1450 5701 1621 5766 μέσῳ.

93 5788 181 5824 τε.
268 5771 313 5801 ⁸⁸
344 5771 509 5837 Τοὺς,
542 5789 596 5825 κ.
622 5789 675 5826 τ.
708 5773 757 5826 λ.
783 5774 899 5826 Μία
929 5774 1083 5827 habet
1113 5772 1275 5827 Cord.
1310 5782 1349 5824 t.
1390 5769 1477 5831 lll,
1501 5785 1553 5839 p.
1583 5767 1705 5822 H3.

1734 5696 1779 5728 ⁸⁷
1803 5696 1911 5750 Kal
1942 5687 2110 5763 κρατ.
2145 5693 2309 5748 Hebr.
2346 5690 2411 5745 Et
2440 5687 2599 5744 rebur
2621 5687 2764 5760 ejus.
2830 5687 2877 5719 “'
2905 5687 3026 5742 cod.
3053 5687 3078 5740 1
3112 5687 3293 5761 παρα-
