3890 6320
474 239 609 307 ΠΗ

1499 245 1577 305 TI
1581 246 1603 305 Ι
1611 244 1995 308 EODORETI
2031 243 2373 305 EPISCOPI
2412 244 2782 306 CYRENSIS

3591 243 3708 311 l'iiit

469 362 776 424 nuncupat,
820 363 877 409 ut
911 353 1005 424 qui
1034 352 1231 422 partim
1260 365 1508 424 nepotes,
1540 357 1736 426 partim
1766 357 1860 410 ﬁlii
1884 358 2051 412 exsti-

2175 356 2328 424 ιαλεῖ,
2360 358 2437 421 ὼς
2464 360 2589 420 τοὺς
2615 358 2660 388 ⁸⁰
2699 358 2799 427 μὲν
2831 357 3152 425 ἀπογόνους,
3187 359 3311 421 τοὺς
3341 357 3398 411 δέ
3428 359 3571 423 υἱοὺς
3592 378 3709 430 χρη-

472 446 662 502 terint.
710 444 925 498 Eiectos
986 461 1116 499 vero
1175 446 1485 515 appellavit,
1538 458 1600 501 ut
1646 463 1744 503 eos
1792 450 1885 517 qui
1943 462 2055 518 pra:

468 538 685 594 cunctis
723 538 976 607 gentibus
1011 537 1248 606 populus
1297 536 1391 592 Dei
1430 540 1604 594 iocati
1646 549 1794 594 sunt.
1842 537 2054 609 1345

470 629 586 686 lloc
650 637 828 683 autem
885 637 938 681 ct
991 644 1087 698 per
1138 644 1201 682 ea
1263 645 1385 700 qua:
1454 642 1761 700 sequuntur
1830 632 2053 685 demoti.

466 719 686 777 stravit.

541 806 711 866 Vitas.
755 810 806 864 7.
854 828 873 861 ι
910 806 1030 878 Ipse
1059 807 1326 865 Dominus
1369 809 1513 865 Deus
1561 822 1768 877 noster,
1809 811 1861 865 in
1904 811 2054 864 omni

468 915 614 961 terra
657 905 865 976 judicia
912 906 1052 975 ejus.
1096 924 1114 956 ι
1149 906 1285 960 Cum
1332 908 1480 961 enim
1534 908 1651 978 ipse
1694 909 1765 962 sit
1810 909 2055 960 omnium

471 994 619 1053 Deus
664 1007 717 1050 et
770 995 1054 1063 Dominus,
1109 998 1320 1066 totique
1367 999 1486 1052 orbi
1543 1001 1876 1063 dominetur,
1934 1013 2059 1068 νιος

466 1087 647 1156 prium
678 1088 938 1158 populum
973 1088 1077 1142 bos
1113 1090 1425 1158 appellavit.

550 1178 714 1235 Vens.
758 1180 811 1232 8.
861 1197 879 1231 ι
920 1178 1129 1234 Memor
1162 1181 1263 1234 l'uit
1295 1180 1348 1234 in
1382 1181 1641 1237 saeculum
1685 1180 1908 1237 foederis
1946 1184 2054 1251 sui,

473 1273 626 1325 verbi
657 1272 800 1339 quod
839 1272 1118 1329 mandarit
1157 1272 1212 1326 in
1263 1273 1409 1329 mille
1441 1276 1843 1344 generationes.
1885 1293 1904 1327 ι
1955 1275 2059 1331 Per

470 1361 597 1417 lucc
620 1363 1088 1417 continuationem
1114 1372 1167 1418 et
1193 1365 1609 1434 perpetuitatem
1637 1366 1795 1421 docet
1823 1368 2059 1436 promis-

458 1455 720 1520 :sionttm,
749 1469 871 1524 qua:
896 1454 1211 1509 Abrahamo
1255 1455 1409 1510 l‘aettc
1439 1456 1681 1512 fuerunt.
1732 1457 1848 1513 Non
1890 1460 2059 1525 enim,

456 1554 536 1600 ριιι
558 1544 726 1613 aliqui
760 1544 1044 1613 dixerunt,
1080 1546 1167 1600 hic
1198 1561 1380 1601 sermo
1414 1558 1499 1604 est
1532 1549 1936 1620 hyperbolicos,
1966 1551 2060 1604 sed

466 1650 648 1690 warns
700 1646 754 1690 et
805 1637 1045 1692 divinus.
1105 1636 1371 1695 Promisit
1426 1650 1609 1695 autem
1676 1642 2058 1697 universorum

2160 452 2519 522 ματίσαντας.
2555 451 2912 517 Ἐκλεκτοὺς
2938 451 2995 503 δέ
3014 453 3459 523 προσηγόρευσεν
3483 453 3554 516 ὡς
3578 461 3708 525 παρὰ

2157 542 2340 597 πάντα
2372 542 2441 595 τὰ
2483 542 2615 613 ἔθνη
2645 543 2772 605 λαὸς
2812 540 3117 610 κληθέντας
3168 541 3325 596 Θεοῦ.
3360 541 3533 595 Τοῦτο
3557 543 3603 596 δὲ
3629 551 3710 597 καὶ

2154 634 2246 688 διὰ
2274 634 2386 690 τῶν
2420 636 2834 706 ἐπιφερομένων
2869 633 3165 704 ἐδήλωσεν.

2228 814 2295 879 ζ’.
2336 834 2353 866 ι
2394 812 2569 877 Αὐτὸς
2598 813 2804 883 Κύριος
2831 814 2858 866 6
2889 811 3023 876 Θεὸς
3055 812 3237 881 ἡμῶν,
3275 814 3331 865 ἐν
3362 816 3511 886 πάσῃ
3548 818 3605 885 τῇ
3650 818 3711 885 γῇ

2155 907 2223 961 τὰ
2272 907 2516 979 κρίματα
2572 905 2759 959 αὑτοῦ.
2814 924 2833 957 ι
2884 905 2942 958 ’0
2989 905 3097 977 γὰρ
3148 905 3310 968 αὑτὸς
3360 906 3434 958 ὢν
3483 909 3713 961 ἁπάντων

2156 999 2289 1060 Θεὸς
2337 999 2432 1052 καὶ
2461 996 2686 1068 Κύριος,
2726 996 2818 1049 καὶ
2861 996 3041 1062 πάσης
3094 996 3373 1059 δεσπόζων
3418 996 3517 1066 τῆς
3557 999 3714 1049 οἰκου-

2161 1091 2355 1161 μένης,
2384 1089 2611 1150 τούτους
2650 1089 2781 1142 ἴδιον
2810 1087 2938 1141 λαδν
2965 1088 3435 1158 προσηγόρευσεν.

2225 1188 2299 1253 η’.
2346 1199 2365 1232 ι
2414 1180 2697 1250 Ἐμνήσθη
2743 1181 2825 1243 εἰς
2882 1181 2975 1234 τὸν
3002 1180 3184 1234 ἀἰῶνα
3235 1180 3503 1250 διαθήκης
3546 1179 3715 1244 αὑτοῦ,

2156 1272 2317 1340 λόγου
2368 1268 2429 1327 οἶ)
2481 1273 2789 1326 ἐνετείλατο
2836 1274 2915 1336 εἰς
2959 1272 3140 1343 χιλίας
3183 1274 3396 1341 γενεάς.
3436 1291 3455 1324 ι
3489 1274 3558 1325 Τὸ
3582 1273 3719 1344 διαρ-

2158 1366 2249 1428 κὲς
2280 1367 2377 1419 καὶ
2407 1368 2633 1437 μόνιμον
2660 1366 2771 1419 τῶν
2794 1365 2933 1437 πρὸς
2954 1365 3045 1419 τὸν
3070 1365 3329 1437 Ἀϐραὰμ
3356 1365 3719 1436 γεγενημένων

2160 1458 2511 1528 ὑποσχέσεων
2554 1458 2641 1512 διὰ
2680 1459 2887 1511 τούτων
2918 1458 3182 1511 διδάσκει.
3219 1458 3295 1511 υὺ
3334 1458 3464 1528 γὰρ,
3495 1457 3567 1520 ῶς
3588 1475 3720 1520 τινες

2161 1548 2457 1614 ὑπέλαϐον,
2505 1546 2866 1619 ὑπερϐολικδς
2914 1547 2943 1598 ὁ
2976 1547 3166 1615 λόγος’
3229 1546 3345 1601 ἀλλ’
3404 1546 3599 1616 ἀληθὴς
3632 1547 3724 1600 καὶ

2163 1640 2326 1703 θεῖος.
2367 1641 2669 1711 Ὑπέσχετο
2692 1640 2746 1693 δὲ
2774 1642 2802 1692 ὁ
2835 1639 2944 1693 τῶν
2973 1639 3110 1693 ὅλων
3144 1639 3299 1705 Θεὸς,
3351 1640 3408 1692 ἐν
3445 1638 3524 1710 τῷ
3572 1641 3724 1708 σπέρ-

460 1726 620 1781 Deus
663 1727 715 1780 in
751 1729 961 1782 semine
1015 1729 1136 1797 ejus
1167 1745 1225 1785 se
1266 1731 1680 1787 benedicturum
1718 1749 1841 1789 esse
1870 1735 2050 1788 omni-

2175 1750 2292 1786 ιατι
2345 1732 2512 1786 αὑτοῦ
2551 1732 2869 1802 εὑλογήσειν
2912 1732 3094 1786 πάντα
3126 1731 3196 1785 τὰ
3223 1731 3376 1803 ἔθνη.
3410 1732 3633 1803 Σπέρμα
3671 1731 3726 1784 δέ

475 1817 581 1870 bus
610 1816 884 1886 gentibus.
926 1816 1124 1872 Semen
1160 1835 1289 1873 vero
1319 1820 1440 1890 ejus
1485 1831 1568 1876 est
1599 1822 1867 1878 Dominus
1891 1822 2052 1890 Chri-

468 1917 594 1961 stus
640 1907 943 1961 secundum
989 1922 1235 1974 carnem,
1300 1913 1394 1981 qui
1446 1914 1842 1983 sempiternum
1892 1914 2054 1968 habet

475 1998 789 2067 imperium,
820 2014 1161 2070 regnumque
1202 2018 1459 2071 perenne.
1502 2004 1618 2059 lloc
1648 2022 1777 2061 vero
1809 2018 1864 2060 et
1904 2007 2054 2061 inille

454 2092 803 2145 saeculorum
835 2095 1290 2149 commemoratio
1331 2097 1535 2151 indicat
1566 2114 1581 2151 :
1615 2112 1722 2152 non
1765 2098 1910 2152 enim
1953 2113 2053 2152 an-

475 2198 670 2238 norum
717 2199 1003 2237 numerum
1032 2200 1213 2240 sermo
1235 2188 1527 2257 signiﬁcat,
1560 2189 1655 2243 sed
1687 2191 2055 2247 continuatio-

475 2291 599 2329 nem
647 2284 702 2329 et
754 2277 1117 2333 aeternitatem
1166 2279 1463 2334 multitudo
1511 2283 1925 2350 generationem
1960 2284 2056 2339 de-

471 2369 672 2438 signat.

552 2461 714 2516 Vsus.
759 2461 813 2529 9,
862 2462 950 2516 10.
998 2481 1019 2515 ι
1066 2464 1224 2530 Quod
1285 2466 1575 2522 constituit
1625 2468 1958 2536 Abraliamo,
2002 2478 2057 2525 et

446 2551 767 2620 ,juramenti
823 2553 1010 2609 lsaaco
1055 2555 1302 2611 dati.'Et
1356 2559 1645 2614 constituit
1688 2561 1821 2615 illud
1851 2559 2056 2615 Iacobo

460 2654 829 2713 praeceptum,
855 2655 906 2699 ct
934 2646 1121 2700 lsracli
1158 2646 1343 2704 itedus
1374 2659 1664 2705 aeternum.
1703 2669 1723 2702 ι
1764 2651 1938 2722 llujus
1964 2653 2056 2720 ju-

474 2736 710 2789 ramenti
768 2737 935 2792 etiam
989 2739 1210 2793 divinus
1266 2740 1444 2797 Moses
1503 2744 1832 2798 mentionem
1900 2743 2052 2798 facit.

456 2844 497 2877 1
539 2825 688 2881 Dixit
733 2831 902 2892 enim,
956 2831 1154 2900 inquit,
1203 2830 1348 2891 Deus
1393 2832 1708 2890 Abraliamo
1743 2856 1755 2890 :
1796 2837 1901 2890 Per
1946 2850 2058 2889 tne-

475 2919 657 2986 ipsum
696 2921 879 2990 juravi
939 2921 1057 2976 fore
1097 2934 1159 2977 ut
1204 2924 1534 2981 benedicens
1577 2927 1895 2981 benedicam
1937 2927 2056 2992 tibi,

475 3019 532 3063 et
556 3012 929 3081 multiplicans
961 3015 1318 3083 multiplicem
1357 3031 1543 3072 semen
1586 3026 1738 3071 tuum
1765 3019 1906 3072 sicut
1935 3017 2059 3070 stel-

2159 1822 2329 1877 αὑτοῦ
2356 1827 2384 1877 6
2428 1825 2710 1895 Δεσπότης
2745 1823 2978 1895 Χριστὸς
3016 1824 3159 1878 κατὰ
3194 1825 3399 1894 σάρκα’
3427 1824 3484 1886 ὃς
3523 1823 3726 1876 αἰώνιον

2159 1915 2275 1985 ἔχει
2332 1917 2393 1968 τὸ
2456 1916 2691 1985 κράτος,
2759 1915 2856 1967 καὶ
2908 1914 3009 1985 τὴν
3074 1912 3351 1985 βασιλείαν
3410 1913 3723 1981 ἀνώλεθρον.

2161 2007 2333 2061 Τοῦτο
2358 2009 2413 2062 δὲ
2450 2009 2545 2062 καὶ
2568 2008 2678 2061 τῶν
2696 2007 2886 2078 χιλίων
2911 2007 3117 2076 γενεῶν
3138 2009 3170 2076 ἡ
3206 2008 3393 2077 μνήμη
3416 2007 3727 2077 παραδηλοῖ.

2161 2100 2236 2153 Οὐ
2293 2101 2402 2170 γὰρ
2454 2100 2590 2153 ἐτῶν
2624 2099 2860 2171 ἀριθμὸν
2908 2101 2936 2152 ὁ
2979 2099 3137 2168 λόγος
3179 2100 3453 2170 σημαίνει,
3499 2097 3631 2151 ἀλλὰ
3672 2100 3731 2152 τὸ

2160 2190 2386 2261 διαρκές
2426 2191 2522 2246 καὶ
2551 2189 2771 2246 αἰώνιον
2799 2191 2843 2222 ⁵³
2874 2189 2985 2243 τῶν
3013 2189 3217 2257 γενεῶν
3240 2190 3302 2243 τὸ
3341 2189 3544 2260 πλῆθος
3566 2189 3732 2243 αἰνίτ-

2160 2298 2336 2336 τεται.

2234 2461 2301 2528 θ’,
2338 2467 2390 2516 ι’.
2428 2480 2447 2515 ι
2486 2462 2555 2515 Ὀ
2599 2479 2651 2515 τι
2684 2464 2729 2495 ⁵⁸
2758 2461 2968 2517 διέθετο
3019 2463 3097 2532 τῷ
3155 2461 3430 2534 Ἀϐραὰμ,
3492 2461 3590 2516 καί
3640 2463 3736 2518 τοῦ

2162 2554 2329 2628 ὅρκου
2377 2553 2542 2607 αὑτοῦ
2576 2555 2658 2624 τῷ
2702 2554 2911 2609 Ἰσαάκ.
2962 2556 3071 2608 Καὶ
3131 2555 3360 2626 ἔστησεν
3408 2555 3570 2608 αὑτὸν
3591 2556 3638 2588 ⁸³
3664 2557 3739 2629 τῷ

2175 2645 2374 2699 Ἰακὼϐ
2406 2647 2488 2709 εἰς
2515 2647 2870 2717 πρόσταγμα,
2906 2648 2999 2700 καὶ
3031 2647 3107 2717 τῷ
3141 2648 3361 2719 Ἰσραὴλ,
3383 2649 3465 2711 είς
3479 2648 3740 2720 διαθήκην

2164 2736 2406 2791 αἰώνιον.
2438 2755 2460 2788 ι
2501 2737 2733 2817 Τούτων
2771 2737 2883 2790 τῶν
2931 2738 3109 2808 ὅρκων
3166 2739 3259 2792 καὶ
3282 2738 3327 2772 ⁸⁸
3369 2741 3397 2792 ὁ
3454 2738 3742 2803 θεσπέσιος

2164 2828 2543 2899 ἐμνημόνευσε
2593 2829 2837 2898 Μωσῆς·
2880 2848 2899 2880 ι
2946 2826 3082 2882 Εἶπε
3125 2831 3254 2899 γὰρ,
3305 2831 3508 2900 φησὶν,
3550 2833 3579 2884 ό
3612 2830 3744 2893 Θεὸς

2165 2920 2303 2990 πρὸς
2336 2920 2590 2991 ’Δϐραὰμ
2612 2960 2626 2983 ,
2671 2921 2810 2973 Κατ’
2859 2919 3103 2990 ἐμαυτοῦ
3143 2921 3354 2991 ῶμοσα,
3387 2917 3424 2992 ἦ
3458 2922 3564 2992 μὴν
3592 2921 3746 2975 εὐλο-

2165 3012 2278 3081 γῶν
2304 3011 2587 3080 εὐλογήσω
2599 3014 2665 3076 ⁸⁵,
2688 3011 2786 3064 καὶ
2823 3011 3113 3081 πληθύνων
3149 3013 3408 3084 πληθυνῶ
3436 3012 3497 3066 τὸ
3525 3014 3747 3083 σπέρμα

478 3107 561 3161 las
606 3106 729 3160 ραιιὶ
781 3108 1153 3174 multitudine,
1215 3116 1271 3162 et
1318 3109 1710 3163 benedicentur
1755 3110 1806 3162 in
1855 3112 2060 3166 semine

2175 3120 2289 3168 σου,
2311 3103 2387 3166 ὼς
2416 3102 2486 3156 τὰ
2511 3102 2691 3173 ἄστρα
2723 3102 2818 3156 τοῦ
2849 3103 3082 3174 οὑρανοῦ
3105 3103 3182 3176 τῷ
3211 3105 3409 3174 πλήθει
3428 3121 3442 3136 ⁸
3470 3107 3568 3158 καὶ
3594 3104 3749 3158 εὐλο-

480 3209 578 3253 ιιιο
604 3213 796 3253 ontncs
823 3200 996 3254 tribus
1024 3213 1181 3264 terrae
1206 3208 1256 3252 κ.
1291 3218 1309 3250 ›
1340 3198 1456 3255 Hoc
1486 3199 1870 3269 jusjurandum
1903 3200 2065 3254 etiam

453 3290 674 3344 μιαιπο
704 3290 758 3343 in
797 3290 1121 3343 memoriam
1168 3298 1411 3354 revocat,
1455 3298 1510 3345 et
1543 3290 1830 3343 conﬁrmat
1865 3288 2068 3345 ftedera

479 3393 607 3435 cum
647 3376 854 3434 Jacobo
898 3379 1035 3433 inita
1057 3388 1110 3445 1,
1153 3392 1321 3450 atque
1357 3382 1525 3435 etiam
1566 3380 1681 3435 haec
1716 3380 1941 3451 implet:
1973 3398 2069 3452 per

468 3471 671 3525 uocet:
696 3470 985 3537 nimirum,
1028 3472 1248 3527 illorum
1294 3482 1550 3542 posteros
1586 3472 1657 3528 ab
1685 3472 2066 3544 Egyptiorum

472 3562 750 3617 servitute
793 3561 1012 3633 1346
1045 3563 1334 3619 liberans:
1373 3578 1469 3634 per
1510 3561 1699 3618 losum
1748 3578 1880 3619 νυνι)
1920 3564 2069 3621 Nare

481 3653 814 3722 promissam
858 3663 1061 3707 terram
1099 3654 1279 3709 dans:
1315 3653 1479 3709 linem
1522 3664 1703 3710 autem
1743 3657 2067 3726 promissio-

486 3745 569 3802 nis
593 3761 691 3815 per
714 3744 1011 3800 Dominum
1035 3744 1317 3802 Christum
1347 3746 1655 3817 perﬁciens.

558 3925 718 3981 Vens.
760 3924 848 3981 lt.
895 3944 914 3980 ι
952 3924 1149 3983 Diceris
1180 3940 1195 3980 :
1223 3923 1345 3980 Tibi
1388 3924 1533 3981 dabo
1556 3934 1756 3981 tetram
1783 3923 2067 3992 Chanaan,

478 4016 789 4073 folliculum
816 4017 1156 4075 haereditatis
1188 4027 1402 4074 vestrae.
1444 4036 1465 4069 ι
1496 4014 1823 4070 Funiculum
1856 4016 2070 4071 vocavit

478 4111 912 4166 dominationem
961 4121 1122 4168 terrae
1151 4128 1167 4165 :
1197 4112 1484 4181 proprium
1521 4110 1666 4165 enim
1702 4108 1920 4163 illorum
1961 4115 2067 4173 est,

480 4201 579 4274 qui
622 4202 925 4271 possident,
957 4212 1159 4258 terram
1190 4200 1467 4255 mensuris
1491 4200 1784 4271 subjicere.

553 4291 724 4351 Vsus.
766 4295 854 4350 l2.
901 4312 922 4346 ι
959 4295 1097 4350 Cum
1137 4306 1324 4349 essent
1359 4307 1594 4348 numero
1632 4293 1809 4359 brevi,
1854 4290 2069 4361 paucis-

2169 3194 2574 3266 γηθήσονται⁵⁸
2610 3196 2667 3247 ἐν
2713 3193 2790 3264 τῷ
2835 3196 3114 3266 σπέρματί
3154 3213 3248 3248 σου
3285 3197 3459 3249 πᾶσαι
3490 3198 3547 3249 αἱ
3585 3196 3750 3265 φυλαὶ

2167 3288 2267 3357 τῆς
2295 3288 2423 3357 γῆς.
2455 3307 2475 3339 ι
2503 3286 2690 3358 Τούτῳ
2717 3286 2794 3357 τῷ
2820 3287 2970 3357 ὅρκῳ
2997 3287 3206 3341 καὶτὸν
3233 3288 3422 3342 Ἰσαὰκ
3439 3290 3751 3359 ἀναμιμνή-

2171 3394 2292 3431 σκει
2327 3393 2342 3408 '
2391 3376 2605 3447 βεϐαιοῖ
2644 3378 2739 3431 καὶ
2769 3376 2906 3449 πρὸς
2937 3377 3034 3430 τὸν
3069 3376 3266 3432 Ἰακὼϐ
3298 3379 3399 3441 τὰς
3438 3380 3748 3449 συνθήκας·

2169 3467 2266 3521 καὶ
2298 3467 2483 3537 μέντοι
2522 3466 2618 3521 καὶ
2649 3467 2850 3538 πληροῖ
2877 3466 3103 3532 ταύτας,
3145 3466 3233 3521 διὰ
3272 3467 3373 3538 μὲν
3397 3468 3602 3522 Μωσοῦ
3624 3470 3751 3531 τοὺς

2169 3559 2397 3613 ἐκείνων
2451 3559 2712 3628 ἐκγόνους
2741 3559 2785 3591 ⁵⁷
2833 3560 2934 3629 τῆς
2995 3559 3309 3628 Δίγυπτίων
3365 3560 3749 3630 ἐλευθερώσας

2169 3649 2439 3715 δουλείας,
2472 3650 2562 3703 διὰ
2587 3650 2644 3703 δέ
2674 3650 2852 3719 Ἰησοῦ
2880 3650 2973 3704 τοῦ
3005 3652 3165 3722 Ναυῆ
3193 3652 3295 3721 τὴν
3321 3651 3748 3723 ἐπηγγελμένην

2169 3746 2273 3814 γῆν
2306 3743 2352 3776 ⁸⁸
2383 3743 2618 3806 ἀποδούς
2645 3759 2659 3775 ·
2687 3743 2748 3797 τὸ
2779 3742 2835 3796 δέ
2861 3743 3012 3807 τέλος
3046 3745 3144 3815 τῆς
3169 3745 3507 3814 ἐπαγγελίας
3531 3746 3628 3798 διὰ
3656 3744 3749 3797 τοῦ

2169 3835 2444 3888 Δεσπότου
2477 3834 2833 3907 συμπεράνας
2866 3836 3129 3907 Χριστοῦ.

2243 3926 2335 3981 ια’.
2382 3946 2403 3979 ι
2433 3928 2650 3996 Λέγων,
2712 3930 2802 3982 Σοὶ
2849 3928 3006 3982 δώσω
3038 3927 3139 3998 τὴν
3162 3933 3265 4000 γῆν
3326 3928 3572 3995 Χαναὰν,
3604 3926 3751 3998 σχοί-

2168 4036 2340 4091 νισμα
2391 4019 2760 4092 κληρονομίας
2818 4020 2996 4091 ὑμῶν.
3043 4039 3063 4073 ι
3118 4021 3455 4091 Σχοίνισμα
3506 4020 3610 4092 τὴν
3656 4020 3757 4089 τῆς

2168 4112 2272 4183 γῆς
2299 4111 2529 4167 ἐκάλεσε
2551 4113 2876 4167 δεσποτείαν
2902 4129 2915 4142 ·
2950 4111 3059 4166 τῶν
3092 4113 3448 4183 κεκτημένων
3478 4114 3590 4184 γὰρ
3624 4112 3757 4165 ἰδιον

2171 4203 2358 4274 μέτρῳ
2386 4204 2485 4276 τὴν
2515 4208 2620 4276 γῆν
2652 4204 3001 4258 ὑποϐάλλειν.

2243 4297 2330 4367 ιβ’.
2368 4315 2387 4350 ι
2439 4298 2528 4351 Ἐν
2576 4295 2656 4367 τῷ
2684 4292 2825 4350 εἶναι
2871 4296 3068 4359 αὐτοὺς
3097 4293 3319 4367 ἀριθμῷ
3355 4294 3577 4365 βραχεῖς
3599 4335 3615 4355 ,
3645 4294 3758 4346 ὀλί-

482 4385 632 4452 simi,
666 4397 720 4443 et
745 4387 939 4441 incola:
978 4386 1121 4455 ejus.
1155 4402 1175 4434 ›
1212 4382 1337 4439 Haec
1360 4395 1565 4451 autem,
1592 4384 1794 4454 inquit,
1821 4381 2060 4451 parenti-

2175 4391 2396 4458 γοστοὺς
2424 4389 2519 4444 καὶ⁸
2563 4389 2863 4457 παροίκους
2899 4391 2955 4440 ἐν
2983 4387 3143 4458 αὐτῇ.
3186 4406 3205 4439 ι
3241 4385 3427 4439 Ταῦτα
3457 4387 3538 4448 δὲ,
3563 4387 3755 4457 φησιν,

482 4481 586 4536 bus
618 4480 888 4549 promisit,
937 4479 1033 4549 qui
1078 4477 1301 4533 fuerunt
1345 4477 1527 4547 pauci,
1563 4485 1620 4532 et
1657 4485 1945 4531 numerato
1989 4473 2065 4529 fa-

483 4571 640 4626 ciles.
671 4569 1027 4626 Demonstrat
1071 4578 1256 4624 autem
1288 4584 1384 4639 per
1425 4570 1530 4624 hoc
1562 4566 1934 4638 promittentis
1975 4580 2069 4637 po-

486 4662 734 4727 tentiam,
772 4662 922 4730 quod
947 4660 1171 4716 licetsic
1200 4659 1359 4729 pauci
1386 4658 1717 4722 exstiterint,
1746 4667 1854 4711 tam
1874 4656 2067 4728 amplae

484 4762 649 4808 terrae
674 4752 969 4822 imperium
998 4751 1108 4806 illis
1135 4751 1321 4820 largiri
1346 4750 1606 4822 potuerit.

558 4842 731 4899 Vens.
774 4844 863 4898 t5.
911 4862 932 4896 ι
969 4844 1039 4898 Ει
1068 4843 1407 4898 transierunt
1436 4842 1504 4897 de
1536 4849 1696 4913 gente
1730 4840 1795 4894 ad
1828 4850 2066 4911 gentem,

484 4938 636 4994 etde
669 4953 841 5008 regno
872 4938 939 4991 ad
982 4938 1243 5009 populum
1283 4939 1539 4993 alterum.
1589 4955 1608 4989 ι
1652 4933 1786 4990 Nam
1834 4933 2069 5002 patriar-

485 5029 603 5084 clue
642 5030 696 5084 in
734 5037 997 5098 perpetua
1049 5029 1491 5100 peregrinatione
1520 5026 1725 5084 versati
1771 5037 1921 5090 sunt,
1971 5040 2067 5079 nc-

563 5219 588 5248 ι
625 5206 759 5262 Gen.
802 5219 941 5269 χχιι,
985 5203 1072 5271 l6,
1107 5202 1195 5258 l7.
1271 5211 1302 5251 ι
1332 5201 1475 5259 Gen.
1507 5221 1658 5270 χχι-ι,
1689 5207 1744 5271 5,
1777 5206 1831 5260 4.

2171 4481 2443 4552 ὑπέσχετο
2487 4484 2603 4546 τοῖς
2645 4481 2917 4553 πατράσιν
2966 4479 3170 4548 ὀλίγοις
3199 4474 3348 4543 οὖσι,
3404 4478 3501 4533 καὶ
3546 4480 3760 4549 σφόδρα

2171 4574 2601 4645 εὐαριθμήτοις·
2644 4573 2797 4643 δηλοῖ
2827 4572 2886 4626 δὲ
2916 4572 3009 4626 διὰ
3061 4571 3252 4624 τούτου
3299 4570 3393 4623 τοῦ
3451 4571 3758 4641 ὑπισχνου-

2178 4666 2343 4737 μένου
2394 4665 2493 4735 τὴν
2553 4662 2822 4733 δύναμιν·
2887 4661 2970 4715 ὅτι
3023 4659 3118 4713 καί
3176 4677 3260 4712 τοι
3314 4657 3489 4721 οὑτως
3547 4657 3758 4725 ὀλίγοις

2172 4758 2443 4825 τοσαύτης
2479 4754 2586 4826 γῆς
2609 4753 2930 4808 δεσποτείαν
2956 4753 3216 4821 παρέχειν
3239 4749 3491 4819 ἠδύνατο.

2246 4854 2335 4917 ιγ’.
2374 4866 2393 4898 ι
2438 4847 2551 4901 Καὶ
2586 4844 2803 4915 διῆλθον
2832 4846 2890 4913 ἐξ
2916 4844 3106 4907 ἔθνους
3127 4846 3207 4906 εἰς
3232 4842 3404 4908 ἔθνος,
3428 4841 3523 4894 καὶ
3558 4842 3630 4894 ἐκ
3664 4839 3759 4909 βα-

2171 4939 2377 5003 σιλείας
2401 4939 2484 5002 εἰς
2520 4938 2649 4990 λαὸν
2708 4937 2918 5007 ἕτερον.
2953 4955 2973 4989 ι
3025 4934 3428 5008 Παροικοῦντες
3462 4935 3509 4966 ⁸⁸
3545 4932 3665 5003 γὰρ
3714 4928 3761 4981 οἱ

2172 5032 2514 5103 πατριάρχαι
2550 5028 2883 5098 διετέλεσαν,
2911 5030 3008 5084 καὶ
3053 5028 3177 5083 οὑδέ
3205 5028 3290 5099 ἐφ’
3320 5027 3441 5091 ἐνὸς
3473 5025 3763 5097 ίδρὺμενοι

1599 5343 1827 5399 VARIA'I
1865 5343 2248 5400 LECTIONES
2284 5341 2371 5396 ET
2406 5340 2639 5398 ΝΟΤΛΕ.

559 5458 607 5492 ⁸⁸
634 5460 800 5527 Τούς.
824 5460 945 5516 cod.
973 5460 997 5515 1
1024 5461 1140 5517 τοῦ.
1175 5461 1250 5517 lta
1275 5476 1494 5531 quoque
1517 5460 1714 5516 deinde
1739 5469 1863 5530 post
1892 5460 2060 5529 ἀπογό

2175 5476 2225 5531 ς.
2253 5530 2261 5531 7
2295 5459 2337 5491 ⁸¹
2372 5456 2644 5531 Menonme.
2674 5458 2796 5531 cod.
2822 5458 2845 5511 1

2888 5459 3137 5530 μόνιμον.
3206 5458 3254 5530 ξ’
3274 5457 3347 5530 ὀ
3372 5473 3447 5512 τι.
3475 5454 3646 5530 cod._l
3677 5451 3754 5530 _5Vs

489 5543 609 5601 qua:
634 5540 720 5586 est
755 5524 871 5586 'rcc.
901 5532 1058 5587 lectio
1081 5534 1136 5588 lt.
1168 5535 1205 5587 Ι.
1288 5524 1332 5564 ⁵³
1360 5524 1579 5586 Αὖτὸν.
1619 5531 1698 5585 lta
1743 5524 1846 5601 leg.
1894 5531 1949 5601 in
1991 5524 2120 5586 edit.
2165 5530 2288 5601 Ald.
2340 5537 2394 5601 et
2438 5524 2938 5601 Cptnpl._lieccpia
2985 5524 3166 5583 autem
3192 5527 3381 5601 _lectio
3421 5537 3505 5601 est
3554 5524 3755 5601 αὐτὴν.

489 5596 538 5670 ῘῨ
560 5601 690 5670 Κιιί.
724 5601 890 5658 Abest
922 5601 1091 5657 acod.
1124 5603 1174 5656 l.
1253 5601 1301 5633 ⁸⁸
1331 5603 1555 5670 Εὐλογ.
1603 5601 1725 5656 cod.
1778 5596 1825 5654 1⁷
1851 5599 1976 5655 add.
2033 5618 2060 5654 σ

2191 5600 2236 5632 ⁵⁸
2291 5599 2415 5654 cod.
2471 5596 3086 5670 herselomflﬁcovrat.

3189 5597 3234 5629 ⁸⁷
3261 5598 3384 5653 cod.
3413 5597 3440 5651 1
3470 5596 3750 5667 ἐγγόνιιυςι

489 5666 710 5747 υῠίΓῆν.
755 5671 923 5729 Abest
964 5687 995 5726 ο
1035 5671 1155 5726 cod.
1187 5671 1240 5726 1.
1315 5675 1361 5706 ⁸⁹
1394 5666 1637 5740 Παροικ.
1671 5687 1727 5723 κ.
1767 5688 1818 5723 τ.
1852 5670 1902 5724 λ.
1951 5670 2060 5727 Dive

2202 5678 2329 5726 sunt
2364 5683 2485 5738 quze
2519 5668 2681 5724 habet
2724 5666 2891 5725 COrd.
2927 5678 2968 5723 ι.
2998 5667 3082 5733 ιιι,
3115 5684 3170 5738 p.
3201 5670 3324 5722 H7.
