3890 6320
125 322 267 390 1“ι’13
1503 324 1585 385 IN

1652 322 1860 383 PSAL.
1890 321 2036 382 CIV.

3264 304 3405 374 17M

114 435 293 489 τόπου
321 448 333 460 '
368 431 511 485 ἀλλὰ
543 428 641 484 νῦν
677 429 776 501 μὲν
818 426 945 496 ὧδε,
979 430 1073 484 νῦν
1115 430 1172 486 δὲ
1210 431 1331 486 ἐκεῖ
1365 431 1461 495 τὰς
1500 431 1710 504 σκηνὰς

1855 446 1920 484 ne
1952 430 2005 484 in
2046 443 2157 483 uno
2189 426 2313 482 loco
2340 396 2730 484 constiterunt,
2762 418 2854 475 sed
2883 418 3047 474 modo
3078 418 3207 487 huc,
3241 422 3409 477 modo

122 528 558 600 μεταφέροντες.

196 621 281 674 ιδ’.
319 637 338 670 ι
383 618 499 672 Οὐκ
541 617 755 687 ἀφῆκεν
800 617 1091 688 ἄνθρωπον
1127 618 1387 689 ἀδικῆσαι
1427 616 1648 676 αὐτούς.
1688 636 1706 667 ι

118 712 427 783 Κρείττους
473 710 584 781 γὰρ
650 710 849 773 αὐτοὺς
896 709 1008 763 τῶν
1061 710 1283 764 ἀδικιῶν
1336 709 1712 783 πειραθέντων

121 803 432 874 ἀπέφηνεν.
516 821 535 855 ι
624 802 735 856 Καὶ
801 801 1031 873 ἡλεγξεν
1111 803 1252 873 ὑπὲρ
1314 803 1495 858 αὐτῶν
1557 801 1718 873 βασι·

121 896 261 957 λεῖς.
297 913 317 946 ι

200 990 285 1038 ιε’.
316 1002 337 1034 ι
370 984 464 1053 Μὴ
484 982 724 1037 ἅπτεσθε
742 985 787 1016 ⁶⁰
814 983 922 1037 τῶν
948 984 1188 1056 χριστῶν
1218 1003 1345 1055 μου,
1378 986 1472 1039 καὶ
1506 986 1563 1036 ὲν
1595 985 1708 1047 τοῖς

134 1076 447 1146 προφήταις
485 1093 588 1144 μου
626 1075 700 1146 μὴ
746 1076 1151 1147 πονηρεύσεσθε
1181 1078 1247 1130 ⁸⁸.
1290 1096 1309 1128 ι
1361 1076 1517 1130 Οὕτω
1547 1077 1592 1108 ⁸²
1625 1076 1719 1129 τὸν

132 1165 340 1236 Φαραὼ
391 1166 598 1237 ῆτασεν
664 1168 929 1238 ὲτασμοῖς
984 1168 1246 1236 μεγάλοις
1291 1169 1389 1222 καλ⁵
1459 1167 1717 1237 φοϐεροῖς

136 1259 265 1327 περὶ
302 1258 523 1329 Σάῥρας
558 1260 659 1330 τῆς
688 1259 949 1327 γυναικὸς
978 1259 1258 1331 Ἀϐραάμ.
1311 1259 1470 1313 Οὕτω
1494 1258 1714 1327 νύκτωρ

133 1348 228 1401 ea»
288 1349 583 1419 Ἀδιμέλεχ
637 1349 1066 1418 ὲξεδειμάτωσεν
1129 1350 1404 1423 εἰρηκώς·
1461 1350 1594 1403 Ἰδοὺ
1650 1350 1718 1403 σὺ

137 1439 515 1509 ἀποθνήσκεις
553 1442 684 1511 περὶ
726 1442 948 1515 Σάρρας
996 1443 1096 1510 τῆς
1123 1443 1381 1511 γυναικὸς
1420 1442 1680 1512 Ἀϐραάμ
1703 1458 1717 1470 ·

138 1531 281 1602 αὕτη
308 1532 367 1585 δέ
395 1532 548 1587 ἐστιν
584 1536 936 1604 συνῳκηκυῖα
979 1535 1155 1605 ἀνδρί.
1199 1534 1358 1589 υΰτω
1396 1535 1488 1589 τὸν
1528 1533 1717 1588 Ἰσαὰκ
1791 1535 1798 1545 ’

140 1621 427 1692 αἰδέσιμον
456 1624 571 1686 τοῖς
600 1624 900 1694 τηνικαῦτα
933 1625 1032 1697 τὴν
1073 1627 1443 1699 Παλαιστίνην
1477 1627 1722 1682 οἰκοῦσιν

138 1713 449 1782 ἀπέφηνεν.
525 1713 684 1770 Οὕτω
750 1716 983 1785 φονῶντι
1028 1717 1107 1789 τῷ
1150 1719 1338 1773 Λάδαν
1377 1719 1677 1790 ἠπείλησεν
1701 1737 1715 1750 ·

148 1823 165 1855 ι
204 1806 351 1875 Ὅρα
392 1805 523 1877 γὰρ,
550 1806 677 1877 ἔφη,
723 1808 800 1881 μὴ
842 1809 1088 1883 λαλήσῃς
1130 1811 1342 1882 σκληρὰ
1384 1811 1525 1866 κατὰ
1554 1812 1600 1843 ⁸³
1628 1808 1722 1864 τοῦ

140 1898 338 1960 παιδός
367 1916 473 1968 μου
503 1898 1055 1968 Ἰακώ6.»Χριστοὺς
1082 1902 1138 1955 δὲ
1167 1904 1586 1973 προσαγορεύει,
1631 1903 1730 1974 οὐχ

138 1989 219 2052 ὡς
253 1989 423 2060 ὲλαίῳ
464 1991 882 2062 κεχρισμένους,
917 1993 1031 2046 ἀλλ’
1061 1994 1137 2057 ὡς
1171 1995 1463 2057 ἐκλεκτοὺς
1495 1995 1729 2066 γενομέα

140 2097 291 2144 νους.
343 2081 668 2150 Προφήτην
697 2083 754 2136 δὲ
787 2084 881 2137 καὶ
922 2085 1086 2149 αὐτὸς
1113 2086 1143 2137 ὁ
1171 2086 1303 2152 Θεὸς
1345 2087 1438 2141 τὸν
1468 2086 1728 2158 Ἀϐραὰμ

142 2169 592 2241 προσηγόρευσεν
616 2188 629 2202 ·
667 2190 686 2223 ι
719 2173 944 2238 Ἀπόδος
985 2175 1129 2246 γὰρ,
1168 2175 1295 2245 έςρη,
1358 2176 1459 2246 τὴν
1494 2178 1732 2247 γυναῖκα

143 2259 224 2328 τῷ
247 2260 425 2330 ἀνδρὶ,
454 2260 537 2314 ὅτι
562 2262 851 2334 προφήτης
880 2263 995 2316 ἐστί
1019 2280 1033 2294 ·
1070 2266 1165 2319 καὶ
1213 2265 1573 2336 προσεύξεται
1601 2265 1733 2338 περὶ

147 2349 273 2415 σοῦ,
305 2352 402 2405 καὶ
432 2352 675 2424 σωθήσῃ.
724 2372 743 2404 ι

219 2442 321 2509 ις’.
349 2463 369 2496 ι
412 2446 526 2498 Καὶ
547 2446 772 2500 ἐκάλεσε
798 2446 958 2517 λιμὸν
987 2448 1081 2502 ἐπὶ
1102 2449 1203 2519 τὴν
1225 2449 1356 2519 γῆν.
1394 2468 1415 2501 ι
1458 2449 1527 2504 Ἦ
1551 2450 1738 2521 ἀμαρ-

144 2538 238 2593 τία
263 2539 368 2610 τὴν
396 2538 644 2593 παιδείαν
664 2539 952 2609 ἐφέλκεται
971 2555 985 2569 ⁸
1007 2539 1114 2611 ἠδὲ
1141 2541 1363 2596 παιδεία
1385 2542 1477 2595 τὸν
1497 2542 1737 2615 θηριώδη

1817 522 1948 575 illuc
1982 517 2335 574 tabernacula
2370 513 2794 569 transferebant.

1891 614 2055 669 Vens.
2099 614 2185 669 M.
2232 620 2265 664 ἰ
2309 609 2426 665 Non
2482 607 2733 679 permisit
2789 605 2883 661 ulli
2938 606 3149 660 homini
3205 622 3407 663 nouere

1816 707 1917 761 eis.
1959 725 1978 757 ι
2017 704 2123 759 Eos
2156 705 2304 757 enim
2337 702 2656 771 superiores
2698 698 2935 754 reddidit
2977 699 3062 765 iis,
3108 698 3203 769 qui
3238 714 3411 755 cona-

1819 795 2022 850 bantur
2058 794 2271 849 laedere.
2321 809 2340 843 ι
2383 792 2448 846 Et
2476 788 2951 860 corripuitpro'eis
2991 803 3167 859 reges.
3213 807 3237 840 ν

1893 992 2058 1047 Vens.
2082 993 2144 1045 15
2169 1011 2184 1045 ι
2212 992 2391 1046 Nolite
2413 1001 2634 1062 tangere
2666 1001 2859 1047 unctos
2892 1006 3066 1056 meos,
3100 999 3154 1046 et
3184 989 3237 1043 in
3268 991 3411 1061 'pro-

1822 1088 2013 1158 phetas
2044 1101 2193 1141 meos
2217 1086 2386 1140 nolite
2412 1086 2635 1153 maligni
2658 1100 2829 1140 ossea
2852 1084 2946 1139 Sic
2974 1086 3027 1137 in
3067 1082 3410 1138 Pharaonem

1821 1178 2207 1234 animadvertit
2246 1175 2814 1233 animadversionibus
2836 1174 3046 1244 magnis
3068 1181 3123 1228 et
3153 1172 3413 1228 terribili-

1823 1272 1943 1338 bus,
1959 1283 2181 1341 propter
2203 1269 2396 1325 Saram
2414 1284 2641 1324 uxorem
2662 1269 2979 1323 Abrahami.
2998 1267 3089 1322 Sic
3109 1277 3268 1322 noete
3284 1266 3413 1320 Abi-

1822 1365 2128 1419 meleehum
2154 1362 2469 1435 perterruit,
2505 1361 2694 1417 dicens
2721 1379 2734 1415 :
2758 1359 2838 1415 En
2878 1360 3133 1414 morieris
3186 1366 3414 1428 propter

1823 1453 2013 1510 Saram
2037 1470 2262 1510 uxorem
2308 1452 2627 1514 Abrahami,
2669 1453 2786 1523 ipsa
2806 1466 2939 1506 vero
2968 1450 3251 1504 rohabitat
3287 1465 3411 1503 eum

1821 1546 2092 1602 viro'.Sic
2110 1548 2352 1602 lsaaeum
2368 1546 2735 1601 venerandum
2755 1543 2985 1598 reddidit
3003 1543 3143 1613 apud
3164 1543 3304 1605 illos,
3321 1543 3415 1609 qui

1824 1647 1955 1695 tunc
1970 1640 2306 1695 Palaestinam
2324 1639 2679 1695 incolebant‘.
2704 1636 2795 1691 Sic
2812 1636 2945 1691 mini
2957 1646 3100 1690 tatus
3113 1645 3195 1688 est
3208 1633 3417 1689 Labani

1825 1731 2074 1786 occidere
2090 1731 2289 1786 volenti
2312 1748 2325 1784 :
2349 1726 2984 1800 (Cavecnim,inquit,ne
3011 1728 3255 1795 loquaris
3277 1726 3415 1781 dura

1831 1831 2017 1877 contra
2043 1836 2264 1878 servum
2288 1835 2470 1876 meum
2501 1823 2517 1841 '
2552 1818 2883 1875 Jacobumb.
2914 1837 2932 1869 ι
2967 1817 3180 1890 1347
3222 1817 3421 1873 chlas

1832 1930 2011 1972 autem
2048 1916 2309 1987 appellat,
2341 1929 2449 1969 non
2481 1923 2743 1983 tanquam
2773 1913 2895 1969 oleo
2929 1921 3142 1979 unctos,
3173 1913 3266 1968 sed
3300 1920 3422 1967 tau-

1833 2025 1995 2079 quam
2038 2009 2244 2063 electos
2276 2007 2473 2061 factos.
2514 2004 2837 2072 Prophelam
2884 2018 3015 2058 vero
3044 2012 3099 2059 et
3131 2004 3249 2074 ipse
3277 2002 3427 2058 Dens

1834 2100 2206 2157 Abrahamum
2235 2097 2548 2168 appellavit.
2573 2093 2965 2160 «Reddeenim,
3002 2095 3099 2160 ait,
3132 2094 3420 2149 mulierem

1834 2192 1974 2257 viro,
2006 2190 2265 2260 quoniam
2288 2186 2551 2258 propheta
2582 2194 2689 2249 est,
2715 2193 2769 2240 et
2799 2185 2978 2240 orabit
3009 2201 3107 2257 pro
3132 2192 3205 2247 te.
3229 2194 3284 2245 et
3312 2201 3426 2240 ser-

1837 2283 2055 2338 vaberis
2077 2291 2125 2335 ο.
2163 2298 2185 2331 ι

1911 2454 2077 2509 Vsus.
2124 2453 2210 2509 16.
2258 2472 2277 2506 ι
2314 2452 2380 2507 Et
2421 2451 2639 2508 vocavit
2683 2449 2882 2505 famem
2918 2463 3084 2518 super
3131 2456 3354 2503 terram.
3398 2465 3419 2503 ι

1838 2548 2129 2604 Peccatum
2190 2544 2612 2615 castigationem
2661 2542 2909 2605 attrahit,
2962 2541 3253 2611 castigatio
3293 2554 3425 2595 vero

148 2632 267 2701 βίον
332 2630 549 2702 ἐλέγχει
574 2646 589 2662 ⁸
625 2632 653 2685 ὁ
694 2631 753 2685 δὲ
777 2631 999 2702 ἐλεγχος
1031 2633 1130 2703 τὴν
1158 2630 1254 2686 τοῦ
1287 2632 1403 2703 βίου
1432 2634 1730 2704 μεταϐολὴν

1850 2641 2071 2695 ferinam
2100 2640 2267 2695 vitam
2295 2639 2601 2709 redarguit,
2639 2637 2954 2707 redargntio
2989 2651 3118 2691 vero
3153 2635 3274 2690 vita:
3306 2651 3428 2689 mu-

148 2726 626 2798 πραγματεύεται.
671 2727 776 2779 Τὸν
805 2727 987 2781 τοίνυν
1018 2727 1177 2798 λιμὸν
1224 2729 1477 2799 ἐπήγαγε
1514 2729 1603 2783 διὰ
1644 2729 1730 2784 «ab»

1850 2733 2104 2785 inlinan
2133 2730 2317 2785 efficit.
2360 2729 2581 2785 Famem
2612 2727 2781 2797 igitur
2813 2728 3029 2782 induxit
3075 2727 3146 2781 ob
3178 2726 3424 2795 iniquam

150 2818 474 2890 παράνομον
519 2817 634 2887 βίον
681 2818 791 2872 τῶν
835 2818 1141 2888 τηνικαῦτα
1198 2819 1506 2890 ἀνθρώπων
1538 2837 1552 2851 ·
1618 2822 1730 2875 ἀλλ’

1850 2822 2010 2875 vitam
2061 2820 2343 2874 hominum
2394 2819 2541 2874 illius
2591 2819 2930 2888 tempestatis
2978 2836 2993 2873 :
3044 2826 3427 2873 verumtamen

150 2908 305 2975 ὅμως
336 2907 436 2960 καὶ
458 2905 603 2960 οὕτω
628 2907 738 2962 τῶν
771 2908 990 2963 οἰκείων
1023 2910 1372 2980 θεραπόντων
1401 2912 1730 2984 ἐπεμελήθης

1850 2915 1950 2968 hoc
1977 2914 2138 2967 etiam
2177 2913 2340 2968 modo
2373 2911 2440 2967 de
2484 2913 2603 2967 suis
2638 2927 2825 2966 curam
2873 2911 3061 2979 gessit.
3117 2928 3135 2961 ι
3170 2909 3235 2963 Ει
3264 2923 3430 2963 omne

157 3017 178 3050 ι
212 3001 333 3052 Πᾶν
390 2999 671 3069 στήριγμα
723 2999 891 3070 ἄρτου
950 3002 1293 3072 συνέτριψεν.
1350 3022 1369 3055 ι
1438 3005 1587 3058 Ἀντὶ
1616 3005 1730 3071 ’1ιοῦ¹

1850 3006 2251 3060 firmamentum
2284 3005 2443 3072 panis
2476 3003 2756 3059 contrivit.
2794 3020 2818 3059 ›
2867 3003 3037 3070 Quasi
3088 3002 3255 3067 dicat,
3288 2999 3424 3056 0m-

154 3092 274 3145 lliv
364 3091 656 3163 διαθρέψαι
714 3092 1011 3163 δυνάμενον
1077 3094 1336 3149 σπανίσαι
1400 3095 1730 3168 πεποίηκενε

1850 3097 1996 3150 nium
2037 3112 2243 3160 rerum,
2279 3104 2417 3165 ;qu:e
2448 3095 2658 3150 nutrire
2690 3102 2962 3164 poterant,
3001 3094 3241 3162 inopiam
3274 3091 3425 3155 fecit,

154 3185 215 3238 οὐ
250 3184 416 3254 μόνον
465 3188 632 3249 σῖτον,
679 3186 817 3240 ἀλλὰ
849 3186 945 3241 καὶ
985 3187 1201 3258 κριθὰς,
1243 3188 1340 3243 καὶ
1381 3186 1609 3260 ὄσπρια,
1644 3189 1742 3244 καὶ

153 3278 203 3330 τ’
227 3275 368 3331 ἄλλα
393 3278 462 3332 δι’
488 3271 564 3334 ὧν
594 3278 932 3348 βιοτεύουσιν
954 3280 1256 3351 ἄνθρωποι.

227 3455 320 3522 ιζ’.
368 3475 389 3510 ι
427 3457 772 3511 Ἀπέστειλεν
821 3456 1135 3529 ἔμπροσθεν
1191 3459 1375 3515 αὐτῶν
1427 3460 1740 3532 ἄνθρωπον,

158 3550 236 3612 είς
286 3548 477 3603 δοῦλον
507 3549 554 3583 ⁸⁸
607 3549 823 3621 ἐπράθη
904 3550 1127 3621 Ἰωσήφ.
1160 3569 1180 3603 ι
1232 3551 1546 3623 ’Λμφὸτερα
1602 3553 1745 3608 κατὰ

157 3640 361 3694 ταυτὸν
410 3640 669 3712 ἐδήλωσε,
721 3641 816 3695 καὶ
853 3640 963 3695 τῶν
986 3640 1233 3711 ἀδελφῶν
1271 3641 1371 3713 τὴν
1404 3644 1738 3715 μοχθηρίαν,

160 3730 257 3784 καὶ
307 3730 411 3800 τὴν
456 3730 623 3786 αὐτοῦ
652 3732 880 3801 σοφίανο
928 3734 996 3803 τῇ
1051 3733 1161 3804 γὰρ
1204 3733 1430 3787 ἐκείνων
1477 3736 1559 3798 εἰς
1620 3735 1741 3789 δέον

161 3822 440 3892 ἐχρήσατο
479 3823 731 3895 πονηρίᾳ.
763 3824 837 3877 Οὐ
861 3823 972 3894 γὰρ
1011 3824 1176 3887 αὐτὸς
1213 3824 1456 3889 ἐκείνους
1493 3825 1742 3894 ἠνάγκα-

165 3927 253 3963 cev
294 3911 686 3981 ἀπεμπολῆσαι
731 3912 824 3967 τὸν
866 3912 1116 3980 ἀδελφὸν,
1161 3913 1298 3967 ἀλλὰ
1326 3916 1392 3985 τῇ
1438 3913 1745 3985 κακοηθείᾳ

167 4001 264 4069 μὲν
302 4002 372 4071 τῇ
407 4000 628 4054 ἐκείνων
661 4002 973 4055 ὲνδέδωκεν.
1006 4002 1176 4066 Αὐτὸς
1209 4004 1266 4057 δὲ
1295 4006 1375 4067 εὶς
1414 4003 1534 4057 δέον
1563 4003 1739 4076 ταύτῃ

146 4094 538 4163 χρησάμενος,
576 4092 798 4161 βασιλέα
840 4093 932 4148 τὸν
974 4094 1159 4148 δοῦλον
1205 4095 1475 4165 ἀπέφηνε,
1528 4096 1624 4149 καὶ
1666 4096 1744 4165 τῷ

164 4182 316 4249 γένει
340 4181 441 4251 τὴν
470 4184 550 4245 είς
583 4182 857 4247 Αἴγυπτον
886 4183 1111 4237 κάθοδον
1141 4185 1566 4253 ὲπρυτάνευσεν.
1595 4185 1745 4239 Ἔδει

165 4275 275 4341 γὰρ
308 4275 440 4335 τοὺς
470 4273 598 4328 λαὸν
635 4273 772 4328 Θεοῦ
822 4274 1113 4345 μέλλοντας
1151 4276 1536 4347 χρηματίζειν,
1587 4294 1749 4348 περι-

166 4368 359 4434 φανεῖς
394 4364 649 4429 γενέσθαι
700 4366 796 4419 καὶ
862 4367 1262 4438 περιϐλέπτους
1302 4366 1391 4421 διὰ
1434 4366 1544 4421 τῶν
1596 4367 1740 4438 ὑπὲρ

1850 3203 1960 3242 non
1996 3188 2175 3243 solum
2208 3187 2491 3250 frumenti,
2538 3187 2635 3242 sed
2666 3185 2830 3240 etiam
2858 3184 3072 3248 hordei,
3107 3196 3155 3239 et
3195 3183 3429 3255 legumi-

1851 3296 2004 3340 num.
2055 3288 2110 3335 et
2158 3280 2390 3333 aliarum
2444 3293 2652 3342 rerum,
2705 3277 2913 3347 quibus
2952 3275 3204 3331 homines
3258 3275 3429 3328 vitatu

1851 3379 2182 3428 sustentant.

1924 3460 2093 3516 Vens.
2138 3462 2226 3515 Π.
2291 3479 2310 3512 ι
2349 3459 2497 3515 Misit
2549 3469 2675 3515 autc
2728 3473 2823 3514 eos
2876 3461 3053 3513 virum
3111 3457 3429 3528 quemdam,

1852 3568 1954 3623 pro
1986 3565 2147 3608 servo
2177 3552 2522 3605 venundatus
2549 3557 2636 3605 est
2665 3547 2887 3618 Ioseph.
2934 3567 2953 3598 ι
2997 3547 3301 3615 Utrumque
3335 3560 3431 3600 eas

1853 3645 1979 3699 dem
2028 3657 2193 3712 opera
2241 3641 2562 3704 declaravit,
2614 3648 2671 3694 et
2720 3638 2952 3692 fratrum
3005 3638 3329 3706 nequitiam,
3379 3646 3435 3691 et

1854 3749 2011 3791 suam
2058 3734 2234 3803 ipsius
2277 3730 2600 3801 sapientiam
2650 3748 2663 3783 :
2713 3745 2838 3783 nam
2896 3730 3116 3782 illorum
3169 3727 3433 3798 pravitate

1855 3831 2162 3893 opportune
2192 3836 2328 3875 usus
2355 3829 2462 3875 est.
2494 3817 2614 3873 Non
2645 3818 2793 3873 enim
2827 3818 2944 3887 ipse
2973 3833 3068 3872 eos
3099 3817 3330 3886 impulit,
3375 3825 3436 3870 ut

1856 3914 2078 3970 fratrem
2104 3913 2421 3977 venderent,
2447 3911 2540 3966 sed
2567 3910 2783 3964 illorum
2809 3909 3153 3980 perversitati
3182 3908 3422 3962 indulsit.

1856 4006 1978 4078 Ipse
2003 4021 2131 4061 vero
2161 4014 2465 4074 opportune
2495 4003 2602 4057 hac
2636 4010 2816 4065 utens,
2845 4018 2911 4055 ex
2944 4017 3102 4055 servo
3139 4015 3321 4071 regem
3353 4000 3437 4055 ef-

1860 4099 2006 4165 fecit,
2033 4107 2086 4152 et
2116 4096 2300 4167 generi
2330 4096 2654 4150 descensum
2682 4093 2739 4147 in
2765 4093 3059 4165 Egyptum
3092 4091 3430 4163 procuravit.

1857 4189 2156 4260 Oportebat
2180 4189 2349 4252 enim,
2384 4200 2444 4242 ut
2470 4188 2564 4257 qui
2594 4186 2822 4241 vocandi
2854 4197 3012 4239 erant
3043 4184 3279 4254 populus
3314 4183 3433 4244 Dei,

1858 4282 1992 4339 clari
2041 4290 2098 4337 et
2144 4280 2387 4336 illustres
2443 4278 2637 4335 tierent
2688 4292 2786 4347 per
2834 4277 3097 4331 miracula
3149 4292 3249 4346 pro
3300 4277 3433 4345 ipsis

1859 4376 2023 4431 edita.
2071 4372 2350 4443 Siquidem
2405 4387 2536 4428 cura
2578 4369 2684 4425 illis
2732 4367 2973 4424 exhibita
3027 4366 3196 4421 Deum
3241 4381 3434 4420 eorum

166 4457 354 4513 αὐτῶν
393 4458 693 4528 γινομένων
749 4458 1067 4527 θαυμάτων.
1113 4459 1180 4511 Ἦ
1223 4458 1333 4530 γὰρ
1395 4461 1477 4523 είς
1541 4461 1730 4524 αὐτοὺς

1860 4464 2205 4535 praedicabat,
2234 4463 2627 4532 audientesque
2649 4460 2850 4516 divinat
2873 4456 3203 4529 cognitionis
3228 4454 3436 4509 lumine

164 4550 433 4621 γινομένη
473 4549 768 4620 κηδεμονία
818 4550 910 4603 τὸν
949 4549 1157 4603 τούτων
1200 4550 1334 4603 Θεὸν
1372 4552 1709 4623 ἀνεκήρυττε
1734 4592 1750 4619 ,

166 4643 413 4706 καὶτοὺς
456 4640 754 4705 ἀκούοντας
786 4640 863 4711 τῷ
913 4642 1053 4710 φωτὶ
1082 4643 1182 4713 τῆς
1219 4641 1547 4711 θεογνωσίας
1604 4660 1742 4696 κατ-

167 4731 421 4803 έλαμψεν
442 4732 506 4784 ⁸⁸.

240 4827 336 4892 ιη’.
381 4838 401 4872 ι
451 4819 854 4875 Ἐταπείνωσαν
883 4822 941 4874 ὲν
984 4821 1174 4886 πέδαις
1208 4822 1334 4886 τοὺς
1359 4822 1527 4886 πόδας
1553 4822 1752 4887 αὐτοῦ,

1856 4555 2186 4613 illustrabat.

1927 4820 2095 4878 Vsus.
2137 4820 2225 4877 18.
2275 4839 2293 4872 ι
2328 4817 2761 4874 liumiliaverunt
2793 4817 2846 4871 in
2878 4814 3236 4885 compedibus
3270 4810 3437 4881 pedes

173 4911 395 4981 σίδηρον
430 4908 647 4979 διῆλθεν
686 4912 721 4980 η
758 4910 907 4982 ψυχὴ
924 4911 1112 4966 αὐτοῦ.
1151 4931 1170 4964 ι
1201 4910 1358 4965 Μετὰ
1384 4911 1496 4983 γὰρ
1533 4912 1632 4984 τὴν
1655 4915 1721 4984 τῆ

1858 4914 1998 4986 ejus,
2035 4913 2238 4970 ferrum
2275 4910 2587 4982 pertransiit
2628 4909 2867 4964 animam
2903 4909 3045 4978 ejus.
3087 4926 3106 4959 ι
3145 4904 3277 4960 Nam
3314 4914 3436 4974 post

174 5000 426 5073 μοιχείας
476 5002 863 5071 συκοφαντίαν,
909 5003 972 5057 τὸ
996 5002 1371 5073 δεσμωτήριον
1405 5001 1614 5072 ᾤκησε,
1644 5004 1741 5056 καὶ

173 5092 493 5166 παραυτίκα
522 5093 600 5157 ὡς
621 5094 768 5157 εἰκὸς
800 5094 1137 5167 περιέθηκαν
1162 5094 1312 5166 αὐτῷ
1331 5094 1402 5148 τὰ
1427 5096 1492 5148 ἐκ
1524 5096 1749 5166 σιδήρου

174 5186 370 5257 δεσμά.
424 5184 599 5238 Τοῦτο
639 5184 820 5255 μέντοι
862 5189 890 5239 ό
936 5185 1235 5257 Σύμμαχος
1283 5185 1457 5250 οὕτως
1506 5187 1750 5259 εἴρηκεν,

260 5388 439 5445 'Gen.
470 5402 564 5453 xx,
593 5388 648 5441 3.
726 5398 752 5427 ι
780 5385 916 5442 Gen.
954 5401 1099 5452 χιιι,
1132 5384 1218 5441 10.
1296 5383 1323 5424 δ
1353 5385 1487 5440 Gen.
1523 5401 1675 5451 xxxi,
1700 5386 1790 5441 24.

1857 5004 2112 5062 adulterii
2152 5001 2481 5058 calumniam
2520 4999 2737 5071 1348
2783 5000 2835 5053 in
2885 4998 3103 5053 vincula
3149 4996 3438 5065 coniectus

1856 5108 1960 5162 est,
2010 5095 2323 5164 statimque.
2381 5101 2440 5147 ut
2487 5092 2779 5147 verisimile
2827 5097 2931 5155 cst,
2997 5089 3173 5143 ferrea
3218 5087 3435 5142 vincula

1859 5187 1962 5259 ipsi
1988 5172 2385 5255 imposuerunt.
2422 5182 2535 5239 Hoc
2560 5182 2706 5238 enim
2737 5178 3102 5252 Symmachus
3129 5180 3209 5234 sic
3245 5178 3385 5234 dixit
3413 5194 3435 5231 :.

1870 5396 1893 5424 α
1924 5384 2060 5439 Gen.
2095 5399 2187 5450 xx,
2227 5383 2280 5439 7.

1313 5542 1549 5598 VARUE
1591 5539 1973 5599 LECTIONES
2006 5539 2095 5595 ΕΤ
2131 5538 2374 5596 NOTAE.

252 5686 295 5719 ‘°
323 5687 448 5740 cmi.
493 5683 619 5737 Vat.
651 5682 811 5736 habet
862 5679 1096 5748 ἆψησθε,
1146 5679 1295 5734 Alex.
1346 5679 1630 5733 ἅπτεσθαι.
1708 5682 1728 5714 ⁸

1850 5694 1923 5735 er.
1976 5678 2138 5733 lectio
2174 5681 2229 5733 ιι.
2263 5678 2301 5730 1.
2337 5682 2448 5748 εειΔ
2474 5671 2859 5748 πονηρεύ-εσθε.
2940 5672 2983 5746 9'
3010 5671 3192 5739 Οὕτω,
3226 5688 3350 5731 κ.τ,
3382 5668 3442 5726 λ.

194 5755 298 5813 Alia
320 5758 487 5813 habet
518 5752 684 5809 Cord.
718 5752 754 5807 Ι.
779 5767 829 5807 c.
921 5751 967 5783 ⁸³
995 5748 1173 5803 Κατά.
1204 5751 1327 5805 cod.
1363 5752 1380 5802 t
1425 5750 1583 5821 μετά.

1660 5750 1702 5783 ’⁵³
1728 5752 1849 5807 cod.
1872 5749 2197 5805 λίνδουλείαν.
2272 5748 2315 5780 ⁸⁸
2350 5745 2476 5802 cod.
2504 5744 2530 5798 1
2573 5743 2962 5813 κατέλαμπεν.
