3822 6324
93 300 206 363 725

1490 307 1573 368 IN
1616 308 1821 370 PSAL.
1864 309 1976 373 CV.

3203 302 3341 371 1726

96 411 354 483 δήγησεν
386 409 587 475 αὐτοὺς
611 411 671 465 ἐν
696 411 1031 487 ἀϐύσσῳ,ὠς
1059 417 1118 470 ἐν
1147 416 1363 488 ἐρήμῳ.
1387 416 1496 469 Kal.
1517 416 1651 470 ἔσωο

1780 434 1850 475 :os
1890 435 1986 489 per
2007 418 2264 488 abyssum
2304 419 2452 475 sicut
2505 417 2562 473 in
2601 417 2845 475 deserto.
2888 417 2954 472 Et
2988 414 3220 472 salvavit
3245 429 3341 472 eos

93 518 156 554 εν
189 501 396 565 αὐτοὺς
430 503 495 556 ἐκ
517 503 703 574 χειρὸς
737 507 1025 575 μισοῦντος
1055 509 1122 572 ³⁸,
1158 511 1255 562 καὶ
1304 507 1651 579 ἐλυτρώσατο

96 593 266 656 ὐτοὺς
294 593 362 645 ἐκ
401 594 583 665 χειρὸς
616 596 835 668 ἐχθροῦ.
871 616 889 650 ι
924 599 1083 671 Λόγῳ
1111 600 1222 671 γάρ
1245 599 1345 666 τῆς
1373 599 1651 671 θαλάσσης

93 683 155 735 δν
188 682 441 753 πυθμένα
477 683 799 754 γυμνώσας,
826 688 925 754 τὴν
955 689 1157 759 πολλὴν
1215 689 1432 759 ἐκείνην
1484 689 1653 744 ἄϐυσσ

94 792 158 828 ον
217 776 524 847 ἱππήλατον
572 778 757 842 αὐτοῖς
818 780 1097 852 ἀπέφηνεν
1152 781 1380 853 ἔρημον.
1436 781 1655 851 Ἐπειδὴ

98 866 177 937 ἀρ
240 868 303 920 ἐν
352 870 475 930 ταῖς
524 870 756 941 ἐρήμοις
801 871 970 943 πολλὴ
1015 876 1126 937 τοῖς
1175 874 1460 943 τρέχουσιν
1502 874 1658 926 εὐκο-

97 956 176 1020 ία,
227 958 368 1028 μήτε
390 959 574 1025 φυτῶν
602 960 792 1026 όντων,
829 963 967 1032 μήτε
1000 963 1278 1034 φραγμῶν
1308 962 1652 1029 κωλυόντων,

94 1048 168 1119 ὴν
202 1051 305 1120 τῆς
354 1050 663 1116 διαϐάσεως
703 1051 958 1108 εὐκολίαν
1002 1053 1273 1127 δεδήλωκε
1299 1056 1365 1124 τῇ
1402 1053 1507 1124 τῆς
1534 1054 1661 1126 ἐρή-

93 1157 176 1194 ιου
214 1140 521 1212 παραϐολῇ.

141 1237 232 1284 ια’.
274 1250 294 1283 ι
334 1232 638 1302 Ἐκάλυψεν
679 1232 824 1302 ὕδωρ
853 1234 980 1296 τοὺς
1009 1233 1293 1299 θλίϐοντας
1341 1227 1661 1299 αὑτοὺς,είς

98 1320 129 1387 ξ
160 1322 342 1376 αὐτῶν
369 1323 468 1394 οὐχ
498 1323 822 1397 ὑπελείφθη.
878 1344 897 1377 ι
936 1327 1151 1389 Πάντας
1177 1326 1288 1398 γὰρ
1314 1328 1440 1390 τοὺς
1493 1326 1665 1393 Αἰγυ-

93 1414 266 1478 ιτίους
295 1415 666 1487 ὑποϐρυχίους
691 1416 963 1487 πεποίηκε
989 1433 1003 1448 ’
1031 1418 1128 1471 καὶ
1168 1419 1202 1489 ή
1237 1418 1378 1488 αὐτὴ
1414 1416 1662 1471 θάλασσα

98 1505 363 1577 Εϐραίοις
404 1508 503 1579 μὲν
551 1509 850 1581 σωτηρίαν,
888 1509 1214 1579 Αἰγυπτίοις
1269 1509 1329 1563 δέ
1388 1509 1663 1581 τιμωρίαν

94 1602 353 1671 ηπήγαγε.

146 1693 239 1764 ιβ’.
278 1713 297 1746 ‹
339 1694 450 1748 Καὶ
477 1695 810 1750 ἐπίστευσαν
852 1695 932 1767 τῷ
955 1694 1102 1768 λόγῳ
1129 1695 1175 1727 ⁸⁷
1235 1692 1422 1759 αὐτοῦ,
1483 1693 1580 1747 καὶ
1618 1691 1662 1725 ¹⁸

1755 512 1822 566 de
1860 528 2024 566 manu
2059 513 2270 567 osoris:
2300 521 2357 567 et
2393 512 2626 567 redemit
2660 527 2755 566 eos
2782 510 2850 566 de
2875 508 3289 565 manuinimici.
3314 526 3335 560 ι

1756 602 1890 658 Nam
1922 619 2046 659 cum
2081 604 2248 659 verbo
2273 605 2441 660 maris
2475 604 2706 658 fundutn
2743 605 3074 676 aperuisset,
3105 605 3344 658 immen-

1756 710 1873 751 sam
1926 695 2075 750 illam
2117 696 2377 767 abyssum
2435 696 2571 765 ipsis
2606 696 2962 751 solitudinem
3008 696 3168 766 equis
3215 711 3341 765 per-

1755 785 1901 837 viam
1938 783 2086 839 fecit.
2120 784 2391 850 Quoniam
2431 787 2579 838 enim
2612 784 2666 838 in
2717 783 3113 839 solitudinibus
3170 782 3339 836 multa

1761 872 1996 926 facilitas
2043 882 2125 927 est
2157 874 2525 938 currentibus,
2587 888 2711 927 cum
2775 876 2998 926 arbores
3047 888 3155 926 non
3207 872 3340 936 sint,

1760 979 1942 1033 neque
1991 979 2148 1033 sepes
2187 979 2310 1032 quae
2339 964 2687 1033 prohibeant,
2720 964 2985 1018 transitus
3024 962 3341 1019 facilitatem

1760 1054 2076 1110 solitudinis
2107 1055 2517 1124 comparatione
2564 1054 2846 1109 indicarit.

1829 1231 2000 1289 Vens.
2036 1233 2124 1287 11.
2164 1250 2183 1284 ι
2234 1230 2465 1302 Operuit
2500 1246 2641 1300 aqua
2673 1230 2999 1286 tribulantes
3030 1245 3147 1293 eos.
3199 1245 3343 1285 unus

1761 1341 1832 1382 ex
1865 1325 1947 1382 eis
1971 1340 2080 1381 non
2115 1324 2402 1379 remansit.
2444 1342 2463 1374 ι
2497 1323 2700 1379 Omnes
2729 1323 2874 1377 enim
2911 1322 3198 1396 Egyptios
3216 1323 3345 1377 sub-

1763 1417 1977 1482 mersit,
2028 1426 2084 1471 et
2115 1417 2259 1471 idem
2307 1432 2460 1471 mare
2521 1414 2768 1472 Hebraeis
2804 1417 3024 1487 quidem
3068 1417 3344 1482 salutem,

1764 1508 2038 1581 Egyptiis
2066 1524 2199 1564 vero
2238 1507 2570 1578 supplicium
2594 1508 2806 1563 attulit.

1835 1687 2004 1743 Vens.
2041 1685 2129 1740 12.
2160 1704 2179 1738 ι
2234 1686 2305 1742 Ει
2334 1685 2688 1741 crediderunt
2717 1686 2896 1741 verbis
2948 1686 3090 1756 ejus,
3120 1698 3175 1741 et
3206 1688 3350 1742 cclc-

93 1779 214 1858 lGa-V
248 1786 293 1819 ”
316 1786 416 1857 τὴν
444 1787 653 1840 αἴνεσιν
695 1765 945 1842 αὑτοῦξ)
974 1765 1097 1840 Τῶν
1134 1785 1245 1857 γὰρ
1283 1784 1495 1856 ἀνδρῶν
1551 1785 1658 1855 ὖμ-

1780 1790 1995 1835 )rarunt
2022 1779 2240 1834 laudem
2293 1780 2435 1849 ejus.
2469 1797 2489 1829 ι
2547 1776 2682 1832 Nam
2725 1778 2970 1833 virorum
3013 1780 3344 1834 laudantium

93 1873 312 1928 ιούντων
334 1876 540 1946 Μωσῆς
571 1879 600 1930 ό
624 1876 799 1947 μέγας
845 1878 1051 1948 ἠγεῖτο,
1086 1876 1183 1929 τοῦ
1231 1875 1289 1929 δὲ
1334 1875 1498 1947 χοροῦ
1548 1875 1660 1929 τῶν

93 1965 353 2032 γυναικῶν
374 1966 612 2039 Μαριάμ
639 1969 674 2040 ή
703 1968 999 2041 προφῆτις.
1032 1966 1417 2037 ’Δνάγραπτος
1464 1965 1524 2020 δέ
1563 1967 1660 2020 καὶ

93 2061 108 2130 l
146 2058 281 2130 ᾠδή-

151 2156 241 2218 ιγ’,
268 2150 352 2205 ιδ’.
388 2170 408 2204 ι
440 2151 763 2222 Ἐτάχυναν,
782 2152 1110 2207 ἐπελάθοντο
1133 2153 1242 2208 τῶν
1261 2153 1441 2226 ἔργων
1467 2153 1657 2218 αὐτοῦ,

93 2240 177 2310 »ὑχ
200 2241 505 2311 ὑπέμειναν
532 2242 633 2313 τὴν
666 2242 862 2314 βουλήν
910 2246 1100 2300 αὐτοῦ.
1132 2247 1246 2300 Kal.
1302 2245 1662 2316 ἐπεθύμησαν

93 2331 378 2402 ;πιθυμίαν
433 2333 490 2385 ἐν
526 2336 593 2405 τῇ
632 2334 849 2407 ἐρήμῳ,
884 2336 982 2389 καλ⁸
1046 2337 1352 2408 ἐπείρασαν
1398 2337 1492 2390 τδν
1526 2335 1662 2390 Θεὸν

93 2440 134 2475 ιν
177 2421 411 2494 ἀνύδρῳ.
450 2442 469 2474 ι
503 2424 756 2478 Τοσαῦτα
784 2426 830 2457 ²⁰
865 2427 977 2498 γὰρ
1015 2426 1235 2498 ἔχοντες
1291 2428 1388 2482 καὶ
1433 2427 1661 2482 τοιαῦτα

93 2510 318 2582 ιχέγγυα
361 2512 462 2582 τῆς
488 2512 639 2577 θείας
661 2513 966 2585 δυνάμεως,
991 2515 1093 2569 οὐκ
1117 2515 1329 2588 ᾔτησαν
1349 2516 1448 2587 τὴν
1469 2515 1661 2587 χρείαν

93 2602 287 2666 ιαϐεῖν,
316 2603 439 2657 οὐδέ
469 2604 570 2675 τὴν
629 2603 780 2659 θείαν
836 2606 1207 2677 προσέμειναν
1258 2608 1487 2680 δωρεὰν,
1542 2607 1661 2662 ἀλλ’

93 2695 241 2760 εὐθὺς
270 2696 560 2768 λοιδορίαις
592 2697 735 2751 κατὰ
779 2696 889 2752 τῶν
947 2699 1110 2754 θείων
1147 2701 1451 2774 ἐχρήσαντο
1497 2700 1662 2774 θερα-

93 2791 315 2846 πόντων.

151 2878 234 2934 ιε’.
277 2901 296 2933 ι
332 2883 442 2935 Ka‘t
475 2883 676 2937 ἔδωκεν
718 2888 904 2949 αὐτοῖς
938 2884 1001 2939 τδ
1047 2884 1260 2957 αίτημα
1302 2886 1504 2952 αὐτῶν,
1564 2884 1656 2951 ἐξ·

93 2972 367 3025 ιπέστειλε
397 2974 718 3045 πλησμονὴν
738 2977 782 3009 ³¹
833 2977 916 3040 είς
938 2974 1037 3040 τὰς
1066 2975 1248 3047 ψυχὰς
1275 2976 1478 3033 αὐτῶν.
1516 2996 1536 3028 ι
1556 2976 1660 3031 Αι-

1761 1888 2000 1942 magnus
2052 1870 2235 1926 Moses
2283 1870 2393 1926 du:
2439 1868 2543 1924 fuit
2583 1909 2598 1936 ,
2655 1869 2949 1925 mulierum
2999 1885 3130 1924 vero
3191 1870 3346 1924 chori

1760 1963 1988 2019 Mariam
2044 1963 2389 2034 prophetissa
2435 1963 2480 2017 ί.
2536 1961 2603 2016 Ει
2650 1962 2760 2018 hoc
2818 1962 3093 2019 canticum
3154 1962 3348 2017 litteris

1762 2056 2019 2110 traditum
2057 2064 2161 2112 est.

1838 2149 2000 2205 Vens.
2059 2150 2146 2216 l3,
2179 2149 2267 2204 11.
2312 2167 2331 2201 ι
2363 2142 2488 2204 Cito
2519 2146 2788 2213 fecerunt,
2826 2148 2983 2203 obliti
3018 2157 3146 2203 sunt
3219 2163 3345 2217 ope-

1761 2257 1885 2296 rum
1923 2241 2078 2309 ejus,
2112 2249 2168 2296 et
2208 2257 2315 2296 non
2347 2242 2732 2297 sustinuerunt
2787 2239 3079 2295 consilium
3132 2239 3345 2310 1357

1761 2334 1901 2403 ejus.
1938 2333 2005 2387 Et
2031 2334 2466 2403 concupiverunt
2492 2330 2995 2401 concupiscentiam
3025 2330 3080 2385 in
3106 2333 3346 2395 deserto,

1760 2435 1815 2485 et
1864 2435 2210 2482 tentavernnt
2254 2425 2425 2481 Deum
2482 2428 2536 2481 in
2581 2425 2703 2481 loco
2763 2425 3052 2493 inaquoso.
3099 2450 3119 2474 ο
3168 2422 3347 2476 ‘Nam

1764 2528 1844 2575 tot
1895 2529 1949 2574 et
1979 2519 2109 2573 talia
2151 2518 2416 2574 habentes
2468 2518 2693 2588 pignora
2722 2516 2924 2572 divina:
2954 2514 3229 2583 potentiae,
3287 2522 3352 2567 nt

1761 2612 2073 2668 necessaria
2107 2611 2421 2681 acciperent
2473 2609 2702 2665 minime
2753 2608 3119 2679 postularunt,
3171 2619 3351 2674 neque

1760 2705 2004 2761 divinum
2054 2710 2443 2774 exspectarunt
2497 2702 2728 2767 donum,
2752 2701 2846 2757 sed
2876 2699 3059 2757 statim
3092 2696 3348 2754 convitiis

1760 2796 1815 2851 in
1855 2797 2069 2851 divinos
2109 2796 2349 2851 famulos
2381 2794 2464 2849 usi
2505 2802 2657 2850 sunt.

1831 2885 2000 2942 Vens.
2037 2887 2121 2941 l5.
2157 2908 2176 2939 ι
2227 2886 2293 2940 Ει
2330 2886 2476 2941 dedit
2520 2886 2603 2940 eis
2638 2884 2955 2955 petitionem
2988 2882 3258 2951 ipsorum,
3294 2889 3350 2934 et

1761 2979 1914 3035 misit
1938 2980 2281 3035 saturitatem
2328 2979 2383 3033 in
2438 2978 2656 3033 animas
2693 2992 2911 3032 eorum.
2971 2995 2989 3026 ι
3033 2974 3350 3028 Petilionem

93 3080 236 3161 rapa
258 3065 303 3096 “
352 3065 454 3135 τὴν
482 3065 778 3137 ἐπιθυμίαν
819 3066 1113 3119 ἐκάλεσεν·
1158 3068 1220 3121 οὐ
1267 3067 1378 3138 γάρ
1421 3068 1657 3139 ᾔτησαν,

1780 3072 1981 3128 meavit
2009 3070 2536 3140 concupiscentiam.
2588 3067 2708 3123 Non
2743 3069 2889 3123 enim
2927 3067 3225 3137 petierunt,
3254 3064 3350 3120 sed

93 3150 217 3205 ἰλλά
238 3152 611 3224 κατελάλησαν
634 3171 649 3186 ο
675 3155 875 3209 δέδωκε
897 3154 953 3209 δὲ
975 3155 1126 3226 ὅμως
1147 3156 1331 3220 αὐτοῖς
1361 3157 1456 3209 καὶ
1481 3156 1661 3227 κρεῶν

93 3243 365 3312 ιφθονίαν,
394 3245 488 3298 καὶ
512 3245 677 3316 ἄρτον
699 3246 1134 3318 ἀχειροποίητον,
1165 3248 1262 3301 καὶ
1284 3246 1429 3320 ὕδωρ
1449 3247 1668 3319 ἥδιστόν

93 3352 141 3389 τε
163 3336 258 3389 καὶ
282 3334 535 3406 ἄφθονον.

154 3434 248 3494 ις’.
284 3446 302 3479 ι
341 3428 451 3481 Καὶ
476 3427 839 3499 παρώργισαν
869 3428 963 3484 τὸν
1001 3429 1210 3499 Μωσῆν
1246 3430 1305 3483 ἐν
1347 3431 1415 3501 τῇ
1450 3446 1669 3501 παρεμ-

93 3518 236 3590 Ξολῇ,
269 3519 359 3573 τὸν
377 3521 423 3552 ³³
464 3520 677 3591 Ἀαρὼν
704 3521 799 3575 τὸν
845 3522 1005 3590 ἅγιον
1039 3504 1270 3592 Κυρίου.
1311 3541 1331 3575 ι
1381 3523 1527 3593 Κορέ
1565 3522 1666 3593 μὲν

93 3611 210 3682 γὰρ,
245 3612 338 3665 καὶ
365 3614 399 3683 ὴ
428 3614 620 3665 τούτου
642 3613 945 3684 συμμορία,
976 3612 1353 3684 ἐπειράθησαν
1377 3613 1476 3684 τὴν
1508 3616 1668 3685 ἱερω-

93 3702 250 3770 ςύνην
294 3704 542 3776 ἁρπάσαι
580 3705 644 3759 ³⁸.
692 3705 872 3760 Δαθάν
913 3705 972 3759 δὲ
1009 3705 1104 3759 καὶ
1163 3705 1429 3778 Ἀϐειρὼν
1471 3707 1666 3779 ἑτέραν

93 3796 423 3866 ἐμελέτησαν
451 3798 768 3866 τυραννίδα.

152 3885 241 3950 ιζ’,
274 3893 363 3958 ιη’.
394 3907 413 3940 ι
465 3889 718 3960 Ἦνοίχθη
750 3891 783 3961 ή
814 3890 885 3960 γῆ
920 3888 1015 3942 καὶ
1047 3890 1278 3944 κατέπιε
1322 3890 1526 3954 Δαθὰν,
1571 3889 1668 3943 καὶ

93 3979 351 4048 εκάλυψεν
395 3980 488 4033 ἐπὶ
523 3981 622 4051 τὴν
673 3982 1000 4055 συναγωγὴν
1058 3981 1342 4051 ’Δϐειρὼν.
1398 3982 1508 4036 Καὶ
1573 3981 1665 4047 ἐξ·

93 4068 286 4139 εκαύθη
316 4069 428 4141 πῦρ
461 4072 518 4124 ἐν
536 4074 603 4143 τῇ
627 4077 922 4146 συναγωγῇ
948 4074 1152 4139 αὐτῶν,
1179 4072 1313 4143 φλὸξ
1326 4075 1371 4106 ’⁸
1398 4072 1668 4141 κατέφλε-

93 4162 172 4226 Ξεν
219 4162 597 4233 ἁμαρτωλούς.
630 4184 648 4215 ι
704 4165 883 4218 Δαθὰν
930 4166 1030 4235 μὲν
1076 4167 1169 4219 καὶ
1213 4164 1477 4236 ’Λϐειρὼν
1525 4164 1668 4234 μετὰ

93 4254 264 4322 πάσης
292 4254 393 4325 τῆς
429 4258 667 4327 πατριᾶς
692 4257 739 4289 ’⁸
779 4256 1285 4328 κατεποντίσθησαν
1305 4258 1348 4289 ³⁷
1365 4274 1380 4287 ο
1406 4256 1551 4327 Κορὲ
1584 4256 1664 4321 δέ,

93 4346 181 4397 καὶ
208 4347 255 4397 ot
284 4347 380 4399 σὺν
410 4346 579 4415 αὐτῷ,
610 4347 859 4419 θεηλάτῳ
888 4350 1023 4418 πυρὶ
1052 4348 1524 4420 κατεφλέχθησαν.
1555 4347 1667 4411 Τὰς

1769 3160 2011 3216 oblocuti
2042 3168 2172 3215 sunt
2192 3177 2205 3213 :
2223 3168 2278 3214 et
2305 3159 2455 3215 dedit
2485 3168 2666 3213 tamen
2692 3157 2825 3228 ipsis
2848 3168 2905 3213 et
2921 3154 3105 3211 carnis
3121 3154 3352 3209 allluen-

1768 3254 1923 3320 tiam,
1949 3262 2004 3309 et
2035 3269 2229 3324 panem
2264 3268 2370 3309 non
2399 3249 2798 3313 manufactum,
2819 3257 2876 3304 et
2917 3262 3116 3318 aquam
3147 3247 3353 3302 dulcis-

1768 3346 1965 3400 simam
2016 3356 2066 3401 et
2098 3344 2566 3415 copiosissimam.

1844 3436 2013 3494 Vens.
2059 3437 2147 3493 16.
2202 3455 2221 3489 ι
2274 3435 2343 3491 Ει
2388 3436 2746 3491 irritaret-unt
2798 3432 2984 3489 Mosen
3034 3433 3090 3487 in
3130 3430 3350 3495 castris,

1768 3529 2040 3585 Aaronem
2071 3537 2321 3583 sanctum
2355 3526 2592 3582 Domini.
2644 3545 2664 3578 ι
2699 3523 2841 3582 Core
2878 3524 3123 3594 quidem,
3159 3529 3215 3577 et
3254 3522 3348 3592 qui

1768 3637 1894 3679 cum
1910 3621 2029 3691 ipso
2046 3630 2223 3684 erant,
2249 3619 2618 3675 sacerdotium
2642 3617 2931 3687 subripere
2950 3616 3134 3672 conati
3153 3623 3282 3670 sunt
3301 3625 3314 3664 ι
3334 3656 3348 3669 .

1773 3712 1984 3767 Dathan
2027 3726 2156 3766 vero
2185 3718 2239 3764 et
2271 3709 2479 3763 Ahiron
2523 3708 2689 3762 aliam
2738 3707 3125 3777 excogitarunt
3166 3713 3353 3775 tyran-

1769 3802 2011 3948 mdlfgts.
2046 3891 2134 3956 17,
2165 3889 2286 3945 18.‹
2328 3890 2529 3958 Aperta
2555 3896 2640 3943 est
2666 3896 2837 3953 terra,
2860 3895 2914 3941 et
2937 3884 3221 3956 deglntivit
3245 3883 3353 3939 Da-

1769 3984 2029 4048 thanem,
2073 3990 2128 4035 et
2169 3981 2385 4050 cperuit
2431 3978 2907 4048 congregationem
2955 3976 3238 4032 Abironis.
3289 3978 3353 4030 Et

1768 4072 1975 4128 exarsit
2019 4071 2161 4141 ignis
2214 4069 2268 4123 in
2321 4078 2467 4124 coetu
2512 4076 2743 4133 eorum,
2776 4067 3009 4122 'ﬂamma
3049 4068 3353 4123 combussit

1771 4174 2107 4236 peccatores.
2139 4181 2158 4214 ι
2196 4161 2405 4216 Dathan
2436 4159 2654 4229 quidem
2693 4169 2748 4215 et
2818 4161 3024 4215 Abiron
3078 4177 3201 4215 cum
3239 4170 3349 4214 tota

1770 4259 1978 4316 familia
2022 4255 2265 4325 absorpti
2297 4262 2427 4309 sunt
2456 4271 2470 4307 :
2497 4252 2637 4307 Core
2674 4267 2826 4319 vero,
2875 4264 2930 4307 et
2961 4253 3052 4324 qui
3086 4270 3210 4308 cum
3259 4253 3354 4307 illo

1769 4357 1949 4415 erant,
1991 4348 2114 4416 igne
2140 4361 2171 4400 a
2226 4343 2335 4399 Deo
2370 4344 2617 4398 immisso
2671 4344 2943 4399 combusti
2974 4355 3103 4398 sunt
3126 4345 3176 4402 κ.
3227 4344 3355 4399 Ilzuc

93 4436 145 4490 δὲ
173 4439 442 4509 τιμωρίας
480 4442 758 4511 ἐπήγαγεν
798 4443 827 4494 ὁ
869 4441 1022 4505 Θεὸς,
1057 4442 1183 4505 τοὺς
1222 4440 1418 4503 ἄλλους
1452 4457 1662 4513 σωφρο-

1780 4451 1950 4497 autem
1976 4438 2245 4509 supplicia
2280 4436 2423 4493 Deus
2450 4436 2668 4500 inﬂixit,
2696 4436 2837 4492 alios
2878 4452 3070 4507 sapere
3089 4453 3292 4508 cogens
3336 4455 3350 4491 :

93 4531 204 4582 νεῖν
232 4531 584 4599 ἀναγκάζων·
614 4531 873 4601 οὐδεμίαν
895 4532 951 4586 δέ
986 4532 1174 4585 λαϐεῖν
1201 4532 1454 4586 ἐντεῦθεν
1481 4532 1666 4601 ὄνησιν

93 4620 464 4693 ἐϐουλήθησαν
484 4639 498 4653 ·
537 4622 629 4677 καὶ
664 4622 820 4676 τοῦτο
854 4624 1004 4695 δηλοῖ
1035 4625 1068 4694 ή
1100 4623 1210 4677 τῶν
1238 4623 1666 4695 τετολμημένων

93 4711 373 4783 ἐξήγησις.

158 4804 245 4858 ιϐ’.
287 4823 307 4855 ι
344 4804 457 4857 Καὶ
512 4806 776 4876 ἐποίησαν
829 4806 1029 4878 μόσχον
1075 4808 1133 4859 ἐν
1185 4805 1411 4879 Χωρήϐ.
1470 4823 1491 4858 ι
1548 4805 1667 4876 Οὐχ

93 4895 269 4960 ἅπλῶς
298 4895 393 4949 τοῦ
428 4897 588 4968 ὅρους
617 4899 1047 4969 ἐμνημόνευσεν,
1093 4899 1229 4954 ἀλλὰ
1260 4899 1359 4970 τὴν
1400 4898 1503 4971 τῆς
1532 4900 1664 4953 ἀσε-

93 4990 238 5055 ϐείας
295 4990 566 5045 διδάσκων
617 4991 944 5063 ὑπερϐολήν.
994 4992 1083 5045 Ἐν
1138 4990 1314 5063 τούτῳ
1357 4991 1468 5063 γὰρ
1500 4989 1661 5062 ὤφθη

93 5082 195 5135 τῶν
221 5083 360 5137 ὅλων
400 5086 431 5137 ό
473 5082 678 5154 Κύριος
697 5098 712 5113 ο
746 5085 804 5137 ἐν
831 5084 1006 5156 τούτῳ
1030 5083 1288 5155 δείματος
1317 5084 1518 5149 αὐτοὺς
1578 5086 1666 5140 ἐν·

127 5233 146 5273 ί
207 5233 379 5293 Exod.
434 5250 526 5301 xv,
562 5235 655 5303 20,
693 5234 787 5290 2|.
866 5247 881 5287 ι
918 5235 1080 5291 Num.
1112 5253 1226 5293 1m.
1307 5235 1336 5276 ιι
1373 5237 1508 5294 ibid.

1774 4534 1869 4590 sed
1902 4531 2036 4587 nihil
2073 4530 2432 4586 emolumenti
2467 4530 2595 4584 hinc
2632 4529 2910 4599 percipere
2931 4530 3244 4584 voluerunt.
3291 4530 3354 4584 lit

1777 4623 1881 4678 hoc
1903 4622 2144 4678 declarat
2171 4619 2417 4675 narratio
2444 4634 2657 4684 eorum,
2692 4635 2815 4690 quae
2861 4620 3202 4675 committere
3233 4622 3354 4674 ausi

1844 4808 2014 4865 Vens.
2065 4807 2153 4864 19.
2214 4826 2233 4860 ι
2277 4806 2345 4861 Et
2388 4805 2635 4860 fecerunt
2668 4804 2901 4860 vitulum
2937 4804 2991 4858 in
3031 4801 3266 4857 Choreb.
3330 4818 3350 4850 ι

1776 4900 1894 4956 Non
1926 4899 2246 4969 simpliciter
2285 4898 2492 4953 montis
2523 4896 2789 4963 tueminit,
2821 4896 2913 4952 sed
2959 4904 3018 4949 ut
3056 4892 3356 4962 impietatis

1773 4992 2148 5049 incredibilem
2193 4990 2626 5062 magnitudinem
2673 4989 3096 5044 demonstraret.
3143 4984 3200 5038 In
3250 4985 3355 5038 hoc

1773 5083 1919 5140 enim
1969 5081 2186 5154 1358
2236 5081 2491 5152 apparuit
2523 5079 2788 5137 Dominus
2839 5079 3241 5143 universorum,
3299 5076 3352 5130 in

1163 5349 1400 5407 VARUE
1440 5350 1824 5410 LECTIONES
1872 5350 1962 5407 ET
1992 5348 2230 5406 NOTIE.

181 5464 456 5541 ξξῄίῑιιιειίζζ
493 5465 547 5519 in
581 5466 907 5541 cod._Alex._
962 5469 1006 5502 ⁸⁷
1038 5467 1129 5535 Τῷ
1159 5471 1342 5541 λόγῳ.
1404 5468 1478 5525 Ita
1533 5470 1745 5541 legitur,
1782 5471 1837 5526 in
1885 5469 1974 5525 ed.
2024 5469 2148 5541 Ald.
2199 5466 2512 5541 et‘Qompl.

93 5536 137 5618 :2
165 5529 387 5618 ῖῌσειγ-
409 5529 552 5618 ’βοο-
586 5537 849 5618 ιςςιξᾳεει
875 5529 1145 5618 ᾔνεσανξ-
1173 5529 1541 5618 umquam.
1566 5529 1621 5596 ,ξι
1637 5559 1662 5618 _.

1780 5581 1788 5595 .
1824 5541 1946 5618 Alia
1983 5540 2095 5618 vid.
2135 5538 2278 5609 apud
2308 5529 2551 5618 Cord._t.
2581 5534 2750 5618 lll,_p.
2796 5538 2915 5593 152.

729 5607 927 5677 impii,
960 5627 1013 5663 κ.
1041 5627 1094 5664 τ.
1129 5609 1179 5663 λ.
1212 5610 1531 5671 Corderius,
1558 5611 1650 5677 qui

729 5694 819 5731 una
855 5679 985 5735 ipsis
1018 5681 1331 5735 coturnices.
1433 5681 1482 5713 ”
1514 5679 1649 5735 Τόν.

1780 5627 1814 5666 ο
1858 5613 1893 5666 1.
1929 5626 1979 5665 c.
2013 5610 2080 5664 ad
2108 5607 2250 5664 vers.
2283 5609 2514 5678 przeced.
2553 5607 2756 5669 retulit,
2782 5624 2973 5677 praem.
3004 5609 3128 5670 δοὺς
3163 5607 3351 5675 αὐτοῖς

1780 5681 1811 5734 Ι.
1840 5680 1962 5735 Vat.
1996 5679 2112 5733 καί.
2217 5679 2264 5711 ’³
2286 5677 2409 5735 cod.
2439 5680 2465 5732 1
2498 5678 2818 5735 διαρπάσαι.
2927 5680 2974 5712 ³⁸
3001 5681 3188 5735 Φλόε.
3221 5682 3348 5735 cod.

1595 5699 1649 5736 ν.
1689 5696 1811 5736 (30(1.
1846 5696 1962 5735 vat.
1996 5697 2112 5733 και.

93 5602 253 5660 llcbi'.
288 5602 536 5660 Muciam.
611 5607 657 5637 ²²
679 5611 723 5663 Α

93 5675 196 5762 τήν
224 5674 838 5762 ό-ρτυγομήτρανιιάιέ-ηξ
855 5679 985 5758 ipsis
1018 5681 1331 5762 coturnices.

2630 5466 2673 5499 ³⁸
2702 5468 2835 5521 Καί.
2889 5468 3053 5526 Abest
3080 5485 3108 5523 a
3134 5471 3255 5525 cod.
3297 5472 3348 5527 1.

2630 5535 2671 5594 Ι.
2699 5553 2750 5594 ι).
2796 5538 2915 5593 152.
3027 5540 3071 5571 ²¹
3104 5541 3347 5594 Πλησιι.

3198 5555 3347 5609 nam.

2217 5679 2264 5711 “
2286 5677 2409 5735 cod.
2439 5680 2465 5732 1
2498 5678 2818 5749 διαρπάσαι.
2927 5680 2974 5712 ³⁸
3001 5681 3188 5748 Φλόξ.
3221 5682 3348 5739 cod.

98 5741 217 5797 Vat.
240 5741 570 5815 ῥηιηιζκαί.
647 5747 693 5780 ⁸⁸
717 5741 993 5818 Πατρὶᾶς.
1026 5751 1147 5807 cod.
1185 5750 1207 5803 1
1241 5751 1521 5822 στρατιᾶς.
1599 5752 1646 5786 ³⁷

1786 5794 1799 5808 .
1840 5753 1865 5807 1
1894 5750 2293 5821 κατεπόθησαν.
