3890 6320
415 289 552 362 172³7
1426 294 1915 356 TIIEODORETI
1938 296 2277 357 EPISCOPI
2295 298 2663 360 CYRENSIS
3541 299 3679 368 1723

412 400 525 457 boc
552 401 791 472 implevit
815 402 961 473 ipsos
986 403 1205 469 tlmore,
1238 418 1503 474 apparens
1537 420 1660 459 cum
1700 405 1825 476 igne
1866 405 1986 474 plu-

2133 408 2328 478 πλησε,
2389 408 2525 479 μετὰ
2582 408 2838 463 πλείστου
2876 408 3045 479 πυρὸς
3099 411 3286 479 φανεὶς
3311 409 3376 476 ⁸⁸,
3419 411 3679 481 σάλπιγξι

415 493 582 557 rimo,
614 496 758 550 tubis
787 505 962 558 utens,
998 512 1061 551 ac
1096 497 1407 551 tonitrubus
1433 512 1593 551 aures
1637 512 1827 551 eorum
1860 513 1990 551 ver-

2136 497 2399 569 ρὼμενος,
2427 500 2521 553 καὶ
2555 499 2927 553 κατακτύπων
2959 499 3232 571 βρονταῖς,
3271 502 3367 555 καὶ
3394 502 3537 571 μετὰ
3564 522 3682 557 τοσι

415 584 638 649 berans.
668 600 721 641 et
750 603 872 641 cum
912 589 1013 643 hoc
1046 599 1254 643 terrore
1284 590 1452 659 legem
1490 590 1745 644 oﬂ'ereus.
1795 592 1854 643 lu
1890 591 1996 643 hoc

2133 589 2252 641 ύτου
2294 590 2448 652 δέους
2484 590 2585 661 τὴν
2620 590 2944 659 νομοθεσίαν
2984 590 3337 661 προσφέρων.
3379 591 3471 644 Ἐν
3504 591 3680 662 τούτῳ

419 678 754 747 impietatem
811 689 1030 749 patrare
1080 681 1200 737 ausi
1243 690 1391 737 sunt.
1446 700 1465 734 ‹
1517 681 1581 736 Et
1630 682 1997 736 adoraveruut

2133 681 2460 750 ετολμήκασι
2489 683 2590 751 τὴν
2621 681 2899 735 ἀσέϐειαν.
2938 699 2957 734 t
3013 683 3123 735 Kal
3154 683 3572 752 προσεκύνησαν
3599 683 3682 754 τῷ

420 770 688 837 sculptile.
727 791 745 823 υ
787 771 850 823 Et
886 772 989 826 hoc
1029 772 1256 827 alterius
1296 774 1581 827 dementiae
1625 785 1707 828 est
1739 774 1998 827 crimina-

2134 771 2321 841 λυπτῷ
2341 773 2407 828 ²⁹.
2448 791 2466 824 ι
2517 771 2740 842 Ἑτέρας
2773 773 2865 826 καὶ
2897 771 3057 826 τοῦτο
3084 772 3470 843 παραπληξίας
3538 792 3676 827 κατ-

418 862 516 913 tio.
555 860 710 926 Quod
765 864 909 915 enim
947 872 1061 918 arte
1090 866 1323 917 humana
1374 863 1671 918 formatum
1720 865 1995 929 videbant,

2137 864 2298 933 γορία
2316 864 2373 916 ’ὃ
2394 862 2503 935 γὰρ
2530 863 2716 933 ἑώρων
2744 863 2833 917 διὰ
2855 864 3046 933 τέχνης
3076 863 3425 936 ἀνθρωπίνης
3452 865 3511 918 το
3536 861 3680 929 εἶδος

424 952 552 1006 huic
582 952 825 1005 divinum
860 954 1120 1008 honorem
1153 956 1539 1010 exltibuerunt.

2133 954 2411 1023 εξάμενον,
2436 953 2612 1026 τούτῳ
2636 956 2696 1009 τὸ
2720 955 2886 1019 σέϐας
2908 956 2968 1009 τὸ
2998 955 3143 1008 θεῖον
3175 958 3581 1027 προσήνεγκαν.

414 1086 423 1097 .
499 1041 665 1097 Vsus.
695 1044 785 1098 20.
824 1066 841 1095 ι
887 1043 953 1099 Et
995 1048 1588 1115 mutaveruntgloriam
1611 1047 1728 1117 ejus
1758 1047 1811 1100 iu
1850 1047 2001 1101 simi-

2170 1050 2240 1098 κ’.
2276 1062 2297 1095 t
2330 1045 2440 1097 Kal
2466 1044 2767 1114 ἠλλάξαντο
2795 1044 2892 1115 τὴν
2920 1043 3082 1111 δόξαν
3116 1045 3283 1098 αὐτοῦ
3324 1046 3369 1079 ³⁵
3396 1048 3457 1100 έν
3481 1047 3683 1118 ὁμοιὼ-

423 1134 711 1192 litudinem
772 1138 924 1191 vituli
984 1140 1317 1194 comedentis
1366 1141 1572 1193 l'eimm.
1620 1160 1636 1191 ι
1692 1140 1998 1194 Admodum

2133 1152 2236 1188 ιατι
2280 1135 2483 1206 μόσχου
2508 1136 2549 1168 ³¹
2573 1134 2846 1199 ἐσθίοντος
2861 1136 2906 1169 ³³
2941 1136 3155 1207 χόρτον.
3194 1154 3213 1188 ι
3246 1136 3463 1209 Σφόδρα
3496 1138 3683 1191 αὐτῶν

428 1229 673 1298 apposite
703 1230 918 1284 illorum
947 1232 1277 1287 dementiam
1300 1234 1568 1304 deplorat.
1601 1232 1735 1287 Nam
1760 1249 1856 1301 pro
1887 1234 2000 1297 illo,

2133 1225 2381 1296 ιρμοδίως
2416 1225 2515 1295 τὴν
2559 1225 2746 1279 ἄνοιαν
2786 1224 3184 1296 ὲτραγῴδησεν.
3233 1226 3379 1280 ’Δντὶ
3420 1226 3532 1298 γάρ
3583 1227 3684 1282 τοῦ

428 1320 522 1388 qui
556 1320 683 1374 talia
730 1321 977 1376 ediderat
1008 1324 1294 1388 miracula,
1341 1332 1395 1378 et
1430 1322 1804 1377 admirandam
1854 1324 2001 1377 illam

2133 1317 2341 1371 ’osaﬁta
2401 1315 3026 1389 θαυματουργήσαντος,
3080 1318 3178 1371 καὶ
3214 1313 3330 1389 ’τὴν
3376 1318 3685 1389 παράδοξον

430 1410 655 1465 dederat
680 1412 932 1473 salutem,
963 1422 1016 1468 et
1043 1416 1136 1484 qui
1171 1424 1250 1469 tot
1270 1425 1323 1470 et
1372 1416 1498 1470 talia
1556 1415 1733 1470 facere
1764 1424 2003 1485 poterat,

2138 1410 2324 1477 κείνην
2354 1409 2629 1482 σωτηρίαν
2659 1410 3029 1481 χαρισαμένου
3049 1450 3063 1473 ,
3111 1411 3208 1464 καὶ
3248 1410 3493 1466 τοσαῦτα
3524 1412 3685 1483 ἐνερ-

430 1499 582 1552 νὶιιιιί
621 1501 977 1555 simulacrum
1012 1504 1439 1568 houoraverunt,
1482 1504 1643 1573 cujus
1676 1506 2007 1577 archetypos

2133 1501 2224 1553 ἐἴν
2268 1499 2594 1570 δυναμένου,
2639 1500 2825 1555 εἰκόνα
2864 1501 3196 1571 τετιμήκασι
3247 1502 3470 1574 μόσχου,
3503 1498 3573 1576 ἦς
3619 1502 3688 1557 τὸ

430 1592 553 1647 cibo
576 1592 800 1662 indiget.
831 1592 997 1648 Vituli
1029 1608 1195 1662 porro
1216 1597 1393 1661 cibus,
1425 1610 1533 1648 non
1566 1594 1724 1663 panis
1764 1604 1867 1661 cst,
1894 1610 2007 1665 quo

2133 1593 2418 1664 ιρχέτυπον
2447 1593 2651 1664 τροφῆς
2677 1592 2882 1656 ἐνδεές·
2912 1592 3088 1663 τροφὴ
3117 1593 3211 1647 καὶ
3238 1593 3317 1665 τῷ
3345 1593 3552 1664 μόσχῳ,
3583 1594 3688 1648 οὐκ

430 1685 662 1738 rationis
691 1696 971 1754 compotes
999 1701 1306 1750 vescuntur,
1338 1694 1356 1709 ‘
1379 1688 1472 1743 sed
1507 1689 1675 1742 herba
1708 1696 1762 1742 et
1796 1687 2001 1742 fenum.

2133 1685 2298 1756 ἱρτος,
2333 1687 2361 1739 ὁ
2383 1687 2496 1749 τοῖς
2512 1686 2754 1754 λογικοῖς
2790 1686 3255 1756 προσφερόμενος,
3288 1685 3426 1739 ἀλλὰ
3452 1686 3564 1740 πόα
3591 1686 3689 1740 καὶ

432 1773 551 1829 Jam
583 1776 757 1839 vituli,
784 1779 941 1847 cujus
970 1789 1160 1835 natura
1210 1781 1441 1835 rationis
1470 1796 1662 1848 expers
1704 1789 1810 1844 est,
1847 1789 1899 1834 et
1926 1779 2007 1836 fe-

2133 1778 2325 1846 [όρτος.
2361 1776 2468 1830 Τοῦ
2511 1776 2567 1830 δὲ
2603 1776 2828 1847 μόσχου,
2872 1771 2934 1829 οῦ
2965 1775 3160 1844 ἄλογος
3205 1776 3239 1846 ἡ
3284 1776 3470 1848 φύσις,
3518 1777 3614 1831 καὶ
3660 1779 3691 1831 ὁ

439 1882 567 1919 num
594 1867 771 1934 cibus,
801 1879 853 1923 et
873 1871 1109 1926 servitus
1141 1873 1450 1928 hominibus
1476 1874 1624 1937 data,
1656 1874 1839 1942 imago
1865 1873 2009 1926 mul-

2133 1868 2305 1939 [όρτος
2333 1869 2506 1938 τροφὴ
2524 1868 2705 1931 ⁸³,καὶ
2753 1868 2786 1937 ἠ
2828 1866 3043 1921 δουλεία
3084 1866 3432 1939 δεδωρημένη
3479 1865 3692 1938 ἀνθρὼ-

437 1962 497 2009 to
525 1957 683 2011 vilior
706 1971 805 2013 est.
854 1960 988 2014 Cum
1014 1963 1158 2016 enim
1206 1963 1279 2017 sit
1307 1980 1411 2019 non
1446 1965 1608 2019 modo
1651 1966 1881 2019 rationis
1911 1980 2010 2020 ex-

438 2060 581 2111 pers,
607 2063 796 2102 verum
826 2050 989 2104 etiam
1021 2052 1339 2117 inanimata,
1373 2070 1473 2110 nec
1493 2057 1731 2125 operari,
1758 2071 1855 2112 nec
1875 2071 2012 2110 mu-

440 2136 574 2204 gire,
630 2155 732 2194 nec
779 2143 1062 2197 comedere
1116 2155 1291 2214 potest
1337 2165 1353 2202 :
1397 2156 1632 2203 attamen
1688 2148 2011 2204 imbecillem

440 2223 600 2278 istam
642 2223 752 2282 Deo
790 2230 1169 2287 universorum
1220 2236 1595 2302 prmtulerunt.

510 2316 674 2374 Vens.
708 2320 799 2386 21,
829 2322 921 2378 9.2.
957 2340 976 2374 ι
1034 2322 1100 2378 Et
1131 2325 1285 2380 obliti
1331 2334 1461 2382 sunt
1510 2325 1605 2382 Dei
1636 2327 1731 2397 qui
1782 2326 2015 2383 salvarit

438 2423 555 2468 cos.
589 2410 682 2477 qui
714 2411 841 2467 iecit
873 2430 1066 2483 magna
1103 2416 1156 2469 in
1198 2415 1454 2488 Egypto.
1481 2418 1748 2473 Mirabilia
1778 2418 1834 2473 in
1864 2429 2013 2473 terra

439 2500 633 2564 Cham,
670 2504 930 2560 terribilia
974 2506 1028 2560 in
1076 2507 1213 2561 mari
1266 2508 1472 2564 Rubro.
1513 2529 1531 2562 ι
1576 2510 1687 2566 Nec
1732 2510 1877 2565 enim
1905 2526 2017 2565 sua:

441 2590 685 2658 ipsorum
744 2595 937 2653 salutis
982 2601 1367 2665 meminerunt,
1424 2616 1600 2671 neque
1635 2601 2017 2674 Egyptiorum

441 2682 717 2751 supplicii,
754 2700 932 2755 neque
971 2689 1152 2758 magni
1193 2690 1443 2745 miraculi
1485 2691 1633 2761 quod
1669 2692 1724 2745 in
1758 2691 1899 2747 mari
1931 2691 2017 2747 fa-

442 2781 588 2828 stum
616 2784 755 2840 erat,
783 2779 874 2833 sed
906 2780 1090 2835 omnia
1128 2781 1275 2837 illico
1300 2790 1774 2853 contempserunt.

513 2954 678 3014 Vsus.
703 2960 793 3015 23.
827 2980 846 3012 ι
892 2960 959 3017 Et
1004 2964 1140 3019 dixit
1179 2979 1238 3020 se
1267 2965 1409 3021 velle
1459 2966 1676 3038 1359
1702 2965 2020 3036 disperdere

2113 1976 2257 2023 ποις,
2307 1960 2341 2029 ἠ
2397 1957 2561 2011 εἰκὼν
2610 1956 2967 2028 εὐτελεστέρα
3000 1956 3200 2028 πολλῷ.
3245 1959 3320 2011 Οὐ
3366 1958 3478 2029 γὰρ
3530 1959 3693 2029 μόνον

2113 2050 2327 2118 ἄλογος,
2355 2050 2493 2104 ἀλλὰ
2522 2051 2615 2104 καὶ
2638 2049 2862 2121 ἄψυχος,
2895 2050 2993 2103 οὐκ
3016 2051 3276 2120 ἐνεργεῖν,
3298 2051 3359 2103 οὐ
3387 2049 3689 2121 μυκᾶσθαι,

2113 2140 2215 2195 οὐκ
2247 2139 2447 2194 ἐσθίειν
2487 2139 2776 2210 ίσχύουσα’
2797 2139 2933 2194 ἀλλὰ
2952 2141 3102 2210 ὅμως
3131 2140 3338 2211 ἀδρανῆ
3355 2140 3399 2173 ⁸⁸
3429 2139 3525 2194 τοῦ
3554 2138 3692 2193 Θεοῦ

2113 2233 2223 2288 τῶν
2250 2232 2388 2287 ὅλων
2420 2233 2911 2304 προτετιμήκασιν.

2186 2330 2294 2393 za’,
2328 2323 2439 2395 κβ’.
2482 2343 2502 2377 t
2534 2324 2646 2378 Kal
2664 2324 2707 2358 ³⁸
2734 2322 3067 2377 ἐπελάθοντο
3094 2322 3191 2376 τοῦ
3217 2320 3353 2376 Θεοῦ
3379 2320 3471 2375 τοῦ
3498 2319 3697 2385 σώζον-

2117 2436 2210 2482 τος
2252 2418 2469 2481 αὐτοὺς,
2517 2416 2614 2471 τοῦ
2663 2418 2992 2487 ποιήσαντος
3052 2414 3265 2486 μεγάλα
3301 2415 3362 2468 ὲν
3406 2413 3690 2485 Αἰγύπτῳ.

2118 2510 2409 2580 Θαυμάσιά
2439 2509 2496 2562 ὲν
2525 2510 2595 2580 γῇ
2622 2507 2773 2578 Χάμ,
2801 2506 3009 2578 φοϐερὰ
3030 2507 3074 2540 ⁸⁸
3102 2506 3195 2559 ἐπὶ
3218 2504 3498 2575 θαλάσσης
3540 2505 3697 2574 Ἐρυ-

2119 2600 2275 2672 θρᾶς.
2311 2619 2329 2651 ι
2365 2599 2500 2654 Οὔτε
2534 2600 2642 2670 γὰρ
2676 2600 2777 2671 τῆς
2808 2600 3015 2662 οἰκείας
3057 2597 3479 2668 ἐμνημόνευσαν
3520 2612 3697 2665 σωτηο

2124 2693 2265 2763 ρίας,
2296 2690 2419 2745 οὔτε
2462 2690 2567 2761 τῆς
2592 2687 2699 2745 τῶν
2741 2687 3058 2757 Αἰγυπτίων
3098 2686 3402 2760 τιμωρίας,
3438 2685 3566 2740 οὗτε
3602 2684 3695 2738 τοῦ

2124 2783 2360 2856 μεγάλου
2390 2782 2488 2852 τῆς
2509 2782 2780 2851 θαλάττης
2802 2780 3103 2852 θαύματος,
3126 2779 3264 2834 ἀλλὰ
3290 2777 3468 2833 πάντα
3487 2775 3695 2849 ἀθρόως

2121 2875 2463 2930 ἀπέπτυσαν.

2194 2972 2301 3034 κγ’.
2340 2984 2361 3018 ι
2398 2964 2509 3019 Kal
2545 2960 2665 3018 εἷπε
2700 2959 2794 3017 τοῦ
2828 2958 3211 3030 ὲξολοθρεῦσαι
3249 2959 3484 3022 αὐτοὺς,
3519 2959 3569 3012 εί
3622 2957 3698 3028 μὴ

443 3063 563 3109 eos,
585 3050 691 3104 nisi
724 3051 900 3109 Moses
929 3055 1132 3110 electus
1159 3056 1277 3127 ejus
1305 3058 1556 3112 stetisset
1581 3059 1633 3111 in
1661 3066 1884 3127 ruptura
1918 3071 2016 3112 co-

2133 3055 2333 3126 Μωσῆς
2365 3055 2394 3107 ὁ
2427 3053 2682 3115 ἐκλεκτὸς
2715 3050 2881 3106 αὑτοῦ
2926 3051 3058 3122 ἔστη
3117 3051 3177 3103 ὲν
3224 3052 3293 3121 τῇ
3336 3046 3569 3121 θραύσει
3611 3048 3701 3099 ὲν-

445 3154 564 3192 ram
590 3155 676 3201 eo.
703 3152 1045 3201 utaverteret
1068 3147 1205 3202 iram
1231 3149 1373 3218 ejus,
1394 3165 1462 3203 ne
1483 3149 1821 3218 disperderet
1844 3164 1961 3204 eos.
1995 3169 2015 3202 ι

447 3227 584 3283 Nam
605 3245 728 3285 cum
754 3250 933 3289 rerum
958 3239 1201 3293 omnium
1220 3238 1364 3294 Deus
1388 3241 1615 3295 dixisset
1644 3259 1657 3294 :
1693 3260 1713 3292 ι
1747 3241 1880 3295 Sine
1911 3255 2023 3305 me,

447 3327 505 3372 et
534 3320 703 3376 iratus
731 3323 921 3378 delebo
958 3341 1052 3379 eos
1092 3327 1145 3380 in
1185 3328 1288 3391 ira,
1312 3337 1370 3382 et
1392 3327 1587 3383 faciam
1634 3340 1688 3383 te
1713 3331 1767 3383 in
1809 3337 2022 3399 gentem

452 3422 704 3476 magnam
753 3408 798 3476 1,
834 3430 854 3462 ι
890 3411 1031 3467 dixit
1057 3414 1248 3470 beatus
1280 3414 1501 3471 Moses:
1541 3435 1561 3469 ι
1608 3415 1889 3487 Siquidem
1935 3433 2025 3473 re-

453 3499 624 3553 mittis
653 3501 757 3558 illis
802 3513 1105 3574 peccatum,
1140 3507 1357 3563 remitte
1385 3524 1402 3574 ;
1432 3515 1529 3562 aut
1555 3508 1600 3564 si
1633 3524 1746 3564 non
1772 3508 1875 3573 vis,
1910 3509 2028 3564 dele

452 3606 544 3648 me
564 3595 631 3650 de
656 3596 797 3653 libro
823 3606 939 3666 tuo,
971 3615 1133 3670 quem
1179 3602 1449 3673 scripsisti
1478 3614 1540 3658 In.
1589 3622 1609 3656 ι

529 3773 690 3832 Vens.
722 3778 812 3844 24,
843 3779 934 3836 25.
979 3802 997 3834 σ
1034 3782 1098 3838 Et
1133 3800 1231 3854 pro
1269 3784 1440 3840 nihilo
1487 3784 1798 3841 habuerunt
1827 3794 2029 3840 terram

456 3866 891 3937 desiderabilem,
921 3888 1027 3927 non
1048 3876 1396 3932 crediderunt
1425 3877 1592 3932 verbo
1613 3877 1755 3947 ejus.
1790 3877 1855 3931 Et
1884 3894 2035 3932 mur-

459 3970 813 4014 muraverunt
850 3962 901 4016 in
929 3964 1293 4022 tabernaculis
1320 3966 1456 4034 suis,
1486 3977 1537 4023 et
1567 3983 1672 4022 non
1703 3969 2032 4023 audiverunt

456 4062 646 4105 vocem
712 4052 939 4107 Domini.
985 4076 1004 4107 ι
1064 4058 1240 4112 Aliam
1286 4059 1565 4128 perﬁdiam
1615 4069 2029 4115 commemorat.

457 4139 594 4195 Nam
618 4158 740 4196 eum
770 4142 915 4201 Deus
960 4149 1331 4217 praecepisset,
1373 4156 1435 4202 ut
1486 4150 1814 4217 promissam
1849 4149 2032 4220 ingre-

2122 3147 2295 3202 ὡπιον
2320 3146 2511 3211 αὐτοῦ,
2537 3144 2633 3199 τοῦ
2668 3143 3011 3215 ἀποστρέψαι
3049 3142 3141 3197 τὸν
3158 3140 3329 3213 θυμὸν
3359 3140 3528 3195 αὐτοῦ
3543 3141 3588 3173 ⁸⁷
3605 3137 3699 3193 τοῦ

2127 3240 2203 3311 μὴ
2248 3239 2627 3309 ἑξολοθρεῦσαι
2676 3235 2876 3302 αὐτούς
2898 3234 2966 3291 ³⁸.
3022 3254 3042 3288 ι
3089 3233 3201 3289 Τοῦ
3245 3234 3357 3303 γὰρ
3411 3231 3551 3287 Θεοῦ
3593 3231 3701 3285 τῶν

2125 3331 2261 3385 ὅλων
2292 3331 2599 3400 εἰρηκότος,
2649 3348 2668 3381 t
2710 3329 2913 3385 Ἐασόν
2943 3346 3046 3399 με,
3093 3326 3192 3380 καὶ
3241 3324 3518 3391 θυμωθεὶς
3564 3323 3701 3394 ὀργῇ

2126 3419 2369 3490 ὲκτρίψω
2401 3419 2618 3484 αὐτοὺς,
2642 3418 2738 3472 καὶ⁸
2772 3419 2983 3488 ποιήσω
3005 3433 3065 3469 σε
3087 3418 3169 3480 είς
3194 3415 3345 3479 ἔθνος
3369 3413 3515 3484 μέγα
3536 3430 3552 3445 ·
3583 3432 3604 3467 θ
3630 3407 3705 3466 εί-

2128 3511 2278 3563 πενὸ
2315 3509 2587 3580 μακάριος
2617 3508 2846 3579 Μωσῆς,
2884 3525 2904 3558 ι
2958 3507 3021 3560 Εί
3051 3506 3150 3575 μὲν
3186 3505 3345 3573 ἀφεῖς
3383 3504 3574 3568 αὐτοῖς
3605 3500 3705 3572 τὴν

2129 3600 2428 3672 ἁμαρτίαν,
2460 3601 2595 3670 ἄφες
2615 3616 2631 3630 ·
2682 3601 2733 3652 εί
2759 3600 2817 3653 δὲ
2867 3598 2964 3670 μὴ,
3012 3594 3296 3665 ὲξάλειψόν
3341 3612 3409 3667 με
3431 3594 3478 3628 ⁸⁸
3512 3596 3580 3648 ἐκ
3606 3594 3707 3665 τῆς

2132 3692 2316 3766 βίϐλου
2343 3687 2413 3764 ἧς
2440 3690 2709 3763 ἔγραψας.
2751 3710 2770 3743 ι

2207 3805 2226 3837 ι
2259 3785 2357 3850 κδ’,
2390 3790 2490 3838 κε’.
2540 3799 2558 3835 t
2596 3783 2708 3837 Kal.
2764 3780 3129 3846 ὲξουδένωσαν
3179 3780 3285 3848 γῆν
3333 3774 3702 3846 δπιθυμητὴν,

2130 3876 2231 3930 οὐκ
2252 3875 2299 3908 ⁸⁸
2326 3874 2655 3927 ἐπίστευσαν
2686 3870 2768 3939 τῷ
2790 3870 2934 3941 λόγῳ
2966 3865 3156 3922 αὑτοῦ.
3185 3867 3296 3921 Kal
3318 3865 3631 3935 ἐγόγγυσαν
3650 3865 3707 3917 ὲν

2129 3970 2245 4031 τοῖς
2273 3966 2624 4039 σκηνώμασιν
2654 3964 2859 4029 αὐτῶν,
2888 3964 2991 4016 οὐκ
3024 3962 3353 4032 εἰσήκουσαν
3389 3958 3488 4027 τῆς
3520 3952 3709 4024 φωνῆς

2132 4058 2363 4126 Κυρίου.
2397 4077 2415 4110 ι
2451 4056 2678 4129 Ἑτέρας
2699 4054 2982 4118 ἀπειθείας
3007 4052 3412 4124 ἀναμιμνήσκει
3431 4065 3447 4079 ο
3478 4046 3576 4100 τοῦ
3599 4046 3710 4116 γὰρ

2132 4146 2268 4201 Θεοῦ
2313 4148 2796 4219 παρεγγυήσαντος
2842 4145 2940 4212 τῆς
2986 4139 3409 4213 ἐπηγγελμένης
3448 4134 3707 4204 ἐπιϐῆναι

461 4233 716 4287 dereutur
746 4243 969 4299 terram,
1000 4237 1304 4293 timiditatis
1330 4239 1463 4292 vitio
1494 4240 1827 4304 laborantes,
1868 4240 2018 4309 plane

2133 4238 2260 4308 γῆς,
2301 4239 2401 4309 τῆς
2452 4237 2653 4299 δειλίας
2712 4235 2773 4289 τὸ
2820 4234 2990 4296 πάθος
3037 4231 3347 4301 δεξάμενοι,
3401 4228 3708 4281 ἀντέτεινον

460 4325 719 4381 obluctati
753 4340 900 4395 sunt,
936 4331 1272 4384 Chanauaeos
1322 4330 1541 4398 quidem
1581 4345 1875 4400 generosos
1906 4346 2018 4386 esse

2134 4330 2447 4402 προφανῶς,
2477 4331 2604 4393 τοὺς
2641 4328 2741 4401 μὲν
2765 4324 3106 4389 Χαναναίους
3140 4322 3424 4390 γενναίους
3454 4315 3598 4373 εἶναι
3620 4315 3706 4370 λέο

460 4430 787 4486 asserentes,
809 4436 868 4476 se
894 4421 1043 4489 ipsos
1070 4436 1196 4475 vero
1219 4435 1325 4473 non
1354 4419 1489 4473 satis
1510 4420 1697 4475 ﬁrmas
1718 4423 1904 4491 copias
1926 4423 2018 4477 lia-

2133 4439 2340 4492 γοντες,
2380 4423 2520 4491 σφᾶς
2542 4421 2597 4473 δὲ
2624 4419 2821 4482 αὐτοὺς
2838 4416 3068 4487 δύναμιν
3098 4412 3401 4484 ἀξιόχρεων
3437 4410 3540 4464 οὐκ
3567 4408 3710 4479 ἔχειν

462 4509 610 4572 bere,
646 4513 845 4581 quibus
896 4513 1159 4566 adversus
1188 4525 1284 4565 eos
1310 4510 1681 4578 conﬂigerent.
1742 4511 1857 4566 [loc
1893 4529 2018 4569 sane

2137 4512 2276 4584 πρὸς
2332 4511 2432 4584 τὴν
2482 4509 2706 4564 ἐκείνων
2744 4506 3072 4579 παράταξιν.
3119 4504 3292 4557 Τοῦτο
3342 4501 3402 4556 δὲ
3451 4498 3710 4559 ἀπιστίας

461 4603 807 4673 perspicuum
855 4612 941 4658 est
987 4613 1365 4673 argumentum
1410 4602 1833 4659 incredulitatis.
1894 4603 2018 4659 Nan

2138 4602 2432 4677 προφανῶς
2458 4604 2753 4673 τεκμήριον
2773 4616 2787 4630 ⁸
2818 4600 2944 4662 τοὺς
2979 4597 3089 4669 γὰρ
3112 4594 3384 4650 τοσούτων
3411 4592 3511 4647 καὶ
3542 4586 3711 4643 tuteti-

463 4695 606 4759 illos,
639 4697 729 4765 qui
775 4705 853 4749 tot
899 4703 1285 4763 tantorumque
1324 4692 1714 4748 miraculorum
1752 4704 2018 4765 spectato-

2136 4712 2245 4748 των
2294 4694 2582 4764 θαυμάτων
2629 4690 2905 4754 αὐτόπτας
2948 4688 3171 4759 θαρρεῖν
3215 4687 3296 4749 είς
3344 4682 3525 4737 πάντα
3545 4680 3591 4713 ⁸⁸
3636 4677 3712 4731 δίο

462 4801 553 4842 res
593 4786 826 4852 fuerant,
858 4785 1265 4853 omnipotentiae
1298 4783 1440 4854 ejus,
1489 4784 1580 4852 qui
1633 4786 1765 4855 ipsis
1799 4787 2018 4843 salutem

2139 4803 2293 4842 καιον
2320 4781 2389 4858 ἦν
2419 4788 2486 4857 τῇ
2520 4784 2616 4839 τοῦ
2646 4780 2952 4845 σεσωκότος
2976 4778 3230 4850 δυνάμει.

464 4876 690 4947 largitus
717 4888 821 4942 est,
851 4876 1104 4931 omnibus
1128 4875 1183 4930 in
1214 4875 1378 4931 rebus
1404 4876 1674 4932 conlidere
1701 4892 1796 4947 par
1823 4888 1959 4935 erat.

756 4988 785 5003 “

542 5055 563 5095 ι
586 5053 758 5109 Exod.
792 5067 964 5119 nm,
988 5052 1075 5108 l0.
1144 5062 1185 5093 ιιι
1213 5053 1343 5110 ibid.
1384 5056 1475 5111 '52.

1534 5252 1776 5309 νΑῐιιΑι
1806 5248 2196 5308 LECTIONES
2238 5248 2329 5304 ΕΤ
2371 5245 2610 5312 NOTAE,

538 5410 583 5441 ’⁸
619 5410 854 5475 Φανείς.
882 5410 1002 5465 cod.
1034 5410 1058 5464 l
1091 5425 1278 5479 praem.
1302 5410 1529 5479 αὐτοῖς..
1629 5408 1675 5440 ’ν
1692 5404 1972 5479 {Ilvam}.
2002 5405 2018 5460 1

2133 5422 2167 5461 r.
2198 5389 2391 5479 3913235
2422 5402 2563 5457 idolo
2595 5401 2736 5479 [ιρις.
2841 5397 2887 5479 ξθ
2909 5395 3126 5479 Αὐτοῦ.
3151 5394 3315 5451 Hebr.
3551 5391 3704 5479 ,ρίο-

470 5482 609 5536 riam
630 5460 853 5534 ἐωξὶιὶίῖ
879 5460 1623 5548 Davis.
1694 5460 1744 5509 δ’
1767 5460 1897 5548 Rcc.
1920 5460 2017 5548 'lec

2133 5460 2498 5537 ιείῐᾶθῖντος.
2568 5460 2648 5548 -”³³
2672 5468 2890 5548 Ἱςρσςρῄ.
2923 5467 3101 5548 eodLl
3138 5466 3446 5548 prgent.“ﬂ._
3492 5465 3537 5548 ξ

470 5531 603 5622 an;
629 5531 873 5620 ιίβτπιίη.
907 5531 1218 5622 erasae
1254 5531 1695 5622 Ka[.AAbfst
1737 5562 1766 5600 a
1794 5547 1923 5622 ροςε,
1956 5545 2007 5607 ι,

2133 5554 2299 5622 exstat
2328 5531 2543 5622 tantum
2566 5541 2619 5595 in
2644 5531 2729 5622 ed'.
2750 5531 2988 5622 ῥισὶ-,ει-
3022 5531 3274 5622 Fort-Iph.

471 5597 596 5692 iis}.
635 5597 997 5692 pi-Eéiiilmxé'i.
1013 5597 1260 5692 ίνῖίνῗὸν
1278 5597 1667 5692 augeas:
1681 5597 1693 5600 ⁷
1709 5597 1856 5692 an;
1874 5597 2007 5670 νίας

2133 5597 2800 5692 δ’ίθυμοῦξιόργῆςαύτοῦ.
2878 5608 2925 5641 ⁸⁸
2957 5597 3211 5674 Αὐτούξι.
3245 5605 3477 5663 Additur
3502 5604 3555 5658 in
3579 5597 3693 5658 00d-

473 5680 651 5747 Ach.’
706 5690 751 5723 ³⁹
786 5692 893 5749 Μέ.
930 5691 1049 5748 cod.
1082 5689 1105 5742 ι
1142 5691 1307 5761 κάμέ.
1368 5680 1429 5720 ἰθ
1463 5688 1603 5742 Οὐκ.
1640 5685 1759 5742 cod.
1800 5683 1915 5741 Vat.
1954 5701 2017 5756 pr

2133 5724 2140 5740 .
2181 5684 2295 5738 καί.
2372 5685 2412 5715 ⁶¹
2443 5680 2563 5739 cod.
2592 5683 2616 5737 1
2648 5680 2883 5735 ἅπαντα.
