3890 6320
436 300 571 365 1731

1429 280 1923 349 THEODORETI
1950 274 2289 340 EPISCOPI
2330 269 2696 334 CYREN'SIS

3594 259 3705 323 732

438 418 590 483 suis;
628 434 646 466 ι
681 411 837 485 quasi
873 410 1040 471 dicat,
1073 402 1191 460 Non
1223 404 1358 460 citra
1376 402 1773 458 dubitationem
1803 398 2019 452 locutus

2146 397 2231 457 rei;
2267 391 2502 462 χείλεσιν
2543 383 2732 448 αὑτοῦ,
2764 400 2782 433 ι
2819 380 2938 435 ἀντὶ
2988 377 3112 436 τοῦ,
3168 378 3265 431 οὐκ
3311 375 3703 447 ἀναμφιϐόλως

2332 483 2341 485 _
2442 481 2451 485 _
2652 471 2717 485 ..ν
2863 473 2875 485 .
3047 471 3080 485 ι
3155 471 3168 485 .
3201 469 3254 485 ..
3341 468 3367 478 ο
3516 466 3571 485 ς-
3610 466 3663 485 μ.

439 519 543 563 est.
579 509 670 563 Ait
698 507 841 561 enim
874 523 888 556 :
924 520 943 553 ι
991 500 1134 553 Dixit
1160 496 1338 551 Moses
1365 495 1499 564 ipsis
1533 492 1716 548 :‘Num
1762 506 1827 547 ex
1869 496 2018 558 petra

443 602 546 656 hac
575 599 808 654 educam
867 593 1025 648 vobis
1056 604 1270 670 .aquam
1303 589 1372 641 Μ
1410 608 1427 639 ι
1456 585 1666 641 Idcirco
1695 584 1866 637 iratus
1896 580 2021 635 uni-

442 705 727 747 versorum
775 687 938 747 Deus,
989 698 1096 737 non
1150 698 1245 751 per
1293 682 1469 751 ipsum
1525 687 1725 731 terram
1777 672 2023 743 patribus

446 782 768 854 promissam
800 778 882 832 eis
925 775 1094 839 dedit,
1129 774 1223 827 sed
1258 772 1409 825 illum
1442 770 1657 839 quidem
1693 767 1814 819 vitae
1864 765 2025 817 linem

444 876 596 927 obire
623 871 810 941 jussit,
842 883 939 941 per
969 865 1197 921 Josuam
1228 878 1358 918 vero
1388 861 1536 917 Nave
1559 860 1729 913 lilium
1753 863 2024 927 promissa

446 964 694 1035 perfecit.
730 961 796 1015 Et
850 959 1072 1013 videtur
1128 971 1264 1011 sane
1301 955 1685 1008 universorum
1716 947 2029 1003 moderator

449 1057 592 1108 hanc
620 1052 669 1107 ei
696 1065 910 1121 pmnam
942 1045 1239 1101 inllixisse:
1269 1044 1359 1098 sed
1390 1043 1496 1097 alia
1519 1041 1749 1095 moliens
1773 1039 1878 1093 hoc
1905 1052 2031 1107 ges-

449 1150 542 1204 sit.
562 1145 695 1199 Nam
715 1143 948 1213 primum
968 1139 1189 1210 quidem
1206 1135 1519 1190 Judaeorum
1537 1132 1807 1187 insaniam
1828 1127 2028 1194 sciens,

450 1254 557 1291 non
591 1235 839 1306 permisit
885 1241 944 1286 ut
987 1246 1083 1302 per
1123 1231 1302 1299 ipsum
1336 1238 1448 1281 tota
1476 1229 1492 1245 ⁶
1528 1224 1822 1295 promissio
1869 1222 2030 1274 linem

452 1329 765 1391 sortiretur,
802 1340 870 1378 ne
907 1324 1085 1393 ipsum
1118 1321 1280 1375 deum
1317 1334 1441 1373 esse
1471 1316 1902 1386 suspicarentur.
1930 1310 2034 1376 Qui

452 1420 597 1472 enim
626 1416 781 1470 vituli
833 1415 1120 1484 imaginem
1183 1412 1342 1467 deum
1381 1407 1639 1472 fecerant,
1671 1420 1834 1476 quem
1868 1404 2038 1457 hono-

456 1526 571 1564 rem
625 1525 731 1562 non
771 1506 1082 1561 attulissent
1112 1504 1215 1572 illi,
1266 1503 1359 1572 qui
1406 1510 1487 1555 tot
1517 1499 1905 1554 miraculorum
1935 1494 2038 1548 mi-

456 1601 629 1661 nister
659 1597 806 1651 fuit?
842 1594 1136 1665 Propterea
1161 1593 1326 1647 etiam
1353 1591 1473 1660 ejus
1514 1589 1823 1658 sepulcrum
1856 1584 2041 1640 occul-

458 1689 565 1742 tari
602 1686 791 1741 \oluit.
833 1683 1103 1739 Praeterea
1159 1681 1328 1752 legem
1361 1678 1429 1733 ad
1474 1686 1689 1746 tempus
1721 1689 1842 1730 esse
1872 1673 2036 1727 latam

461 1779 680 1849 1362‘
710 1775 999 1832 ostendere
1027 1745 1297 1827 voluitve:
1326 1769 1393 1823 iis
1424 1784 1546 1838 qua:
1569 1745 1864 1838 legislatnri
1888 1763 2034 1819 acci-
2067 1745 2108 1800 Β

456 1872 677 1925 derunt.
711 1867 768 1920 Si
808 1865 955 1920 enim
991 1865 1108 1934 ipse
1138 1860 1419 1931 legislator
1453 1858 1723 1928 promissa
1745 1866 1888 1911 terra
1915 1870 2037 1925 per-

458 1959 568 2014 frui
600 1974 709 2012 non
750 1957 945 2027 potuit,
987 1955 1115 2009 hinc
1144 1952 1304 2008 facile
1334 1949 1589 2021 cognosci
1630 1954 1829 2019 potest,
1859 1960 2039 2016 neque

463 2054 616 2122 ipsos
645 2051 752 2104 hac
779 2063 910 2103 cura
946 2047 1158 2103 diutius
1191 2043 1562 2116 perfruituros
1605 2056 1749 2096 esse.
1797 2038 1890 2094 Sic
1913 2054 2036 2094 cum

460 2161 524 2201 ea
555 2157 676 2215 qua:
716 2142 771 2194 in
801 2139 1097 2195 solitudine
1141 2137 1457 2193 acciderunt
1486 2142 1822 2200 enarrasset,
1861 2141 2033 2187 trans.

461 2236 801 2307 gressiouem
852 2232 921 2287 ab
952 2232 1019 2288 iis
1048 2231 1104 2286 in
1149 2227 1534 2301 promissionis
1583 2233 1729 2282 terra
1770 2234 2040 2296 patratam

461 2326 756 2397 redarguit.

540 2588 706 2645 Vsus.
750 2584 944 2641 54-36.
998 2603 1018 2637 ι
1056 2581 1177 2637 Non
1228 2579 1669 2651 disperdiderunt
1715 2585 1924 2647 gentes,
1978 2574 2046 2632 de

465 2682 666 2752 quibus
691 2678 830 2733 dixit
858 2677 968 2731 illis
1004 2674 1286 2730 Dominus.
1321 2673 1387 2727 Et
1424 2670 1702 2727 commisti
1742 2678 1872 2724 sunt
1905 2668 2046 2723 inter

469 2780 679 2844 gentes,
721 2778 777 2824 et
807 2768 1120 2824 didicerunt
1150 2779 1315 2836 opera
1344 2779 1555 2819 eorum.
1591 2761 1657 2816 Et
1702 2760 2049 2816 serviverunt

473 2860 824 2932 sculptilibus
854 2874 1068 2924 eorum,
1121 2868 1173 2912 et
1220 2855 1346 2911 facti
1395 2863 1523 2910 sunt
1555 2853 1663 2910 illis
1706 2851 1990 2907 seandalo.
2023 2871 2043 2905 ι

469 2953 922 3008 Commistionem
961 2950 1107 3006 enim
1141 2947 1442 3020 prohibuit,
1476 2947 1544 3001 ad
1591 2944 1867 3000 vitandam
1902 2958 2050 2998 com-

2119 485 2296 553 λόγοις
2327 481 2618 554 ἐχρήσατο.
2652 471 2786 528 Εἷπε
2813 473 2920 542 γάρ
2942 486 2955 499 ·
2995 489 3013 521 ι
3043 471 3177 540 Φησὶ
3201 468 3405 536 Μωσῆς
3438 466 3574 536 πρὸς
3602 466 3707 519 αύ-

2121 578 2270 639 τοὺς,
2298 575 2391 644 Μὴ
2426 574 2491 624 ἐκ
2515 570 2615 639 τῆς
2648 568 2856 636 πέτρας
2896 562 3102 631 ταύτης
3129 558 3302 625 ἐξάξω
3324 560 3452 628 ὑμῖν
3478 557 3658 626 ὖδωρς
3681 575 3701 606 ι

2124 669 2328 722 Τούτου
2359 665 2519 734 χάριν
2550 657 2936 728 ἀγανακτήσας
2971 652 3129 723 δῆθεν
3167 653 3196 704 ὁ
3233 649 3342 702 τῶν
3375 649 3509 701 ὅλων
3549 646 3705 709 Θεὸς,

2124 759 2231 814 οὐδ’
2264 756 2413 825 αὑτῷ
2438 756 2537 824 τὴν
2570 753 2682 813 τοῖς
2710 748 2978 819 πατράσιν
3013 740 3426 813 ἐπηγγελμένην
3457 738 3709 791 ἀπέδωκε

2126 851 2229 922 γῆν
2249 865 2262 878 ⁸
2297 846 2433 901 ἀλλὰ
2454 844 2545 896 τὸν
2575 843 2671 913 μὲν
2703 839 2960 893 ἐκέλευσε
2980 835 3236 902 δέξασθαι
3258 832 3352 886 τοῦ
3387 831 3503 903 βίου
3531 831 3592 883 τὸ
3613 830 3711 882 τέο

2127 945 2216 1006 λος
2237 959 2252 973 '
2286 940 2352 994 δι’
2395 934 2569 1008 Ἰησοῦ
2595 935 2652 988 δὲ
2679 932 2771 985 τοῦ
2800 931 2956 1000 Ναυῆ
2991 928 3325 999 πεπλήρωκε
3348 923 3448 994 τὴν
3472 923 3712 990 ὑπόσχεο

2133 1052 2240 1090 σιν.
2273 1031 2386 1086 Καὶ
2410 1030 2557 1081 δοκεῖ
2599 1026 2697 1097 μὲν
2724 1022 2930 1091 ταύτην
2958 1019 3107 1089 αύτῷ
3138 1017 3409 1088 τιμωρίαν
3432 1012 3712 1069 ἐπιτεθειο

2132 1126 2287 1180 κέναι
2327 1121 2437 1175 τῶν
2479 1120 2615 1174 ὅλων
2666 1119 2695 1170 ὁ
2741 1115 3038 1186 πρύτανις·
3093 1110 3256 1181 ἕτερα,
3295 1108 3352 1161 δέ
3407 1105 3713 1173 οἱκονομᾶν

2135 1213 2634 1287 ἐπραγματεύσατο
2663 1207 2845 1263 τοῦτο.
2877 1204 3099 1277 Πρῶτον
3133 1203 3229 1272 μὲν
3262 1199 3392 1271 γὰρ,
3424 1187 3534 1250 τῶν
3579 1197 3714 1248 Ἰου-

2134 1312 2299 1363 δαίων
2334 1305 2705 1375 ἐπιστάμενος
2741 1302 2951 1364 ἄνοιαν,
2981 1297 3083 1350 οὑκ
3111 1295 3259 1348 εἴασε
3293 1292 3360 1344 δι’
3393 1288 3561 1346 αὐτοῦ
3602 1290 3716 1341 πᾶ-

2139 1420 2237 1458 σαν
2256 1401 2353 1472 τὴν
2383 1398 2677 1467 ὑπόσχεσιν
2714 1395 2889 1464 πέρας
2916 1389 3121 1454 λαϐεῖν,
3172 1387 3261 1440 ἵνα
3291 1384 3366 1455 μὴ
3397 1382 3559 1438 αὑτὸν
3591 1380 3717 1433 θεὸν

2140 1492 2504 1551 ὑπολάϐωσιν.
2546 1488 2609 1541 0i
2646 1486 2755 1556 γὰρ
2799 1485 2987 1537 εἰκόνα
3021 1482 3223 1552 μόσχου
3268 1475 3715 1543 θεοιποιήσαντες,

2141 1590 2291 1643 ποῖον
2323 1585 2425 1638 οὑκ
2467 1583 2534 1636 ἂν
2561 1579 2945 1651 προσήνεγκαν
2981 1572 3147 1636 σέϐας
3188 1568 3267 1641 τῷ
3291 1567 3559 1622 τοσούτων
3586 1566 3719 1616 θαυ-

2146 1681 2331 1752 μάτων
2362 1673 2624 1746 ὑπουργῷ
2660 1671 2970 1741 γενομένῳ;
3023 1666 3124 1720 Διά
3163 1681 3246 1719 τοι
3284 1661 3445 1716 τοῦτο
3482 1660 3578 1712 καὶ
3623 1656 3719 1708 τὸν

2137 1750 2308 1841 τάφον
2340 1768 2505 1825 αὑτοῦ
2532 1767 2716 1821 λαθεῖν
2737 1761 3038 1833 πεποίηκεν
3059 1762 3088 1813 ὁ
3106 1756 3239 1821 Θεός
3255 1773 3269 1785 ’
3293 1754 3431 1825 πρὸς
3458 1753 3515 1806 δὲ
3535 1750 3719 1809 τοῦτο.

2138 1860 2236 1913 καὶ
2263 1861 2364 1930 τῆς
2392 1854 2718 1927 νομοθεσίας
2753 1850 3028 1923 ἠϐουλήθη
3070 1845 3240 1912 δεῖξαι
3272 1846 3333 1898 τὸ
3379 1843 3724 1915 πρόσκαιρον

2139 1953 2248 2007 ἀπὸ
2273 1950 2382 2003 τῶν
2403 1947 2551 2019 αύτῷ
2578 1946 2658 2018 τῷ
2697 1944 2962 2017 νομοθέτῃ
3003 1939 3348 2012 συμϐάντων.
3379 1935 3443 1989 Ei
3478 1935 3591 2004 γὰρ
3620 1934 3650 1984 ό
3674 1931 3724 1962 ⁸³

2140 2040 2437 2113 νομοθέτης
2483 2039 2581 2108 τῆς
2631 2034 3052 2108 ἐπηγγελμένης
3103 2031 3204 2083 οὐκ
3249 2028 3531 2100 ἁπήλαυσε
3582 2027 3725 2094 γῆς,

2143 2133 2377 2188 συνιδεῖν
2434 2128 2690 2183 ἐντεῦθεν
2737 2127 2917 2200 ῥᾴδιον
2936 2125 3003 2191 ⁸ο,
3046 2124 3123 2187 ὡς
3159 2121 3281 2175 ούδέ
3316 2118 3474 2172 αύτοὶ
3514 2116 3730 2184 ταύτης

2143 2221 2531 2279 ἀπολαύσωσιν
2554 2216 2648 2270 ἐπὶ
2677 2215 2930 2269 πλεῖστον
2947 2210 3047 2280 τῆς
3076 2206 3435 2278 προμηθείας.
3466 2202 3624 2256 Οὕτω
3657 2202 3731 2252 τα

2144 2314 2287 2369 κατὰ
2331 2310 2431 2382 τὴν
2465 2308 2672 2379 ἔρημον
2720 2302 3147 2374 διηγησάμενος,
3182 2296 3279 2369 τὴν
3322 2297 3381 2347 ἐν
3413 2295 3482 2363 τῇ
3510 2293 3582 2361 γῇ
3625 2289 3731 2358 τῆς

2144 2403 2482 2473 ἐπαγγελίας
2516 2398 2894 2468 γεγενημένην
2935 2390 3116 2447 αὐτῶν
3157 2389 3367 2458 ἐλέγχει
3389 2387 3431 2419 θ’
3480 2397 3732 2454 παρανο-

2149 2498 2302 2570 μίαν.

2215 2586 2427 2653 λδθ-λς’.
2467 2603 2487 2638 ‹
2521 2583 2636 2638 Οὐκ
2689 2577 3093 2651 ἐξωλόθρευσαν
3118 2572 3187 2628 τὰ
3215 2571 3366 2640 ἔθνη,
3398 2569 3436 2625 ἃ.
3464 2566 3588 2622 εἷπε
3613 2565 3733 2621 Κύ-

2151 2699 2263 2756 ριος
2292 2679 2497 2740 αὐτοῖς.
2527 2675 2638 2729 Καὶ
2669 2672 2944 2744 ἐμίγησαν
2967 2671 3025 2722 ἐν
3047 2670 3161 2731 τοῖς
3184 2665 3383 2726 ἔθνεσι,
3408 2661 3505 2715 καὶ
3524 2658 3732 2730 ἐμαθον

2147 2752 2217 2829 τὰ
2244 2772 2384 2846 ἔργα
2412 2762 2608 2823 αὐτῶν.
2629 2765 2739 2821 Καὶ
2761 2762 3083 2818 ἐδούλευσαν
3101 2761 3215 2824 τοῖς
3238 2757 3500 2826 γλυπτοῖς
3525 2752 3730 2813 αὐτῶν,

2149 2869 2245 2924 καὶ
2278 2865 2513 2936 ἐγενήθη
2542 2862 2725 2923 αὐτοῖς
2752 2860 2831 2922 είς
2865 2854 3181 2910 σκάνδαλον.
3211 2871 3230 2903 ι
3264 2851 3377 2919 Τὴν
3403 2848 3515 2917 γὰρ
3529 2848 3575 2879 ⁵³
3607 2849 3732 2898 ἐπι-

2157 2959 2342 3034 μιξίαν
2378 2957 2465 3011 διὰ
2487 2955 2588 3026 τὴν
2613 2952 2713 3021 τῆς
2741 2948 2999 3011 ἀσεϐείας
3029 2943 3267 2999 ἐκώλυσε
3307 2940 3621 2999 κοινωνίαν,
3663 2938 3732 3007 τῇ

475 3043 788 3097 munionem
822 3040 1141 3111 impietatis,
1175 3039 1337 3093 linem
1371 3054 1497 3092 cum
1539 3036 1806 3107 principio
1834 3034 1900 3090 de
1929 3049 2041 3088 men

2151 3032 2295 3124 άρχῇ
2329 3049 2389 3103 τὸ
2410 3049 2560 3110 τέλος
2591 3040 2951 3110 συναναιρῶν,
2984 3039 3078 3092 καὶ
3097 3037 3195 3090 σὺν
3225 3038 3290 3105 τῇ
3315 3032 3445 3105 ῥίζῃ
3479 3032 3575 3083 τὸν
3597 3047 3737 3099 καρ-

474 3137 567 3192 dio
596 3136 813 3200 tollens,
848 3144 903 3188 ct
941 3148 1067 3188 cum
1096 3132 1280 3187 radice
1325 3130 1563 3185 fructum
1596 3129 1806 3194 delens,
1858 3135 1913 3181 et
1947 3129 2050 3180 mi-

473 3229 594 3283 nori
633 3228 776 3280 malo
808 3226 964 3296 pejus
993 3224 1316 3293 reprimens.
1351 3222 1458 3277 Sed
1503 3232 1682 3276 tamen
1725 3220 1837 3285 isti,
1866 3220 1918 3273 in
1948 3219 2052 3272 hoc

476 3321 644 3375 etiam
674 3319 915 3372 divinam
942 3318 1116 3387 legem
1140 3314 1492 3385 transgressi,
1518 3329 1694 3382 neque
1725 3314 1918 3381 impias
1945 3321 2054 3364 tru-

474 3410 730 3465 cidarunt
755 3418 967 3477 gentes,
996 3418 1172 3473 neque
1200 3402 1752 3460 communicationem
1770 3415 1893 3455 eum
1918 3399 2052 3469 ipsis

480 3501 737 3570 fugerunt
765 3516 778 3552 :
812 3497 905 3552 sed
938 3512 1161 3567 pravam
1189 3495 1406 3550 illorum
1436 3495 1602 3549 vitam
1633 3494 1876 3549 aemulati
1900 3504 2049 3548 sunt.

550 3585 718 3643 Vsus.
762 3586 952 3642 57-59.
1012 3605 1029 3634 ι
1070 3585 1137 3641 Ει
1181 3587 1603 3641 immolaverunt
1645 3585 1783 3640 lilios
1825 3599 1956 3639 suos
2001 3593 2055 3639 et

483 3680 626 3735 tilias
672 3694 806 3735 suas
845 3679 1148 3735 daemoniis.
1179 3677 1247 3733 Et
1275 3678 1582 3734 eﬂ'udernut
1616 3679 1938 3748 sanguinem
1970 3678 2055 3731 in-

481 3779 791 3835 nocentem,
820 3772 1142 3840 sanguinem
1168 3770 1406 3824 ﬁliorum
1436 3785 1686 3835 suorum,
1722 3780 1776 3825 et
1819 3770 2055 3824 liliarum

481 3879 737 3929 suarum,
761 3876 902 3933 quas
934 3863 1383 3918 sacriﬁcaverunt
1411 3862 1751 3930 sculptilibus
1772 3860 2054 3918 Chanaan.

470 3957 545 4012 Et
593 3957 800 4026 polluta
844 3965 929 4011 est
975 3965 1118 4011 terra
1159 3956 1543 4027 sanguinibus.
1596 3953 1665 4010 Ει
1688 3955 2055 4011 contaminata

479 4060 564 4104 cst
589 4049 844 4118 operibus
877 4064 1090 4104 eorum.
1126 4068 1145 4101 ι
1190 4049 1560 4120 Colophonem
1602 4047 1897 4118 impietatis
1924 4046 2057 4100 ulti-

481 4158 631 4196 mum
666 4139 1025 4211 reliquerunt.
1062 4140 1204 4208 Quid
1231 4142 1378 4197 enim
1408 4142 1475 4196 ad
1522 4141 1819 4211 impietatis
1867 4154 2060 4195 cumu-

2153 3143 2255 3196 πὸν
2280 3138 2577 3210 ἀφανίζων,
2607 3136 2703 3189 καὶ
2729 3131 2806 3203 τῷ
2825 3132 3067 3185 ἐλάττονι
3099 3126 3254 3198 κακῷ
3275 3127 3337 3177 τὸ
3386 3125 3570 3195 χεῖρον
3597 3138 3736 3192 προ-

2152 3231 2517 3290 αναστέλλων.
2565 3226 2707 3281 Ἀλλ’
2727 3227 2874 3296 ὅμως
2900 3216 3045 3276 οὗτοι
3074 3221 3168 3274 καὶ
3188 3221 3246 3272 ἐν
3273 3218 3447 3287 τούτῳ
3468 3214 3563 3266 τὸν
3591 3213 3736 3265 θεῖον

2154 3324 2580 3395 παραϐαίνοντες
2607 3320 2793 3388 νόμον,
2818 3314 2943 3369 οὔτε
2974 3314 3042 3367 τὰ
3062 3309 3296 3380 δυσσεϐῆ
3326 3307 3737 3375 ἐξωλόθρευσαν

2154 3394 2303 3486 ἔθνη,
2333 3413 2460 3468 οὔτε
2486 3412 2585 3481 τὴν
2617 3410 2753 3480 πρὸς
2779 3406 2917 3460 αὐτὰ
2948 3404 3148 3472 ἔφυγον
3179 3400 3489 3462 κοινωνίαν,
3527 3396 3666 3450 ἀλλὰ
3690 3394 3739 3427 ⁸³

2153 3511 2252 3580 τὴν
2283 3506 2529 3577 πονηρὰν
2558 3502 2739 3558 αὐτῶν
2767 3497 3039 3553 πολιτείαν
3065 3486 3367 3567 ἐζήλωσαν.

2225 3600 2436 3667 λζ’-λθ.
2476 3616 2494 3649 ι
2538 3595 2651 3650 Καὶ
2683 3593 2880 3646 ἔθυσαν
2912 3592 3040 3654 τοὺς
3087 3588 3237 3650 υίοὺς
3279 3585 3458 3640 αὑτῶν
3502 3587 3599 3637 καὶ
3636 3579 3741 3642 τὰς

2156 3692 2463 3762 θυγατέρας
2490 3686 2670 3740 αὐτῶν
2699 3686 2812 3747 τοῖς
2845 3680 3159 3752 δαιμονίοις.
3196 3679 3307 3731 Καὶ
3344 3675 3566 3745 ἐξέχεαν
3597 3667 3741 3742 αἷμα

2156 3786 2351 3848 ἀθῶον,
2385 3777 2527 3852 αἷμα
2557 3778 2690 3831 υἱῶν
2718 3776 2901 3829 αὐτῶν·
2948 3775 3042 3828 καὶ
3073 3770 3412 3840 θυγατέρων,
3439 3762 3514 3820 ὧν
3538 3766 3741 3819 ἔθυσαν

2156 3879 2267 3940 τοῖς
2313 3874 2571 3944 γλυπτοῖς
2609 3868 2855 3924 Χαναὰν·
2904 3868 2999 3920 καὶ
3042 3860 3444 3933 ἐφονοκτονήθη
3487 3861 3521 3928 ή
3563 3858 3636 3927 γῆ
3678 3858 3741 3908 ἐν

2157 3972 2270 4032 τοῖς
2294 3968 2512 4037 αἵμασι.
2565 3964 2673 4017 Καὶ
2710 3958 2941 4031 ἐμιάνθη
2963 3959 3009 3990 θδ
3039 3957 3097 4009 ἐν
3118 3957 3229 4017 τοῖς
3258 3953 3440 4025 ἔργοις
3473 3949 3676 4004 αὐτῶν.
3716 3966 3736 3994 ι

2157 4061 2261 4114 Τὸν
2277 4060 2322 4092 ⁵⁸
2350 4054 2634 4124 κολοφῶνα
2667 4054 2760 4121 τῆς
2796 4049 3049 4111 ἀσεϐείας
3077 4046 3383 4100 τελευταῖον
3413 4040 3741 4094 κατέλιπονο

2159 4150 2319 4204 ποίαν
2342 4150 2387 4181 ⁸⁸
2415 4148 2524 4219 γὰρ
2543 4145 2862 4205 δυσσεϐείας
2888 4137 3195 4212 ὑπερϐολὴν
3221 4134 3543 4190 καταλείπει
3568 4132 3631 4185 τὸ
3654 4132 3744 4183 αἰ-

482 4235 593 4287 lum
627 4233 730 4288 sibi
766 4234 961 4304 reliqui
990 4233 1257 4299 fecerunt,
1303 4234 1398 4304 qui
1433 4233 1790 4302 sanguinibus
1822 4233 2041 4288 ﬁliorun‘

2162 4255 2329 4310 μασιν
2357 4236 2491 4289 υίῶν
2528 4235 2624 4289 καὶ
2678 4231 2994 4301 θυγατέρων
3054 4227 3279 4298 μολῦναι
3320 4224 3419 4295 τὴν
3472 4222 3596 4293 γῆν,
3644 4222 3744 4272 καὶ

481 4332 537 4377 et
569 4323 802 4378 liliarum
837 4335 1037 4380 terram
1067 4325 1444 4394 inquinat-unt,
1475 4336 1528 4380 et
1569 4325 1927 4390 dazmonibus,
1964 4341 2033 4395 qu

2159 4334 2271 4394 τοῖς
2294 4327 2610 4399 αἰμοϐόροις
2647 4325 2866 4395 δαίμοσι
2910 4322 3009 4384 τὰς
3055 4320 3261 4373 τούτων
3292 4310 3507 4378 ’θυσίας
3567 4329 3747 4384 προσ-

482 4418 804 4487 sauguinem
862 4426 1086 4481 vorant,
1142 4417 1344 4470 borum
1393 4418 1658 4473 sacrilicia
1702 4418 2041 4473 obtuleruut'

2163 4423 2436 4490 ενεγκεῖν;
2460 4417 2550 4489 Τῷ
2576 4417 2698 4488 Θεῷ
2724 4416 2823 4486 μὲν
2842 4413 3085 4484 γάρούδὲ
3100 4411 3167 4464 τὰ
3188 4408 3549 4479 νενομισμένα
3572 4421 3749 4475 προσ-

482 4505 619 4608 δίη-ιι
667 4507 777 4562 Deo
817 4523 884 4560 ne
933 4507 1175 4576 legitima
1214 4507 1424 4577 1363
1465 4509 1684 4577 quidem
1738 4508 2039 4562 oﬂ‘erebant

2163 4515 2359 4582 έφερον
2379 4526 2392 4540 ⁸
2418 4514 2532 4573 τοῖς
2552 4510 2611 4562 δὲ
2636 4506 2873 4569 εἰδώλοις
2899 4503 3115 4566 καὶτὰς
3142 4502 3251 4555 τῶν
3273 4499 3478 4553 παίδων
3500 4499 3747 4565 σφαγάς.

480 4597 642 4654 idolis
669 4614 796 4651 vero
823 4608 1075 4651 natorum
1097 4598 1260 4651 etiam
1294 4598 1489 4651 caedes.
1519 4617 1537 4649 ‹
1578 4598 1641 4652 Ει
1665 4599 1916 4653 fornicati
1936 4616 2034 4654 sun

2169 4626 2188 4659 ι
2225 4608 2337 4660 Καὶ
2385 4604 2726 4674 ἐπόρνευσαν
2759 4601 2817 4652 ἐν
2846 4600 2958 4660 τοῖς
3002 4592 3426 4665 ἐπιτηδεύμασιν
3474 4590 3681 4644 αὐτῶν.
3724 4606 3743 4636 ι

482 4691 680 4745 studiis
711 4689 847 4742 suis.
886 4706 904 4739 ι
940 4687 1373 4742 Fornicationem
1401 4687 1507 4741 hoc
1540 4687 1592 4740 in
1630 4687 1752 4742 loco
1795 4702 1906 4742 non
1941 4705 2041 4744 mo-

2161 4699 2458 4768 Πορνειάν
2479 4693 2713 4750 ἐνταῦθα
2740 4692 2802 4745 ού
2833 4691 2932 4761 τὴν
2952 4688 3250 4743 ἀκολασίαν
3284 4683 3462 4755 μόνον,
3486 4680 3627 4735 ἀλλὰ
3651 4680 3750 4732 καὶ

483 4779 555 4834 do
585 4778 1090 4847 intemperantiam,
1122 4791 1310 4831 verum
1356 4777 1519 4831 etiam
1552 4776 1820 4832 idolorum
1852 4780 2041 4834 cultun

2159 4791 2259 4862 τὴν
2309 4790 2416 4842 τῶν
2461 4787 2696 4841 εἰδώλων
2745 4781 3001 4854 λατρείαν
3043 4778 3217 4834 καλεῖ.
3267 4773 3486 4844 Ἐπειδὴ
3519 4771 3633 4841 γὰρ
3667 4771 3752 4840 τῷ

481 4881 663 4926 vocat.
698 4868 975 4933 Quoniam
1022 4868 1171 4923 enim
1204 4870 1314 4925 Deo
1364 4870 1625 4940 copulati,
1676 4871 1893 4926 illorum
1933 4876 2041 4928 cul-

2161 4882 2282 4952 Θεῷ
2314 4880 2652 4951 συνημμένοι
2681 4875 2779 4946 τὴν
2812 4873 3037 4927 ἐκείιων
3076 4867 3373 4942 θεραπείαν
3412 4866 3748 4934 ἠγάπησαν,

484 4971 601 5016 tum
633 4963 978 5023 adamarunt,
1009 4960 1320 5018 daemonum
1370 4965 1632 5020 honorem
1667 4964 1863 5020 merito
1892 4964 2041 5019 forni-

485 5054 753 5108 cationem
784 5053 1096 5108 appellavit.

2162 4975 2261 5045 τὴν
2286 4969 2710 5041 δεισιδαιμονίαν
2738 4966 2963 5029 εἰκότως
2992 4961 3249 5034 πορνείαν
3277 4956 3563 5013 ἐκάλεσεν.

485 5054 753 5108 cationem
784 5054 1096 5123 appellavit.

556 5238 586 5278 Ρ
620 5226 782 5281 Num.
808 5231 1011 5297 xx,10.

1581 5345 1811 5402 νΑιιιᾹε
1847 5345 2228 5401 LECTIONES
2278 5347 2364 5400 ΕΤ
2404 5347 2640 5403 ΝΟΤᾺΕ.

562 5506 607 5537 ⁵³
656 5505 738 5556 ’0.
774 5505 893 5587 cod.
920 5508 955 5587 Al
997 5524 1180 5578 prtem.
1239 5507 1440 5587 αὐτὸς..
1499 5507 1575 5587 _‘°
1619 5506 1873 5573 Ῥᾴδιον.
1915 5506 2039 5560 cod.

2146 5507 2271 5587 add.
2328 5502 2544 5587 ﬁv.__f'
2579 5510 2702 5563 cod.
2737 5510 2761 5564 -l
2793 5510 3109 5587 διελέγχει.Δ
3159 5508 3203 5587 ξ]
3240 5504 3370 5587 Tini"
3392 5506 3506 5573 γὰρ
3534 5503 3749 5587 5.1:}:

491 5573 1104 5660 lauicanprzetnintuitur
1128 5580 1269 5660 apud
1301 5578 1462 5631 (Iord.
1499 5577 1537 5629 1.
1571 5592 1619 5631 c.
1658 5591 1721 5660 ηε
1945 5576 1988 5607 ⁸³

2146 5576 2234 5660 μὴ
2285 5573 2362 5615 -’
2390 5576 2724 5660 spumae.
2751 5582 2895 5660 "Alia
2944 5573 3116 5660 liabet
3154 5576 3318 5660 (terit.
3358 5575 3506 5660 lg};
3554 5575 3602 5659 ξι
3634 5575 3747 5627 Καὶ

495 5617 762 5726 amarae.
796 5644 954 5726 ῃιιιιιι.
1011 5647 1092 5726 Et
1128 5617 1619 5726 ρῖιιξὶεῖςιὶίὶῗεὲῇεῗ
1660 5617 1721 5679 ἐὶ
1898 5675 1968 5685 -
1991 5662 2041 5700 κε

2146 5617 2234 5629 η...
2390 5617 2607 5643 ..νυμυυ
2625 5617 2687 5633 ..ν
2712 5623 2724 5636 ,
2782 5617 2895 5634 ηπ..
2957 5617 3116 5634 .....,...
3360 5617 3395 5628 ..
3427 5617 3475 5629 ν.
3634 5617 3747 5627 η..-

2148 5650 2341 5699 λιστον.
2405 5647 2526 5701 Des.
2566 5652 2707 5717 apud
2746 5651 2908 5706 (Iord.
2944 5651 2978 5704 ι.
3007 5667 3056 5703 c.
3092 5664 3144 5718 p.
3182 5647 3301 5701 1:37.
3376 5644 3424 5677 “
3450 5645 3645 5700 Ποίαν
3678 5672 3749 5684 -

501 5693 762 5784 ἆφανάξζ
796 5693 927 5773 ille?
941 5693 1095 5787 ’πιῖίιῖι
1120 5693 1436 5772 ἂόἰῖιῖῗιῖῖ.
1471 5693 1720 5771 illius.
1750 5693 1828 5771 τῖε
1845 5693 2041 5786 ἐφροξί

2146 5729 2274 5770 sunt.
2602 5693 2613 5717 Ι
2752 5693 2908 5706 mm"
