3890 6320
122 261 245 325 1ῗ33

1507 263 1585 323 IN
1626 262 1831 323 PSAL.
1874 260 1985 319 CV.

3232 256 3367 320 ΠΜ

179 369 366 442 ειν-μβ.
399 386 417 422 ι
452 370 564 424 Καὶ
595 368 842 442 ὠργίσθη
883 369 1042 442 θυμῷ
1074 368 1280 442 Κύριος
1312 371 1407 427 ἐπὶ
1436 372 1526 426 τὸν
1553 373 1681 427 λαὸν
1712 421 1714 429 .

1856 367 2022 421 Vens.
2060 363 2248 421 40-62.
2287 380 2305 416 ι
2352 361 2416 418 Et
2461 362 2634 420 iratus
2659 369 2743 418 est
2778 360 2962 417 furore
3002 338 3262 419 Dominus
3313 367 3365 421 in

117 462 286 524 αὑτοῦ,
312 462 410 514 καὶ
438 460 762 526 ἐϐδελύξατο
800 461 901 533 τὴν
934 462 1304 535 κληρονομίαν
1342 463 1531 519 αὑτοῦ.
1570 464 1680 517 Καὶ

117 554 413 625 παρέδωκεν
433 553 633 617 αὐτοὺς
664 555 743 617 είς
770 558 957 626 χεῖρας
983 554 1197 627 ἐχθρῶν
1220 556 1288 621 ",
1312 557 1407 610 καὶ
1427 555 1680 625 ἐκυρίευ-

120 663 204 698 σαν
234 643 410 697 αὐτῶν
441 647 489 697 οἱ
519 644 810 714 μισοῦντες
838 645 1060 709 αὐτούς.
1091 647 1201 700 Καὶ
1237 646 1461 717 ἐθλιψαν
1484 648 1681 709 αὐτοὺς

117 738 159 789 οἱ
179 736 355 807 ἐχθροὶ
386 736 589 800 αὐτῶν,
629 738 722 791 καὶ
752 738 1198 810 ἐταπεινώθησαν
1231 739 1336 793 ὑπὸ
1371 740 1466 803 τὰς
1495 743 1680 810 χεῖρας

119 828 295 881 αὐτῶν.
332 846 350 878 ι
384 827 570 881 Ταῦτα
604 829 699 882 καὶ
721 830 755 899 ἡ
778 829 885 881 τῶν
923 830 1142 899 Κριτῶν
1175 830 1384 901 ἱστορία
1416 831 1679 898 διδάσκει,

120 920 199 971 καὶ
234 918 411 987 μέντοι
441 919 537 973 καὶ
574 921 607 990 ή
648 920 758 974 τῶν
806 921 1107 975 Βασιλειῶν
1182 925 1493 997 συγγραφή.
1548 927 1683 979 110τέ

125 1010 208 1079 μὲν
235 1008 335 1078 γὰρ
360 1010 708 1073 Μωαϐίταις,
746 1011 877 1064 ποτέ
898 1010 955 1064 δέ
997 1012 1378 1083 Ἀμμανίταις,
1415 1015 1604 1069 ἄλλοτε
1627 1015 1685 1071 δέ
1732 1046 1735 1049 -

134 1104 538 1174 Ἀμαλακίταις,
591 1106 686 1160 καὶ
739 1106 1127 1175 Μαδιηναίοις,
1186 1110 1282 1163 καὶ
1340 1109 1681 1177 Ἀλλοφύλοις

127 1198 404 1266 παρέδωκε,
436 1200 506 1268 τῇ
535 1196 753 1269 παιδείᾳ
783 1199 884 1266 τὴν
906 1196 1180 1267 ὠφέλειαν
1210 1200 1591 1271 καρπούμενος
1615 1202 1680 1256 ⁸⁸.

186 1312 282 1376 py’.
314 1326 331 1358 ι
367 1306 669 1371 Πλεονάκις
699 1307 968 1380 ἐρρύσατο
990 1310 1188 1374 αὐτούς
1207 1329 1220 1342 ·
1251 1310 1406 1364 αὐτοὶ
1427 1312 1484 1366 δέ
1545 1331 1687 1384 παρ-

126 1399 398 1468 επίκραναν
429 1399 595 1453 αὑτὸν
614 1402 672 1453 ἐν
696 1403 761 1471 τῇ
791 1400 954 1472 βουλῇ
982 1400 1184 1464 αὐτῶν,
1202 1404 1291 1456 καὶ
1313 1404 1683 1477 ἐταπεινώθη-

128 1509 212 1544 σαν
229 1494 282 1544 ἐν
300 1495 417 1555 ταῖς
449 1493 697 1562 ἀνομίαις
724 1493 923 1546 αὐτῶν.
954 1512 974 1544 ι
1016 1493 1271 1563 Ἐπάγων
1293 1497 1399 1567 γὰρ
1427 1498 1527 1567 τὴν
1560 1515 1688 1551 παι-

126 1580 251 1633 δείαν
271 1582 427 1635 πάλιν
456 1582 732 1651 μετεδίδου
757 1581 1199 1654 φιλανθρωπίας’
1222 1586 1272 1638 οί
1299 1585 1355 1640 δὲ
1384 1587 1545 1642 αὑτὸν
1572 1589 1686 1652 τοῖς

127 1672 357 1735 ἐναντίοις
388 1671 704 1743 ἠμείϐοντο.
738 1738 743 1741 _

187 1784 280 1856 με.
315 1804 334 1837 ι
369 1785 487 1840 Καὶ
520 1782 631 1839 εἶδε
671 1785 876 1857 Κύριος
893 1788 938 1819 ⁸⁸
963 1787 1022 1839 ἐν
1052 1787 1131 1859 τῷ
1159 1788 1436 1844 θλίϐεσθαι
1462 1790 1679 1857 αὐτοὺς,

125 1878 175 1930 ἐν
211 1877 283 1948 τῷ
327 1877 495 1932 αὑτὸν
553 1877 874 1932 εἰσακοῦσαι
926 1879 1024 1950 τῆς
1073 1881 1312 1952 δεήσεως
1350 1882 1530 1937 αὐτῶν
1550 1883 1619 1938 ⁷⁸.
1655 1901 1675 1934 ι

126 1967 289 2023 Ταῦτα
337 1969 432 2022 καὶ
467 1969 524 2022 al
558 1969 786 2040 ἱστορίαι
825 1970 1165 2024 διδάσκουσιο
1209 1973 1302 2025 καὶ
1341 1973 1424 2026 ὅτι
1457 1972 1683 2045 ἐδεήθη-

127 2060 319 2114 σαντοῦ
365 2059 507 2115 Θεοῦ
554 2062 664 2116 ἀπὸ
682 2062 725 2094 ⁷⁸
775 2063 875 2133 τῆς
917 2064 1165 2135 ἀνάγκης
1208 2064 1546 2137 ὠθούμενον
1589 2067 1686 2120 καὶ

126 2153 195 2204 δτι
211 2152 497 2224 δεηθέντες
522 2153 894 2226 ὴκούσθησαν.

187 2273 280 2339 με’.
315 2284 333 2319 t
361 2268 479 2322 Kal
508 2266 753 2339 ἐμνήσθη
779 2268 881 2337 τῆς
906 2269 1171 2342 διαθήκης
1195 2270 1382 2337 αὐτοῦ,
1408 2272 1503 2326 καὶ
1562 2290 1688 2344 μετ-

127 2359 342 2433 εμελήθη
363 2361 580 2415 κατὰτὸ
601 2362 805 2432 πλῆθος
833 2363 927 2417 τοῦ
954 2365 1104 2417 ἐλέου
1128 2367 1174 2396 τ’
1201 2365 1386 2419 αὐτοῦ.
1415 2385 1433 2417 ι
1457 2368 1553 2418 Διὰ
1580 2367 1687 2435 γὰρ

126 2453 212 2516 τὰς
233 2456 362 2525 πρὸς
393 2455 526 2518 τοὺς
558 2455 800 2527 πατέρας
834 2457 1170 2525 ἐπαγγελίας
1198 2460 1287 2512 τὸν
1315 2458 1465 2511 ἔλεον
1490 2460 1685 2530 ἐχορή-

125 2560 273 2615 γησε·
305 2545 712 2614 μεταμέλειαν
745 2547 799 2599 δὲ
823 2549 979 2600 καλεί
1010 2549 1107 2618 τῆς
1138 2550 1385 2612 παιδείας
1419 2550 1514 2622 τὴν
1556 2552 1689 2604 παῦ-

126 2636 230 2690 λαν.
269 2637 324 2689 Ὀ
348 2637 460 2708 γὰρ
507 2638 639 2701 Θεὸς
676 2640 769 2709 τῆς
813 2640 1173 2709 μεταμελείας
1212 2642 1312 2695 οὐκ
1354 2642 1467 2713 ἔχει
1502 2643 1562 2694 τὸ
1594 2643 1690 2696 πά-

130 2728 225 2795 θος,
254 2731 368 2784 οὐδὲ
389 2731 490 2784 νῦν
523 2731 622 2801 μὲν
644 2731 871 2797 τούτοις,
901 2732 998 2786 νῦν
1027 2734 1083 2786 δὲ
1111 2734 1334 2798 ἐκείνοις
1369 2735 1684 2806 ἀρέσκεταιο

131 2824 247 2875 ἀλλᾶ
265 2825 442 2894 σοφῶς
479 2824 693 2877 ἅπαντα
729 2826 1110 2896 πρυτανεύων,
1144 2828 1239 2880 καὶ
1280 2827 1530 2891 παιδείας
1591 2830 1690 2881 ἐπ·-

132 2912 256 2980 ἀγει,
282 2915 373 2966 καὶ
401 2913 815 2984 φιλανθρωπίαν
840 2915 1044 2987 ὀρέγει.

190 3036 299 3097 μς’.
336 3048 353 3081 ι
392 3029 512 3098 Καὶ
532 3028 728 3083 ἔδωκεν
757 3030 953 3093 αὐτοὺς
982 3030 1061 3094 είς
1084 3032 1424 3103 οἱκτιρμοὺς,
1448 3032 1687 3087 ἐναντίον

133 3120 325 3173 πάντων
343 3122 457 3174 τῶν
492 3120 1053 3192 αἰχμαλωτευσάντων
1085 3122 1305 3186 αὐτούς.
1350 3142 1369 3175 ›
1412 3124 1568 3178 Οὖτω
1594 3125 1687 3178 τὸν

131 3212 291 3282 Κῦρον
317 3211 663 3280 κατέθελξεν,
693 3212 784 3266 καὶ
809 3215 889 3277 είς
923 3212 1069 3266 ἔλεον
1103 3214 1337 3285 ἔκαμψε,
1380 3216 1475 3270 καὶ
1507 3216 1691 3269 δοῦναι

129 3307 224 3368 τοῖς
241 3302 597 3377 δορυαλώτοις
619 3305 715 3378 τὴν
748 3305 1058 3378 ἐλευθερίαν
1096 3308 1379 3379 πεποίηκε.

191 3422 293 3491 μζκ
328 3442 347 3474 ι
384 3421 571 3475 Σῶσον
606 3422 753 3493 ἡμᾶς
778 3464 794 3488 ,
817 3423 992 3493 Κύριε
1022 3425 1051 3476 ὁ
1084 3423 1217 3489 Θεὸς
1249 3424 1424 3495 ἡμῶν,
1456 3425 1551 3480 καὶ
1575 3426 1692 3479 ἐπι-

132 3513 387 3582 συναγαγε
419 3516 570 3584 ἡμᾶς
595 3516 660 3566 ἐκ
689 3515 798 3566 τῶν
832 3514 1027 3568 ἐθνῶν·
1059 3514 1155 3570 τοῦ
1193 3514 1691 3588 ἐξομολογήσασθαι

131 3606 199 3675 τῷ
223 3608 443 3678 ὀνόματί
480 3626 572 3661 σου
601 3608 680 3680 τῷ
707 3610 867 3680 ἁγίῳ,
897 3608 992 3663 τοῦ
1026 3610 1404 3680 ἐγκαυχᾶσθαι
1433 3613 1491 3665 ἐν
1516 3613 1582 3681 τῇ
1608 3612 1694 3663 αἰ-

132 3698 265 3752 νέσει
295 3717 411 3755 σου.
458 3719 479 3752 ι
524 3701 635 3753 Καὶ
665 3700 839 3754 ταῦτα
866 3701 1035 3771 δηλοῖ,
1071 3702 1148 3764 ὡς
1174 3704 1201 3755 ὀ
1233 3701 1570 3773 προφητικδς
1593 3702 1694 3754 αὺ-

131 3795 240 3856 τοὺς
265 3794 509 3847 διδάσκει
547 3793 725 3861 λόγος,
766 3794 883 3858 πῶς
920 3795 1003 3849 δεῖ
1044 3796 1136 3850 τὸν
1174 3796 1305 3849 Θεὸν
1349 3794 1692 3860 ίλεώσασθαι,

133 3887 214 3940 καὶ
236 3892 333 3960 τῆς
358 3890 497 3961 παρ’
534 3888 699 3943 αὑτοῦ
736 3890 1059 3962 κηδεμονίας
1084 3893 1283 3961 τυχεῖν.
1320 3890 1430 3944 Καὶ
1456 3891 1485 3942 6
1512 3888 1699 3942 θεσπέο

135 3994 233 4041 σιος
252 3980 308 4033 δὲ
353 3980 682 4044 Ἀπόστολος
708 3979 806 4052 τὴν
823 3982 1092 4051 ἐσομένην
1134 3981 1406 4043 Ἰουδαίοις
1423 3978 1697 4051 σωτηρίαν

130 4070 209 4125 διὰ
244 4074 424 4128 Ἠλιοῦ
474 4073 567 4127 τοῦ
601 4074 858 4128 Θεσὸίτου
902 4075 1335 4145 ειυτροηγόρευσεν⁸
1389 4091 1409 4125 ε
1446 4074 1602 4137 ’Ἥξει
1633 4074 1698 4126 ἐκ

133 4163 255 4217 Σιὼν
274 4168 339 4232 ’³,
364 4168 556 4237 φησὶν,
590 4170 619 4219 ὁ
648 4167 929 4237 ῥυόμενος,
962 4168 1057 4220 καὶ
1088 4166 1420 4235 ἀποστρέψει
1442 4165 1698 4228 ἀσεϐείας

132 4258 228 4311 ἀπὸ
266 4259 464 4313 Ἰακῶὸ
485 4279 499 4293 σ
529 4261 627 4327 καὶ⁴
648 4260 787 4331 αὕτη
821 4262 1005 4323 αὐτοῖς
1035 4262 1068 4330 ή
1104 4262 1233 4331 παρ’
1268 4260 1400 4329 ἐμοῦ
1439 4259 1695 4330 διαθήκη,

129 4347 246 4400 ὅταν
268 4351 564 4419 ἀφέλωμαι
602 4351 702 4413 τὰς
743 4351 1019 4422 ἁμαρτίας
1040 4350 1239 4403 αὐτῶν.
1288 4368 1306 4400 ι
1360 4351 1433 4402 Οὐ
1474 4350 1573 4418 μὲν
1601 4349 1700 4419 τὴν

128 4439 429 4512 οἰκοδομίαν
472 4441 573 4511 τῆς
632 4442 987 4513 Ἰερουσαλὴμ
1036 4444 1360 4513 προσμεῖναι
1402 4442 1508 4504 δεῖ,
1558 4441 1699 4494 κατὰ

127 4534 241 4595 τοὺς
268 4533 478 4604 μύθους
517 4535 627 4587 τῶν
668 4534 934 4606 ἀνοήτων,
980 4535 1076 4587 καὶ
1107 4534 1206 4604 τὴν
1236 4534 1375 4587 κατὰ
1405 4534 1569 4602 νόμον
1607 4532 1700 4585 λα-

127 4625 321 4693 τρείαν,
349 4626 573 4689 καὶτὰς
603 4626 833 4695 ἀλόγους
863 4626 1074 4689 θυσίας,
1113 4627 1209 4679 καὶ
1250 4626 1572 4695 περιτομὴν,
1606 4623 1701 4676 καὶ

129 4713 413 4781 σάϐϐατον,
449 4717 547 4769 καὶ
575 4716 780 4787 σκιώδη
800 4720 1239 4787 περιρραντήρια
1270 4716 1406 4786 μετὰ
1450 4715 1511 4766 τὸ
1561 4731 1700 4768 παν-

127 4805 270 4872 ἀγιον
290 4805 614 4877 βάπτισμασ
646 4805 818 4861 ταῦτα
848 4809 958 4879 γὰρ
983 4808 1243 4878 γραῖδίων
1262 4807 1568 4877 μεθυόντων
1598 4823 1701 4859 πα⁸

126 4899 253 4970 ραλη
263 4902 328 4969 ρή
340 4917 494 4970 ματα
514 4898 560 4933 "
577 4915 592 4930 °
619 4899 755 4953 ἀλλά
771 4900 962 4971 κλῆσιν
985 4902 1077 4953 καὶ
1094 4901 1389 4968 ἐπίγνωσιν
1415 4898 1695 4970 ἀληθείας,

125 4991 213 5044 καὶ
239 4993 428 5046 πίστιν
450 4992 531 5055 είς
557 4992 649 5047 τὸν
667 4992 944 5064 Δεσπότην
978 4991 1233 5064 Χριστὸν,
1269 4990 1480 5062 καὶτῆς
1505 4990 1699 5060 καινῆς

124 5080 387 5154 διαθήκης
412 5082 512 5154 τὴν
533 5083 831 5139 πολιτείαν.

189 5274 216 5316 It
249 5260 418 5319 Rom.
453 5276 530 5327 τι,
579 5259 673 5328 26,
720 5261 827 5329 επ
866 5261 995 5317 coll.
1056 5256 1160 5319 lsa.
1198 5276 1309 5329 nx,
1348 5260 1439 5316 90.

1782 461 2045 529 pupulum
2100 472 2306 521 suum,
2364 465 2418 510 et
2460 456 2810 510 abominatus
2857 465 2936 509 est
2997 456 3369 512 [nereditatem

1783 564 1962 604 suam.
1994 552 2011 570 ‘
2032 547 2097 602 Et
2118 548 2341 603 tradidit
2364 562 2459 602 eos
2493 547 2545 600 in
2579 562 2776 600 manus
2801 547 3064 611 hostium,
3103 558 3157 601 et
3184 548 3372 602 domi-

1783 641 1895 693 nati
1931 648 2059 694 sunt
2098 639 2185 701 iis,
2218 638 2312 709 qui
2345 638 2577 692 oderunt
2607 653 2722 693 eos.
2756 637 2819 690 Et
2843 637 3239 691 tribulaverunt
3274 653 3371 693 eos

1784 732 1989 786 inimici
2059 746 2291 796 eorum,
2341 739 2396 784 et
2457 729 2726 784 humiliati
2787 739 2917 783 sunt
2970 731 3073 784 sub
3115 730 3371 784 manibus

1785 838 2002 878 eorum.
2072 842 2090 875 ι
2130 823 2252 877 Ilaec
2290 832 2344 876 et
2388 821 2642 876 Judicum
2692 823 2921 876 historia
2972 823 3151 886 docet,
3204 832 3371 892 atque

1785 913 1946 968 etiam
1983 913 2292 984 Regnorum
2322 912 2463 967 libri.
2492 910 2628 966 Nam
2655 915 2817 967 modo
2852 913 3070 981 quidem
3096 912 3367 978 Moabilis,

1786 1005 1950 1057 modo
1984 1020 2116 1057 vero
2151 1003 2506 1067 Ammanitis,
2549 1004 2686 1057 alias
2727 1014 2909 1058 autem
2942 1004 3277 1067 Amaleeitis,
3313 1011 3371 1058 et

1788 1096 2132 1160 Madianmis,
2167 1106 2221 1150 et
2256 1095 2563 1167 Allopltylis
2588 1110 2685 1149 eos
2718 1096 2959 1159 tradidit,
2989 1105 3048 1151 ut
3075 1111 3170 1166 per
3203 1096 3370 1152 casti-

1787 1188 2062 1258 gationem
2109 1185 2413 1241 commodis
2447 1185 2692 1254 ipsorum
2732 1187 3059 1241 consuleret.

1860 1297 2023 1351 Vens.
2062 1296 2151 1351 43.
2190 1313 2208 1346 ι
2255 1292 2409 1364 Same
2442 1295 2691 1350 liberavit
2722 1311 2839 1359 eos,
2879 1297 2979 1366 ipsi
3027 1305 3207 1353 autem
3237 1313 3370 1353 exa-

1787 1388 2152 1443 eerbaverunt
2175 1403 2302 1442 eum
2338 1387 2570 1441 consilio
2601 1403 2720 1451 Suo,
2749 1399 2800 1442 ct
2830 1389 3100 1443 lmmiliati
3151 1397 3280 1444 sunt
3313 1389 3370 1444 in

1790 1481 2174 1548 iniquitatibus
2202 1480 2340 1534 suis.
2392 1497 2412 1530 ι
2448 1477 2705 1550 lnlligens
2728 1482 2874 1533 enim
2910 1496 3148 1549 pmnam,
3179 1497 3373 1534 rursus

1790 1568 2181 1637 benignitatem
2218 1568 2447 1640 largitus
2477 1578 2597 1635 est;
2636 1569 2735 1638 ipsi
2774 1580 2955 1624 autem
2984 1570 3256 1625 contraria
3288 1585 3374 1625 re-

1790 1658 2116 1730 pendebant.

1861 1791 2029 1850 Vens.
2073 1793 2163 1848 ιι.
2196 1811 2215 1844 ι
2274 1791 2342 1847 Et
2379 1793 2515 1848 vidit
2556 1792 2822 1848 Dominus
2867 1809 2992 1850 cum
3034 1794 3371 1850 tribularen-

1791 1895 1903 1951 tur,
1950 1902 2075 1941 eum
2126 1886 2344 1941 audiret
2393 1887 2701 1943 orationem
2749 1901 2962 1940 eorum.
3000 1904 3019 1936 ι
3055 1884 3180 1940 Haec
3206 1887 3370 1943 etiam

1790 1978 2036 2033 historia:
2058 1980 2277 2041 docent,
2309 1986 2364 2033 et
2400 1978 2552 2048 ipsos
2580 1977 2750 2032 Deum
2781 1979 3109 2033 obsecrasse
3129 1994 3157 2032 a
3188 1994 3373 2035 neces-

1790 2070 1952 2124 sitate
1992 2068 2282 2137 impulsos,
2315 2078 2369 2121 et
2394 2082 2520 2123 eum
2568 2082 2759 2138 preces
2813 2067 3103 2132 fudissent,
3143 2069 3372 2124 exaudi-

1790 2167 1877 2212 tos
1911 2156 2097 2212 fuisse.

1863 2268 2024 2322 Vens.
2057 2267 2148 2322 45.
2183 2287 2199 2318 ι
2243 2264 2307 2320 Ει
2339 2281 2547 2323 memor
2575 2266 2675 2322 fuit
2717 2267 2938 2325 hederis
2965 2270 3071 2334 sui,
3117 2279 3170 2325 et
3201 2272 3375 2338 panti-

1790 2359 1895 2413 tuit
1964 2374 2088 2413 eum
2152 2359 2453 2413 secundum
2518 2358 2922 2413 multitudinem
2984 2360 3374 2415 misericordite

1790 2463 1924 2503 suae.
1966 2467 1984 2500 ι
2020 2448 2154 2503 Nam
2208 2459 2431 2519 propter
2459 2448 2857 2518 promissiones
2889 2450 3136 2519 patribus
3199 2449 3373 2511 factas

1791 2543 2225 2598 misericordiam
2262 2541 2531 2597 exhibuit.
2588 2540 2964 2597 Pwnitentiam
3003 2542 3217 2615 1364
3240 2559 3373 2600 vero

1791 2645 2070 2703 nuacupat
2093 2648 2267 2701 preme
2298 2634 2681 2689 cessationem.
2715 2634 2995 2705 Siquidem
3038 2637 3372 2706 paenitentia:

1790 2727 2020 2781 aﬂ'ectus
2048 2726 2100 2779 in
2139 2726 2305 2780 Deum
2346 2733 2452 2781 neu
2480 2720 2645 2790 cadit,
2676 2742 2854 2796 neque
2881 2727 3043 2783 modo
3078 2729 3184 2791 his,
3209 2731 3372 2784 modo

1791 2818 1900 2873 illis
1946 2819 2244 2873 delectatur
2274 2837 2288 2873 :
2318 2817 2411 2873 sed
2445 2818 2628 2871 omnia
2664 2818 2937 2887 sapienter
2975 2819 3289 2889 moderans,
3313 2831 3371 2877 et

1791 2908 2058 2977 supplicia
2089 2906 2305 2979 inﬂigit,
2337 2920 2392 2962 et
2426 2908 2812 2977 benignitatem
2843 2909 3084 2964 exhibet.

1866 3018 2024 3074 Vens.
2056 3020 2145 3075 46.
2194 3038 2213 3069 ‹
2257 3020 2320 3074 Ει
2359 3020 2560 3086 effecit,
2596 3030 2655 3076 ut
2700 3021 3126 3077 misericordiam
3172 3037 3367 3079 conse-

1793 3120 2097 3182 querentur
2128 3127 2316 3167 coram
2355 3114 2612 3169 omnibus
2642 3114 2734 3184 qui
2765 3125 3023 3184 ceperant
3064 3120 3180 3171 eos.
3223 3135 3242 3169 ι
3277 3116 3371 3174 Sic

1791 3204 1990 3275 Cyrum
2014 3204 2296 3267 demulsit,
2326 3213 2380 3259 et
2412 3205 2479 3260 ad
2503 3206 2935 3261 misericordiam
2972 3207 3199 3275 inﬂexit,
3224 3218 3278 3265 et
3307 3220 3367 3266 ut

1792 3296 2020 3365 captivis
2056 3296 2361 3353 libertatem
2393 3299 2566 3362 daret,
2601 3298 2800 3354 eﬂecit.

1868 3409 2031 3466 Vens.
2059 3409 2150 3465 47.
2191 3429 2208 3462 ι
2244 3411 2436 3467 Salvos
2466 3428 2566 3467 nos
2599 3410 2703 3478 lae,
2725 3411 2954 3470 Domine
2987 3415 3126 3471 Deus
3159 3427 3366 3480 noster,

1793 3512 1844 3556 et
1875 3517 2143 3572 eongrega
2173 3518 2273 3557 nos
2299 3502 2366 3557 de
2397 3503 2708 3557 nationibus
2736 3519 2751 3559 :
2786 3512 2846 3558 ut
2874 3508 3233 3561 conliteamur
3265 3522 3366 3561 ιιι)⁴

1794 3591 1927 3644 mini
1946 3599 2039 3646 tuo
2066 3600 2273 3657 sancto,
2303 3601 2357 3644 et
2373 3592 2671 3659 gloriemur
2698 3593 2749 3644 in
2783 3593 2940 3648 laude
2965 3604 3074 3648 tua.
3112 3614 3133 3649 ι
3167 3596 3230 3651 Et
3260 3597 3372 3651 inec

1796 3684 2117 3740 ostendunt.
2154 3682 2471 3750 prophetam
2491 3682 2639 3751 ipsos
2663 3682 2876 3746 docere,
2912 3688 3186 3753 quomodo
3217 3703 3372 3757 opor-

1798 3781 1908 3827 teat
1939 3771 2107 3826 Deum
2142 3773 2381 3840 placare,
2411 3781 2464 3826 et
2494 3774 2779 3842 providam
2809 3774 2928 3843 ejus
2958 3791 3142 3830 curam
3174 3793 3369 3832 conse-

1795 3864 1913 3934 qui.
1944 3864 2012 3917 Et
2057 3863 2275 3917 divinus
2297 3864 2590 3933 Apostolus
2614 3864 2852 3918 futuram
2889 3863 3197 3921 Jtnlaaorum
3222 3870 3369 3924 salu-

1798 3965 2032 4026 tem‘per
2065 3955 2235 4009 Etiam
2264 3954 2577 4010 'l‘hesbitam
2610 3957 2827 4011 asserit.
2876 3978 2894 4009 ι
2930 3956 3139 4023 Veniet,
3172 3960 3370 4031 inquit,

1798 4066 1864 4103 ex
1899 4049 2064 4103 Sione
2088 4048 2179 4116 qui
2212 4048 2427 4119 eripiat,
2458 4057 2514 4103 et
2543 4056 2754 4102 avertat
2792 4049 3121 4120 impietatem
3156 4067 3183 4104 a
3212 4052 3375 4108 Jaco-

1797 4141 1870 4196 bo
1904 4159 1917 4195 :
1950 4150 2002 4196 et
2028 4140 2133 4195 hoc
2165 4139 2273 4195 illis
2301 4155 2329 4193 a
2365 4156 2453 4195 tne
2484 4149 2889 4205 testamentum,
2936 4158 3061 4198 cum
3095 4144 3375 4201 abstulero

1803 4243 2025 4304 peccata
2050 4248 2242 4288 eorum
2271 4243 2322 4288 ιι.
2363 4253 2381 4286 ι
2411 4230 2529 4287 Νοη
2550 4232 2713 4303 igitur
2741 4233 3153 4289 aediﬁcationem
3184 4238 3376 4293 llicro—

1806 4327 2028 4398 solymae
2054 4334 2372 4396 exspectare
2402 4334 2638 4396 Oportet,
2667 4328 2968 4383 secundum
2998 4328 3208 4384 fabulas
3241 4333 3375 4384 stul-

1807 4429 2010 4479 torum,
2041 4427 2096 4471 et
2132 4421 2337 4472 cultum
2378 4424 2393 4439 '
2419 4418 2721 4472 secundum
2759 4419 2954 4488 legem,
3005 4428 3058 4473 et
3106 4420 3371 4475 sacrificia

1807 4508 2039 4563 rationis
2078 4508 2340 4578 expertia,
2373 4518 2426 4562 et
2453 4509 2951 4574 circumcisionem,
2974 4520 3025 4565 et
3061 4512 3372 4576 sabbatum,

1808 4606 1863 4652 et
1912 4598 2235 4654 umbratiles
2271 4600 2617 4669 aspersiones
2660 4610 2784 4670 post
2830 4610 3077 4655 sanctum
3109 4601 3373 4670 baptisma

1811 4693 1954 4764 (haec
1982 4692 2128 4746 enim
2165 4692 2346 4745 omnia
2376 4691 2650 4746 ebriarnm
2688 4692 3027 4746 anicularum
3066 4703 3195 4746 sunt
3238 4692 3376 4746 deli-

1814 4782 2104 4851 ramenta),
2125 4783 2218 4837 Sed
2250 4783 2611 4843 vocationem,
2637 4792 2692 4837 et
2722 4784 2966 4838 veritatis
2986 4784 3376 4853 cognitionem,

1809 4884 1864 4929 et
1891 4874 2049 4928 tidem
2081 4875 2131 4927 in
2177 4872 2465 4927 Dominum
2504 4872 2811 4937 Christum,
2832 4883 2886 4930 et
2914 4874 3039 4930 novi
3071 4874 3375 4931 testamenti

1805 4965 2276 5022 constitutionem.

1216 5414 1447 5470 VARI£
1485 5415 1866 5473 LECTIONES
1905 5417 1992 5473 ET
2029 5418 2265 5479 NOTE.
2786 5486 2794 5491 .

190 5529 1051 5634 ::Ex2&ér.ﬂebr:ggntimlnl.'
1094 5529 1139 5563 ⁸⁸
1173 5534 1367 5634 βρρπ.
1443 5533 1563 5587 cod.
1615 5534 1634 5587 Ι
1692 5551 1714 5585 ι

1804 5536 2238 5634 λμηαὶτξυόμενοςὶ
2423 5537 2657 5634 Κύριος.
2690 5541 2881 5634 1‘Alltetst
2933 5549 3159 5634 anlc’xntn
3212 5539 3378 5634 I‘lebr.

124 5602 169 5635 '°
189 5601 232 5658 Τ
233 5600 632 5673 ἦς’δεήσεως
672 5600 891 5673 αὐτῶν.
956 5600 1119 5673 llebt‘.
1148 5600 1472 5673 AClantorem
1519 5620 1722 5673 eorum.

1830 5606 1994 5675 ﬂend.
2064 5607 2085 5675 l
2133 5605 2258 5659 ὑπό.
2336 5608 2382 5638 ⁷⁸
2430 5605 2555 5665 eod.
2606 5605 2630 5664 ἰ
2687 5612 2893 5675 ἐλέους.
2968 5609 3017 5646 ⁷³
3060 5613 3160 5666 Ἐκ
3211 5616 3370 5667 Σιὼν.

126 5668 347 5729 Δίκέία
379 5672 510 5728 cod.
545 5672 597 5723 1.
670 5670 717 5703 ⁷⁸
746 5674 973 5740 [lupa].
1000 5671 1119 5725 eod.
1148 5668 1169 5722 l
1205 5672 1271 5723 τὰ
1290 5671 1604 5741 ληρήματα.
1647 5672 1714 5729 PC

1806 5668 1941 5727 ἀλλὰ
1968 5674 2101 5730 ibid.
2130 5675 2376 5745 sequitur
2406 5678 2524 5734 καί.
