3822 6324
68 323 218 390 1737

1450 307 1532 369 ΙΝ
1568 304 1777 367 PSAL.
1806 302 1949 365 CVI.

3158 300 3304 361 1733

147 437 210 491 δ’.
255 453 276 488 t
304 429 720 501 Ἐπλανήθησαν
763 429 822 480 ὲν
870 428 936 496 τῇ
978 425 1171 505 ἐρήμῳ
1210 423 1267 476 ὲν
1297 421 1510 494 ἀνύδρῳ
1525 421 1593 475 ⁸⁸.
1628 437 1648 472 ι
1683 471 1686 479 ,

1833 414 1995 473 Vens.
2028 416 2080 471 4.
2120 435 2138 469 ι
2189 415 2524 474 Erraverunt
2569 415 2623 470 in
2656 398 2894 485 deserto,
2934 416 3030 474 ubi
3076 430 3184 474 non
3211 426 3339 475 erat"

63 525 192 581 Καὶ
246 519 502 577 Βαϐυλὼν
560 519 764 591 ἔρημος
819 517 912 569 καὶ
961 514 1188 585 ἄνυδρος
1215 529 1228 542 ·
1295 511 1501 585 ἔρημος
1545 511 1653 582 γὰρ

65 614 291 684 ὑπῆρχε
343 609 439 664 τοῦ
473 607 609 663 Θεοῦ
645 624 657 636 ·
713 606 808 660 καὶ
854 606 954 675 τῆς
1002 602 1377 674 πνευματικῆς
1412 600 1653 672 ἀρδείας,

64 702 327 758 δουλεῦον
355 700 561 771 ἐκείνῃ,
593 698 853 769 ἐστέρητο
879 692 986 751 τῶν
1008 695 1277 751 Ἰουδαίων
1309 694 1373 749 τὸ
1414 693 1653 764 πλῆθος

68 795 179 848 καὶ
208 797 256 847 οί
283 790 343 857 ἐξ
386 791 558 846 ὲθνῶν
605 789 1033 852 πεπιστευκότες
1076 786 1336 849 ὡσαύτως
1377 787 1436 839 ὲν
1463 786 1656 857 ἐρήμῳ

70 888 181 939 καὶ
210 884 423 957 ἀνύδρῳ
451 884 660 954 διῆγον,
708 880 901 934 ὲλπίδα
952 880 1027 951 μὴ
1077 878 1311 949 ἔχοντες,
1363 876 1460 931 καὶ
1509 874 1660 929 ἄθεοι

71 977 255 1043 ὄντες,
306 974 475 1044 φησὶν
523 974 554 1026 ὁ
605 972 745 1035 θεῖος
789 968 1132 1032 Ἀπόστολος.
1187 984 1210 1020 ι
1255 966 1406 1021 Ὁδὺν
1452 964 1662 1030 πόλεως

74 1047 511 1140 κατοικητηρίου
538 1068 640 1138 οὐχ
671 1059 849 1137 εὗρον.
886 1082 904 1115 ι
955 1061 1094 1118 Ούτε
1122 1060 1233 1132 γὰρ
1273 1058 1519 1114 Ἰουδαῖοι
1545 1059 1660 1110 δια-

77 1161 279 1228 φυγεῖν
303 1158 429 1220 τοὺς
458 1154 950 1226 ἀνδραποδίσαντας
977 1153 1177 1222 ἴσχυον,
1209 1151 1304 1204 καὶ
1330 1149 1430 1219 τὴν
1457 1147 1666 1202 οἰκείαν

78 1251 323 1322 πατρίδα
345 1247 675 1303 καταλαϐεῖν
692 1263 708 1279 σ
731 1245 855 1299 οὔτε
876 1247 926 1299 oi
951 1245 1010 1310 ἐξ
1030 1243 1198 1298 ἐθνῶν
1220 1242 1664 1310 πεπιστευκότες,

81 1343 199 1414 πρὸ
230 1343 325 1412 τῆς
354 1338 451 1394 τοῦ
502 1338 756 1409 Σωτῆρος
789 1336 1260 1408 ὲνανθρωπήσεως
1289 1333 1389 1405 τὴν
1434 1333 1529 1387 ἐπὶ
1567 1332 1667 1403 τὴν

81 1434 242 1487 Θείαν
272 1432 423 1485 πόλιν
467 1431 707 1499 ἄγουσαν
756 1422 916 1502 εὗρον
958 1428 1103 1481 ὀδόν.
1150 1425 1391 1480 Πόλινθθ·
1431 1422 1669 1479 ἐνταῦθα

84 1526 309 1600 νοητέον
336 1524 437 1597 τὴν
465 1521 670 1592 εύσεὸἦ
704 1519 1003 1575 πολιτείαν;

161 1705 225 1760 ε’.
269 1724 289 1758 ι
333 1703 632 1768 Πεινῶντες
674 1703 772 1757 καὶ
802 1701 1085 1773 διψῶντες,
1120 1700 1155 1771 ἡ
1204 1698 1355 1771 ψυχὴ
1401 1697 1580 1753 αὐτῶν
1610 1699 1669 1752 ἐν

1757 524 1918 581 aqua.
1954 527 1974 561 ι
2009 508 2077 565 Et
2103 509 2347 581 Babylon
2379 519 2498 567 erat
2530 510 2746 566 deserta
2776 520 2828 564 et
2857 510 2974 566 sine
3002 525 3145 580 aqua
3181 527 3196 564 :
3233 509 3334 565 de-

1759 609 1904 657 serta
1933 601 2080 658 enim
2121 611 2240 657 erat
2269 618 2300 657 a
2351 602 2483 667 Deo,
2518 612 2573 658 et
2621 602 2854 673 populus
2894 600 3209 657 Judteorum
3255 598 3337 656 illi

1760 692 2007 752 serviens
2050 693 2322 762 spirituali
2362 693 2677 765 irrigatione
2710 693 2952 762 privatus
2980 699 3123 747 erat.
3162 689 3231 745 Et
3258 686 3338 746 illi

1759 783 1851 852 qui
1882 798 1947 837 ex
1980 785 2231 853 gentibus
2257 785 2627 848 crediderunt,
2654 784 2906 839 similiter
2930 784 2986 838 in
3012 782 3334 850 solitudine,

1761 883 1816 931 et
1845 875 1900 930 in
1939 885 2083 931 terra
2129 876 2248 932 sine
2278 877 2433 947 faqua
2478 877 2648 932 vitam
2691 877 2979 948 degebant,
3016 893 3142 933 cum
3181 890 3337 946 spem

1763 972 1990 1028 minime
2034 971 2320 1035 haberent,
2361 980 2416 1025 et
2452 971 2606 1041 impii
2656 983 2862 1039 essent,
2901 980 2963 1027 ut
3009 973 3085 1027 ait
3119 971 3339 1027 divinus

1762 1060 2058 1137 Apostolus
2087 1102 2103 1119 .
2142 1084 2162 1117 ι
2189 1063 2348 1119 Viam
2399 1064 2635 1119 civitatis
2665 1065 2959 1121 habitaculi
2990 1065 3200 1137 1367
3228 1078 3339 1118 non

1765 1156 2141 1212 invenerunt:
2171 1171 2188 1204 ι
2239 1154 2350 1209 Nec
2381 1153 2525 1208 enim
2568 1152 2741 1209 Judaei
2775 1169 2891 1221 eos,
2935 1169 2967 1209 a
3014 1157 3215 1224 quibus
3250 1170 3344 1210 ca-

1766 1246 1904 1319 ptivi
1937 1245 2066 1301 facti
2100 1252 2249 1311 sunt,
2289 1243 2565 1300 declinare
2603 1251 2921 1314 potuerunt,
2963 1259 3130 1314 seque
3163 1244 3218 1298 in
3250 1259 3346 1313 pa-

1766 1341 1929 1396 triam
1983 1353 2142 1395 suam
2193 1338 2437 1408 recipere
2475 1356 2488 1391 :
2520 1352 2699 1408 neque
2734 1336 2772 1390 ii
2823 1335 2917 1407 qui
2969 1350 3035 1390 cx
3093 1335 3346 1405 gentibus

1769 1431 2136 1498 crediderunt,
2195 1438 2321 1484 ante
2353 1428 2656 1484 Salvatoris
2698 1428 3158 1492 incarnationem,
3201 1425 3346 1478 viam

1771 1522 1839 1579 ad
1867 1523 2109 1578 divinam
2135 1522 2416 1578 civitatem
2444 1521 2732 1576 ducentem
2763 1521 3112 1577 invenerunt.
3144 1517 3349 1574 Civitas

1771 1612 1860 1667 hic
1886 1611 2235 1682 intelligenda
2263 1619 2347 1666 est
2374 1611 2462 1680 pia
2491 1610 2856 1666 conversatio.

1842 1703 2006 1759 Vens.
2030 1701 2094 1757 Β.
2132 1723 2150 1755 ι
2193 1702 2512 1758 Esurientes
2542 1709 2597 1757 et
2625 1701 2894 1766 sitientes,
2930 1700 3113 1754 anima
3155 1713 3350 1755 eorum

84 1797 282 1860 αὐτοῖς
308 1794 573 1862 ἐξέλιπεν.
680 1794 841 1858 Θείας
868 1764 1399 1861 διδασκαλίαςίλιμδς
1430 1789 1526 1844 καὶ
1551 1786 1672 1843 τού-

1784 1797 1831 1850 in
1873 1796 2009 1866 ipsis
2039 1790 2258 1851 defecit.
2299 1813 2319 1846 ι
2362 1794 2567 1849 Divinae
2595 1792 2858 1848 doctrinae
2880 1764 3060 1847 Vfames
3085 1801 3139 1847 et
3168 1793 3268 1848 bos
3292 1798 3355 1857 α

83 1905 225 1951 τους
256 1888 545 1950 κάκείνους
578 1885 817 1950 ἐπίεζεν.
859 1884 1107 1939 Ἰουδαῖοι
1139 1883 1240 1954 μὲν
1270 1881 1381 1953 γάρ
1412 1882 1471 1937 ὲν
1498 1881 1677 1936 Βαθυ-

85 1979 228 2033 λῶνι
270 1978 631 2042 δουλεύοντες,
681 1977 775 2029 καὶ
828 1974 1020 2047 ἱερέων
1066 1975 1381 2044 ἐστέρηντο,
1434 1973 1530 2027 καὶ
1575 1971 1674 2043 τὴν

88 2069 242 2123 κατά
270 2070 431 2140 νόμον
455 2068 716 2138 λατρείαν
745 2065 988 2135 πληροῦν
1020 2064 1121 2117 ούκ
1163 2061 1448 2133 ἠδύναντο.
1501 2061 1584 2115 Τὰ
1617 2061 1676 2115 δὲ

90 2161 233 2230 ἔθνη
257 2160 419 2216 πάλιν
450 2156 575 2212 οὔτε
606 2157 772 2227 νόμον
801 2156 944 2209 θεῖον
972 2151 1240 2217 ὲδέδεκτο,
1278 2151 1403 2206 οὔτε
1432 2167 1678 2222 πνευμα-

90 2251 261 2320 τικῆς
288 2245 639 2308 διδασκαλίας
669 2243 941 2314 ἀπήλαυε,
989 2243 1058 2307 διῗ
1083 2236 1160 2297 ὧν
1200 2242 1259 2295 al
1296 2241 1471 2311 ψυχαὶ
1500 2240 1680 2309 πεφύ-

91 2358 234 2396 κασι
263 2338 584 2411 τρέφεσθαι.
617 2335 820 2390 Τοῦτον
847 2335 948 2405 μέν
976 2350 1059 2387 τοι
1089 2333 1182 2385 τὸν
1210 2332 1369 2403 λιμὸν
1408 2330 1681 2394 Ἰουδαίοις

92 2434 402 2507 ἠπείλησεν
436 2436 467 2487 ὁ
498 2431 661 2495 Θεός·
701 2450 720 2482 ι
743 2429 964 2497 Ἐπάεω
1000 2429 1129 2500 γάρ,
1161 2429 1291 2499 ἔφη,
1336 2427 1558 2498 λιμδν⁸⁹
1586 2428 1681 2483 ἐπὶ

93 2527 205 2598 τὴν
244 2526 368 2595 γῆν,
398 2524 459 2577 οὐ
491 2522 654 2595 λιμδν
703 2521 897 2592 ἄρτου,
927 2521 1051 2575 οὐδὲ
1084 2520 1243 2590 δίψαν
1289 2516 1506 2585 ὕδατος,
1546 2518 1684 2573 ἀλλά

95 2618 263 2689 λιμὸν
290 2615 386 2671 τοῦ
415 2613 650 2670 ἀκοῦσαι
682 2614 842 2683 λόγον
874 2613 1105 2684 Κυρίου.
1145 2630 1167 2665 ι

181 2715 259 2774 ς’.
304 2726 325 2760 ι
352 2709 479 2763 Καὶ-
509 2705 820 2778 ὲκέκραξαν
858 2705 998 2774 πρὸς
1043 2703 1250 2776 Κύριον
1284 2705 1343 2760 ὲν
1377 2704 1459 2777 τῷ
1504 2703 1684 2759 θλίϐε-

103 2802 238 2856 σθαι
274 2800 475 2863 αύτοὺς
503 2838 518 2865 ,
554 2799 648 2852 καὶ
676 2799 741 2851 ὲκ
779 2797 887 2851 τῶν
917 2795 1177 2864 ἀναγκῶν
1205 2795 1387 2850 αὐτῶν
1412 2795 1685 2867 ἐρρύσατο

102 2893 331 2956 αὐτούς.
369 2912 390 2944 ›
429 2890 553 2944 Τῶν
571 2891 619 2924 ⁸⁸
655 2890 755 2960 μὲν
793 2888 1068 2942 Ἰουδαίων
1101 2889 1151 2941 οί
1186 2887 1568 2960 εὐσεϐέστεροι
1607 2886 1687 2957 τῷ

101 2985 231 3056 Θεῷ
263 2985 362 3057 τὴν
412 2984 708 3038 ίκετείαν⁹¹
756 2982 1169 3053 προσήνεγκαν·
1213 2982 1308 3033 καὶ
1340 2979 1501 3033 τοῦτο
1534 2979 1686 3049 ἡμᾶς

1775 1886 1898 1941 illos
1920 1885 2220 1956 premebat.
2251 1883 2426 1940 Judaei
2459 1884 2607 1939 enim
2644 1882 2921 1954 Babylone
2950 1882 3271 1949 servientes,
3299 1894 3356 1937 et

1778 1974 2153 2031 sacerdotibus
2173 1975 2349 2029 orbati
2365 1980 2540 2039 erant,
2558 1982 2612 2029 et
2629 1973 2835 2028 cultum
2853 1974 3155 2029 secundum
3180 1974 3355 2045 legem

1778 2066 2040 2139 perlicere
2076 2066 2304 2121 minime
2335 2075 2607 2135 poterant.
2641 2064 2914 2119 Caeterum
2953 2071 3141 2135 gentes
3175 2080 3357 2133 neque

1779 2160 2019 2216 divinam
2047 2168 2366 2229 acceperant
2390 2158 2583 2228 legem,
2609 2172 2786 2228 neque
2808 2157 3080 2228 spirituali
3106 2157 3354 2213 doctrina
3420 2207 3432 2227 ε

1781 2249 2126 2314 fruebantur,
2155 2251 2356 2320 quibus
2386 2251 2584 2304 anima:
2613 2250 2813 2304 nutriri
2843 2250 3043 2305 solent.
3071 2247 3225 2305 Hanc
3257 2250 3363 2326 igi-

1783 2349 1871 2398 tur
1921 2341 2120 2397 famem
2168 2340 2376 2395 Judwis
2423 2341 2562 2396 Deus
2620 2340 2860 2395 minatus
2901 2350 3003 2396 est.
3052 2359 3071 2393 ι
3101 2339 3358 2395 luducam

1782 2431 1949 2496 enim,
1974 2433 2067 2496 ait,
2097 2429 2294 2484 famem
2324 2428 2716 2498 super‘terram
2756 2447 2771 2482 :
2805 2443 2914 2484 non
2943 2427 3141 2484 famem
3178 2429 3360 2499 panis,

1783 2537 1963 2592 neque
2011 2522 2157 2578 sitim
2202 2536 2387 2592 aquae,
2443 2520 2539 2577 sed
2588 2520 2787 2576 famem
2836 2519 3094 2576 audiendi
3133 2521 3363 2578 verbum

1784 2614 1881 2672 Dei
1906 2629 1951 2670 '.
1994 2635 2013 2669 ι
2828 2668 2829 2671 η

1858 2710 1877 2732 ⁶
1910 2708 2074 2762 Vens.
2101 2707 2156 2762 6.
2206 2726 2225 2759 ι
2273 2706 2338 2763 Ει
2367 2707 2742 2764 clamaverunt
2783 2706 2850 2761 ad
2897 2706 3189 2763 Dominum
3237 2720 3365 2762 cum

1786 2800 2198 2865 tribularentur,
2236 2808 2293 2854 et
2328 2814 2395 2855 ex
2426 2799 2697 2870 angustiis
2741 2814 2933 2855 eorum
2963 2800 3164 2871 eripuit
3189 2814 3304 2857 eos.
3341 2821 3361 2855 ι

1786 2888 2102 2945 Iudaeorum
2133 2891 2354 2962 quidem
2386 2891 2782 2963 religiosissimi
2808 2891 3013 2962 quique
3039 2890 3149 2946 Deo
3178 2904 3368 2961 preces

1789 2979 2125 3045 obtulerunt,
2166 2989 2221 3036 et
2250 2981 2359 3036 hoc
2397 2980 2634 3036 Danielis
2668 2994 2892 3051 quoque
2919 2980 3234 3037 vaticinatio
3270 2995 3370 3036 nos

102 3078 269 3133 atat"
292 3080 326 3148 ἡ
359 3075 455 3130 τοῦ
497 3075 698 3146 Δανιὴλ
727 3074 1042 3146 προφητεία
1077 3072 1341 3127 διδάσκει.
1379 3071 1491 3125 Καὶ
1523 3069 1686 3133 αὐτὸς

1791 3072 1952 3128 docet
1978 3073 2025 3128 ί.
2058 3072 2268 3126 Etenim
2311 3082 2363 3127 et
2389 3074 2525 3142 ipse,
2559 3082 2614 3128 et
2642 3073 2906 3139 Ananias,
2942 3082 2997 3129 et
3042 3074 3289 3138 Azarias,
3317 3084 3374 3129 et

100 3170 243 3239 γὰρ,
269 3170 362 3223 καλ⁵
395 3169 669 3233 Ἀνανίας,
704 3167 802 3220 καὶ
839 3164 1120 3234 Ἀζαρίας,
1152 3164 1250 3216 καὶ
1278 3161 1519 3232 Μισαὴλ,
1546 3159 1688 3231 ὑπὲρ

105 3266 335 3319 πάντων
364 3261 723 3331 ποτνιώμενοι
743 3297 758 3323 ,
793 3259 887 3314 τὸν
921 3257 1065 3311 θεῖον
1097 3256 1372 3327 ἐζήτησαν
1403 3253 1571 3309 ἔλεον.
1606 3252 1690 3306 Τά

106 3356 171 3409 δὲ
205 3353 337 3425 ἔθνη
367 3354 554 3407 ἔστενε
578 3352 676 3423 μὲν
695 3354 814 3415 ταῖς
843 3348 1218 3411 παντοδαπαῖς
1244 3347 1690 3419 προσπαλαίοντα

108 3445 427 3515 συμφοραῖς
456 3482 471 3506 ,
504 3442 598 3496 καὶ
629 3443 915 3511 οἰμωγαῖς,
951 3440 1045 3493 καὶ
1071 3439 1290 3510 θρήνοις
1319 3436 1690 3508 ἀπαραμυθή-

104 3551 230 3596 τοις
270 3535 591 3604 ἐκέχρηντο.
620 3532 721 3601 τῆς
749 3528 1096 3590 ἀναστάσεως
1127 3528 1228 3581 οὐκ
1250 3525 1442 3597 ἔχοντα
1470 3525 1574 3596 τὴν
1606 3524 1693 3589 ξλ-

108 3625 271 3690 πίδα,
302 3626 363 3679 οὐ
397 3624 554 3694 μὲν⁰⁸
583 3622 685 3693 τὴν
711 3619 868 3673 λύσιν
889 3619 1001 3672 τῶν
1035 3618 1377 3688 κατεχόντων
1405 3616 1596 3671 δεινῶν
1628 3616 1694 3670 ὲκ

108 3716 215 3771 τοῦ
248 3715 383 3770 Θεοῦ
416 3715 526 3768 τῶν
557 3714 693 3768 ὅλων
726 3710 1082 3783 ὲζήτησανθδ.
1124 3707 1250 3764 Εἷδε
1291 3710 1349 3764 δὲ
1386 3711 1537 3781 ὅμως
1574 3707 1696 3763 στέ-

110 3824 311 3871 νοντας
340 3809 368 3860 ὁ
394 3805 799 3879 φιλάνθρωπος,
822 3804 918 3859 καὶ
941 3803 1034 3858 τὺν
1056 3802 1206 3857 ἔλεον
1233 3800 1436 3873 ὤρεξεν
1447 3803 1514 3855 ³⁸.

196 3981 265 4045 ζ’.
302 4000 321 4033 ι
352 3982 465 4034 Καὶ
504 3980 793 4051 ὡδήγησεν
839 3979 1037 4044 αὐτοὺς
1070 3979 1151 4042 εἰς
1180 3976 1297 4032 δδδν
1326 3977 1564 4045 εὐθεῖαν,
1600 3977 1695 4032 τοῦ

1789 3163 1975 3220 Misael
2005 3180 2104 3235 pro
2137 3167 2395 3221 omnibus
2419 3175 2704 3236 precantes
2728 3167 2971 3221 divinam
3001 3167 3372 3238 efﬂagitabant

1788 3254 2243 3311 misericordiam.
2282 3257 2350 3307 At
2379 3264 2590 3326 gentes,
2622 3270 2749 3312 cum
2775 3257 2954 3312 omnis
2977 3258 3196 3328 generis
3219 3257 3372 3313 cala-

1789 3344 2073 3411 mitatibus
2124 3347 2507 3413 colluctantes,
2552 3346 2981 3417 ingemiscebant
3022 3348 3265 3419 quidem,
3319 3357 3374 3403 et

1790 3435 2086 3506 ejulatibus
2109 3436 2438 3508 ﬂetibusque
2476 3438 2815 3509 gravissimis
2843 3440 3157 3506 utebantur,
3191 3455 3376 3495 resur-

1791 3530 2056 3587 rectionis
2105 3544 2254 3599 spem
2301 3546 2410 3585 non
2464 3531 2726 3587 habentes
2764 3550 2778 3587 :
2826 3531 3203 3602 depulsionem
3244 3547 3376 3588 vero

1793 3609 2089 3688 malorum,
2122 3637 2153 3676 a
2182 3621 2390 3692 jquibus
2429 3622 2833 3691 detinebantur,
2866 3638 2902 3678 a
2944 3622 3058 3680 Deo
3089 3625 3376 3680 universo-

1793 3730 1915 3768 rum
1974 3728 2083 3767 non
2135 3713 2479 3781 expetebant.
2534 3710 2680 3766 Vidit
2732 3722 2916 3766 tamen
2974 3728 3069 3770 eos
3124 3714 3378 3783 lugentes

1799 3800 2017 3871 1368
2048 3799 2319 3870 benignus
2350 3800 2517 3868 Deus,
2568 3808 2624 3856 et
2665 3800 3073 3858 misericordem
3119 3816 3180 3858 se
3217 3803 3374 3859 exhi-

1795 3890 1934 3945 buit.

1867 3981 2035 4036 Vens.
2069 3980 2119 4034 7.
2184 3997 2205 4031 ι
2259 3980 2325 4035 Et
2363 3979 2588 4035 deduxit
2635 3994 2733 4037 eos
2770 3982 2828 4035 in
2863 3980 3006 4035 viam
3059 3990 3282 4051 rectam,
3319 3994 3381 4040 ut

118 4072 464 4143 πορευθῆναι
509 4075 590 4135 είς
637 4071 796 4124 πόλιν
848 4068 1296 4140 κατοικητηρίου.
1345 4088 1366 4123 ι
1423 4068 1686 4131 Ἰουδαίοις

1799 4071 1943 4125 irent
1976 4071 2031 4124 in
2065 4069 2338 4125 civitatem
2370 4070 2749 4127 habitationis.
2791 4090 2811 4125 ι
2846 4069 3050 4130 Iudaeis
3092 4075 3237 4129 enim
3285 4091 3382 4147 per

118 4165 228 4235 μὲν
253 4162 365 4232 γάρ
387 4161 479 4215 διὰ
504 4161 690 4232 Κύρου
714 4159 813 4214 τοῦ
831 4160 1043 4230 Πέρσου
1073 4159 1174 4230 τὴν
1197 4159 1460 4213 ἐπάνοδον
1488 4157 1686 4229 ἐδωρή-

1800 4161 2006 4234 Cyrum
2037 4164 2263 4218 Persam
2314 4162 2548 4219 reditum
2589 4164 2811 4220 donavit
2845 4183 2860 4219 :
2898 4175 3085 4234 gentes
3116 4182 3245 4222 vero
3287 4184 3383 4237 per

120 4269 295 4308 oa1:0°
340 4252 408 4306 τὰ
456 4254 508 4307 δὲ
546 4253 677 4321 ἔθνη
708 4251 799 4305 διά
827 4251 936 4305 τῶν
973 4251 1147 4319 ἁγίων
1195 4250 1535 4322 ὲποδήγησεν
1561 4250 1686 4302 ἀπο-

1802 4252 2183 4307 sanctissimos
2220 4251 2494 4321 apostolos
2529 4250 2775 4319 deduxit,
2811 4269 3213 4325 supernamque
3247 4257 3385 4312 civi-

121 4340 360 4406 στόλων,
397 4341 495 4395 καὶ
529 4340 628 4411 τὴν
658 4340 772 4393 ἀνω
803 4339 963 4393 πόλιν
994 4339 1266 4405 ὑπέδειξε,
1299 4340 1398 4411 τὴν
1430 4342 1489 4394 ὲν
1518 4338 1686 4410 δρεσιι

1804 4350 1970 4397 tatem
2011 4343 2083 4397 iis
2133 4342 2394 4410 ostendit,
2445 4357 2567 4413 qua:
2611 4330 2963 4400 fundamenta
3005 4345 3058 4398 in
3107 4347 3386 4403 montibus

119 4432 308 4502 ἁγίοις
330 4434 378 4466 ⁸⁸
407 4434 535 4496 τοὺς
568 4431 858 4503 θεμελίους
899 4430 1153 4502 ἔχουσαν,
1199 4427 1269 4503 ἧς
1310 4431 1564 4503 τεχνίτης
1608 4430 1686 4486 κα¹

1808 4434 2016 4490 sanctis
2050 4433 2238 4503 habet,
2263 4434 2422 4505 cujus
2444 4434 2641 4491 artifex
2676 4444 2732 4493 et
2751 4436 2935 4508 opifex
2968 4445 3050 4494 est
3080 4436 3242 4493 Deus.

114 4525 456 4596 δημιουργὸς
491 4527 522 4579 ὁ
551 4525 707 4588 Θεός.

195 4621 273 4685 η’.
313 4633 332 4666 ι
377 4613 1006 4685 Ἐξομολογησάσθωσαν
1031 4613 1111 4686 τῷ
1143 4613 1335 4685 Κυρίῳ
1358 4612 1428 4667 τά
1450 4612 1580 4684 ὲλὲη
1603 4613 1686 4666 αύ-

1880 4608 2047 4665 Vens.
2076 4609 2129 4665 8.
2159 4627 2178 4660 ι
2204 4607 2580 4665 Coniltcamur
2608 4609 2663 4664 in
2688 4609 2953 4669 honorem
2984 4609 3200 4666 Domini
3224 4610 3390 4665 mise-

117 4705 245 4769 τοῦ,
273 4706 370 4760 καὶ
402 4706 475 4760 τά
514 4706 797 4776 θαυμάσια
816 4705 989 4761 αὐτοῦ
1023 4708 1137 4769 τοῖς
1177 4707 1313 4768 υἱοῖς
1347 4704 1456 4759 τῶν
1494 4703 1686 4776 ἀνθρώ

1809 4700 2106 4756 ricordiam
2146 4700 2290 4770 ejus,
2327 4709 2382 4756 et
2408 4701 2677 4757 mirabilia
2722 4701 2842 4771 ejus
2874 4701 3016 4757 inter
3041 4703 3178 4758 lilios
3213 4701 3389 4756 homi-

118 4811 268 4849 πων.
299 4813 319 4847 ι
368 4795 426 4848 '0
460 4795 518 4848 δὲ
557 4796 854 4866 Σύμμαχος
895 4794 1099 4857 οὔτωςο
1143 4796 1255 4850 Καὶ
1301 4794 1377 4849 τὰ
1421 4793 1686 4863 τεράστιε

1812 4807 1969 4847 num.
2012 4812 2032 4844 ι
2073 4792 2435 4863 Symmachus
2477 4798 2656 4847 autem
2698 4792 2781 4847 sic
2823 4808 2837 4846 :
2873 4790 2944 4846 Et
2986 4795 3233 4863 prodigia
3275 4791 3389 4861 ejus

117 4885 318 4941 αὐτοῦ
346 4885 420 4941 τὰ
444 4889 534 4954 εἰς
566 4888 710 4954 τοὺς
745 4889 920 4956 υἱοὺς
947 4887 1069 4944 τῶν
1098 4887 1446 4956 ἀνθρώπων.
1470 4886 1576 4940 Τὸν
1607 4886 1686 4957 μὲι

1815 4900 1942 4955 erga
1966 4885 2106 4954 ﬁlios
2135 4885 2407 4939 hominum
2431 4880 2596 4938 edita.
2628 4881 2902 4954 Hymnum
2928 4900 3060 4941 sane
3090 4885 3390 4953 gratiarum

203 5096 229 5124 ι’
254 5084 277 5139 Ι
301 5083 496 5142 Thess.
526 5100 600 5152 tv,
632 5085 720 5140 12.

818 5092 842 5121 ι
868 5083 1037 5140 Amos
1087 5099 1207 5151 vni,
1237 5083 1322 5139 11.
1421 5087 1442 5121 ι
1480 5083 1616 5138 Dan.
1644 5096 1706 5138 tt.

1262 5236 1499 5293 YARIIE
1526 5234 1912 5294 LECTIONES
1952 5230 2040 5289 ΕΤ
2078 5233 2312 5291 NOTAE.

205 5375 256 5408 ⁸⁸
297 5375 398 5430 ’Er
443 5374 707 5445 ἀνύδρῳ.
748 5373 917 5430 Hebr.
975 5372 1043 5428 In
1087 5373 1374 5429 soluudine
1425 5376 1525 5428 vice
1561 5388 1607 5428 s.
1644 5373 1699 5427 in
1749 5387 1855 5442 qua
1890 5387 2000 5427 non
2029 5380 2113 5426 est
2146 5370 2265 5424 via.
2308 5367 2415 5422 Sed
2450 5366 2501 5420 οί
2552 5364 2604 5422 0'
2639 5380 2828 5423 vocem
3003 5366 3073 5424 ad
3109 5371 3396 5439 sequentia

118 5473 465 5532 retulerunt.
542 5470 610 5503 ἰδ’
643 5471 850 5525 Πόλιν.
882 5468 1007 5525 cod.
1050 5468 1078 5522 1
1122 5467 1250 5523 add.
1277 5468 1354 5522 δέ.
1431 5468 1477 5501 ⁸⁸
1507 5467 1686 5536 Λιμόν

1784 5467 1904 5520 best
1943 5480 1974 5519 a
2004 5462 2142 5536 cod.
2182 5463 2235 5517 1.
2313 5457 2531 5536 ⁸ο-Τῷν
2557 5457 2965 5536 -τμὲζήτησακ
3004 5460 3199 5536 Mser.
3261 5459 3392 5536 Des.

124 5529 280 5609 apud
313 5542 477 5597 ϐαι-(1.
506 5551 549 5595 t.
578 5538 664 5597 Ill.
699 5556 754 5609 p.
790 5541 914 5595 l8l.
992 5539 1051 5609 7"
1086 5540 1209 5609 cori.
1264 5539 1289 5592 1
1332 5529 1675 5609 ἱκετηρίανελ

1818 5537 1946 5589 Καί.
1988 5534 2156 5609 Abest
2209 5546 2252 5609 a_
2287 5530 2410 5609 cod.
2458 5530 2560 5609 i.__
2611 5529 2806 5609 ficod:
2840 5531 2863 5583 ‘l
2899 5531 3051 5609 μήν..
3104 5530 3177 5609 ,⁸³
3202 5532 3323 5609 cog.
3360 5532 3390 5589 1

125 5599 433 5737 ἐξῄτηάσαῖ.
513 5612 561 5643 ⁸⁸
611 5599 832 5666 Ἔλεον
862 5608 1105 5678 ὤρεξεν.
1138 5607 1236 5665 His
1273 5599 1520 5679 quaedam
1556 5606 1677 5678 subj

125 5699 190 5737 ιιι
223 5699 290 5737 co
331 5721 347 5735 .
417 5726 431 5737 .

1784 5614 1924 5662 Intur
1946 5603 2088 5675 apud
2112 5601 2279 5660 Cord.
2317 5602 2356 5657 l.
2388 5615 2438 5657 c.
2512 5599 2561 5633 "
2613 5601 2709 5657 Ἐν
2766 5600 2972 5669 ὄρεσιν
2997 5600 3226 5670 ariam.
3262 5599 3402 5656 Des.

124 5699 190 5740 υι
223 5699 347 5738 ροα.
380 5699 404 5735 ‘l
417 5726 431 5739 .

425 5732 699 5839 mmet.
736 5771 851 5833 Gn.
888 5764 1123 5830 LXXX.

2585 5836 2591 5843 ,
2999 5761 3074 5828 55
