3890 6320
445 305 578 368 1'30

1449 293 1936 358 TllEODORET‘I
1970 289 2313 352 EPISCOPI
2367 291 2747 352 'CYRENSIS

3566 299 3709 364 1740

442 416 675 473 actionis
731 429 839 470 non
893 407 1272 465 misericordia
1323 405 1432 461 Deo
1483 406 1661 470 oll‘crt,
1715 422 1814 460 nec
1859 406 2022 460 ctiam

2139 422 2206 459 τοι
2237 407 2594 476 χαριστήριον
2634 403 2802 474 ὕμνον
2842 403 2940 473 ούχ
2976 406 3003 456 ὁ
3037 403 3183 468 ἕλεος
3212 405 3289 477 τῷ
3318 407 3435 478 Θεῷ
3465 413 3709 480 προςφέ-

440 510 736 570 mirabilia,
762 505 852 560 scd
879 503 914 556 ii
947 501 1039 571 qui
1069 509 1146 553 tot
1177 500 1314 553 bona
1347 505 1726 568 perceperunt.
1754 497 1888 550 Nam
1923 497 2020 550 ad-

2124 514 2226 568 ρει,
2263 497 2388 548 οῦτε
2420 495 2518 566 μὲν
2532 497 2576 527 ⁸³⁷
2629 495 2697 547 τά
2723 494 3030 564 θαυμάσια,
3073 496 3187 548 ἀλλ’
3214 499 3263 549 οί
3287 499 3395 551 τῶν
3427 499 3708 554 τοσούτων

444 599 711 655 mirabilis
745 594 985 664 quidem,
1019 600 1073 644 et
1109 587 1470 643 admiratione
1501 589 1662 658 digna
1708 586 2020 642 Judrnorum

2139 587 2347 656 ίιγαθῶν
2372 586 2803 650 ἀπολαύσαντες.
2826 587 3130 656 Θαυμαστὴ
3164 590 3262 659 μὲν
3293 592 3405 661 γάρ
3452 593 3547 646 καὶ
3588 595 3706 657 ἀξι-

443 696 665 748 linertas
693 687 796 740 fuit
833 701 846 737 :
881 683 976 738 sed
1020 682 1178 750 longe
1220 680 1618 742 admirabilior,
1649 691 1701 733 et
1731 680 1877 733 omni
1923 679 2022 732 ad-

442 782 731 839 miratione
752 777 990 848 dignior,
1014 775 1164 828 orbis
1187 772 1359 837 salus,
1383 781 1437 826 et
1463 773 1694 826 mutatio
1719 773 1771 825 in
1803 771 2020 836 melius,

445 872 756 939 errorisque
803 865 1058 927 cessatio,
1108 874 1160 917 et
1201 863 1446 917 veritatis
1495 862 1758 932 cognitio.
1815 861 2020 914 llorum

445 976 626 1018 autem
691 959 933 1013 omnium
1004 956 1190 1010 divina
1247 953 1626 1007 misericordia
1682 951 2024 1007 conciliatrix

445 1056 566 1108 fuit.
615 1072 633 1103 ι
677 1051 794 1104 Non
852 1049 999 1104 enim
1061 1055 1282 1116 propter
1318 1045 1562 1114 justitias
1608 1055 1846 1108 nostras,
1890 1056 2026 1112 quas

447 1145 700 1206 fecimus,
741 1150 798 1194 ut
844 1140 922 1193 ait
956 1138 1171 1192 divinus
1206 1135 1519 1205 Apostolus,
1578 1134 1671 1188 sed
1727 1135 2023 1188 secundum

445 1238 673 1291 nmltam
723 1246 877 1288 suam
919 1227 1356 1282 misericordiam
1403 1227 1582 1281 salvos
1631 1239 1731 1280 nos
1762 1224 1888 1278 fecit
1935 1240 2028 1293 per

449 1331 725 1382 lavacrum
776 1319 1224 1390 regenerationis,
1265 1331 1318 1372 et
1371 1316 1740 1372 renovationis
1790 1315 2026 1386 Spiritus

443 1416 647 1478 sant-ti,
683 1427 845 1483 quem
886 1409 1078 1464 elIudit
1105 1409 1156 1461 in
1188 1423 1286 1463 nos
1316 1407 1594 1462 abunde“.
1629 1426 1648 1457 ι

521 1506 687 1561 Vens.
719 1505 771 1568 9,
800 1502 886 1556 10.
923 1520 940 1554 ι
971 1499 1242 1566 Quoniam
1274 1498 1494 1552 satiavit
1517 1497 1756 1551 animam
1785 1496 2025 1563 inanem,

446 1609 501 1655 et
532 1601 768 1653 animam
800 1595 1128 1649 esurientem
1173 1590 1414 1660 implevit
1457 1590 1637 1644 bonis.
1677 1587 1938 1644 Sedentos
1972 1588 2028 1641 in

450 1690 689 1745 tenebris
735 1694 789 1742 et
834 1685 1024 1740 umbra
1057 1683 1270 1748 mortis,
1324 1682 1536 1737 vinctos
1578 1681 1924 1736 mendicitate
1975 1689 2030 1734 et

449 1783 618 1840 ferro.
669 1799 687 1830 ι
732 1778 794 1830 Et
820 1775 1042 1832 Judaeos
1085 1773 1338 1830 servituti
1376 1781 1728 1826 etaerummae
1757 1771 2026 1837 addictos,

449 1882 506 1925 et
534 1871 677 1924 fatue
705 1868 1010 1931 confectos,
1056 1880 1085 1918 a
1135 1865 1293 1918 malis
1345 1863 1558 1933 1369
1590 1863 1789 1932 quibus
1817 1861 2029 1916 detine-

454 1965 652 2016 bantur
683 1959 951 2020 liberavit,
988 1965 1041 2010 ct
1072 1964 1238 2009 totam
1283 1955 1565 2008 hominum
1613 1961 1862 2006 naturam
1895 1951 2031 2006 divi-

453 2056 540 2108 nis
570 2051 834 2107 doctrinis
865 2049 1020 2110 aluit,
1051 2057 1104 2102 et
1135 2047 1202 2100 ab
1232 2045 1554 2116 ignorantiae
1579 2045 1812 2114 caligine
1836 2043 2031 2098 libera-

453 2157 583 2210 tam,
619 2143 826 2198 lumine
864 2141 1060 2194 divina:
1098 2138 1432 2208 cognitionis
1468 2134 1786 2198 illustravit,
1813 2137 1830 2156 ¹
1865 2143 1920 2187 et
1947 2137 2031 2186 in-

383 2229 392 2240 ’
453 2239 796 2287 (ξιιιιιιιοιιιειιι
846 2229 1040 2284 mortis
1088 2227 1336 2281 umbram
1369 2225 1650 2288 discussit,
1699 2238 1822 2278 cum
1853 2236 2034 2277 resur-

456 2325 710 2380 rectionis
769 2337 921 2391 spem
989 2321 1266 2384 dedisset,
1345 2327 1400 2371 et
1465 2315 1762 2372 fortissima
1825 2313 2032 2384 peccati

455 2416 671 2470 vincula
702 2414 954 2482 disrupit.
995 2430 1014 2463 ι
1056 2409 1445 2478 Unusquisque
1473 2408 1644 2470 enim,
1668 2407 1865 2476 inquit,
1903 2419 2033 2460 suo-

456 2524 577 2562 rum
611 2515 956 2576 peccatorum
1005 2503 1212 2556 catenis
1243 2500 1600 2569 stringitur".
1641 2518 1660 2550 ι
1718 2498 1781 2551 Ει
1817 2515 1829 2550 :
1877 2515 1894 2548 ι
1943 2495 2034 2551 Va:

455 2601 562 2652 illis
585 2599 678 2668 qui
721 2612 818 2651 sua
852 2608 1072 2664 peccata
1105 2593 1267 2647 veluti
1312 2593 1476 2660 longo
1507 2589 1752 2645 funiculo
1785 2588 2030 2651 trahunt,

453 2698 508 2745 ct
539 2700 799 2759 tanquam
837 2688 953 2741 loro
978 2684 1094 2755 jugi
1139 2682 1389 2754 iuvencae
1417 2681 1734 2752 iniquitates
1763 2694 1892 2735 suas
1914 2686 1966 2733 ι.
2008 2695 2027 2729 ι

524 2873 693 2929 Vens.
729 2871 815 2935 ll,
842 2867 928 2923 1‘2.
965 2886 983 2919 ι
1016 2867 1154 2933 Quia
1175 2865 1636 2921 exacerbavcrunt
1664 2863 1882 2934 eloquia
1913 2863 2030 2929 Dei,

455 2976 511 3022 et
541 2963 832 3019 consilium
875 2958 1141 3015 Altissimi
1180 2957 1552 3011 irritaverunt.
1587 2954 1654 3010 Et
1685 2956 2032 3010 ltumiliatum

2124 679 2356 746 άγαστος
2388 681 2480 732 καὶ
2513 679 2776 732 Ἰουδαίων
2806 678 3088 749 ἐλευθερία
3109 699 3120 711 ’
3145 681 3624 753 θαυμασιωτέρα⁹⁸
3648 685 3709 738 δὲ

2124 771 2219 822 καὶ
2243 769 2686 839 ἀξιαγαστοτέρα
2720 771 2818 842 τῆς
2847 771 3176 842 οἰκουμένης
3222 775 3256 843 ἡ
3299 775 3564 842 σωτηρία,
3608 778 3707 828 καὶ

2124 861 2158 928 ή
2205 860 2296 912 ἐπὶ
2341 859 2402 912 τὸ
2454 863 2702 930 κρεῖττον
2753 861 3063 931 μεταὸολή,
3128 863 3222 915 καὶ
3265 863 3362 932 τῆς
3415 864 3626 935 πλάνης
3671 867 3707 934 ἡ

2127 951 2340 1016 παῦλα,
2377 951 2594 1020 καὶτῆς
2620 951 2874 1022 ἀληθείας
2904 954 2937 1022 ή
2966 953 3189 1020 γνῶσις.
3217 955 3436 1008 Τούτων
3475 957 3531 1008 δὲ
3562 961 3708 1010 πάν-

2125 1058 2235 1096 των
2275 1045 2302 1096 ὁ
2337 1041 2480 1106 θεῖος
2526 1043 2786 1112 πρόξενος
2829 1043 2998 1107 ἔλεος.
3034 1063 3052 1096 ι
3092 1046 3167 1096 Οὑ
3210 1045 3332 1114 γὰρ·
3357 1047 3448 1100 διὰ
3488 1049 3585 1111 τὰς
3623 1032 3710 1102 δί-

2128 1136 2426 1198 καιοσύνας
2463 1135 2640 1206 ήμῶν,
2669 1135 2733 1199 ἃς
2765 1137 3102 1207 ἐποιήσαμεν
3121 1139 3189 1203 ⁹⁹,
3231 1139 3428 1207 φησὶν¹
3482 1143 3510 1192 ό
3560 1140 3706 1204 θεῖος

2141 1227 2500 1291 ’Δπόστολος,
2525 1227 2665 1281 άλλά
2692 1227 2833 1281 κατὰ
2859 1227 2920 1280 τὸ
2950 1227 3085 1282 πολὺ
3113 1228 3260 1291 ἔλεος
3295 1230 3460 1282 αὑτοῦ
3496 1231 3706 1284 ἔσωσεν

2127 1320 2278 1388 ἡμᾶς
2303 1319 2391 1372 διὰ
2413 1319 2639 1388 λουτροῦ
2665 1318 3103 1386 παλιγγενεσίας,
3154 1321 3248 1373 καὶ
3281 1321 3706 1386 ἀνακαινώσεως

2129 1404 2450 1476 Πνεύματος
2475 1407 2657 1475 ἁγίου,
2698 1400 2759 1458 οῦ
2797 1407 3012 1476 ἐξέχεεν
3043 1407 3130 1478 ἐφ’
3160 1411 3310 1478 ἡμᾶς
3349 1410 3637 1473 πλουσίως.
3683 1433 3702 1464 ι

2199 1495 2267 1563 θ’,
2298 1496 2348 1550 ι’.
2387 1497 2544 1551 «Ὅτι
2577 1498 2841 1568 ὲχόρτασε
2885 1499 3066 1570 ψυχήν
3110 1502 3273 1570 κενὴν
3291 1503 3335 1565 ',
3370 1504 3463 1556 καὶ
3487 1499 3710 1575 dumb.

2132 1586 2410 1640 πεινῶσαν
2441 1587 2740 1658 ἐνέπλησεν
2764 1589 3008 1656 ἀγαθῶν.
3043 1591 3403 1662 Καθημένους
3430 1595 3490 1645 ὲν
3524 1595 3710 1647 σκότει

2129 1678 2226 1731 καὶ
2255 1679 2382 1748 σκιᾷ
2425 1677 2676 1742 θανάτου,
2708 1679 3121 1749 πεπεδημένους
3154 1682 3213 1732 ὲν
3240 1682 3481 1751 πτωχείᾳ
3509 1685 3602 1736 καὶ
3629 1701 3714 1736 σι-

2129 1771 2300 1842 δήρῳ.
2332 1788 2351 1820 ι
2384 1769 2494 1823 Kal.
2535 1770 2862 1834 ’Ῑουδαίουςδ
2898 1771 3113 1841 δουλείᾳ
3151 1772 3246 1825 καὶ
3268 1776 3538 1844 κακουχίᾳ
3579 1792 3714 1828 συν-

2129 1859 2519 1930 εζευγμένους,
2551 1860 2644 1912 καὶ
2668 1859 2815 1930 λιμῷ
2846 1861 3206 1930 τηκομένους,
3225 1863 3336 1917 τῶν
3365 1867 3713 1934 κατεχόντων

2127 1949 2316 2003 δεινῶν
2349 1947 2730 2018 ἠλευθέρωσε·
2768 1950 2864 2002 καὶ
2889 1950 3111 2003 ἃπασαν
3143 1949 3448 2022 ἀνθρώπων
3478 1952 3578 2022 τὴν
3601 1953 3708 2021 φύ-

2132 2056 2216 2093 σιν
2238 2042 2356 2102 ταίς
2385 2039 2558 2102 θείαις
2585 2039 2958 2104 διδασκαλίαις
2992 2041 3266 2111 διέθρεψε,
3301 2043 3511 2096 καὶτοῦ
3540 2044 3713 2112 ζόφου

2128 2132 2230 2202 τῆς
2262 2132 2487 2199 ἀγνοίας
2527 2131 2934 2203 ἐλευθερώσας,
2965 2132 3044 2202 τῷ
3074 2133 3214 2200 φωτὶ
3253 2133 3354 2202 τῆς
3379 2133 3716 2198 θεογνωσίας

2129 2224 2480 2295 κατηύγασε,
2507 2226 2603 2280 καὶ
2627 2225 2727 2295 τὴν
2770 2225 3127 2294 ἐπικειμένην
3155 2226 3251 2278 τοῦ
3283 2226 3516 2280 θανάτου
3549 2227 3716 2280 σκιὰν

2131 2318 2476 2372 ἀπεσκέδασε
2496 2357 2513 2381 ,
2550 2321 2650 2388 τῆς
2688 2318 3040 2380 ἀναστάσεως
3072 2317 3322 2382 δεδωκὼς
3351 2317 3450 2390 τὴν
3484 2319 3677 2372 ἐλπίδα

2129 2409 2224 2462 καὶ⁹
2253 2409 2508 2480 διέρρηξε
2537 2410 2604 2464 τὰ
2635 2411 2830 2481 ισχυρά
2859 2411 2961 2479 τῆς
2991 2411 3268 2480 ἁμαρτίας
3293 2411 3488 2479 δεσμά.
3534 2430 3552 2462 ι
3590 2412 3717 2464 Σει-

2132 2501 2254 2570 ραῖς
2281 2499 2412 2570 γὰρ,
2437 2500 2592 2570 φησὶ,
2619 2500 2728 2553 τῶν
2761 2499 2953 2553 ἑαυτοῦ
2990 2501 3443 2573 ἁμαρτημάτων⁸
3479 2501 3715 2564 ἕκαστος

2133 2591 2447 2659 σφίγγεται.
2475 2609 2495 2641 ι
2527 2591 2665 2644 Καί’
2703 2608 2722 2641 ι
2749 2591 2886 2643 Οὐαὶ
2918 2593 2968 2644 οἱ
3003 2590 3376 2660 ἐπισπώμενοι
3405 2590 3504 2654 τὰς
3530 2593 3716 2662 ἀμαρ-

2132 2680 2252 2745 τίας
2281 2679 2460 2734 αὐτῶν
2490 2679 2569 2743 ώς
2605 2680 2826 2750 σχοινίῳ
2849 2678 3066 2751 μακρῷ,
3100 2681 3197 2735 καὶ
3221 2680 3298 2744 ὡς
3327 2680 3496 2749 ζυγοῦ
3526 2683 3716 2752 ἱμάντι

2132 2769 2421 2841 δαμάλεως
2455 2769 2554 2834 τὰς
2583 2769 2814 2840 ἀνομίας
2843 2771 3048 2825 αὐτῶν.
3093 2789 3112 2823 ι

2206 2868 2294 2925 ια’,
2331 2859 2420 2930 ιβ’.
2456 2879 2474 2912 ι
2511 2861 2634 2914 ’ὐτι
2682 2860 3104 2933 παρεπίκραναν
3133 2861 3202 2915 τὰ
3239 2860 3396 2929 λόγια
3429 2859 3524 2914 τοῦ
3551 2861 3712 2926 Θεοῦ,

2135 2954 2229 3007 καὶ
2265 2953 2364 3024 τὴν
2400 2952 2598 3024 βουλὴν
2638 2951 2730 3006 τοῦ
2771 2952 3029 3024 Ὑψίστου
3061 2953 3404 3024 παρώξυναν.
3446 2955 3559 3008 Καὶ
3590 2956 3716 3008 ἐτα-

455 3062 539 3108 cst
570 3051 848 3107 laboribus
885 3063 984 3106 eor
1031 3062 1258 3112 eorum;
1306 3044 1571 3099 intirmati
1621 3053 1770 3108 sunt,
1805 3059 1904 3098 nec
1934 3042 2034 3096 fuit

2139 3042 2378 3114 πεινώθη
2395 3045 2416 3076 ⁸
2442 3046 2498 3097 ὲν
2531 3045 2720 3108 κόποις
2742 3046 2776 3114 ἡ
2800 3043 2999 3113 καρδία
3027 3045 3206 3098 αὐτῶν
3225 3063 3236 3077 ·
3258 3045 3594 3115 ἠσθένησαν,
3621 3046 3716 3098 καὶ

458 3144 554 3214 qui
593 3143 898 3211 adiuvaret.
935 3159 953 3191 ι
990 3137 1194 3192 llarum
1241 3143 1424 3188 autem
1456 3133 1702 3189 omnium
1754 3132 2035 3188 calamita-

459 3243 572 3286 tum
601 3229 824 3292 Judzcis,
857 3236 1022 3296 atque
1058 3227 1220 3279 etiam
1260 3224 1516 3278 omnibus
1545 3223 1880 3286 hominibus,
1909 3237 2034 3292 pec-

459 3333 643 3380 catum
676 3335 842 3376 causa
866 3318 986 3372 fuit.
1014 3316 1148 3370 Nam
1173 3325 1226 3369 et
1253 3316 1329 3369 illi
1368 3329 1555 3384 poenas
1584 3313 1903 3384 pendentes,
1937 3312 2038 3366 Ba-

461 3413 810 3486 byloniorum
854 3407 1106 3464 servituti
1151 3405 1333 3460 traditi
1378 3406 1530 3459 fuere
1578 3423 1588 3456 :
1629 3414 1682 3458 et
1723 3419 1911 3459 omnes
1940 3404 2039 3457 lio-

461 3506 660 3569 mines,
734 3511 859 3572 post
917 3497 1172 3568 prmcepti
1227 3495 1734 3566 transgressionem,
1790 3495 2037 3548 laborum

462 3594 702 3652 miseriis
739 3590 962 3648 obnoxii
1012 3589 1255 3644 fuerunt.
1314 3587 1446 3642 Post
1490 3587 1606 3642 haec
1638 3585 1782 3640 cnim
1835 3584 2042 3638 audivit

461 3685 678 3740 Adam:
719 3703 738 3736 ι
778 3683 1062 3738 Maledicta
1102 3690 1245 3736 terra
1294 3679 1348 3733 in
1380 3678 1636 3748 operibus
1689 3677 1816 3740 tuis,
1852 3678 2040 3746 spinas

459 3787 515 3831 et
546 3775 778 3831 tribulos
805 3770 1134 3844 germinabit
1159 3769 1278 3824 tibi.
1302 3769 1360 3822 In
1386 3767 1667 3822 doloribus
1701 3767 1949 3821 comedes
1972 3781 2039 3820 ex

461 3882 524 3922 ca
560 3865 772 3921 cunctis
801 3863 994 3919 diebus
1040 3861 1162 3916 vita:
1193 3868 1342 3916 tum:
1379 3859 1433 3912 in
1481 3858 1680 3914 sudore
1725 3858 1910 3913 vultus
1960 3855 2039 3910 tui

463 3959 699 4014 vesceris
748 3971 886 4026 pane
915 3964 1029 4019 tuo,
1063 3955 1240 4008 donec
1285 3951 1579 4007 revertaris
1624 3949 1689 4004 ad
1725 3958 1947 4012 terram,
1975 3948 2042 4002 de

461 4063 569 4119 qua
601 4056 852 4117 sumptus
890 4062 970 4112 es,
1019 4045 1280 4115 quoniam
1330 4054 1474 4098 terra
1518 4057 1600 4109 es,
1655 4048 1710 4095 et
1751 4041 1806 4094 in
1839 4049 2041 4094 terram

463 4138 754 4194 reverteris
778 4146 828 4190 1.
863 4157 881 4190 ›
920 4137 1148 4192 Talibus
1176 4134 1580 4190 calamitatibus
1605 4132 1794 4196 cincti,
1819 4130 2045 4186 solutio-

465 4245 588 4284 nem
648 4229 852 4283 nullam
894 4228 1298 4282 imminentium
1347 4227 1612 4280 malorum
1657 4224 1980 4279 invenerunt
2024 4239 2039 4274 :

466 4321 558 4375 sed
593 4320 703 4383 ille,
739 4320 833 4390 qui
871 4321 1022 4374 hisce
1053 4319 1212 4372 malis
1244 4317 1344 4369 bos
1371 4316 1596 4381 addixit,
1631 4314 1746 4384 ipse
1778 4315 1942 4369 etiam
1973 4312 2043 4366 li-

465 4411 798 4469 berationem
832 4411 903 4466 ab
934 4411 1023 4465 his
1057 4409 1286 4478 largitus
1316 4417 1418 4462 est.
1449 4407 1539 4462 Sic
1569 4407 1713 4462 enim
1745 4407 1821 4470 ait
1847 4423 1861 4458 :

539 4583 705 4640 Vsus.
739 4584 827 4648 15,
867 4581 954 4638 14.
1001 4599 1021 4632 ‹
1055 4579 1121 4634 Et
1153 4581 1365 4651 1370
1393 4582 1768 4635 elamaverunt
1813 4581 1878 4635 ad
1931 4580 2038 4636 Do-

462 4679 677 4729 minum
719 4689 844 4728 cum
880 4673 1299 4738 tribularentur,
1339 4685 1392 4726 et
1441 4689 1506 4726 ex
1554 4673 1820 4742 angustiis
1849 4689 2038 4729 eorum

467 4765 716 4821 liberavit
766 4779 882 4819 eos.
925 4762 992 4817 Et
1035 4762 1222 4818 eduxit
1265 4779 1358 4818 eos
1405 4779 1434 4818 e
1478 4764 1716 4819 tenebris
1759 4775 1812 4820 et
1849 4766 2042 4821 umbra

466 4856 682 4922 mortis,
701 4863 752 4910 et
778 4854 994 4909 vincula
1013 4868 1202 4908 eorum
1222 4854 1478 4925 disrupit.
1511 4875 1528 4908 ι
1567 4854 1856 4913 Miseratus
1891 4859 2038 4914 enim

460 4964 491 5003 e
548 4947 648 5002 bos
679 4954 736 5001 et
773 4945 916 5011 illos,
965 4945 1066 5000 bos
1092 4944 1314 5014 quidem
1354 4962 1420 5001 ex
1454 4947 1898 5017 impendentibus
1929 4951 2040 5006 eri-

542 5154 572 5182 ιι
591 5141 697 5197 Tit.
723 5157 804 5208 tu,
838 5143 895 5209 5,
928 5143 980 5196 6.

2135 3135 2237 3188 οὐκ
2262 3131 2332 3205 ἦν
2358 3137 2385 3188 ὁ
2417 3134 2650 3206 βοηθῶν.
2691 3154 2709 3187 ι
2749 3135 2968 3189 Τούτων
3010 3137 3068 3190 δὲ
3098 3136 3314 3190 πάντων
3354 3138 3565 3191 αἴτιον⁷
3607 3138 3717 3190 τῶν

2135 3225 2424 3293 ἀλγεινῶν,
2459 3227 2552 3278 καὶ
2589 3226 2864 3291 Ἰουδαίοις
2887 3265 2903 3290 ,
2940 3229 3034 3280 καὶ
3067 3230 3247 3298 μέντοι
3291 3229 3386 3284 καὶ
3415 3232 3582 3284 πᾶσιν
3620 3231 3717 3284 ἀν-

2138 3315 2380 3387 θρώποις
2407 3358 2422 3383 ,
2472 3318 2506 3387 ή
2554 3317 2832 3388 ἁμαρτία·
2869 3319 3112 3372 κάκεῖνοι
3146 3321 3254 3390 γὰρ
3281 3321 3441 3384 δίκας
3477 3321 3718 3384 τίνοντες

2138 3407 2464 3477 ἐξεδόθησαν
2489 3410 2554 3479 τῇ
2586 3408 2948 3463 Βαϐυλωνίων
2971 3410 3225 3481 δουλείᾳ·
3259 3412 3354 3466 καὶ
3391 3414 3596 3476 πάντες
3623 3415 3719 3468 άν-

2139 3499 2370 3570 θρωποι,
2391 3500 2528 3570 μετὰ
2548 3498 2649 3569 τὴν
2678 3499 2990 3570 παράϐασιν
3016 3501 3114 3570 τῆς
3139 3502 3379 3573 ἐντολῆς,
3399 3503 3718 3574 ὑπεϐλήθη-

2143 3608 2239 3645 σαν
2289 3595 2356 3664 τῇ
2405 3591 2517 3645 τῶν
2563 3592 2742 3645 πόνων
2782 3591 3150 3663 ταλαιπωρίᾳ..
3193 3593 3355 3648 Μετὰ
3393 3594 3570 3648 ταῦτα
3609 3596 3719 3666 γάρ

2141 3684 2376 3755 ήκουσεν
2412 3682 2604 3752 Ἀδὰμ,
2627 3703 2647 3734 ‹
2670 3684 3107 3754 Ἐπικατάρατος
3137 3685 3170 3753 ή
3199 3683 3272 3753 γῆ
3305 3685 3364 3737 ἐν
3389 3688 3505 3748 τοῖς
3533 3684 3716 3755 ἔργοις

2146 3791 2261 3842 σου,
2289 3775 2536 3838 ἀκάνθας
2562 3776 2659 3829 καὶ
2686 3775 2968 3845 τριϐόλους
2993 3776 3242 3829 ἀνατελεῖ
3269 3778 3408 3842 σοιδ,
3433 3779 3492 3832 ὲν
3524 3778 3719 3842 λύπαις

2143 3866 2294 3937 φάγῃ
2327 3866 2499 3937 αὐτὴν
2548 3868 2730 3930 πάσας
2776 3867 2875 3930 τὰς
2905 3867 3120 3938 ἡμέρας
3153 3867 3253 3938 τῆς
3296 3867 3444 3937 ζωῆς
3495 3885 3619 3923 σουο
3659 3871 3718 3920 ἐν

2143 3957 2328 4029 ίδρῶτι
2353 3957 2448 4011 τοῦ
2485 3957 2780 4028 προσώπου
2809 3975 2905 4012 σου
2945 3960 3096 4031 φάγῃ
3133 3959 3225 4013 τὸν
3261 3959 3428 4030 ἄρτον
3466 3978 3582 4024 σου,
3613 3960 3718 4024 ἕως

2142 4047 2238 4101 τοῦ
2277 4048 2621 4119 ἀποστρέψαι
2667 4066 2726 4102 σε
2755 4051 2836 4113 εἰς
2876 4049 2973 4121 τὴν
2999 4050 3104 4119 γῆν
3145 4049 3204 4114 ἐξ
3241 4044 3307 4120 ἧς
3340 4050 3602 4121 ἐλήφθης,
3637 4052 3718 4105 ὃτι

2142 4139 2214 4209 γῆ
2241 4135 2311 4205 εί,
2342 4139 2439 4193 καὶ
2459 4141 2541 4203 εἰς
2567 4140 2674 4209 γῆν
2696 4139 2996 4212 ἀπελεύσῃ.
3023 4158 3044 4194 ι
3081 4139 3417 4204 Τοσαύταις⁹
3441 4159 3722 4212 περιστοι-

2145 4228 2424 4299 χιζόμενοι
2481 4232 2792 4301 συμφοραῖς
2837 4229 2992 4284 λύσιν
3043 4229 3300 4300 οὐδεμίαν
3344 4229 3570 4299 εὕροντο
3608 4231 3718 4284 τῶν

2143 4318 2508 4389 ἐπικειμένων
2545 4319 2754 4386 κακῶν,
2785 4320 2900 4374 ἀλλ’
2926 4322 2954 4374 ὁ
2989 4319 3212 4384 ταύταις
3244 4321 3443 4383 αὐτοὺς
3474 4323 3714 4391 συγκλη-

2065 4416 2122 4480 D
2149 4409 2363 4481 ρώσας,
2398 4409 2561 4474 αὐτὸς
2610 4411 2705 4465 καὶ
2747 4411 2846 4482 τὴν
2890 4410 3093 4466 τούτων
3139 4411 3464 4482 ἀπαλλαγὴν
3507 4413 3718 4484 ὲδωρήο

2143 4517 2294 4556 σατο.
2319 4501 2459 4572 Φησὶ
2487 4503 2597 4572 γάρ
2617 4503 2658 4534 ¹⁰
2681 4516 2696 4532 ”

2218 4599 2312 4660 ιγ’,
2341 4591 2426 4645 ιδ’.
2461 4592 2605 4645 «Καὶ
2628 4592 2932 4664 ἐκέκραξαν
2957 4593 3095 4664 πρὸς
3117 4593 3321 4664 Κύριον
3350 4593 3408 4648 ὲν
3439 4594 3520 4664 τῷ
3543 4594 3723 4648 θλίϐε-

2145 4681 2269 4737 σθαι
2298 4682 2520 4745 αύτοὺς,
2551 4682 2646 4735 καὶ
2673 4684 2737 4736 ὲκ
2763 4684 2870 4736 τῶν
2898 4684 3153 4752 ἀναγκῶν
3187 4684 3368 4738 αὐτῶν
3391 4686 3599 4739 ἔσωσεν
3625 4689 3725 4741 αὐ-

2144 4771 2290 4835 τούς.
2338 4772 2451 4826 Καὶ
2497 4771 2764 4844 ἐξήγαγεν
2795 4773 2991 4844 αὐτοὺς
3023 4775 3089 4828 ἐκ
3119 4774 3340 4838 σκότους
3367 4814 3381 4839 ,
3417 4777 3513 4828 καὶ
3559 4781 3720 4842 σκιᾶς

2150 4863 2402 4929 θανάτου,
2431 4863 2527 4918 καὶ
2563 4864 2689 4928 τοὺς
2729 4863 2964 4934 δεσμοὺς
3001 4865 3184 4918 αὐτῶν
3223 4863 3533 4938 διέρρηξεν.
3555 4886 3574 4917 ι
3626 4869 3724 4921 υί-

2149 4955 2372 5025 κτείρας
2402 4955 2510 5023 γὰρ
2555 4955 2649 5008 καὶ
2690 4954 2912 5019 τούτους
2955 4957 3275 5021 κάκείνους,
3321 4958 3449 5021 τοὺς
3482 4957 3586 5028 μὲν
3613 4957 3725 5012 τῶν

1088 5154 1116 5182 τ
1143 5147 1304 5202 Prov.
1339 5164 1394 5215 ν,
1433 5147 1524 5202 22.
1604 5157 1632 5184 ι
1666 5149 1770 5205 lsa.
1802 5168 1858 5216 v,
1893 5153 1979 5208 18.
2059 5161 2083 5199 ῐ
2122 5153 2259 5208 Gen.
2290 5171 2370 5219 ιιι,
2411 5154 2597 5210 l7-l9.

1549 5353 1782 5410 VARle
1824 5356 2204 5413 LECTIONES
2246 5357 2330 5411 ET
2369 5357 2602 5416 NOTAE.

572 5459 618 5537 ’3
655 5460 848 5537 eod--1
912 5467 1039 5537 μήντ

467 5521 524 5601 ᾖ.
595 5530 865 5598 ³Κενήν.
912 5521 1097 5592 Ἠόὓν.
1167 5521 1452 5595 sitienter—tt.

1139 5469 1185 5502 9‘
1201 5471 1329 5552 cod.
1383 5471 1408 5524 1
1455 5473 1898 5560 θαυμαστοτιέρα.
1924 5545 1940 5560 ι
1975 5479 2020 5509 ’⁸

2139 5478 2436 5560 ﬂuat-ria;
2463 5479 2588 5560 Des.
2616 5479 2916 5560 in__co_d.__l.
2965 5479 3010 5560 _‘
3044 5478 3265 5560 φησίν·ἒ
3296 5475 3420 5560 cod:
3457 5477 3480 5530 Ι
3537 5493 3726 5560 praem.

1553 5545 1573 5574 ³
1610 5545 1845 5614 Ψυχὴν.
1911 5545 2082 5601 Abest
2119 5566 2147 5602 a
2204 5545 2345 5601 cod.’
2403 5548 2518 5602 Vat.

2613 5551 2635 5580 ⁸
2667 5551 2774 5602 Καὶ
2832 5548 3009 5603 Ἰοινδ.
3053 5567 3106 5602 κ.
3146 5566 3198 5602 τ.
3246 5547 3296 5603 λ.
3329 5547 3446 5600 Alia
3513 5555 3732 5602 exstant

468 5601 1084 5727 9"2~‘;2.‘i‘:.3?'.'-.3:.Pi
1107 5609 1235 5727 .12?-
1279 5601 1898 5727 .‘;:;';...‘.:&?Eztrr

2171 5619 2341 5670 έταπ.
2401 5601 2562 5672 na...
2619 5601 2940 5672 natu-nava
2997 5601 3194 5688 itaque.
3268 5601 3439 5673 "cod.
3491 5601 3726 5673 ιαιτια.

2223 5689 2264 5717 ¹⁰
2292 5687 2442 5727 (Irin?)
2478 5687 2588 5727 ἠπίη
2668 5689 2766 5727 “ne
2858 5691 2910 5727 in
2959 5690 3076 5727 and.
3118 5689 3173 5727 Ι.

553 5675 657 5727 Eat.
687 5675 798 5730 cod.
843 5677 865 5730 ί
899 5675 1084 5749 αιΙιΙζή
1107 5679 1201 5748 γῆ.
1279 5681 1299 5711 ³
1334 5675 1682 5749 Τοσαύταιξν.
1712 5675 1833 5739 cod.
1869 5687 1891 5740 l
1927 5687 2045 5739 add.

2146 5727 2158 5739 .
2223 5689 2264 5717 ¹⁰
2292 5687 2443 5754 φησί
2478 5687 2609 5756 γάρ.
2666 5689 2786 5743 Des.
2858 5691 2910 5741 in
2959 5675 3173 5741 carifi-
