3890 6320
165 352 303 420 1741

1549 355 1632 415 1N
1675 357 1880 418 PSAL.
1921 359 2060 420 CVI.

3294 367 3430 434 17-5-2

159 469 538 543 ἐπικειμένων
578 469 856 542 ἀπήλλαξε
902 471 1218 541 συμφορῶν,
1263 470 1389 534 τοὺς
1429 470 1486 523 δὲ
1516 469 1610 524 τοῦ
1649 472 1748 541 τῆς

1875 473 1968 528 iuit
1995 477 2422 546 calamitatibus,
2456 480 2556 535 hos
2590 497 2718 537 vero
2749 483 2817 538 ab
2847 483 3171 554 ignorantiae
3196 485 3436 543 tenebris

160 564 398 633 ἀγνοίας
427 562 779 632 ἠλευθέρωσε
811 562 1060 626 σκότους,
1099 563 1194 615 καὶ
1221 563 1320 632 τῆς
1340 561 1586 626 δουλείας
1605 561 1752 632 διέρ-

161 659 230 727 ρη
240 657 300 720 ξε
339 655 411 709 τὰ
443 654 642 725 δεσμά.

236 757 321 813 ιε’,
361 747 458 813 ις’.
492 766 511 799 ι
532 746 1165 817 Ἐξομολογησάσθωσαν
1201 746 1279 817 τῷ
1308 747 1500 817 Κυρίῳ
1527 747 1594 800 τὰ
1624 747 1751 816 ὲλέη

160 840 355 901 αὑτοῦ,
376 840 473 892 καὶ
499 838 568 892 τὰ
599 838 883 909 θαυμάσια
912 837 1080 891 αὑτοῦ
1110 840 1223 901 τοῖς
1246 838 1382 901 υίοῖς
1405 837 1512 890 τῶν
1543 837 1755 908 ἀνθρώ·

164 949 307 984 πων.
336 933 466 984 Ὀτι
524 929 816 1000 συνέτριψε
857 927 1035 992 πύλας
1079 928 1328 999 χαλκᾶς,
1382 928 1479 982 καὶ
1524 927 1754 1000 μοχλοὺς

168 1023 431 1096 σιδηροῦς
481 1023 899 1077 συνέθλασεν¹¹.
943 1041 961 1073 ι
1000 1020 1186 1084 Πύλας
1231 1019 1463 1091 χαλκᾶς,
1509 1021 1606 1075 καί
1656 1036 1755 1090 μο-

165 1117 330 1188 χλοὺς
393 1115 683 1188 σιδηροῦς,
732 1116 794 1168 τὸ
842 1115 1085 1184 ἄφυκτον
1117 1112 1346 1167 ἐκάλεσε
1389 1112 1500 1166 τῶν
1532 1111 1750 1166 κακῶν·

167 1211 426 1281 καθάπερ
453 1209 563 1281 γὰρ
589 1209 681 1261 τὸν
712 1207 845 1261 είσω
865 1207 1124 1262 τοιούτων
1145 1206 1547 1278 καθειργμένον
1573 1205 1755 1277 θυρῶν

168 1322 224 1358 τε
261 1305 362 1357 καὶ
407 1301 643 1374 μοχλῶν,
686 1301 1006 1371 διαφεύγειν
1025 1302 1069 1332 ¹³
1098 1300 1208 1354 τῶν
1239 1301 1550 1354 ἀδυνάτων·
1579 1300 1754 1365 οὕτως

169 1397 459 1466 ἀμήχανον
505 1389 573 1465 ἦν
617 1393 713 1445 καί
766 1392 1055 1457 Ἰουδαίους
1089 1391 1187 1463 τὴν
1224 1392 1588 1446 Βαϐυλωνίων
1635 1392 1754 1446 δια-

169 1490 366 1558 δρᾶναι
392 1487 661 1551 δουλείαν,
690 1485 784 1539 καὶ
817 1486 1028 1548 πάντας
1053 1483 1379 1556 ἀνθρώπους
1400 1484 1496 1538 τοῦ
1527 1483 1754 1539 θανάτου

169 1582 265 1649 τὴν
297 1579 646 1632 δυναστείαν.
676 1579 854 1643 Μόνος
883 1577 939 1632 δὲ
957 1579 984 1630 ὁ
1004 1576 1148 1640 θεῖος
1169 1576 1316 1641 ἔλεος
1343 1577 1544 1648 ἢρκεσε
1571 1577 1756 1632 κάκεί-

170 1691 274 1724 νων
310 1672 412 1726 καὶ
448 1671 641 1724 τούτου
673 1670 928 1724 διαλῦσαι
971 1668 1034 1724 τὸ
1068 1669 1290 1741 κράτος,
1338 1670 1432 1724 καί
1461 1669 1570 1723 τῶν
1594 1670 1756 1724 ἀνια-

169 1766 278 1836 ρῶν
308 1767 414 1836 τὴν
445 1764 598 1818 λύσιν
633 1763 985 1836 χαρίσασθαι.

241 1878 308 1945 ιζ’
314 1920 328 1934 .
370 1898 389 1931 ι
441 1877 794 1932 ’Δντελάὸετο
840 1875 1089 1930 αὑτῶνη
1132 1875 1192 1941 ἒξ
1222 1875 1342 1930 ὁδοῦ
1387 1877 1618 1948 ἀνομίας
1663 1878 1762 1932 αύ-

169 1973 279 2026 τῶν
301 1991 316 2002 ·
349 1972 443 2025 διὰ
473 1971 582 2041 γὰρ
612 1972 714 2034 τὰς
742 1969 976 2040 ἀνομίας
1004 1968 1184 2023 αὐτῶν
1227 1969 1702 2042 ἐταπεινώθησαν.
1736 1988 1756 2024 ι

172 2063 311 2118 Οὔτε
353 2062 626 2126 Ἰουδαῖοι,
667 2061 792 2115 οὔτε
838 2062 989 2115 πᾶσα
1019 2060 1130 2114 τῶν
1167 2060 1473 2131 ἀνθρώπων
1509 2063 1542 2131 ἠ
1575 2061 1759 2131 φύσις,

173 2154 382 2214 ἀδίκως
427 2155 540 2213 τοῖς
585 2152 831 2220 ἀνιαροῖς
887 2149 1254 2218 περιέπεσενο
1293 2149 1431 2202 ἀλλά
1475 2151 1571 2204 καὶ
1617 2147 1763 2206 οὗτοι

175 2249 424 2300 κάκεῖνοι
479 2245 638 2306 δίκας
701 2235 776 2297 ὧν
835 2242 1273 2314 ἐπλημμέλησαν
1319 2241 1583 2298 τίνουσιν.
1622 2243 1762 2296 Ἀλλ’

173 2339 344 2408 ὅμως,
387 2338 485 2391 καὶ
513 2335 743 2398 τούτους
776 2335 1068 2398 κάκείνους
1099 2334 1379 2400 τοσούτοις
1412 2335 1760 2405 ὲγκαλινδου·

177 2429 382 2499 μένους
417 2428 608 2489 κακοῖς
639 2423 920 2495 σωτηρίας
950 2420 1208 2492 ἠξίωσεν.

243 2549 339 2613 ιη’.
383 2561 405 2594 ι
448 2542 564 2594 Πᾶν
595 2539 796 2610 βρῶμα
827 2537 1151 2602 έδδιλύξατο
1187 2539 1222 2609 ὴ
1248 2538 1399 2610 ψυχὴ
1428 2539 1635 2593 αὐτῶνο
1670 2542 1764 2594 κα)⁵

173 2639 419 2708 ῆγγισαν
464 2633 572 2695 ἕως
615 2631 725 2685 τῶν
774 2629 960 2684 πυλῶν
1010 2630 1103 2682 τοῦ
1142 2629 1402 2685 θανάτου.
1441 2649 1461 2682 ι
1515 2631 1763 2684 Ἰουδαῖοι

180 2727 278 2797 μὲν
330 2725 468 2795 γὰρ,
517 2723 595 2794 τῷ
646 2723 842 2793 πλήθει
890 2722 1244 2792 συνεχόμενοι
1274 2722 1386 2775 τῶν
1425 2722 1634 2790 κακῶν,
1667 2723 1764 2777 καὶ

177 2818 349 2888 αὐτὴν
399 2813 810 2885 ἀπεστρέφοντο
868 2812 968 2882 τὴν
1021 2812 1255 2882 τροφήν.
1297 2809 1471 2865 Τοῦτο
1515 2813 1624 2882 γὰρ
1669 2813 1764 2866 καὶ

178 2910 233 2962 ὲν
256 2909 438 2979 ἑτέρῳ
463 2904 686 2976 ψαλμῷ,
711 2904 788 2967 ὼς
809 2902 868 2970 ἐξ
897 2902 1126 2956 ἐκείνων
1152 2901 1377 2973 εἴρηκεν
1399 2905 1426 2956 ὁ
1452 2904 1758 2972 προφήτης

181 3019 202 3054 ι
235 3001 361 3054 Ὅτι
395 2995 748 3066 ἐπελαθόμην
778 2993 876 3048 τοῦ
906 2995 1105 3064 φαγεῖν
1150 2993 1243 3048 τὸν
1275 2993 1436 3065 ἄρτον
1469 3011 1590 3063 μου.
1619 3012 1638 3044 ι
1681 2993 1764 3046 Τὰ

178 3094 232 3147 δὲ
261 3093 399 3162 ἔθνη
421 3090 542 3144 οὐδὲ
561 3088 607 3121 ¹δ
632 3091 753 3151 ταῖς
780 3087 890 3142 τῶν
928 3086 1146 3139 οἰκείων
1173 3086 1482 3155 φιλοσόφων
1509 3086 1763 3139 διδασκα-

180 3186 324 3249 λίαις
350 3183 644 3254 προσέχειν
671 3181 944 3235 ἐϐούλετο.
981 3173 1056 3232 Oh
1087 3178 1152 3249 δὴ
1194 3177 1377 3248 χάριν,
1428 3178 1475 3230 οἰ
1510 3177 1607 3246 μὲν
1645 3176 1761 3229 Σω-
1794 3163 1837 3220 C

180 3277 423 3348 κράτους
473 3271 921 3341 κατεψηφίσαντο
949 3269 1210 3323 θάνατον·
1247 3269 1297 3321 οἰ
1341 3269 1397 3320 δὲ
1442 3267 1536 3320 τὸν
1577 3265 1764 3330 ’Δνάξο

182 3384 354 3437 αρχον
383 3366 510 3436 ξένῃ
559 3363 866 3432 παρέδοσαν
890 3361 1134 3432 τιμωρία
1154 3361 1197 3392 ⁸⁸
1218 3378 1231 3392 ο
1260 3360 1309 3414 οἰ
1340 3359 1398 3412 δὲ
1420 3360 1462 3390 ³⁸
1493 3359 1644 3413 ἄλλοι
1669 3358 1762 3412 τοῦ

184 3459 514 3528 Πυθαγόρου
549 3455 829 3525 διαδόχους
861 3454 1078 3525 πικρῶς
1103 3452 1478 3523 αἰκισάμενοι,
1513 3452 1765 3522 πρόωρον

183 3551 370 3613 αὐτοῖς
398 3548 682 3619 ἐπήγαγον
718 3545 971 3600 θάνατον.
1009 3544 1150 3598 Ἀλλ’
1174 3545 1324 3614 ὅμως
1345 3545 1385 3575 ιτ
1423 3543 1520 3598 καὶ
1550 3542 1765 3608 τούτοις

184 3643 213 3694 ὁ
238 3640 350 3693 τῶν
380 3639 517 3692 ὅλων
540 3637 672 3700 Θεὸς
700 3636 1084 3708 παρεσκεύασε
1124 3635 1484 3706 μεταδοθῆναι
1511 3635 1610 3704 τῆς
1633 3634 1768 3689 ἀθα-

186 3733 355 3786 νάτου
383 3731 594 3800 τροφῆς
615 3770 630 3794 ,
661 3731 758 3782 καὶ
799 3727 939 3798 μετά
977 3728 1160 3796 πάσης
1185 3727 1361 3798 ταύτῃ
1393 3727 1766 3798 προσδραμεῖν

188 3818 505 3906 προθυμίας
553 3816 835 3883 ἀνέπεισε,
881 3817 976 3871 καὶ
1019 3816 1132 3870 τῶν
1159 3815 1254 3870 τοῦ
1298 3815 1532 3870 θανάτου
1580 3815 1768 3869 πυλῶν

188 3907 559 3980 ἠλευθέρωσε.

259 3999 349 4055 ιθ’.
402 4017 421 4052 ι
457 3999 568 4052 Καὶ
606 3997 914 4069 ὲκέκραξαν
959 3997 1095 4070 πρὸς
1127 3996 1334 4067 Κύριον
1379 3997 1437 4049 έν
1477 3995 1554 4066 τῷ
1591 3995 1768 4050 θλίΰε-

190 4092 315 4147 σθαι
345 4092 572 4155 αὐτοὺς,
603 4092 698 4145 καὶ⁵
725 4092 791 4145 ὲκ
821 4091 932 4144 τῶν
955 4091 1216 4158 ἀναγκῶν
1242 4089 1420 4143 αὐτῶν
1447 4089 1650 4142 ἔσωσεν
1672 4089 1769 4142 σὺ·

187 4183 338 4248 τούς.
383 4201 401 4233 t
440 4177 574 4235 Εἶτα
607 4181 851 4235 διδάσκει
881 4181 980 4250 τῆς
1009 4181 1286 4252 σωτηρίας
1310 4181 1402 4233 τὸν
1437 4181 1659 4250 τρόπον.

254 4306 328 4353 κ’.
376 4315 395 4349 ι
444 4295 759 4350 Ἀπέστειλε
795 4295 887 4348 τὸν
922 4295 1082 4362 λόγον
1112 4293 1300 4358 αὑτοῦ,
1333 4295 1427 4348 καὶ
1455 4295 1640 4349 ἰάσατο
1668 4295 1768 4348 αὐ-

186 4392 336 4453 τοὺς,
365 4389 461 4442 καί
486 4387 757 4460 ἐρρύσατο
775 4388 972 4450 αὐτοὺς
989 4389 1053 4439 ὲκ
1071 4387 1180 4439 τῶν
1201 4385 1507 4455 διαφθορῶν
1531 4387 1762 4440 αὐτῶν.»

197 4484 255 4534 δυ
283 4482 400 4553 γὰρ
429 4480 565 4544 Θεὸς
594 4480 765 4548 Λόγος
799 4477 1249 4550 ὲνανθρωπήσας,
1293 4478 1388 4532 καὶ
1419 4477 1768 4542 ἀποσταλεὶς,
1805 4519 1849 4574 D

183 4573 260 4635 ὡς
293 4571 588 4640 ἄνθρωπος
615 4571 715 4643 (ὡς
743 4570 853 4642 γὰρ
884 4570 1041 4634 Θεὸς,
1071 4571 1474 4642 ἀπερίγραφος,
1505 4570 1600 4622 καί
1628 4587 1763 4622 παν-

184 4660 358 4732 ταχοῦ
391 4663 655 4730 πάρεστι,
683 4662 778 4714 καὶ
800 4661 1048 4732 περιέχει
1077 4662 1147 4716 τὰ
1179 4661 1604 4733 σύμπαντα),τά
1632 4677 1766 4713 παν⁶

184 4751 404 4806 τοδαπά
434 4751 544 4807 τῶν
580 4751 772 4822 ψυχῶν
809 4753 999 4807 ἰάσατο
1026 4753 1349 4824 τραύματα,
1383 4751 1630 4814 καὶτοὺς
1656 4751 1772 4805 δια-

186 4845 504 4917 φθαρέντας
544 4845 826 4918 ἀνέρῤωσε
856 4847 1172 4918 λογισμούς.
1215 4845 1433 4900 Oli-ru)“
1460 4845 1560 4917 τὴν
1593 4845 1775 4916 ἀμαρ-

187 4939 364 4992 τωλὸν
401 4939 618 5008 ἐκείνην
652 4938 843 4993 ἰάσατο
875 4941 1113 5009 γυναῖκα
1135 4981 1150 5006 ,
1181 4939 1276 4994 καὶ
1304 4939 1529 5010 θαρρεῖν
1569 4955 1776 5008 παρεγ-

188 5029 434 5102 γύησενο
483 5029 629 5084 οὕτω
678 5031 772 5085 τὸν
822 5033 1160 5104 παρειμένον
1180 5030 1462 5102 ιστήριξεν
1511 5027 1772 5100 εἰρηκὼς.

256 5218 281 5247 ι
314 5209 460 5264 l’sal.
491 5225 566 5275 cr,
597 5211 650 5265 4.
744 5223 769 5251 ιι
797 5209 986 5264 Matth.
1018 5225 1092 5272 rx,
1125 5208 1216 5262 22.

1855 567 2128 638 liberavit,
2161 572 2554 644 servitutisque
2587 575 2809 632 vincula
2829 577 3089 649 disrupit.

1928 749 2092 806 Vens.
2136 753 2221 816 l5,
2257 753 2340 807 l6.
2381 773 2400 806 ι
2437 753 2817 812 Conﬁteantur
2843 758 2899 812 in
2926 759 3190 816 honorem
3223 761 3441 818 Domini

1859 846 2290 902 misericordiam
2317 849 2456 918 ejus,
2491 859 2545 904 et
2571 851 2840 908 mirabilia
2865 853 2984 924 ejus
3005 855 3147 912 inter
3178 856 3314 912 lilios
3337 857 3442 912 ho-

1858 935 2088 992 minum.
2123 936 2262 1005 Quia
2294 940 2552 996 contrivit
2581 952 2766 1012 portas
2796 960 2998 1013 teneas,
3028 954 3083 1002 et
3115 956 3298 1005 vectes
3329 948 3442 1005 fer-

1860 1041 1984 1084 reos
2027 1028 2314 1100 confregit.
2357 1050 2378 1081 ι
2428 1032 2621 1090 Portas
2668 1051 2847 1093 aaneas
2890 1047 2947 1093 et
2981 1047 3164 1096 vectes
3209 1041 3440 1106 ferreos,

1863 1118 2134 1174 malorum
2164 1121 2274 1175 vim
2299 1121 2668 1178 inevitabilem
2714 1130 3070 1198 nuncupavit.
3115 1130 3441 1188 Sicutcnim

1863 1223 1969 1263 non
2010 1219 2190 1280 potest
2220 1211 2358 1276 ﬁeri,
2401 1221 2459 1267 ut
2490 1213 2558 1279 is,
2584 1215 2674 1285 qui
2712 1216 2856 1270 intra
2889 1217 3023 1272 tales
3047 1219 3244 1288 ianuas
3276 1230 3330 1276 et
3352 1238 3444 1278 vc-

1859 1307 1974 1356 ctes
2000 1302 2252 1358 detentus
2271 1315 2376 1368 est,
2408 1305 2664 1377 eﬂ'ugiat:
2697 1309 2779 1364 sic
2810 1308 2926 1363 ﬁeri
2960 1310 3186 1367 minime
3208 1323 3443 1382 poterat,

1862 1400 1922 1446 ut
1969 1390 2141 1448 Judaei
2188 1393 2612 1466 Babyloniorum
2651 1398 2943 1455 evaderent
2979 1402 3316 1468 servitutem,
3362 1406 3474 1465 νει,

1862 1498 2053 1538 omnes
2077 1484 2325 1542 homines
2349 1489 2540 1544 mortis
2567 1490 2878 1560 imperium.
2907 1491 3032 1547 Sola
3058 1503 3238 1548 autem
3264 1495 3450 1551 divina

1863 1577 2239 1633 misericordia
2271 1590 2324 1634 et
2356 1581 2574 1637 illorum
2604 1594 2658 1638 et
2681 1583 2847 1654 hujus
2876 1587 3179 1655 potentiam
3205 1598 3451 1645 evertere

1862 1668 2063 1738 potuit,
2093 1669 2536 1744 solutionemque
2569 1690 2600 1728 a
2632 1676 2797 1732 rebus
2819 1677 3074 1734 tristibus
3107 1688 3386 1748 prastare.

1935 1876 1954 1895 ‘
1988 1872 2153 1932 Vens.
2191 1877 2276 1932 17.
2330 1893 2349 1929 ι
2397 1876 2652 1949 Suscepit
2683 1894 2778 1935 eos
2817 1880 2885 1935 de
2910 1881 2996 1936 via
3030 1881 3334 1953 iniquitatis
3359 1898 3454 1941 eo-

1864 1983 1987 2022 rum
2021 1989 2034 2023 :
2064 1978 2286 2040 propter
2307 1971 2605 2042 injustitias
2627 1973 2772 2027 enim
2797 1988 2926 2030 suas
2952 1975 3221 2032 humiliati
3248 1987 3396 2034 sunt.
3427 1998 3446 2032 ι

1862 2059 1975 2116 Nec
2027 2061 2255 2134 Judwi‘
2283 2078 2383 2119 nec
2429 2073 2538 2119 tota
2583 2065 2869 2120 hominum
2904 2077 3099 2123 natura
3153 2071 3358 2137 iniuste
3398 2073 3454 2127 in

1865 2155 2007 2208 mala
2046 2155 2238 2210 incidit
2276 2175 2290 2211 :
2321 2158 2413 2211 sed
2437 2167 2492 2212 et
2523 2158 2611 2212 isti
2636 2158 2786 2212 etilli
2822 2175 3014 2230 ptenas
3051 2176 3243 2216 eorum
3272 2164 3456 2230 luunt,

1863 2260 1987 2315 quae
2016 2256 2233 2316 patrare
2263 2249 2381 2303 ausi
2419 2257 2570 2304 sunt.
2606 2248 2991 2306 Verumtamen
3033 2260 3088 2306 ct
3116 2254 3217 2309 hos
3246 2265 3300 2310 et
3332 2255 3454 2312 illos

1867 2338 2068 2394 talibus
2098 2339 2255 2394 malis
2281 2339 2590 2409 implicatos
2612 2341 2788 2397 salute
2813 2342 3070 2412 dignatus
3095 2355 3196 2398 est.

1939 2535 2107 2593 Vens.
2143 2538 2226 2594 18.
2275 2557 2296 2589 ‹
2327 2539 2555 2593 Omnem
2583 2553 2767 2594 escam
2807 2539 3119 2596 abominata
3149 2549 3233 2598 est
3270 2543 3454 2598 anima

1863 2643 2080 2696 eorum,
2105 2640 2159 2684 et
2188 2629 2768 2700 appropinquarerunt
2800 2647 2975 2702 usque
3000 2636 3065 2688 ad
3093 2643 3282 2704 portas
3305 2650 3455 2690 mor-

1865 2723 1958 2778 tis.
2001 2741 2021 2776 ι
2080 2721 2217 2777 Nam
2269 2721 2442 2778 Judaei
2487 2723 2708 2793 quidem
2756 2725 2923 2780 tantis
2973 2725 3209 2781 miseriis
3258 2728 3454 2797 pressi,

1864 2813 2043 2884 ipsum
2071 2815 2245 2869 etiam
2275 2815 2458 2870 cibum
2507 2815 2926 2870 aversabantur.
2961 2814 3074 2871 Hoc
3117 2815 3263 2871 enim
3303 2826 3359 2872 et
3397 2818 3455 2873 in

1864 2908 1973 2961 alio
2000 2907 2210 2978 1371
2243 2908 2480 2978 psalmo,
2507 2907 2676 2964 veluti
2703 2923 2766 2962 ex
2794 2907 3010 2962 illorum
3045 2923 3302 2979 persona,
3328 2925 3458 2980 pro-

1865 2999 2024 3068 pheta
2059 3000 2236 3054 dixit:
2282 3017 2301 3050 ι
2336 2999 2608 3066 Quoniam
2650 2999 2855 3055 obii-tus
2883 3015 3005 3054 sum
3039 3001 3329 3054 comedere
3355 3015 3456 3070 pa-

1866 3105 1990 3144 nem
2023 3106 2203 3145 meum
2237 3100 2283 3145 ι.
2334 3109 2352 3143 ι
2388 3091 2587 3148 Gentes
2618 3105 2748 3146 vero
2779 3105 2879 3146 nec
2907 3091 2973 3146 ad
3007 3107 3232 3147 suorum
3275 3091 3459 3162 philo-

1871 3179 2166 3247 sophorum
2198 3181 2476 3236 doctrinas
2522 3180 2804 3236 attendere
2842 3181 3116 3235 volebant.
3160 3179 3457 3250 Propterea

1871 3269 1925 3326 hi
1957 3272 2178 3342 quidem
2207 3270 2491 3328 Socratem
2519 3272 2587 3328 ad
2613 3285 2844 3328 mortem
2868 3274 3338 3340 condemnarunt;
3364 3273 3458 3327 alii

1871 3377 2002 3416 vero
2030 3362 2418 3418 Anaxarchum
2467 3365 2729 3419 inusitata
2775 3375 2948 3420 morte
2989 3364 3326 3431 multarunt;
3363 3364 3457 3419 alii

1872 3463 2055 3507 autem
2097 3453 2415 3526 Pythagora:
2445 3470 2794 3513 successores
2823 3459 3020 3513 acerbe
3045 3459 3318 3513 cruciatos
3355 3458 3458 3510 im-

1873 3554 2086 3599 matura
2117 3554 2295 3601 morte
2334 3545 2650 3602 all‘eccrunt.
2691 3547 3079 3604 Verumtamen
3123 3560 3177 3604 ct
3213 3549 3299 3604 his
3333 3549 3461 3603 uni-

1871 3651 2158 3691 versorum
2186 3637 2328 3693 Deus
2354 3639 2717 3692 immortalem
2742 3640 2920 3693 cibum
2950 3642 3230 3709 impertiit,
3253 3651 3306 3696 et
3330 3657 3454 3696 eum

1872 3728 2023 3784 omni
2051 3729 2219 3782 animi
2249 3729 2676 3796 promptitudine
2713 3730 2780 3783 ad
2821 3731 2968 3784 hunc
3011 3746 3299 3787 accurrere
3329 3747 3457 3802 per-

1873 3819 2070 3882 suasit,
2101 3827 2156 3874 et
2193 3832 2223 3870 a
2254 3818 2448 3875 mortis
2471 3818 2657 3888 januis
2680 3818 2996 3872 vindicavit.

1951 3994 2116 4049 Vens.
2161 3993 2249 4048 l9.
2301 4012 2318 4044 ι
2357 3991 2421 4048 Ει
2463 3993 2840 4048 clamarernnt
2873 3993 2939 4048 ad
2990 3993 3281 4050 Dolttinum
3328 4013 3456 4054 cum

1875 4085 2291 4150 tribularentur,
2320 4092 2374 4137 ct
2397 4099 2458 4136 ex
2495 4084 2763 4154 angustiis
2786 4099 2974 4139 eorum
3005 4085 3255 4142 liberavit
3281 4103 3393 4144 eos.
3428 4111 3454 4143 υ

1878 4179 2083 4236 Deinde
2110 4179 2304 4234 salutis
2331 4179 2552 4232 modum
2589 4178 2764 4232 docet.

1947 4290 2115 4346 Vens.
2141 4291 2232 4345 20.
2281 4308 2299 4341 ι
2333 4291 2479 4346 Misit
2505 4291 2729 4345 verbum
2765 4305 2949 4357 suum,
2979 4302 3036 4346 et
3066 4295 3280 4348 sanavit
3315 4310 3411 4352 eos
3441 4309 3459 4351 :

1859 4394 1934 4440 et
1958 4384 2139 4454 erupit
2168 4398 2264 4438 eos
2293 4399 2323 4439 e
2353 4383 2595 4453 pernicie
2625 4397 2746 4439 sua.
2784 4403 2804 4436 ο
2834 4382 2968 4440 Nam
3000 4399 3124 4440 cum
3159 4385 3300 4442 Deus
3333 4387 3464 4442 Ver-

1878 4477 2008 4531 bum
2035 4476 2330 4530 humanam
2358 4487 2607 4530 naturam
2635 4476 2989 4548 suscepisset,
3022 4486 3187 4546 atque
3207 4487 3266 4532 ut
3295 4477 3460 4533 homo

1878 4567 2082 4620 missus
2113 4574 2259 4621 esset
2295 4565 2376 4635 (ut
2424 4566 2566 4620 Deus
2597 4565 2766 4630 enim,
2811 4575 2896 4622 est
2929 4566 3458 4642 incircumscriptus,

1872 4667 1929 4713 et
1983 4659 2186 4729 ubique
2209 4659 2384 4721 adest,
2417 4667 2472 4712 et
2504 4657 2688 4711 omnia
2727 4660 3014 4729 continet),
3047 4661 3300 4714 universa
3343 4660 3461 4714 ani-

1873 4766 2086 4804 marum
2129 4751 2353 4804 vulnera
2392 4749 2627 4814 sanavit,
2670 4760 2988 4819 mentesque
3037 4763 3320 4820 corruptas
3363 4766 3459 4804 cu-

1874 4843 2035 4895 ravit.
2071 4840 2160 4895 Sic
2182 4851 2237 4894 et
2270 4841 2554 4895 mulierem
2590 4842 2737 4894 illam
2763 4841 3124 4910 peccatricem
3153 4857 3342 4896 sanam
3373 4840 3455 4896 fe-

1873 4933 1952 4988 cit
1986 4935 2033 4995 ⁸,
2076 4941 2128 4987 et
2164 4941 2224 4986 ut
2258 4933 2402 4986 bono
2441 4932 2628 4985 animo
2656 4941 2826 4995 esset,
2864 4933 3142 5002 praecepit.
3175 4931 3269 4986 Sic
3300 4947 3457 5000 para-

1879 5026 2106 5098 lyticum
2153 5025 2538 5088 consolidavit,
2591 5022 2828 5080 dicens:
2883 5040 2903 5074 ι
2936 5021 3307 5079 Remitttrutur
3356 5022 3455 5079 tibi

1279 5379 1516 5436 vanu:
1555 5379 1942 5436 LECTIONES
1983 5379 2070 5434 ΕΤ
2111 5355 2350 5434 noras.

259 5523 302 5556 “
332 5523 932 5578 Συγέθλασεν.οοὰ.1
970 5519 1344 5592 συνέτριψεν..
1387 5522 1431 5553 ³³
1472 5523 1592 5577 cod.
1629 5523 1653 5575 l
1690 5523 1759 5575 διο

1875 5525 1996 5590 τεῒν.
2078 5521 2120 5553 ¹³
2165 5521 2395 5574 Ἀντελ.
2422 5519 2640 5574 αὐτῶν.
2672 5519 2834 5576 Hebr.
2867 5504 3033 5581 nv‘m
3071 5521 3246 5580 stulti.
3275 5520 3380 5577 Sed
3402 5523 3454 5577 οἰ

188 5621 242 5671 0'
276 5633 434 5688 aeque
489 5635 553 5672 ac
599 5617 768 5688 Syrus
801 5617 1060 5688 etiArabs
1113 5618 1308 5688 legisse
1365 5618 1619 5673 videntur
1654 5602 1882 5683 :‘mn't
1915 5627 1976 5671 ιιι
2015 5617 2156 5672 felici
2191 5613 2509 5688 conjectura
2541 5614 2883 5688 istntuitcel.
2912 5600 3098 5688 Dathe
3139 5615 3350 5688 inplet.
3385 5615 3456 5688 ad

188 5689 242 5758 li.
273 5689 308 5742 l.
349 5687 822 5757 interpretationis
849 5687 1001 5758 Syr.__
1076 5687 1122 5718 "‘
1153 5687 1272 5741 cod.
1301 5688 1324 5758 ί
1357 5690 1440 5758 ού.

187 5757 364 5827 ὸμως.
389 5760 516 5816 cod.
556 5761 576 5814 1
611 5759 747 5812 ἀλλὰ

1549 5690 1591 5721 ’⁸
1621 5691 1742 5743 cod.
1781 5692 1804 5742 1
1831 5688 2103 5758 τιμωρίας
2130 5689 2267 5756 ἰδέᾳ.

843 5754 1102 5822 ηὈῦτω,
1136 5773 1190 5810 κ.
1227 5773 1278 5812 τ.
1313 5757 1363 5811 λ.
1398 5757 1524 5814 llaec
1553 5759 1668 5815 des.
1702 5758 1844 5830 apud
1875 5754 2040 5815 σοι-λι.
2078 5774 2130 5828 p.
2157 5754 2278 5812 l87.

2356 5683 2399 5714 ιδ
2430 5689 2494 5741 οι
2526 5686 2612 5742 δέ.
2657 5686 2782 5741 Des.
2821 5684 2874 5739 in
2906 5685 3034 5742 cod.
3079 5686 3132 5741 l.
3207 5683 3250 5721 "
3298 5684 3456 5742 Ἀλλ’
