3890 6320
438 320 572 386 1743

1422 315 1912 379 THEODOBETI
1948 317 2287 379 EPISCOPI
2326 316 2703 377 ‘CYRENSIS

3562 322 3696 390 ΠΗ

432 447 656 508 peccata
690 445 780 490 tua
819 434 871 485 ι».
910 451 929 484 ι
968 431 1059 486 Sic
1096 430 1293 486 latroni
1324 432 1639 501 paradisum
1677 432 1937 488 reseravil
1967 443 2011 497 ο,

2129 452 2143 485 ι
2186 431 2490 503 Ἀφέωνταί
2537 447 2621 486 σοι
2650 432 2705 485 ai
2739 431 3008 503 ἁμαρτίαι
3044 448 3157 487 σου.
3203 452 3220 484 ι
3256 433 3442 501 Οὕτως
3486 436 3691 508 ἀνέῳξε

434 532 517 587 sic
544 530 859 599 publicanos
887 533 1246 596 praeceptores
1277 525 1429 580 orbis
1459 535 1726 580 terrarum
1754 525 2006 589 reddidit,

436 621 518 675 sic
543 620 609 674 ad
639 629 890 672 sanetum
925 613 1196 682 baptisma
1219 614 1542 670 accedentes
1581 624 1803 669 renovat
1833 624 1888 669 et
1914 629 2009 669 ex-

436 712 768 782 piat,«atque
797 725 828 763 a
851 708 1060 778 peccati
1091 707 1411 764 vulneribus
1444 708 1654 764 liberat.

502 888 795 951 Vens-9.1,
817 886 909 942 Ἡ.
945 905 963 938 ι
986 886 1379 942 Conﬁteantur
1422 886 1479 941 in
1511 886 1773 941 honorem
1800 886 2011 951 Domini

431 981 873 1038 misericordiam
908 979 1123 1050 1372
1164 978 1305 1048 ejus,
1327 986 1391 1033 et
1426 977 1699 1032 mirabilia
1726 978 1846 1048 ejus
1870 977 2013 1033 inter

433 1075 576 1129 ﬁlios
610 1071 917 1127 hominum.
948 1069 1017 1124 Et
1045 1068 1356 1125 sacriﬁcent
1377 1068 1428 1124 ei
1459 1068 2010 1134 sacriﬁciumlaudis,

434 1177 490 1222 et
536 1164 864 1220 annuntient
913 1176 1079 1232 Opera
1108 1161 1227 1230 ejus
1265 1174 1389 1215 cum
1435 1161 1821 1216 exsultatione.
1856 1179 1875 1212 ›
1905 1158 2013 1216 Pro

435 1258 591 1313 hisce
622 1255 880 1312 omnibus
920 1255 1130 1324 justum
1181 1262 1284 1317 est,
1327 1252 1714 1314 ait,iandibus
1755 1252 2013 1323 prosequi

434 1351 736 1417 benignum
777 1347 971 1413 Deum,
1003 1350 1021 1365 '
1065 1346 1157 1415 qui
1193 1345 1285 1399 tali
1319 1345 1695 1400 misericordia
1738 1360 1870 1401 usus
1897 1354 2009 1408 est,

436 1453 494 1497 et
523 1439 898 1496 admirandam
935 1438 1168 1493 salutem
1195 1436 1354 1492 nobis
1386 1444 1473 1492 est
1505 1436 1752 1508 largitus.
1791 1435 2016 1507 Oportet

437 1542 620 1588 autem
680 1546 783 1586 nos
831 1544 942 1587 non
988 1527 1138 1584 solos
1175 1525 1363 1580 divina
1408 1525 1670 1581 miracula
1705 1525 1876 1592 seire,
1918 1525 2013 1582 sed

436 1627 752 1696 ignorantes
783 1622 1002 1686 docere,
1046 1631 1102 1677 et
1146 1634 1338 1675 omnes
1383 1618 1450 1674 ad
1502 1619 1778 1675 eanendas
1825 1618 2014 1674 laudes

439 1715 755 1771 accendere.
808 1710 1124 1765 Notandum
1162 1708 1465 1778 estigitur,
1508 1708 1652 1778 quod
1683 1706 2010 1763 sacriﬁcium

2116 521 2196 592 τῷ
2223 522 2397 594 ληστῇ
2429 523 2521 576 τὸν
2549 521 2878 592 παράδεισον
2899 562 2916 590 ,
2946 520 3092 577 οὕτω
3121 523 3249 589 τοὺς
3276 526 3518 592 τελώνας
3546 529 3693 584 διδα-

2119 610 2351 676 σκάλους
2373 612 2474 683 τῆς
2498 610 2827 681 οἰκουμένης
2860 612 3160 684 ἀπέφηνεν,
3190 612 3336 669 οὕτω
3382 617 3508 681 τοὺς
3557 637 3695 672 παν-

2118 703 2258 774 αγίῳ
2276 704 2320 735 ’θ
2347 704 2676 774 προσιόντας
2710 702 3048 773 βαπτίσματι
3076 708 3330 777 νεουργεϊ
3372 708 3467 763 καὶ
3496 711 3696 765 καθαί-

2120 813 2236 866 ρει,
2272 796 2367 851 καὶ
2397 796 2507 851 τῶν
2534 796 2635 867 τῆς
2663 796 2939 871 ἁμαρτίας
2974 798 3311 855 ἀπαλλάττει
3339 805 3692 874 τραυμάτων.

2190 894 2298 951 κα¹,
2350 887 2457 958 κβ’.
2521 905 2539 939 ι
2589 886 3215 960 Ἐξομολογησάσθωσαν
3263 893 3343 963 τῷ
3389 895 3580 968 Κυρίῳ
3624 897 3695 951 τά

2119 977 2242 1047 ὲλέη
2276 976 2475 1045 αὐτοῦ,
2508 977 2606 1031 καὶ
2637 976 2707 1030 τὰ
2752 977 3234 1047 θαυμάσιαηαύτοῢ
3265 984 3381 1047 τοῖς
3409 985 3553 1049 υἱοῖς
3587 986 3695 1041 τῶν

2120 1065 2445 1137 ἀνθρώπων.
2481 1067 2595 1121 Καὶ
2626 1066 2950 1122 θυσάτωσαν
2989 1070 3143 1141 αὐτῷ
3174 1071 3369 1129 θυσίαν
3407 1075 3692 1142 αἰνέσεως,

2120 1158 2215 1213 καὶ
2244 1158 2725 1228 ὲξαγγειλάτωσαν
2752 1159 2821 1217 τὰ
2847 1161 2986 1231 ἔργα
3014 1162 3183 1217 αὐτοῦ
3210 1163 3269 1218 ὲν
3297 1165 3641 1235 ἀγαλλιάσει.
3667 1187 3689 1220 ι

2135 1241 2306 1321 ’Υπὲρ
2332 1250 2396 1321 δὴ
2426 1252 2634 1306 τούτων
2655 1251 2917 1307 ἁπάντων
2952 1252 3143 1323 ὑμνεῖν
3161 1254 3231 1323 ’⁸,
3276 1257 3433 1328 φησὶ,
3460 1258 3694 1327 δίκαιον,

2120 1341 2213 1399 τὸν
2241 1340 2624 1413 φιλάνθρωπον
2650 1342 2783 1397 Θεὸν
2801 1344 2867 1409 ἰ,
2901 1343 3036 1415 ἐλέῳ
3063 1345 3305 1420 τοσούτῳ
3330 1350 3695 1421 χρησάμενον,

2123 1435 2216 1489 καὶ
2235 1433 2334 1505 τὴν
2355 1433 2662 1506 παράδοξον
2683 1438 2816 1506 ἡμῖν
2843 1435 3231 1507 δωρησάμενον
3264 1442 3557 1512 σωτηρίαν.
3575 1444 3699 1517 Χρὴ

2120 1524 2176 1581 δὲ
2230 1524 2306 1597 μὴ
2361 1525 2560 1596 μόνους
2619 1526 2820 1579 είδέναι
2867 1528 2972 1590 τὰς
3025 1526 3177 1593 θείας
3235 1529 3695 1605 θαυματουργίας,

2121 1615 2258 1670 ἀλλά
2291 1616 2389 1671 καὶ
2435 1617 2563 1681 τοὺς
2615 1617 2944 1688 ἀγνοοῦντας
2992 1619 3288 1688 διδάσκειν,
3339 1626 3434 1678 καὶ
3490 1628 3700 1691 πάντας

2120 1708 2414 1780 διεγείρειν
2461 1712 2550 1773 είς
2595 1709 2898 1781 ὑμνῳδίαν.
2961 1711 3440 1785 Ἐπισημήνασθαι
3480 1718 3579 1787 μέν
3614 1736 3700 1772 τοι

436 1807 617 1862 laudis
639 1805 752 1859 Deo
771 1802 967 1858 oll'erre
996 1801 1086 1855 hic
1113 1800 1277 1857 etiam
1306 1799 1670 1864 admonuerit,
1702 1814 1811 1853 non
1834 1808 2016 1855 autem

2129 1801 2202 1855 δεῖ
2225 1841 2239 1866 ,
2274 1801 2349 1865 ὡς
2377 1801 2641 1863 αἰνέσεως
2676 1801 2870 1857 θυσίαν
2900 1803 2994 1857 καὶ¹
3028 1804 3265 1859 ἐνταῦθα
3298 1813 3700 1879 προσενεγκεῖν

438 1900 650 1957 hostias
685 1898 969 1953 brutorum
1003 1892 1350 1949 animalium.
1381 1891 1727 1962 Quapropter
1758 1892 1847 1947 hic
1877 1906 2012 1962 quo-

437 2008 547 2065 que
578 1991 783 2048 cultum
820 1989 915 2058 qui
946 1995 1029 2041 est
1058 1983 1358 2042 secundum
1392 1985 1562 2055 legem
1596 1983 1792 2053 rejicit.
1826 1982 2013 2037 Sacri-

440 2085 622 2153 ﬁcium
670 2094 801 2136 vero
840 2078 1015 2133 laudis
1043 2116 1059 2144 ,
1101 2075 1294 2147 Aquila
1344 2074 1671 2145 sacriﬁcium
1714 2074 2014 2147 gratiarum

440 2172 665 2231 actionis
694 2165 1004 2240 appellavit.

510 2261 677 2316 Vens.
701 2260 793 2325 23,
816 2258 906 2313 24.
943 2276 961 2309 ι
989 2256 1089 2326 Qui
1121 2256 1459 2312 descendunt
1491 2255 1543 2308 in
1575 2268 1726 2308 mare
1760 2252 2011 2317 navibus,

438 2354 699 2409 facientes
731 2365 870 2421 opus
902 2349 960 2404 in
985 2348 1143 2418 aquis
1178 2347 1386 2403 multis.
1422 2345 1527 2416 Ipsi
1566 2345 1821 2400 viderunt
1849 2356 2015 2413 opera

440 2445 680 2510 Domini,
709 2453 764 2500 et
794 2441 1068 2498 mirabilia
1106 2441 1225 2511 ejus
1260 2440 1314 2493 in
1341 2437 1637 2509 profundo.
1676 2455 1695 2489 ι
1729 2436 1831 2491 Per
1863 2433 2015 2490 simi-

442 2537 726 2592 litudinem
771 2533 1034 2605 propheta
1068 2532 1183 2587 haec
1225 2531 1429 2602 posuit.
1461 2530 1604 2586 Dicit
1646 2539 1827 2585 autem
1863 2530 1967 2584 hoc
1999 2547 2012 2582 :

443 2625 913 2696 Quemadmodum
939 2622 1032 2694 qui
1061 2622 1340 2691 navigant,
1364 2629 1419 2677 et
1446 2636 1644 2692 magna
1679 2629 1868 2677 secant
1895 2635 2015 2676 ma-

441 2721 547 2787 ria,
584 2733 695 2788 pra:
723 2715 936 2772 caeteris
969 2715 1151 2769 divina
1184 2713 1444 2768 miracula
1481 2721 1732 2778 cernunt,
1779 2726 1903 2767 cum
1959 2711 2015 2766 in

439 2825 631 2882 graves
663 2813 1015 2877 tempestates
1037 2803 1308 2867 incidunt,
1331 2813 1385 2860 et
1426 2812 1623 2874 praeter
1661 2815 1882 2857 omnem
1913 2800 2017 2855 hu-

438 2916 659 2956 manam
691 2914 840 2969 spem
871 2898 1102 2953 salutem
1134 2906 1592 2967 consequuntur:
1625 2895 1707 2950 sic
1734 2902 1789 2949 et
1817 2892 2013 2959 Judaei,

439 3009 564 3049 cum
599 2994 653 3046 in
682 2991 1021 3047 calamitates
1045 2990 1166 3044 illas
1201 2988 1591 3051 incurrissent,
1624 2994 1678 3042 et
1706 2986 2013 3042 libertatem

438 3084 800 3154 recepissent,
848 3083 1090 3137 divinam
1133 3079 1444 3135 didicerunt
1487 3077 1805 3148 potentiam.
1838 3076 2016 3146 Atque

2118 1890 2195 1961 τῷ
2215 1890 2337 1962 Θεῷ
2363 1890 2747 1963 παρεγγύησε,
2767 1894 2861 1946 καὶ
2889 1895 2951 1946 οὐ
2983 1894 3090 1948 τῶν
3116 1895 3329 1965 ἀλόγων
3355 1899 3422 1953 τά
3452 1900 3695 1973 θύματα.

2118 1980 2420 2052 Τοιγαροῦν
2445 1980 2697 2036 ἐκϐάλλει
2723 1983 2815 2036 καὶ
2842 1983 3078 2039 ἐνταῦθα
3105 1986 3206 2059 τὴν
3233 1989 3374 2043 κατά
3402 1990 3568 2062 νόμον
3598 1977 3713 2049 λα-θ

2117 2071 2324 2141 τρείαν.
2364 2072 2478 2143 Τὴν
2524 2072 2580 2126 δὲ
2627 2074 2728 2143 τῆς
2779 2075 3067 2143 αἰνέσεως
3126 2079 3351 2134 θυσίαν
3392 2082 3422 2135 6
3464 2083 3699 2149 ’Δκύλας

2121 2161 2344 2217 θυσίαν
2371 2164 2760 2232 εὐχαριστίας
2792 2167 3258 2238 προσηγόρευσεν.

2191 2259 2301 2319 κγ’,
2354 2252 2454 2308 κδ’.
2522 2271 2541 2306 ι
2574 2254 2638 2309 Ol
2699 2255 3125 2323 καταϐαίνοντες
3179 2261 3260 2324 είς
3309 2261 3583 2318 θάλασσαν
3638 2267 3700 2320 ὲν

2120 2341 2349 2408 πλοίοις,
2381 2326 2733 2407 ποιοῦντεςθ
2754 2344 3022 2414 ἐργασίαν
3056 2347 3114 2401 ὲν
3146 2346 3300 2403 ὕδασι
3327 2352 3563 2418 πολλοῖς.
3587 2356 3699 2409 Δύ-

2116 2433 2202 2486 τοὶ
2246 2428 2389 2487 εἶδον
2430 2433 2499 2489 τὰ
2540 2433 2680 2505 ἔργα
2722 2435 2955 2508 Κυρίου,
2990 2438 3182 2494 καὶτὰ
3210 2440 3498 2514 θαυμασία.
3528 2446 3698 2501 αὑτοῦ

2117 2528 2176 2580 ὲν
2204 2526 2283 2597 τῷ
2309 2527 2475 2599 βυθῷ.
2509 2545 2529 2580 ι
2575 2528 2972 2600 Παραϐολικῶς
2998 2532 3174 2588 ταῦτα
3214 2535 3464 2594 τέθεικεν
3498 2541 3529 2593 6
3563 2556 3697 2610 προ-

2120 2619 2319 2690 φήτης.
2344 2620 2510 2688 Λέγει
2532 2619 2591 2673 δὲ
2613 2620 2793 2687 τοῦτο,
2808 2622 2890 2676 ὅτι
2907 2623 3160 2699 καθάπερ
3182 2628 3234 2680 οί
3262 2625 3709 2701 ναυτιλλόμενοι,

2118 2710 2214 2763 καὶ
2255 2708 2327 2764 τὰ
2371 2710 2587 2781 μεγάλα
2623 2710 2996 2782 διαπερῶντες
3034 2715 3285 2788 πελάγη,
3329 2719 3696 2793 διαφερόντως

2116 2801 2216 2865 τάς
2260 2801 2412 2865 θείας
2454 2802 2857 2876 μεγαλουργίας
2901 2805 3091 2877 δρῶσι,
3123 2808 3362 2864 κλύδωσι
3399 2813 3502 2883 μὲν
3530 2814 3694 2885 χαλε-

2118 2894 2246 2956 ποῖς
2271 2893 2715 2964 περιπίπτοντες,
2749 2898 2900 2968 παρὰ
2931 2876 3111 2955 πᾶσαν
3138 2900 3195 2954 δὲ
3225 2876 3578 2976 ἀνθρωπίνην
3607 2876 3709 2960 ὲλ-Ι

2118 2982 2253 3036 πίδα
2281 2982 2382 3055 τῆς
2406 2984 2684 3056 σωτηρίας
2702 2986 3069 3053 ἀπολαύοντες
3092 3005 3110 3021 ο
3138 2989 3281 3045 οὕτω
3313 2993 3411 3046 καὶ
3448 2995 3694 3051 Ἰουδαῖοι

2117 3073 2237 3135 ταῖς
2307 3075 2617 3145 συμφοραῖς
2673 3075 2913 3141 ἐκείναις
2967 3083 3389 3151 περιπεσόντες,
3448 3087 3544 3140 καὶ
3597 3086 3696 3157 τὴν

437 3177 603 3231 etiam
635 3188 826 3227 omnes
877 3171 1153 3233 homines,
1195 3183 1391 3222 novam
1431 3182 1614 3222 rerum
1656 3167 2015 3221 mulationem

2129 3137 2444 3236 ἐλευθερίαν
2481 3137 2849 3237 ἀπειληφότες
2866 3137 2913 3200 ’δ
2934 3211 2948 3235 ,
2976 3137 3076 3242 τὴιν
3100 3171 3254 3228 θείαν
3279 3137 3697 3246 κατέμαθον

436 3264 865 3333 conspicientes,
895 3269 949 3315 et
987 3260 1203 3328 pristini
1247 3260 1449 3312 erroris
1478 3259 1864 3321 cessationem,
1897 3257 2018 3312 ani-

446 3369 771 3424 marumque
811 3350 1283 3421 tranquillitatem,
1341 3365 1405 3405 ac
1448 3350 1866 3404 resurrectionis
1895 3364 2020 3418 por-

447 3461 585 3511 tum,
621 3447 813 3502 horum
856 3442 1168 3512 largitorem
1194 3440 1453 3497 laudibus
1481 3442 1777 3496 celebrant.

513 3711 732 3783 1373
763 3709 941 3765 Vens.
971 3710 1063 3776 25,
1094 3707 1183 3765 26.
1233 3708 1452 3774 (Dixit,
1504 3720 1557 3764 et
1591 3709 1742 3764 stetit
1793 3711 2020 3781 spiritus
2122 3720 2123 3729 ‘

444 3806 719 3874 procellae,
757 3812 811 3858 et
849 3801 1075 3858 exaltati
1118 3799 1485 3857 sunt'ﬂuctus
1518 3801 1660 3869 ejus.
1703 3801 2024 3855 Ascendunt

448 3909 624 3962 usque
657 3893 722 3947 ad
754 3892 947 3957 caelos,
978 3899 1032 3946 et
1059 3888 1402 3945 descendunt
1432 3905 1605 3960 usque
1633 3888 1698 3943 ad
1736 3889 2016 3960 abyssos.»

444 3987 545 4041 tlis
572 4001 791 4056 quoque
830 3985 1013 4041 verbis
1043 3985 1250 4050 docuit,
1287 3984 1406 4053 ipso
1439 3990 1735 4049 annuente,
1755 3992 1809 4039 et
1848 3983 2021 4038 tristia

446 4080 585 4146 ﬁeri,
615 4087 667 4133 et
708 4084 900 4148 postea
931 4075 1173 4147 jucunda
1212 4076 1525 4132 succedere.

522 4188 542 4220 ‹
578 4169 774 4223 Anima
818 4182 1013 4224 eorum
1063 4168 1224 4223 malis
1270 4167 1604 4223 tabescebat.
1656 4166 1863 4239 [Vsus
1904 4168 2021 4240 27;]

446 4257 672 4314 Turbati
705 4268 856 4324 sunt,
892 4267 948 4314 et
976 4258 1113 4313 moti
1156 4266 1290 4312 sunt
1322 4257 1463 4313 sicut
1490 4258 1696 4325 ebrius,
1743 4267 1799 4314 et
1833 4260 2024 4314 omnis

446 4351 713 4419 sapientia
748 4365 941 4405 eorum
975 4333 1237 4417 absorpta
1269 4355 1373 4402 est.
1413 4365 1435 4399 ›
1482 4347 1697 4404 Perstat
1730 4351 1786 4403 in
1827 4348 2024 4404 simiii-

437 4444 654 4498 tudine.
689 4441 758 4496 Et
784 4441 1008 4496 videtur
1040 4439 1263 4509 quidem
1308 4439 1376 4493 de
1418 4441 1802 4512 navigantibus
1835 4441 2021 4511 loqui;

316 4598 322 4604 .
420 4549 540 4604 .per
567 4537 680 4588 haec
715 4541 900 4587 autem
929 4531 1112 4586 innuit
1137 4530 1322 4586 varias
1359 4546 1423 4587 ac
1458 4532 2023 4602 multiplicesanimae

444 4624 807 4685 calamitates,
833 4636 975 4690 quas
1003 4633 1163 4674 nemo
1187 4621 1440 4674 humanae
1462 4619 1745 4689 sapientia:
1764 4619 1815 4673 vi
1838 4619 2022 4675 discu-

444 4726 562 4770 tere
589 4722 794 4782 potest.
838 4710 949 4765 Nec
997 4711 1144 4765 enim
1190 4711 1411 4766 navium
1445 4710 1860 4782 gubernatores,
1914 4712 2024 4768 huc

446 4812 504 4858 et
548 4804 680 4856 illuc
700 4799 999 4854 ebriorum
1048 4798 1228 4854 instar
1275 4800 1484 4871 agitati,
1517 4814 1656 4856 cum
1695 4800 1849 4856 adest
1885 4809 2024 4856 tem-

451 4905 654 4963 pestas,
706 4906 922 4946 omnem
960 4891 1282 4949 adhibentes
1325 4901 1519 4959 artem,
1577 4892 1716 4947 mala
1762 4908 2024 4965 superare

450 4991 698 5052 pOSSttltt.

520 5069 683 5124 Vens.
719 5069 909 5125 28-50.
934 5089 952 5123 ι
989 5070 1057 5126 Ει
1084 5070 1459 5128 clamaret-unt
1484 5072 1551 5129 ad
1572 5073 1869 5131 Dominum
1894 5092 2017 5133 cum

518 5266 550 5306 ιι
575 5263 723 5321 .Luc.
750 5281 817 5331 .v,
845 5266 935 5323 20.
1017 5280 1039 5307 ε
1073 5267 1207 5326 Luc.
1246 5286 1404 5339 nm,
1434 5272 1524 5328 45.

2122 3272 2309 3326 ναμιν.
2344 3256 2454 3309 Καὶ
2487 3255 2586 3326 μὲν
2612 3256 2677 3327 δὴ
2707 3258 2807 3310 καὶ
2852 3259 3055 3324 πάντες
3083 3262 3360 3332 ἄνθρωποι
3399 3266 3502 3338 τὴν
3541 3267 3699 3338 ξένην

2121 3346 2232 3401 τῶν
2263 3347 2605 3417 πραγμάτων
2645 3348 2885 3420 ὁρῶντες
2927 3353 3255 3424 μεταϐολὴν,
3299 3357 3528 3431 καὶτῆς
3562 3379 3698 3432 προ-

2122 3437 2287 3508 τέρας
2318 3438 2537 3508 ἀπάτης
2564 3439 2665 3511 τὴν
2692 3441 2931 3507 παῦλαν,
2976 3445 3072 3497 καὶ
3107 3446 3218 3500 τῶν
3253 3447 3444 3519 ψυχῶν
3470 3450 3572 3521 τὴν
3598 3468 3697 3519 γα-

2122 3529 2314 3599 λήνην,
2358 3530 2452 3583 καὶ
2480 3530 2583 3601 τῆς
2618 3533 2972 3599 ἀναστάσεως
2997 3537 3090 3591 τὸν
3117 3537 3332 3609 λιμένα,
3366 3540 3461 3597 τὸν
3494 3542 3701 3597 τούτων

2123 3618 2467 3689 θαυμάζουσι
2502 3624 2758 3694 χορηγόν.

2194 3714 2295 3779 κε’,
2324 3722 2439 3780 κς·’.
2497 3735 2517 3767 ι
2547 3713 2681 3770 Eius
2704 3755 2721 3783 ,
2757 3720 2853 3774 καὶ
2899 3721 3088 3795 Eat-1]“
3116 3723 3335 3795 πνεῦμα
3368 3728 3698 3797 καταιγίδοςν

2118 3805 2220 3859 καὶ
2253 3805 2445 3876 ὑψώθη
2473 3807 2540 3861 τά
2571 3808 2790 3879 κύματα
2816 3812 3005 3883 αὐτῆς.
3035 3815 3447 3871 Ἀναϐαίνουσιν
3464 3819 3573 3885 ἕως
3592 3820 3702 3873 τῶν

2124 3896 2410 3967 οὐρανῶν,
2454 3900 2551 3951 καὶ
2595 3902 3017 3959 καταϐαίνουσιν
3062 3906 3167 3972 ἕως
3209 3908 3317 3963 τῶν
3365 3910 3639 3967 ἀϐύσσων.
3672 3931 3696 3965 ι

2124 3986 2237 4039 Kal.
2262 3985 2361 4040 ’διὰ
2388 3988 2597 4043 τούτων
2629 3990 2889 4059 ἐδίδαξεν,
2916 3995 2992 4060 ὡς
3015 3982 3191 4050 αὑτοῦ⁵
3212 3998 3484 4067 νεύοντος,
3516 4001 3609 4055 καὶ
3633 4001 3703 4056 τά

2126 4077 2348 4149 λυπηρά
2378 4080 2652 4150 γίγνεται,
2675 4086 2882 4140 καὶτὰ
2915 4087 3137 4161 θυμήρη
3172 4070 3550 4162 προσγίνεται.

2199 4188 2218 4221 ι
2239 4170 2304 4223 Ἦ
2325 4170 2471 4244 ψυχὴ
2496 4174 2678 4230 αὐτῶν
2710 4178 2770 4230 ἐν
2792 4180 2982 4242 κακοῖς
3014 4180 3263 4251 ἐτήκετο.
3296 4182 3454 4257 [κζ’.]
3484 4185 3705 4257 Ἐταρά-

2126 4257 2358 4332 χθησαν,
2388 4264 2484 4317 καὶ
2501 4266 2547 4298 ’⁵
2571 4266 2968 4340 ὲσαλεύθησαν,
2985 4269 3061 4334 ὡς
3088 4272 3117 4324 6
3149 4272 3365 4342 μεθύων
3384 4291 3399 4306 ο
3430 4276 3528 4330 καὶ
3556 4278 3703 4331 πᾶσα

2186 4353 2348 4421 σοφία
2396 4354 2578 4409 αὐτῶν
2624 4357 2924 4429 κατεπόθη.
2959 4377 2980 4412 ι
3035 4360 3326 4433 Ἐπέμεινε
3370 4367 3440 4435 τῇ
3488 4368 3699 4436 τροπῇ..

2057 4473 2103 4532 D
2126 4443 2224 4496 καὶ
2252 4442 2409 4498 δοκεῖ
2460 4446 2719 4529 μὲνπερὶ
2746 4449 2855 4504 τῶν
2896 4452 3331 4524 ναυτιλλομένων
3362 4454 3552 4523 λέγειν
3573 4471 3587 4487 ·
3617 4458 3704 4510 ai-

2128 4533 2370 4588 νίττεται
2401 4532 2460 4589 δὲ
2493 4536 2582 4591 διὰ
2613 4538 2820 4595 τούτων
2842 4542 2943 4605 τὰς
2971 4543 3322 4608 παντοδαπὰς
3346 4544 3452 4615 τῆς
3488 4545 3706 4614 φύσεως

2131 4627 2461 4699 συμφοράς’
2512 4628 2580 4694 ἃς
2624 4632 2802 4697 οὐδεὶς
2834 4633 3155 4709 ἀνθρωπίνῃ
3202 4636 3367 4708 σοφίᾳ
3420 4638 3707 4709 χρώμενος

2129 4716 2315 4782 ἱκανὸς
2352 4717 2622 4776 διαλῦσαι.
2658 4723 2795 4776 Οὐδὲ
2822 4724 2930 4795 γὰρ
2964 4727 3015 4778 οί
3058 4727 3413 4799 κυϐερνῆται,
3449 4730 3579 4800 τῇδε
3610 4729 3709 4783 κά-

2128 4808 2280 4861 κεῖσε
2331 4808 2641 4877 μεθυόντων
2689 4812 2844 4884 δίκην
2884 4817 3307 4888 περιφερόμενοι
3333 4856 3348 4881 ,
3376 4816 3462 4871 ὅτ’
3503 4818 3571 4874 ἂν
3605 4819 3710 4872 ὺπ-

2133 4895 2282 4968 άρχῃ
2310 4898 2373 4952 τὸ
2402 4899 2718 4970 κλυδώνιον,
2765 4905 2948 4960 πᾶσαν
2979 4906 3329 4979 εἰσφέροντες
3355 4906 3461 4979 τὴν
3487 4908 3706 4980 τέχνην,

2131 4987 2518 5067 περιγενέσθαι
2549 4989 2804 5055 δύνανται
2835 4994 2945 5050 τῶν
2970 4996 3179 5054 δεινῶν.
3441 5032 3445 5037 ο

2201 5076 2412 5149 κη’,-λ’.
2450 5099 2469 5133 ι
2500 5082 2613 5139 Ka‘t
2660 5085 2969 5159 ἐκέκραξαν
2999 5088 3135 5160 πρὸς
3162 5090 3371 5163 Κύριον
3397 5092 3459 5148 ὲν
3486 5089 3562 5165 τῷ
3594 5088 3710 5145 θλί-

1553 5455 1790 5513 νΑῐιιΑεῑ
1815 5457 2204 5518 LECTIONES
2250 5459 2615 5535 maeres.

514 5607 564 5640 ”
598 5614 822 5685 Ηιινατ.
868 5617 996 5672 eod.
1021 5619 1050 5671 1

448 5692 604 5738 tttum
638 5686 691 5739 in
734 5685 853 5741 cod.
889 5689 908 5739 l
945 5704 1009 5741 ex
1062 5685 1249 5741 errore
1314 5685 1567 5752 Librarii.
1611 5702 1684 5746 .ut
1722 5685 1958 5749 videtur:

444 5756 590 5827 fecit,
617 5771 663 5813 s.
696 5757 977 5812 excitavit.

1105 5634 1293 5688 praem.
1344 5620 1440 5690 τῷ.
1518 5623 1564 5657 ²⁰
1593 5623 1717 5678 cod.
1772 5624 1794 5677 1
1835 5625 2017 5697 ἀνυμνη

1105 5704 1249 5729 rrum
1314 5688 1542 5729 Ι.ἰ1ιι·ευ·ἰί
1621 5702 1678 5729 nl
1722 5693 1939 5729 vidntur-

2131 5629 2237 5729 ...ῗέ
2274 5629 2718 5729 θῗδῖῑπὲἒὶῗὲἕθ
2752 5634 2976 5729 “39-4:
3035 5637 3523 5729 .‘I.’1°“’.‘?f..'§€--.
3540 5639 3723 5729 ἐἴρξ-

1062 5703 1249 5741 errore
1315 5696 1567 5752 Librarii.
1611 5702 1684 5746 .ut
1722 5696 1958 5749 videtur.
2050 5697 2097 5729 "
2130 5696 2255 5752 cod.
2311 5700 2335 5751 1
2389 5701 2697 5773 είληφότες.

1053 5759 1098 5789 ³⁵
1129 5759 1259 5812 Καί.
1317 5761 1481 5816 Abest
1540 5777 1570 5817 a
1624 5761 1745 5817 cod.
1802 5766 1970 5820 leta
2016 5773 2162 5822 textu
2214 5766 2320 5825 τῶν
2349 5767 2424 5825 0'.

2780 5705 2839 5771 ,³⁵
2868 5705 2978 5761 Καὶ
3026 5706 3200 5775 ἔστη.
3263 5705 3447 5765 Πρω-,⁷
3475 5721 3523 5764 et
3562 5705 3711 5763 stare
