3822 6324
152 299 305 367 1745

1567 291 1651 354 ΙΝ
1687 285 1896 353 PSAL.
1937 287 2082 353 CVI.

3262 280 3273 335 ’.
3291 274 3425 340 Ῑτῖϐ

153 421 356 475 ϐεσθαι
381 417 603 483 αὐτοὺς,
632 419 727 473 καὶ
753 419 818 472 ὲκ
840 416 949 473 τῶν
970 414 1227 487 ἀναγκῶν
1262 413 1441 472 αύτῶν
1471 412 1730 481 ὲξήγαγει

1848 403 2259 468 tribularcntu’r,
2291 410 2343 457 et
2373 414 2439 457 ex
2469 398 2740 470 angustiis
2776 410 2964 452 corum
2996 392 3189 451 eduxit
3218 396 3429 449 eos.‘l$t

153 511 386 578 αὐτούς.
422 512 533 566 Kal
547 512 595 545 "
633 511 868 579 ἐπέταξε
897 513 965 583 τῇ
1001 507 1305 579 καταιγίδι,
1349 507 1443 561 καὶ
1483 504 1617 575 ἔστη
1662 503 1745 568 είς

154 601 363 677 αὖραν,
388 604 482 658 καὶ
508 603 775 675 ἐσίγησαν
804 604 875 659 τὰ
904 603 1126 674 κύματα
1149 600 1342 669 αὐτῆς.
1371 598 1481 653 Kal.
1504 597 1745 668 εὐφράν-

157 694 359 764 θησαν,
390 693 473 746 δτι
496 689 803 765 ἡσύχασαν.
839 711 859 744 ι
895 690 1187 754 Κάκείνοις
1230 689 1289 743 δὲ
1331 688 1449 751 τοῖς
1489 684 1745 739 πλέουσιν

156 784 620 854 ἐπικαλουμένοις
648 783 750 856 τὴν
771 782 984 837 οίκείαν
1015 782 1189 854 ῥοπὴν
1213 779 1418 854 ὀρέγει,
1433 777 1531 832 καὶ
1560 775 1741 831 νεύειο

156 874 261 927 καὶ
307 874 656 945 παραχρῆμα
713 874 796 936 είς
853 868 1032 944 αὖραν
1092 872 1331 941 πραεῖαν
1383 869 1417 939 ή
1481 865 1743 935 καταιγὶς

162 962 587 1033 μταϐάλλεται,
631 961 858 1033 καὶτῆς
886 961 1056 1033 ζάλης
1097 960 1161 1014 τὸ
1193 960 1430 1028 πέλαγος
1462 956 1740 1012 ἀπαλλάτο

156 1069 339 1116 τεται,
375 1052 472 1107 καὶ
496 1055 547 1108 οί
578 1052 846 1126 λυπηροῖς
881 1070 991 1107 τισι
1024 1051 1494 1124 προσπαλαίοντες
1524 1048 1615 1104 διὰ
1642 1050 1745 1120 τῆς

158 1142 332 1196 αὑτοῦ
383 1143 606 1216 χάριτος
652 1143 956 1215 μεταϐολὴν
1001 1143 1318 1214 εὑρίσκουσι
1363 1141 1474 1198 τῶν
1530 1140 1739 1195 κακῶν.

155 1234 349 1299 Οὕτως
367 1233 412 1268 ³⁷
429 1235 674 1290 Ἰουδαῖοι
702 1238 803 1308 τῆς
834 1236 1044 1307 πικρᾶς
1069 1236 1315 1300 δουλείας
1346 1233 1564 1304 ἐκείνης
1582 1232 1745 1304 ἠλευ-

157 1316 505 1396 θέρώθησαν.
543 1344 562 1378 t
604 1325 717 1380 Kal
752 1325 1041 1397 ὡδήγησεν
1070 1325 1270 1390 αὐτοὺς
1299 1325 1393 1379 ἐπὶ
1418 1324 1617 1394 λιμένα
1648 1322 1740 1376 θε-

155 1415 409 1487 λήματος
448 1414 699 1472 αὑτοῦ²³.
739 1434 759 1467 ι
795 1415 950 1487 "Apta
999 1415 1108 1485 γὰρ
1138 1414 1399 1484 ἠθέλησε,
1443 1412 1540 1467 καὶ
1583 1410 1741 1474 λύσις

155 1508 382 1577 ἐγένετο
418 1508 529 1562 τῶν
558 1507 769 1573 κακῶν,
806 1510 901 1562 καὶ
928 1508 1052 1561 ἀντὶ
1091 1506 1188 1560 τοῦ
1217 1505 1487 1568 κλύδωνος
1512 1506 1541 1558 ό
1571 1503 1740 1574 λιμὴν

154 1598 441 1670 ἀνεφάνηο
465 1599 562 1655 καὶ⁵
592 1598 754 1652 τοῦτο
781 1599 840 1652 δὲ
867 1598 1069 1669 μᾶλλον
1107 1598 1240 1669 ἡμῖν
1260 1639 1275 1663 ,
1305 1597 1339 1667 ἢ
1375 1596 1610 1659 ἐκείνοις
1640 1595 1741 1664 ἁρ-

158 1688 366 1759 μόδιον.
412 1687 590 1760 Ἦμᾶς
621 1689 730 1760 γάρ
778 1690 859 1751 εἰς
894 1688 989 1741 τὸν
1020 1686 1118 1741 τοῦ
1166 1687 1473 1757 θελήματος
1504 1684 1675 1738 αὑτοῦ
1693 1684 1738 1717 ¹⁹

154 1779 358 1850 λιμένα
388 1779 764 1852 καθώρμισεν,
813 1782 913 1852 τὴν
945 1779 1096 1835 θείαν
1133 1779 1303 1834 αὑτοῦ
1350 1778 1741 1851 δωρησάμενος

153 1870 389 1940 γνῶσιν.

228 1961 331 2029 λα’,
354 1960 456 2035 λβ¹.
490 1982 510 2017 ι
533 1963 1164 2038 Ἐξομολογησάσθωσαν
1190 1964 1269 2037 τῷ
1296 1965 1490 2036 Κυρίῳ
1515 1958 1586 2020 τά
1613 1964 1739 2035 ὲλέη

154 2054 353 2121 αὐτοῦ,
383 2055 482 2110 καὶ
524 2055 593 2112 τὰ
637 2055 921 2128 θαυμάσια
965 2057 1133 2111 αὐτοῦ
1175 2059 1289 2121 τοῖς
1318 2059 1457 2121 υἱοῖς
1491 2056 1602 2112 τῶν
1640 2058 1742 2111 άν-

154 2141 417 2213 θρώπων.
457 2144 866 2215 ’Υψωσάτωσαν
895 2147 1062 2200 αὑτὸν
1090 2148 1150 2201 ὲν
1176 2147 1445 2219 ἐκκλησίᾳ
1470 2147 1624 2210 λαοῦ,
1644 2147 1740 2201 καὶ

153 2231 219 2285 ἒν
267 2234 506 2306 καθέδρᾳ
522 2235 568 2267 ³⁸
629 2236 1022 2308 πρεσϐυτέρων
1067 2239 1443 2292 αίνεσάτωσαν
1483 2238 1670 2292 αὐτόν.
1712 2257 1732 2291 ι

154 2325 273 2377 Kal
294 2326 455 2379 τοῦτο
489 2327 643 2398 παρὰ
663 2327 775 2382 τῶν
796 2328 1246 2383 πεπιστευκότων
1273 2329 1444 2384 ἐθνῶν
1471 2329 1738 2394 διηνεκῶς

150 2414 447 2486 γινόμενον
471 2416 620 2471 ἔστιν
648 2418 796 2474 ίδεῖν.
838 2419 928 2474 Ἐν
961 2420 1164 2485 πάσαις
1189 2421 1299 2493 γὰρ
1328 2424 1450 2484 ταῖς
1476 2422 1617 2476 κατὰ
1636 2421 1738 2493 τὴν

149 2507 489 2578 οἰκουμένην
531 2508 917 2579 Ἐκκλησίαις,
961 2511 1057 2565 τοῦ
1082 2511 1228 2584 ίεροῢ
1251 2511 1665 2584 καθηγουμένου
1686 2515 1729 2546 ³⁸

154 2596 442 2667 συλλόγου,
497 2598 643 2665 ἅπας
686 2602 715 2655 ὁ
743 2601 871 2666 λαὸς
915 2603 1010 2657 τὸν
1061 2604 1360 2674 εὐεργέτην
1405 2605 1591 2676 ὑμνεῖ,
1637 2605 1735 2676 τῆς

151 2687 314 2768 θείας
341 2687 752 2760 φιλανθρωπίας
781 2692 880 2756 τὰς
917 2692 1366 2765 θαυματουργίας
1391 2694 1624 2760 διεξιών.

229 2779 333 2847 λγθ,
367 2780 465 2834 λδν.
499 2799 519 2832 ι
551 2781 744 2835 Ἔθετο
775 2785 1054 2854 ποταμοὺς
1086 2785 1167 2848 είς
1198 2787 1425 2856 ἔρημον,
1468 2787 1562 2840 καὶ
1593 2787 1735 2854 διεξ-

149 2870 315 2935 όδους
344 2872 554 2927 ὑδάτων
588 2874 670 2937 είς
694 2873 875 2944 δίψαν.
916 2876 1023 2947 Γῆν
1050 2878 1400 2947 καρποφόρον
1443 2879 1523 2941 είς
1554 2878 1733 2949 ἅλμην

150 2952 268 3014 ἁτέὺ
293 2961 494 3026 κακίας
518 2962 624 3016 τῶν
655 2963 1060 3019 κατοικούντων
1084 2968 1141 3019 έν
1166 2966 1326 3036 αὐτῇ.
1354 2985 1373 3018 ι
1395 2967 1656 3037 Ύμνοῦσι
1677 2969 1734 3022 δὲ

1848 497 2106 567 ρτωοερὶι
2134 494 2390 566 procellae
2419 493 2562 563 ejus,
2593 501 2645 547 et
2678 489 2927 547 constitit
2960 504 3127 553 aura,
3165 496 3220 541 ct
3256 485 3425 540 silue-

1849 597 1977 643 runt
2002 588 2201 644 ﬂuctus
2234 585 2373 658 ejus.
2410 587 2475 641 Et
2503 585 2667 640 laetati
2703 591 2854 646 sunt,
2903 582 3031 652 quia
3061 581 3359 636 siluerunt.
3400 598 3419 631 ι

1848 679 2021 735 Porro
2072 689 2129 735 et
2173 679 2283 734 illis
2331 678 2426 748 qui
2478 677 2739 747 navigant
2792 675 2970 746 ipsum
3039 671 3424 727 invocantibus

1846 785 2005 841 opem
2039 787 2196 827 suam
2235 768 2467 833 confert,
2503 778 2559 824 et
2594 769 2808 835 annuit,
2845 765 3141 835 statimque
3171 764 3226 820 in
3269 774 3423 817 tran-
3470 780 3478 807 ν

1846 862 2073 930 quillam
2113 877 2301 917 auram
2351 862 2591 932 procella
2629 860 2988 924 convertitur,
3039 866 3096 911 et
3135 856 3363 927 pelagus
3390 870 3423 910 a
3456 866 3468 897 ν

1816 954 2101 1010 ﬂuctibus
2134 954 2420 1018 liberatur,
2452 962 2508 1009 et
2540 952 2634 1023 qui
2663 967 2787 1008 cum
2823 952 3077 1007 tristibus
3112 950 3279 1005 rebus
3304 948 3422 1004 col-

1844 1045 2217 1110 luctabantur,
2247 1061 2344 1116 per
2363 1045 2487 1115 ejus
2506 1044 2736 1116 gratiam
2760 1043 3030 1098 malorum
3058 1042 3421 1096 mutationem

1846 1135 2267 1192 nanciscuntur.
2319 1134 2411 1190 Sic
2451 1131 2625 1189 Judaei
2665 1132 2734 1187 ab
2780 1133 2975 1187 acerba
3019 1131 3110 1185 illa
3161 1130 3423 1186 servitute

1818 1228 2058 1283 liberati
2093 1227 2271 1282 fuere.
2309 1244 2329 1277 ι
2369 1225 2433 1280 Et
2465 1224 2691 1281 deduxit
2729 1237 2825 1278 eos
2864 1223 2920 1277 in
2963 1231 3178 1292 portum
3219 1222 3421 1277 volun-

1846 1321 1971 1377 tatis
1999 1335 2133 1374 suae.
2163 1337 2184 1372 ι
2225 1318 2401 1373 Simul
2433 1332 2499 1373 ac
2521 1316 2667 1371 enim
2699 1314 2894 1381 voluit,
2907 1315 3055 1369 mala
3082 1329 3300 1383 quoque
3323 1314 3421 1368 de-

1844 1413 1997 1483 pulsa
2028 1419 2176 1477 sunt,
2208 1419 2264 1467 et
2301 1425 2403 1482 pro
2443 1415 2768 1479 tempestate
2811 1415 3005 1478 portus
3042 1407 3313 1476 apparuit.
3358 1406 3423 1459 Et

1845 1504 1950 1559 hoc
1996 1504 2155 1560 nobis
2214 1503 2397 1573 potius
2438 1517 2603 1572 quam
2661 1500 2768 1556 illis
2825 1513 3141 1570 congruens
3198 1504 3305 1552 est.
3361 1495 3423 1551 In

1848 1595 2063 1668 13³14
2104 1595 2581 1651 voluntatisenim
2627 1608 2740 1648 suae
2772 1601 2990 1663 portum
3026 1606 3128 1647 nos
3169 1589 3416 1656 deduxit,

1842 1687 2082 1743 divinam
2121 1702 2275 1743 suam
2310 1685 2680 1756 cognitionem
2710 1683 2963 1753 largitus.

1914 1949 2078 2006 Vrsas.
2109 1948 2200 2013 51,
2232 1947 2323 2003 52.
2366 1965 2385 2000 ι
2417 1944 2793 2003 Conﬁteantur
2817 1944 2872 2000 in
2906 1944 3171 2001 honorem
3197 1943 3416 1999 Domini

1843 2040 2274 2097 misericordiam
2307 2040 2447 2110 ejus,
2499 2048 2554 2094 et
2603 2038 2877 2094 mirabilia
2916 2038 3039 2107 ejus
3090 2038 3232 2093 inter
3279 2036 3416 2091 ﬁlios

1840 2131 2143 2186 hominum.
2177 2130 2245 2186 Et
2272 2131 2511 2186 exaltent
2537 2145 2662 2185 cum
2697 2129 2753 2184 in
2786 2137 3059 2185 conventu
3106 2129 3315 2198 populi,
3350 2138 3408 2184 et

1839 2222 1893 2277 in
1923 2222 2178 2277 cathedra
2208 2221 2489 2278 seniorum
2512 2221 2734 2276 laudent
2762 2235 2909 2276 eum.
2942 2239 2961 2272 ι
3002 2221 3068 2275 Et
3100 2220 3203 2276 boc
3225 2235 3257 2275 a
3283 2236 3415 2290 gen-

1816 2314 2008 2380 ,tibus,
2039 2329 2163 2385 qua:
2192 2314 2569 2379 crediderunt,
2603 2313 2866 2369 continue
2896 2313 3013 2369 ﬁeri
3047 2313 3231 2369 videre
3262 2313 3411 2369 licet.

1838 2406 1895 2461 lu
1953 2407 2169 2462 cunctis
2216 2406 2364 2462 enim
2419 2407 2569 2461 orbis
2613 2414 2883 2461 terrarum
2918 2406 3207 2470 Ecclesiis,
3252 2421 3425 2461 sacro

1838 2503 2116 2566 praeeunte
2147 2506 2317 2560 coam,
2364 2496 2546 2553 omnis
2580 2497 2814 2566 populus
2846 2497 3091 2553 beneﬁcii
3129 2507 3412 2553 auctore.“

1837 2588 2060 2657 laudat,
2121 2587 2320 2642 divinae
2364 2587 2714 2660 benignitatis
2760 2588 3026 2644 miracula
3078 2604 3412 2646 commemo-

1834 2695 1984 2737 rans.

1906 2770 2074 2826 Vens.
2100 2771 2191 2836 53,
2227 2770 2316 2825 54.
2354 2790 2372 2823 ι
2411 2770 2563 2828 Fecit
2612 2782 2672 2827 ut
2722 2772 2946 2829 ﬂumina
2989 2773 3182 2830 ﬁerent
3222 2775 3414 2829 «luser-

1836 2874 1974 2932 tum,
2007 2873 2062 2920 et
2087 2867 2269 2921 exitus
2305 2882 2594 2937 aquarum,
2642 2868 2782 2923 sitis.
2839 2868 2906 2923 Ut
2938 2877 3079 2924 terra
3127 2868 3413 2924 fructifera

1836 2956 1986 3012 ﬁeret
2015 2958 2238 3027 salsugo
2268 2958 2337 3012 ob
2368 2958 2634 3013 malitiam
2670 2960 3037 3014 habitantium
3073 2960 3125 3013 in
3169 2976 3253 3012 ea.
3297 2978 3315 3011 ι
3348 2957 3413 3012 lli

151 3052 327 3106 αὐτὸν
380 3055 429 3107 oi
483 3055 587 3123 τῆς
641 3056 921 3126 σωτηρίας
980 3057 1362 3128 τετυχηκότες,
1420 3059 1519 3130 τὴν
1572 3059 1729 3131 ξένην

1848 3057 2038 3115 autem,
2057 3049 2152 3119 qui
2176 3049 2407 3104 salutem
2436 3051 2715 3105 consecuti
2740 3059 2889 3118 sunt,
2911 3052 3086 3121 ipsum
3111 3052 3412 3109 celebrant.

149 3144 397 3214 ὁρῶντες
428 3147 758 3218 μεταϐολήν.
792 3150 856 3202 Ol
894 3147 1005 3219 γὰρ
1045 3150 1211 3204 πάλαι
1239 3151 1457 3215 πολλοῖς
1496 3152 1734 3224 ἀρδόμε-

152 3255 245 3291 νοι
276 3242 640 3310 προφητικοῖς
656 3244 941 3311 ποταμοῖς,
962 3240 1057 3295 καὶ
1085 3243 1298 3316 καρπὸν
1325 3243 1536 3317 ῶριμον
1562 3262 1734 3314 προσ-

151 3325 420 3398 φέροντες
438 3328 519 3400 τῷ
545 3329 686 3400 Θεῷ,
710 3331 807 3385 νῦν
830 3331 953 3384 οὐδὲ
983 3332 1187 3397 νοτίδος
1217 3336 1419 3404 μικρᾶς
1438 3335 1737 3389 ἀπολαύου-

155 3431 272 3480 σιν,
312 3416 428 3470 ἀλλ’
460 3417 663 3490 ἔρημοι
696 3420 935 3491 πάμπαν
973 3421 1060 3475 διὰ
1100 3422 1200 3493 τὴν
1232 3423 1440 3477 οίκείαν
1468 3424 1735 3497 πονηρίαν

148 3505 261 3578 τῆς
291 3507 560 3581 προτέρας
588 3509 811 3589 ἀρδείας
836 3510 1177 3581 γεγένηνται.

232 3685 327 3742 λε’.
366 3705 386 3739 ι
402 3687 595 3742 Ἔθετο
621 3688 827 3761 ἔρημον
861 3692 941 3753 είς
967 3690 1166 3762 λίμνας
1189 3693 1419 3760 ὑδάτων,
1447 3694 1539 3749 καὶ
1559 3697 1605 3729 ³²
1630 3697 1734 3767 γῆν

152 3776 391 3848 ἄνυδρον
418 3778 498 3842 είς
523 3779 793 3845 διεξόδους
816 3781 1048 3840 ὑδάτων.
1085 3802 1104 3834 ι
1139 3784 1222 3837 Τὰ
1249 3783 1308 3837 δὲ
1340 3784 1510 3840 πάλαι
1546 3785 1733 3858 ἔρημα

152 3867 291 3939 ἔθνη
314 3907 330 3931 ,
362 3869 458 3923 καὶ
486 3871 611 3924 οὐδὲ
638 3872 899 3943 βραχεῖαν
929 3874 1205 3945 ἐσχηκότα
1228 3875 1444 3942 λιϐάδα,
1478 3878 1593 3940 τοῖς
1630 3878 1733 3948 τῆς

148 3958 508 4024 διδασκαλίας
538 3959 695 4016 ὕδασι
733 3962 1125 4033 περικλύζεται
1152 4005 1167 4032 ,
1216 3965 1357 4037 ὑπὲρ
1401 3965 1504 4037 τὴν
1542 3968 1732 4037 χρείαν

148 4047 230 4103 τὰ
252 4047 448 4119 λογικά
477 4050 741 4122 δεχόμενα
769 4053 1042 4126 ῥεύματα.

227 4224 336 4292 λς’.
378 4245 400 4279 ι
428 4227 543 4282 Kal
586 4229 895 4301 κατῴκισεν
923 4231 1041 4286 ἐκεῖ
1077 4234 1379 4300 πεινῶντας
1404 4275 1419 4302 ,
1472 4238 1568 4291 καὶ
1606 4254 1732 4291 συν-

146 4318 458 4389 εστήσαντο
511 4320 700 4386 πόλεις
734 4324 1107 4387 κατοικεσίας.
1145 4343 1164 4376 ι
1230 4327 1369 4391 Τοὺς
1414 4327 1523 4399 γὰρ
1561 4329 1731 4383 πάλαι

1836 3155 2033 3195 novam
2067 3149 2123 3196 et
2175 3141 2493 3198 inusitatam
2547 3144 2822 3200 intuentes
2870 3144 3250 3199 mutationem.
3306 3144 3414 3211 Qui

1835 3234 1982 3286 enim
2025 3232 2215 3288 multis
2245 3234 2375 3288 olim
2418 3250 2700 3290 sacrorum
2747 3236 3137 3306 prophetarum
3170 3236 3412 3290 ﬂuuiiini-

1836 3324 1940 3379 bus
1990 3324 2198 3395 irrigati
2237 3335 2413 3392 erant,
2467 3327 2959 3398 tempestivumque
3005 3328 3246 3383 fructum
3304 3328 3412 3382 De»

1835 3413 2171 3484 allen-ebant,
2227 3431 2375 3472 nunc
2420 3433 2488 3472 ne
2545 3418 2844 3489 perexiguo
2899 3419 3121 3489 quidem
3182 3420 3415 3474 humore

1835 3506 2217 3577 perfruuntur,
2271 3508 2366 3564 sed
2401 3509 2471 3565 ob
2505 3510 2781 3580 propriam
2824 3511 3147 3581 pravitatem
3181 3512 3410 3581 pristina

1836 3598 2156 3668 irrigatione
2182 3598 2395 3668 penitus
2425 3599 2675 3676 destituti-
2707 3611 2855 3655 sunt.

1908 3689 2075 3746 Vens.
2125 3691 2216 3747 55.
2268 3709 2288 3743 ι
2342 3690 2495 3747 Fecit
2546 3703 2607 3747 ut
2656 3692 2931 3750 desertum
2996 3701 3302 3751 mutaretur
3356 3695 3411 3748 in

1834 3789 2026 3849 stagna
2068 3794 2375 3850 aquarum,
2415 3790 2468 3836 et
2510 3790 2655 3837 terra
2691 3796 2833 3851 aqua
2882 3797 3076 3837 carens
3122 3785 3177 3836 in
3228 3786 3410 3837 exitus

1835 3886 2124 3940 aquarum.
2163 3888 2183 3924 ι
2230 3870 2430 3927 Gentes
2465 3887 2615 3938 vero,
2655 3887 2777 3941 quae
2805 3871 2934 3928 olim
2968 3874 3199 3930 deserta:
3228 3882 3407 3935 erant.

1833 3978 2065 4035 quaeque
2123 3978 2191 4019 ne
2236 3964 2493 4034 exiguam
2546 3964 2791 4033 quidem
2830 3966 3035 4021 stillam
3091 3967 3408 4031 habebant.

1834 4054 2099 4110 doctrina:
2145 4055 2304 4125 aquis
2343 4055 2663 4126 irrigantur,
2710 4064 2900 4127 utpote
2937 4073 3061 4128 quae
3099 4059 3405 4129 spiritualia

1832 4147 2035 4204 ﬂuenta
2068 4162 2234 4216 supra
2271 4162 2439 4217 quam
2484 4162 2708 4205 necesse
2740 4148 2834 4212 sit,
2869 4150 3162 4221 recipiunt.

1903 4238 2070 4295 Vens.
2103 4239 2192 4294 ‘56.
2231 4259 2251 4292 ι
2285 4239 2353 4294 Ει
2392 4239 2675 4296 collocavit
2710 4241 2783 4296 ibi
2814 4243 3143 4310 esurientes,
3185 4255 3240 4299 et
3268 4261 3405 4301 con-

1834 4332 2132 4391 stituerunt
2171 4332 2424 4388 civitates
2456 4332 2832 4390 habitationis.
2871 4355 2890 4388 ι
2939 4336 3047 4391 Eos
3083 4337 3257 4403 enim,
3311 4339 3406 4408 qui

143 4407 303 4478 λιμῷ
329 4410 674 4482 τηκομένους
696 4452 712 4478 ,
740 4414 836 4468 καὶ
859 4414 962 4483 τῆς
990 4416 1372 4488 πνευματικῆς
1400 4419 1609 4489 τροφῆς
1637 4420 1728 4473 ὲν-

1848 4428 1963 4485 )1ἱιη
1998 4425 2142 4481 fame
2171 4424 2625 4492 conﬁciebantur,
2678 4435 2733 4482 et
2778 4427 3043 4497 spirituali
3083 4430 3282 4499 pabulo
3315 4403 3409 4484 ca-

139 4501 327 4566 δεεῖς,
361 4504 420 4555 ὲν
444 4503 678 4567 ἐκείνοις
709 4505 990 4577 κατῴκισε
1029 4509 1143 4572 τοῖς
1182 4511 1469 4579 ποταμοῖς,
1496 4511 1591 4565 καὶ
1627 4511 1727 4583 τὴν

138 4590 355 4663 εὐσεϐῆ
385 4596 755 4666 συνεστήσατο
782 4597 1079 4654 πολιτείανε

220 4681 322 4747 λζ’.
353 4702 373 4735 ι
409 4684 521 4738 Kal
545 4684 809 4759 ἔσπειραν
832 4690 1058 4762 ἀγροὺς,
1077 4691 1175 4746 καὶ
1202 4692 1511 4763 ἐφύτευσαν
1545 4693 1728 4765 ἀμπε-

136 4771 350 4837 λῶνας,
403 4775 498 4850 καὶ
536 4777 803 4850 ἐποίησαν
850 4780 1068 4853 καρπὸν
1123 4785 1486 4856 γεννήματος.
1535 4803 1555 4838 ι
1614 4784 1728 4840 Kal.

137 4862 324 4917 ταῦτα
355 4863 571 4922 ἅπαντα
602 4870 886 4941 τροπικῶς
919 4873 1146 4946 εἴρηκεν
1181 4877 1212 4929 ό
1246 4876 1556 4945 προφήτης.
1614 4876 1727 4931 Kal.

135 4958 173 5010 ὁ
225 4955 433 5028 Κύριος
468 4959 515 4993 ³⁸
549 4961 889 5033 παραϐολαῖς
942 4966 1223 5030 τοιαύταις
1277 4967 1581 5039 ἐχρήσατο·
1624 4969 1721 5021 καὶ

1832 4520 2044 4585 rebant,
2077 4519 2132 4574 in
2162 4522 2183 4543 ‘
2212 4519 2320 4575 illis
2348 4518 2668 4575 ﬂuminibus
2706 4519 2958 4577 habitare
2988 4520 3133 4589 fecit,
3171 4530 3227 4578 et
3260 4521 3405 4591 piam

1837 4608 2050 4681 1375
2091 4609 2215 4664 vita:
2259 4609 2526 4665 rationem
2569 4611 2871 4667 constituit.

1908 4703 2073 4758 Vens.
2105 4702 2195 4757 57.
2230 4720 2250 4754 ι
2285 4699 2351 4757 Ει
2380 4703 2789 4758 seminaverunt
2818 4718 3000 4774 agros,
3038 4713 3091 4759 et
3120 4703 3401 4774 plantave-

1834 4800 1965 4849 runt
1993 4793 2210 4856 vineas,
2257 4800 2312 4846 et
2359 4790 2602 4846 fecerunt
2646 4792 2885 4848 fructum
2932 4801 3248 4863 proventus.
3287 4812 3306 4844 ι
3344 4791 3408 4845 Et

1838 4883 1954 4940 haec
1981 4883 2163 4939 omnia
2195 4881 2457 4952 prepbcta
2488 4898 2586 4952 per
2623 4884 3033 4940 translationem
3077 4883 3235 4939 dixit.
3287 4883 3408 4952 Ipse

1832 4987 2053 5043 quoque
2092 4971 2355 5027 Dominus
2392 4971 2702 5042 hujnsmodi
2740 4973 3238 5044 comparationibus
3267 4990 3405 5028 usus

94 5094 101 5101 .
137 5045 282 5101 ποτὲ
312 5047 415 5119 μὲν
438 5050 567 5115 τοὺς
609 5053 947 5120 ἀποστόλους
980 5055 1211 5111 ἐκάλεσε
1255 5056 1537 5128 θεριστὰς,
1592 5056 1725 5111 ποτὲ

1854 5071 1922 5118 sl.
1959 5061 2271 5131 Aliquando
2309 5061 2456 5119 enim
2502 5061 2784 5130 apostolos
2830 5075 3112 5123 messores
3160 5060 3398 5121 vocavit,

1198 5252 1456 5322 “VARUE
1495 5254 1887 5313 LECTIONES
1926 5256 2013 5311 ET
2049 5255 2282 5313 NOTAE.

220 5405 972 5499 :Kal_fva§par.mlleb2
1019 5412 1175 5499 βιοῖο
1218 5415 1344 5499 fecit
1397 5420 1657 5499 turbinem
1716 5417 1730 5471 i

1848 5419 2153 5499 silentiurrt._
2199 5419 2451 5499 Τίιεοιίοι.
2500 5420 2610 5499 Kal
2659 5419 2858 5499 ξστησε
2886 5420 3019 5499 ..τήν
3113 5422 3403 5499 καταιγίδα

135 5478 327 5564 αύτῶν
351 5478 894 5564 είςῼαύρανιὸχῳηι.
934 5478 1241 5564 Στήσαντος
1263 5487 1564 5564 adpellith
1595 5488 1887 5564 καταιγίδα
1917 5491 1997 5552 είς
2022 5490 2288 5564 γαλήνην.
2364 5490 2408 5564 ’_’
2433 5489 2555 5564 cod.
2590 5492 2614 5564 ί
2636 5478 2787 5564 οὕτω
2810 5478 2944 5564 καίξᾲ
2969 5478 3015 5523 ίθ
3044 5492 3166 5564 cod.
3186 5478 3385 5564 AYa'tic.

133 5550 341 5629 αὐτῷ.
419 5550 464 5629 ’ξ’
490 5551 709 5629 ᾼύςρῇ.
728 5550 900 5629 'Abest
930 5568 959 5608 a
991 5550 1112 5629 cod.
1131 5556 1203 5629 _l_._
1261 5557 1306 5588 ⁸ο
1329 5550 1614 5629 καθέδρᾳ.
1646 5556 1730 5612 Hel

1848 5558 1909 5613 1η
1930 5550 2195 5629 consessu.
2222 5550 2272 5591 ’³⁸
2302 5559 2423 5613 cod.
2459 5562 2480 5614 1
2519 5560 2853 5629 καθημένου.
2903 5560 2950 5592 ³⁸
2983 5561 3095 5614 Καὶ
3130 5562 3389 5617 ὑδάτων.

136 5617 328 5699 c9d.__i
368 5620 464 5673 καὶ
496 5620 761 5699 διεξόδοις
785 5622 996 5699 ὑδάτων
1024 5625 1104 5687 είς
1126 5624 1284 5695 δίψαν
1316 5643 1328 5656 ·
1352 5624 1464 5699 γῆν
1513 5617 1874 5699 ’καρποφόρον
1939 5630 2018 5699 εἰς
2076 5628 2255 5699 ἅλμην
2318 5629 2424 5683 ἀπὸ
2484 5617 2690 5685 κακιῶν
2736 5633 3138 5685 κατοικούντων
3194 5633 3250 5689 ὲν
3300 5632 3402 5685 αὺ-

136 5688 234 5757 τῇ.
262 5687 389 5746 Haec
420 5705 489 5746 ex
518 5707 659 5747 vers.
687 5693 754 5747 55
777 5701 830 5748 ct
854 5692 923 5750 54
960 5708 1056 5764 per
1078 5687 1321 5751 errorem
1351 5687 1557 5753 librarii
1590 5687 1730 5769 irrch

1853 5715 1880 5755 υ
1912 5687 2181 5755 vitientur.
2212 5687 2222 5699 ’
2262 5702 2305 5732 ³³
2336 5701 2731 5775 Κύριοςηϐολ.
2762 5703 2785 5756 1
2827 5701 2951 5759 add.
2985 5702 3062 5756 δέ.
