3890 6320
403 261 541 333 1747

1393 262 1880 323 ΤΙΙΕΟΒΟΒΕΤΙ
1923 260 2283 325 EPISCOPI,
2323 259 2692 319 CYRENSIS

3529 251 3596 316 Π
3609 253 3684 316 £8

400 381 703 457 aliquando
732 397 862 439 vero
894 382 1136 453 seipsum
1189 388 1424 436 saturem
1476 390 1532 438 et
1572 380 1894 450 agricolam,
1925 388 1980 436 et

2106 379 2141 430 ἑὲ
2175 377 2336 432 αὐτὸν
2372 377 2583 448 σπορέα
2615 378 2712 430 καὶ
2743 374 3014 446 γεωργὸν,
3052 375 3149 428 καὶ
3180 372 3285 443 γῆν
3319 371 3493 444 καλὴν
3538 371 3683 435 τοὺς

403 491 610 534 terram
642 477 840 531 bonam
871 489 990 540 eos,
1030 474 1124 543 qui
1162 473 1324 528 facile
1356 472 1506 528 verbi
1537 473 1748 528 semina
1780 472 1982 527 admit-

407 567 600 624 tuntd.
652 566 948 637 Apostolus
995 573 1174 618 autem
1222 563 1439 634 inquit:
1482 581 1501 615 ι
1547 562 1661 635 Ego
1705 563 1980 634 plantavi,

402 660 599 732 Apollo
637 657 855 728 rigavit,
888 655 1035 711 Deus
1063 665 1242 711 autem
1271 657 1672 712 incrementum
1707 657 1852 712 dedit
1877 668 1923 712 ε.
1960 675 1978 707 ι

403 753 472 808 Et
505 767 697 808 rursus
729 769 741 805 :
779 770 798 802 ι
833 749 930 806 Dei
960 750 1296 821 agricultura
1346 751 1510 816 estis,
1561 750 1656 806 Dei
1698 750 1986 806 aedificatio

403 844 538 902 estis
566 843 612 898 ί.
648 861 668 896 ι
703 842 1062 898 Seminarunt
1092 843 1258 912 igitur
1287 841 1518 912 apostoli
1547 841 1812 896 salutaria
1847 855 1986 910 prae-

404 939 584 1004 conia,
643 937 943 1007 hortosque
992 935 1222 990 rationis
1261 943 1543 1006 compotes
1577 933 1689 988 Deo
1725 945 1987 988 conseve-

405 1040 556 1098 runt,
588 1042 642 1086 et
680 1043 957 1086 maturum
985 1030 1211 1100 justitiaa
1245 1028 1478 1083 fructum
1515 1026 1628 1081 Deo
1661 1024 1983 1091 attulerunt,

405 1133 463 1180 et
492 1139 684 1180 omnes
731 1124 932 1194 quibus
969 1130 1092 1192 post
1141 1121 1264 1176 illos
1317 1119 1547 1176 docendi
1593 1133 1794 1175 munus
1837 1131 1987 1174 com-

406 1218 637 1274 missum
705 1225 829 1280 est,
899 1215 1005 1270 hoc
1056 1213 1197 1269 idem
1255 1211 1439 1267 facere
1496 1222 1604 1266 non
1656 1208 1984 1280 prtetermit-

409 1316 546 1362 lunt.

476 1398 643 1454 Vens.
677 1398 768 1453 58.
805 1415 824 1448 ι
851 1397 917 1451 Ει
940 1395 1216 1452 benedixit
1245 1394 1350 1459 eis,
1375 1401 1428 1448 et
1454 1393 1609 1448 valde
1638 1389 1987 1460 multiplicati

407 1500 556 1557 sunt,
607 1499 662 1546 et
703 1490 952 1558 iumenta
991 1503 1187 1544 eorum
1220 1501 1330 1542 non
1380 1485 1601 1542 minuit.
1636 1504 1654 1537 ι
1692 1484 1796 1552 Qui
1842 1484 1988 1541 enim

389 1583 644 1638 seminat
697 1598 822 1638 eum
879 1579 1378 1642 benedictionibus,
1435 1586 1603 1632 metet
1654 1575 1818 1631 etiam
1863 1589 1987 1631 cum

407 1671 908 1738 benedictionibus,
961 1670 1264 1728 secundum
1309 1669 1554 1725 divinum
1587 1666 1906 1737 Apostolum
1935 1667 1981 1718 ε.

2085 469 2352 532 εὐπειθῶς
2391 468 2722 538 δεχομένους
2750 466 2848 521 τοῦ
2879 467 3041 536 λόγου
3077 466 3147 520 τὰ
3184 465 3501 536 σπέρματα.
3554 464 3683 516 Καὶ

2083 559 2112 612 ὁ
2152 559 2480 620 Ἀπόστολος
2509 557 2566 610 δέ
2601 571 2789 628 φησιν’
2823 575 2842 610 t
2889 556 3032 625 Ἐγὼ
3063 554 3360 624 ἐφύτευσα,
3390 549 3683 613 Ἀπολλὼς

2085 648 2360 714 ἐπότισεν,
2394 651 2422 702 ὁ
2455 648 2511 702 δὲ
2538 649 2672 712 Θεὸς
2700 647 2929 718 ηῦξανε.
2993 667 3011 699 ι
3059 645 3170 700 Καὶ
3200 645 3397 699 πάλιν
3455 663 3474 695 ι
3528 640 3680 696 Θεοῦ

2084 738 2354 810 γεώργιόν
2385 740 2532 800 ἐστε,
2559 737 2697 792 Θεοῦ
2727 738 2983 809 οἰκοδομή
3016 737 3162 790 ἐστε.
3209 754 3230 789 ι
3263 736 3375 788 Καὶ
3407 733 3683 803 ἕσπειραν

2084 830 2264 884 τοίνυν
2293 830 2342 884 οἱ
2388 829 2678 884 ἀπόστολοι
2726 829 2772 862 ³⁵
2801 829 2870 884 τὰ
2924 830 3172 900 σωτήρια
3218 826 3261 860 ³⁸
3309 823 3682 897 κηρύγματα,

2085 923 2181 977 καὶ
2209 923 2336 985 τοὺς
2364 922 2616 993 λογικούς
2645 921 2722 992 τῷ
2765 921 2886 993 Θεῷ
2936 919 3355 990 κατεφύτευσαν
3398 915 3680 987 παραδεί-

2089 1033 2237 1084 σους,
2274 1016 2371 1070 καὶ
2422 1016 2513 1070 τὸν
2543 1015 2754 1086 ὥριμον
2786 1015 2886 1085 τῆς
2939 1011 3292 1080 δικαιοσύνης
3335 1007 3550 1080 καρπὸν
3584 1005 3680 1075 τῷ

2086 1107 2206 1178 Θεῷ
2239 1106 2682 1176 προσεκόμισαν’
2717 1103 2815 1158 καὶ
2837 1102 3074 1165 ἅπαντες
3109 1101 3166 1155 δὲ
3195 1101 3243 1153 oi
3277 1099 3393 1169 μετ’
3423 1095 3681 1157 ἐκείνους

2086 1200 2186 1271 τὴν
2213 1197 2566 1253 διδασκαλίαν
2593 1190 3229 1266 πεπιστευμένοι,ταυτὸ
3244 1191 3403 1245 τοῦτο
3429 1187 3680 1262 δρῶντες

2088 1290 2448 1346 διατελοῦσιν.

2160 1384 2266 1454 λη’.
2313 1401 2332 1433 ι
2381 1381 2494 1436 Καὶ
2532 1382 2832 1450 εὐλόγησεν
2863 1377 3087 1444 αὐτοὺς,
3116 1373 3212 1428 καὶ
3245 1370 3679 1441 ἐπληθύνθησαν

2092 1474 2317 1545 σφόδρα,
2346 1474 2442 1527 καὶ
2475 1473 2544 1528 τὰ
2593 1473 2768 1546 κτήνη
2795 1470 2975 1526 αὐτῶν
3003 1469 3105 1522 οὐκ
3145 1465 3499 1538 ἐσμίκρυνεν.
3542 1481 3562 1514 ι
3610 1462 3680 1514 '0

2089 1568 2200 1639 γὰρ
2233 1567 2278 1598 ³⁸
2327 1564 2568 1637 σπείρων
2617 1563 2704 1619 ἐπ’
2753 1562 3049 1632 εὐλογίαις,
3102 1560 3191 1614 ἐπ’
3248 1555 3523 1623 εὐλογίαις
3573 1552 3682 1605 καὶ

2091 1657 2323 1729 θερίσει,
2360 1655 2504 1711 κατά
2547 1656 2637 1710 τὸν
2682 1656 2826 1709 θεῖον
2866 1653 2912 1686 ³⁷
2971 1649 3317 1706 Ἀπόστολον.
3347 1648 3555 1716 Enim
3612 1643 3681 1697 δὲ

405 1763 661 1819 Iumenta
704 1775 888 1820 autem
924 1771 1082 1820 vocat
1112 1777 1240 1828 eos,
1295 1762 1389 1831 qui
1421 1761 1490 1815 ab
1523 1759 1630 1815 illis
1661 1768 1981 1828 pascuntur,

2106 1753 2251 1808 ιαλεῖ
2272 1751 2400 1814 τούς
2430 1751 2522 1804 ὑπ’
2551 1747 2733 1802 αὐτῶν
2777 1745 3140 1817 νεμομένους,
3175 1742 3269 1806 οὒς
3310 1741 3473 1802 αὐτὸς
3497 1738 3680 1809 ηὐξη-

407 1870 545 1926 quos
575 1855 693 1923 ipse
723 1855 896 1919 auxit,
928 1869 1054 1910 cum
1096 1853 1353 1908 virtutem
1386 1852 1580 1908 edendi
1612 1851 1877 1906 miracula
1905 1851 1986 1906 eis

2106 1860 2186 1898 ςεν
2240 1843 2341 1913 τῆς
2401 1838 2848 1911 θαυματουργίας
2895 1836 3218 1909 χορηγήσας
3263 1832 3362 1903 τὴν
3414 1830 3678 1909 δύναμιν.

410 1921 836 2015 suppeditasset.
860 1943 926 2000 Et
949 1945 1105 2002 testis
1132 1953 1219 2001 est
1245 1945 1438 2000 beatus
1469 1944 1647 1999 Lucas
1679 1943 1734 1998 in
1758 1942 1988 1999 Actibus

2106 1936 2202 1991 Καὶ
2241 1934 2454 2006 μάρτυς
2485 1936 2514 1987 ὁ
2567 1931 2842 2005 μακάριος
2892 1929 3110 1990 Λουκᾶς
3148 1929 3206 1981 ἐν
3253 1926 3374 1986 ταῖς
3425 1921 3682 1992 Πρὰξεσι

410 2013 646 2092 dicens:
699 2055 719 2089 ‹
757 2036 1022 2092 Dominus
1069 2045 1254 2093 autem
1309 2038 1542 2108 augebat
1595 2037 1844 2108 quotidie
1891 2039 1986 2107 qui

2106 2029 2285 2098 ιέγων·
2324 2046 2343 2079 ι
2394 2027 2452 2080 '0
2481 2024 2538 2078 δὲ
2566 2023 2770 2095 Κύριος
2810 2019 3122 2093 προσετίθει
3167 2017 3294 2080 τοὺς
3324 2013 3681 2084 σωζομένους

413 2128 551 2184 salvi
585 2127 775 2184 flerent
810 2129 865 2183 in
897 2127 1143 2185 Ecclesia
1163 2129 1211 2181 ιι.
1251 2148 1271 2181 ι
1313 2128 1380 2184 Ει
1409 2129 1526 2198 ipse
1555 2129 1826 2185 Dominus
1857 2144 1989 2185 oves

411 2229 807 2291 nuncupateos
828 2221 920 2290 qui
945 2220 1299 2276 crediderunt
1328 2237 1341 2272 :
1377 2237 1396 2273 ι
1421 2220 1564 2276 Oves
1593 2221 1762 2288 enim,
1791 2221 1988 2291 inquit,

412 2328 549 2369 mea:
577 2327 766 2367 vocem
803 2326 980 2366 meam
1032 2313 1282 2377 audiunt,
1338 2320 1393 2366 et
1423 2327 1524 2382 ego
1554 2327 1828 2382 cognosco
1855 2328 1952 2370 eas
1973 2354 1989 2382 ,

411 2417 472 2464 et
534 2411 843 2474 sequuntur
870 2417 979 2469 me,
1005 2412 1059 2457 et
1091 2417 1193 2472 ego
1212 2403 1376 2456 vitam
1404 2413 1664 2458 aeternam
1692 2405 1764 2458 do
1792 2404 1873 2461 eis
1909 2407 1986 2460 ί.»

415 2494 514 2550 llic
548 2512 742 2552 rursus
771 2495 935 2562 mala,
965 2509 1087 2565 quae
1115 2493 1320 2550 Iudaeis
1350 2504 1611 2550 eventura
1640 2504 1817 2563 erant,
1854 2497 1993 2552 vati-

415 2587 652 2640 einatur.

494 2675 658 2734 Vens.
683 2679 772 2734 '59.
811 2697 831 2730 ι
868 2678 933 2733 Ει
965 2677 1180 2749 1376
1209 2679 1366 2748 pauci
1402 2678 1528 2733 facti
1559 2689 1709 2743 sunt,
1741 2693 1796 2736 et
1818 2683 1994 2737 vexati

418 2780 549 2828 sunt
577 2772 935 2828 tribulatione
969 2771 1262 2836 malorum,
1290 2781 1340 2827 et
1379 2772 1585 2828 dolore.
1618 2791 1636 2824 ι
1676 2773 1794 2830 Hoc
1832 2775 1998 2845 igitur

419 2867 540 2922 ait:
573 2865 678 2933 Qui
731 2865 863 2920 olim
915 2865 1265 2921 solitudinem
1314 2864 1648 2929 incolebant,
1693 2873 1750 2920 et
1796 2877 1996 2922 terram

420 2958 773 3024 inaquosam,
829 2963 1037 3009 tantam
1094 2955 1394 3009 ubertatem
1448 2971 1513 3009 ac
1562 2956 1997 3013 benedictionem

2093 2120 2216 2176 καθ’
2253 2119 2469 2190 ἡμέραν
2501 2118 2568 2187 τῇ
2622 2112 2944 2183 Ἐκκλησίᾳ.
2994 2129 3013 2163 ›
3047 2107 3162 2164 Kal.
3201 2107 3361 2168 αὐτὸς
3408 2104 3466 2157 δέ
3493 2104 3519 2157 ό
3559 2101 3686 2155 Κύ-

2097 2230 2212 2285 ριος
2237 2209 2489 2282 πρόϐατα
2519 2206 2677 2260 καλεῖ
2698 2205 2826 2267 τοὺς
2867 2201 3224 2262 πιστεύοντας
3253 2196 3297 2231 ³⁸
3317 2213 3330 2227 ·
3374 2214 3393 2247 ι
3425 2193 3506 2247 Τὰ
3537 2191 3686 2263 πρό-

2096 2307 2238 2360 6ατα
2269 2301 2399 2374 γὰρ,
2451 2301 2609 2371 φησι,
2663 2297 2735 2352 τά
2781 2296 2893 2368 ἐμὰ
2931 2297 3032 2365 τῆς
3089 2292 3274 2362 φωνῆς
3327 2305 3427 2360 μου
3460 2285 3682 2349 ἀκούει,

2097 2396 2252 2466 κάγὼ
2299 2392 2558 2462 γινώσκω
2598 2391 2772 2453 αὐτὰ,
2816 2388 2913 2441 καὶ
2946 2383 3304 2440 ἁκολουθοῦσί
3345 2397 3472 2451 μοι,
3518 2377 3686 2445 κάγὼ

2098 2491 2246 2561 ζωὴν
2275 2485 2494 2541 αἰώνιον
2540 2483 2734 2551 δίδωμι
2782 2480 2988 2540 αὐτοῖς.
3039 2495 3058 2528 ι
3118 2472 3383 2528 Ἐνταῦθα
3407 2469 3576 2522 πάλιν
3609 2466 3686 2522 τὰ

2109 2579 2384 2640 Ἰουδαίοις
2414 2593 2474 2628 συ
2485 2573 2806 2646 μ6ησὸμενα
2839 2566 3197 2641 προθεσπίζει
3227 2564 3394 2618 κακά.

2169 2671 2268 2724 λθ’.
2309 2687 2327 2720 ι
2365 2666 2476 2720 Καὶ
2511 2661 2893 2732 ὼλιγώθησαν,
2925 2658 3020 2712 καὶ
3064 2654 3427 2722 ἐκακώθησαν
3470 2649 3518 2682 ³⁸
3565 2647 3690 2700 ἀπὸ

2101 2761 2332 2831 θλίψεως
2377 2755 2562 2810 κακῶν
2591 2752 2689 2806 καὶ
2717 2750 2931 2819 ὀδύνης.
2977 2768 2995 2800 ι
3027 2747 3202 2801 Τοῦτο
3232 2745 3278 2777 ⁸ο
3324 2743 3420 2814 μὲν
3449 2737 3542 2795 οὗν
3572 2757 3686 2831 φη-

2103 2829 2220 2908 σιντ
2248 2853 2312 2904 Οἱ
2344 2849 2510 2903 πάλαι
2538 2846 2638 2916 τὴν
2673 2843 2882 2915 ἔρημον
2920 2838 3194 2901 οἰκοῦντες
3227 2835 3322 2889 καὶ
3355 2832 3582 2904 ἄνυδρον
3604 2829 3682 2895 ⁸⁸,

2101 2944 2374 3014 τοσαύτης
2438 2939 2691 3007 εὐλογίας
2764 2936 2861 2989 ml.
2929 2930 3182 3002 εὐθηνίας
3250 2923 3686 2984 πεπιστευκότες

420 3045 695 3101 credendo
719 3046 1001 3101 consecuti
1035 3056 1182 3100 sunt.
1213 3043 1385 3099 Judaei
1418 3059 1570 3110 vero,
1623 3046 1718 3116 qui
1766 3048 1994 3118 pr0phe-

2106 3040 2453 3111 ἀπήλαυσαν.
2487 3034 2552 3087 Οί
2599 3030 2658 3085 δὲ
2700 3029 2871 3082 πάλαι
2900 3027 2998 3097 τῆς
3047 3024 3158 3119 ’τῶ-ν
3187 3017 3542 3092 προφητικῶν
3577 3031 3686 3068 πο-

419 3138 526 3192 tica
563 3137 881 3208 irrigatione
911 3137 1041 3191 olim
1078 3135 1422 3204 fruebantur,
1457 3137 1526 3191 ob
1555 3153 1779 3207 pravam
1809 3154 1996 3194 eorum

421 3237 660 3283 mentem
694 3228 798 3283 hac
829 3228 1049 3297 privati,
1087 3237 1143 3282 et
1169 3223 1388 3298 penitus
1425 3229 1628 3284 deserti
1668 3245 1732 3285 ac
1783 3229 1997 3286 steriles

422 3327 830 3390 permanentes,
867 3321 923 3373 in
954 3321 1136 3375 omnis
1178 3321 1392 3390 generis
1423 3320 1762 3376 calamitates
1796 3321 2001 3376 incide-

421 3423 573 3479 runt,
608 3423 664 3468 et
696 3429 793 3483 per
822 3419 996 3468 totum
1034 3421 1306 3467 terrarum
1353 3413 1542 3467 orbem
1587 3413 1798 3484 disjecti
1836 3424 1996 3479 sunt,

424 3513 486 3559 ut
520 3519 714 3559 eorum
745 3503 1068 3571 metropolis
1110 3503 1394 3559 hominum
1428 3519 1658 3560 numero
1687 3503 1944 3576 frequens
1970 3523 2000 3560 a

424 3595 773 3667 paucissimis
805 3594 1046 3649 habitata
1081 3594 1171 3648 sit.

497 3689 664 3747 Vsus.
695 3689 784 3744 40.
828 3709 847 3741 ι
885 3687 1104 3745 Eﬂusus
1133 3696 1218 3744 est
1255 3671 1604 3758 conlemptus
1636 3705 1802 3761 super
1852 3693 2003 3762 prin-

425 3781 576 3851 cipes
619 3795 834 3835 eorum.
873 3797 894 3831 ι
930 3779 1169 3835 Eventus
1207 3792 1340 3834 sane
1373 3781 1708 3849 praadietioni
1752 3784 2002 3838 testimo-

428 3871 579 3925 nium
619 3870 773 3925 dicit.
821 3868 1037 3924 Etenim
1085 3869 1176 3938 qui
1225 3868 1553 3924 videbantur
1584 3875 1815 3926 ‘corum
1864 3873 2006 3941 prin-

429 3962 596 4032 cipes,
629 3969 684 4016 et
717 3961 990 4026 doctores,
1025 3961 1230 4017 nullius
1260 3961 1522 4045 momenti
1555 3960 1682 4016 facti
1714 3973 1841 4017 sunt
1870 3981 1881 4016 :
1909 3964 2004 4018 sed

2099 3110 2293 3199 ταμῶν
2338 3124 2752 3185 ἀπολαύσαντες
2789 3119 3036 3191 ἀρδείας,
3087 3110 3210 3168 εἶτα
3240 3111 3450 3181 ταύτης
3481 3123 3686 3177 στερη-

2101 3228 2285 3288 θέντες
2310 3222 2398 3276 διὰ
2439 3220 2538 3292 τὴν
2573 3216 2840 3288 πονηρίαν
2889 3213 2991 3283 τῆς
3038 3209 3289 3280 γνώμης,
3339 3205 3434 3258 καὶ
3478 3202 3686 3270 ἐρημοι

2101 3313 2386 3376 παντελῶς
2429 3308 2803 3383 μεμενηκότες
2846 3305 2941 3358 καὶ
2993 3303 3254 3371 ἄκαρποι,
3307 3292 3690 3354 παντοδαπαῖς

2103 3408 2436 3479 περιέπεσον
2466 3401 2798 3472 συμφοραῖς,
2829 3397 2926 3450 καὶ
2948 3395 3029 3456 εἱς
3055 3393 3278 3447 ἃπασαν
3302 3387 3400 3458 τὴν
3429 3383 3696 3479 οίκουμζέ-

2103 3519 2200 3573 νην
2230 3494 2719 3564 διεσκεδάσθησαν,
2752 3490 2892 3544 ῶστε
2913 3486 3014 3558 τὴν
3049 3479 3475 3551 πολυάνθρωπον
3499 3473 3688 3529 αὐτῶν

2106 3589 2437 3663 μητρόπολιν
2461 3586 2566 3641 ὑπὸ
2596 3584 2792 3650 ὀλίγων
2818 3577 3109 3633 οἰκεῖσθαι.

2178 3655 2250 3752 μί.
2288 3700 2306 3731 ι
2369 3675 2632 3748 Ἐξεχύθη
2677 3674 2722 3706 ’⁸³
2771 3668 3120 3737 ἐξουδένωσις
3167 3663 3253 3716 ἐπ’
3284 3662 3552 3752 ἄρχοντας
3583 3655 3690 3710 αὖ-

2102 3749 2213 3829 τῶν
2261 3774 2327 3828 ⁸³.
2374 3791 2393 3823 ι
2434 3768 2722 3840 Μαρτυρεῖ
2754 3765 2800 3796 ⁸⁸
2837 3763 2897 3816 δέ
2932 3763 2999 3831 τῇ
3045 3757 3355 3830 προρρήσει
3425 3751 3497 3806 τὰ
3537 3749 3689 3820 πρά-

2103 3883 2320 3938 γματα.
2370 3862 2483 3916 Καὶ
2531 3860 2642 3931 γὰρ
2673 3859 2723 3911 οἱ
2752 3854 3037 3914 δοκοῦντες
3067 3849 3248 3903 αὐτῶν
3296 3841 3693 3938 ἄρχοντες

2106 3932 2447 4018 διδάσκαλοι,
2501 3948 2717 4012 οὐδενὸς
2740 3946 2882 4012 ἄξιοι
2920 3943 3294 4011 καθεστήκασι
3325 3937 3486 4005 λόγου
3507 3951 3524 3966 ο
3563 3932 3691 3988 ἀλλ’

426 4031 518 4124 qui
559 4054 690 4109 olim
737 4054 979 4108 illustres
1013 4060 1067 4108 et
1094 4054 1226 4109 clari
1267 4031 1446 4114 erant,
1491 4054 1708 4123 penitus
1740 4055 1994 4124 ignobiles

2106 4053 2157 4104 οἱ
2207 4049 2374 4103 πάλαι
2409 4043 2729 4116 περιφανεῖς
2759 4039 2855 4094 καὶ
2892 4035 3269 4108 περίϐλεπτοι,
3302 4031 3506 4100 ἄσημοι
3545 4043 3695 4124 παν-

427 4158 577 4214 sunt,
607 4156 662 4202 et
688 4146 759 4200 ab
789 4147 894 4202 illis
919 4145 1054 4216 ipsis
1083 4145 1482 4216 despiciuntur.
1516 4163 1533 4195 ι
1572 4144 1639 4198 Et
1665 4161 1849 4200 errare
1880 4147 2008 4201 fecit

427 4255 523 4296 eos
557 4241 610 4294 in
646 4238 818 4303 invio,
859 4250 915 4294 et
950 4252 1060 4292 non
1103 4238 1156 4292 in
1195 4237 1303 4291 via.
1344 4255 1363 4288 ι
1422 4235 1786 4306 Symmachus
1828 4247 2005 4294 autem

429 4332 513 4386 sic
545 4349 558 4385 :
589 4329 657 4384 Et
688 4346 866 4385 errare
915 4329 1075 4398 faciet
1121 4342 1206 4380 eos
1245 4326 1300 4378 in
1337 4326 1570 4378 vanitate
1604 4327 1812 4380 mentis.
1866 4325 2009 4383 Deus

2107 4143 2278 4206 τελῶς
2312 4143 2439 4204 είσι,
2470 4140 2566 4192 καὶ
2588 4138 2634 4170 ⁸³
2668 4137 2757 4189 ὑπ’
2781 4132 2961 4188 αὐτῶν
2981 4129 3204 4184 ἐκείνων
3238 4119 3697 4193 καταφρονούμε-

2109 4259 2212 4294 νοι.
2236 4258 2254 4290 ι
2281 4238 2389 4291 Kal.
2409 4234 2714 4306 ἐπλάνησεν
2740 4229 2938 4291 αὐτοὺς
2963 4228 3023 4281 ἐν
3051 4224 3260 4295 ἀϐάτῳ,
3290 4218 3496 4288 καὶούχ
3512 4215 3642 4285 ὁδῷ.
3668 4233 3688 4265 ι

2122 4333 2183 4386 Ὁ
2215 4330 2272 4384 δέ
2303 4330 2603 4398 Σύμμαχος
2649 4323 2793 4376 οὕτω
2813 4337 2828 4352 ·
2877 4318 2988 4374 Kal
3035 4315 3340 4380 πλανήσει
3369 4307 3596 4372 αὐτοὺς
3625 4306 3700 4359 ἐν
3739 4367 3749 4388 ἐ

428 4439 777 4495 nequaquam
813 4435 1058 4478 errorem
1106 4417 1369 4484 immittit,
1407 4420 1500 4473 sed
1545 4433 1787 4474 errorem
1817 4428 1962 4474 vetat
1992 4439 1994 4471 :

2111 4420 2462 4494 ματαιότητι
2493 4415 2788 4479 διανοίας.
2831 4412 2891 4465 '0
2920 4409 3055 4471 Θεὸς
3087 4407 3190 4460 οὐκ
3225 4404 3423 4471 ἐπάγει
3456 4400 3697 4495 πλάνην,

430 4533 525 4572 eos
559 4527 765 4580 autem,
811 4514 907 4583 qui
954 4511 1179 4565 minime
1221 4509 1661 4578 obtemperantes
1708 4519 1854 4577 sunt,
1909 4529 2008 4582 gu-

431 4608 728 4666 bernaculo
771 4619 959 4660 carere
1003 4600 1289 4672 permittit,
1335 4601 1427 4655 isti
1469 4615 1600 4655 vero
1643 4603 1760 4656 sine
1806 4606 2007 4672 guber-

434 4701 630 4756 naculo
668 4699 777 4752 huc
807 4706 862 4751 et
900 4695 1028 4749 illuc
1065 4699 1322 4762 vagantes
1365 4702 1572 4747 errant.
1605 4691 1718 4748 Hoc
1756 4707 1810 4749 ct
1834 4694 2008 4753 Judwi

431 4793 674 4864 perpessi
699 4799 866 4847 sunt:
899 4801 1026 4842 nam
1060 4786 1242 4840 divina
1285 4784 1542 4841 derelicta
1579 4787 1685 4852 via,
1737 4802 1867 4843 suas
1912 4806 2002 4845 se-

433 4893 677 4954 quuntur
718 4879 1094 4953 cogitationes.

1700 5059 1720 5098 ί
1763 5059 1898 5116 ibid.

506 5065 533 5105 ει
574 5061 734 5118 Joan.
774 5078 850 5128 Iv,
894 5062 978 5118 15.
1091 5073 1114 5101 ο
1154 5061 1175 5116 l
1214 5062 1342 5119 Cor.
1384 5075 1485 5130 ιιι,
1533 5060 1591 5116 6.

2011 5061 2037 5100 Β
2077 5058 2120 5113 ll
2160 5059 2288 5114 Cor.
2331 5061 2407 5125 ix,
2448 5057 2503 5112 6.

2114 4491 2231 4570 ἀλλ’
2261 4508 2600 4582 ἀπαγορεύει
2641 4507 2740 4578 τὴν
2773 4505 3014 4574 πλάνην·
3062 4500 3191 4562 τοὺς
3228 4496 3286 4550 δὲ
3324 4495 3398 4567 μὴ
3427 4491 3703 4560 πειθομέ-

2117 4623 2241 4668 νους
2271 4601 2678 4672 ἀκυϐερνήτους
2710 4598 2773 4667 ἐᾷ
2795 4612 2809 4626 ⁸
2854 4595 2905 4647 οἱ
2951 4593 3008 4646 δὲ
3035 4589 3424 4661 ἀνερμάτιστοι
3466 4599 3706 4653 περιφε-

2123 4699 2340 4770 ρόμενοι
2399 4692 2527 4764 τῇδε
2577 4691 2802 4745 κάκεῖσε
2848 4680 3316 4755 περιπλανῶνται.
3364 4674 3535 4730 Τοῦτο
3597 4672 3706 4724 καὶ

2128 4767 2368 4845 Ἰουδαῖοι
2401 4783 2742 4840 πεπόνθασι·
2771 4783 2872 4852 τήν
2895 4779 3050 4834 θείαν
3075 4777 3120 4809 ⁸⁸
3159 4773 3270 4847 γὰρ
3299 4767 3706 4829 καταλιπόντες
3747 4777 3760 4839 ς

2119 4881 2258 4946 ὁδὸν,
2287 4881 2400 4943 τοῖς
2435 4875 2658 4939 οἰκείοις
2683 4873 2907 4927 ἕπονται
2934 4867 3243 4938 λογισμοῖς.

2605 5056 2636 5096 ιι
2670 5055 2793 5109 Act.
2837 5067 2898 5118 ιι,
2940 5048 3031 5106 47.
3113 5048 3130 5088 ί
3173 5042 3333 5100 Joan.
3377 5056 3432 5108 χ,
3466 5038 3558 5105 27,
3599 5035 3706 5093 28.

1515 5239 1753 5297 VARIE
1785 5236 2172 5296 LECTIONES
2212 5236 2301 5292 ET
2341 5234 2575 5294 NOTAE.

512 5399 560 5433 ⁸³
604 5401 982 5454 Ἀπόστολοι.
1021 5399 1140 5456 cod.
1182 5399 1208 5452 1

443 5470 608 5525 habet
634 5470 798 5524 Cord.
837 5472 872 5524 l.
893 5485 942 5526 c.

443 5541 676 5608 depressi
711 5557 757 5596 s.
795 5541 1059 5595 humiliati
1123 5547 1270 5594 sunt.

978 5471 1196 5540 ρ.19“5.
1270 5464 1317 5500 ⁵⁷
1352 5468 1540 5540 εξεῒονζ.
1599 5468 1787 5540 Abest.
1839 5482 1871 5540 _a
1917 5467 2052 5540 god.
2085 5464 2131 5517 1.

1352 5538 1397 5568 ⁵ο
1434 5537 1630 5592 Τοῦτο.
1671 5537 1796 5590 σοιΙ.
1833 5537 1853 5588 1
1889 5528 2050 5589 οὗτοι.

1267 5413 1455 5467 praem.
1492 5398 1648 5452 θεῖοι.
1725 5396 1769 5427 ³⁵
1796 5395 1994 5463 Σωτήρ

2143 5393 2268 5467 (ξοιί1
2305 5393 2326 5445 1
2371 5391 2531 5467 θεῖα..
2588 5390 2633 5420 ³⁶
2673 5388 2735 5438 ’0
2769 5385 2913 5467 γὰρ,
2954 5399 3009 5435 κ.
3061 5396 3145 5467 τι,
3171 5378 3250 5467 1’."
3263 5373 3451 5467 Pauca.
3461 5378 3710 5467 'lna‘utulrrn

3102 5449 3145 5480 ³³
3197 5447 3392 5498 Ἐκακ.
3437 5442 3600 5496 llebr.
3645 5440 3714 5492 Et

2227 5463 2270 5493 ³³
2328 5461 2448 5515 cod.
2511 5459 2535 5512 1
2593 5456 3010 5514 πιστεύσαντας.
3102 5456 3145 5480 δ’
3197 5456 3392 5498 Ἐκακ.
3437 5456 3600 5496 Ileur.
3645 5456 3712 5492 nt

2227 5532 2343 5578 md-
2395 5530 2415 5578 1
2476 5531 2711 5578 ἄνυδοοι.
2789 5524 2834 5556 ’δ’
2872 5521 3174 5578 Ἑξεχύθη.
3249 5514 3412 5568 llcbr.
3455 5510 3712 5578 Eﬂurtdil

2148 5533 2190 5564 ¹⁵¹
2223 5532 2343 5586 cod.
2395 5530 2415 5582 1
2476 5531 2718 5600 ἄνυδροιἱ
2789 5524 2834 5556 ’δ’
2872 5521 3174 5600 ilia-273011.

445 5581 523 5663 διεῖ
561 5609 719 5666 Deus.
799 5612 842 5643 ⁸³
890 5611 1118 5665 Αὐτῶν.
1147 5610 1313 5663 Abest
1348 5624 1375 5660 ιι
1402 5616 1548 5660 textu
1588 5606 1751 5660 Hebr.
1825 5606 1871 5635 ⁸³
1894 5609 1994 5671 Μαι

2106 5603 2193 5668 pe?
2223 5581 2656 5671 ξᾷὶαταιότηὲι
2691 5581 2979 5658 διανοίας.
3002 5581 3151 5646 ’Βεεξ
3173 5585 3314 5657 apud
3376 5584 3543 5640 Cord.
3577 5581 3616 5633 l.
3656 5597 3708 5633 e.

451 5699 502 5750 p.
537 5681 657 5738 194.
736 5683 780 5717 ⁸⁵
809 5682 942 5748 Καὶ,
967 5690 1021 5736 et
1049 5680 1244 5735 deinde
1273 5676 1471 5736 αὐτῶν
1497 5677 1668 5732 desid.
1698 5677 1752 5729 in
1783 5675 1907 5730 cod.
1947 5669 1994 5727 l.

2106 5680 2110 5704 ⁵
2142 5673 2260 5729 cod.
2291 5673 2312 5726 1
2380 5669 2613 5722 εὐθεῖαν.
