3890 6320
448 300 585 373 1Ἶ51

1432 297 1931 360 THEODORETI
1961 298 2303 359 EPISCOPI
2331 302 2700 364 CYRENSIS

3578 300 3720 365 1752

446 424 560 478 tum
588 437 720 478 vero
750 429 911 478 vocat
939 420 1034 476 Dei
1062 427 1114 475 et
1136 417 1448 498 .Salvatoris
1490 416 1665 473 nostri
1690 416 2024 472 incarnatio-

2140 418 2365 487 τάμενος
2394 434 2410 449 ο
2436 418 2638 490 ὃρθρον
2666 418 2725 471 δὲ
2746 416 2932 484 καλεῖ,
2960 417 3057 472 τοῦ
3093 417 3231 472 Θεοῦ
3265 418 3359 472 καὶ
3387 419 3648 489 Σωτῆρος
3670 421 3716 452 ⁸ο

445 529 596 569 nem.
636 513 715 567 Ει
760 513 853 567 illo
895 511 1041 565 enim
1091 509 1342 565 veritatis
1384 508 1479 563 lux
1525 516 1646 564 orta
1673 516 1759 563 est
1790 524 1805 560 :
1835 521 1902 562 ex
1934 507 2027 563 illo

446 621 545 672 per
575 612 747 660 totum
790 614 1060 659 terrarum
1092 604 1281 659 orbem
1315 601 1562 657 omnium
1604 600 1886 655 hominum
1932 615 2029 656 ore

448 698 642 773 beatus
685 693 854 749 David
906 694 1072 758 canit,
1123 693 1416 763 divinaque
1465 690 1730 746 beneﬁcia
1771 690 2028 748 laudibus

391 830 397 838 .
448 785 708 841 celebrat.

391 958 399 1036 ξ
526 960 686 1018 Vens.
723 961 777 1017 5.
813 981 832 1016 ι
869 962 1009 1030 Quia
1035 977 1233 1033 magna
1280 971 1368 1018 est
1402 975 1567 1032 super
1605 960 1778 1017 cmlos
1814 958 2031 1014 miseri-

449 1054 634 1109 cordia
661 1065 774 1118 tua,
805 1062 860 1110 et
885 1069 1061 1124 usque
1088 1055 1157 1109 ad
1186 1054 1359 1109 nubes
1386 1054 1589 1109 veritas
1619 1062 1733 1107 tua.
1766 1068 1787 1103 »
1818 1049 2030 1119 Ampli-

452 1148 584 1202 tudo
633 1147 1026 1203 misericordia
1073 1155 1177 1202 tua:
1214 1146 1467 1203 caelestes
1506 1144 1747 1201 fornices
1787 1150 2029 1214 superat,

448 1242 589 1295 radii
633 1240 880 1295 veritatis
913 1249 1018 1295 tuae
1051 1240 1236 1295 omnia
1267 1240 1387 1295 loca
1431 1245 1815 1310 penetrarunt.
1853 1236 2028 1293 Caete-

450 1350 574 1391 rum
597 1335 710 1403 jam
739 1349 905 1404 supra
934 1334 1194 1398 diximus,
1233 1332 1395 1387 nubes
1425 1332 1610 1389 vocari
1646 1330 1944 1403 prophetas
1974 1336 2033 1385 et

452 1426 771 1496 apostolos,
834 1440 1041 1496 eosque
1083 1426 1178 1495 qui
1225 1424 1458 1480 docendi
1503 1438 1707 1480 munus
1748 1421 2031 1478 consecuti

452 1529 582 1575 sunt
609 1536 623 1572 :
646 1518 907 1589 quoniam
936 1533 1032 1588 per
1062 1518 1184 1583 bos,
1213 1517 1384 1573 veluti
1406 1531 1505 1587 per
1531 1517 1801 1587 quasdam
1829 1515 2028 1577 nubes,

452 1611 792 1680 spiritualcm
814 1610 1192 1681 irrigationem
1211 1609 1530 1664 hominibus
1553 1607 1743 1674 aﬂert;
1764 1621 1863 1676 per
1879 1606 2030 1676 ipsos

451 1703 600 1757 enim
636 1718 762 1758 vera
795 1710 1066 1773 praecepta
1099 1701 1414 1757 didicimus.

523 1869 691 1925 Vens.
715 1868 770 1923 6.
792 1887 813 1923 ι
839 1868 1095 1927 Exaltare
1121 1869 1338 1941 1379
1353 1884 1518 1940 super
1533 1869 1725 1933 ctelos,
1740 1885 1774 1921 ο
1795 1868 1961 1934 Deus,
1977 1875 2033 1923 et

455 1972 621 2030 super
636 1958 786 2013 omni
805 1966 947 2014 terra
970 1958 1141 2030 gloria
1163 1966 1256 2013 tua
1277 1958 1651 2030 (celebretur).
1682 1979 1701 2011 ι
1731 1957 1844 2013 Hoc
1864 1959 2029 2013 etiam

453 2049 649 2104 beatus
677 2050 818 2105 dixit
845 2049 1101 2107 Habacuc
1135 2068 1147 2105 :
1182 2069 1200 2103 ι
1233 2050 1463 2122 Operuit
1482 2052 1652 2108 caelos
1683 2052 1856 2107 virtus
1884 2051 2027 2121 ejus,

451 2147 511 2194 et
540 2139 720 2196 laudis
745 2140 868 2210 ejus
894 2141 1055 2210 plena
1085 2153 1170 2197 est
1191 2151 1338 2197 terra
1363 2143 1411 2197 ιι.
1441 2161 1459 2194 ι
1501 2140 1618 2199 l-Ioc
1646 2143 1808 2197 etiam
1837 2142 2031 2201 beatus

452 2229 625 2286 David
655 2231 712 2287 in
737 2241 932 2289 octavo
964 2233 1106 2289 dixit
1135 2236 1347 2304 psalmo
1377 2252 1389 2288 :
1425 2254 1444 2286 ι
1476 2234 1728 2301 Domine,
1760 2234 2028 2289 Dominus

453 2332 662 2391 noster,
700 2340 866 2396 quam
900 2327 1224 2384 admirabile
1259 2339 1342 2383 est
1383 2343 1584 2383 nomen
1623 2336 1775 2383 tuum
1818 2328 1872 2382 in
1905 2327 2029 2382 uni-

450 2429 611 2472 versa
647 2418 827 2472 terra!
859 2420 1120 2488 quoniam
1153 2420 1364 2476 elevata
1390 2429 1476 2475 est
1506 2421 1908 2491 magniﬁcentia
1935 2431 2025 2476 tua

450 2522 617 2578 super
651 2509 823 2565 caelos
852 2506 896 2565 ι.
930 2529 950 2563 ι
989 2510 1252 2567 Exaltare
1287 2513 1455 2582 igitur
1480 2514 1619 2569 dixit
1653 2528 1772 2584 pro,
1804 2515 2029 2570 ostende

449 2610 505 2655 te
555 2600 871 2669 sublimem,
920 2611 975 2659 et
1009 2605 1265 2661 omnibus
1310 2607 1688 2677 superiorem,
1738 2617 1796 2663 et
1846 2607 2029 2664 omnis

451 2701 597 2748 terra
629 2694 857 2763 gloriam
899 2705 1047 2751 tuam
1089 2698 1285 2755 discat.

521 2782 689 2841 Vens.
722 2786 775 2840 7.
811 2804 830 2838 ι
873 2785 943 2842 Ut
970 2789 1273 2845 liberentur
1302 2790 1484 2846 dileCti
1520 2793 1636 2857 tui,
1684 2794 1894 2850 salvum
1942 2794 2027 2849 fac

450 2877 609 2948 (me)
641 2877 865 2934 dextera
898 2889 1010 2946 tua,
1044 2889 1099 2936 et
1129 2883 1328 2938 exaudi
1357 2899 1462 2939 me.
1492 2904 1511 2937 ι
1536 2884 1805 2942 Omnibus
1844 2897 2026 2942 autem

451 2967 767 3026 hominibus
808 2974 1105 3042 potentiam
1148 2983 1297 3030 tuam
1347 2978 1600 3032 ostendet
1651 2979 1800 3033 salus
1837 2994 2026 3034 eorum

2130 509 2289 581 ἡμῶν
2312 509 2414 581 τὴν
2450 508 2889 581 ὲνανθρώπησιν.
2934 510 3025 575 Ἐξ
3066 509 3282 564 ἐκείνου
3312 511 3425 581 γὰρ
3467 509 3717 565 ἀνέτειλε

2128 601 2231 672 τῆς
2262 602 2527 672 ἀληθείας
2554 601 2623 655 τδ
2656 602 2806 670 φῶς*
2837 602 2900 668 ἐξ
2944 602 3164 656 ἐκείνου
3211 602 3355 656 κατά
3404 603 3593 656 πᾶσαν
3618 603 3717 674 τὴν

2128 694 2459 766 οἰκουμένην
2491 696 2551 749 ὲν
2576 697 2691 759 τοῖς
2737 694 2995 749 ἁπάντων
3022 693 3330 765 ἀνθρώπων
3384 695 3719 766 στόμασινήὸ

2134 787 2406 857 μακάριος
2460 785 2577 858 ᾄδει
2623 785 2809 852 Δαϐὶδ,
2874 787 2971 840 καὶ
3020 785 3125 848 τὰς
3181 785 3336 850 θείας
3393 787 3719 859 εὐεργεσίας

2129 879 2311 948 ὑμνεῖ.

2202 965 2264 1022 ε’.
2306 984 2326 1019 ι
2356 967 2482 1021 Ὅτι
2520 967 2669 1038 μέγα
2698 967 2887 1023 ὲπάνω
2910 967 3020 1022 τῶν
3046 967 3297 1039 οὐρανῶν
3326 966 3389 1021 τδ
3414 965 3565 1030 ἔλεός
3595 981 3716 1033 σου,

2131 1062 2228 1116 καὶ
2258 1061 2367 1125 ἕως
2394 1059 2506 1117 τῶν
2531 1059 2775 1131 νεφελῶν
2808 1062 2844 1131 ἡ
2875 1059 3112 1130 ἀλήθειά
3140 1077 3259 1117 σου.
3298 1079 3318 1113 ι
3355 1060 3505 1131 Νικᾷ
3528 1060 3574 1092 ⁸⁸
3604 1058 3719 1114 τῶν

2130 1149 2378 1222 οὐρανῶν
2424 1150 2495 1205 τά
2523 1149 2664 1222 κύτη
2696 1149 2794 1204 τοῦ
2823 1150 2918 1204 σοῦ
2962 1151 3152 1216 ὲλέους
3176 1152 3240 1205 τδ
3281 1150 3544 1223 μέγεθος·
3577 1166 3719 1203 παν-

2130 1242 2332 1314 ταχόσε
2367 1241 2471 1314 τῆς
2497 1242 2598 1315 σῆς
2623 1241 2886 1312 ἀληθείας
2914 1245 2970 1297 αί
2999 1244 3222 1307 ἀκτῖνες
3262 1242 3575 1313 διέδραμον.
3608 1240 3717 1295 Καὶ

2131 1334 2236 1406 ἤδη
2264 1333 2322 1387 δὲ
2364 1333 2696 1406 εἰρήκαμεν,
2738 1334 2818 1399 ὡς
2843 1334 3110 1404 νεφέλας
3144 1336 3273 1399 τοὺς
3308 1336 3355 1367 ⁸³
3399 1335 3716 1406 προφήτας,

2132 1429 2226 1482 καὶ
2256 1429 2386 1491 τοὺς
2414 1426 2768 1492 ἀποστόλους,
2788 1429 2887 1481 καὶ
2908 1428 3037 1491 τοὺς
3057 1426 3452 1497 διδασκαλικῆς
3474 1427 3520 1459 ⁸³
3552 1427 3719 1497 χάρι-

2131 1536 2225 1584 τος
2247 1518 2624 1590 τετυχηκότας
2655 1518 2834 1573 καλεῖ.
2873 1517 2974 1573 Διά
3006 1517 3214 1572 τούτων
3241 1519 3372 1590 γὰρ,
3403 1518 3592 1587 ὥσπερ
3627 1518 3720 1571 διά

2132 1627 2298 1665 τινων
2353 1610 2616 1680 νεφελῶν,
2677 1610 2780 1682 τὴν
2850 1610 3231 1681 πνευματικὴν
3310 1609 3533 1681 ἀρδείαν
3600 1611 3717 1673 τοῖς

2133 1701 2445 1775 ἀνθρώποις
2481 1704 2824 1775 προσφέρειο
2856 1704 2926 1758 δι’
2957 1703 3003 1738 ⁸⁸
3037 1704 3217 1759 αὐτῶν
3264 1703 3333 1758 τά
3384 1702 3563 1775 ἀληθῆ
3615 1720 3714 1774 με-

2062 1768 2107 1825 B
2142 1768 2472 1865 μαθήκαμεν
2504 1768 2776 1864 δδγμῡατα.

2210 1892 2286 1952 ς’.
2331 1904 2351 1938 ι
2402 1884 2682 1957 Ὑψώθητι
2732 1886 2825 1939 ἐπὶ
2870 1886 3003 1951 τοὺς
3048 1884 3334 1956 οὐρανοὺς,
3370 1885 3399 1938 ὁ
3434 1882 3592 1949 Θεὸς,
3624 1883 3719 1937 καὶ

2137 1978 2229 2032 ἐπὶ
2255 1980 2439 2033 πᾶσαν
2468 1979 2569 2048 τὴν
2599 1977 2702 2048 γῆν
2752 1979 2786 2047 ἡ
2818 1975 2948 2045 δόξα
2981 1994 3097 2033 σου.
3142 1995 3163 2029 ι
3198 1975 3371 2029 Τοῦτο
3404 1976 3499 2029 καὶ
3546 1976 3577 2029 ὁ
3610 1992 3706 2045 μα-

2135 2071 2327 2143 κάριος
2376 2069 2581 2141 ἔφησεν
2649 2066 2987 2139 Ἀὁϐακούμο
3042 2087 3062 2121 ι
3111 2066 3412 2137 Ἐκάλυψεν
3449 2066 3718 2137 οὐρανοὺς

2135 2165 2171 2231 ή
2219 2161 2388 2233 ἀρετὴ
2430 2158 2620 2222 αὑτοῦ,
2655 2161 2753 2214 καὶ
2779 2160 2881 2231 τῆς
2917 2159 3186 2223 αἰνέσεως
3233 2157 3400 2213 αὑτοῦ
3435 2158 3716 2229 πλήρηςή

2135 2253 2229 2324 γῆ.
2278 2272 2297 2305 ›
2336 2250 2506 2306 Τοῦτο
2542 2253 2637 2305 καὶ
2688 2253 2716 2305 ὁ
2762 2253 3033 2323 μακάριος
3079 2249 3244 2304 Δαϐὶδ
3288 2250 3349 2302 ὲν
3396 2247 3476 2320 τῷ
3535 2248 3714 2318 ὀγδόῳ

2135 2344 2237 2416 ἔφη
2272 2344 2504 2415 ψαλμῷ·
2538 2363 2557 2396 ι
2599 2343 2795 2415 Κύριε,
2823 2346 2852 2397 ὁ
2875 2344 3079 2413 Κύριος
3106 2342 3284 2415 ἡμῶν,
3305 2341 3381 2405 ὡς
3401 2340 3719 2411 θαυμαστὸν

2134 2437 2195 2489 τὸ
2221 2436 2392 2507 ὄνομά
2426 2453 2520 2489 σου
2554 2438 2612 2490 ὲν
2643 2436 2795 2509 πάσῃ
2822 2438 2889 2507 τῇ
2939 2439 3010 2506 γῇ
3031 2452 3048 2467 ο
3081 2437 3167 2488 ὅτι
3208 2434 3420 2505 ἐπήρθη
3470 2435 3505 2502 ἡ
3547 2449 3719 2502 μεγα-

2134 2529 2441 2601 λοπρέπειά
2473 2546 2566 2582 σου
2613 2529 2871 2600 ὑπεράνω
2913 2528 3024 2582 τῶν
3081 2526 3346 2599 οὐρανῶν.
3415 2545 3437 2579 ι
3494 2525 3572 2579 Τὸ
3602 2520 3717 2592 οὖν,

2134 2620 2426 2690 ὑψώθητι,
2460 2621 2582 2674 ἀντὶ
2625 2618 3014 2691 τοῦ,δείχθητι
3069 2618 3297 2689 ὑψηλὸς,
3343 2618 3438 2670 καὶ
3497 2617 3717 2670 πάντων

2137 2713 2463 2785 ὑπέρτερος,
2496 2713 2593 2766 καλ⁸
2618 2714 2770 2767 πᾶσα
2803 2714 2836 2783 ἡ
2873 2712 2944 2783 γῆ
2980 2711 3202 2783 μαθέτω
3227 2712 3326 2782 τὴν
3352 2710 3451 2780 σὴν
3480 2708 3661 2773 δόξαν.

2207 2806 2272 2870 ζ’.
2311 2825 2332 2857 ι
2367 2806 2558 2869 Ὅπως
2590 2804 2657 2859 ἂν
2696 2803 2970 2875 ρυσθῶσιν
2994 2804 3044 2856 οί
3068 2801 3348 2873 ἀγαπητοί
3383 2817 3502 2867 σου,
3542 2799 3714 2852 σῶσον

2134 2902 2199 2970 τῇ
2240 2897 2393 2967 δεξιᾷ
2442 2913 2559 2962 σου,
2593 2895 2689 2947 καὶ
2737 2893 3048 2948 ἐπάκουσον
3096 2909 3220 2963 μου.
3259 2910 3277 2943 ι
3315 2889 3492 2954 Δείξει
3520 2889 3578 2942 δέ
3620 2903 3712 2940 σου

2135 2995 2305 3048 πᾶσιν
2343 2990 2659 3061 ἀνθρώποις
2695 2991 2796 3059 τὴν
2828 2989 3062 3059 δύναμιν
3101 2987 3210 3040 τῶν
3243 2986 3339 3056 τῆς
3375 2985 3476 3054 σῆς
3503 2982 3713 3036 οἰκειώ-

451 3074 592 3127 quos
621 3058 998 3119 familiaritate
1032 3074 1126 3120 tua
1159 3066 1417 3137 dignatus
1443 3084 1523 3123 es.
1552 3072 1570 3090 '
1594 3069 1832 3125 Admitte
1861 3072 2028 3143 igitur

2140 3101 2274 3147 σεως
2308 3058 2653 3149 ἀξιωθέντων
2678 3083 2713 3152 ἡ
2754 3058 3010 3150 σωτηρία
3029 3094 3043 3107 ⁸
3091 3078 3239 3143 δέξαι
3275 3093 3376 3146 μου
3402 3075 3585 3128 τοίνυν
3615 3072 3713 3144 τὴν

451 3164 604 3205 meas
635 3166 848 3220 preces,
881 3166 1142 3228 tuamque
1166 3160 1385 3228 porrige
1408 3161 1709 3216 dexteram.
1735 3161 2027 3219 Dexteram

2140 3177 2398 3239 ἱκετείαν,
2431 3175 2526 3229 καὶ
2548 3175 2647 3244 τὴν
2691 3174 2791 3244 σὴν
2820 3172 3009 3243 ὄρεξον
3036 3171 3241 3237 δεξιάν.
3271 3168 3487 3235 Δεξιὰν
3523 3167 3582 3221 δὲ
3614 3184 3712 3220 κα-

449 3253 584 3295 vero
612 3253 767 3298 vocat
798 3245 995 3300 bonam
1024 3247 1399 3315 operationem

524 3331 691 3388 Vens.
726 3333 780 3389 8.
821 3354 840 3387 ι
881 3334 1025 3392 Deus
1054 3341 1273 3393 locutus
1296 3349 1380 3394 est
1411 3340 1465 3395 in
1493 3355 1685 3399 sancto
1712 3358 1834 3399 suo.
1879 3363 1898 3397 ι
1931 3343 2027 3401 Vi-

452 3424 651 3481 delicet
695 3441 790 3496 per
827 3426 1065 3497 Spiritus
1108 3432 1285 3486 sancti
1331 3432 1583 3503 gratiam.
1657 3455 1676 3488 ‹
1712 3435 2029 3507 Exaltabor,

453 3528 509 3574 et
545 3519 783 3575 dividam
820 3519 1108 3590 Sicimam,
1132 3532 1184 3578 et
1218 3526 1519 3580 convallem
1549 3527 2028 3587 tabernaculorum

454 3608 735 3668 dimetiar.
773 3630 793 3664 ι
837 3611 995 3678 Quod
1028 3618 1289 3686 prepbeta
1325 3617 1661 3687 eiliagilavit,
1696 3635 2028 3683 consecutus

451 3710 557 3758 cst.
609 3703 882 3770 Quoniam
947 3707 1136 3765 dixit:
1172 3728 1192 3761 ι
1228 3711 1477 3766 Exaltare
1526 3730 1690 3784 super
1749 3718 1956 3782 caelos,
1999 3735 2033 3776 0

453 3790 631 3859 Deus,
667 3813 687 3846 ο
752 3798 1050 3866 respondet
1100 3797 1366 3856 Dominus
1427 3802 1651 3869 dicens,
1710 3805 2028 3866 Exaltabor.

452 3885 659 3942 Deinde
686 3888 906 3943 modum
944 3890 1140 3960 aperit,
1188 3911 1207 3944 ι
1247 3892 1491 3949 Dividam
1527 3895 1810 3953 Sicimam.
1848 3919 1866 3951 ι
1906 3901 2033 3957 Haec

454 3988 638 4033 autem
680 3988 764 4034 est
793 3981 1010 4047 civitas,
1042 3998 1163 4052 quae
1205 3983 1445 4056 Josepbo
1476 4004 1576 4057 per
1612 3993 2028 4061 praerogativam

455 4068 582 4125 data
623 4068 748 4126 fuit.
802 4071 908 4128 Sed
956 4083 1011 4129 et
1064 4076 1387 4143 convallem,
1437 4095 1558 4158 qua:
1614 4082 1765 4150 prius
1816 4083 2032 4139 deserta

454 4161 654 4228 fuerat,
690 4178 754 4218 ac
785 4167 1000 4235 tuguria
1033 4179 1316 4238 pastorum
1353 4182 1664 4241 exceperat,
1712 4175 1894 4229 denuo
1931 4175 2030 4231 ba-

452 4250 781 4308 bitatoribus
833 4254 1091 4327 implebo,
1145 4268 1201 4313 et
1265 4270 1322 4312 ut
1379 4262 1614 4316 reversis
1668 4263 2033 4320 distribuatur

453 4341 706 4399 eliiciam.

2131 3269 2216 3322 λεί
2246 3269 2345 3338 τὴν
2373 3267 2584 3338 ἀγαθὴν
2612 3266 2916 3339 ἐνέργειαν.
3680 3325 3686 3330 _

2203 3368 2275 3432 η’.
2316 3381 2335 3412 ι
2385 3360 2443 3414 '0
2476 3360 2611 3424 Θεὸς
2638 3359 2899 3430 ἐλάλησεν
2930 3359 2990 3412 ὲν
3010 3357 3087 3428 τῷ
3113 3355 3254 3426 ἁγίῳ
3282 3353 3470 3409 αὑτοῦ.
3506 3372 3525 3406 ι
3567 3351 3710 3406 Ἀντί

2132 3453 2250 3520 τοῦ,
2307 3454 2396 3507 διὰ
2444 3454 2545 3524 τῆς
2615 3452 2710 3506 τοῦ
2759 3451 3027 3521 παναγίου
3086 3448 3403 3519 Πνεύματος
3459 3445 3703 3517 χάριτος.

2139 3566 2159 3601 ι
2203 3544 2597 3618 ’Υψωθήσομαι
2627 3546 2671 3579 (³⁵
2707 3546 2799 3599 καὶ
2851 3542 3120 3615 διαμεριῶ
3174 3540 3399 3610 Σίκιμα,
3464 3539 3564 3591 καὶ
3614 3536 3710 3607 τὴν

2133 3640 2359 3695 κοιλάδα
2383 3640 2494 3694 τῶν
2526 3637 2745 3709 σκηνῶν
2780 3637 3158 3706 διαμετρήσω.
3188 3652 3207 3686 ι
3243 3625 3429 3703 Οὗπερ
3452 3631 3653 3701 ᾔτησεν
3681 3629 3709 3680 ὁ

2134 3735 2423 3805 προφήτης
2486 3730 2841 3801 ἀπήλαυσενο
2897 3726 3088 3795 ἐπειδὴ
3138 3720 3313 3777 εἶπενι
3348 3741 3368 3773 ι
3431 3719 3707 3789 ’Υψὼοητι

2135 3823 2229 3879 ἐπὶ
2258 3822 2386 3885 τοὺς
2427 3820 2695 3891 οὐρανοὺς
2740 3820 2768 3871 ὁ
2806 3816 2960 3881 Θεὸς,
3016 3834 3034 3867 ι
3073 3811 3426 3882 ἀποκρίνεται
3472 3808 3647 3878 λέγων
3680 3809 3708 3859 ὁ

2133 3913 2433 3982 Δεσπότης,
2493 3910 2940 3979 ’Υψωοήσομαω
2991 3901 3127 3959 Εἶτα
3171 3904 3413 3957 δείκνυσι
3464 3902 3563 3954 καὶ
3614 3900 3706 3952 τὸν

2131 4006 2353 4078 τρόπον.
2395 4024 2415 4056 ‹
2448 4001 2730 4074 Διαμεριῶ
2765 4001 2989 4070 Σίκιμα.
3033 4017 3049 4050 ι
3110 3997 3273 4060 Πόλις
3314 3995 3370 4049 δὲ
3401 3993 3545 4064 αὕτη
3584 3990 3706 4046 κατ’

2133 4096 2414 4168 ἐξαίρετον
2443 4093 2521 4165 τῷ
2564 4093 2763 4163 Ἰωσὴφ
2792 4090 3074 4161 δεδομένη.
3138 4088 3301 4143 Ἀλλά
3329 4086 3424 4139 καὶ
3463 4086 3562 4155 τὴν
3587 4102 3707 4138 κοι-

2132 4188 2290 4244 λάδα
2318 4187 2415 4260 τὴν
2446 4186 2651 4258 ἔρημον
2672 4184 2995 4254 γενομένην,
3019 4183 3115 4235 καὶ
3166 4179 3442 4250 ποιμένων
3474 4175 3705 4245 δεξαμέ-

2133 4298 2230 4353 νην
2259 4269 2483 4351 σκηνᾶς,
2508 4276 2716 4332 ἄνωθεν
2746 4274 3049 4346 οἰκητόρων
3075 4271 3372 4344 πληρώσω,
3403 4272 3500 4325 καὶ
3527 4269 3705 4322 διανε-

2137 4374 2375 4445 μηθῆναι
2408 4373 2521 4434 τοῖς
2551 4368 2910 4424 ἐπανελθοῦσι
2938 4366 3368 4438 παρασκευάσω.

522 4435 694 4496 Vens.
727 4440 780 4496 9.
824 4460 844 4493 ι
881 4442 1034 4498 Iiicus
1072 4451 1156 4497 est
1198 4443 1427 4508 Gaiaad,
1476 4454 1530 4499 et
1578 4462 1734 4502 meus
1784 4458 1868 4504 est
1913 4449 2028 4505 Ma-

2140 4435 2151 4445 ’
2311 4480 2331 4512 ι
2392 4459 2557 4530 Ἑμός
2605 4461 2720 4512 ἐστι
2768 4435 3134 4522 Γαλαὰδξκαὶ
3177 4453 3311 4525 ἐμός
3336 4456 3451 4507 ἐστι
3483 4455 3708 4508 Μανασ-

453 4544 667 4597 nasses,
690 4540 745 4585 et
770 4531 1027 4601 prraim
1061 4534 1339 4603 susceptio
1373 4537 1568 4606 capitis
1603 4540 1729 4606 mei,
1762 4540 1902 4595 Juda
1933 4558 2029 4598 rex

453 4636 628 4678 meus.
668 4641 686 4674 ›
723 4620 839 4677 Νοιι
865 4625 1011 4678 enim
1042 4625 1206 4678 modo
1225 4623 1538 4689 Manassen,
1559 4630 1651 4685 sed
1683 4635 1844 4686 etiam
1875 4633 2028 4692 illius

2133 4554 2254 4625 σῆς,
2288 4552 2385 4607 καὶ
2439 4550 2683 4621 Ἐφραῒμ
2730 4548 3014 4619 ἀντίληψις
3059 4548 3104 4580 ⁸⁸
3145 4546 3247 4616 τῆς
3283 4543 3531 4615 κεφαλῆς
3583 4563 3703 4614 μου,

2143 4646 2344 4709 Ἰούδας
2390 4643 2645 4715 βασιλεύς
2676 4660 2797 4713 μου.
2835 4660 2854 4694 ›
2891 4638 3264 4709 Οίκειὼσομαι
3293 4638 3401 4709 γὰρ
3434 4639 3495 4691 οὐ
3548 4638 3705 4707 μόνον

452 4713 731 4784 regionem
795 4715 927 4769 mihi
989 4715 1278 4771 asciscam.
1348 4716 1560 4773 Galaad
1622 4722 1768 4776 enim
1826 4741 2025 4784 nomen

2140 4739 2220 4791 τὸν
2258 4713 2549 4808 Μανασσῆ,
2580 4734 2718 4789 ἀλλά
2740 4734 2833 4787 καί⁵
2859 4731 2958 4803 τὴν
2986 4731 3195 4784 ἐκείνου
3222 4728 3426 4801 χώραν.
3455 4727 3707 4783 Γαλαὰδ

458 4807 675 4878 1380
709 4816 795 4865 est
824 4809 952 4874 loci,
988 4808 1263 4866 Manasses
1294 4826 1423 4867 vero
1455 4828 1657 4870 nomen
1696 4818 1888 4877 tribus.
1921 4822 2028 4880 Sed

451 4907 507 4953 et
544 4898 836 4968 Ephraimo
874 4901 1163 4970 pristinam
1197 4904 1493 4972 potentiam
1525 4908 1748 4965 reddam
1770 4951 1785 4976 ,
1834 4924 1888 4969 et
1913 4914 2019 4969 Ju-

452 4989 579 5043 dam
631 4992 880 5046 omnium
940 4993 1182 5050 tribuum
1239 5008 1422 5064 regem
1506 5001 1853 5058 constituam.
1899 5005 2025 5062 Post

553 5189 583 5232 ιι
622 5188 829 5247 Babae.
869 5209 967 5263 ιιι,
1007 5196 1061 5251 5.
1156 5197 1175 5237 ι
1215 5196 1360 5257 Psal.
1402 5217 1515 5269 vnr,
1558 5205 1609 5259 l.

2130 4828 2260 4899 γὰρ,
2283 4827 2454 4898 ὄνομα
2476 4826 2665 4891 τόπου,
2686 4821 3029 4892 Μανασσῆς
3049 4822 3105 4875 δὲ
3136 4820 3478 4893 προσηγορία
3509 4820 3700 4891 φυλῆς.

2140 4917 2303 4971 Ἀλλά
2328 4920 2421 4973 καὶ
2446 4916 2523 4988 τῷ
2562 4918 2813 4987 Ἐφραῒμ
2836 4915 2935 4987 τὴν
2985 4914 3261 4987 προτέραν
3307 4912 3577 4966 ἀποδώσω
3610 4912 3701 4966 δύ-

2131 5027 2324 5081 ναμινο
2383 5010 2475 5064 τὸν
2515 5009 2616 5080 μέν
2678 5026 2762 5063 τοι
2814 5006 3040 5063 Ἰούδαν
3095 5003 3287 5059 πασῶν
3340 5004 3461 5067 ,τῶν
3520 5004 3701 5075 φυλῶν

1531 5368 1767 5426 ἾΑΒΙιΕ
1785 5370 2196 5440 ,ιΕΟΤιΟΝΕδ
2246 5374 2336 5429 ET
2378 5374 2618 5431 NOTAE.

528 5494 762 5585 f°_P_‘"°‘7
803 5507 901 5585 κὲη
958 5507 1267 5585 lim--90!!-
1333 5510 1361 5585 i
1418 5512 1713 5585 Emam;
1751 5514 2002 5583 ascriptis

2140 5532 2220 5571 ten
2259 5516 2442 5572 verbis
2508 5517 2716 5585 Κυρίου
2782 5516 2893 5570 καί.
2983 5515 3027 5547 ⁶¹
3060 5512 3310 5585 Nemi—7
3354 5506 3692 5585 διέδραμονζ.

454 5564 677 5654 givergsa
706 5580 871 5654 ἐνίει
940 5590 1061 5654 quae
1117 5577 1277 5654 Cord.
1323 5580 1385 5654 ιη
1428 5596 1476 5634 c.
1511 5564 2000 5654 Δρξ’ἑὸὶῑξἾιέίὕόιῖ
2042 5564 2441 5654 nauigat}?
2469 5564 2727 5654 uisam
2767 5564 3025 5650 εῗὶὀύς.
3060 5564 3216 5638 ὀόᾶζ
3260 5583 3284 5635 t

1660 5641 1849 5724 praem.
1893 5655 2003 5707 καί.
2084 5656 2129 5687 ⁵⁸
2184 5641 2391 5724 Ὑψωθ.
2436 5657 2599 5711 Hebr.
2651 5641 2831 5720 Πτὸνιαι

455 5632 503 5667 ⁸³
536 5638 657 5692 cod.
700 5639 723 5693 1
767 5632 1140 5714 διδασκᾶλους.
1217 5647 1263 5679 ⁸⁸
1318 5649 1385 5701 δι’
1425 5632 1613 5714 ὼάἵι

3346 5594 3540 5651 poem.
3556 5577 3568 5579 ⁷
3584 5577 3695 5651 καί.

2874 5648 3018 5726 quod
3059 5653 3204 5709 Psal.
3246 5648 3363 5720 tu,
3399 5649 3456 5708 8.
3494 5648 3696 5706 rectius

451 5717 604 5779 expr.
643 5723 740 5781 per
776 5713 1177 5786 ἁγαλλιάσομαι
1207 5792 1235 5797 _
1276 5718 1321 5751 "
1373 5713 1732 5792 Ἀντίληψὶς.
1774 5721 1913 5779 Psal.
1959 5742 2028 5780 Li:

2140 5742 2163 5792 π,
2206 5713 2309 5797 Ιιῖε.
2351 5713 2909 5800 κραταίωσιέίίιεὺιί
2953 5733 3108 5790 1WD-
