3822 6324
141 297 297 368 I753

1473 306 1555 367 IN
1589 306 1794 367 PSAL.
1838 305 2050 367 CVIII.

3277 308 3418 376 1751

136 415 466 488 βασιλεύειν
519 418 958 491 παρασκευάσω.
1004 419 1163 475 Μετὰ
1240 420 1349 494 γάρ
1415 423 1517 494 τὴν
1572 424 1713 478 ἐπάν

1838 422 2074 478 reditum
2093 403 2239 478 enim
2263 405 2510 480 indivisa:
2525 421 2580 479 et
2598 421 2844 480 confusae
2870 437 3288 495 permanserunt
3317 429 3417 485 tri-

130 507 272 562 οδον
322 505 623 578 ἀδιαίρετοι
668 510 1045 581 μεμενήκασιν
1089 512 1146 565 αί
1189 511 1375 581 φυλαί.
1426 512 1484 566 '0
1528 513 1587 567 δὲ
1629 517 1727 569 Ζο-

128 596 406 666 ροϐάϐελ,
446 600 543 654 καὶ
589 599 800 656 τούτων
834 602 1107 657 κάκείνων
1152 605 1362 674 ἡγεῖτο.
1412 605 1635 676 κυρίως
1670 606 1727 661 δὲ

132 686 248 739 καὶ
276 685 495 758 άληθῶς
530 689 560 741 6
597 689 878 760 Δεσπότης
929 691 1185 762 Χριστὸς,
1225 693 1253 745 6
1288 692 1349 757 ἐξ
1390 692 1560 747 Ἰούδα
1585 696 1728 749 κατὰ

136 773 336 846 σάρκα
373 775 703 849 βλαστήσας,
733 780 956 853 ἁπάσης
989 781 1264 852 βασιλεύει
1297 783 1401 853 τῆς
1427 784 1680 848 κτίσεως.

221 872 277 921 ι’.
313 886 334 920 ι
384 868 562 923 Μωὰό
591 869 759 940 λέϐης
788 870 891 941 τῆς
925 871 1142 937 ἐλπίδος
1193 891 1293 946 μου
1343 875 1386 908 ⁸⁷
1409 889 1425 907 ⁶
1482 876 1575 929 ἐπὶ
1629 875 1727 947 τὴν
1822 875 1828 881 ’

151 957 467 1030 Ἰδουμαίαν
497 960 746 1015 ἐπιϐαλῶ
780 959 826 995 ⁸⁸
858 962 923 1017 τὸ
951 963 1206 1036 ὑπόδημά
1244 983 1369 1037 μου,
1406 967 1532 1035 ἐμοὶ
1570 966 1729 1022 ἀλλό-

136 1048 308 1117 φυλοι
342 1049 1055 1125 ὑπετάγησαν.»Τοσαύτην
1088 1054 1146 1108 δὲ
1170 1055 1249 1127 τῷ
1281 1056 1403 1127 ἐμῷ
1437 1056 1556 1128 λαῷ
1585 1075 1726 1130 παρ-

136 1137 256 1205 έξω
292 1140 479 1211 ἰσχὺν,
510 1140 656 1195 ὥστε
704 1141 932 1197 καὶτῶν
967 1143 1284 1214 ἀλλοφύλων
1313 1146 1612 1218 κρατῆσαι,
1630 1147 1726 1201 καὶ

136 1230 448 1296 Μωαϐίτας
481 1233 577 1286 καὶ⁵
621 1233 953 1306 Ἰδουμαίους
976 1236 1253 1306 ὑπηκόους
1282 1237 1490 1297 λαϐεῖν.
1535 1240 1724 1312 ’Δκρι-

139 1321 408 1394 ὅέστερον
432 1323 491 1377 δὲ
520 1324 696 1380 ταῦτα
733 1328 791 1381 ἐν
819 1327 900 1399 τῷ
929 1326 973 1382 ν’
1004 1330 1099 1383 καὶ
1129 1328 1173 1383 θ’
1216 1329 1418 1403 ψαλμῷ
1447 1331 1724 1402 ἑρμηνεύ-

141 1430 348 1485 σαμεν.
1140 1454 1141 1457 η

218 1506 310 1572 ια’,
344 1508 433 1580 ιβ’.
472 1529 492 1563 ‹
552 1511 649 1575 Τίς
678 1511 881 1579 ἀπάξει
917 1530 986 1585 με
1014 1513 1098 1579 είς
1146 1514 1306 1568 πόλιν
1361 1515 1657 1587 περιοχῆς;
1686 1515 1721 1587 ἢ

137 1597 229 1661 τίς
257 1599 514 1671 ὁδηγήσει
571 1619 639 1673 με
694 1603 799 1667 ἕως
830 1604 933 1675 τῆς
996 1605 1335 1678 Ἰδουμαίαςς
1388 1607 1525 1679 Οὐχὶ
1557 1608 1644 1673 σὺ,
1693 1608 1724 1661 6

136 1689 300 1756 Θεὸς,
335 1694 363 1744 ὁ
384 1692 754 1765 ἀπωσάμενος
780 1696 962 1767 ἡμᾶς
1012 1716 1031 1749 ι
1079 1698 1303 1770 Ἡδονῆς
1331 1698 1669 1770 ἐμπλησθεὶς
1694 1700 1725 1753 6

1836 514 1962 571 bus.
2002 514 2304 571 Zorobabel
2338 525 2520 572 autem
2551 516 2772 581 harum,
2807 529 2860 574 et
2886 519 3104 574 illarum
3145 521 3253 576 dux
3286 521 3411 577 fuit.

1835 607 1939 665 Sed
1973 609 2193 679 proprie
2219 608 2440 679 quidem
2472 617 2527 665 et
2560 625 2686 666 vere
2725 610 2991 666 Dominus
3032 612 3308 679 Christus,
3346 630 3415 668 ex

1832 696 1973 753 Juda
2010 700 2311 755 secundum
2360 715 2580 757 carnem
2630 712 2808 769 ortus,
2866 704 2963 759 toti
3014 703 3247 774 imperat
3290 706 3414 761 orbi

1836 799 2129 845 terrarum.

1904 880 2070 938 Vens.
2110 883 2198 939 l0.
2237 902 2257 935 ι
2293 883 2455 942 Moab
2487 884 2636 941 lebes
2665 887 2780 957 spei
2819 902 2971 952 mea),
3015 887 3069 941 in
3110 888 3409 945 ldumazam

1831 975 2072 1046 injiciam
2112 977 2540 1033 calceamentum
2609 995 2816 1043 meum,
2879 979 3014 1033 mihi
3084 981 3410 1051 alienigena:

1831 1071 2033 1126 subditi
2068 1078 2218 1127 sunt.
2250 1091 2270 1124 ι
2309 1072 2481 1127 Porro
2525 1073 2632 1128 tale
2675 1074 2876 1144 popqu
2923 1090 3046 1129 meo
3094 1074 3408 1145 impertiam

1829 1163 2021 1231 robur,
2057 1172 2116 1218 ut
2150 1162 2475 1235 Allaphylos
2501 1163 2715 1230 vincat,
2768 1174 2822 1219 et
2861 1163 3127 1220 Moabitas
3168 1183 3234 1222 ac
3281 1166 3409 1221 ldu-

1831 1265 1999 1306 maaos
2032 1251 2284 1307 subditos
2319 1251 2536 1307 habeat.
2588 1252 2915 1308 Accuratius
2966 1268 3134 1324 porro
3179 1256 3296 1311 haec
3349 1256 3407 1312 in

1829 1342 2284 1416 quinquagesimo
2316 1359 2465 1400 nono
2496 1345 2709 1416 psalmo
2750 1345 3189 1416 explanavimus.

1899 1520 2069 1578 Vsus.
2103 1522 2190 1590 11,
2227 1522 2313 1577 12.
2355 1542 2374 1575 ι
2414 1523 2551 1590 Quis
2601 1523 2834 1580 deducet
2887 1540 2972 1581 me
3020 1526 3073 1581 in
3122 1528 3400 1585 civitatem

1828 1616 2095 1671 munitam
2119 1617 2243 1672 ivel
2267 1617 2390 1687 quis
2418 1618 2653 1673 deducet
2675 1634 2761 1672 mc
2784 1634 2958 1689 usque
2987 1620 3038 1673 in
3067 1621 3354 1677 ldumzeam
3380 1624 3408 1679 7

1828 1707 2019 1764 Nonne
2043 1718 2122 1774 tu,
2146 1709 2311 1775 Deus,
2342 1711 2434 1781 qui
2458 1711 2708 1780 repulisti
2736 1728 2897 1767 nos.»
2915 1712 3182 1783 Propheta
3212 1716 3401 1772 laetitia

135 1782 438 1875 προφήτης
490 1787 555 1856 τῇ
607 1784 718 1839 τῶν
770 1787 996 1856 ἀγαθῶν
1059 1792 1385 1862 προρρήσει,
1442 1790 1714 1863 ἱμείρεται

1833 1800 2064 1856 refertus
2117 1801 2190 1857 ob
2245 1801 2517 1857 bonorum
2577 1802 3025 1870 praedictionem,
3077 1806 3402 1875 conspicere

140 1873 278 1926 ἰδεῖν
322 1875 418 1928 καὶ
455 1876 558 1946 τὴν
603 1878 1005 1934 καταλυθεῖσαν
1040 1882 1196 1936 πόλιν
1245 1883 1739 1956 οίκοδομηθεῖσαν,’

136 1964 240 2017 καὶ
287 1967 416 2029 τοὺς
470 1966 803 2040 Ἰδουμαίους
857 1974 972 2036 τοῖς
1022 1973 1303 2039 Ἰουδαίοις
1344 1975 1718 2041 δουλεύοντας.

136 2055 332 2112 Ταῦτα
360 2057 439 2121 δὲ,
476 2062 664 2131 φησὶν,
698 2061 876 2127 οὐδεὶς
900 2063 1087 2134 ἕτερος
1127 2070 1434 2138 παρασχεῖν
1459 2068 1659 2135 ἱκανὸς,
1685 2068 1720 2139 ἢ

138 2148 210 2203 σὺ
264 2149 444 2220 μόνος,
478 2154 507 2206 6
538 2153 634 2207 νῦν
672 2155 824 2224 ἡμᾶς
869 2156 1257 2229 ἀπωσάμενος,
1316 2159 1413 2213 καὶ
1447 2160 1722 2215 δουλεύειν

136 2242 462 2307 κελεύσας.‹
496 2247 608 2299 Καὶ
637 2247 737 2302 οὐκ
770 2247 1048 2324 ἐξελεύσῃ,
1080 2253 1109 2304 6
1137 2250 1290 2314 Θεὸς,
1317 2253 1376 2305 ἐν
1408 2255 1531 2316 ταῖς
1558 2252 1722 2307 δυνά-

139 2329 303 2403 μεσιν
336 2335 514 2405 ἡμῶν.
576 2357 596 2390 ι
640 2339 701 2393 '0
753 2339 811 2393 δὲ
865 2338 1165 2412 Σύμμαχος
1207 2341 1412 2407 οὕτως’
1464 2344 1575 2399 Kal
1632 2343 1718 2413 μὴ

142 2426 465 2494 ,προελθὼν
479 2428 546 2494 ⁸⁸,
582 2429 710 2496 Θεὲ,
731 2431 802 2484 ἐν
824 2432 950 2499 τοῖς
980 2435 1426 2504 στρατεύμασιν
1449 2436 1497 2468 ⁷⁰
1527 2435 1717 2504 ἡμῶν.

134 2513 220 2567 υὺ
255 2514 362 2587 γὰρ
399 2517 718 2589 ἡττήθημεν
747 2518 989 2589 πώποτε,
1023 2521 1118 2576 σοῦ
1146 2523 1599 2594 στρατηγοῦντος,
1629 2526 1719 2579 καὶ

128 2607 244 2677 τῆς
267 2607 551 2677 φάλαγγος
574 2610 914 2680 ἡγουμένου.

219 2736 241 2771 ι
280 2724 351 2788 γ’.
380 2736 401 2772 ι
437 2718 538 2782 Δὸς
569 2720 700 2790 ἡμῖν
730 2718 979 2791 βοήθειαν
1003 2722 1070 2774 ἐκ
1101 2721 1352 2793 θλίψεως,
1390 2725 1485 2778 καὶ
1514 2725 1719 2796 ματαία

137 2810 391 2881 σωτηρία
418 2810 732 2881 ἀνθρώπου.
786 2831 806 2864 ι
853 2812 1072 2867 Παῦσον
1119 2813 1301 2868 τοίνυν
1352 2817 1420 2869 τὰ
1470 2815 1717 2887 λυπηρά,

133 2902 243 2955 καὶ
268 2902 368 2973 τὴν
411 2902 509 2972 σὴν
547 2904 721 2975 ῥοπὴν
751 2903 957 2973 ὄρεξον.
994 2904 1310 2976 Ούδαμόθεν
1339 2907 1449 2978 γάρ
1489 2908 1715 2963 ἄλλοθεν

132 2991 339 3046 τούτου
390 2995 577 3065 τυχεῖν
626 2994 875 3049 δυνατόν.
912 2996 1068 3048 Πᾶσα
1102 2996 1276 3068 γὰρὴ
1321 3000 1455 3070 παρ’
1513 2999 1720 3071 ἀνθρώ.

134 3102 265 3139 πων
312 3085 634 3159 συμμαχία,
675 3086 770 3142 σοῦ
805 3087 881 3160 μὴ
916 3088 1331 3161 συνεργοῦντος,
1383 3092 1591 3161 ματαία
1623 3093 1717 3146 καὶ

135 3179 441 3252 ἄχρηστος.

220 3294 303 3349 ιδ’.
334 3312 355 3347 ι
409 3294 497 3350 Ἐν
524 3296 604 3367 τῷ
642 3295 763 3368 Θεῷ
800 3299 1100 3370 ποιήσομεν
1127 3298 1381 3370 δύναμιν,
1418 3301 1515 3355 καὶ
1553 3302 1716 3367 αὐτὸς

138 3386 498 3452 ἐξοώενὼσει
524 3389 651 3454 τοὺς
679 3389 908 3461 ἐχθροὺς
935 3392 1096 3462 ἡμῶν
1137 3393 1204 3445 τί.
1245 3412 1264 3445 ι
1305 3394 1405 3446 Διά
1433 3411 1516 3448 τοι
1551 3394 1712 3449 τοῦτο

138 3477 249 3549 τὴν
283 3477 381 3549 σὴν
414 3479 828 3552 ἐπικαλούμεθα
865 3483 1125 3553 πρόνοιαν
1148 3499 1161 3514 ·
1210 3484 1298 3538 διὰ
1337 3486 1547 3558 ταύτης
1604 3488 1712 3558 γὰρ

146 3569 326 3641 μόνης
355 3570 746 3643 περιγενέσθαι
767 3572 877 3627 τῶν
910 3573 1199 3646 δυσμενῶν
1227 3577 1599 3649 δυνησόμεθα.

458 3706 724 3763 EPMHN.
761 3708 899 3762 ΤΟΥ
929 3709 1037 3763 ΡΗ¹
1066 3709 1389 3766 ΨΑΛΜΟΥ.

220 3846 292 3898 α’.
320 3859 342 3896 ι
372 3842 468 3907 El;
498 3844 561 3898 τὸ
591 3843 772 3908 τέλος·
803 3843 1017 3916 ψαλμὸς
1042 3844 1123 3914 τῷ
1149 3843 1337 3900 Δασίδ.
1386 3860 1405 3895 ι
1434 3843 1508 3896 Τὸ
1538 3844 1717 3914 σωτή-

148 3947 267 4001 ριον
284 3930 477 3997 πάθος,
507 3933 604 3986 καὶ
625 3933 727 4005 τὴν
755 3934 1025 3988 Ἰουδαίων
1056 3932 1276 4004 μανίαν,
1296 3930 1394 3985 καὶ
1416 3930 1516 4002 τὴν
1544 3930 1718 3984 Ἰούδα

145 4019 466 4090 προδοσίαν,
496 4014 654 4086 οὗτος
685 4025 714 4075 ὁ
740 4022 953 4092 ψαλμὸς
987 4020 1369 4093 προθεσπίζει.
1404 4019 1642 4089 Ποδηγεῖ
1662 4018 1720 4072 δὲ

144 4111 299 4182 ἡμᾶς
328 4111 422 4164 ἐπὶ
458 4113 618 4183 τήνδε
649 4112 749 4184 τὴν
790 4114 1027 4169 διάνοιαν
1050 4113 1147 4166 καὶ
1179 4114 1224 4145 τ’
1248 4114 1276 4166 6
1305 4111 1481 4182 μέγας
1513 4110 1720 4181 Πέτρος

144 4202 498 4275 δημηγορῶν,
535 4204 631 4258 καὶ
660 4206 763 4276 τῆς
792 4204 884 4259 τοῦ
929 4204 1099 4258 Ἰούδα
1147 4202 1442 4275 προδοσίας
1482 4216 1722 4271 κατηγο-

150 4293 284 4363 ρῶν»
318 4294 413 4348 καὶ
447 4295 549 4366 τῆς
599 4297 943 4368 προφητείας
1000 4297 1102 4366 τὴν
1151 4294 1430 4359 ἀπόδειξιν
1468 4291 1721 4348 ἐντεῦθεν

150 4384 505 4469 ποιούμενος.
543 4388 751 4458 Μηδεὶς
774 4388 856 4455 δὲ,
896 4386 1111 4443 ἀκούων
1137 4385 1233 4440 τοῦ
1258 4385 1468 4454 Κυρίου
1493 4383 1722 4455 νομοθε-

1822 1891 2096 1947 desiderat
2135 1891 2328 1947 urbem
2366 1892 2713 1957 mdilicatam,
2755 1908 2878 1962 quae
2924 1908 3117 1949 eversa
3164 1903 3304 1960 erat,
3349 1905 3403 1951 ct

1824 1984 2093 2040 Idumaeos
2124 1984 2330 2040 Judads
2371 1984 2689 2039 servientes.
2730 1984 2859 2039 Haec
2905 1992 3088 2040 autem
3118 2024 3133 2049 ,
3188 1985 3400 2056 inquit,

1823 2090 1985 2130 nemo
2016 2075 2159 2129 alius
2190 2082 2453 2145 praestare
2496 2081 2705 2144 potest,
2749 2089 2913 2144 quam
2962 2084 3019 2128 tu
3073 2074 3255 2140 solus,
3303 2076 3402 2144 qui

1822 2187 1966 2227 nunc
2004 2186 2105 2227 nos
2146 2169 2425 2241 repulisti,
2475 2177 2529 2223 et
2575 2170 2781 2223 servire
2835 2168 3158 2237 praecepisti.
3211 2186 3231 2219 ι
3277 2166 3400 2222 Νοιι

1821 2262 2019 2330 exibis,
2045 2260 2210 2330 Deus,
2245 2276 2370 2316 cum
2402 2260 2698 2316 virtutibus
2717 2258 2940 2314 nostris.
2976 2276 2995 2309 ι
3034 2257 3397 2330 Symmachus

1821 2354 1941 2410 sic:
1974 2352 2044 2408 Et
2085 2369 2193 2407 non
2227 2351 2474 2422 pruriens,
2514 2350 2681 2415 Deus,
2710 2350 2763 2403 in
2800 2350 2998 2404 nostris
3051 2348 3396 2403 exercitibus.

1821 2445 2126 2515 Numquam
2162 2445 2310 2500 enim
2357 2442 2651 2515 expugnati
2694 2456 2909 2509 sumus,
2952 2449 3004 2496 te
3049 2440 3187 2496 duce
3214 2448 3270 2495 et
3300 2454 3397 2494 eo-

1821 2539 2040 2611 piarum
2072 2549 2313 2595 rectore.

1889 2739 1908 2760 “
1944 2736 2110 2795 Vens.
2147 2737 2236 2794 15.
2277 2756 2299 2790 ι
2340 2737 2413 2792 Da
2436 2737 2600 2793 nobis
2627 2735 2893 2791 auxilium
2916 2714 2991 2790 de
3016 2733 3392 2801 tribulatione,

1818 2829 1947 2899 quia
1979 2845 2120 2885 vana
2163 2838 2248 2886 est
2294 2829 2443 2884 salus
2478 2828 2741 2884 hominis.
2778 2847 2797 2880 ι
2834 2827 3027 2884 Finem
3073 2827 3259 2896 itaque
3309 2825 3397 2881 fac

1819 2922 2088 2987 molestis,
2112 2928 2166 2975 et
2191 2920 2455 2975 auxilium
2485 2929 2637 2974 tuum
2668 2920 2931 2986 praebeas.
2963 2921 3039 2974 Ex
3068 2919 3219 2973 nullo
3244 2918 3393 2973 enim

1818 3011 1926 3066 alio
1968 3012 2089 3066 loco
2126 3011 2180 3067 id
2213 3011 2476 3081 consequi
2518 3011 2729 3081 1381
2767 3026 3086 3080 possumus,
3122 3008 3393 3079 siquidem

1817 3118 1981 3159 omne
2008 3102 2296 3158 hominum
2331 3103 2623 3169 auxilium,
2677 3112 2727 3158 Ie
2772 3118 2881 3157 non
2933 3101 3250 3171 adjuvanle,
3296 3113 3398 3155 va-

1743 3170 1787 3233 C
1819 3210 1950 3249 num
1990 3202 2046 3250 et
2083 3193 2275 3249 inutile
2317 3201 2423 3249 est.

1887 3305 2050 3362 Vens.
2094 3306 2183 3363 14.
2230 3326 2251 3358 ι
2288 3305 2425 3361 Cum
2451 3303 2565 3361 Deo
2602 3303 2981 3361 exercehimus
3029 3304 3309 3367 virtutem,
3339 3311 3398 3358 et

1816 3399 1932 3468 ipse
1946 3398 2014 3453 ad
2034 3397 2264 3452 nihilum
2292 3396 2502 3468 rediget
2516 3396 2775 3453 inimicos
2799 3405 3070 3452 nostrosa
3091 3396 3392 3464 Propterea

1819 3495 1967 3543 tuam
2001 3486 2360 3558 imploramus
2386 3486 2806 3557 providentiam.
2826 3485 2929 3542 Per
2955 3486 3098 3541 hanc
3120 3485 3265 3541 enim
3297 3496 3392 3538 so-

1817 3578 1925 3634 lam
1950 3579 2135 3635 hostes
2163 3593 2425 3648 superare
2449 3577 2771 3648 poterimus.

2208 3706 2482 3761 INTERP.
2523 3704 2778 3761 PSALMI
2818 3703 3003 3760 CVIII.

1891 3839 2055 3895 Vens.
2092 3839 2145 3894 1.
2190 3855 2210 3890 ι
2252 3838 2315 3892 ln
2346 3837 2531 3901 linem,
2581 3835 2832 3892 Psalmus
2872 3832 3083 3888 Davidi.
3119 3851 3139 3886 ι
3179 3831 3395 3887 Saluta-

1818 3946 1933 3987 rem
1973 3928 2308 4000 passionem,
2358 3927 2785 3996 .ludaeorumque
2831 3924 3100 3990 furorem,
3145 3932 3201 3978 et
3244 3920 3396 3977 Iuda:

1817 4021 2182 4093 proditionem
2233 4021 2324 4076 hic
2373 4018 2620 4090 psalmus
2666 4016 2939 4088 praecinit.
2989 4014 3217 4070 Deducit
3263 4028 3396 4069 vero

1818 4129 1920 4179 nos
1950 4114 2006 4170 in
2036 4114 2186 4168 hunc
2214 4126 2439 4170 sensum
2474 4124 2709 4180 magnus
2735 4108 2901 4164 etiam
2929 4106 3146 4171 Petrus,
3172 4105 3395 4161 concio-

1818 4220 1942 4260 nem
1974 4203 2201 4269 habens,
2244 4201 2504 4271 Judaeque
2543 4198 2910 4269 proditionem
2956 4195 3306 4263 insimulans,
3340 4202 3400 4249 et

1820 4297 1947 4353 hinc
1985 4294 2431 4351 vaticinationem
2461 4280 2767 4348 declarans.
2794 4289 3061 4346 Caeterum
3094 4303 3255 4343 nemo
3299 4302 3397 4341 au-

1800 4388 1978 4444 diens
2006 4385 2301 4441 Dominum
2333 4384 2595 4439 ferentem
2622 4382 2822 4451 legem,
2855 4387 2917 4435 ut
2940 4377 3398 4449 persequentibus

143 4468 376 4540 τοῦντος
397 4477 645 4546 εὐλογεῖν
674 4480 802 4542 τοὺς
835 4478 1155 4545 διώκοντας,
1193 4476 1450 4531 ἐναντίαν
1481 4472 1714 4546 ἡγείσθω

1833 4479 2236 4543 benedicamus,
2280 4474 2728 4532 vaticinationem
2757 4477 3152 4543 repugnantem
3180 4468 3398 4539 legisla-

146 4564 248 4620 τοῦ
292 4567 589 4638 νομοθέτου
622 4570 722 4641 τὴν
755 4571 1114 4642 προφητείαν.
1166 4568 1302 4624 Οὐδὲ
1335 4568 1444 4640 γάρ
1487 4564 1714 4621 ἐνταῦθα

1833 4572 1935 4630 tori
1984 4586 2109 4628 esse
2157 4576 2329 4640 putet.
2369 4565 2488 4625 Non
2543 4566 2693 4622 enim
2745 4564 2852 4619 hoc
2900 4561 2958 4616 in
3000 4562 3125 4616 loco
3174 4559 3400 4615 divinus

148 4656 513 4728 ἐπαρώμενος
539 4662 568 4714 6
594 4661 931 4732 προφητικὸς
957 4660 1178 4726 διέξεισι
1200 4659 1246 4691 ⁷³
1264 4659 1442 4726 λόγος,
1467 4656 1603 4711 άλλᾶ
1626 4654 1726 4719 τὰς

149 4748 443 4819 ἐσομένας,
473 4753 569 4806 καὶ
617 4753 912 4821 Ἰουδαίοις,
954 4753 1050 4807 καὶ
1078 4751 1157 4821 τῷ
1205 4750 1398 4823 Ἰούδᾳ,
1448 4747 1723 4818 τιμωρίας

152 4839 462 4910 προλέγων.
538 4844 963 4915 Ἐσχημάτισται
1028 4844 1087 4898 δὲ
1141 4844 1189 4877 ⁷⁸
1236 4842 1314 4906 ὡς
1360 4840 1610 4894 εὐκτικὸν
1666 4838 1729 4892 τὸ

154 4936 621 5002 προσαγορευτικὸν
653 4938 813 4992 τοῦτο
850 4939 917 5001 ⁷³,
951 4939 1028 5004 ὡς
1053 4937 1149 4993 ἐπὶ
1178 4936 1242 4991 τὸ
1263 4936 1310 4970 ⁷ο
1339 4933 1473 4989 πολὺ
1499 4932 1730 5004 σύνηθες

154 5024 438 5095 πανταχοῦ
468 5026 514 5059 ’⁷⁷
534 5030 602 5101 τῇ
629 5029 752 5102 θείᾳ
788 5031 1002 5103 Γραφῇ.

1823 4676 2007 4719 sermo
2036 4659 2391 4731 imprecando
2432 4657 2696 4727 loquitur,
2740 4656 2835 4711 sed
2870 4652 3057 4709 futura
3093 4650 3296 4706 ludatis
3343 4658 3399 4705 et

1823 4752 1979 4810 Iuda:
2004 4751 2267 4824 supplicia
2282 4748 2564 4824 praedicit.
2602 4746 2731 4803 Haec
2767 4757 2952 4801 autem
2985 4740 3303 4799 vaticinatio
3339 4741 3395 4794 in

1825 4847 2156 4918 precationis
2188 4845 2423 4901 formam
2468 4842 2800 4914 concipitur,
2854 4848 2917 4897 ut
2948 4839 3271 4910 plerumque
3311 4835 3398 4891 di-

1826 4941 1968 4995 vinae
1996 4938 2293 5009 Scriptum
2318 4950 2438 4992 mos
2465 4942 2568 4993 est.

1188 5207 1427 5265 VARLE
1495 5205 1877 5264 LECTIONES
2055 5202 2292 5259 NOTAE.

234 5371 279 5404 θ’
317 5371 417 5441 τῆς
468 5369 774 5441 ἐλπημου.
819 5364 1001 5441 (ιῖοιιίζ⁸
1043 5379 1192 5441 ρας..
1226 5363 1387 5441 1005,
1427 5379 1483 5416 n.
1527 5365 1579 5441 1ἶ

1691 5361 1736 5393 ⁸⁸
1781 5361 1965 5438 ’ξαιξ
1991 5356 2162 5438 ~psal.
2226 5371 2337 5422 LIX,
2409 5354 2496 5438 1‘0,
2526 5333 3401 5438 _erat_éxssvcii.llehr_._ql‘ztrfg.

159 5444 206 5477 ⁸⁸
247 5420 437 5496 Μοιιίὶ
472 5420 798 5512 1ιί11ᾆξῷ1.
832 5420 927 5492 ‘ad
965 5420 1059 5512 )1:
1102 5420 1145 5489 ΙῘ
1180 5434 1341 5512 habet
1363 5420 1708 5512 _'1tpoos}.0tbv

1833 5431 1851 5462 ⁸
1915 5420 2303 5512 Τοξέδστριιτ.
2325 5420 2465 5512 συιδ.
2617 5420 3231 5512 ταξίς-Χσητρατεύλσεισινί
3275 5421 3402 5512 Ida-fe

160 5489 926 5586 lectio-acceditad—isrlame
963 5504 1291 5586 Symmacho
1343 5489 1712 5586 desumptam"

1833 5489 2300 5586 erpretat’igne‘m,‘
2347 5493 2442 5580 xu}
2494 5493 2555 5572 οὐ
2598 5489 2946 5586 προσελθὼν,
2988 5489 3405 5586 ,ρεέὼέιὲλὶαἰς

604 5557 1202 5649 quamnon“.
1247 5573 1282 5626 Ι.
1322 5588 1372 5628 c.
1423 5557 1579 5626 alteri
1628 5570 1714 5693 adi

160 5652 333 5704 ἡμᾶς.
407 5651 452 5682 ⁷²
491 5651 621 5704 Καί.
657 5649 825 5704 Abest
858 5663 886 5702 a
917 5645 1038 5701 cod.
1082 5645 1132 5697 1.
1206 5644 1254 5676 ⁷³
1283 5642 1552 5704 Διέξεισι.
1610 5657 1696 5696 (ξοι

1834 5557 1903 5623 it.‘
1978 5568 2023 5599 τι
2063 5564 2347 5646 Ἐχίζροὺς
2379 5561 2588 5670 imitor.
2636 5557 2772 5629 psal.
2832 5575 2940 5623 ιιι,
2988 5558 3073 5611 14.
3098 5557 3403 5661 τςλίδοντας

1838 5651 2024 5704 praem.
2055 5650 2304 5689 τοιαυτα.
2351 5701 2366 5704 _
2451 5630 2715 5704 Amucod.
2752 5630 2777 5685 1
2825 5628 3030 5700 μέντοι.
3183 5624 3388 5683 Tauro.

156 5645 333 5723 ἡμᾶς.
407 5651 452 5682 ⁷²
491 5645 886 5732 Καί.”Αι)θει’θ
917 5645 1038 5727 co_d.
1082 5645 1132 5697 1.
1206 5645 1254 5676 ⁷³
1283 5645 1552 5729 Διέξεισι.
1610 5645 1714 5696 cod

164 5721 288 5778 cod.
319 5721 369 5777 l.
407 5734 691 5793 praemisso
727 5718 869 5786 colo,
904 5732 1062 5772 τουτο
1095 5714 1173 5768 δέ.
1249 5713 1295 5745 ⁷⁸
1336 5712 1431 5767 Id.
1472 5712 1639 5770 Abest
1674 5727 1704 5766 a

1838 5651 2024 5708 praem.
2055 5650 2304 5689 τοιαυτα.
2380 5645 2425 5666 τ’
2451 5645 2542 5685 es.
2592 5645 2670 5684 eo:

1833 5751 1855 5766 η.
1887 5710 1937 5764 1.
2013 5706 2056 5739 ⁷⁷
2118 5707 2299 5760 Hart.
2351 5701 2474 5760 Des.
2539 5700 2670 5757 ibid.
