3890 6320
390 253 531 321 1755

1379 252 1870 316 THEODORETI
1915 245 2254 310 EPISCOPI
2291 243 2658 305 CYRENSIS

3522 245 3660 312 1756

460 370 629 426 Vsus.
668 371 724 426 2.
793 389 812 423 ι
859 371 1026 436 Deus,
1084 367 1300 424 laudem
1345 381 1522 421 meam
1586 380 1656 420 ne
1709 361 1964 427 tacueris,

2144 353 2240 425 β’.‹
2261 356 2304 386 ⁷⁸
2337 354 2397 408 Ὀ
2416 354 2572 418 Θεὸς,
2595 353 2696 423 τὴν
2718 349 2928 405 αἷνεσίν
2955 368 3057 422 μου
3091 352 3168 423 μὴ
3188 355 3660 424 παρασιωπὴσῃς,

391 465 655 538 quoniam
683 479 746 520 os
777 462 1099 534 peccatoris,
1127 471 1183 516 et
1215 476 1277 518 os
1299 459 1475 516 dolosi
1509 475 1672 530 super
1699 473 1787 513 me
1809 473 1968 528 aper-

2068 447 2150 500 ὅτι
2193 445 2370 517 στόμα
2409 443 2769 515 ἀμαρτωλοῢ,
2816 444 2913 498 καὶ
2966 444 3144 514 στόμα
3189 445 3367 498 δολίου
3423 445 3510 498 ἐπ’
3559 447 3661 514 ἐμὲ

393 533 510 611 tum
545 565 648 612 est.
691 575 710 608 ι
751 533 1002 609 liumauo
1036 568 1190 609 more
1243 553 1360 608 hare
1405 551 1660 606 Christus
1707 549 1969 605 Dominus

2094 536 2312 607 γνοίχθη.
2352 553 2372 587 ›
2433 533 2819 606 Ἀνθρωπίνως
2871 537 2900 588 6
2950 535 3228 607 Δεσπότης
3274 535 3449 589 ταῦτα
3509 535 3663 602 λέγει

395 647 657 717 loquitur.
692 643 762 699 Ut
795 646 959 698 homo
997 643 1143 699 enim
1182 652 1461 714 precatur,
1501 656 1814 696 mensuram
1866 643 1969 694 hu-

397 754 573 794 mana:
604 744 814 791 naturae
845 737 1118 806 implens:
1157 745 1218 791 ut
1259 736 1403 791 Deus
1447 743 1650 798 autem,
1699 733 1970 803 precatio-

399 845 520 884 nem
568 845 760 884 eorum
796 828 1037 883 admittit
1082 828 1178 898 qui
1223 827 1437 883 sincere
1484 842 1674 897 preces
1712 825 1968 880 fundunt.

397 922 636 976 Laudem
675 937 804 977 vero
839 922 1150 992 passionem
1191 929 1372 975 vocat.
1423 919 1574 974 illam
1616 920 1762 974 enim
1798 917 1973 974 sacris

402 1014 617 1086 1382
674 1015 729 1068 in
788 1011 1098 1084 Evangeliis
1155 1012 1380 1083 gloriam
1433 1011 1701 1066 nominat.
1755 1030 1774 1062 ι
1820 1009 1976 1065 Venit

399 1105 567 1172 enim,
604 1106 702 1166 ait,
741 1105 872 1159 hora
921 1114 980 1159 ut
1017 1104 1351 1175 gloriﬁcetur
1391 1101 1561 1158 Filius
1588 1101 1826 1157 hominis
1850 1112 1906 1154 ιιι.
1950 1119 1968 1152 ι

405 1197 481 1252 Os
523 1210 653 1250 vero
690 1196 1007 1264 peccatoris,
1038 1205 1092 1248 et
1121 1211 1177 1247 os
1205 1195 1376 1249 dolosi
1406 1193 1599 1249 Judam
1635 1192 1926 1262 appellavit
1959 1209 1972 1245 :

402 1285 849 1355 quandoquidem
883 1284 987 1339 iste
1021 1284 1347 1354 proditionis
1382 1282 1587 1340 hedera
1619 1298 1743 1338 eum
1777 1279 1978 1336 Iudaeis

403 1379 544 1431 clam
573 1375 794 1446 pepigit.

474 1468 646 1523 Vens.
686 1468 738 1522 5.
789 1485 808 1518 ‹
849 1467 1044 1522 Loculi
1084 1475 1213 1521 sunt
1249 1466 1513 1522 adversus
1546 1482 1633 1522 me
1665 1467 1852 1538 lingua
1885 1466 1982 1524 do-

406 1561 546 1624 losa,
579 1569 632 1612 et
678 1558 1028 1614 sermonibus
1065 1557 1178 1611 odii
1225 1557 1702 1612 circumdederunt
1729 1571 1836 1612 me.
1875 1575 1897 1610 ι
1935 1556 1982 1609 Α

405 1645 546 1702 Juda
601 1647 654 1702 in
710 1657 879 1702 totum
932 1645 1246 1702 Judaeorum
1293 1663 1613 1702 consessum
1668 1663 1977 1704 sermonem

409 1737 690 1791 tiansfert.
749 1736 813 1789 Hi
865 1738 1010 1790 enim
1069 1737 1287 1793 invidia:
1335 1737 1654 1805 servientes,
1722 1738 1980 1809 injustam

410 1828 708 1882 machinati
742 1837 869 1883 sunt
905 1837 1158 1883 mortem.

487 1937 504 1968 ι
550 1921 565 1938 ·
599 1917 664 1971 Et
685 1929 1134 1987 expugnaverunt
1161 1933 1246 1974 me
1278 1927 1500 1976 temere.
1536 1919 1725 1992 [Vens
1767 1921 1847 1993 4.]
1877 1919 1985 1977 Pro

413 2023 479 2061 eo
518 2009 664 2077 quod
697 2023 784 2062 me
819 2007 1046 2079 diligere
1073 2009 1352 2076 deberent,
1387 2011 1742 2066 detrahebant
1768 2012 1922 2066 mihi.
1961 2031 1979 2064 ι

412 2094 534 2150 Νοιι
585 2097 748 2150 modo
793 2099 938 2152 enim
987 2099 1138 2153 nullo
1173 2099 1317 2154 malo
1367 2116 1396 2154 a
1443 2115 1530 2155 me
1558 2102 1858 2171 provocati,
1893 2101 1987 2157 sed

414 2187 582 2241 etiam
633 2187 860 2242 inﬁnitis
904 2189 1065 2246 bonis
1115 2191 1378 2246 cumulati
1427 2203 1602 2248 sunt:
1642 2208 1740 2263 pro
1787 2193 1988 2263 quibus

417 2276 643 2348 diligere
686 2293 813 2332 eum
862 2279 1147 2346 deberent,
1197 2280 1385 2338 hostili
1436 2283 1597 2338 modo
1639 2298 1759 2340 sese
1801 2298 1987 2354 gesse-

417 2378 566 2423 runt.
623 2387 643 2421 ι
683 2367 795 2440 Ego
844 2379 1025 2426 autem
1075 2373 1324 2429 orabam.
1365 2392 1384 2426 ›
1438 2372 1506 2427 Ει
1553 2374 1660 2430 hoc
1702 2390 1988 2430 sacrorum

419 2456 837 2527 Evangeliorum
875 2459 1107 2515 historia
1145 2470 1398 2518 testatur.
1432 2461 1567 2518 Nam
1607 2465 1758 2521 cruci
1790 2465 1980 2520 allixus

417 2551 689 2634 clamabat
720 2568 734 2605 :
770 2570 788 2604 ι
818 2550 1001 2618 Pater,
1037 2552 1260 2625 ignosce
1291 2555 1424 2618 illis,
1470 2571 1578 2611 non
1631 2559 1778 2612 enim
1809 2559 1990 2613 sciunt

418 2643 546 2713 quid
577 2642 784 2699 iaciunt
813 2652 861 2699 ιι.
901 2663 920 2696 ι

488 2732 655 2790 Vens.
698 2735 750 2791 5.
798 2754 816 2786 ι
855 2734 921 2791 Ει
959 2747 1259 2806 posuerunt
1291 2738 1552 2795 adversus
1583 2755 1669 2795 me
1707 2741 1849 2794 mala
1891 2755 1990 2810 pro

422 2821 599 2887 bonis,
633 2832 687 2876 et
723 2823 906 2876 odium
953 2838 1053 2892 pro
1084 2823 1376 2878 dilectione
1424 2839 1565 2878 mea.
1608 2843 1626 2877 ι
1668 2823 1780 2894 Ego
1828 2826 1992 2896 igitur

422 2911 570 2980 ipsos
599 2911 879 2968 beneﬁciis
917 2914 1189 2969 cumulari
1220 2932 1234 2968 :
1267 2913 1370 2986 ipsi
1394 2929 1524 2971 vero
1554 2915 1826 2971 contraria
1852 2917 1987 2972 mihi

422 3003 806 3073 rependerunt.

492 3093 661 3150 Vsus.
706 3095 758 3149 6.
804 3114 823 3147 ι
861 3095 1144 3152 Constitue
1175 3112 1338 3167 super
1366 3112 1492 3152 eum
1536 3109 1902 3169 peccatorem,
1936 3111 1991 3158 et

425 3181 676 3238 diabolus
703 3195 807 3239 stet
853 3201 884 3239 a
913 3186 1150 3242 dexteris
1176 3187 1318 3256 ejus.
1351 3205 1372 3239 ι
1406 3187 1681 3245 Constitue
1717 3191 1857 3246 dixit
1894 3207 1992 3260 pro

423 3275 730 3340 constitues,
773 3284 827 3330 et
856 3286 959 3330 stet
989 3291 1089 3346 pro
1125 3277 1308 3334 stabit.
1342 3276 1508 3347 quue
1535 3282 1818 3351 perspicue
1851 3283 1992 3339 divi-

424 3383 527 3422 nus
589 3368 918 3437 evnugelista
990 3368 1238 3424 docuit°.
1288 3367 1490 3426 Beatus
1543 3373 1689 3426 enim
1752 3373 1994 3433 Joannes

422 3462 816 3532 interrogabat,
865 3459 990 3531 quis
1041 3467 1189 3516 esset
1241 3461 1508 3530 proditor,
1559 3463 1823 3522 Dominus
1866 3483 1994 3524 vero

423 3553 561 3607 dixit
601 3569 616 3607 :
672 3572 688 3605 ι
719 3553 819 3606 Cui
869 3552 1153 3607 intinctam
1209 3552 1505 3608 buccellam
1543 3570 1858 3625 perrexere,
1905 3559 1995 3616 ille

422 3647 548 3706 est;
603 3649 656 3694 et
714 3655 838 3694 cum
907 3641 1259 3707 intiuxisset,
1300 3644 1415 3708 ait,
1482 3643 1634 3700 dedit
1690 3644 1880 3713 Judae,
1940 3658 1996 3705 et

423 3739 546 3801 post
584 3731 885 3786 buccellam
929 3730 1173 3786 introivit
1212 3732 1263 3786 in
1291 3749 1415 3787 eum
1452 3733 1705 3804 Satanas,
1749 3757 1768 3790 ι
1806 3738 1995 3796 faciles

423 3819 702 3890 ingressus
748 3816 1050 3877 inveniens.
1093 3819 1212 3892 Ipse
1241 3824 1452 3896 1383
1485 3829 1629 3882 enim
1681 3845 1779 3883 sua
1824 3846 1994 3901 spon-

427 3919 479 3965 te
510 3911 577 3964 ad
634 3908 852 3965 Iudaeos
909 3913 1214 3981 accedens,
1279 3917 1605 3986 proditionis
1663 3931 1818 3990 pacta
1867 3939 1991 3978 cum

425 4001 506 4056 eis
537 4000 718 4067 inivit,
760 4009 814 4056 et
850 4011 1037 4072 postea
1072 4005 1259 4060 multis
1292 4007 1524 4064 ali‘ectus
1546 4013 1848 4081 beneﬁciis,
1905 4017 1991 4070 iu-

426 4102 614 4162 gratus
649 4092 906 4162 perstitit.
934 4092 1254 4153 Voluntarie
1278 4097 1446 4168 igitur
1471 4101 1682 4158 hostem
1715 4105 1769 4158 in
1801 4118 1996 4163 contu-

429 4182 682 4237 bernium
717 4184 981 4254 suscepit.

2071 629 2328 700 Χριστός.
2375 628 2463 690 Ὠς
2489 627 2779 698 ἄνθρωπος
2806 627 2916 698 γάρ
2949 626 3196 699 εὔχεται,
3241 629 3339 698 τῆς
3377 628 3664 698 ἀνθρωπί-

2071 735 2170 788 νης
2200 720 2242 751 ⁷9
2273 718 2489 786 φύσεως
2519 718 2587 772 τὰ
2635 719 2814 789 μέτρα
2854 718 3112 790 πληρῶν
3153 721 3230 782 ὡς
3267 720 3324 772 δὲ
3365 719 3526 782 Θεὸς,
3550 718 3664 771 τῶν

2073 810 2384 880 εὐχομένων
2415 809 2657 881 γνησίως
2689 809 3050 880 προσδέχεται
3078 810 3176 874 τὰς
3204 811 3391 883 εὐχάς.
3429 813 3665 879 ’Υμνον

2073 899 2130 952 δὲ
2158 900 2219 952 τὸ
2253 900 2428 965 πάθος
2481 901 2655 953 καλεῖ.
2687 901 2798 954 Καὶ
2829 900 2937 972 γὰρ
2965 902 3024 954 ἐν
3048 905 3163 966 τοῖς
3199 903 3369 964 θείοις
3412 904 3662 971 Εὐαγγεο

2074 990 2210 1054 λίοις
2266 990 2425 1056 δόξαν
2471 991 2604 1044 αὐτὸ
2648 993 3074 1064 προσαγορεύει.
3132 1013 3152 1046 ι
3201 994 3461 1065 Ἐλήλυθε
3527 995 3661 1066 γὰρ,

2077 1082 2265 1153 φησιν,
2304 1083 2338 1152 ἡ
2363 1081 2503 1152 ῶρα,
2539 1082 2627 1135 ἵνα
2653 1082 2886 1154 δοξασθῇ
2916 1085 2944 1138 6
2974 1084 3102 1148 Υἱὸς
3146 1084 3244 1138 τοῦ
3279 1085 3595 1154 ἀνθρώπου.
3633 1104 3650 1137 ι

2076 1175 2275 1244 Στόμα
2323 1173 2381 1228 δὲ
2424 1174 2805 1244 ἀμαρτωλοῦ,
2855 1176 2949 1229 καὶ
3001 1179 3200 1245 στόμα
3261 1177 3513 1243 δολίου,
3567 1178 3663 1230 τδν

2091 1265 2293 1321 Ἰούδαν
2329 1266 2649 1337 ὠνόμασεν·
2698 1263 2852 1332 οὗτος
2908 1269 3018 1340 γὰρ
3068 1271 3308 1342 κρύϐδην
3363 1273 3664 1339 ἐποιήσατο

2079 1359 2217 1430 πρὸς
2259 1358 2545 1423 Ἰουδαίους
2571 1360 2670 1424 τὰς
2697 1361 2797 1432 τῆς
2827 1363 3122 1432 προδοσίας
3156 1364 3453 1433 συνθήκας.

2151 1450 2220 1520 γ’.
2271 1470 2291 1504 ι
2344 1451 2645 1523 Ἐλάλησαν
2697 1455 2820 1505 κατ’
2869 1453 3002 1525 ἐμοῦ
3057 1454 3280 1525 γλώσσῃ
3329 1455 3514 1526 δολία·
3565 1457 3664 1523 καὶ

2081 1543 2263 1610 λόγοις
2303 1542 2498 1614 μίσους
2543 1543 2860 1599 ἐκύκλωσὸιν
2912 1561 3002 1616 με.
3055 1563 3074 1596 ι
3138 1545 3269 1600 Ἀπὸ
3327 1546 3424 1598 τοῦ
3487 1547 3665 1601 Ἰούδα

2089 1635 2391 1706 μετήνεγκε
2437 1633 2530 1688 τὸν
2584 1634 2742 1703 λόγον
2793 1636 2885 1688 ἐπὶ
2939 1635 3059 1688 ὅλον
3105 1636 3168 1688 τὸ
3211 1636 3320 1689 τῶν
3381 1637 3664 1690 Ἰουδαίων

2090 1728 2389 1798 συνέδριον.
2431 1721 2592 1782 Οὗτοι
2653 1727 2764 1796 γὰρ
2815 1727 2893 1798 τῷ
2950 1727 3132 1798 φθόνῳ
3183 1728 3537 1791 δουλεύοντες
3570 1730 3664 1784 τὸν

2084 1819 2271 1873 ἄδικον
2301 1817 2610 1890 ἐτόρευσαν
2643 1817 2896 1874 θάνατον.

2161 1930 2179 1964 ι
2249 1911 2358 1965 Καὶ
2415 1909 2763 1981 ἐπολέμησάν
2812 1927 2880 1980 με
2930 1909 3160 1980 δωρεάν.
3205 1908 3313 1981 [δ’.]
3380 1909 3533 1964 Ἀντὶ
3570 1911 3663 1963 τοῦ

2083 2002 2303 2070 ἀγαπᾷν
2336 2019 2422 2072 με,
2478 2001 2818 2056 ἐνδιέὸαλλόν
2860 2018 2950 2069 με.
2994 2019 3014 2052 ι
3049 2001 3122 2054 Οὐ
3151 2001 3259 2073 γὰρ
3295 2001 3458 2073 μόνον
3489 2001 3664 2055 κακοῦ

2085 2112 2230 2159 τινος
2253 2095 2355 2148 οὐκ
2374 2093 2746 2166 ἐπειράθησαν
2777 2094 2909 2165 παρ’
2940 2092 3098 2163 ἐμοῦ,
3143 2093 3279 2148 ἀλλά
3324 2095 3418 2147 καὶ
3451 2094 3665 2164 μυρίων

2087 2185 2230 2239 ὅσων
2263 2184 2590 2256 ἀπήλαυσαν
2638 2183 2890 2253 ἀγαθῶν·
2927 2184 3067 2258 ὑπὲρ
3095 2179 3169 2238 ὧν
3239 2185 3462 2255 ἀγαπᾷν
3511 2186 3664 2254 ὀφεί-

2087 2277 2294 2344 λοντες,
2319 2277 2389 2330 τὰ
2413 2277 2696 2348 δυσμενῶν
2733 2278 2990 2348 ἔδρασαν.
3039 2296 3058 2330 ι
3091 2275 3236 2345 Ἐγὼ
3263 2277 3320 2329 δὲ
3357 2277 3670 2348 προσηυχόε-

2093 2387 2202 2442 μην
2231 2368 2300 2424 ⁸ο.
2318 2389 2336 2421 ι
2369 2369 2481 2424 Καὶ
2508 2368 2701 2423 τούτου
2730 2369 2946 2439 μάρτυς
2973 2367 3082 2421 τῶν
3109 2368 3272 2438 ίερῶν
3315 2366 3666 2436 Εὐαγγελίων

2090 2464 2124 2532 ἡ
2157 2461 2504 2534 ίστορία.-Τῷ
2531 2460 2690 2532 ίκρίῳ
2719 2459 2830 2532 γὰρ
2873 2459 3111 2530 σταυροῦ
3147 2460 3191 2491 δι
3238 2460 3667 2530 προσηλωμένος

2089 2552 2237 2606 ἐϐόαο
2267 2571 2286 2604 ι
2325 2552 2530 2623 Πάτερ,
2559 2551 2698 2621 ἄφες
2724 2553 2908 2618 αὐτοῖς
2930 2568 2946 2584 θ
2979 2553 3042 2606 οὐ
3069 2551 3179 2624 γὰρ
3205 2552 3382 2604 οἴδασι
3407 2553 3464 2604 τί
3489 2552 3675 2605 ποιού-

2092 2656 2198 2698 σιν.
2241 2659 2260 2692 ι

2161 2735 2224 2784 ε’.
2258 2747 2278 2782 ι
2317 2731 2428 2784 Καὶ
2482 2730 2670 2783 ἔθεντο
2718 2729 2841 2784 κατ’
2887 2729 3026 2800 ἐμοῦ
3072 2730 3224 2784 κακά
3264 2732 3388 2785 ἀντὶ
3419 2731 3664 2801 ἀγαθῶν,

2091 2824 2186 2877 καὶ
2219 2825 2372 2894 μῖσος
2419 2822 2540 2875 ἀντὶ
2582 2821 2632 2854 ⁸⁸
2679 2821 3012 2891 ἀγαπήσεως
3054 2839 3177 2892 μου.
3214 2841 3233 2874 ›
3266 2822 3409 2890 Ἐγὼ
3440 2824 3545 2893 μὲν
3576 2820 3665 2877 οὖν

2092 2915 2293 2977 αὐτοὺς
2345 2911 2694 2983 εὐεργεσίαις
2741 2912 3058 2967 ὲπέκλυσα·
3112 2913 3270 2968 αὐτοὶ
3321 2913 3378 2966 δέ
3435 2931 3508 2984 με
3555 2918 3665 2979 τοῖς

2015 3020 2061 3081 c
2092 3005 2355 3068 ἐναντίοις
2391 3004 2717 3075 ἠμείψαντο.

2165 3103 2239 3163 ς’.
2281 3115 2300 3149 ι
2333 3095 2696 3168 Κατάστησον
2720 3095 2807 3150 ἐπ’
2831 3096 2999 3151 αὐτὸν
3039 3081 3518 3171 ἀμαρτωλδνξκῖιὶ
3552 3100 3666 3154 διά-

2092 3187 2247 3252 δολος
2275 3189 2456 3259 στήτω
2495 3189 2561 3241 ἐκ
2601 3187 2795 3255 δεξιῶν
2820 3188 3013 3244 αὐτοῦ.
3062 3209 3082 3242 ι
3131 3191 3203 3244 Τὸ
3246 3191 3662 3260 κατάστησον,

2091 3280 2213 3336 ἀντὶ
2230 3277 2324 3333 τοῦ
2349 3279 2754 3347 καταστήσεις
2776 3296 2791 3311 ⁶
2815 3281 2912 3334 καὶ
2935 3281 3136 3349 στήτω
3158 3284 3226 3347 ⁸³,
3256 3283 3380 3337 ἀντὶ
3403 3284 3499 3337 τοῦ
3523 3300 3666 3338 στα-

2092 3372 2342 3440 θήσεται
2360 3387 2375 3403 °
2405 3371 2497 3424 καὶ
2525 3371 2686 3425 τοῦτο
2715 3371 2764 3405 ⁸⁸
2793 3373 2981 3441 σαφῶς
3013 3374 3168 3444 ἡμᾶς
3193 3375 3222 3427 6
3257 3374 3399 3439 θεῖος
3426 3375 3664 3442 ἐδίδαξεν

2094 3463 2511 3535 εὐαγγελιστής.
2553 3462 2611 3516 ’0
2644 3463 2744 3533 μὲν
2791 3463 2901 3535 γὰρ
2947 3463 3235 3529 θεσπέσιος
3271 3467 3439 3538 ἤρετο
3481 3468 3663 3521 Ἰωάν-

2093 3572 2214 3625 νης,
2238 3555 2324 3618 τίς
2353 3555 2438 3625 εῐη
2462 3557 2491 3608 6
2511 3556 2776 3627 προδότης
2794 3573 2809 3588 ·
2840 3558 2868 3608 6
2888 3557 2946 3611 δὲ
2973 3557 3180 3627 Κύριος
3205 3555 3379 3612 εἷπεν·
3413 3577 3432 3611 ι
3471 3552 3543 3630 ᾯ
3570 3559 3664 3612 ὲάν

2095 3644 2346 3715 ἐμϐάψας
2383 3645 2444 3699 τδ
2470 3645 2683 3718 ψωμίον
2725 3645 3000 3715 ἐπιδώσω,
3035 3649 3198 3712 αὐτός
3244 3651 3395 3704 ἐστι’
3428 3650 3525 3704 καὶ
3566 3650 3662 3721 βά·-

2093 3734 2221 3804 ψας,
2259 3735 2448 3805 φησὶν,
2495 3736 2775 3790 ἀπέδωκεν
2808 3737 2855 3769 ⁸⁵
2898 3738 3031 3790 αὐτὸ
3066 3737 3239 3809 Ἰούδᾳ
3277 3738 3359 3771 ⁸⁸·
3389 3740 3483 3791 καὶ
3527 3739 3664 3808 μετά

2094 3825 2155 3878 τὸ
2182 3823 2395 3894 ψωμίον
2420 3824 2672 3896 εἰσῆλθεν
2713 3827 2794 3890 είς
2827 3827 2990 3880 αὐτὸν
3015 3830 3046 3881 6
3077 3829 3343 3893 Σατανᾶς,
3395 3847 3414 3880 ι
3475 3830 3663 3900 εὐτρεο

2095 3918 2215 3978 πείς
2245 3916 2289 3947 ⁸⁷
2333 3915 2509 3986 εὑρὼν
2536 3917 2637 3980 τὰς
2683 3918 2937 3982 εἰσόδους.
2988 3919 3326 3990 Αὐθαίρετος
3368 3919 3476 3991 γὰρ
3529 3923 3662 3990 πρὸς

2096 4008 2387 4072 Ἰουδαίους
2430 4009 2703 4074 ἀπελθὼν,
2737 4013 2838 4082 τῆς
2876 4011 3167 4082 προδοσίας
3215 4015 3514 4083 ἐποιήσατο
3565 4012 3664 4074 τάξ

2098 4100 2393 4170 συνθήκας,
2447 4099 2542 4154 καί⁸
2599 4101 2822 4165 πολλαῖς
2897 4103 3037 4173 μετά
3098 4102 3272 4156 ταῦτα
3324 4104 3663 4173 εὐεργεσίαις

2096 4189 2445 4253 ἐπικλυσθεὶς
2479 4189 2750 4259 ἀγνώμων
2779 4191 3110 4261 μεμένηκεν.
3149 4191 3321 4244 Ἑκὼν
3356 4192 3403 4223 ⁸⁸
3439 4209 3658 4263 τοιγαρ-

2095 4281 2189 4335 οῦν
2219 4282 2468 4335 σύνοικον
2497 4279 2714 4345 ἐδέξατο
2745 4281 2837 4334 τὸν
2877 4280 3168 4352 πολέμιον.

496 4362 661 4417 Vens.
700 4364 753 4418 7.
799 4384 816 4416 ι
851 4365 986 4419 Cum
1021 4365 1339 4436 judicatur,
1390 4376 1548 4423 exeat
1599 4371 1983 4450 condemnatus

2167 4375 2232 4442 ζ’.
2278 4394 2298 4429 ι
2347 4372 2441 4431 Ἐν
2481 4374 2561 4446 τῷ
2608 4375 2888 4444 κρίνεσθαι
2927 4345 3110 4440 αὐτὸν,
3152 4375 3358 4442 ἐξέλθοι
3390 4377 3661 4430 καταδεδι-

428 4453 571 4526 [pro,
611 4458 822 4529 cxibit.]
855 4454 922 4511 Et
951 4458 1127 4513 oratio
1159 4459 1278 4529 ejus
1311 4459 1406 4514 fiat
1437 4461 1492 4515 in
1525 4453 1806 4533 peccatum
1847 4464 1991 4537 [ιιι-ο,

427 4548 559 4621 fiet].
600 4549 760 4604 Omni
801 4550 946 4604 cuim
989 4551 1342 4606 (excusatione
1384 4553 1564 4607 caruit
1605 4557 1870 4625 proditor.
1903 4557 1994 4612 ld-

425 4641 575 4695 circo
603 4656 726 4695 cum
765 4638 1062 4708 judicatur,
1095 4640 1514 4706 condemnatur,
1553 4653 1607 4698 et
1641 4649 1884 4714 precatio
1925 4651 1994 4706 ab

424 4733 546 4802 ipso
574 4733 753 4787 oblata
797 4732 1234 4787 criminationem
1271 4734 1509 4804 augebit.
1554 4734 1674 4791 Non
1715 4740 1860 4795 enim
1893 4742 1989 4798 be-

425 4824 604 4880 neticii
654 4833 933 4879 auctorem
986 4823 1307 4891 ignorabat.
1387 4824 1498 4880 imo
1549 4827 1748 4885 divinis
1816 4834 1978 4888 etiam

425 4915 634 4984 potitus
677 4923 762 4971 est
808 4913 1121 4983 colloquiis,
1172 4916 1644 4989 maximorumque
1691 4921 1989 4980 miraculo-

2094 4465 2366 4537 κασμένος
2391 4464 2534 4536 [ἀντὶ
2571 4464 2690 4530 τοῦ,
2719 4464 3150 4537 ἐξελεύσεται].
3194 4468 3356 4537 Καὶή
3390 4467 3662 4538 προσευχὴ

2095 4556 2257 4610 αὐτοῦ
2278 4555 2516 4624 γενέσθω
2541 4557 2621 4620 είς
2637 4557 2910 4625 ἁμαρτίαν
2930 4556 3074 4627 [ἀντὶ¹
3109 4557 3224 4620 τοῦ,
3243 4557 3608 4629 γενήσεταιῖ.
3642 4577 3658 4608 ι

2094 4650 2280 4719 Πάσης
2308 4648 2418 4719 γὰρ
2467 4649 2768 4716 ἀπολογίας
2800 4648 3006 4719 ἔρημος
3037 4651 3065 4702 6
3097 4651 3386 4721 προδότης.
3421 4651 3516 4704 ait.
3548 4668 3664 4722 κρι-

2093 4743 2316 4811 νόμενος
2363 4741 2778 4810 κατακρίνεται,
2825 4743 2920 4795 καὶ
2955 4742 2988 4810 ἡ
3036 4743 3459 4814 προσφερομένη
3498 4744 3589 4796 ὐπ’
3620 4743 3662 4775 ⁸³

2094 4835 2259 4889 αὐτοῦ
2307 4833 2620 4904 προσευχὴ*
2680 4833 2779 4902 τὴν
2838 4834 3175 4905 κατηγορίαν
3234 4833 3411 4898 αὔξει.
3451 4837 3528 4889 Οὐ
3559 4835 3662 4906 γὰρ

2093 4927 2282 4996 ἠγνόει
2318 4925 2409 4979 τὸν
2435 4923 2749 4995 εὐεργέτην,
2776 4925 3020 4979 ἀλλὰκαὶ
3052 4925 3163 4980 τῶν
3193 4925 3354 4980 θείων
3385 4927 3661 4999 ἀπήλαυσε

408 5151 417 5170 ι
498 5085 539 5114 ω
560 5075 720 5132 Joan.
749 5091 849 5141 xtl,
879 5077 933 5132 5.
1007 5084 1036 5113 ιι
1062 5075 1196 5132 Luc.
1225 5093 1380 5146 xxm,
1411 5078 1500 5135 54.
1575 5091 1598 5113 ο
1625 5079 1785 5138 Joan.
1821 5100 1942 5154 xm,
1970 5091 2041 5146 25
2073 5103 2191 5159 seq.

1475 5215 1710 5273 VARl/E
1747 5217 2126 5277 LECTIONES
2177 5219 2264 5274 ΕΤ
2304 5216 2545 5274 NOTIE.

411 5313 424 5347 ι
493 5308 540 5341 ⁷⁸
564 5309 617 5360 Ὀ
638 5308 1196 5379 -παρασιωπήσῃς
1230 5311 1389 5366 Hebr.
1418 5312 1462 5368 Ο
1495 5312 1628 5368 Deus
1659 5315 1834 5370 laudis
1867 5333 1983 5371 mea

2094 5325 2325 5371 ataceas.
2351 5313 2426 5368 lta
2453 5313 2655 5368 habent
2683 5312 2826 5383 Aqu.
2858 5319 2912 5366 et
2939 5310 3148 5382 Symm.
3185 5310 3291 5366 Sed
3324 5310 3657 5383 Theodotion

425 5391 672 5464 eamdem
729 5405 893 5464 quam
949 5391 1000 5443 οί
1056 5395 1132 5445 0'.
1189 5393 1335 5464 dedit
1381 5395 1903 5464 interpretationem.

1999 5400 2043 5433 '9
2083 5401 2207 5454 cod.
2262 5401 2286 5453 1
2339 5397 2705 5468 ἀνθρωπείας.

2814 5395 2861 5430 ⁸⁸
2915 5379 3217 5464 Προσ-ηυχ.
3274 5393 3434 5448 llebr.
3496 5379 3657 5456 nSDn.

423 5459 778 5539 "_th‘l.'p£ﬁ:
809 5461 974 5515 Abest
995 5477 1035 5539 _a
1057 5463 1244 5539 c_od.‘l_
1257 5505 1270 5518 .
1299 5533 1318 5539 _
1339 5464 1388 5539 ξδ’
1423 5459 1622 5539 Ἀντί.-
1646 5467 1892 5539 IncodJ
1916 5483 1983 5522 sec

2096 5471 2214 5539 τῆς,
2258 5469 2391 5539 utin
2423 5459 2571 5539 textu
2611 5459 2717 5539 τῶν
2749 5466 2825 5521 0'.
2902 5459 3212 5539 ἰζ’Στῄτῶ.
3254 5464 3372 5519 cod.
3409 5465 3432 5539 ξ
3473 5482 3653 5539 prgitin.

425 5530 545 5604 τιό.⁸
583 5528 632 5560 ⁸⁸
671 5528 872 5604 Τοῦτο.
906 5531 1029 5604 eod.
1075 5533 1098 5585 1
1143 5531 1268 5604 add.
1291 5532 1372 5604 δέ.
1443 5535 1490 5565 ⁸³
1527 5536 1648 5589 cod.
1693 5537 1712 5590 l
1757 5537 1983 5592 ἐπέδωκε

2129 5528 2425 5593 δῖ’νιούδα,
2465 5537 2586 5591 cod.
2619 5538 2857 5604 lprwrn.
2889 5535 2987 5604 τῷ.
3059 5528 3104 5567 εί
3139 5528 3489 5604 Εὐτρεπεῖςξ
3517 5537 3657 5589 llaue

426 5598 918 5678 lectionemcodiei
963 5603 1155 5678 Aug.)
1220 5602 1503 5678 debemus.
1545 5604 1702 5661 Prior
1739 5608 1905 5663 editio
1969 5609 1983 5662 l

2094 5609 2201 5665 ibat
2264 5608 2584 5678 εὐπρεπεῖς.
2663 5598 2708 5640 έδ
2751 5598 2956 5665 Ἕλιώνξ
3021 5605 3080 5660 In
3136 5598 3320 5662 codfl
3370 5598 3655 5676 apponitur

425 5669 605 5723 colon.
683 5669 726 5704 '9
771 5670 919 5725 'I’n‘.
952 5669 1073 5727 cod.
1115 5672 1139 5725 1
1187 5671 1333 5740 παρ’.
