  <div class='ocr_page' id='page_1' title='image "/cluster/home/n/w/nwhite01/storage/ocr_20150623/80/pst.000005712793/888.png"; bbox 0 0 3822 6324; ppageno 0'>
   <div class='ocr_carea' id='block_1_1' title="bbox 114 241 270 310">
    <p class='ocr_par' dir='ltr' id='par_1_1' title="bbox 114 241 270 310">
     <span class='ocr_line' id='line_1_1' title="bbox 114 241 270 310; baseline 0.026 -4"><span class='ocrx_word' id='word_1_1' title='bbox 114 241 270 310; x_wconf 80' lang='grc'><strong>1757</strong></span> 
     </span>
    </p>
   </div>
   <div class='ocr_carea' id='block_1_2' title="bbox 105 357 1185 436">
    <p class='ocr_par' dir='ltr' id='par_1_2' title="bbox 105 357 1185 436">
     <span class='ocr_line' id='line_1_2' title="bbox 105 357 1185 436; baseline 0.011 -26"><span class='ocrx_word' id='word_1_2' title='bbox 105 357 329 426; x_wconf 76' lang='grc' dir='ltr'>λόγων,</span> <span class='ocrx_word' id='word_1_3' title='bbox 360 360 450 414; x_wconf 82' lang='grc' dir='ltr'>κα¹ι</span> <span class='ocrx_word' id='word_1_4' title='bbox 489 360 790 432; x_wconf 80' lang='grc' dir='ltr'><strong>θαυμάτων</strong></span> <span class='ocrx_word' id='word_1_5' title='bbox 823 367 1097 436; x_wconf 75' lang='grc' dir='ltr'><strong>μεγίστων</strong></span> <span class='ocrx_word' id='word_1_6' title='bbox 1125 369 1185 424; x_wconf 83' lang='grc' dir='ltr'>οὐ</span> 
     </span>
    </p>
   </div>
   <div class='ocr_carea' id='block_1_3' title="bbox 109 450 1712 542">
    <p class='ocr_par' dir='ltr' id='par_1_3' title="bbox 109 450 1712 542">
     <span class='ocr_line' id='line_1_3' title="bbox 109 450 1712 542; baseline 0.014 -38"><span class='ocrx_word' id='word_1_7' title='bbox 109 450 269 542; x_wconf 79' lang='grc' dir='ltr'>ἀλλά</span> <span class='ocrx_word' id='word_1_8' title='bbox 302 453 395 506; x_wconf 75' lang='grc' dir='ltr'>καὶ</span> <span class='ocrx_word' id='word_1_9' title='bbox 433 453 734 526; x_wconf 79' lang='grc' dir='ltr'>αὐτουργὸς</span> <span class='ocrx_word' id='word_1_10' title='bbox 767 457 1008 526; x_wconf 79' lang='grc' dir='ltr'>ἐγένετο,</span> <span class='ocrx_word' id='word_1_11' title='bbox 1053 464 1184 534; x_wconf 86' lang='grc' dir='ltr'>παρ’</span> <span class='ocrx_word' id='word_1_12' title='bbox 1229 465 1394 520; x_wconf 79' lang='grc' dir='ltr'>αὐτοῦ</span> <span class='ocrx_word' id='word_1_13' title='bbox 1427 469 1525 542; x_wconf 80' lang='grc' dir='ltr'><strong>τὴν</strong></span> <span class='ocrx_word' id='word_1_14' title='bbox 1557 450 1712 537; x_wconf 80' lang='grc' dir='ltr'>ἐξου-</span> 
     </span>
    </p>
   </div>
   <div class='ocr_carea' id='block_1_4' title="bbox 110 541 494 600">
    <p class='ocr_par' dir='ltr' id='par_1_4' title="bbox 110 541 494 600">
     <span class='ocr_line' id='line_1_4' title="bbox 110 541 494 600; baseline 0.018 -8"><span class='ocrx_word' id='word_1_15' title='bbox 110 541 248 597; x_wconf 69' lang='grc' dir='ltr'>σίαι</span> <span class='ocrx_word' id='word_1_16' title='bbox 287 545 494 600; x_wconf 82' lang='grc' dir='ltr'>λαϐὼν.</span> 
     </span>
    </p>
   </div>
   <div class='ocr_carea' id='block_1_5' title="bbox 199 637 1712 724">
    <p class='ocr_par' dir='ltr' id='par_1_5' title="bbox 199 637 1712 724">
     <span class='ocr_line' id='line_1_5' title="bbox 199 637 1712 724; baseline 0.015 -33"><span class='ocrx_word' id='word_1_17' title='bbox 199 643 275 707; x_wconf 88' lang='grc' dir='ltr'><strong>η’.</strong></span> <span class='ocrx_word' id='word_1_18' title='bbox 324 657 342 690; x_wconf 79' lang='grc' dir='ltr'><strong>ι</strong></span> <span class='ocrx_word' id='word_1_19' title='bbox 392 637 791 712; x_wconf 84' lang='grc' dir='ltr'>Γενηθήτωσαν</span> <span class='ocrx_word' id='word_1_20' title='bbox 835 645 894 698; x_wconf 89' lang='grc' dir='ltr'><strong>αἰ</strong></span> <span class='ocrx_word' id='word_1_21' title='bbox 936 646 1140 719; x_wconf 77' lang='grc' dir='ltr'>ἡμέραι</span> <span class='ocrx_word' id='word_1_22' title='bbox 1185 651 1351 706; x_wconf 79' lang='grc' dir='ltr'>αὐτοῦ</span> <span class='ocrx_word' id='word_1_23' title='bbox 1380 654 1581 724; x_wconf 84' lang='grc' dir='ltr'>ὀλίγαι,</span> <span class='ocrx_word' id='word_1_24' title='bbox 1615 659 1712 712; x_wconf 80' lang='grc' dir='ltr'>καί.</span> 
     </span>
    </p>
   </div>
   <div class='ocr_carea' id='block_1_6' title="bbox 109 727 1708 821">
    <p class='ocr_par' dir='ltr' id='par_1_6' title="bbox 109 727 1708 821">
     <span class='ocr_line' id='line_1_6' title="bbox 109 727 1708 821; baseline 0.016 -43"><span class='ocrx_word' id='word_1_25' title='bbox 109 727 229 798; x_wconf 83' lang='grc' dir='ltr'>τὴν</span> <span class='ocrx_word' id='word_1_26' title='bbox 287 730 596 802; x_wconf 74' lang='grc' dir='ltr'><strong>ἐπισκοπὴν</strong></span> <span class='ocrx_word' id='word_1_27' title='bbox 639 733 804 788; x_wconf 83' lang='grc' dir='ltr'>αὐτοῦ</span> <span class='ocrx_word' id='word_1_28' title='bbox 847 735 1003 790; x_wconf 91' lang='grc' dir='ltr'>λάϐοι</span> <span class='ocrx_word' id='word_1_29' title='bbox 1041 739 1250 811; x_wconf 73' lang='grc' dir='ltr'>ἕτερος.</span> <span class='ocrx_word' id='word_1_30' title='bbox 1289 763 1309 795; x_wconf 70' lang='grc' dir='ltr'>ι</span> <span class='ocrx_word' id='word_1_31' title='bbox 1352 747 1462 800; x_wconf 70' lang='grc' dir='ltr'>Καὶ</span> <span class='ocrx_word' id='word_1_32' title='bbox 1499 748 1637 819; x_wconf 81' lang='grc' dir='ltr'>αὕτη</span> <span class='ocrx_word' id='word_1_33' title='bbox 1675 752 1708 821; x_wconf 85' lang='grc' dir='ltr'><strong>ἡ</strong></span> 
     </span>
    </p>
   </div>
   <div class='ocr_carea' id='block_1_7' title="bbox 111 820 1706 911">
    <p class='ocr_par' dir='ltr' id='par_1_7' title="bbox 111 820 1706 911">
     <span class='ocr_line' id='line_1_7' title="bbox 111 820 1706 911; baseline 0.015 -40"><span class='ocrx_word' id='word_1_34' title='bbox 111 820 434 911; x_wconf 76' lang='grc' dir='ltr'>πρόρρησις</span> <span class='ocrx_word' id='word_1_35' title='bbox 457 824 518 877; x_wconf 74' lang='grc' dir='ltr'>τὸ</span> <span class='ocrx_word' id='word_1_36' title='bbox 538 824 692 889; x_wconf 84' lang='grc' dir='ltr'><strong>τέλος</strong></span> <span class='ocrx_word' id='word_1_37' title='bbox 731 826 950 893; x_wconf 75' lang='grc' dir='ltr'><strong>ἐδέξατο</strong></span> <span class='ocrx_word' id='word_1_38' title='bbox 971 846 984 860; x_wconf 82' lang='grc'><strong><em>⁸</em></strong></span> <span class='ocrx_word' id='word_1_39' title='bbox 1019 832 1181 895; x_wconf 81' lang='grc' dir='ltr'>αὐτὸς</span> <span class='ocrx_word' id='word_1_40' title='bbox 1211 835 1319 904; x_wconf 89' lang='grc' dir='ltr'>γάρ</span> <span class='ocrx_word' id='word_1_41' title='bbox 1360 820 1706 911; x_wconf 81' lang='grc' dir='ltr'>παραχρῆμα</span> 
     </span>
    </p>
   </div>
   <div class='ocr_carea' id='block_1_8' title="bbox 113 910 1709 996">
    <p class='ocr_par' dir='ltr' id='par_1_8' title="bbox 113 910 1709 996">
     <span class='ocr_line' id='line_1_8' title="bbox 113 910 1709 996; baseline 0.014 -31"><span class='ocrx_word' id='word_1_42' title='bbox 113 910 219 966; x_wconf 71' lang='grc' dir='ltr'>τὸν</span> <span class='ocrx_word' id='word_1_43' title='bbox 234 913 322 966; x_wconf 67' lang='grc' dir='ltr'><strong>διὰ</strong></span> <span class='ocrx_word' id='word_1_44' title='bbox 341 915 438 985; x_wconf 83' lang='grc' dir='ltr'>τῆς</span> <span class='ocrx_word' id='word_1_45' title='bbox 453 915 692 988; x_wconf 81' lang='grc' dir='ltr'><strong>ἀγχόνης</strong></span> <span class='ocrx_word' id='word_1_46' title='bbox 715 917 980 990; x_wconf 79' lang='grc' dir='ltr'>ὑπέμεινε</span> <span class='ocrx_word' id='word_1_47' title='bbox 1007 923 1263 989; x_wconf 82' lang='grc' dir='ltr'>θάνατον,</span> <span class='ocrx_word' id='word_1_48' title='bbox 1289 927 1384 982; x_wconf 78' lang='grc' dir='ltr'>καὶ</span> <span class='ocrx_word' id='word_1_49' title='bbox 1405 931 1433 983; x_wconf 90' lang='grc' dir='ltr'>ό</span> <span class='ocrx_word' id='word_1_50' title='bbox 1457 910 1709 996; x_wconf 88' lang='grc' dir='ltr'>Ματθίας</span> 
     </span>
    </p>
   </div>
   <div class='ocr_carea' id='block_1_9' title="bbox 112 1004 1709 1094">
    <p class='ocr_par' dir='ltr' id='par_1_9' title="bbox 112 1004 1709 1094">
     <span class='ocr_line' id='line_1_9' title="bbox 112 1004 1709 1094; baseline 0.013 -37"><span class='ocrx_word' id='word_1_51' title='bbox 112 1004 251 1057; x_wconf 79' lang='grc' dir='ltr'><strong>ἀντί⁸</strong></span> <span class='ocrx_word' id='word_1_52' title='bbox 282 1005 494 1058; x_wconf 79' lang='grc' dir='ltr'>ἐκείνου</span> <span class='ocrx_word' id='word_1_53' title='bbox 524 1007 746 1078; x_wconf 84' lang='grc' dir='ltr'>ταχθεὶς</span> <span class='ocrx_word' id='word_1_54' title='bbox 774 1015 866 1064; x_wconf 77' lang='grc' dir='ltr'>τὸν</span> <span class='ocrx_word' id='word_1_55' title='bbox 892 1012 999 1067; x_wconf 83' lang='grc' dir='ltr'><strong>τῶν</strong></span> <span class='ocrx_word' id='word_1_56' title='bbox 1037 1015 1354 1073; x_wconf 75' lang='grc' dir='ltr'><strong>ἀποστόλων</strong></span> <span class='ocrx_word' id='word_1_57' title='bbox 1384 1020 1709 1094; x_wconf 79' lang='grc' dir='ltr'>ἐπλήρωσεν</span> 
     </span>
    </p>
   </div>
   <div class='ocr_carea' id='block_1_10' title="bbox 113 1095 384 1168">
    <p class='ocr_par' dir='ltr' id='par_1_10' title="bbox 113 1095 384 1168">
     <span class='ocr_line' id='line_1_10' title="bbox 113 1095 384 1168; baseline 0.004 -19"><span class='ocrx_word' id='word_1_58' title='bbox 113 1095 384 1168; x_wconf 87' lang='grc' dir='ltr'>ἀριθμόν.</span> 
     </span>
    </p>
   </div>
   <div class='ocr_carea' id='block_1_11' title="bbox 194 1187 1705 1280">
    <p class='ocr_par' dir='ltr' id='par_1_11' title="bbox 194 1187 1705 1280">
     <span class='ocr_line' id='line_1_11' title="bbox 194 1187 1705 1280; baseline 0.013 -39"><span class='ocrx_word' id='word_1_59' title='bbox 194 1187 265 1242; x_wconf 87' lang='grc' dir='ltr'><strong>θ’.</strong></span> <span class='ocrx_word' id='word_1_60' title='bbox 319 1208 338 1241; x_wconf 75' lang='grc' dir='ltr'>ι</span> <span class='ocrx_word' id='word_1_61' title='bbox 381 1189 776 1262; x_wconf 80' lang='grc' dir='ltr'>Γενηθήτωσαν</span> <span class='ocrx_word' id='word_1_62' title='bbox 814 1194 865 1248; x_wconf 83' lang='grc' dir='ltr'><strong>οἰ</strong></span> <span class='ocrx_word' id='word_1_63' title='bbox 909 1197 1016 1251; x_wconf 78' lang='grc' dir='ltr'>υἰοὶ</span> <span class='ocrx_word' id='word_1_64' title='bbox 1063 1199 1230 1253; x_wconf 83' lang='grc' dir='ltr'>αὐτοῦ</span> <span class='ocrx_word' id='word_1_65' title='bbox 1264 1202 1514 1274; x_wconf 72' lang='grc' dir='ltr'>ὀρφανοὶ,</span> <span class='ocrx_word' id='word_1_66' title='bbox 1549 1207 1705 1280; x_wconf 81' lang='grc' dir='ltr'>καὶὴ</span> 
     </span>
    </p>
   </div>
   <div class='ocr_carea' id='block_1_12' title="bbox 113 1281 1706 1366">
    <p class='ocr_par' dir='ltr' id='par_1_12' title="bbox 113 1281 1706 1366">
     <span class='ocr_line' id='line_1_12' title="bbox 113 1281 1706 1366; baseline 0.013 -33"><span class='ocrx_word' id='word_1_67' title='bbox 113 1281 264 1352; x_wconf 83' lang='grc' dir='ltr'>γυνὴ</span> <span class='ocrx_word' id='word_1_68' title='bbox 291 1283 458 1337; x_wconf 80' lang='grc' dir='ltr'>αὐτοῦ</span> <span class='ocrx_word' id='word_1_69' title='bbox 495 1287 660 1356; x_wconf 81' lang='grc' dir='ltr'>χήρα.</span> <span class='ocrx_word' id='word_1_70' title='bbox 696 1306 715 1338; x_wconf 73' lang='grc' dir='ltr'>ι</span> <span class='ocrx_word' id='word_1_71' title='bbox 757 1287 945 1344; x_wconf 80' lang='grc' dir='ltr'>Ταῦτα</span> <span class='ocrx_word' id='word_1_72' title='bbox 967 1291 1026 1344; x_wconf 87' lang='grc' dir='ltr'>οὐ</span> <span class='ocrx_word' id='word_1_73' title='bbox 1053 1292 1132 1362; x_wconf 81' lang='grc' dir='ltr'>τῷ</span> <span class='ocrx_word' id='word_1_74' title='bbox 1161 1295 1332 1366; x_wconf 76' lang='grc' dir='ltr'>Ἰούδᾳ</span> <span class='ocrx_word' id='word_1_75' title='bbox 1354 1297 1541 1366; x_wconf 86' lang='grc' dir='ltr'>μόνον,</span> <span class='ocrx_word' id='word_1_76' title='bbox 1568 1297 1706 1354; x_wconf 87' lang='grc' dir='ltr'>ἀλλά</span> 
     </span>
    </p>
   </div>
   <div class='ocr_carea' id='block_1_13' title="bbox 112 1374 1703 1458">
    <p class='ocr_par' dir='ltr' id='par_1_13' title="bbox 112 1374 1703 1458">
     <span class='ocr_line' id='line_1_13' title="bbox 112 1374 1703 1458; baseline 0.012 -32"><span class='ocrx_word' id='word_1_77' title='bbox 112 1374 220 1428; x_wconf 76' lang='grc' dir='ltr'>καὶ</span> <span class='ocrx_word' id='word_1_78' title='bbox 276 1377 409 1429; x_wconf 79' lang='grc' dir='ltr'>πᾶσι</span> <span class='ocrx_word' id='word_1_79' title='bbox 443 1379 558 1442; x_wconf 87' lang='grc' dir='ltr'>τοῖς</span> <span class='ocrx_word' id='word_1_80' title='bbox 605 1380 857 1445; x_wconf 81' lang='grc' dir='ltr'><strong>ἀπίστοις</strong></span> <span class='ocrx_word' id='word_1_81' title='bbox 891 1382 1092 1456; x_wconf 93' lang='grc' dir='ltr'>συνέϐη</span> <span class='ocrx_word' id='word_1_82' title='bbox 1128 1385 1428 1448; x_wconf 87' lang='grc' dir='ltr'>Ἰουδαίοις.</span> <span class='ocrx_word' id='word_1_83' title='bbox 1468 1389 1703 1458; x_wconf 85' lang='grc' dir='ltr'>Ὀλίγων</span> 
     </span>
    </p>
   </div>
   <div class='ocr_carea' id='block_1_14' title="bbox 113 1465 1705 1545">
    <p class='ocr_par' dir='ltr' id='par_1_14' title="bbox 113 1465 1705 1545">
     <span class='ocr_line' id='line_1_14' title="bbox 113 1465 1705 1545; baseline 0.012 -27"><span class='ocrx_word' id='word_1_84' title='bbox 113 1465 235 1538; x_wconf 79' lang='grc' dir='ltr'><strong>γὰρ</strong></span> <span class='ocrx_word' id='word_1_85' title='bbox 269 1467 411 1537; x_wconf 84' lang='grc' dir='ltr'><strong>μετά</strong></span> <span class='ocrx_word' id='word_1_86' title='bbox 453 1468 546 1522; x_wconf 72' lang='grc' dir='ltr'><strong>τὸν</strong></span> <span class='ocrx_word' id='word_1_87' title='bbox 581 1473 817 1543; x_wconf 85' lang='grc' dir='ltr'>σταυρὸν</span> <span class='ocrx_word' id='word_1_88' title='bbox 853 1473 1172 1529; x_wconf 84' lang='grc' dir='ltr'><strong>διελθόντων</strong></span> <span class='ocrx_word' id='word_1_89' title='bbox 1213 1477 1372 1545; x_wconf 81' lang='grc' dir='ltr'>ἐτῶν,</span> <span class='ocrx_word' id='word_1_90' title='bbox 1403 1479 1705 1538; x_wconf 81' lang='grc' dir='ltr'><strong>ἀνάστατον</strong></span> 
     </span>
    </p>
   </div>
   <div class='ocr_carea' id='block_1_15' title="bbox 113 1557 1700 1643">
    <p class='ocr_par' dir='ltr' id='par_1_15' title="bbox 113 1557 1700 1643">
     <span class='ocr_line' id='line_1_15' title="bbox 113 1557 1700 1643; baseline 0.01 -33"><span class='ocrx_word' id='word_1_91' title='bbox 113 1557 275 1610; x_wconf 76' lang='grc' dir='ltr'>ἅπαν</span> <span class='ocrx_word' id='word_1_92' title='bbox 321 1559 382 1611; x_wconf 86' lang='grc' dir='ltr'>τὸ</span> <span class='ocrx_word' id='word_1_93' title='bbox 420 1561 578 1629; x_wconf 80' lang='grc' dir='ltr'>γένος</span> <span class='ocrx_word' id='word_1_94' title='bbox 614 1563 661 1595; x_wconf 85' lang='grc'><strong>⁹⁰</strong></span> <span class='ocrx_word' id='word_1_95' title='bbox 690 1564 909 1632; x_wconf 83' lang='grc' dir='ltr'>ἐγένετο</span> <span class='ocrx_word' id='word_1_96' title='bbox 933 1583 947 1595; x_wconf 86' lang='grc'>·</span> <span class='ocrx_word' id='word_1_97' title='bbox 979 1566 1074 1620; x_wconf 76' lang='grc' dir='ltr'>καὶ</span> <span class='ocrx_word' id='word_1_98' title='bbox 1107 1569 1156 1621; x_wconf 89' lang='grc' dir='ltr'><strong>οἱ</strong></span> <span class='ocrx_word' id='word_1_99' title='bbox 1203 1569 1302 1639; x_wconf 87' lang='grc' dir='ltr'>μὲν</span> <span class='ocrx_word' id='word_1_100' title='bbox 1330 1572 1700 1643; x_wconf 78' lang='grc' dir='ltr'><strong>ἀνῃρέθησαν,</strong></span> 
     </span>
    </p>
   </div>
   <div class='ocr_carea' id='block_1_16' title="bbox 114 1649 1703 1734">
    <p class='ocr_par' dir='ltr' id='par_1_16' title="bbox 114 1649 1703 1734">
     <span class='ocr_line' id='line_1_16' title="bbox 114 1649 1703 1734; baseline 0.011 -34"><span class='ocrx_word' id='word_1_101' title='bbox 114 1649 175 1700; x_wconf 89' lang='grc' dir='ltr'><strong>αἰ</strong></span> <span class='ocrx_word' id='word_1_102' title='bbox 233 1649 290 1702; x_wconf 84' lang='grc' dir='ltr'>δὲ</span> <span class='ocrx_word' id='word_1_103' title='bbox 333 1651 543 1705; x_wconf 90' lang='grc' dir='ltr'>τούτων</span> <span class='ocrx_word' id='word_1_104' title='bbox 592 1656 856 1721; x_wconf 85' lang='grc' dir='ltr'>γυναῖκες</span> <span class='ocrx_word' id='word_1_105' title='bbox 892 1655 1030 1726; x_wconf 78' lang='grc' dir='ltr'>μετὰ</span> <span class='ocrx_word' id='word_1_106' title='bbox 1055 1658 1164 1710; x_wconf 83' lang='grc' dir='ltr'>τῶν</span> <span class='ocrx_word' id='word_1_107' title='bbox 1203 1661 1410 1714; x_wconf 85' lang='grc' dir='ltr'>παίδων</span> <span class='ocrx_word' id='word_1_108' title='bbox 1442 1662 1703 1734; x_wconf 79' lang='grc' dir='ltr'>ἐξηνδρα-</span> 
     </span>
    </p>
   </div>
   <div class='ocr_carea' id='block_1_17' title="bbox 1497 263 2052 338">
    <p class='ocr_par' dir='ltr' id='par_1_17' title="bbox 1497 263 2052 338">
     <span class='ocr_line' id='line_1_17' title="bbox 1497 263 2052 338; baseline 0.025 -14"><span class='ocrx_word' id='word_1_109' title='bbox 1497 263 1582 327; x_wconf 90' lang='grc' dir='ltr'><strong>ΙΝ</strong></span> <span class='ocrx_word' id='word_1_110' title='bbox 1601 266 1809 334; x_wconf 78' lang='lat' dir='ltr'><strong>PSAL.</strong></span> <span class='ocrx_word' id='word_1_111' title='bbox 1841 273 2052 338; x_wconf 83' lang='lat' dir='ltr'><strong>CVIII.</strong></span> 
     </span>
    </p>
   </div>
   <div class='ocr_carea' id='block_1_18' title="bbox 3265 295 3400 364">
    <p class='ocr_par' dir='ltr' id='par_1_18' title="bbox 3265 295 3400 364">
     <span class='ocr_line' id='line_1_18' title="bbox 3265 295 3400 364; baseline 0.022 -3"><span class='ocrx_word' id='word_1_112' title='bbox 3265 295 3400 364; x_wconf 71' lang='grc'><strong>1758</strong></span> 
     </span>
    </p>
   </div>
   <div class='ocr_carea' id='block_1_19' title="bbox 1224 371 1697 475">
    <p class='ocr_par' dir='ltr' id='par_1_19' title="bbox 1224 371 1693 453">
     <span class='ocr_line' id='line_1_19' title="bbox 1224 371 1693 453; baseline 0.021 -28"><span class='ocrx_word' id='word_1_113' title='bbox 1224 371 1387 442; x_wconf 89' lang='grc' dir='ltr'>μόνον</span> <span class='ocrx_word' id='word_1_114' title='bbox 1412 377 1693 453; x_wconf 78' lang='grc' dir='ltr'>αὐτόπτης</span> 
     </span>
    </p>
   </div>
   <div class='ocr_carea' id='block_1_20' title="bbox 1815 371 3396 475">
    <p class='ocr_par' dir='ltr' id='par_1_20' title="bbox 1819 395 3396 475">
     <span class='ocr_line' id='line_1_20' title="bbox 1819 395 3396 475; baseline 0.018 -33"><span class='ocrx_word' id='word_1_115' title='bbox 1819 403 1941 444; x_wconf 91' lang='lat' dir='ltr'><strong>rum</strong></span> <span class='ocrx_word' id='word_1_116' title='bbox 1978 407 2088 464; x_wconf 83' lang='lat' dir='ltr'><strong>non</strong></span> <span class='ocrx_word' id='word_1_117' title='bbox 2121 395 2287 452; x_wconf 88' lang='lat' dir='ltr'><strong>modo</strong></span> <span class='ocrx_word' id='word_1_118' title='bbox 2327 409 2602 470; x_wconf 88' lang='lat' dir='ltr'><strong>spectator</strong></span> <span class='ocrx_word' id='word_1_119' title='bbox 2647 405 2764 475; x_wconf 90' lang='lat' dir='ltr'><strong>ipse</strong></span> <span class='ocrx_word' id='word_1_120' title='bbox 2814 407 2935 472; x_wconf 88' lang='lat' dir='ltr'><strong>l‘uit,</strong></span> <span class='ocrx_word' id='word_1_121' title='bbox 2991 425 3185 466; x_wconf 86' lang='lat' dir='ltr'><strong>verum</strong></span> <span class='ocrx_word' id='word_1_122' title='bbox 3225 415 3396 471; x_wconf 87' lang='lat' dir='ltr'><strong>etiam</strong></span> 
     </span>
    </p>
   </div>
   <div class='ocr_carea' id='block_1_21' title="bbox 1815 489 3232 571">
    <p class='ocr_par' dir='ltr' id='par_1_21' title="bbox 1815 489 3232 571">
     <span class='ocr_line' id='line_1_21' title="bbox 1815 489 3232 571; baseline 0.016 -35"><span class='ocrx_word' id='word_1_123' title='bbox 1815 491 2088 552; x_wconf 78' lang='lat' dir='ltr'><strong>operator,</strong></span> <span class='ocrx_word' id='word_1_124' title='bbox 2131 502 2258 543; x_wconf 91' lang='lat' dir='ltr'><strong>cum</strong></span> <span class='ocrx_word' id='word_1_125' title='bbox 2289 489 2356 544; x_wconf 91' lang='lat' dir='ltr'><strong>ab</strong></span> <span class='ocrx_word' id='word_1_126' title='bbox 2397 492 2518 561; x_wconf 89' lang='lat' dir='ltr'><strong>ipso</strong></span> <span class='ocrx_word' id='word_1_127' title='bbox 2547 504 2874 563; x_wconf 85' lang='lat' dir='ltr'><strong>potestatem</strong></span> <span class='ocrx_word' id='word_1_128' title='bbox 2906 502 3232 571; x_wconf 87' lang='lat' dir='ltr'><strong>accepisset.</strong></span> 
     </span>
    </p>
   </div>
   <div class='ocr_carea' id='block_1_22' title="bbox 1884 657 3394 741">
    <p class='ocr_par' dir='ltr' id='par_1_22' title="bbox 1884 657 3394 741">
     <span class='ocr_line' id='line_1_22' title="bbox 1884 657 3394 741; baseline 0.015 -29"><span class='ocrx_word' id='word_1_129' title='bbox 1884 657 2051 716; x_wconf 74' lang='lat' dir='ltr'><strong>Vens.</strong></span> <span class='ocrx_word' id='word_1_130' title='bbox 2093 663 2146 719; x_wconf 93' lang='lat'><strong>8.</strong></span> <span class='ocrx_word' id='word_1_131' title='bbox 2194 683 2213 715; x_wconf 72' lang='grc' dir='ltr'>ι</span> <span class='ocrx_word' id='word_1_132' title='bbox 2255 664 2416 720; x_wconf 89' lang='lat' dir='ltr'><strong>Fiant</strong></span> <span class='ocrx_word' id='word_1_133' title='bbox 2445 668 2565 725; x_wconf 91' lang='lat' dir='ltr'><strong>dies</strong></span> <span class='ocrx_word' id='word_1_134' title='bbox 2595 670 2714 740; x_wconf 89' lang='lat' dir='ltr'><strong>ejus</strong></span> <span class='ocrx_word' id='word_1_135' title='bbox 2754 674 2938 741; x_wconf 85' lang='lat' dir='ltr'><strong>pauci,</strong></span> <span class='ocrx_word' id='word_1_136' title='bbox 2977 683 3032 730; x_wconf 91' lang='lat' dir='ltr'><strong>et</strong></span> <span class='ocrx_word' id='word_1_137' title='bbox 3067 691 3270 735; x_wconf 90' lang='lat' dir='ltr'><strong>munus</strong></span> <span class='ocrx_word' id='word_1_138' title='bbox 3303 681 3394 734; x_wconf 90' lang='lat' dir='ltr'><strong>cui</strong></span> 
     </span>
    </p>
   </div>
   <div class='ocr_carea' id='block_1_23' title="bbox 1812 751 3393 826">
    <p class='ocr_par' dir='ltr' id='par_1_23' title="bbox 1812 751 3393 826">
     <span class='ocr_line' id='line_1_23' title="bbox 1812 751 3393 826; baseline 0.016 -25"><span class='ocrx_word' id='word_1_139' title='bbox 1812 751 2026 820; x_wconf 65' lang='lat' dir='ltr'><strong>praal‘uit</strong></span> <span class='ocrx_word' id='word_1_140' title='bbox 2063 756 2293 826; x_wconf 85' lang='lat' dir='ltr'><strong>accipiat</strong></span> <span class='ocrx_word' id='word_1_141' title='bbox 2337 759 2496 814; x_wconf 90' lang='lat' dir='ltr'><strong>alter.</strong></span> <span class='ocrx_word' id='word_1_142' title='bbox 2544 779 2562 813; x_wconf 77' lang='grc' dir='ltr'>ι</span> <span class='ocrx_word' id='word_1_143' title='bbox 2612 761 2679 817; x_wconf 83' lang='grc' dir='ltr'>Ει</span> <span class='ocrx_word' id='word_1_144' title='bbox 2722 764 2836 820; x_wconf 70' lang='lat' dir='ltr'><strong>haec</strong></span> <span class='ocrx_word' id='word_1_145' title='bbox 2872 766 3195 824; x_wconf 76' lang='lat' dir='ltr'><strong>vaticinatio</strong></span> <span class='ocrx_word' id='word_1_146' title='bbox 3228 787 3393 826; x_wconf 84' lang='lat' dir='ltr'><strong>suum</strong></span> 
     </span>
    </p>
   </div>
   <div class='ocr_carea' id='block_1_24' title="bbox 1813 845 3390 931">
    <p class='ocr_par' dir='ltr' id='par_1_24' title="bbox 1813 845 3390 931">
     <span class='ocr_line' id='line_1_24' title="bbox 1813 845 3390 931; baseline 0.014 -34"><span class='ocrx_word' id='word_1_147' title='bbox 1813 845 2011 898; x_wconf 81' lang='lat' dir='ltr'><strong>sortita</strong></span> <span class='ocrx_word' id='word_1_148' title='bbox 2043 858 2126 903; x_wconf 91' lang='lat' dir='ltr'><strong>cst</strong></span> <span class='ocrx_word' id='word_1_149' title='bbox 2158 850 2343 906; x_wconf 87' lang='lat' dir='ltr'><strong>linem.</strong></span> <span class='ocrx_word' id='word_1_150' title='bbox 2376 850 2498 921; x_wconf 87' lang='lat' dir='ltr'><strong>Ipse</strong></span> <span class='ocrx_word' id='word_1_151' title='bbox 2537 855 2682 909; x_wconf 89' lang='lat' dir='ltr'><strong>enim</strong></span> <span class='ocrx_word' id='word_1_152' title='bbox 2715 859 2981 913; x_wconf 90' lang='lat' dir='ltr'><strong>continuo</strong></span> <span class='ocrx_word' id='word_1_153' title='bbox 3006 875 3102 928; x_wconf 90' lang='lat' dir='ltr'><strong>per</strong></span> <span class='ocrx_word' id='word_1_154' title='bbox 3134 861 3390 931; x_wconf 92' lang='lat' dir='ltr'><strong>laqueum</strong></span> 
     </span>
    </p>
   </div>
   <div class='ocr_carea' id='block_1_25' title="bbox 1811 941 3388 1007">
    <p class='ocr_par' dir='ltr' id='par_1_25' title="bbox 1811 941 3388 1007">
     <span class='ocr_line' id='line_1_25' title="bbox 1811 941 3388 1007; baseline 0.014 -21"><span class='ocrx_word' id='word_1_155' title='bbox 1811 945 2042 988; x_wconf 81' lang='lat' dir='ltr'><strong>mortem</strong></span> <span class='ocrx_word' id='word_1_156' title='bbox 2074 951 2361 1003; x_wconf 81' lang='lat' dir='ltr'><strong>perpessus</strong></span> <span class='ocrx_word' id='word_1_157' title='bbox 2389 950 2492 1004; x_wconf 90' lang='lat' dir='ltr'><strong>cst,</strong></span> <span class='ocrx_word' id='word_1_158' title='bbox 2528 950 2582 996; x_wconf 94' lang='lat' dir='ltr'><strong>et</strong></span> <span class='ocrx_word' id='word_1_159' title='bbox 2614 941 2869 999; x_wconf 80' lang='lat' dir='ltr'><strong>Matthias</strong></span> <span class='ocrx_word' id='word_1_160' title='bbox 2902 946 3023 1001; x_wconf 92' lang='lat' dir='ltr'><strong>loco</strong></span> <span class='ocrx_word' id='word_1_161' title='bbox 3057 949 3202 1005; x_wconf 90' lang='lat' dir='ltr'><strong>illius</strong></span> <span class='ocrx_word' id='word_1_162' title='bbox 3235 952 3388 1007; x_wconf 81' lang='lat' dir='ltr'><strong>ordi-</strong></span> 
     </span>
    </p>
   </div>
   <div class='ocr_carea' id='block_1_26' title="bbox 1811 1029 3067 1103">
    <p class='ocr_par' dir='ltr' id='par_1_26' title="bbox 1811 1029 3067 1103">
     <span class='ocr_line' id='line_1_26' title="bbox 1811 1029 3067 1103; baseline 0.012 -24"><span class='ocrx_word' id='word_1_163' title='bbox 1811 1034 1994 1092; x_wconf 88' lang='lat' dir='ltr'><strong>natus,</strong></span> <span class='ocrx_word' id='word_1_164' title='bbox 2027 1029 2400 1096; x_wconf 86' lang='lat' dir='ltr'><strong>apostolorum</strong></span> <span class='ocrx_word' id='word_1_165' title='bbox 2434 1033 2678 1103; x_wconf 83' lang='lat' dir='ltr'><strong>implevit</strong></span> <span class='ocrx_word' id='word_1_166' title='bbox 2707 1052 2997 1093; x_wconf 86' lang='lat' dir='ltr'><strong>numerum</strong></span> <span class='ocrx_word' id='word_1_167' title='bbox 3019 1051 3067 1093; x_wconf 82' lang='lat' dir='ltr'><strong>P.</strong></span> 
     </span>
    </p>
   </div>
   <div class='ocr_carea' id='block_1_27' title="bbox 1879 1204 3386 1292">
    <p class='ocr_par' dir='ltr' id='par_1_27' title="bbox 1879 1204 3386 1292">
     <span class='ocr_line' id='line_1_27' title="bbox 1879 1204 3386 1292; baseline 0.013 -32"><span class='ocrx_word' id='word_1_168' title='bbox 1879 1204 2043 1263; x_wconf 79' lang='lat' dir='ltr'><strong>Vens.</strong></span> <span class='ocrx_word' id='word_1_169' title='bbox 2086 1207 2139 1263; x_wconf 92' lang='lat'><strong>9.</strong></span> <span class='ocrx_word' id='word_1_170' title='bbox 2189 1227 2208 1258; x_wconf 85' lang='grc'><em>‹</em></span> <span class='ocrx_word' id='word_1_171' title='bbox 2245 1208 2405 1265; x_wconf 82' lang='lat' dir='ltr'><strong>Fiant</strong></span> <span class='ocrx_word' id='word_1_172' title='bbox 2437 1209 2530 1265; x_wconf 83' lang='lat' dir='ltr'><strong>lilii</strong></span> <span class='ocrx_word' id='word_1_173' title='bbox 2559 1212 2679 1281; x_wconf 88' lang='lat' dir='ltr'><strong>ejus</strong></span> <span class='ocrx_word' id='word_1_174' title='bbox 2711 1215 2965 1284; x_wconf 90' lang='lat' dir='ltr'><strong>orphani,</strong></span> <span class='ocrx_word' id='word_1_175' title='bbox 3005 1227 3059 1274; x_wconf 90' lang='lat' dir='ltr'><strong>et</strong></span> <span class='ocrx_word' id='word_1_176' title='bbox 3094 1235 3234 1275; x_wconf 81' lang='lat' dir='ltr'><strong>uxor</strong></span> <span class='ocrx_word' id='word_1_177' title='bbox 3263 1223 3386 1292; x_wconf 86' lang='lat' dir='ltr'><strong>ejus</strong></span> 
     </span>
    </p>
   </div>
   <div class='ocr_carea' id='block_1_28' title="bbox 1807 1297 3387 1371">
    <p class='ocr_par' dir='ltr' id='par_1_28' title="bbox 1807 1297 3387 1371">
     <span class='ocr_line' id='line_1_28' title="bbox 1807 1297 3387 1371; baseline 0.009 -19"><span class='ocrx_word' id='word_1_178' title='bbox 1807 1297 1988 1353; x_wconf 79' lang='lat' dir='ltr'><strong>vidua.</strong></span> <span class='ocrx_word' id='word_1_179' title='bbox 2028 1319 2046 1352; x_wconf 69' lang='grc' dir='ltr'>ι</span> <span class='ocrx_word' id='word_1_180' title='bbox 2086 1299 2209 1356; x_wconf 67' lang='lat' dir='ltr'><strong>llaec</strong></span> <span class='ocrx_word' id='word_1_181' title='bbox 2241 1318 2348 1356; x_wconf 92' lang='lat' dir='ltr'><strong>non</strong></span> <span class='ocrx_word' id='word_1_182' title='bbox 2377 1302 2531 1359; x_wconf 66' lang='lat' dir='ltr'><strong>Iudae</strong></span> <span class='ocrx_word' id='word_1_183' title='bbox 2563 1305 2749 1369; x_wconf 88' lang='lat' dir='ltr'><strong>modo,</strong></span> <span class='ocrx_word' id='word_1_184' title='bbox 2786 1321 2978 1360; x_wconf 85' lang='lat' dir='ltr'><strong>verum</strong></span> <span class='ocrx_word' id='word_1_185' title='bbox 3009 1309 3174 1363; x_wconf 88' lang='lat' dir='ltr'><strong>etiam</strong></span> <span class='ocrx_word' id='word_1_186' title='bbox 3207 1315 3387 1371; x_wconf 88' lang='lat' dir='ltr'><strong>omni-</strong></span> 
     </span>
    </p>
   </div>
   <div class='ocr_carea' id='block_1_29' title="bbox 1807 1389 3388 1464">
    <p class='ocr_par' dir='ltr' id='par_1_29' title="bbox 1807 1389 3388 1464">
     <span class='ocr_line' id='line_1_29' title="bbox 1807 1389 3388 1464; baseline 0.008 -20"><span class='ocrx_word' id='word_1_187' title='bbox 1807 1389 1908 1445; x_wconf 89' lang='lat' dir='ltr'><strong>bus</strong></span> <span class='ocrx_word' id='word_1_188' title='bbox 1946 1393 2164 1460; x_wconf 91' lang='lat' dir='ltr'><strong>perﬁdis</strong></span> <span class='ocrx_word' id='word_1_189' title='bbox 2195 1392 2396 1448; x_wconf 77' lang='lat' dir='ltr'><strong>Judaeis</strong></span> <span class='ocrx_word' id='word_1_190' title='bbox 2427 1407 2757 1464; x_wconf 81' lang='lat' dir='ltr'><strong>congruunt.</strong></span> <span class='ocrx_word' id='word_1_191' title='bbox 2798 1396 2996 1452; x_wconf 88' lang='lat' dir='ltr'><strong>Paucis</strong></span> <span class='ocrx_word' id='word_1_192' title='bbox 3034 1399 3180 1454; x_wconf 86' lang='lat' dir='ltr'><strong>enim</strong></span> <span class='ocrx_word' id='word_1_193' title='bbox 3226 1403 3388 1457; x_wconf 88' lang='lat' dir='ltr'><strong>anuis</strong></span> 
     </span>
    </p>
   </div>
   <div class='ocr_carea' id='block_1_30' title="bbox 1805 1485 3386 1555">
    <p class='ocr_par' dir='ltr' id='par_1_30' title="bbox 1805 1485 3386 1555">
     <span class='ocr_line' id='line_1_30' title="bbox 1805 1485 3386 1555; baseline 0.008 -20"><span class='ocrx_word' id='word_1_194' title='bbox 1805 1487 1929 1550; x_wconf 86' lang='lat' dir='ltr'><strong>post</strong></span> <span class='ocrx_word' id='word_1_195' title='bbox 1985 1498 2199 1538; x_wconf 90' lang='lat' dir='ltr'><strong>crucem</strong></span> <span class='ocrx_word' id='word_1_196' title='bbox 2251 1485 2478 1555; x_wconf 86' lang='lat' dir='ltr'><strong>elapsis,</strong></span> <span class='ocrx_word' id='word_1_197' title='bbox 2532 1496 2643 1540; x_wconf 86' lang='lat' dir='ltr'><strong>tota</strong></span> <span class='ocrx_word' id='word_1_198' title='bbox 2700 1502 2890 1542; x_wconf 90' lang='lat' dir='ltr'><strong>eorum</strong></span> <span class='ocrx_word' id='word_1_199' title='bbox 2943 1490 3096 1544; x_wconf 83' lang='lat' dir='ltr'><strong>natio</strong></span> <span class='ocrx_word' id='word_1_200' title='bbox 3149 1493 3386 1547; x_wconf 82' lang='lat' dir='ltr'><strong>extorris</strong></span> 
     </span>
    </p>
   </div>
   <div class='ocr_carea' id='block_1_31' title="bbox 1805 1572 3386 1648">
    <p class='ocr_par' dir='ltr' id='par_1_31' title="bbox 1805 1572 3386 1648">
     <span class='ocr_line' id='line_1_31' title="bbox 1805 1572 3386 1648; baseline 0.004 -21"><span class='ocrx_word' id='word_1_201' title='bbox 1805 1572 1948 1628; x_wconf 81' lang='lat' dir='ltr'><strong>facta</strong></span> <span class='ocrx_word' id='word_1_202' title='bbox 1995 1584 2106 1642; x_wconf 87' lang='lat' dir='ltr'><strong>est,</strong></span> <span class='ocrx_word' id='word_1_203' title='bbox 2155 1587 2207 1630; x_wconf 90' lang='lat' dir='ltr'><strong>et</strong></span> <span class='ocrx_word' id='word_1_204' title='bbox 2248 1578 2300 1630; x_wconf 93' lang='lat' dir='ltr'><strong>hi</strong></span> <span class='ocrx_word' id='word_1_205' title='bbox 2355 1579 2572 1648; x_wconf 79' lang='lat' dir='ltr'><strong>quidem</strong></span> <span class='ocrx_word' id='word_1_206' title='bbox 2629 1579 2916 1644; x_wconf 83' lang='lat' dir='ltr'><strong>trucidati,</strong></span> <span class='ocrx_word' id='word_1_207' title='bbox 2973 1581 3169 1636; x_wconf 84' lang='lat' dir='ltr'><strong>horum</strong></span> <span class='ocrx_word' id='word_1_208' title='bbox 3205 1585 3222 1606; x_wconf 75' lang='grc'><strong>¹</strong></span> <span class='ocrx_word' id='word_1_209' title='bbox 3255 1598 3386 1638; x_wconf 75' lang='lat' dir='ltr'><strong>vero</strong></span> 
     </span>
    </p>
   </div>
   <div class='ocr_carea' id='block_1_32' title="bbox 1805 1670 3376 1730">
    <p class='ocr_par' dir='ltr' id='par_1_32' title="bbox 1805 1670 3376 1730">
     <span class='ocr_line' id='line_1_32' title="bbox 1805 1670 3376 1730; baseline 0.006 -10"><span class='ocrx_word' id='word_1_210' title='bbox 1805 1681 2006 1723; x_wconf 80' lang='lat' dir='ltr'><strong>uxores</strong></span> <span class='ocrx_word' id='word_1_211' title='bbox 2045 1684 2171 1724; x_wconf 91' lang='lat' dir='ltr'><strong>cum</strong></span> <span class='ocrx_word' id='word_1_212' title='bbox 2223 1670 2347 1725; x_wconf 91' lang='lat' dir='ltr'><strong>ﬁliis</strong></span> <span class='ocrx_word' id='word_1_213' title='bbox 2395 1671 2448 1726; x_wconf 90' lang='lat' dir='ltr'><strong>in</strong></span> <span class='ocrx_word' id='word_1_214' title='bbox 2485 1672 2800 1726; x_wconf 85' lang='lat' dir='ltr'><strong>servitutem</strong></span> <span class='ocrx_word' id='word_1_215' title='bbox 2847 1673 3098 1728; x_wconf 69' lang='lat' dir='ltr'><strong>abducta:</strong></span> <span class='ocrx_word' id='word_1_216' title='bbox 3137 1674 3376 1730; x_wconf 79' lang='lat' dir='ltr'><strong>fuerunt.</strong></span> 
     </span>
    </p>
   </div>
   <div class='ocr_carea' id='block_1_33' title="bbox 114 1730 1697 1832">
    <p class='ocr_par' dir='ltr' id='par_1_33' title="bbox 114 1730 1697 1821">
     <span class='ocr_line' id='line_1_33' title="bbox 114 1730 1697 1821; baseline 0.01 -31"><span class='ocrx_word' id='word_1_217' title='bbox 114 1737 480 1810; x_wconf 81' lang='grc' dir='ltr'>ποδίσθησαν.</span> <span class='ocrx_word' id='word_1_218' title='bbox 504 1740 674 1794; x_wconf 81' lang='grc' dir='ltr'>Τοῦτο</span> <span class='ocrx_word' id='word_1_219' title='bbox 707 1742 805 1812; x_wconf 86' lang='grc' dir='ltr'>μὲν</span> <span class='ocrx_word' id='word_1_220' title='bbox 828 1744 870 1777; x_wconf 82' lang='grc'><strong>⁹¹</strong></span> <span class='ocrx_word' id='word_1_221' title='bbox 891 1744 984 1798; x_wconf 78' lang='grc' dir='ltr'>καὶ</span> <span class='ocrx_word' id='word_1_222' title='bbox 1013 1747 1042 1799; x_wconf 92' lang='grc' dir='ltr'>ό</span> <span class='ocrx_word' id='word_1_223' title='bbox 1068 1750 1408 1819; x_wconf 79' lang='grc' dir='ltr'>προφητικδς</span> <span class='ocrx_word' id='word_1_224' title='bbox 1429 1730 1632 1821; x_wconf 71' lang='grc' dir='ltr'>ηῦξατο</span> <span class='ocrx_word' id='word_1_225' title='bbox 1655 1755 1697 1786; x_wconf 81' lang='grc'><strong>⁹¹</strong></span> 
     </span>
    </p>
   </div>
   <div class='ocr_carea' id='block_1_34' title="bbox 1815 1730 3269 1832">
    <p class='ocr_par' dir='ltr' id='par_1_34' title="bbox 1815 1758 3269 1832">
     <span class='ocr_line' id='line_1_34' title="bbox 1815 1758 3269 1832; baseline 0.006 -20"><span class='ocrx_word' id='word_1_226' title='bbox 1815 1758 1874 1813; x_wconf 82' lang='grc' dir='ltr'>Ει</span> <span class='ocrx_word' id='word_1_227' title='bbox 1902 1761 2005 1816; x_wconf 92' lang='lat' dir='ltr'><strong>hoc</strong></span> <span class='ocrx_word' id='word_1_228' title='bbox 2033 1777 2250 1831; x_wconf 89' lang='lat' dir='ltr'><strong>quoque</strong></span> <span class='ocrx_word' id='word_1_229' title='bbox 2277 1764 2630 1832; x_wconf 83' lang='lat' dir='ltr'><strong>propheticus</strong></span> <span class='ocrx_word' id='word_1_230' title='bbox 2656 1779 2838 1818; x_wconf 89' lang='lat' dir='ltr'><strong>sermo</strong></span> <span class='ocrx_word' id='word_1_231' title='bbox 2870 1775 3120 1832; x_wconf 87' lang='lat' dir='ltr'><strong>precatus</strong></span> <span class='ocrx_word' id='word_1_232' title='bbox 3159 1778 3269 1824; x_wconf 89' lang='lat' dir='ltr'><strong>est.</strong></span> 
     </span>
    </p>
   </div>
   <div class='ocr_carea' id='block_1_35' title="bbox 110 1827 300 1895">
    <p class='ocr_par' dir='ltr' id='par_1_35' title="bbox 110 1827 300 1895">
     <span class='ocr_line' id='line_1_35' title="bbox 110 1827 300 1895; baseline 0.026 -17"><span class='ocrx_word' id='word_1_233' title='bbox 110 1827 300 1895; x_wconf 81' lang='grc' dir='ltr'>λόγος.</span> 
     </span>
    </p>
   </div>
   <div class='ocr_carea' id='block_1_36' title="bbox 193 1923 1702 2000">
    <p class='ocr_par' dir='ltr' id='par_1_36' title="bbox 193 1923 1702 2000">
     <span class='ocr_line' id='line_1_36' title="bbox 193 1923 1702 2000; baseline 0.011 -28"><span class='ocrx_word' id='word_1_234' title='bbox 193 1925 250 1973; x_wconf 85' lang='grc' dir='ltr'><strong>ι’.</strong></span> <span class='ocrx_word' id='word_1_235' title='bbox 300 1941 318 1973; x_wconf 81' lang='grc' dir='ltr'>ι</span> <span class='ocrx_word' id='word_1_236' title='bbox 351 1923 708 1995; x_wconf 85' lang='grc' dir='ltr'>Σαλευόμενοι</span> <span class='ocrx_word' id='word_1_237' title='bbox 745 1929 1240 2000; x_wconf 84' lang='grc' dir='ltr'>μεταναστήτωσαν</span> <span class='ocrx_word' id='word_1_238' title='bbox 1282 1931 1330 1964; x_wconf 73' lang='grc'><strong>’⁸</strong></span> <span class='ocrx_word' id='word_1_239' title='bbox 1374 1932 1424 1985; x_wconf 93' lang='grc' dir='ltr'><strong>οἰ</strong></span> <span class='ocrx_word' id='word_1_240' title='bbox 1455 1933 1565 1986; x_wconf 84' lang='grc' dir='ltr'><strong>υἱοί</strong></span> <span class='ocrx_word' id='word_1_241' title='bbox 1601 1935 1702 1989; x_wconf 87' lang='grc' dir='ltr'><strong>αὐ-</strong></span> 
     </span>
    </p>
   </div>
   <div class='ocr_carea' id='block_1_37' title="bbox 112 2011 1703 2095">
    <p class='ocr_par' dir='ltr' id='par_1_37' title="bbox 112 2011 1703 2095">
     <span class='ocr_line' id='line_1_37' title="bbox 112 2011 1703 2095; baseline 0.013 -32"><span class='ocrx_word' id='word_1_242' title='bbox 112 2011 242 2075; x_wconf 78' lang='grc' dir='ltr'>τοῦ,</span> <span class='ocrx_word' id='word_1_243' title='bbox 289 2015 383 2067; x_wconf 83' lang='grc' dir='ltr'>καί.</span> <span class='ocrx_word' id='word_1_244' title='bbox 438 2017 912 2088; x_wconf 78' lang='grc' dir='ltr'>ἐπαιτησάτωσαν,</span> <span class='ocrx_word' id='word_1_245' title='bbox 956 2021 1052 2073; x_wconf 77' lang='grc' dir='ltr'>καὶ</span> <span class='ocrx_word' id='word_1_246' title='bbox 1081 2022 1127 2054; x_wconf 61' lang='grc'><strong>⁸⁸</strong></span> <span class='ocrx_word' id='word_1_247' title='bbox 1161 2022 1587 2095; x_wconf 78' lang='grc' dir='ltr'>ἑκϐληθήτωσαν</span> <span class='ocrx_word' id='word_1_248' title='bbox 1635 2030 1703 2082; x_wconf 78' lang='grc' dir='ltr'>ἐκ</span> 
     </span>
    </p>
   </div>
   <div class='ocr_carea' id='block_1_38' title="bbox 113 2104 1701 2184">
    <p class='ocr_par' dir='ltr' id='par_1_38' title="bbox 113 2104 1701 2184">
     <span class='ocr_line' id='line_1_38' title="bbox 113 2104 1701 2184; baseline 0.012 -28"><span class='ocrx_word' id='word_1_249' title='bbox 113 2104 232 2157; x_wconf 85' lang='grc' dir='ltr'>τῶν</span> <span class='ocrx_word' id='word_1_250' title='bbox 283 2107 582 2162; x_wconf 82' lang='grc' dir='ltr'><strong>οἰκοπέδων</strong></span> <span class='ocrx_word' id='word_1_251' title='bbox 632 2109 836 2166; x_wconf 83' lang='grc' dir='ltr'>αὐτῶν.</span> <span class='ocrx_word' id='word_1_252' title='bbox 875 2130 894 2161; x_wconf 71' lang='grc' dir='ltr'>ι</span> <span class='ocrx_word' id='word_1_253' title='bbox 941 2113 1012 2165; x_wconf 86' lang='grc' dir='ltr'>Ἢ</span> <span class='ocrx_word' id='word_1_254' title='bbox 1044 2114 1185 2167; x_wconf 88' lang='grc' dir='ltr'><strong>κατά</strong></span> <span class='ocrx_word' id='word_1_255' title='bbox 1212 2116 1342 2180; x_wconf 84' lang='grc' dir='ltr'>τοὺς</span> <span class='ocrx_word' id='word_1_256' title='bbox 1374 2117 1591 2184; x_wconf 79' lang='grc' dir='ltr'>ἄλλους,</span> <span class='ocrx_word' id='word_1_257' title='bbox 1631 2119 1701 2174; x_wconf 79' lang='grc' dir='ltr'>ἐκ</span> 
     </span>
    </p>
   </div>
   <div class='ocr_carea' id='block_1_39' title="bbox 113 2191 1700 2276">
    <p class='ocr_par' dir='ltr' id='par_1_39' title="bbox 113 2191 1700 2276">
     <span class='ocr_line' id='line_1_39' title="bbox 113 2191 1700 2276; baseline 0.011 -32"><span class='ocrx_word' id='word_1_258' title='bbox 113 2191 242 2245; x_wconf 81' lang='grc' dir='ltr'><strong>τῶν</strong></span> <span class='ocrx_word' id='word_1_259' title='bbox 266 2194 540 2261; x_wconf 82' lang='grc' dir='ltr'><strong>ἐρειπίων</strong></span> <span class='ocrx_word' id='word_1_260' title='bbox 553 2197 753 2252; x_wconf 83' lang='grc' dir='ltr'><strong>αὐτῶν</strong></span> <span class='ocrx_word' id='word_1_261' title='bbox 772 2199 841 2250; x_wconf 76' lang='grc'><strong>’⁸.</strong></span> <span class='ocrx_word' id='word_1_262' title='bbox 869 2200 1196 2256; x_wconf 83' lang='grc' dir='ltr'>Καυθεισῶν</span> <span class='ocrx_word' id='word_1_263' title='bbox 1222 2203 1330 2274; x_wconf 84' lang='grc' dir='ltr'>γὰρ</span> <span class='ocrx_word' id='word_1_264' title='bbox 1353 2205 1462 2260; x_wconf 85' lang='grc' dir='ltr'><strong>τῶν</strong></span> <span class='ocrx_word' id='word_1_265' title='bbox 1487 2207 1700 2276; x_wconf 86' lang='grc' dir='ltr'>οἰκιῶν,</span> 
     </span>
    </p>
   </div>
   <div class='ocr_carea' id='block_1_40' title="bbox 113 2285 1702 2369">
    <p class='ocr_par' dir='ltr' id='par_1_40' title="bbox 113 2285 1702 2369">
     <span class='ocr_line' id='line_1_40' title="bbox 113 2285 1702 2369; baseline 0.011 -33"><span class='ocrx_word' id='word_1_266' title='bbox 113 2285 218 2337; x_wconf 74' lang='grc' dir='ltr'>καί.</span> <span class='ocrx_word' id='word_1_267' title='bbox 259 2287 582 2353; x_wconf 82' lang='grc' dir='ltr'>οἰκοπέδων,</span> <span class='ocrx_word' id='word_1_268' title='bbox 634 2288 667 2360; x_wconf 76' lang='grc' dir='ltr'><strong>ἢ</strong></span> <span class='ocrx_word' id='word_1_269' title='bbox 702 2290 963 2360; x_wconf 79' lang='grc' dir='ltr'><strong>ἐρειπίων</strong></span> <span class='ocrx_word' id='word_1_270' title='bbox 995 2295 1328 2365; x_wconf 84' lang='grc' dir='ltr'>γενομένων,</span> <span class='ocrx_word' id='word_1_271' title='bbox 1367 2299 1416 2350; x_wconf 86' lang='grc' dir='ltr'><strong>οἰ</strong></span> <span class='ocrx_word' id='word_1_272' title='bbox 1481 2300 1581 2369; x_wconf 85' lang='grc' dir='ltr'>μὲν</span> <span class='ocrx_word' id='word_1_273' title='bbox 1606 2301 1702 2353; x_wconf 88' lang='grc' dir='ltr'><strong>ἀν-</strong></span> 
     </span>
    </p>
   </div>
   <div class='ocr_carea' id='block_1_41' title="bbox 119 2377 1700 2464">
    <p class='ocr_par' dir='ltr' id='par_1_41' title="bbox 119 2377 1700 2464">
     <span class='ocr_line' id='line_1_41' title="bbox 119 2377 1700 2464; baseline 0.011 -34"><span class='ocrx_word' id='word_1_274' title='bbox 119 2377 400 2449; x_wconf 70' lang='grc' dir='ltr'>ῃρέθησαν</span> <span class='ocrx_word' id='word_1_275' title='bbox 418 2380 528 2435; x_wconf 85' lang='grc' dir='ltr'><strong>τῶν</strong></span> <span class='ocrx_word' id='word_1_276' title='bbox 549 2381 872 2455; x_wconf 88' lang='grc' dir='ltr'>οἰκητόρων,</span> <span class='ocrx_word' id='word_1_277' title='bbox 905 2383 955 2438; x_wconf 88' lang='grc' dir='ltr'>οἰ</span> <span class='ocrx_word' id='word_1_278' title='bbox 1007 2384 1065 2439; x_wconf 80' lang='grc' dir='ltr'>δὲ</span> <span class='ocrx_word' id='word_1_279' title='bbox 1097 2388 1486 2461; x_wconf 83' lang='grc' dir='ltr'>ἀπηνέχθησαν</span> <span class='ocrx_word' id='word_1_280' title='bbox 1536 2391 1700 2464; x_wconf 90' lang='grc' dir='ltr'>δορυ-</span> 
     </span>
    </p>
   </div>
   <div class='ocr_carea' id='block_1_42' title="bbox 113 2469 834 2555">
    <p class='ocr_par' dir='ltr' id='par_1_42' title="bbox 113 2469 834 2555">
     <span class='ocr_line' id='line_1_42' title="bbox 113 2469 834 2555; baseline -0.003 -31"><span class='ocrx_word' id='word_1_281' title='bbox 113 2469 342 2524; x_wconf 84' lang='grc' dir='ltr'>άλωτοι.</span> <span class='ocrx_word' id='word_1_282' title='bbox 827 2543 834 2555; x_wconf 40' lang='grc'><em>1</em></span> 
     </span>
    </p>
   </div>
   <div class='ocr_carea' id='block_1_43' title="bbox 189 2559 1700 2642">
    <p class='ocr_par' dir='ltr' id='par_1_43' title="bbox 189 2559 1700 2642">
     <span class='ocr_line' id='line_1_43' title="bbox 189 2559 1700 2642; baseline 0.009 -28"><span class='ocrx_word' id='word_1_283' title='bbox 189 2559 281 2617; x_wconf 89' lang='grc' dir='ltr'>ια’.</span> <span class='ocrx_word' id='word_1_284' title='bbox 329 2581 348 2615; x_wconf 74' lang='grc' dir='ltr'>ι</span> <span class='ocrx_word' id='word_1_285' title='bbox 401 2563 845 2636; x_wconf 83' lang='grc' dir='ltr'>Ἐξερευνησάτω</span> <span class='ocrx_word' id='word_1_286' title='bbox 890 2566 938 2601; x_wconf 73' lang='grc'>⁸⁸</span> <span class='ocrx_word' id='word_1_287' title='bbox 981 2568 1270 2642; x_wconf 82' lang='grc' dir='ltr'>δανειστὴς</span> <span class='ocrx_word' id='word_1_288' title='bbox 1314 2570 1494 2625; x_wconf 83' lang='grc' dir='ltr'>πάντα</span> <span class='ocrx_word' id='word_1_289' title='bbox 1523 2574 1569 2605; x_wconf 86' lang='grc'><strong>⁹⁷</strong></span> <span class='ocrx_word' id='word_1_290' title='bbox 1597 2573 1700 2627; x_wconf 87' lang='grc' dir='ltr'>ὅσα</span> 
     </span>
    </p>
   </div>
   <div class='ocr_carea' id='block_1_44' title="bbox 118 2656 1700 2735">
    <p class='ocr_par' dir='ltr' id='par_1_44' title="bbox 118 2656 1700 2735">
     <span class='ocr_line' id='line_1_44' title="bbox 118 2656 1700 2735; baseline 0.008 -27"><span class='ocrx_word' id='word_1_291' title='bbox 118 2656 361 2727; x_wconf 81' lang='grc' dir='ltr'>ὑπάρχει</span> <span class='ocrx_word' id='word_1_292' title='bbox 391 2658 560 2730; x_wconf 84' lang='grc' dir='ltr'><strong>αὐτῷ.</strong></span> <span class='ocrx_word' id='word_1_293' title='bbox 596 2677 616 2712; x_wconf 80' lang='grc'><strong>›</strong></span> <span class='ocrx_word' id='word_1_294' title='bbox 670 2658 730 2714; x_wconf 88' lang='lat'><strong>&#39;0</strong></span> <span class='ocrx_word' id='word_1_295' title='bbox 761 2661 820 2714; x_wconf 87' lang='grc' dir='ltr'>δὲ</span> <span class='ocrx_word' id='word_1_296' title='bbox 849 2661 1142 2734; x_wconf 80' lang='grc' dir='ltr'><strong>Σύμμαχος</strong></span> <span class='ocrx_word' id='word_1_297' title='bbox 1174 2661 1365 2728; x_wconf 81' lang='grc' dir='ltr'>οὕτως’</span> <span class='ocrx_word' id='word_1_298' title='bbox 1397 2667 1700 2735; x_wconf 77' lang='grc' dir='ltr'>Συγκρού-</span> 
     </span>
    </p>
   </div>
   <div class='ocr_carea' id='block_1_45' title="bbox 112 2747 1699 2826">
    <p class='ocr_par' dir='ltr' id='par_1_45' title="bbox 112 2747 1699 2826">
     <span class='ocr_line' id='line_1_45' title="bbox 112 2747 1699 2826; baseline 0.006 -25"><span class='ocrx_word' id='word_1_299' title='bbox 112 2762 222 2801; x_wconf 85' lang='grc' dir='ltr'><strong>σαι</strong></span> <span class='ocrx_word' id='word_1_300' title='bbox 272 2747 548 2818; x_wconf 80' lang='grc' dir='ltr'><strong>πράκτωρ</strong></span> <span class='ocrx_word' id='word_1_301' title='bbox 601 2751 798 2806; x_wconf 77' lang='grc' dir='ltr'>πάντα</span> <span class='ocrx_word' id='word_1_302' title='bbox 840 2753 912 2808; x_wconf 85' lang='grc' dir='ltr'><strong>τὰ</strong></span> <span class='ocrx_word' id='word_1_303' title='bbox 946 2753 1296 2822; x_wconf 77' lang='grc' dir='ltr'>ὑπάρχοντα</span> <span class='ocrx_word' id='word_1_304' title='bbox 1323 2755 1508 2820; x_wconf 85' lang='grc' dir='ltr'><strong>αὐτῷ.</strong></span> <span class='ocrx_word' id='word_1_305' title='bbox 1546 2757 1699 2826; x_wconf 77' lang='grc' dir='ltr'><strong>Πρά-</strong></span> 
     </span>
    </p>
   </div>
   <div class='ocr_carea' id='block_1_46' title="bbox 114 2838 1697 2917">
    <p class='ocr_par' dir='ltr' id='par_1_46' title="bbox 114 2838 1697 2917">
     <span class='ocr_line' id='line_1_46' title="bbox 114 2838 1697 2917; baseline 0.006 -28"><span class='ocrx_word' id='word_1_306' title='bbox 114 2855 329 2908; x_wconf 85' lang='grc' dir='ltr'>κτωρες</span> <span class='ocrx_word' id='word_1_307' title='bbox 357 2838 415 2892; x_wconf 84' lang='grc' dir='ltr'>δὲ</span> <span class='ocrx_word' id='word_1_308' title='bbox 447 2840 540 2892; x_wconf 79' lang='grc' dir='ltr'>καὶ</span> <span class='ocrx_word' id='word_1_309' title='bbox 569 2841 617 2893; x_wconf 86' lang='grc' dir='ltr'><strong>οἰ</strong></span> <span class='ocrx_word' id='word_1_310' title='bbox 654 2841 947 2912; x_wconf 84' lang='grc' dir='ltr'>Ῥωμαίων</span> <span class='ocrx_word' id='word_1_311' title='bbox 982 2843 1250 2913; x_wconf 81' lang='grc' dir='ltr'>βασιλεῖς,</span> <span class='ocrx_word' id='word_1_312' title='bbox 1292 2846 1385 2898; x_wconf 79' lang='grc' dir='ltr'><strong>τὸν</strong></span> <span class='ocrx_word' id='word_1_313' title='bbox 1409 2846 1697 2917; x_wconf 79' lang='grc' dir='ltr'>ἐπικείμε-</span> 
     </span>
    </p>
   </div>
   <div class='ocr_carea' id='block_1_47' title="bbox 113 2927 1694 3003">
    <p class='ocr_par' dir='ltr' id='par_1_47' title="bbox 113 2927 1694 3003">
     <span class='ocr_line' id='line_1_47' title="bbox 113 2927 1694 3003; baseline 0.007 -24"><span class='ocrx_word' id='word_1_314' title='bbox 113 2944 205 2980; x_wconf 89' lang='grc' dir='ltr'><strong>νον</strong></span> <span class='ocrx_word' id='word_1_315' title='bbox 249 2929 705 3000; x_wconf 74' lang='grc' dir='ltr'>εἰσπραττόμενοι</span> <span class='ocrx_word' id='word_1_316' title='bbox 757 2933 946 3003; x_wconf 87' lang='grc' dir='ltr'>φόρον.</span> <span class='ocrx_word' id='word_1_317' title='bbox 994 2927 1155 2987; x_wconf 78' lang='grc' dir='ltr'>Οὗτοι</span> <span class='ocrx_word' id='word_1_318' title='bbox 1215 2934 1273 2986; x_wconf 87' lang='grc' dir='ltr'>δὲ</span> <span class='ocrx_word' id='word_1_319' title='bbox 1301 2935 1372 2989; x_wconf 87' lang='grc' dir='ltr'>τά</span> <span class='ocrx_word' id='word_1_320' title='bbox 1415 2937 1694 2990; x_wconf 77' lang='grc' dir='ltr'>Ἰουδαίων</span> 
     </span>
    </p>
   </div>
   <div class='ocr_carea' id='block_1_48' title="bbox 1875 1939 3386 2013">
    <p class='ocr_par' dir='ltr' id='par_1_48' title="bbox 1875 1939 3386 2013">
     <span class='ocr_line' id='line_1_48' title="bbox 1875 1939 3386 2013; baseline 0.005 -20"><span class='ocrx_word' id='word_1_321' title='bbox 1875 1939 2040 1994; x_wconf 71' lang='lat' dir='ltr'><strong>Vens.</strong></span> <span class='ocrx_word' id='word_1_322' title='bbox 2084 1939 2172 1994; x_wconf 77' lang='grc'><strong>10.</strong></span> <span class='ocrx_word' id='word_1_323' title='bbox 2219 1959 2237 1992; x_wconf 78' lang='grc' dir='ltr'><strong>ι</strong></span> <span class='ocrx_word' id='word_1_324' title='bbox 2275 1940 2542 1996; x_wconf 79' lang='lat' dir='ltr'><strong>Nutantes</strong></span> <span class='ocrx_word' id='word_1_325' title='bbox 2583 1941 2986 1996; x_wconf 80' lang='lat' dir='ltr'><strong>transferantur</strong></span> <span class='ocrx_word' id='word_1_326' title='bbox 3027 1943 3124 1997; x_wconf 88' lang='lat' dir='ltr'><strong>ﬁlii</strong></span> <span class='ocrx_word' id='word_1_327' title='bbox 3157 1944 3298 2013; x_wconf 80' lang='lat' dir='ltr'><strong>ejus,</strong></span> <span class='ocrx_word' id='word_1_328' title='bbox 3327 1953 3386 2000; x_wconf 90' lang='lat' dir='ltr'><strong>ct</strong></span> 
     </span>
    </p>
   </div>
   <div class='ocr_carea' id='block_1_49' title="bbox 1802 2033 3378 2103">
    <p class='ocr_par' dir='ltr' id='par_1_49' title="bbox 1802 2033 3378 2103">
     <span class='ocr_line' id='line_1_49' title="bbox 1802 2033 3378 2103; baseline 0.004 -19"><span class='ocrx_word' id='word_1_329' title='bbox 1802 2033 2147 2098; x_wconf 87' lang='lat' dir='ltr'><strong>mendicent,</strong></span> <span class='ocrx_word' id='word_1_330' title='bbox 2206 2042 2260 2086; x_wconf 93' lang='lat' dir='ltr'><strong>et</strong></span> <span class='ocrx_word' id='word_1_331' title='bbox 2314 2034 2601 2103; x_wconf 87' lang='lat' dir='ltr'><strong>ejiciantur</strong></span> <span class='ocrx_word' id='word_1_332' title='bbox 2656 2033 2724 2088; x_wconf 85' lang='lat' dir='ltr'><strong>de</strong></span> <span class='ocrx_word' id='word_1_333' title='bbox 2781 2034 2928 2089; x_wconf 88' lang='lat' dir='ltr'><strong>areis</strong></span> <span class='ocrx_word' id='word_1_334' title='bbox 2981 2035 3378 2090; x_wconf 84' lang='lat' dir='ltr'><strong>habitationum</strong></span> 
     </span>
    </p>
   </div>
   <div class='ocr_carea' id='block_1_50' title="bbox 1802 2127 3382 2201">
    <p class='ocr_par' dir='ltr' id='par_1_50' title="bbox 1802 2127 3382 2201">
     <span class='ocr_line' id='line_1_50' title="bbox 1802 2127 3382 2201; baseline 0.003 -21"><span class='ocrx_word' id='word_1_335' title='bbox 1802 2141 2058 2192; x_wconf 89' lang='lat' dir='ltr'><strong>suarum,</strong></span> <span class='ocrx_word' id='word_1_336' title='bbox 2094 2144 2114 2178; x_wconf 71' lang='grc' dir='ltr'>ι</span> <span class='ocrx_word' id='word_1_337' title='bbox 2144 2127 2231 2181; x_wconf 92' lang='lat' dir='ltr'><strong>vel</strong></span> <span class='ocrx_word' id='word_1_338' title='bbox 2261 2128 2559 2182; x_wconf 90' lang='lat' dir='ltr'><strong>secundum</strong></span> <span class='ocrx_word' id='word_1_339' title='bbox 2587 2128 2742 2192; x_wconf 88' lang='lat' dir='ltr'><strong>alios,</strong></span> <span class='ocrx_word' id='word_1_340' title='bbox 2766 2142 2832 2180; x_wconf 78' lang='lat' dir='ltr'><strong>ea:</strong></span> <span class='ocrx_word' id='word_1_341' title='bbox 2860 2127 3135 2181; x_wconf 81' lang='lat' dir='ltr'><strong>ruderibus</strong></span> <span class='ocrx_word' id='word_1_342' title='bbox 3165 2129 3382 2201; x_wconf 68' lang='grc'><strong>1384</strong></span> 
     </span>
    </p>
   </div>
   <div class='ocr_carea' id='block_1_51' title="bbox 1801 2216 3380 2283">
    <p class='ocr_par' dir='ltr' id='par_1_51' title="bbox 1801 2216 3380 2283">
     <span class='ocr_line' id='line_1_51' title="bbox 1801 2216 3380 2283; baseline 0.004 -15"><span class='ocrx_word' id='word_1_343' title='bbox 1801 2217 1931 2270; x_wconf 80' lang='lat' dir='ltr'><strong>suis.</strong></span> <span class='ocrx_word' id='word_1_344' title='bbox 1980 2216 2226 2272; x_wconf 89' lang='lat' dir='ltr'><strong>lucensis</strong></span> <span class='ocrx_word' id='word_1_345' title='bbox 2267 2218 2412 2272; x_wconf 87' lang='lat' dir='ltr'><strong>enim</strong></span> <span class='ocrx_word' id='word_1_346' title='bbox 2461 2217 2746 2283; x_wconf 87' lang='lat' dir='ltr'><strong>domibus,</strong></span> <span class='ocrx_word' id='word_1_347' title='bbox 2790 2225 2844 2272; x_wconf 90' lang='lat' dir='ltr'><strong>et</strong></span> <span class='ocrx_word' id='word_1_348' title='bbox 2885 2218 3050 2283; x_wconf 88' lang='lat' dir='ltr'><strong>areis,</strong></span> <span class='ocrx_word' id='word_1_349' title='bbox 3094 2220 3178 2272; x_wconf 87' lang='lat' dir='ltr'><strong>vel</strong></span> <span class='ocrx_word' id='word_1_350' title='bbox 3217 2221 3380 2275; x_wconf 87' lang='lat' dir='ltr'><strong>rude-</strong></span> 
     </span>
    </p>
   </div>
   <div class='ocr_carea' id='block_1_52' title="bbox 1800 2306 3378 2376">
    <p class='ocr_par' dir='ltr' id='par_1_52' title="bbox 1800 2306 3378 2376">
     <span class='ocr_line' id='line_1_52' title="bbox 1800 2306 3378 2376; baseline 0.003 -18"><span class='ocrx_word' id='word_1_351' title='bbox 1800 2306 1956 2362; x_wconf 88' lang='lat' dir='ltr'><strong>ribus</strong></span> <span class='ocrx_word' id='word_1_352' title='bbox 2005 2308 2231 2373; x_wconf 86' lang='lat' dir='ltr'><strong>relictis,</strong></span> <span class='ocrx_word' id='word_1_353' title='bbox 2261 2323 2327 2362; x_wconf 66' lang='grc' dir='ltr'>ετ</span> <span class='ocrx_word' id='word_1_354' title='bbox 2377 2309 2774 2364; x_wconf 86' lang='lat' dir='ltr'><strong>habitatoribus</strong></span> <span class='ocrx_word' id='word_1_355' title='bbox 2803 2307 2896 2362; x_wconf 88' lang='lat' dir='ltr'><strong>alii</strong></span> <span class='ocrx_word' id='word_1_356' title='bbox 2927 2309 3076 2376; x_wconf 62' lang='lat' dir='ltr'><strong>cassi,</strong></span> <span class='ocrx_word' id='word_1_357' title='bbox 3125 2309 3217 2364; x_wconf 85' lang='lat' dir='ltr'><strong>alii</strong></span> <span class='ocrx_word' id='word_1_358' title='bbox 3251 2325 3378 2365; x_wconf 83' lang='lat' dir='ltr'><strong>vero</strong></span> 
     </span>
    </p>
   </div>
   <div class='ocr_carea' id='block_1_53' title="bbox 1801 2399 2455 2468">
    <p class='ocr_par' dir='ltr' id='par_1_53' title="bbox 1801 2399 2455 2468">
     <span class='ocr_line' id='line_1_53' title="bbox 1801 2399 2455 2468; baseline 0.006 -16"><span class='ocrx_word' id='word_1_359' title='bbox 1801 2399 1997 2468; x_wconf 83' lang='lat' dir='ltr'><strong>captivi</strong></span> <span class='ocrx_word' id='word_1_360' title='bbox 2028 2399 2243 2456; x_wconf 88' lang='lat' dir='ltr'><strong>abducti</strong></span> <span class='ocrx_word' id='word_1_361' title='bbox 2279 2400 2455 2456; x_wconf 83' lang='lat' dir='ltr'><strong>fuere.</strong></span> 
     </span>
    </p>
   </div>
   <div class='ocr_carea' id='block_1_54' title="bbox 1871 2578 3379 2638">
    <p class='ocr_par' dir='ltr' id='par_1_54' title="bbox 1871 2578 3379 2638">
     <span class='ocr_line' id='line_1_54' title="bbox 1871 2578 3379 2638; baseline -0.002 -2"><span class='ocrx_word' id='word_1_362' title='bbox 1871 2581 2036 2638; x_wconf 80' lang='lat' dir='ltr'><strong>Vens.</strong></span> <span class='ocrx_word' id='word_1_363' title='bbox 2087 2582 2176 2637; x_wconf 81' lang='lat' dir='ltr'><strong>H.</strong></span> <span class='ocrx_word' id='word_1_364' title='bbox 2245 2599 2266 2633; x_wconf 72' lang='grc' dir='ltr'>ι</span> <span class='ocrx_word' id='word_1_365' title='bbox 2311 2581 2599 2638; x_wconf 90' lang='lat' dir='ltr'><strong>Scrutetur</strong></span> <span class='ocrx_word' id='word_1_366' title='bbox 2648 2580 2930 2638; x_wconf 81' lang='lat' dir='ltr'><strong>fenerator</strong></span> <span class='ocrx_word' id='word_1_367' title='bbox 2972 2593 3194 2635; x_wconf 89' lang='lat' dir='ltr'><strong>omnem</strong></span> <span class='ocrx_word' id='word_1_368' title='bbox 3247 2578 3379 2635; x_wconf 89' lang='lat' dir='ltr'><strong>sub-</strong></span> 
     </span>
    </p>
   </div>
   <div class='ocr_carea' id='block_1_55' title="bbox 1800 2669 3368 2745">
    <p class='ocr_par' dir='ltr' id='par_1_55' title="bbox 1800 2669 3368 2745">
     <span class='ocr_line' id='line_1_55' title="bbox 1800 2669 3368 2745; baseline -0.004 -15"><span class='ocrx_word' id='word_1_369' title='bbox 1800 2675 2056 2730; x_wconf 88' lang='lat' dir='ltr'><strong>stantiam</strong></span> <span class='ocrx_word' id='word_1_370' title='bbox 2089 2673 2230 2744; x_wconf 85' lang='lat' dir='ltr'><strong>ejus.</strong></span> <span class='ocrx_word' id='word_1_371' title='bbox 2259 2692 2278 2726; x_wconf 84' lang='grc'>›</span> <span class='ocrx_word' id='word_1_372' title='bbox 2314 2672 2678 2745; x_wconf 89' lang='lat' dir='ltr'><strong>Symmachus</strong></span> <span class='ocrx_word' id='word_1_373' title='bbox 2711 2681 2893 2728; x_wconf 88' lang='lat' dir='ltr'><strong>autem</strong></span> <span class='ocrx_word' id='word_1_374' title='bbox 2927 2672 3047 2728; x_wconf 90' lang='lat' dir='ltr'><strong>sic:</strong></span> <span class='ocrx_word' id='word_1_375' title='bbox 3085 2669 3368 2726; x_wconf 83' lang='lat' dir='ltr'><strong>Concutiat</strong></span> 
     </span>
    </p>
   </div>
   <div class='ocr_carea' id='block_1_56' title="bbox 1799 2765 3375 2837">
    <p class='ocr_par' dir='ltr' id='par_1_56' title="bbox 1799 2765 3375 2837">
     <span class='ocr_line' id='line_1_56' title="bbox 1799 2765 3375 2837; baseline -0.003 -17"><span class='ocrx_word' id='word_1_376' title='bbox 1799 2776 2015 2820; x_wconf 72' lang='lat' dir='ltr'><strong>exactor</strong></span> <span class='ocrx_word' id='word_1_377' title='bbox 2059 2767 2235 2820; x_wconf 83' lang='lat' dir='ltr'><strong>omnia</strong></span> <span class='ocrx_word' id='word_1_378' title='bbox 2280 2783 2397 2837; x_wconf 79' lang='lat' dir='ltr'><strong>qua:</strong></span> <span class='ocrx_word' id='word_1_379' title='bbox 2442 2774 2566 2820; x_wconf 82' lang='lat' dir='ltr'><strong>sunt</strong></span> <span class='ocrx_word' id='word_1_380' title='bbox 2611 2766 2800 2832; x_wconf 74' lang='lat' dir='ltr'><strong>ipsius.</strong></span> <span class='ocrx_word' id='word_1_381' title='bbox 2847 2765 3146 2820; x_wconf 81' lang='lat' dir='ltr'><strong>Exactores</strong></span> <span class='ocrx_word' id='word_1_382' title='bbox 3191 2771 3375 2818; x_wconf 90' lang='lat' dir='ltr'><strong>autem</strong></span> 
     </span>
    </p>
   </div>
   <div class='ocr_carea' id='block_1_57' title="bbox 1799 2855 3372 2930">
    <p class='ocr_par' dir='ltr' id='par_1_57' title="bbox 1799 2855 3372 2930">
     <span class='ocr_line' id='line_1_57' title="bbox 1799 2855 3372 2930; baseline -0.004 -16"><span class='ocrx_word' id='word_1_383' title='bbox 1799 2869 1928 2915; x_wconf 87' lang='lat' dir='ltr'><strong>sunt</strong></span> <span class='ocrx_word' id='word_1_384' title='bbox 1959 2875 2112 2930; x_wconf 78' lang='lat' dir='ltr'><strong>reges</strong></span> <span class='ocrx_word' id='word_1_385' title='bbox 2147 2859 2538 2924; x_wconf 80' lang='lat' dir='ltr'><strong>Romanorum,</strong></span> <span class='ocrx_word' id='word_1_386' title='bbox 2585 2858 2867 2929; x_wconf 78' lang='lat' dir='ltr'><strong>exigentes</strong></span> <span class='ocrx_word' id='word_1_387' title='bbox 2916 2855 3234 2926; x_wconf 88' lang='lat' dir='ltr'><strong>impositum</strong></span> <span class='ocrx_word' id='word_1_388' title='bbox 3268 2855 3372 2908; x_wconf 84' lang='lat' dir='ltr'><strong>tri-</strong></span> 
     </span>
    </p>
   </div>
   <div class='ocr_carea' id='block_1_58' title="bbox 1799 2943 3374 3016">
    <p class='ocr_par' dir='ltr' id='par_1_58' title="bbox 1799 2943 3374 3016">
     <span class='ocr_line' id='line_1_58' title="bbox 1799 2943 3374 3016; baseline -0.004 -12"><span class='ocrx_word' id='word_1_389' title='bbox 1799 2949 2012 3004; x_wconf 90' lang='lat' dir='ltr'><strong>butum.</strong></span> <span class='ocrx_word' id='word_1_390' title='bbox 2043 2950 2109 3004; x_wconf 84' lang='lat' dir='ltr'><strong>lli</strong></span> <span class='ocrx_word' id='word_1_391' title='bbox 2142 2964 2269 3005; x_wconf 86' lang='lat' dir='ltr'><strong>vero</strong></span> <span class='ocrx_word' id='word_1_392' title='bbox 2299 2958 2467 3004; x_wconf 89' lang='lat' dir='ltr'><strong>totam</strong></span> <span class='ocrx_word' id='word_1_393' title='bbox 2506 2947 2822 3004; x_wconf 68' lang='lat' dir='ltr'><strong>Judaaorum</strong></span> <span class='ocrx_word' id='word_1_394' title='bbox 2863 2947 3211 3016; x_wconf 89' lang='lat' dir='ltr'><strong>diripuerunt</strong></span> <span class='ocrx_word' id='word_1_395' title='bbox 3244 2943 3374 2999; x_wconf 82' lang='lat' dir='ltr'><strong>sub-</strong></span> 
     </span>
    </p>
   </div>
   <div class='ocr_carea' id='block_1_59' title="bbox 114 3014 1697 3126">
    <p class='ocr_par' dir='ltr' id='par_1_59' title="bbox 114 3014 1696 3094">
     <span class='ocr_line' id='line_1_59' title="bbox 114 3014 1696 3094; baseline 0.008 -28"><span class='ocrx_word' id='word_1_396' title='bbox 114 3014 429 3086; x_wconf 81' lang='grc' dir='ltr'>διήρπασαν</span> <span class='ocrx_word' id='word_1_397' title='bbox 477 3018 716 3085; x_wconf 76' lang='grc' dir='ltr'>ἅπαντα,</span> <span class='ocrx_word' id='word_1_398' title='bbox 770 3021 1016 3092; x_wconf 81' lang='grc' dir='ltr'>ἀκριϐῶς</span> <span class='ocrx_word' id='word_1_399' title='bbox 1055 3023 1472 3094; x_wconf 78' lang='grc' dir='ltr'>ἐρευνήσαντες,</span> <span class='ocrx_word' id='word_1_400' title='bbox 1503 3027 1580 3090; x_wconf 83' lang='grc' dir='ltr'>ὡς</span> <span class='ocrx_word' id='word_1_401' title='bbox 1600 3029 1696 3081; x_wconf 77' lang='grc' dir='ltr'>καὶ</span> 
     </span>
    </p>
   </div>
   <div class='ocr_carea' id='block_1_60' title="bbox 1815 3014 3373 3126">
    <p class='ocr_par' dir='ltr' id='par_1_60' title="bbox 1815 3037 3373 3112">
     <span class='ocr_line' id='line_1_60' title="bbox 1815 3037 3373 3112; baseline -0.003 -16"><span class='ocrx_word' id='word_1_402' title='bbox 1815 3043 2078 3108; x_wconf 69' lang='lat' dir='ltr'><strong>stantiam,</strong></span> <span class='ocrx_word' id='word_1_403' title='bbox 2109 3042 2396 3112; x_wconf 80' lang='lat' dir='ltr'><strong>diligenter</strong></span> <span class='ocrx_word' id='word_1_404' title='bbox 2426 3047 2760 3106; x_wconf 80' lang='lat' dir='ltr'><strong>scrutantes,</strong></span> <span class='ocrx_word' id='word_1_405' title='bbox 2793 3049 2854 3094; x_wconf 94' lang='lat' dir='ltr'><strong>ut</strong></span> <span class='ocrx_word' id='word_1_406' title='bbox 2886 3047 2941 3092; x_wconf 89' lang='lat' dir='ltr'><strong>et</strong></span> <span class='ocrx_word' id='word_1_407' title='bbox 2979 3037 3193 3094; x_wconf 89' lang='lat' dir='ltr'><strong>occulta</strong></span> <span class='ocrx_word' id='word_1_408' title='bbox 3219 3037 3373 3091; x_wconf 89' lang='lat' dir='ltr'><strong>inve-</strong></span> 
     </span>
    </p>
   </div>
   <div class='ocr_carea' id='block_1_61' title="bbox 113 3105 1516 3186">
    <p class='ocr_par' dir='ltr' id='par_1_61' title="bbox 113 3105 1516 3186">
     <span class='ocr_line' id='line_1_61' title="bbox 113 3105 1516 3186; baseline 0.008 -28"><span class='ocrx_word' id='word_1_409' title='bbox 113 3105 184 3158; x_wconf 80' lang='grc' dir='ltr'>τὰ</span> <span class='ocrx_word' id='word_1_410' title='bbox 215 3108 580 3178; x_wconf 80' lang='grc' dir='ltr'>κεκρυμμένα</span> <span class='ocrx_word' id='word_1_411' title='bbox 606 3109 789 3181; x_wconf 81' lang='grc' dir='ltr'>εὑρεῖν</span> <span class='ocrx_word' id='word_1_412' title='bbox 821 3127 882 3163; x_wconf 88' lang='grc' dir='ltr'>τε</span> <span class='ocrx_word' id='word_1_413' title='bbox 937 3111 1033 3165; x_wconf 77' lang='grc' dir='ltr'>καὶ</span> <span class='ocrx_word' id='word_1_414' title='bbox 1067 3115 1516 3186; x_wconf 85' lang='grc' dir='ltr'>σφετερίσασθαι.</span> 
     </span>
    </p>
   </div>
   <div class='ocr_carea' id='block_1_62' title="bbox 192 3199 1690 3274">
    <p class='ocr_par' dir='ltr' id='par_1_62' title="bbox 192 3199 1690 3274">
     <span class='ocr_line' id='line_1_62' title="bbox 192 3199 1690 3274; baseline 0.007 -24"><span class='ocrx_word' id='word_1_415' title='bbox 192 3216 214 3250; x_wconf 70' lang='grc' dir='ltr'>ι</span> <span class='ocrx_word' id='word_1_416' title='bbox 250 3199 362 3251; x_wconf 76' lang='grc' dir='ltr'><strong>Καὶ</strong></span> <span class='ocrx_word' id='word_1_417' title='bbox 390 3199 859 3270; x_wconf 87' lang='grc' dir='ltr'>διαρπασάτωσαν</span> <span class='ocrx_word' id='word_1_418' title='bbox 888 3202 1166 3274; x_wconf 89' lang='grc' dir='ltr'>ἀλλότριοι</span> <span class='ocrx_word' id='word_1_419' title='bbox 1196 3206 1322 3270; x_wconf 84' lang='grc' dir='ltr'>τοὺς</span> <span class='ocrx_word' id='word_1_420' title='bbox 1359 3206 1556 3270; x_wconf 92' lang='grc' dir='ltr'>πόνους</span> <span class='ocrx_word' id='word_1_421' title='bbox 1589 3207 1690 3261; x_wconf 81' lang='grc' dir='ltr'><strong>αὐ-</strong></span> 
     </span>
    </p>
   </div>
   <div class='ocr_carea' id='block_1_63' title="bbox 1795 3131 3296 3197">
    <p class='ocr_par' dir='ltr' id='par_1_63' title="bbox 1795 3131 3296 3197">
     <span class='ocr_line' id='line_1_63' title="bbox 1795 3131 3296 3197; baseline 0.001 -11"><span class='ocrx_word' id='word_1_422' title='bbox 1795 3132 1998 3197; x_wconf 87' lang='lat' dir='ltr'><strong>nireut,</strong></span> <span class='ocrx_word' id='word_1_423' title='bbox 2038 3142 2093 3187; x_wconf 90' lang='lat' dir='ltr'><strong>et</strong></span> <span class='ocrx_word' id='word_1_424' title='bbox 2123 3133 2227 3187; x_wconf 82' lang='lat' dir='ltr'><strong>sibi</strong></span> <span class='ocrx_word' id='word_1_425' title='bbox 2262 3131 2623 3187; x_wconf 86' lang='lat' dir='ltr'><strong>vindicarent.</strong></span> <span class='ocrx_word' id='word_1_426' title='bbox 3289 3180 3296 3188; x_wconf 95' lang='lat'><strong>.</strong></span> 
     </span>
    </p>
   </div>
   <div class='ocr_carea' id='block_1_64' title="bbox 1870 3216 3372 3294">
    <p class='ocr_par' dir='ltr' id='par_1_64' title="bbox 1870 3216 3372 3294">
     <span class='ocr_line' id='line_1_64' title="bbox 1870 3216 3372 3294; baseline -0.003 -20"><span class='ocrx_word' id='word_1_427' title='bbox 1870 3241 1888 3274; x_wconf 79' lang='grc' dir='ltr'>ι</span> <span class='ocrx_word' id='word_1_428' title='bbox 1925 3222 1992 3277; x_wconf 84' lang='grc' dir='ltr'>Ει</span> <span class='ocrx_word' id='word_1_429' title='bbox 2036 3223 2298 3294; x_wconf 89' lang='lat' dir='ltr'><strong>diripiant</strong></span> <span class='ocrx_word' id='word_1_430' title='bbox 2354 3223 2514 3277; x_wconf 90' lang='lat' dir='ltr'><strong>alieni</strong></span> <span class='ocrx_word' id='word_1_431' title='bbox 2569 3221 2785 3277; x_wconf 84' lang='lat' dir='ltr'><strong>labores</strong></span> <span class='ocrx_word' id='word_1_432' title='bbox 2835 3220 2976 3290; x_wconf 84' lang='lat' dir='ltr'><strong>ejus.</strong></span> <span class='ocrx_word' id='word_1_433' title='bbox 3020 3218 3215 3292; x_wconf 77' lang='lat' dir='ltr'><strong>[VEBS.</strong></span> <span class='ocrx_word' id='word_1_434' title='bbox 3259 3216 3372 3290; x_wconf 70' lang='lat'><strong>12.]</strong></span> 
     </span>
    </p>
   </div>
   <div class='ocr_carea' id='block_1_65' title="bbox 113 3286 1697 3384">
    <p class='ocr_par' dir='ltr' id='par_1_65' title="bbox 113 3286 1696 3370">
     <span class='ocr_line' id='line_1_65' title="bbox 113 3286 1696 3370; baseline 0.007 -29"><span class='ocrx_word' id='word_1_435' title='bbox 113 3287 236 3342; x_wconf 81' lang='grc' dir='ltr'>τοῦ.</span> <span class='ocrx_word' id='word_1_436' title='bbox 271 3286 401 3362; x_wconf 78' lang='grc' dir='ltr'><strong>[ιβ.]</strong></span> <span class='ocrx_word' id='word_1_437' title='bbox 430 3291 520 3361; x_wconf 84' lang='grc' dir='ltr'><strong>Μὴ</strong></span> <span class='ocrx_word' id='word_1_438' title='bbox 559 3291 858 3364; x_wconf 78' lang='grc' dir='ltr'>ὑπαρξάτω</span> <span class='ocrx_word' id='word_1_439' title='bbox 890 3293 1038 3364; x_wconf 84' lang='grc' dir='ltr'>αὐτῷ</span> <span class='ocrx_word' id='word_1_440' title='bbox 1068 3296 1418 3370; x_wconf 84' lang='grc' dir='ltr'>ἀντιλήπτωρ</span> <span class='ocrx_word' id='word_1_441' title='bbox 1448 3298 1517 3364; x_wconf 72' lang='grc'><strong>³⁸,</strong></span> <span class='ocrx_word' id='word_1_442' title='bbox 1562 3299 1696 3370; x_wconf 84' lang='grc' dir='ltr'>μηδὲ</span> 
     </span>
    </p>
   </div>
   <div class='ocr_carea' id='block_1_66' title="bbox 1815 3286 3377 3384">
    <p class='ocr_par' dir='ltr' id='par_1_66' title="bbox 1815 3286 3377 3384">
     <span class='ocr_line' id='line_1_66' title="bbox 1815 3286 3377 3384; baseline -0.001 -18"><span class='ocrx_word' id='word_1_443' title='bbox 1815 3311 1914 3368; x_wconf 63' lang='grc' dir='ltr'><strong>Ἱοη</strong></span> <span class='ocrx_word' id='word_1_444' title='bbox 1947 3315 2020 3369; x_wconf 90' lang='lat' dir='ltr'><strong>sit</strong></span> <span class='ocrx_word' id='word_1_445' title='bbox 2054 3314 2134 3368; x_wconf 91' lang='lat' dir='ltr'><strong>illi</strong></span> <span class='ocrx_word' id='word_1_446' title='bbox 2148 3286 2404 3384; x_wconf 44' lang='lat' dir='ltr'><strong>-adjutor,</strong></span> <span class='ocrx_word' id='word_1_447' title='bbox 2434 3328 2534 3370; x_wconf 90' lang='lat' dir='ltr'><strong>nec</strong></span> <span class='ocrx_word' id='word_1_448' title='bbox 2561 3314 2632 3369; x_wconf 90' lang='lat' dir='ltr'><strong>sit</strong></span> <span class='ocrx_word' id='word_1_449' title='bbox 2658 3313 2752 3384; x_wconf 89' lang='lat' dir='ltr'><strong>qui</strong></span> <span class='ocrx_word' id='word_1_450' title='bbox 2784 3313 3112 3367; x_wconf 89' lang='lat' dir='ltr'><strong>misereatur</strong></span> <span class='ocrx_word' id='word_1_451' title='bbox 3140 3311 3377 3380; x_wconf 74' lang='lat' dir='ltr'><strong>pupillo—</strong></span> 
     </span>
    </p>
   </div>
   <div class='ocr_carea' id='block_1_67' title="bbox 115 3377 1696 3453">
    <p class='ocr_par' dir='ltr' id='par_1_67' title="bbox 115 3377 1696 3453">
     <span class='ocr_line' id='line_1_67' title="bbox 115 3377 1696 3453; baseline 0.007 -26"><span class='ocrx_word' id='word_1_452' title='bbox 115 3377 406 3447; x_wconf 82' lang='grc' dir='ltr'>γενηθήτω</span> <span class='ocrx_word' id='word_1_453' title='bbox 436 3380 740 3450; x_wconf 86' lang='grc' dir='ltr'>οἰκτίρμων</span> <span class='ocrx_word' id='word_1_454' title='bbox 767 3382 882 3445; x_wconf 82' lang='grc' dir='ltr'>τοῖς</span> <span class='ocrx_word' id='word_1_455' title='bbox 911 3383 1166 3453; x_wconf 85' lang='grc' dir='ltr'>ὀρφανοῖς</span> <span class='ocrx_word' id='word_1_456' title='bbox 1189 3383 1378 3438; x_wconf 82' lang='grc' dir='ltr'>αὐτοῦ.</span> <span class='ocrx_word' id='word_1_457' title='bbox 1417 3405 1436 3438; x_wconf 75' lang='grc' dir='ltr'>ι</span> <span class='ocrx_word' id='word_1_458' title='bbox 1478 3385 1696 3439; x_wconf 88' lang='grc' dir='ltr'>Τούτων</span> 
     </span>
    </p>
   </div>
   <div class='ocr_carea' id='block_1_68' title="bbox 115 3467 1692 3547">
    <p class='ocr_par' dir='ltr' id='par_1_68' title="bbox 115 3467 1692 3547">
     <span class='ocr_line' id='line_1_68' title="bbox 115 3467 1692 3547; baseline 0.006 -28"><span class='ocrx_word' id='word_1_459' title='bbox 115 3467 171 3519; x_wconf 81' lang='grc' dir='ltr'>δὲ</span> <span class='ocrx_word' id='word_1_460' title='bbox 220 3469 543 3538; x_wconf 85' lang='grc' dir='ltr'>γινομένων,</span> <span class='ocrx_word' id='word_1_461' title='bbox 590 3469 687 3523; x_wconf 77' lang='grc' dir='ltr'><strong>καὶ</strong></span> <span class='ocrx_word' id='word_1_462' title='bbox 717 3470 826 3524; x_wconf 86' lang='grc' dir='ltr'><strong>τῶν</strong></span> <span class='ocrx_word' id='word_1_463' title='bbox 859 3472 1134 3542; x_wconf 88' lang='grc' dir='ltr'>πολεμίων</span> <span class='ocrx_word' id='word_1_464' title='bbox 1161 3475 1231 3527; x_wconf 67' lang='grc' dir='ltr'>τὰ</span> <span class='ocrx_word' id='word_1_465' title='bbox 1260 3474 1475 3538; x_wconf 87' lang='grc' dir='ltr'>τούτοις</span> <span class='ocrx_word' id='word_1_466' title='bbox 1503 3493 1692 3547; x_wconf 86' lang='grc' dir='ltr'>προσ-</span> 
     </span>
    </p>
   </div>
   <div class='ocr_carea' id='block_1_69' title="bbox 116 3558 1696 3639">
    <p class='ocr_par' dir='ltr' id='par_1_69' title="bbox 116 3558 1696 3639">
     <span class='ocr_line' id='line_1_69' title="bbox 116 3558 1696 3639; baseline 0.008 -28"><span class='ocrx_word' id='word_1_467' title='bbox 116 3558 324 3630; x_wconf 85' lang='grc' dir='ltr'>ήκοντα</span> <span class='ocrx_word' id='word_1_468' title='bbox 390 3560 819 3632; x_wconf 85' lang='grc' dir='ltr'>διανεμομένων,</span> <span class='ocrx_word' id='word_1_469' title='bbox 887 3563 1062 3628; x_wconf 78' lang='grc' dir='ltr'>οὐδεὶς</span> <span class='ocrx_word' id='word_1_470' title='bbox 1137 3565 1322 3631; x_wconf 73' lang='grc' dir='ltr'>αὐτοῖς</span> <span class='ocrx_word' id='word_1_471' title='bbox 1399 3569 1696 3639; x_wconf 73' lang='grc' dir='ltr'>ἐπίκουρος</span> 
     </span>
    </p>
   </div>
   <div class='ocr_carea' id='block_1_70' title="bbox 120 3649 1697 3733">
    <p class='ocr_par' dir='ltr' id='par_1_70' title="bbox 120 3649 1697 3733">
     <span class='ocr_line' id='line_1_70' title="bbox 120 3649 1697 3733; baseline 0.008 -30"><span class='ocrx_word' id='word_1_472' title='bbox 120 3649 296 3720; x_wconf 76' lang='grc' dir='ltr'>ἔσται,</span> <span class='ocrx_word' id='word_1_473' title='bbox 347 3652 468 3707; x_wconf 80' lang='grc' dir='ltr'>οὐδὲ</span> <span class='ocrx_word' id='word_1_474' title='bbox 515 3653 734 3724; x_wconf 82' lang='grc' dir='ltr'>φειδοῦς</span> <span class='ocrx_word' id='word_1_475' title='bbox 782 3654 962 3710; x_wconf 86' lang='grc' dir='ltr'>αὐτῶν</span> <span class='ocrx_word' id='word_1_476' title='bbox 1015 3658 1066 3710; x_wconf 87' lang='grc' dir='ltr'><strong>οἰ</strong></span> <span class='ocrx_word' id='word_1_477' title='bbox 1122 3659 1310 3725; x_wconf 84' lang='grc' dir='ltr'>παῖδες</span> <span class='ocrx_word' id='word_1_478' title='bbox 1365 3659 1697 3733; x_wconf 80' lang='grc' dir='ltr'>ἀξιωθήσον-</span> 
     </span>
    </p>
   </div>
   <div class='ocr_carea' id='block_1_71' title="bbox 119 3758 230 3797">
    <p class='ocr_par' dir='ltr' id='par_1_71' title="bbox 119 3758 230 3797">
     <span class='ocr_line' id='line_1_71' title="bbox 119 3758 230 3797; baseline 0.027 -3"><span class='ocrx_word' id='word_1_479' title='bbox 119 3758 230 3797; x_wconf 84' lang='grc' dir='ltr'>ται.</span> 
     </span>
    </p>
   </div>
   <div class='ocr_carea' id='block_1_72' title="bbox 192 3830 1696 3914">
    <p class='ocr_par' dir='ltr' id='par_1_72' title="bbox 192 3830 1696 3914">
     <span class='ocr_line' id='line_1_72' title="bbox 192 3830 1696 3914; baseline 0.008 -28"><span class='ocrx_word' id='word_1_480' title='bbox 192 3830 284 3900; x_wconf 81' lang='grc' dir='ltr'>ιγ’.</span> <span class='ocrx_word' id='word_1_481' title='bbox 340 3852 359 3884; x_wconf 87' lang='grc'><em>‹</em></span> <span class='ocrx_word' id='word_1_482' title='bbox 415 3833 710 3907; x_wconf 81' lang='grc' dir='ltr'>Γενηθήτω</span> <span class='ocrx_word' id='word_1_483' title='bbox 747 3836 817 3890; x_wconf 89' lang='grc' dir='ltr'>τά</span> <span class='ocrx_word' id='word_1_484' title='bbox 864 3836 1029 3892; x_wconf 81' lang='grc' dir='ltr'>τέκνα</span> <span class='ocrx_word' id='word_1_485' title='bbox 1061 3838 1224 3894; x_wconf 80' lang='grc' dir='ltr'>αὐτοῦ</span> <span class='ocrx_word' id='word_1_486' title='bbox 1268 3842 1348 3905; x_wconf 84' lang='grc' dir='ltr'><strong>εἰς</strong></span> <span class='ocrx_word' id='word_1_487' title='bbox 1382 3841 1696 3914; x_wconf 79' lang='grc' dir='ltr'>ὲξολόθρευ-</span> 
     </span>
    </p>
   </div>
   <div class='ocr_carea' id='block_1_73' title="bbox 123 3923 1690 4001">
    <p class='ocr_par' dir='ltr' id='par_1_73' title="bbox 123 3923 1690 4001">
     <span class='ocr_line' id='line_1_73' title="bbox 123 3923 1690 4001; baseline 0.008 -28"><span class='ocrx_word' id='word_1_488' title='bbox 123 3939 229 3987; x_wconf 89' lang='grc' dir='ltr'>σιν,</span> <span class='ocrx_word' id='word_1_489' title='bbox 275 3923 335 3975; x_wconf 73' lang='grc' dir='ltr'>ἐν</span> <span class='ocrx_word' id='word_1_490' title='bbox 358 3925 523 3995; x_wconf 83' lang='grc' dir='ltr'>γενεᾷ</span> <span class='ocrx_word' id='word_1_491' title='bbox 557 3927 658 3998; x_wconf 79' lang='grc' dir='ltr'>μιᾷ</span> <span class='ocrx_word' id='word_1_492' title='bbox 686 3928 732 3960; x_wconf 72' lang='grc'>⁸⁸</span> <span class='ocrx_word' id='word_1_493' title='bbox 754 3927 1104 4001; x_wconf 81' lang='grc' dir='ltr'>ἐξαλειφθείη</span> <span class='ocrx_word' id='word_1_494' title='bbox 1144 3929 1204 3983; x_wconf 80' lang='grc' dir='ltr'>τὸ</span> <span class='ocrx_word' id='word_1_495' title='bbox 1241 3929 1412 4001; x_wconf 75' lang='grc' dir='ltr'>ὄνομα</span> <span class='ocrx_word' id='word_1_496' title='bbox 1448 3931 1638 3988; x_wconf 81' lang='grc' dir='ltr'>αὐτοῦ.</span> <span class='ocrx_word' id='word_1_497' title='bbox 1670 3952 1690 3986; x_wconf 71' lang='grc' dir='ltr'>ι</span> 
     </span>
    </p>
   </div>
   <div class='ocr_carea' id='block_1_74' title="bbox 123 4014 1699 4089">
    <p class='ocr_par' dir='ltr' id='par_1_74' title="bbox 123 4014 1699 4089">
     <span class='ocr_line' id='line_1_74' title="bbox 123 4014 1699 4089; baseline 0.008 -24"><span class='ocrx_word' id='word_1_498' title='bbox 123 4014 546 4085; x_wconf 83' lang='grc' dir='ltr'>Τεσσαράκοντα</span> <span class='ocrx_word' id='word_1_499' title='bbox 595 4017 705 4089; x_wconf 83' lang='grc' dir='ltr'><strong>γὰρ</strong></span> <span class='ocrx_word' id='word_1_500' title='bbox 749 4019 810 4071; x_wconf 83' lang='grc' dir='ltr'>οὐ</span> <span class='ocrx_word' id='word_1_501' title='bbox 859 4019 1178 4077; x_wconf 87' lang='grc' dir='ltr'>διελθόντων</span> <span class='ocrx_word' id='word_1_502' title='bbox 1214 4022 1501 4088; x_wconf 81' lang='grc' dir='ltr'>ἐνιαυτῶν,</span> <span class='ocrx_word' id='word_1_503' title='bbox 1561 4042 1699 4078; x_wconf 84' lang='grc' dir='ltr'>παν-</span> 
     </span>
    </p>
   </div>
   <div class='ocr_carea' id='block_1_75' title="bbox 121 4106 1698 4179">
    <p class='ocr_par' dir='ltr' id='par_1_75' title="bbox 121 4106 1698 4179">
     <span class='ocr_line' id='line_1_75' title="bbox 121 4106 1698 4179; baseline 0.009 -22"><span class='ocrx_word' id='word_1_504' title='bbox 121 4106 392 4177; x_wconf 87' lang='grc' dir='ltr'>ωλεθρίαν</span> <span class='ocrx_word' id='word_1_505' title='bbox 442 4107 738 4179; x_wconf 81' lang='grc' dir='ltr'>ὑπέμεινεν</span> <span class='ocrx_word' id='word_1_506' title='bbox 763 4111 793 4164; x_wconf 88' lang='grc' dir='ltr'>ό</span> <span class='ocrx_word' id='word_1_507' title='bbox 833 4111 1101 4167; x_wconf 77' lang='grc' dir='ltr'>Ἰουδαίων</span> <span class='ocrx_word' id='word_1_508' title='bbox 1148 4112 1297 4178; x_wconf 83' lang='grc' dir='ltr'>λαὸς,</span> <span class='ocrx_word' id='word_1_509' title='bbox 1349 4115 1444 4169; x_wconf 67' lang='grc' dir='ltr'><strong>καὶ⁴</strong></span> <span class='ocrx_word' id='word_1_510' title='bbox 1477 4116 1578 4170; x_wconf 81' lang='grc' dir='ltr'>οὐκ</span> <span class='ocrx_word' id='word_1_511' title='bbox 1615 4115 1698 4171; x_wconf 76' lang='grc' dir='ltr'><strong>ἔτι</strong></span> 
     </span>
    </p>
   </div>
   <div class='ocr_carea' id='block_1_76' title="bbox 123 4195 1699 4278">
    <p class='ocr_par' dir='ltr' id='par_1_76' title="bbox 123 4195 1699 4278">
     <span class='ocr_line' id='line_1_76' title="bbox 123 4195 1699 4278; baseline 0.009 -30"><span class='ocrx_word' id='word_1_512' title='bbox 123 4195 243 4249; x_wconf 83' lang='grc' dir='ltr'>καθ’</span> <span class='ocrx_word' id='word_1_513' title='bbox 275 4197 502 4260; x_wconf 79' lang='grc' dir='ltr'>ἑαυτοὺς</span> <span class='ocrx_word' id='word_1_514' title='bbox 543 4198 940 4268; x_wconf 79' lang='grc' dir='ltr'>πολιτεύονται,</span> <span class='ocrx_word' id='word_1_515' title='bbox 963 4201 1085 4256; x_wconf 78' lang='grc' dir='ltr'>οὐδὲ</span> <span class='ocrx_word' id='word_1_516' title='bbox 1115 4202 1352 4268; x_wconf 81' lang='grc' dir='ltr'>οἰκείους</span> <span class='ocrx_word' id='word_1_517' title='bbox 1380 4204 1565 4276; x_wconf 78' lang='grc' dir='ltr'>ἔχουσι</span> <span class='ocrx_word' id='word_1_518' title='bbox 1600 4207 1699 4278; x_wconf 85' lang='grc' dir='ltr'><strong>βα·-</strong></span> 
     </span>
    </p>
   </div>
   <div class='ocr_carea' id='block_1_77' title="bbox 125 4285 1698 4370">
    <p class='ocr_par' dir='ltr' id='par_1_77' title="bbox 125 4285 1698 4370">
     <span class='ocr_line' id='line_1_77' title="bbox 125 4285 1698 4370; baseline 0.01 -34"><span class='ocrx_word' id='word_1_519' title='bbox 125 4285 292 4350; x_wconf 82' lang='grc' dir='ltr'>σιλείς</span> <span class='ocrx_word' id='word_1_520' title='bbox 332 4305 391 4340; x_wconf 91' lang='grc' dir='ltr'>τε</span> <span class='ocrx_word' id='word_1_521' title='bbox 423 4288 519 4341; x_wconf 78' lang='grc' dir='ltr'>καὶ</span> <span class='ocrx_word' id='word_1_522' title='bbox 540 4289 834 4360; x_wconf 82' lang='grc' dir='ltr'>ἄρχοντας,</span> <span class='ocrx_word' id='word_1_523' title='bbox 868 4291 990 4346; x_wconf 78' lang='grc' dir='ltr'>οὐδὲ</span> <span class='ocrx_word' id='word_1_524' title='bbox 1012 4291 1451 4366; x_wconf 86' lang='grc' dir='ltr'>πολυθρύλλητον</span> <span class='ocrx_word' id='word_1_525' title='bbox 1480 4298 1698 4370; x_wconf 74' lang='grc' dir='ltr'>ἐκείνην</span> 
     </span>
    </p>
   </div>
   <div class='ocr_carea' id='block_1_78' title="bbox 1796 3401 3376 3476">
    <p class='ocr_par' dir='ltr' id='par_1_78' title="bbox 1796 3401 3376 3476">
     <span class='ocr_line' id='line_1_78' title="bbox 1796 3401 3376 3476; baseline -0.003 -17"><span class='ocrx_word' id='word_1_526' title='bbox 1796 3420 1918 3459; x_wconf 89' lang='lat' dir='ltr'><strong>rum</strong></span> <span class='ocrx_word' id='word_1_527' title='bbox 1947 3405 2087 3476; x_wconf 87' lang='lat' dir='ltr'><strong>ejus.</strong></span> <span class='ocrx_word' id='word_1_528' title='bbox 2128 3424 2146 3458; x_wconf 76' lang='grc' dir='ltr'>ι</span> <span class='ocrx_word' id='word_1_529' title='bbox 2202 3405 2299 3461; x_wconf 76' lang='lat' dir='ltr'><strong>[iis</strong></span> <span class='ocrx_word' id='word_1_530' title='bbox 2329 3421 2457 3461; x_wconf 92' lang='lat' dir='ltr'><strong>vero</strong></span> <span class='ocrx_word' id='word_1_531' title='bbox 2485 3404 2763 3476; x_wconf 82' lang='lat' dir='ltr'><strong>perfectis,</strong></span> <span class='ocrx_word' id='word_1_532' title='bbox 2795 3413 2850 3458; x_wconf 90' lang='lat' dir='ltr'><strong>et</strong></span> <span class='ocrx_word' id='word_1_533' title='bbox 2881 3403 3131 3458; x_wconf 85' lang='lat' dir='ltr'><strong>hostibus</strong></span> <span class='ocrx_word' id='word_1_534' title='bbox 3167 3417 3254 3457; x_wconf 92' lang='lat' dir='ltr'><strong>res</strong></span> <span class='ocrx_word' id='word_1_535' title='bbox 3292 3401 3376 3456; x_wconf 84' lang='lat' dir='ltr'><strong>di-</strong></span> 
     </span>
    </p>
   </div>
   <div class='ocr_carea' id='block_1_79' title="bbox 1796 3495 3376 3577">
    <p class='ocr_par' dir='ltr' id='par_1_79' title="bbox 1796 3495 3376 3577">
     <span class='ocr_line' id='line_1_79' title="bbox 1796 3495 3376 3577; baseline -0.002 -26"><span class='ocrx_word' id='word_1_536' title='bbox 1796 3498 2148 3565; x_wconf 85' lang='lat' dir='ltr'><strong>videntibus,</strong></span> <span class='ocrx_word' id='word_1_537' title='bbox 2178 3515 2324 3577; x_wconf 62' lang='lat' dir='ltr'><strong>quae</strong></span> <span class='ocrx_word' id='word_1_538' title='bbox 2372 3499 2438 3553; x_wconf 91' lang='lat' dir='ltr'><strong>ad</strong></span> <span class='ocrx_word' id='word_1_539' title='bbox 2493 3499 2619 3553; x_wconf 90' lang='lat' dir='ltr'><strong>illos</strong></span> <span class='ocrx_word' id='word_1_540' title='bbox 2673 3497 3032 3567; x_wconf 88' lang='lat' dir='ltr'><strong>spectabant,</strong></span> <span class='ocrx_word' id='word_1_541' title='bbox 3097 3510 3256 3550; x_wconf 89' lang='lat' dir='ltr'><strong>nemo</strong></span> <span class='ocrx_word' id='word_1_542' title='bbox 3295 3495 3376 3549; x_wconf 91' lang='lat' dir='ltr'><strong>eis</strong></span> 
     </span>
    </p>
   </div>
   <div class='ocr_carea' id='block_1_80' title="bbox 1797 3580 3378 3656">
    <p class='ocr_par' dir='ltr' id='par_1_80' title="bbox 1797 3580 3378 3656">
     <span class='ocr_line' id='line_1_80' title="bbox 1797 3580 3378 3656; baseline -0.003 -18"><span class='ocrx_word' id='word_1_543' title='bbox 1797 3586 2015 3656; x_wconf 85' lang='lat' dir='ltr'><strong>adjutor</strong></span> <span class='ocrx_word' id='word_1_544' title='bbox 2043 3587 2171 3654; x_wconf 89' lang='lat' dir='ltr'><strong>erit,</strong></span> <span class='ocrx_word' id='word_1_545' title='bbox 2205 3600 2382 3656; x_wconf 90' lang='lat' dir='ltr'><strong>neque</strong></span> <span class='ocrx_word' id='word_1_546' title='bbox 2411 3600 2599 3640; x_wconf 90' lang='lat' dir='ltr'><strong>eorum</strong></span> <span class='ocrx_word' id='word_1_547' title='bbox 2632 3583 2787 3638; x_wconf 88' lang='lat' dir='ltr'><strong>liberi</strong></span> <span class='ocrx_word' id='word_1_548' title='bbox 2823 3581 3199 3638; x_wconf 86' lang='lat' dir='ltr'><strong>misericordia</strong></span> <span class='ocrx_word' id='word_1_549' title='bbox 3225 3580 3378 3653; x_wconf 79' lang='lat' dir='ltr'><strong>digni</strong></span> 
     </span>
    </p>
   </div>
   <div class='ocr_carea' id='block_1_81' title="bbox 1799 3674 2165 3730">
    <p class='ocr_par' dir='ltr' id='par_1_81' title="bbox 1799 3674 2165 3730">
     <span class='ocr_line' id='line_1_81' title="bbox 1799 3674 2165 3730; baseline 0.011 -4"><span class='ocrx_word' id='word_1_550' title='bbox 1799 3674 2165 3730; x_wconf 86' lang='lat' dir='ltr'><strong>habebuntur.</strong></span> 
     </span>
    </p>
   </div>
   <div class='ocr_carea' id='block_1_82' title="bbox 1868 3841 3376 3915">
    <p class='ocr_par' dir='ltr' id='par_1_82' title="bbox 1868 3841 3376 3915">
     <span class='ocr_line' id='line_1_82' title="bbox 1868 3841 3376 3915; baseline 0 -19"><span class='ocrx_word' id='word_1_551' title='bbox 1868 3841 2034 3898; x_wconf 78' lang='lat' dir='ltr'><strong>Vens.</strong></span> <span class='ocrx_word' id='word_1_552' title='bbox 2077 3843 2163 3897; x_wconf 78' lang='grc'><strong>15.</strong></span> <span class='ocrx_word' id='word_1_553' title='bbox 2213 3861 2232 3894; x_wconf 77' lang='grc' dir='ltr'>ι</span> <span class='ocrx_word' id='word_1_554' title='bbox 2269 3841 2392 3896; x_wconf 84' lang='lat' dir='ltr'><strong>Nati</strong></span> <span class='ocrx_word' id='word_1_555' title='bbox 2430 3843 2552 3912; x_wconf 85' lang='lat' dir='ltr'><strong>ejus</strong></span> <span class='ocrx_word' id='word_1_556' title='bbox 2597 3843 3004 3915; x_wconf 86' lang='lat' dir='ltr'><strong>exstirpentur:</strong></span> <span class='ocrx_word' id='word_1_557' title='bbox 3043 3842 3099 3897; x_wconf 88' lang='lat' dir='ltr'><strong>in</strong></span> <span class='ocrx_word' id='word_1_558' title='bbox 3145 3854 3376 3913; x_wconf 78' lang='lat' dir='ltr'><strong>genera-</strong></span> 
     </span>
    </p>
   </div>
   <div class='ocr_carea' id='block_1_83' title="bbox 1799 3934 3372 4004">
    <p class='ocr_par' dir='ltr' id='par_1_83' title="bbox 1799 3934 3372 4004">
     <span class='ocr_line' id='line_1_83' title="bbox 1799 3934 3372 4004; baseline 0 -16"><span class='ocrx_word' id='word_1_559' title='bbox 1799 3935 1945 3990; x_wconf 87' lang='lat' dir='ltr'><strong>tione</strong></span> <span class='ocrx_word' id='word_1_560' title='bbox 1996 3950 2103 3990; x_wconf 88' lang='lat' dir='ltr'><strong>una</strong></span> <span class='ocrx_word' id='word_1_561' title='bbox 2145 3935 2394 3989; x_wconf 88' lang='lat' dir='ltr'><strong>deleatur</strong></span> <span class='ocrx_word' id='word_1_562' title='bbox 2436 3950 2635 3988; x_wconf 92' lang='lat' dir='ltr'><strong>nomen</strong></span> <span class='ocrx_word' id='word_1_563' title='bbox 2682 3935 2820 4004; x_wconf 88' lang='lat' dir='ltr'><strong>ejus.</strong></span> <span class='ocrx_word' id='word_1_564' title='bbox 2863 3953 2882 3987; x_wconf 76' lang='grc' dir='ltr'>ι</span> <span class='ocrx_word' id='word_1_565' title='bbox 2940 3934 3076 3992; x_wconf 88' lang='lat' dir='ltr'><strong>Nam</strong></span> <span class='ocrx_word' id='word_1_566' title='bbox 3129 3934 3372 3988; x_wconf 80' lang='lat' dir='ltr'><strong>nomium</strong></span> 
     </span>
    </p>
   </div>
   <div class='ocr_carea' id='block_1_84' title="bbox 1798 4025 3375 4098">
    <p class='ocr_par' dir='ltr' id='par_1_84' title="bbox 1798 4025 3375 4098">
     <span class='ocr_line' id='line_1_84' title="bbox 1798 4025 3375 4098; baseline -0.001 -17"><span class='ocrx_word' id='word_1_567' title='bbox 1798 4028 2156 4098; x_wconf 81' lang='lat' dir='ltr'><strong>quadraginta</strong></span> <span class='ocrx_word' id='word_1_568' title='bbox 2192 4027 2352 4082; x_wconf 91' lang='lat' dir='ltr'><strong>annis</strong></span> <span class='ocrx_word' id='word_1_569' title='bbox 2394 4027 2619 4095; x_wconf 87' lang='lat' dir='ltr'><strong>elapsis,</strong></span> <span class='ocrx_word' id='word_1_570' title='bbox 2655 4025 2972 4082; x_wconf 67' lang='lat' dir='ltr'><strong>Judazorum</strong></span> <span class='ocrx_word' id='word_1_571' title='bbox 3020 4027 3253 4097; x_wconf 91' lang='lat' dir='ltr'><strong>populus</strong></span> <span class='ocrx_word' id='word_1_572' title='bbox 3285 4041 3375 4081; x_wconf 79' lang='lat' dir='ltr'><strong>ex-</strong></span> 
     </span>
    </p>
   </div>
   <div class='ocr_carea' id='block_1_85' title="bbox 1799 4118 3376 4188">
    <p class='ocr_par' dir='ltr' id='par_1_85' title="bbox 1799 4118 3376 4188">
     <span class='ocr_line' id='line_1_85' title="bbox 1799 4118 3376 4188; baseline -0.003 -15"><span class='ocrx_word' id='word_1_573' title='bbox 1799 4127 2026 4173; x_wconf 87' lang='lat' dir='ltr'><strong>tremam</strong></span> <span class='ocrx_word' id='word_1_574' title='bbox 2063 4119 2489 4175; x_wconf 89' lang='lat' dir='ltr'><strong>internecionem</strong></span> <span class='ocrx_word' id='word_1_575' title='bbox 2537 4118 2721 4174; x_wconf 90' lang='lat' dir='ltr'><strong>subiit.</strong></span> <span class='ocrx_word' id='word_1_576' title='bbox 2765 4119 2831 4172; x_wconf 86' lang='lat' dir='ltr'><strong>Et</strong></span> <span class='ocrx_word' id='word_1_577' title='bbox 2868 4134 2978 4172; x_wconf 88' lang='lat' dir='ltr'><strong>non</strong></span> <span class='ocrx_word' id='word_1_578' title='bbox 3012 4119 3247 4188; x_wconf 89' lang='lat' dir='ltr'><strong>amplius</strong></span> <span class='ocrx_word' id='word_1_579' title='bbox 3278 4133 3376 4187; x_wconf 78' lang='lat' dir='ltr'><strong>per</strong></span> 
     </span>
    </p>
   </div>
   <div class='ocr_carea' id='block_1_86' title="bbox 1799 4209 3378 4279">
    <p class='ocr_par' dir='ltr' id='par_1_86' title="bbox 1799 4209 3378 4279">
     <span class='ocr_line' id='line_1_86' title="bbox 1799 4209 3378 4279; baseline -0.002 -14"><span class='ocrx_word' id='word_1_580' title='bbox 1799 4224 1858 4265; x_wconf 91' lang='lat' dir='ltr'><strong>se</strong></span> <span class='ocrx_word' id='word_1_581' title='bbox 1893 4209 2038 4279; x_wconf 90' lang='lat' dir='ltr'><strong>ipsos</strong></span> <span class='ocrx_word' id='word_1_582' title='bbox 2063 4209 2456 4279; x_wconf 89' lang='lat' dir='ltr'><strong>rempublicam</strong></span> <span class='ocrx_word' id='word_1_583' title='bbox 2484 4209 2891 4273; x_wconf 88' lang='lat' dir='ltr'><strong>administrant,</strong></span> <span class='ocrx_word' id='word_1_584' title='bbox 2922 4224 3099 4279; x_wconf 91' lang='lat' dir='ltr'><strong>neque</strong></span> <span class='ocrx_word' id='word_1_585' title='bbox 3121 4209 3378 4278; x_wconf 80' lang='lat' dir='ltr'><strong>proprios</strong></span> 
     </span>
    </p>
   </div>
   <div class='ocr_carea' id='block_1_87' title="bbox 1799 4299 3374 4373">
    <p class='ocr_par' dir='ltr' id='par_1_87' title="bbox 1799 4299 3374 4373">
     <span class='ocr_line' id='line_1_87' title="bbox 1799 4299 3374 4373; baseline -0.003 -18"><span class='ocrx_word' id='word_1_586' title='bbox 1799 4301 2003 4357; x_wconf 88' lang='lat' dir='ltr'><strong>habent</strong></span> <span class='ocrx_word' id='word_1_587' title='bbox 2046 4317 2222 4373; x_wconf 76' lang='lat' dir='ltr'><strong>reges,</strong></span> <span class='ocrx_word' id='word_1_588' title='bbox 2280 4309 2336 4356; x_wconf 92' lang='lat' dir='ltr'><strong>et</strong></span> <span class='ocrx_word' id='word_1_589' title='bbox 2385 4302 2683 4372; x_wconf 88' lang='lat' dir='ltr'><strong>principes,</strong></span> <span class='ocrx_word' id='word_1_590' title='bbox 2727 4316 2904 4370; x_wconf 90' lang='lat' dir='ltr'><strong>neque</strong></span> <span class='ocrx_word' id='word_1_591' title='bbox 2956 4299 3374 4354; x_wconf 81' lang='lat' dir='ltr'><strong>celeberrimam</strong></span> 
     </span>
    </p>
   </div>
   <div class='ocr_carea' id='block_1_88' title="bbox 126 4377 1697 4462">
    <p class='ocr_par' dir='ltr' id='par_1_88' title="bbox 126 4377 1695 4454">
     <span class='ocr_line' id='line_1_88' title="bbox 126 4377 1695 4454; baseline 0.01 -26"><span class='ocrx_word' id='word_1_592' title='bbox 126 4377 478 4447; x_wconf 84' lang='grc' dir='ltr'>μητρόπολιν,</span> <span class='ocrx_word' id='word_1_593' title='bbox 534 4380 656 4436; x_wconf 80' lang='grc' dir='ltr'>οὐδὲ</span> <span class='ocrx_word' id='word_1_594' title='bbox 709 4380 810 4453; x_wconf 76' lang='grc' dir='ltr'>τὴν</span> <span class='ocrx_word' id='word_1_595' title='bbox 852 4382 993 4437; x_wconf 87' lang='grc' dir='ltr'><strong>κατά</strong></span> <span class='ocrx_word' id='word_1_596' title='bbox 1043 4383 1206 4454; x_wconf 83' lang='grc' dir='ltr'>νόμον</span> <span class='ocrx_word' id='word_1_597' title='bbox 1243 4386 1550 4441; x_wconf 79' lang='grc' dir='ltr'>ἐπιτελοῦσι</span> <span class='ocrx_word' id='word_1_598' title='bbox 1596 4388 1695 4443; x_wconf 80' lang='grc' dir='ltr'>λα-</span> 
     </span>
    </p>
   </div>
   <div class='ocr_carea' id='block_1_89' title="bbox 1815 4377 3372 4462">
    <p class='ocr_par' dir='ltr' id='par_1_89' title="bbox 1815 4391 3372 4462">
     <span class='ocr_line' id='line_1_89' title="bbox 1815 4391 3372 4462; baseline -0.003 -16"><span class='ocrx_word' id='word_1_599' title='bbox 1815 4394 1948 4448; x_wconf 34' lang='grc' dir='ltr'>χιΙοιη</span> <span class='ocrx_word' id='word_1_600' title='bbox 1978 4393 2344 4462; x_wconf 89' lang='lat' dir='ltr'><strong>metropolim,</strong></span> <span class='ocrx_word' id='word_1_601' title='bbox 2389 4408 2566 4462; x_wconf 92' lang='lat' dir='ltr'><strong>neque</strong></span> <span class='ocrx_word' id='word_1_602' title='bbox 2607 4393 2906 4447; x_wconf 91' lang='lat' dir='ltr'><strong>secundum</strong></span> <span class='ocrx_word' id='word_1_603' title='bbox 2953 4391 3124 4462; x_wconf 79' lang='lat' dir='ltr'><strong>legem</strong></span> <span class='ocrx_word' id='word_1_604' title='bbox 3163 4391 3372 4445; x_wconf 86' lang='lat' dir='ltr'><strong>cultum</strong></span> 
     </span>
    </p>
   </div>
   <div class='ocr_carea' id='block_1_90' title="bbox 122 4469 1697 4550">
    <p class='ocr_par' dir='ltr' id='par_1_90' title="bbox 122 4469 1697 4550">
     <span class='ocr_line' id='line_1_90' title="bbox 122 4469 1697 4550; baseline 0.011 -33"><span class='ocrx_word' id='word_1_605' title='bbox 122 4469 330 4538; x_wconf 86' lang='grc' dir='ltr'>τρείαν,</span> <span class='ocrx_word' id='word_1_606' title='bbox 382 4471 521 4524; x_wconf 89' lang='grc' dir='ltr'>ἀλλά</span> <span class='ocrx_word' id='word_1_607' title='bbox 564 4471 774 4542; x_wconf 78' lang='grc' dir='ltr'>φροῦδα</span> <span class='ocrx_word' id='word_1_608' title='bbox 807 4473 986 4529; x_wconf 88' lang='grc' dir='ltr'>πάντα</span> <span class='ocrx_word' id='word_1_609' title='bbox 1022 4475 1226 4543; x_wconf 73' lang='grc' dir='ltr'>ἐκεῖνα,</span> <span class='ocrx_word' id='word_1_610' title='bbox 1257 4479 1410 4550; x_wconf 77' lang='grc' dir='ltr'>καὶή</span> <span class='ocrx_word' id='word_1_611' title='bbox 1443 4479 1697 4547; x_wconf 83' lang='grc' dir='ltr'>κιϐωτὸς,</span> 
     </span>
    </p>
   </div>
   <div class='ocr_carea' id='block_1_91' title="bbox 123 4560 1695 4641">
    <p class='ocr_par' dir='ltr' id='par_1_91' title="bbox 123 4560 1695 4641">
     <span class='ocr_line' id='line_1_91' title="bbox 123 4560 1695 4641; baseline 0.01 -31"><span class='ocrx_word' id='word_1_612' title='bbox 123 4560 214 4611; x_wconf 78' lang='grc' dir='ltr'>καί.</span> <span class='ocrx_word' id='word_1_613' title='bbox 269 4561 325 4613; x_wconf 88' lang='grc' dir='ltr'><strong>αἰ</strong></span> <span class='ocrx_word' id='word_1_614' title='bbox 357 4561 586 4628; x_wconf 85' lang='grc' dir='ltr'>πλάκες,</span> <span class='ocrx_word' id='word_1_615' title='bbox 615 4563 709 4617; x_wconf 74' lang='grc' dir='ltr'>καὶ</span> <span class='ocrx_word' id='word_1_616' title='bbox 745 4563 814 4618; x_wconf 90' lang='grc' dir='ltr'>τά</span> <span class='ocrx_word' id='word_1_617' title='bbox 843 4564 950 4619; x_wconf 85' lang='grc' dir='ltr'>τῶν</span> <span class='ocrx_word' id='word_1_618' title='bbox 989 4565 1274 4638; x_wconf 75' lang='grc' dir='ltr'>Χερουϐὶμ</span> <span class='ocrx_word' id='word_1_619' title='bbox 1299 4569 1695 4641; x_wconf 85' lang='grc' dir='ltr'>ὲκτυπώματα,</span> 
     </span>
    </p>
   </div>
   <div class='ocr_carea' id='block_1_92' title="bbox 121 4651 1698 4734">
    <p class='ocr_par' dir='ltr' id='par_1_92' title="bbox 121 4651 1698 4734">
     <span class='ocr_line' id='line_1_92' title="bbox 121 4651 1698 4734; baseline 0.01 -33"><span class='ocrx_word' id='word_1_620' title='bbox 121 4651 216 4702; x_wconf 74' lang='grc' dir='ltr'>καὶ</span> <span class='ocrx_word' id='word_1_621' title='bbox 256 4651 318 4704; x_wconf 83' lang='grc' dir='ltr'>τὸ</span> <span class='ocrx_word' id='word_1_622' title='bbox 347 4651 685 4726; x_wconf 75' lang='grc' dir='ltr'>ἱλαστήριον,</span> <span class='ocrx_word' id='word_1_623' title='bbox 706 4655 856 4726; x_wconf 77' lang='grc' dir='ltr'>καὶὴ</span> <span class='ocrx_word' id='word_1_624' title='bbox 888 4656 1100 4724; x_wconf 89' lang='grc' dir='ltr'>λυχνία,</span> <span class='ocrx_word' id='word_1_625' title='bbox 1138 4658 1232 4712; x_wconf 82' lang='grc' dir='ltr'>καί.</span> <span class='ocrx_word' id='word_1_626' title='bbox 1271 4659 1288 4689; x_wconf 76' lang='grc' dir='ltr'><strong>ί</strong></span> <span class='ocrx_word' id='word_1_627' title='bbox 1313 4658 1376 4712; x_wconf 85' lang='grc' dir='ltr'><strong>τὸ</strong></span> <span class='ocrx_word' id='word_1_628' title='bbox 1403 4659 1698 4734; x_wconf 85' lang='grc' dir='ltr'>θυσιαστή-</span> 
     </span>
    </p>
   </div>
   <div class='ocr_carea' id='block_1_93' title="bbox 126 4745 1692 4819">
    <p class='ocr_par' dir='ltr' id='par_1_93' title="bbox 126 4745 1692 4819">
     <span class='ocr_line' id='line_1_93' title="bbox 126 4745 1692 4819; baseline 0.01 -26"><span class='ocrx_word' id='word_1_629' title='bbox 126 4757 261 4809; x_wconf 90' lang='grc' dir='ltr'>ριον,</span> <span class='ocrx_word' id='word_1_630' title='bbox 310 4745 404 4797; x_wconf 73' lang='grc' dir='ltr'><strong>καὶ</strong></span> <span class='ocrx_word' id='word_1_631' title='bbox 433 4746 466 4817; x_wconf 85' lang='grc' dir='ltr'><strong>ἡ</strong></span> <span class='ocrx_word' id='word_1_632' title='bbox 501 4746 864 4819; x_wconf 82' lang='grc' dir='ltr'>ἀρχιερατικὴ</span> <span class='ocrx_word' id='word_1_633' title='bbox 891 4748 1200 4819; x_wconf 81' lang='grc' dir='ltr'>στολὴ,.καί,</span> <span class='ocrx_word' id='word_1_634' title='bbox 1228 4749 1297 4803; x_wconf 80' lang='grc' dir='ltr'>τὰ</span> <span class='ocrx_word' id='word_1_635' title='bbox 1329 4750 1469 4806; x_wconf 78' lang='grc' dir='ltr'>ἄλλα</span> <span class='ocrx_word' id='word_1_636' title='bbox 1512 4753 1692 4809; x_wconf 73' lang='grc' dir='ltr'>πάντα</span> 
     </span>
    </p>
   </div>
   <div class='ocr_carea' id='block_1_94' title="bbox 123 4832 1469 4911">
    <p class='ocr_par' dir='ltr' id='par_1_94' title="bbox 123 4832 1469 4911">
     <span class='ocr_line' id='line_1_94' title="bbox 123 4832 1469 4911; baseline 0.01 -26"><span class='ocrx_word' id='word_1_637' title='bbox 123 4832 224 4887; x_wconf 84' lang='grc' dir='ltr'>ὅσα</span> <span class='ocrx_word' id='word_1_638' title='bbox 272 4835 525 4890; x_wconf 83' lang='grc' dir='ltr'>θεόσδοτα</span> <span class='ocrx_word' id='word_1_639' title='bbox 562 4837 696 4908; x_wconf 88' lang='grc' dir='ltr'>παρ’</span> <span class='ocrx_word' id='word_1_640' title='bbox 744 4838 928 4904; x_wconf 78' lang='grc' dir='ltr'>αὐτοῖς</span> <span class='ocrx_word' id='word_1_641' title='bbox 979 4840 1075 4894; x_wconf 78' lang='grc' dir='ltr'>καὶ</span> <span class='ocrx_word' id='word_1_642' title='bbox 1105 4840 1469 4911; x_wconf 84' lang='grc' dir='ltr'>περίϐλεπτα.</span> 
     </span>
    </p>
   </div>
   <div class='ocr_carea' id='block_1_95' title="bbox 194 4925 1694 5006">
    <p class='ocr_par' dir='ltr' id='par_1_95' title="bbox 194 4925 1694 5006">
     <span class='ocr_line' id='line_1_95' title="bbox 194 4925 1694 5006; baseline 0.008 -27"><span class='ocrx_word' id='word_1_643' title='bbox 194 4925 280 4981; x_wconf 84' lang='grc' dir='ltr'>ιδ’.</span> <span class='ocrx_word' id='word_1_644' title='bbox 329 4945 346 4978; x_wconf 79' lang='grc' dir='ltr'>ι</span> <span class='ocrx_word' id='word_1_645' title='bbox 395 4928 853 5002; x_wconf 80' lang='grc' dir='ltr'>Ἀναμνησθείηή</span> <span class='ocrx_word' id='word_1_646' title='bbox 883 4931 1086 5002; x_wconf 86' lang='grc' dir='ltr'>ἀνομία</span> <span class='ocrx_word' id='word_1_647' title='bbox 1105 4932 1214 4986; x_wconf 86' lang='grc' dir='ltr'>τῶν</span> <span class='ocrx_word' id='word_1_648' title='bbox 1243 4934 1498 5006; x_wconf 85' lang='grc' dir='ltr'>πατέρων</span> <span class='ocrx_word' id='word_1_649' title='bbox 1525 4935 1694 4990; x_wconf 82' lang='grc' dir='ltr'>αὐτοῦ</span> 
     </span>
    </p>
   </div>
   <div class='ocr_carea' id='block_1_96' title="bbox 125 5014 1700 5100">
    <p class='ocr_par' dir='ltr' id='par_1_96' title="bbox 125 5014 1700 5100">
     <span class='ocr_line' id='line_1_96' title="bbox 125 5014 1700 5100; baseline 0.02 -33"><span class='ocrx_word' id='word_1_650' title='bbox 125 5014 306 5071; x_wconf 73' lang='grc' dir='ltr'>ἔναντι</span> <span class='ocrx_word' id='word_1_651' title='bbox 338 5019 568 5090; x_wconf 82' lang='grc' dir='ltr'>Κυρίου,</span> <span class='ocrx_word' id='word_1_652' title='bbox 601 5021 698 5074; x_wconf 77' lang='grc' dir='ltr'>καὶ</span> <span class='ocrx_word' id='word_1_653' title='bbox 725 5023 758 5093; x_wconf 86' lang='grc' dir='ltr'>ἡ</span> <span class='ocrx_word' id='word_1_654' title='bbox 790 5023 1035 5095; x_wconf 79' lang='grc' dir='ltr'>ἁμαρτία</span> <span class='ocrx_word' id='word_1_655' title='bbox 1064 5023 1166 5093; x_wconf 81' lang='grc' dir='ltr'><strong>τῆς</strong></span> <span class='ocrx_word' id='word_1_656' title='bbox 1195 5025 1403 5098; x_wconf 78' lang='grc' dir='ltr'>μητρὸς</span> <span class='ocrx_word' id='word_1_657' title='bbox 1429 5028 1595 5080; x_wconf 67' lang='grc' dir='ltr'><strong>αὑτοῦ</strong></span> <span class='ocrx_word' id='word_1_658' title='bbox 1622 5029 1700 5100; x_wconf 82' lang='grc' dir='ltr'>μὴ</span> 
     </span>
    </p>
   </div>
   <div class='ocr_carea' id='block_1_97' title="bbox 125 5108 1700 5191">
    <p class='ocr_par' dir='ltr' id='par_1_97' title="bbox 125 5108 1700 5191">
     <span class='ocr_line' id='line_1_97' title="bbox 125 5108 1700 5191; baseline 0.011 -32"><span class='ocrx_word' id='word_1_659' title='bbox 125 5108 498 5184; x_wconf 81' lang='grc' dir='ltr'>ἐξαλειφθείη.</span> <span class='ocrx_word' id='word_1_660' title='bbox 537 5132 557 5164; x_wconf 72' lang='grc' dir='ltr'>ι</span> <span class='ocrx_word' id='word_1_661' title='bbox 591 5115 850 5186; x_wconf 87' lang='grc' dir='ltr'>Πατέρων</span> <span class='ocrx_word' id='word_1_662' title='bbox 887 5115 1058 5187; x_wconf 80' lang='grc' dir='ltr'>ἀρετὴ</span> <span class='ocrx_word' id='word_1_663' title='bbox 1101 5116 1365 5182; x_wconf 78' lang='grc' dir='ltr'>πολλάκις</span> <span class='ocrx_word' id='word_1_664' title='bbox 1395 5118 1492 5172; x_wconf 76' lang='grc' dir='ltr'>καὶ</span> <span class='ocrx_word' id='word_1_665' title='bbox 1515 5119 1700 5191; x_wconf 80' lang='grc' dir='ltr'>πλημ-</span> 
     </span>
    </p>
   </div>
   <div class='ocr_carea' id='block_1_98' title="bbox 199 5270 695 5338">
    <p class='ocr_par' dir='ltr' id='par_1_98' title="bbox 199 5270 695 5338">
     <span class='ocr_line' id='line_1_98' title="bbox 199 5270 695 5338; baseline 0.02 -18"><span class='ocrx_word' id='word_1_666' title='bbox 199 5280 228 5320; x_wconf 81' lang='lat' dir='ltr'><strong>r</strong></span> <span class='ocrx_word' id='word_1_667' title='bbox 256 5270 376 5328; x_wconf 84' lang='lat' dir='ltr'><strong>Act.</strong></span> <span class='ocrx_word' id='word_1_668' title='bbox 412 5290 450 5336; x_wconf 85' lang='grc' dir='ltr'><strong>ι,</strong></span> <span class='ocrx_word' id='word_1_669' title='bbox 485 5274 572 5338; x_wconf 80' lang='grc'><strong>18,</strong></span> <span class='ocrx_word' id='word_1_670' title='bbox 603 5274 695 5330; x_wconf 74' lang='lat'><strong>26.</strong></span> 
     </span>
    </p>
   </div>
   <div class='ocr_carea' id='block_1_99' title="bbox 1799 4483 3378 4556">
    <p class='ocr_par' dir='ltr' id='par_1_99' title="bbox 1799 4483 3378 4556">
     <span class='ocr_line' id='line_1_99' title="bbox 1799 4483 3378 4556; baseline -0.003 -16"><span class='ocrx_word' id='word_1_671' title='bbox 1799 4485 2092 4556; x_wconf 90' lang='lat' dir='ltr'><strong>perﬁciunt</strong></span> <span class='ocrx_word' id='word_1_672' title='bbox 2123 4503 2137 4538; x_wconf 89' lang='lat'>:</span> <span class='ocrx_word' id='word_1_673' title='bbox 2176 4485 2272 4540; x_wconf 91' lang='lat' dir='ltr'><strong>sed</strong></span> <span class='ocrx_word' id='word_1_674' title='bbox 2303 4500 2445 4539; x_wconf 83' lang='lat' dir='ltr'><strong>vana</strong></span> <span class='ocrx_word' id='word_1_675' title='bbox 2480 4483 2664 4539; x_wconf 91' lang='lat' dir='ltr'><strong>omnia</strong></span> <span class='ocrx_word' id='word_1_676' title='bbox 2702 4485 2792 4538; x_wconf 89' lang='lat' dir='ltr'><strong>illa</strong></span> <span class='ocrx_word' id='word_1_677' title='bbox 2837 4492 2985 4548; x_wconf 89' lang='lat' dir='ltr'><strong>sunt,</strong></span> <span class='ocrx_word' id='word_1_678' title='bbox 3037 4491 3091 4537; x_wconf 88' lang='lat' dir='ltr'><strong>et</strong></span> <span class='ocrx_word' id='word_1_679' title='bbox 3139 4497 3287 4544; x_wconf 87' lang='lat' dir='ltr'><strong>arca,</strong></span> <span class='ocrx_word' id='word_1_680' title='bbox 3320 4491 3378 4536; x_wconf 87' lang='lat' dir='ltr'><strong>et</strong></span> 
     </span>
    </p>
   </div>
   <div class='ocr_carea' id='block_1_100' title="bbox 1798 4571 3375 4644">
    <p class='ocr_par' dir='ltr' id='par_1_100' title="bbox 1798 4571 3375 4644">
     <span class='ocr_line' id='line_1_100' title="bbox 1798 4571 3375 4644; baseline -0.004 -14"><span class='ocrx_word' id='word_1_681' title='bbox 1798 4577 2019 4642; x_wconf 74' lang='lat' dir='ltr'><strong>tabulae,</strong></span> <span class='ocrx_word' id='word_1_682' title='bbox 2071 4582 2126 4630; x_wconf 91' lang='lat' dir='ltr'><strong>et</strong></span> <span class='ocrx_word' id='word_1_683' title='bbox 2179 4575 2617 4630; x_wconf 90' lang='lat' dir='ltr'><strong>Cheruhinorum</strong></span> <span class='ocrx_word' id='word_1_684' title='bbox 2665 4573 2902 4644; x_wconf 81' lang='lat' dir='ltr'><strong>elligies,</strong></span> <span class='ocrx_word' id='word_1_685' title='bbox 2956 4580 3011 4628; x_wconf 94' lang='lat' dir='ltr'><strong>et</strong></span> <span class='ocrx_word' id='word_1_686' title='bbox 3055 4571 3375 4642; x_wconf 86' lang='lat' dir='ltr'><strong>propitiato-</strong></span> 
     </span>
    </p>
   </div>
   <div class='ocr_carea' id='block_1_101' title="bbox 1799 4660 3378 4732">
    <p class='ocr_par' dir='ltr' id='par_1_101' title="bbox 1799 4660 3378 4732">
     <span class='ocr_line' id='line_1_101' title="bbox 1799 4660 3378 4732; baseline -0.003 -12"><span class='ocrx_word' id='word_1_687' title='bbox 1799 4665 1940 4720; x_wconf 90' lang='lat' dir='ltr'><strong>rium</strong></span> <span class='ocrx_word' id='word_1_688' title='bbox 1967 4706 1982 4732; x_wconf 97' lang='lat'><strong>,</strong></span> <span class='ocrx_word' id='word_1_689' title='bbox 2032 4674 2088 4721; x_wconf 92' lang='lat' dir='ltr'><strong>et</strong></span> <span class='ocrx_word' id='word_1_690' title='bbox 2134 4665 2524 4720; x_wconf 88' lang='lat' dir='ltr'><strong>candelabrum</strong></span> <span class='ocrx_word' id='word_1_691' title='bbox 2550 4705 2566 4730; x_wconf 96' lang='lat'><strong>,</strong></span> <span class='ocrx_word' id='word_1_692' title='bbox 2626 4673 2680 4719; x_wconf 89' lang='lat' dir='ltr'><strong>et</strong></span> <span class='ocrx_word' id='word_1_693' title='bbox 2719 4665 2908 4729; x_wconf 84' lang='lat' dir='ltr'><strong>altare,</strong></span> <span class='ocrx_word' id='word_1_694' title='bbox 2945 4669 3000 4717; x_wconf 88' lang='lat' dir='ltr'><strong>et</strong></span> <span class='ocrx_word' id='word_1_695' title='bbox 3045 4660 3378 4732; x_wconf 87' lang='lat' dir='ltr'><strong>pontiﬁcalis</strong></span> 
     </span>
    </p>
   </div>
   <div class='ocr_carea' id='block_1_102' title="bbox 1803 4751 3375 4827">
    <p class='ocr_par' dir='ltr' id='par_1_102' title="bbox 1803 4751 3375 4827">
     <span class='ocr_line' id='line_1_102' title="bbox 1803 4751 3375 4827; baseline -0.005 -15"><span class='ocrx_word' id='word_1_696' title='bbox 1803 4757 1986 4822; x_wconf 89' lang='lat' dir='ltr'><strong>vestis,</strong></span> <span class='ocrx_word' id='word_1_697' title='bbox 2016 4766 2071 4812; x_wconf 91' lang='lat' dir='ltr'><strong>et</strong></span> <span class='ocrx_word' id='word_1_698' title='bbox 2093 4757 2198 4811; x_wconf 90' lang='lat' dir='ltr'><strong>alia</strong></span> <span class='ocrx_word' id='word_1_699' title='bbox 2224 4756 2430 4823; x_wconf 88' lang='lat' dir='ltr'><strong>omnia,</strong></span> <span class='ocrx_word' id='word_1_700' title='bbox 2454 4771 2576 4827; x_wconf 68' lang='lat' dir='ltr'><strong>qua:</strong></span> <span class='ocrx_word' id='word_1_701' title='bbox 2604 4755 2839 4811; x_wconf 89' lang='lat' dir='ltr'><strong>illustria</strong></span> <span class='ocrx_word' id='word_1_702' title='bbox 2863 4769 2894 4809; x_wconf 89' lang='lat' dir='ltr'><strong>a</strong></span> <span class='ocrx_word' id='word_1_703' title='bbox 2926 4755 3038 4810; x_wconf 91' lang='lat' dir='ltr'><strong>Deo</strong></span> <span class='ocrx_word' id='word_1_704' title='bbox 3068 4754 3116 4808; x_wconf 92' lang='lat' dir='ltr'><strong>ei</strong></span> <span class='ocrx_word' id='word_1_705' title='bbox 3148 4751 3375 4823; x_wconf 87' lang='lat' dir='ltr'><strong>praebita</strong></span> 
     </span>
    </p>
   </div>
   <div class='ocr_carea' id='block_1_103' title="bbox 1803 4848 2041 4904">
    <p class='ocr_par' dir='ltr' id='par_1_103' title="bbox 1803 4848 2041 4904">
     <span class='ocr_line' id='line_1_103' title="bbox 1803 4848 2041 4904; baseline 0.004 -2"><span class='ocrx_word' id='word_1_706' title='bbox 1803 4848 2041 4904; x_wconf 83' lang='lat' dir='ltr'><strong>fuerunt.</strong></span> 
     </span>
    </p>
   </div>
   <div class='ocr_carea' id='block_1_104' title="bbox 1879 4937 3376 5008">
    <p class='ocr_par' dir='ltr' id='par_1_104' title="bbox 1879 4937 3376 5008">
     <span class='ocr_line' id='line_1_104' title="bbox 1879 4937 3376 5008; baseline -0.002 -16"><span class='ocrx_word' id='word_1_707' title='bbox 1879 4937 2041 4994; x_wconf 75' lang='lat' dir='ltr'><strong>Vens.</strong></span> <span class='ocrx_word' id='word_1_708' title='bbox 2087 4939 2174 4994; x_wconf 72' lang='grc'><strong>14.</strong></span> <span class='ocrx_word' id='word_1_709' title='bbox 2222 4957 2241 4990; x_wconf 85' lang='grc'><em>‹</em></span> <span class='ocrx_word' id='word_1_710' title='bbox 2287 4938 2345 4992; x_wconf 90' lang='lat' dir='ltr'><strong>ln</strong></span> <span class='ocrx_word' id='word_1_711' title='bbox 2393 4938 2712 4992; x_wconf 88' lang='lat' dir='ltr'><strong>memoriam</strong></span> <span class='ocrx_word' id='word_1_712' title='bbox 2758 4937 2943 4994; x_wconf 91' lang='lat' dir='ltr'><strong>redeat</strong></span> <span class='ocrx_word' id='word_1_713' title='bbox 2974 4937 3238 5008; x_wconf 88' lang='lat' dir='ltr'><strong>iniquitas</strong></span> <span class='ocrx_word' id='word_1_714' title='bbox 3281 4949 3376 5005; x_wconf 53' lang='lat' dir='ltr'><strong>pa.</strong></span> 
     </span>
    </p>
   </div>
   <div class='ocr_carea' id='block_1_105' title="bbox 1807 5027 3373 5100">
    <p class='ocr_par' dir='ltr' id='par_1_105' title="bbox 1807 5027 3373 5100">
     <span class='ocr_line' id='line_1_105' title="bbox 1807 5027 3373 5100; baseline -0.003 -16"><span class='ocrx_word' id='word_1_715' title='bbox 1807 5038 1950 5084; x_wconf 90' lang='lat' dir='ltr'><strong>trum</strong></span> <span class='ocrx_word' id='word_1_716' title='bbox 1981 5029 2104 5100; x_wconf 90' lang='lat' dir='ltr'><strong>ejus</strong></span> <span class='ocrx_word' id='word_1_717' title='bbox 2135 5029 2189 5084; x_wconf 89' lang='lat' dir='ltr'><strong>in</strong></span> <span class='ocrx_word' id='word_1_718' title='bbox 2228 5039 2520 5100; x_wconf 88' lang='lat' dir='ltr'><strong>conspectu</strong></span> <span class='ocrx_word' id='word_1_719' title='bbox 2556 5027 2795 5095; x_wconf 90' lang='lat' dir='ltr'><strong>Domini,</strong></span> <span class='ocrx_word' id='word_1_720' title='bbox 2840 5037 2895 5084; x_wconf 91' lang='lat' dir='ltr'><strong>et</strong></span> <span class='ocrx_word' id='word_1_721' title='bbox 2939 5037 3223 5098; x_wconf 92' lang='lat' dir='ltr'><strong>peccatum</strong></span> <span class='ocrx_word' id='word_1_722' title='bbox 3254 5041 3373 5081; x_wconf 53' lang='lat' dir='ltr'><strong>ma-</strong></span> 
     </span>
    </p>
   </div>
   <div class='ocr_carea' id='block_1_106' title="bbox 1804 5119 3377 5193">
    <p class='ocr_par' dir='ltr' id='par_1_106' title="bbox 1804 5119 3377 5193">
     <span class='ocr_line' id='line_1_106' title="bbox 1804 5119 3377 5193; baseline -0.001 -17"><span class='ocrx_word' id='word_1_723' title='bbox 1804 5122 1903 5176; x_wconf 89' lang='lat' dir='ltr'><strong>tris</strong></span> <span class='ocrx_word' id='word_1_724' title='bbox 1931 5122 2052 5192; x_wconf 90' lang='lat' dir='ltr'><strong>ejus</strong></span> <span class='ocrx_word' id='word_1_725' title='bbox 2085 5121 2298 5193; x_wconf 78' lang='lat'><strong>1385</strong></span> <span class='ocrx_word' id='word_1_726' title='bbox 2331 5137 2400 5178; x_wconf 90' lang='lat' dir='ltr'><strong>ne</strong></span> <span class='ocrx_word' id='word_1_727' title='bbox 2433 5122 2734 5178; x_wconf 66' lang='lat' dir='ltr'><strong>deleatur.»</strong></span> <span class='ocrx_word' id='word_1_728' title='bbox 2757 5119 2991 5179; x_wconf 88' lang='lat' dir='ltr'><strong>Paterna</strong></span> <span class='ocrx_word' id='word_1_729' title='bbox 3031 5119 3202 5174; x_wconf 85' lang='lat' dir='ltr'><strong>virtus</strong></span> <span class='ocrx_word' id='word_1_730' title='bbox 3233 5132 3377 5190; x_wconf 72' lang='lat' dir='ltr'><strong>saepe</strong></span> 
     </span>
    </p>
   </div>
   <div class='ocr_carea' id='block_1_107' title="bbox 1172 5368 2244 5432">
    <p class='ocr_par' dir='ltr' id='par_1_107' title="bbox 1172 5368 2244 5432">
     <span class='ocr_line' id='line_1_107' title="bbox 1172 5368 2244 5432; baseline 0.005 -7"><span class='ocrx_word' id='word_1_731' title='bbox 1172 5368 1408 5425; x_wconf 62' lang='lat' dir='ltr'><strong>VARUS</strong></span> <span class='ocrx_word' id='word_1_732' title='bbox 1465 5371 1846 5429; x_wconf 78' lang='lat' dir='ltr'><strong>LECTIONES</strong></span> <span class='ocrx_word' id='word_1_733' title='bbox 1892 5375 1977 5430; x_wconf 86' lang='lat' dir='ltr'><strong>ET</strong></span> <span class='ocrx_word' id='word_1_734' title='bbox 2013 5373 2244 5432; x_wconf 68' lang='lat' dir='ltr'><strong>NOTAE.</strong></span> 
     </span>
    </p>
   </div>
   <div class='ocr_carea' id='block_1_108' title="bbox 197 5485 1595 5552">
    <p class='ocr_par' dir='ltr' id='par_1_108' title="bbox 197 5485 1595 5552">
     <span class='ocr_line' id='line_1_108' title="bbox 197 5485 1595 5552; baseline 0.004 -12"><span class='ocrx_word' id='word_1_735' title='bbox 197 5487 244 5521; x_wconf 79' lang='grc'><strong>⁹⁰</strong></span> <span class='ocrx_word' id='word_1_736' title='bbox 287 5485 493 5552; x_wconf 79' lang='grc' dir='ltr'>Γένος.</span> <span class='ocrx_word' id='word_1_737' title='bbox 535 5486 655 5544; x_wconf 84' lang='lat' dir='ltr'><strong>cod.</strong></span> <span class='ocrx_word' id='word_1_738' title='bbox 690 5487 911 5552; x_wconf 71' lang='grc' dir='ltr'>ἰέθνος.</span> <span class='ocrx_word' id='word_1_739' title='bbox 988 5490 1030 5520; x_wconf 79' lang='grc'><strong>⁹¹</strong></span> <span class='ocrx_word' id='word_1_740' title='bbox 1059 5489 1206 5543; x_wconf 78' lang='grc' dir='ltr'><strong>Μέν.</strong></span> <span class='ocrx_word' id='word_1_741' title='bbox 1271 5491 1392 5545; x_wconf 87' lang='lat' dir='ltr'><strong>cod.</strong></span> <span class='ocrx_word' id='word_1_742' title='bbox 1436 5493 1455 5545; x_wconf 77' lang='grc'>1</span> <span class='ocrx_word' id='word_1_743' title='bbox 1518 5492 1595 5546; x_wconf 84' lang='grc' dir='ltr'>δέ.</span> 
     </span>
    </p>
   </div>
   <div class='ocr_carea' id='block_1_109' title="bbox 1670 5494 1934 5549">
    <p class='ocr_par' dir='ltr' id='par_1_109' title="bbox 1670 5494 1934 5549">
     <span class='ocr_line' id='line_1_109' title="bbox 1670 5494 1934 5549; baseline 0.004 -1"><span class='ocrx_word' id='word_1_744' title='bbox 1670 5494 1716 5526; x_wconf 75' lang='grc'><strong>’³</strong></span> <span class='ocrx_word' id='word_1_745' title='bbox 1747 5495 1868 5549; x_wconf 86' lang='lat' dir='ltr'><strong>cod.</strong></span> <span class='ocrx_word' id='word_1_746' title='bbox 1914 5497 1934 5549; x_wconf 86' lang='lat' dir='ltr'><strong>l</strong></span> 
     </span>
    </p>
   </div>
   <div class='ocr_carea' id='block_1_110' title="bbox 1988 5495 3372 5569">
    <p class='ocr_par' dir='ltr' id='par_1_110' title="bbox 1988 5495 3372 5569">
     <span class='ocr_line' id='line_1_110' title="bbox 1988 5495 3372 5569; baseline 0 -18"><span class='ocrx_word' id='word_1_747' title='bbox 1988 5496 2264 5569; x_wconf 61' lang='lat' dir='ltr'><strong>ﬁviEaro._</strong></span> <span class='ocrx_word' id='word_1_748' title='bbox 2329 5497 2376 5569; x_wconf 78' lang='lat'><strong>”_</strong></span> <span class='ocrx_word' id='word_1_749' title='bbox 2404 5501 2620 5569; x_wconf 74' lang='grc' dir='ltr'>Σαλευ.</span> <span class='ocrx_word' id='word_1_750' title='bbox 2675 5512 2885 5569; x_wconf 56' lang='lat' dir='ltr'><strong>pater.</strong></span> <span class='ocrx_word' id='word_1_751' title='bbox 2930 5495 3097 5553; x_wconf 80' lang='lat' dir='ltr'><strong>Hebr.</strong></span> <span class='ocrx_word' id='word_1_752' title='bbox 3130 5501 3372 5569; x_wconf 80' lang='lat' dir='ltr'><strong>vagando</strong></span> 
     </span>
    </p>
   </div>
   <div class='ocr_carea' id='block_1_111' title="bbox 134 5553 3366 5635">
    <p class='ocr_par' dir='ltr' id='par_1_111' title="bbox 134 5553 3366 5635">
     <span class='ocr_line' id='line_1_111' title="bbox 134 5553 3366 5635; baseline 0.004 -25"><span class='ocrx_word' id='word_1_753' title='bbox 134 5570 434 5635; x_wconf 34' lang='lat' dir='ltr'><strong>vagentur;</strong></span> <span class='ocrx_word' id='word_1_754' title='bbox 545 5558 660 5635; x_wconf 53' lang='grc' dir='ltr'><strong>βαι</strong></span> <span class='ocrx_word' id='word_1_755' title='bbox 698 5587 762 5598; x_wconf 93' lang='grc'><strong><em>-</em></strong></span> <span class='ocrx_word' id='word_1_756' title='bbox 787 5558 1222 5635; x_wconf 48' lang='grc' dir='ltr'><strong>αρτῷνι-Ιίεἰη·ζ</strong></span> <span class='ocrx_word' id='word_1_757' title='bbox 1237 5571 1300 5635; x_wconf 65' lang='lat' dir='ltr'><strong>et</strong></span> <span class='ocrx_word' id='word_1_758' title='bbox 1325 5573 1560 5635; x_wconf 69' lang='lat' dir='ltr'><strong>quierant</strong></span> <span class='ocrx_word' id='word_1_759' title='bbox 1609 5563 1836 5633; x_wconf 81' lang='lat' dir='ltr'><strong>(stipem)</strong></span> <span class='ocrx_word' id='word_1_760' title='bbox 1867 5582 1893 5618; x_wconf 85' lang='lat' dir='ltr'><strong>e</strong></span> <span class='ocrx_word' id='word_1_761' title='bbox 1919 5553 2046 5620; x_wconf 56' lang='lat' dir='ltr'><strong>locis</strong></span> <span class='ocrx_word' id='word_1_762' title='bbox 2091 5553 2201 5620; x_wconf 64' lang='lat' dir='ltr'><strong>suis</strong></span> <span class='ocrx_word' id='word_1_763' title='bbox 2232 5567 2503 5631; x_wconf 78' lang='lat' dir='ltr'><strong>desolatis,</strong></span> <span class='ocrx_word' id='word_1_764' title='bbox 2557 5582 2636 5620; x_wconf 91' lang='lat' dir='ltr'><strong>sc.</strong></span> <span class='ocrx_word' id='word_1_765' title='bbox 2669 5553 3019 5635; x_wconf 77' lang='lat' dir='ltr'><strong>prodeuntes.</strong></span> <span class='ocrx_word' id='word_1_766' title='bbox 3096 5553 3147 5602; x_wconf 17' lang='grc' dir='ltr'><strong>⁰⁵ί</strong></span> <span class='ocrx_word' id='word_1_767' title='bbox 3172 5553 3294 5624; x_wconf 68' lang='grc' dir='ltr'>ὠσί.</span> <span class='ocrx_word' id='word_1_768' title='bbox 3339 5568 3366 5622; x_wconf 74' lang='grc'><strong>1</strong></span> 
     </span>
    </p>
   </div>
   <div class='ocr_carea' id='block_1_112' title="bbox 133 5627 1697 5705">
    <p class='ocr_par' dir='ltr' id='par_1_112' title="bbox 133 5627 1694 5705">
     <span class='ocr_line' id='line_1_112' title="bbox 133 5627 1694 5705; baseline 0.004 -25"><span class='ocrx_word' id='word_1_769' title='bbox 133 5627 314 5705; x_wconf 44' lang='lat' dir='ltr'><strong>asses.</strong></span> <span class='ocrx_word' id='word_1_770' title='bbox 391 5629 438 5705; x_wconf 38' lang='lat'><strong>9“</strong></span> <span class='ocrx_word' id='word_1_771' title='bbox 688 5628 952 5705; x_wconf 60' lang='grc' dir='ltr'><strong>ταύτῷ.</strong></span> <span class='ocrx_word' id='word_1_772' title='bbox 997 5627 1477 5705; x_wconf 33' lang='grc' dir='ltr'>Ιίοὺτ..1ίίαᾳιιεει</span> <span class='ocrx_word' id='word_1_773' title='bbox 1519 5627 1694 5705; x_wconf 53' lang='lat' dir='ltr'><strong>fenera</strong></span> 
     </span>
    </p>
   </div>
   <div class='ocr_carea' id='block_1_113' title="bbox 1815 5627 3363 5705">
    <p class='ocr_par' dir='ltr' id='par_1_113' title="bbox 1819 5627 3363 5705">
     <span class='ocr_line' id='line_1_113' title="bbox 1819 5627 3363 5705; baseline 0.006 -20"><span class='ocrx_word' id='word_1_774' title='bbox 1819 5627 2002 5688; x_wconf 77' lang='grc' dir='ltr'>οηιηὶα</span> <span class='ocrx_word' id='word_1_775' title='bbox 2027 5653 2143 5705; x_wconf 66' lang='lat' dir='ltr'><strong>quin</strong></span> <span class='ocrx_word' id='word_1_776' title='bbox 2186 5649 2307 5689; x_wconf 83' lang='lat' dir='ltr'><strong>sunt</strong></span> <span class='ocrx_word' id='word_1_777' title='bbox 2336 5627 2498 5704; x_wconf 21' lang='lat' dir='ltr'><strong>ejus;</strong></span> <span class='ocrx_word' id='word_1_778' title='bbox 2545 5637 2592 5669; x_wconf 71' lang='grc'><strong>³⁷</strong></span> <span class='ocrx_word' id='word_1_779' title='bbox 2631 5627 2852 5690; x_wconf 76' lang='grc' dir='ltr'><strong>Πάντα.</strong></span> <span class='ocrx_word' id='word_1_780' title='bbox 2893 5638 3062 5692; x_wconf 80' lang='lat' dir='ltr'><strong>Abest</strong></span> <span class='ocrx_word' id='word_1_781' title='bbox 3087 5655 3114 5691; x_wconf 84' lang='lat' dir='ltr'><strong>a</strong></span> <span class='ocrx_word' id='word_1_782' title='bbox 3148 5639 3266 5696; x_wconf 74' lang='lat' dir='ltr'><strong>cod.</strong></span> <span class='ocrx_word' id='word_1_783' title='bbox 3312 5639 3363 5694; x_wconf 76' lang='grc'><strong>1.</strong></span> 
     </span>
    </p>
   </div>
   <div class='ocr_carea' id='block_1_114' title="bbox 137 5696 1297 5768">
    <p class='ocr_par' dir='ltr' id='par_1_114' title="bbox 137 5696 1297 5768">
     <span class='ocr_line' id='line_1_114' title="bbox 137 5696 1297 5768; baseline 0.001 -16"><span class='ocrx_word' id='word_1_784' title='bbox 137 5697 182 5728; x_wconf 77' lang='grc'><strong>³⁸</strong></span> <span class='ocrx_word' id='word_1_785' title='bbox 231 5700 444 5753; x_wconf 75' lang='grc' dir='ltr'><strong>Ἀντι..ί.</strong></span> <span class='ocrx_word' id='word_1_786' title='bbox 485 5698 646 5753; x_wconf 84' lang='lat' dir='ltr'><strong>llebr.</strong></span> <span class='ocrx_word' id='word_1_787' title='bbox 694 5696 1012 5753; x_wconf 75' lang='lat' dir='ltr'><strong>Ptutrahcns</strong></span> <span class='ocrx_word' id='word_1_788' title='bbox 1050 5699 1297 5768; x_wconf 75' lang='lat' dir='ltr'><strong>gratiam.</strong></span> 
     </span>
    </p>
   </div>
   <div class='ocr_carea' id='block_1_115' title="bbox 1374 5701 1697 5770">
    <p class='ocr_par' dir='ltr' id='par_1_115' title="bbox 1374 5701 1697 5770">
     <span class='ocr_line' id='line_1_115' title="bbox 1374 5701 1697 5770; baseline 0.012 -15"><span class='ocrx_word' id='word_1_789' title='bbox 1374 5704 1416 5734; x_wconf 70' lang='lat'><strong>9°</strong></span> <span class='ocrx_word' id='word_1_790' title='bbox 1449 5701 1584 5770; x_wconf 78' lang='grc' dir='ltr'><strong>Μιᾷ.</strong></span> <span class='ocrx_word' id='word_1_791' title='bbox 1626 5701 1697 5760; x_wconf 85' lang='lat' dir='ltr'><strong>lle</strong></span> 
     </span>
    </p>
   </div>
   <div class='ocr_carea' id='block_1_116' title="bbox 1815 5701 3152 5770">
    <p class='ocr_par' dir='ltr' id='par_1_116' title="bbox 1821 5701 3152 5766">
     <span class='ocr_line' id='line_1_116' title="bbox 1821 5701 3152 5766; baseline 0.003 -8"><span class='ocrx_word' id='word_1_792' title='bbox 1821 5701 2048 5760; x_wconf 46' lang='lat' dir='ltr'><strong>altcraf</strong></span> <span class='ocrx_word' id='word_1_793' title='bbox 2091 5709 2104 5738; x_wconf 80' lang='grc' dir='ltr'><strong>ί</strong></span> <span class='ocrx_word' id='word_1_794' title='bbox 2139 5707 2247 5761; x_wconf 80' lang='grc' dir='ltr'><strong>Καὶ</strong></span> <span class='ocrx_word' id='word_1_795' title='bbox 2275 5701 2648 5762; x_wconf 75' lang='grc' dir='ltr'>-Ὀυσιαστ.</span> <span class='ocrx_word' id='word_1_796' title='bbox 2693 5705 2817 5765; x_wconf 78' lang='lat' dir='ltr'><strong>Des.</strong></span> <span class='ocrx_word' id='word_1_797' title='bbox 2859 5708 2913 5763; x_wconf 90' lang='lat' dir='ltr'><strong>in</strong></span> <span class='ocrx_word' id='word_1_798' title='bbox 2939 5708 3062 5766; x_wconf 80' lang='lat' dir='ltr'><strong>cod.</strong></span> <span class='ocrx_word' id='word_1_799' title='bbox 3101 5709 3152 5763; x_wconf 81' lang='grc'><strong>1.</strong></span> 
     </span>
    </p>
   </div>
  </div>
