  <div class='ocr_page' id='page_1' title='image "/cluster/home/n/w/nwhite01/storage/ocr_20150623/80/pst.000005712793/889.png"; bbox 0 0 3890 6320; ppageno 0'>
   <div class='ocr_carea' id='block_1_1' title="bbox 391 302 535 368">
    <p class='ocr_par' dir='ltr' id='par_1_1' title="bbox 391 302 535 368">
     <span class='ocr_line' id='line_1_1' title="bbox 391 302 535 368; baseline 0.007 -1"><span class='ocrx_word' id='word_1_1' title='bbox 391 302 535 368; x_wconf 83' lang='grc'><strong>1759</strong></span> 
     </span>
    </p>
   </div>
   <div class='ocr_carea' id='block_1_2' title="bbox 1349 290 2695 357">
    <p class='ocr_par' dir='ltr' id='par_1_2' title="bbox 1349 290 2695 357">
     <span class='ocr_line' id='line_1_2' title="bbox 1349 290 2695 357; baseline -0.005 0"><span class='ocrx_word' id='word_1_2' title='bbox 1349 292 1848 357; x_wconf 87' lang='lat' dir='ltr'><strong>THEODORETI</strong></span> <span class='ocrx_word' id='word_1_3' title='bbox 1915 290 2258 355; x_wconf 88' lang='lat' dir='ltr'><strong>EPISCOPI</strong></span> <span class='ocrx_word' id='word_1_4' title='bbox 2313 291 2695 353; x_wconf 81' lang='lat' dir='ltr'><strong>CYRENSIS</strong></span> 
     </span>
    </p>
   </div>
   <div class='ocr_carea' id='block_1_3' title="bbox 3527 290 3677 356">
    <p class='ocr_par' dir='ltr' id='par_1_3' title="bbox 3527 290 3677 356">
     <span class='ocr_line' id='line_1_3' title="bbox 3527 290 3677 356; baseline 0.013 -2"><span class='ocrx_word' id='word_1_5' title='bbox 3527 290 3677 356; x_wconf 68' lang='lat' dir='ltr'><strong>me</strong></span> 
     </span>
    </p>
   </div>
   <div class='ocr_carea' id='block_1_4' title="bbox 391 402 1981 484">
    <p class='ocr_par' dir='ltr' id='par_1_4' title="bbox 391 410 1978 484">
     <span class='ocr_line' id='line_1_4' title="bbox 391 410 1978 484; baseline -0.004 -10"><span class='ocrx_word' id='word_1_6' title='bbox 391 433 628 474; x_wconf 88' lang='lat' dir='ltr'><strong>numero</strong></span> <span class='ocrx_word' id='word_1_7' title='bbox 683 417 850 474; x_wconf 91' lang='lat' dir='ltr'><strong>etiam</strong></span> <span class='ocrx_word' id='word_1_8' title='bbox 904 415 1033 470; x_wconf 93' lang='lat' dir='ltr'><strong>ﬁliis</strong></span> <span class='ocrx_word' id='word_1_9' title='bbox 1087 413 1447 484; x_wconf 78' lang='lat' dir='ltr'><strong>peccantibus</strong></span> <span class='ocrx_word' id='word_1_10' title='bbox 1477 412 1704 483; x_wconf 88' lang='lat' dir='ltr'><strong>profuit,</strong></span> <span class='ocrx_word' id='word_1_11' title='bbox 1737 419 1798 467; x_wconf 90' lang='lat' dir='ltr'><strong>ut</strong></span> <span class='ocrx_word' id='word_1_12' title='bbox 1845 410 1978 467; x_wconf 88' lang='lat' dir='ltr'><strong>ﬁdes</strong></span> 
     </span>
    </p>
   </div>
   <div class='ocr_carea' id='block_1_5' title="bbox 2088 402 3665 484">
    <p class='ocr_par' dir='ltr' id='par_1_5' title="bbox 2088 402 3665 480">
     <span class='ocr_line' id='line_1_5' title="bbox 2088 402 3665 480; baseline -0.003 -18"><span class='ocrx_word' id='word_1_13' title='bbox 2088 408 2428 480; x_wconf 84' lang='grc' dir='ltr'>μελήσαντας</span> <span class='ocrx_word' id='word_1_14' title='bbox 2462 407 2640 478; x_wconf 82' lang='grc' dir='ltr'>ὢνησε</span> <span class='ocrx_word' id='word_1_15' title='bbox 2685 404 2900 470; x_wconf 78' lang='grc' dir='ltr'>παῖδας,</span> <span class='ocrx_word' id='word_1_16' title='bbox 2945 402 3020 468; x_wconf 85' lang='grc' dir='ltr'>ὡς</span> <span class='ocrx_word' id='word_1_17' title='bbox 3061 403 3186 468; x_wconf 81' lang='grc' dir='ltr'><strong>τούς</strong></span> <span class='ocrx_word' id='word_1_18' title='bbox 3228 405 3519 468; x_wconf 74' lang='grc' dir='ltr'><strong>Ἰουδαίους</strong></span> <span class='ocrx_word' id='word_1_19' title='bbox 3573 408 3665 458; x_wconf 73' lang='grc' dir='ltr'>τοῦ</span> 
     </span>
    </p>
   </div>
   <div class='ocr_carea' id='block_1_6' title="bbox 393 503 1974 576">
    <p class='ocr_par' dir='ltr' id='par_1_6' title="bbox 393 503 1974 576">
     <span class='ocr_line' id='line_1_6' title="bbox 393 503 1974 576; baseline -0.004 -12"><span class='ocrx_word' id='word_1_20' title='bbox 393 509 695 566; x_wconf 82' lang='lat' dir='ltr'><strong>Abrahami</strong></span> <span class='ocrx_word' id='word_1_21' title='bbox 750 507 974 573; x_wconf 69' lang='lat' dir='ltr'><strong>Iudaeis,</strong></span> <span class='ocrx_word' id='word_1_22' title='bbox 1037 513 1092 561; x_wconf 88' lang='lat' dir='ltr'><strong>et</strong></span> <span class='ocrx_word' id='word_1_23' title='bbox 1153 504 1374 561; x_wconf 84' lang='lat' dir='ltr'><strong>Davidis</strong></span> <span class='ocrx_word' id='word_1_24' title='bbox 1431 505 1608 576; x_wconf 88' lang='lat' dir='ltr'><strong>pietas</strong></span> <span class='ocrx_word' id='word_1_25' title='bbox 1670 503 1974 561; x_wconf 90' lang='lat' dir='ltr'><strong>Salomoni.</strong></span> 
     </span>
    </p>
   </div>
   <div class='ocr_carea' id='block_1_7' title="bbox 397 595 1979 669">
    <p class='ocr_par' dir='ltr' id='par_1_7' title="bbox 397 595 1979 669">
     <span class='ocr_line' id='line_1_7' title="bbox 397 595 1979 669; baseline -0.005 -13"><span class='ocrx_word' id='word_1_26' title='bbox 397 602 504 656; x_wconf 88' lang='lat' dir='ltr'><strong>Sed</strong></span> <span class='ocrx_word' id='word_1_27' title='bbox 555 601 794 669; x_wconf 75' lang='lat' dir='ltr'><strong>pravitas</strong></span> <span class='ocrx_word' id='word_1_28' title='bbox 834 608 1055 667; x_wconf 84' lang='lat' dir='ltr'><strong>patrum</strong></span> <span class='ocrx_word' id='word_1_29' title='bbox 1091 595 1217 650; x_wconf 86' lang='lat' dir='ltr'><strong>ﬁliis</strong></span> <span class='ocrx_word' id='word_1_30' title='bbox 1251 595 1525 652; x_wconf 80' lang='lat' dir='ltr'><strong>similibus</strong></span> <span class='ocrx_word' id='word_1_31' title='bbox 1561 610 1780 665; x_wconf 86' lang='lat' dir='ltr'><strong>poenam</strong></span> <span class='ocrx_word' id='word_1_32' title='bbox 1814 609 1979 666; x_wconf 89' lang='lat' dir='ltr'><strong>auge-</strong></span> 
     </span>
    </p>
   </div>
   <div class='ocr_carea' id='block_1_8' title="bbox 397 684 1975 758">
    <p class='ocr_par' dir='ltr' id='par_1_8' title="bbox 397 684 1975 758">
     <span class='ocr_line' id='line_1_8' title="bbox 397 684 1975 758; baseline -0.004 -14"><span class='ocrx_word' id='word_1_33' title='bbox 397 691 515 745; x_wconf 91' lang='lat' dir='ltr'><strong>bit:</strong></span> <span class='ocrx_word' id='word_1_34' title='bbox 554 689 681 758; x_wconf 85' lang='lat' dir='ltr'><strong>quia</strong></span> <span class='ocrx_word' id='word_1_35' title='bbox 727 688 880 743; x_wconf 91' lang='lat' dir='ltr'><strong>nullo</strong></span> <span class='ocrx_word' id='word_1_36' title='bbox 906 701 975 742; x_wconf 86' lang='lat' dir='ltr'><strong>ex</strong></span> <span class='ocrx_word' id='word_1_37' title='bbox 1011 686 1133 741; x_wconf 89' lang='lat' dir='ltr'><strong>loco</strong></span> <span class='ocrx_word' id='word_1_38' title='bbox 1181 685 1579 742; x_wconf 66' lang='lat' dir='ltr'><strong>misericordiae</strong></span> <span class='ocrx_word' id='word_1_39' title='bbox 1617 685 1838 741; x_wconf 86' lang='lat' dir='ltr'><strong>occasio</strong></span> <span class='ocrx_word' id='word_1_40' title='bbox 1870 684 1975 740; x_wconf 84' lang='lat' dir='ltr'><strong>ulla</strong></span> 
     </span>
    </p>
   </div>
   <div class='ocr_carea' id='block_1_9' title="bbox 399 776 1976 848">
    <p class='ocr_par' dir='ltr' id='par_1_9' title="bbox 399 776 1976 848">
     <span class='ocr_line' id='line_1_9' title="bbox 399 776 1976 848; baseline -0.005 -10"><span class='ocrx_word' id='word_1_41' title='bbox 399 781 723 838; x_wconf 76' lang='lat' dir='ltr'><strong>invenietur.</strong></span> <span class='ocrx_word' id='word_1_42' title='bbox 759 777 875 833; x_wconf 89' lang='lat' dir='ltr'><strong>Hoc</strong></span> <span class='ocrx_word' id='word_1_43' title='bbox 916 777 1085 848; x_wconf 79' lang='lat' dir='ltr'><strong>igitur</strong></span> <span class='ocrx_word' id='word_1_44' title='bbox 1123 778 1345 833; x_wconf 85' lang='lat' dir='ltr'><strong>divinus</strong></span> <span class='ocrx_word' id='word_1_45' title='bbox 1378 793 1559 834; x_wconf 87' lang='lat' dir='ltr'><strong>sermo</strong></span> <span class='ocrx_word' id='word_1_46' title='bbox 1589 778 1722 834; x_wconf 83' lang='lat' dir='ltr'><strong>dicit</strong></span> <span class='ocrx_word' id='word_1_47' title='bbox 1753 796 1767 833; x_wconf 88' lang='lat'><strong>:</strong></span> <span class='ocrx_word' id='word_1_48' title='bbox 1797 776 1976 832; x_wconf 83' lang='lat' dir='ltr'><strong>Judaei</strong></span> 
     </span>
    </p>
   </div>
   <div class='ocr_carea' id='block_1_10' title="bbox 400 868 1977 940">
    <p class='ocr_par' dir='ltr' id='par_1_10' title="bbox 400 868 1977 940">
     <span class='ocr_line' id='line_1_10' title="bbox 400 868 1977 940; baseline -0.002 -15"><span class='ocrx_word' id='word_1_49' title='bbox 400 880 704 926; x_wconf 79' lang='lat' dir='ltr'><strong>extremum</strong></span> <span class='ocrx_word' id='word_1_50' title='bbox 752 869 984 925; x_wconf 80' lang='lat' dir='ltr'><strong>exitium</strong></span> <span class='ocrx_word' id='word_1_51' title='bbox 1041 868 1416 938; x_wconf 81' lang='lat' dir='ltr'><strong>perferentes,</strong></span> <span class='ocrx_word' id='word_1_52' title='bbox 1481 881 1680 940; x_wconf 72' lang='lat' dir='ltr'><strong>praeter</strong></span> <span class='ocrx_word' id='word_1_53' title='bbox 1728 869 1977 939; x_wconf 81' lang='lat' dir='ltr'><strong>preprias</strong></span> 
     </span>
    </p>
   </div>
   <div class='ocr_carea' id='block_1_11' title="bbox 401 959 1972 1032">
    <p class='ocr_par' dir='ltr' id='par_1_11' title="bbox 401 959 1972 1032">
     <span class='ocr_line' id='line_1_11' title="bbox 401 959 1972 1032; baseline -0.001 -15"><span class='ocrx_word' id='word_1_54' title='bbox 401 964 729 1032; x_wconf 87' lang='lat' dir='ltr'><strong>impietates,</strong></span> <span class='ocrx_word' id='word_1_55' title='bbox 760 961 922 1016; x_wconf 91' lang='lat' dir='ltr'><strong>etiam</strong></span> <span class='ocrx_word' id='word_1_56' title='bbox 955 961 1025 1016; x_wconf 93' lang='lat' dir='ltr'><strong>ob</strong></span> <span class='ocrx_word' id='word_1_57' title='bbox 1063 960 1384 1016; x_wconf 86' lang='lat' dir='ltr'><strong>memoriam</strong></span> <span class='ocrx_word' id='word_1_58' title='bbox 1416 970 1766 1032; x_wconf 87' lang='lat' dir='ltr'><strong>paternorum</strong></span> <span class='ocrx_word' id='word_1_59' title='bbox 1799 959 1972 1015; x_wconf 88' lang='lat' dir='ltr'><strong>malo-</strong></span> 
     </span>
    </p>
   </div>
   <div class='ocr_carea' id='block_1_12' title="bbox 402 1050 1976 1123">
    <p class='ocr_par' dir='ltr' id='par_1_12' title="bbox 402 1050 1976 1123">
     <span class='ocr_line' id='line_1_12' title="bbox 402 1050 1976 1123; baseline -0.001 -15"><span class='ocrx_word' id='word_1_60' title='bbox 402 1069 524 1108; x_wconf 85' lang='lat' dir='ltr'><strong>rum</strong></span> <span class='ocrx_word' id='word_1_61' title='bbox 550 1058 568 1074; x_wconf 83' lang='lat'><strong>&#39;</strong></span> <span class='ocrx_word' id='word_1_62' title='bbox 599 1052 794 1122; x_wconf 85' lang='lat' dir='ltr'><strong>majori</strong></span> <span class='ocrx_word' id='word_1_63' title='bbox 820 1052 1198 1106; x_wconf 88' lang='lat' dir='ltr'><strong>exsecratione</strong></span> <span class='ocrx_word' id='word_1_64' title='bbox 1228 1051 1376 1123; x_wconf 87' lang='lat' dir='ltr'><strong>digni</strong></span> <span class='ocrx_word' id='word_1_65' title='bbox 1404 1051 1754 1106; x_wconf 86' lang='lat' dir='ltr'><strong>videbuntur.</strong></span> <span class='ocrx_word' id='word_1_66' title='bbox 1786 1050 1976 1106; x_wconf 79' lang='lat' dir='ltr'><strong>Patres</strong></span> 
     </span>
    </p>
   </div>
   <div class='ocr_carea' id='block_1_13' title="bbox 401 1141 1978 1214">
    <p class='ocr_par' dir='ltr' id='par_1_13' title="bbox 401 1141 1978 1214">
     <span class='ocr_line' id='line_1_13' title="bbox 401 1141 1978 1214; baseline 0 -16"><span class='ocrx_word' id='word_1_67' title='bbox 401 1145 607 1214; x_wconf 89' lang='lat' dir='ltr'><strong>quippe</strong></span> <span class='ocrx_word' id='word_1_68' title='bbox 647 1142 868 1196; x_wconf 91' lang='lat' dir='ltr'><strong>illorum</strong></span> <span class='ocrx_word' id='word_1_69' title='bbox 899 1150 1058 1197; x_wconf 88' lang='lat' dir='ltr'><strong>vocat</strong></span> <span class='ocrx_word' id='word_1_70' title='bbox 1099 1156 1216 1207; x_wconf 88' lang='lat' dir='ltr'><strong>eos,</strong></span> <span class='ocrx_word' id='word_1_71' title='bbox 1259 1142 1355 1212; x_wconf 91' lang='lat' dir='ltr'><strong>qui</strong></span> <span class='ocrx_word' id='word_1_72' title='bbox 1396 1143 1448 1196; x_wconf 94' lang='lat' dir='ltr'><strong>in</strong></span> <span class='ocrx_word' id='word_1_73' title='bbox 1482 1141 1777 1198; x_wconf 90' lang='lat' dir='ltr'><strong>solitudine</strong></span> <span class='ocrx_word' id='word_1_74' title='bbox 1813 1142 1978 1213; x_wconf 85' lang='lat' dir='ltr'><strong>impie</strong></span> 
     </span>
    </p>
   </div>
   <div class='ocr_carea' id='block_1_14' title="bbox 398 1231 1974 1304">
    <p class='ocr_par' dir='ltr' id='par_1_14' title="bbox 398 1231 1974 1304">
     <span class='ocr_line' id='line_1_14' title="bbox 398 1231 1974 1304; baseline 0 -16"><span class='ocrx_word' id='word_1_75' title='bbox 398 1241 652 1304; x_wconf 83' lang='lat' dir='ltr'><strong>egerunt,</strong></span> <span class='ocrx_word' id='word_1_76' title='bbox 699 1243 754 1288; x_wconf 89' lang='lat' dir='ltr'><strong>et</strong></span> <span class='ocrx_word' id='word_1_77' title='bbox 796 1247 893 1288; x_wconf 89' lang='lat' dir='ltr'><strong>eos</strong></span> <span class='ocrx_word' id='word_1_78' title='bbox 937 1232 1029 1303; x_wconf 92' lang='lat' dir='ltr'><strong>qui</strong></span> <span class='ocrx_word' id='word_1_79' title='bbox 1072 1240 1316 1301; x_wconf 88' lang='lat' dir='ltr'><strong>tempore</strong></span> <span class='ocrx_word' id='word_1_80' title='bbox 1348 1231 1600 1288; x_wconf 85' lang='lat' dir='ltr'><strong>Judicum</strong></span> <span class='ocrx_word' id='word_1_81' title='bbox 1647 1243 1700 1288; x_wconf 91' lang='lat' dir='ltr'><strong>et</strong></span> <span class='ocrx_word' id='word_1_82' title='bbox 1744 1234 1974 1303; x_wconf 79' lang='lat' dir='ltr'><strong>Regum,</strong></span> 
     </span>
    </p>
   </div>
   <div class='ocr_carea' id='block_1_15' title="bbox 396 1322 1972 1396">
    <p class='ocr_par' dir='ltr' id='par_1_15' title="bbox 396 1322 1972 1396">
     <span class='ocr_line' id='line_1_15' title="bbox 396 1322 1972 1396; baseline -0.001 -16"><span class='ocrx_word' id='word_1_83' title='bbox 396 1334 452 1381; x_wconf 90' lang='lat' dir='ltr'><strong>ct</strong></span> <span class='ocrx_word' id='word_1_84' title='bbox 485 1325 579 1396; x_wconf 90' lang='lat' dir='ltr'><strong>qui</strong></span> <span class='ocrx_word' id='word_1_85' title='bbox 625 1335 752 1395; x_wconf 88' lang='lat' dir='ltr'><strong>post</strong></span> <span class='ocrx_word' id='word_1_86' title='bbox 785 1323 1022 1379; x_wconf 91' lang='lat' dir='ltr'><strong>reditum</strong></span> <span class='ocrx_word' id='word_1_87' title='bbox 1071 1339 1102 1378; x_wconf 90' lang='lat' dir='ltr'><strong>e</strong></span> <span class='ocrx_word' id='word_1_88' title='bbox 1138 1322 1421 1393; x_wconf 88' lang='lat' dir='ltr'><strong>Babylone</strong></span> <span class='ocrx_word' id='word_1_89' title='bbox 1469 1324 1679 1393; x_wconf 74' lang='lat' dir='ltr'><strong>inique‘</strong></span> <span class='ocrx_word' id='word_1_90' title='bbox 1697 1326 1972 1380; x_wconf 88' lang='lat' dir='ltr'><strong>vixerunt.</strong></span> 
     </span>
    </p>
   </div>
   <div class='ocr_carea' id='block_1_16' title="bbox 399 1412 1976 1485">
    <p class='ocr_par' dir='ltr' id='par_1_16' title="bbox 399 1412 1976 1485">
     <span class='ocr_line' id='line_1_16' title="bbox 399 1412 1976 1485; baseline 0.001 -17"><span class='ocrx_word' id='word_1_91' title='bbox 399 1416 627 1469; x_wconf 81' lang='lat' dir='ltr'><strong>Matrem</strong></span> <span class='ocrx_word' id='word_1_92' title='bbox 664 1428 790 1468; x_wconf 88' lang='lat' dir='ltr'><strong>vero</strong></span> <span class='ocrx_word' id='word_1_93' title='bbox 825 1413 901 1467; x_wconf 81' lang='lat' dir='ltr'><strong>ait</strong></span> <span class='ocrx_word' id='word_1_94' title='bbox 933 1412 1382 1483; x_wconf 80' lang='lat' dir='ltr'><strong>Hierosolymam,</strong></span> <span class='ocrx_word' id='word_1_95' title='bbox 1421 1413 1475 1468; x_wconf 90' lang='lat' dir='ltr'><strong>in</strong></span> <span class='ocrx_word' id='word_1_96' title='bbox 1504 1429 1612 1482; x_wconf 87' lang='lat' dir='ltr'><strong>qua</strong></span> <span class='ocrx_word' id='word_1_97' title='bbox 1639 1416 1822 1470; x_wconf 90' lang='lat' dir='ltr'><strong>scelus</strong></span> <span class='ocrx_word' id='word_1_98' title='bbox 1851 1430 1976 1485; x_wconf 85' lang='lat' dir='ltr'><strong>par-</strong></span> 
     </span>
    </p>
   </div>
   <div class='ocr_carea' id='block_1_17' title="bbox 396 1505 1972 1575">
    <p class='ocr_par' dir='ltr' id='par_1_17' title="bbox 396 1505 1972 1575">
     <span class='ocr_line' id='line_1_17' title="bbox 396 1505 1972 1575; baseline 0.001 -14"><span class='ocrx_word' id='word_1_99' title='bbox 396 1508 578 1563; x_wconf 86' lang='lat' dir='ltr'><strong>ricidii</strong></span> <span class='ocrx_word' id='word_1_100' title='bbox 632 1507 686 1561; x_wconf 92' lang='lat' dir='ltr'><strong>in</strong></span> <span class='ocrx_word' id='word_1_101' title='bbox 731 1505 1021 1560; x_wconf 91' lang='lat' dir='ltr'><strong>Dominum</strong></span> <span class='ocrx_word' id='word_1_102' title='bbox 1072 1505 1352 1561; x_wconf 90' lang='lat' dir='ltr'><strong>Christum</strong></span> <span class='ocrx_word' id='word_1_103' title='bbox 1392 1514 1610 1575; x_wconf 87' lang='lat' dir='ltr'><strong>patrare</strong></span> <span class='ocrx_word' id='word_1_104' title='bbox 1659 1507 1779 1562; x_wconf 89' lang='lat' dir='ltr'><strong>ausi</strong></span> <span class='ocrx_word' id='word_1_105' title='bbox 1825 1513 1972 1562; x_wconf 88' lang='lat' dir='ltr'><strong>sunt.</strong></span> 
     </span>
    </p>
   </div>
   <div class='ocr_carea' id='block_1_18' title="bbox 406 1595 1977 1666">
    <p class='ocr_par' dir='ltr' id='par_1_18' title="bbox 406 1595 1977 1666">
     <span class='ocr_line' id='line_1_18' title="bbox 406 1595 1977 1666; baseline 0.001 -15"><span class='ocrx_word' id='word_1_106' title='bbox 406 1597 523 1654; x_wconf 80' lang='lat' dir='ltr'><strong>Hoc</strong></span> <span class='ocrx_word' id='word_1_107' title='bbox 549 1597 692 1651; x_wconf 89' lang='lat' dir='ltr'><strong>enim</strong></span> <span class='ocrx_word' id='word_1_108' title='bbox 723 1597 988 1652; x_wconf 87' lang='lat' dir='ltr'><strong>Dominus</strong></span> <span class='ocrx_word' id='word_1_109' title='bbox 1017 1597 1190 1651; x_wconf 88' lang='lat' dir='ltr'><strong>sacris</strong></span> <span class='ocrx_word' id='word_1_110' title='bbox 1217 1596 1272 1650; x_wconf 90' lang='lat' dir='ltr'><strong>in</strong></span> <span class='ocrx_word' id='word_1_111' title='bbox 1303 1595 1613 1666; x_wconf 78' lang='lat' dir='ltr'><strong>Evangeliis</strong></span> <span class='ocrx_word' id='word_1_112' title='bbox 1640 1597 1777 1652; x_wconf 80' lang='lat' dir='ltr'><strong>dixit</strong></span> <span class='ocrx_word' id='word_1_113' title='bbox 1807 1614 1820 1651; x_wconf 88' lang='lat'><strong>:</strong></span> <span class='ocrx_word' id='word_1_114' title='bbox 1857 1614 1874 1648; x_wconf 82' lang='grc' dir='ltr'>ι</span> <span class='ocrx_word' id='word_1_115' title='bbox 1907 1596 1977 1652; x_wconf 93' lang='lat' dir='ltr'><strong>Ut</strong></span> 
     </span>
    </p>
   </div>
   <div class='ocr_carea' id='block_1_19' title="bbox 397 1687 1974 1759">
    <p class='ocr_par' dir='ltr' id='par_1_19' title="bbox 397 1687 1974 1759">
     <span class='ocr_line' id='line_1_19' title="bbox 397 1687 1974 1759; baseline -0.001 -16"><span class='ocrx_word' id='word_1_116' title='bbox 397 1691 582 1744; x_wconf 80' lang='lat' dir='ltr'><strong>veniat</strong></span> <span class='ocrx_word' id='word_1_117' title='bbox 631 1703 798 1758; x_wconf 80' lang='lat' dir='ltr'><strong>super</strong></span> <span class='ocrx_word' id='word_1_118' title='bbox 858 1687 1266 1758; x_wconf 81' lang='lat' dir='ltr'><strong>generationem</strong></span> <span class='ocrx_word' id='word_1_119' title='bbox 1329 1687 1472 1743; x_wconf 87' lang='lat' dir='ltr'><strong>hanc</strong></span> <span class='ocrx_word' id='word_1_120' title='bbox 1512 1689 1694 1744; x_wconf 89' lang='lat' dir='ltr'><strong>omnis</strong></span> <span class='ocrx_word' id='word_1_121' title='bbox 1751 1687 1974 1759; x_wconf 82' lang='lat' dir='ltr'><strong>sanguis</strong></span> 
     </span>
    </p>
   </div>
   <div class='ocr_carea' id='block_1_20' title="bbox 2091 495 3675 570">
    <p class='ocr_par' dir='ltr' id='par_1_20' title="bbox 2091 495 3675 570">
     <span class='ocr_line' id='line_1_20' title="bbox 2091 495 3675 570; baseline -0.002 -17"><span class='ocrx_word' id='word_1_122' title='bbox 2091 498 2346 570; x_wconf 76' lang='grc' dir='ltr'>Ἀϐραὰμ</span> <span class='ocrx_word' id='word_1_123' title='bbox 2375 500 2408 568; x_wconf 82' lang='grc' dir='ltr'>ἡ</span> <span class='ocrx_word' id='word_1_124' title='bbox 2450 497 2657 563; x_wconf 81' lang='grc' dir='ltr'><strong>πίστις,</strong></span> <span class='ocrx_word' id='word_1_125' title='bbox 2706 495 2783 560; x_wconf 83' lang='grc' dir='ltr'>ὡς</span> <span class='ocrx_word' id='word_1_126' title='bbox 2827 495 2921 549; x_wconf 82' lang='grc' dir='ltr'>τὸν</span> <span class='ocrx_word' id='word_1_127' title='bbox 2953 495 3277 566; x_wconf 85' lang='grc' dir='ltr'>Σολομῶντα</span> <span class='ocrx_word' id='word_1_128' title='bbox 3309 496 3402 551; x_wconf 84' lang='grc' dir='ltr'>τοῦ</span> <span class='ocrx_word' id='word_1_129' title='bbox 3443 497 3612 550; x_wconf 79' lang='grc' dir='ltr'>Δαὸὶδ</span> <span class='ocrx_word' id='word_1_130' title='bbox 3640 496 3675 562; x_wconf 80' lang='grc' dir='ltr'><strong>ἡ</strong></span> 
     </span>
    </p>
   </div>
   <div class='ocr_carea' id='block_1_21' title="bbox 2077 585 3669 660">
    <p class='ocr_par' dir='ltr' id='par_1_21' title="bbox 2077 585 3669 660">
     <span class='ocr_line' id='line_1_21' title="bbox 2077 585 3669 660; baseline -0.003 -16"><span class='ocrx_word' id='word_1_131' title='bbox 2077 589 2350 644; x_wconf 77' lang='grc' dir='ltr'>εὐσέϐεια.</span> <span class='ocrx_word' id='word_1_132' title='bbox 2393 587 2638 660; x_wconf 86' lang='grc' dir='ltr'>Πονηρία</span> <span class='ocrx_word' id='word_1_133' title='bbox 2687 586 2743 640; x_wconf 81' lang='grc' dir='ltr'><strong>δὲ</strong></span> <span class='ocrx_word' id='word_1_134' title='bbox 2774 585 3034 657; x_wconf 79' lang='grc' dir='ltr'><strong>πατέρων</strong></span> <span class='ocrx_word' id='word_1_135' title='bbox 3071 588 3186 650; x_wconf 83' lang='grc' dir='ltr'>τοῖς</span> <span class='ocrx_word' id='word_1_136' title='bbox 3215 585 3428 657; x_wconf 81' lang='grc' dir='ltr'><strong>ὁμοίοις</strong></span> <span class='ocrx_word' id='word_1_137' title='bbox 3475 590 3669 640; x_wconf 72' lang='grc' dir='ltr'>παισὶν</span> 
     </span>
    </p>
   </div>
   <div class='ocr_carea' id='block_1_22' title="bbox 2079 677 3664 751">
    <p class='ocr_par' dir='ltr' id='par_1_22' title="bbox 2079 677 3664 751">
     <span class='ocr_line' id='line_1_22' title="bbox 2079 677 3664 751; baseline -0.003 -16"><span class='ocrx_word' id='word_1_138' title='bbox 2079 680 2306 746; x_wconf 79' lang='grc' dir='ltr'>ἐπαύξει</span> <span class='ocrx_word' id='word_1_139' title='bbox 2351 680 2451 751; x_wconf 82' lang='grc' dir='ltr'>τὴν</span> <span class='ocrx_word' id='word_1_140' title='bbox 2495 679 2768 750; x_wconf 73' lang='grc' dir='ltr'><strong>τιμωρίαν</strong></span> <span class='ocrx_word' id='word_1_141' title='bbox 2788 695 2802 709; x_wconf 89' lang='grc'><strong>·</strong></span> <span class='ocrx_word' id='word_1_142' title='bbox 2834 678 3064 748; x_wconf 83' lang='grc' dir='ltr'>οὐδεμία</span> <span class='ocrx_word' id='word_1_143' title='bbox 3090 677 3201 748; x_wconf 78' lang='grc' dir='ltr'>γὰρ</span> <span class='ocrx_word' id='word_1_144' title='bbox 3231 678 3535 747; x_wconf 81' lang='grc' dir='ltr'><strong>οὐδαμόθεν</strong></span> <span class='ocrx_word' id='word_1_145' title='bbox 3571 680 3664 731; x_wconf 86' lang='grc' dir='ltr'>εὐ-</span> 
     </span>
    </p>
   </div>
   <div class='ocr_carea' id='block_1_23' title="bbox 2081 771 3668 850">
    <p class='ocr_par' dir='ltr' id='par_1_23' title="bbox 2081 771 3668 850">
     <span class='ocr_line' id='line_1_23' title="bbox 2081 771 3668 850; baseline -0.003 -20"><span class='ocrx_word' id='word_1_146' title='bbox 2081 777 2333 847; x_wconf 85' lang='grc' dir='ltr'>ρίσκεται</span> <span class='ocrx_word' id='word_1_147' title='bbox 2382 773 2602 845; x_wconf 76' lang='grc' dir='ltr'><strong>φειδοῦς</strong></span> <span class='ocrx_word' id='word_1_148' title='bbox 2636 773 2884 844; x_wconf 79' lang='grc' dir='ltr'>ἀφορμή.</span> <span class='ocrx_word' id='word_1_149' title='bbox 2924 771 3096 827; x_wconf 76' lang='grc' dir='ltr'>Τοῦτο</span> <span class='ocrx_word' id='word_1_150' title='bbox 3129 773 3310 850; x_wconf 83' lang='grc' dir='ltr'>τοίνυν</span> <span class='ocrx_word' id='word_1_151' title='bbox 3350 773 3446 826; x_wconf 71' lang='grc' dir='ltr'><strong>καὶ</strong></span> <span class='ocrx_word' id='word_1_152' title='bbox 3474 775 3503 825; x_wconf 84' lang='grc' dir='ltr'>ὁ</span> <span class='ocrx_word' id='word_1_153' title='bbox 3532 789 3668 843; x_wconf 82' lang='grc' dir='ltr'>προ-</span> 
     </span>
    </p>
   </div>
   <div class='ocr_carea' id='block_1_24' title="bbox 2078 864 3666 938">
    <p class='ocr_par' dir='ltr' id='par_1_24' title="bbox 2078 864 3666 938">
     <span class='ocr_line' id='line_1_24' title="bbox 2078 864 3666 938; baseline -0.002 -18"><span class='ocrx_word' id='word_1_154' title='bbox 2078 867 2309 938; x_wconf 80' lang='grc' dir='ltr'>φητικδς</span> <span class='ocrx_word' id='word_1_155' title='bbox 2361 867 2465 937; x_wconf 74' lang='grc' dir='ltr'><strong>ἔφη</strong></span> <span class='ocrx_word' id='word_1_156' title='bbox 2522 865 2699 934; x_wconf 88' lang='grc' dir='ltr'>λόγος,</span> <span class='ocrx_word' id='word_1_157' title='bbox 2738 866 2822 919; x_wconf 85' lang='grc' dir='ltr'><strong>ὅτι</strong></span> <span class='ocrx_word' id='word_1_158' title='bbox 2856 864 3105 919; x_wconf 83' lang='grc' dir='ltr'>Ἰουδαῖοι</span> <span class='ocrx_word' id='word_1_159' title='bbox 3139 864 3240 936; x_wconf 76' lang='grc' dir='ltr'>τὴν</span> <span class='ocrx_word' id='word_1_160' title='bbox 3277 864 3666 934; x_wconf 71' lang='grc' dir='ltr'>πανωλεθρίαν</span> 
     </span>
    </p>
   </div>
   <div class='ocr_carea' id='block_1_25' title="bbox 2079 957 3668 1032">
    <p class='ocr_par' dir='ltr' id='par_1_25' title="bbox 2079 957 3668 1032">
     <span class='ocr_line' id='line_1_25' title="bbox 2079 957 3668 1032; baseline -0.001 -18"><span class='ocrx_word' id='word_1_161' title='bbox 2079 961 2444 1031; x_wconf 80' lang='grc' dir='ltr'><strong>ὑπομένοντες</strong></span> <span class='ocrx_word' id='word_1_162' title='bbox 2470 960 2605 1030; x_wconf 77' lang='grc' dir='ltr'>πρὸς</span> <span class='ocrx_word' id='word_1_163' title='bbox 2630 962 2746 1022; x_wconf 83' lang='grc' dir='ltr'>ταῖς</span> <span class='ocrx_word' id='word_1_164' title='bbox 2768 957 2999 1022; x_wconf 73' lang='grc' dir='ltr'><strong>οἰκείαις</strong></span> <span class='ocrx_word' id='word_1_165' title='bbox 3021 958 3302 1021; x_wconf 77' lang='grc' dir='ltr'>ἀσεϐείαις</span> <span class='ocrx_word' id='word_1_166' title='bbox 3329 961 3396 1029; x_wconf 86' lang='grc' dir='ltr'>τῇ</span> <span class='ocrx_word' id='word_1_167' title='bbox 3421 959 3441 989; x_wconf 83' lang='lat'>&#39;</span> <span class='ocrx_word' id='word_1_168' title='bbox 3472 959 3668 1032; x_wconf 79' lang='grc' dir='ltr'>μνήμῃ</span> 
     </span>
    </p>
   </div>
   <div class='ocr_carea' id='block_1_26' title="bbox 2076 1050 3666 1124">
    <p class='ocr_par' dir='ltr' id='par_1_26' title="bbox 2076 1050 3666 1124">
     <span class='ocr_line' id='line_1_26' title="bbox 2076 1050 3666 1124; baseline -0.001 -18"><span class='ocrx_word' id='word_1_169' title='bbox 2076 1053 2188 1107; x_wconf 87' lang='grc' dir='ltr'><strong>τῶν</strong></span> <span class='ocrx_word' id='word_1_170' title='bbox 2215 1051 2493 1124; x_wconf 83' lang='grc' dir='ltr'><strong>πατρῴων</strong></span> <span class='ocrx_word' id='word_1_171' title='bbox 2526 1052 2711 1106; x_wconf 86' lang='grc' dir='ltr'>κακῶν</span> <span class='ocrx_word' id='word_1_172' title='bbox 2742 1052 3072 1120; x_wconf 77' lang='grc' dir='ltr'>φανήσονται</span> <span class='ocrx_word' id='word_1_173' title='bbox 3102 1050 3517 1122; x_wconf 78' lang='grc' dir='ltr'>βδελυρώτεροι.</span> <span class='ocrx_word' id='word_1_174' title='bbox 3545 1055 3666 1104; x_wconf 80' lang='grc' dir='ltr'><strong>Πα-</strong></span> 
     </span>
    </p>
   </div>
   <div class='ocr_carea' id='block_1_27' title="bbox 2078 1143 3664 1216">
    <p class='ocr_par' dir='ltr' id='par_1_27' title="bbox 2078 1143 3664 1216">
     <span class='ocr_line' id='line_1_27' title="bbox 2078 1143 3664 1216; baseline 0 -20"><span class='ocrx_word' id='word_1_175' title='bbox 2078 1145 2253 1212; x_wconf 83' lang='grc' dir='ltr'>τέρας</span> <span class='ocrx_word' id='word_1_176' title='bbox 2299 1145 2357 1198; x_wconf 84' lang='grc' dir='ltr'><strong>δέ</strong></span> <span class='ocrx_word' id='word_1_177' title='bbox 2387 1143 2569 1198; x_wconf 88' lang='grc' dir='ltr'>αὐτῶν</span> <span class='ocrx_word' id='word_1_178' title='bbox 2603 1143 2760 1197; x_wconf 82' lang='grc' dir='ltr'>καλεῖ</span> <span class='ocrx_word' id='word_1_179' title='bbox 2795 1143 2921 1206; x_wconf 85' lang='grc' dir='ltr'><strong>τούς</strong></span> <span class='ocrx_word' id='word_1_180' title='bbox 2952 1143 3011 1196; x_wconf 92' lang='grc' dir='ltr'>ἐν</span> <span class='ocrx_word' id='word_1_181' title='bbox 3045 1145 3111 1214; x_wconf 77' lang='grc' dir='ltr'>τῇ</span> <span class='ocrx_word' id='word_1_182' title='bbox 3135 1143 3328 1215; x_wconf 82' lang='grc' dir='ltr'><strong>ἐρήμῳ</strong></span> <span class='ocrx_word' id='word_1_183' title='bbox 3360 1146 3428 1216; x_wconf 78' lang='grc' dir='ltr'>τῇ</span> <span class='ocrx_word' id='word_1_184' title='bbox 3466 1143 3664 1196; x_wconf 89' lang='grc' dir='ltr'>δυσσε-</span> 
     </span>
    </p>
   </div>
   <div class='ocr_carea' id='block_1_28' title="bbox 2079 1233 3667 1306">
    <p class='ocr_par' dir='ltr' id='par_1_28' title="bbox 2079 1233 3667 1306">
     <span class='ocr_line' id='line_1_28' title="bbox 2079 1233 3667 1306; baseline 0.001 -20"><span class='ocrx_word' id='word_1_185' title='bbox 2079 1234 2203 1306; x_wconf 74' lang='grc' dir='ltr'>ϐεία</span> <span class='ocrx_word' id='word_1_186' title='bbox 2231 1233 2632 1305; x_wconf 81' lang='grc' dir='ltr'>χρησαμένους,</span> <span class='ocrx_word' id='word_1_187' title='bbox 2680 1235 2810 1298; x_wconf 87' lang='grc' dir='ltr'><strong>τούς</strong></span> <span class='ocrx_word' id='word_1_188' title='bbox 2835 1233 2932 1287; x_wconf 76' lang='grc' dir='ltr'>ἐπὶ</span> <span class='ocrx_word' id='word_1_189' title='bbox 2977 1234 3088 1287; x_wconf 88' lang='grc' dir='ltr'><strong>τῶν</strong></span> <span class='ocrx_word' id='word_1_190' title='bbox 3127 1233 3370 1305; x_wconf 82' lang='grc' dir='ltr'>Κριτῶν,</span> <span class='ocrx_word' id='word_1_191' title='bbox 3401 1236 3531 1298; x_wconf 83' lang='grc' dir='ltr'><strong>τούς</strong></span> <span class='ocrx_word' id='word_1_192' title='bbox 3572 1236 3667 1289; x_wconf 79' lang='grc' dir='ltr'>ἐπὶ</span> 
     </span>
    </p>
   </div>
   <div class='ocr_carea' id='block_1_29' title="bbox 2078 1324 3665 1396">
    <p class='ocr_par' dir='ltr' id='par_1_29' title="bbox 2078 1324 3665 1396">
     <span class='ocr_line' id='line_1_29' title="bbox 2078 1324 3665 1396; baseline 0.001 -17"><span class='ocrx_word' id='word_1_193' title='bbox 2078 1324 2185 1379; x_wconf 91' lang='grc' dir='ltr'><strong>τῶν</strong></span> <span class='ocrx_word' id='word_1_194' title='bbox 2217 1325 2512 1390; x_wconf 79' lang='grc' dir='ltr'><strong>Βασιλέων,</strong></span> <span class='ocrx_word' id='word_1_195' title='bbox 2545 1326 2673 1389; x_wconf 83' lang='grc' dir='ltr'><strong>τούς</strong></span> <span class='ocrx_word' id='word_1_196' title='bbox 2709 1325 2846 1396; x_wconf 78' lang='grc' dir='ltr'>μετὰ</span> <span class='ocrx_word' id='word_1_197' title='bbox 2875 1324 2974 1396; x_wconf 76' lang='grc' dir='ltr'>τὴν</span> <span class='ocrx_word' id='word_1_198' title='bbox 3003 1325 3112 1379; x_wconf 82' lang='grc' dir='ltr'>ἀπὸ</span> <span class='ocrx_word' id='word_1_199' title='bbox 3141 1325 3463 1390; x_wconf 82' lang='grc' dir='ltr'>Βαϐυλῶνος</span> <span class='ocrx_word' id='word_1_200' title='bbox 3494 1328 3665 1380; x_wconf 83' lang='grc' dir='ltr'>ἐπάν-</span> 
     </span>
    </p>
   </div>
   <div class='ocr_carea' id='block_1_30' title="bbox 2078 1417 3664 1490">
    <p class='ocr_par' dir='ltr' id='par_1_30' title="bbox 2078 1417 3664 1490">
     <span class='ocr_line' id='line_1_30' title="bbox 2078 1417 3664 1490; baseline 0.001 -20"><span class='ocrx_word' id='word_1_201' title='bbox 2078 1417 2197 1470; x_wconf 88' lang='grc' dir='ltr'>οδον</span> <span class='ocrx_word' id='word_1_202' title='bbox 2265 1418 2582 1490; x_wconf 76' lang='grc' dir='ltr'>παρανομίᾳ</span> <span class='ocrx_word' id='word_1_203' title='bbox 2663 1418 3092 1488; x_wconf 82' lang='grc' dir='ltr'>συζήσαντας⁸·</span> <span class='ocrx_word' id='word_1_204' title='bbox 3151 1419 3381 1487; x_wconf 82' lang='grc' dir='ltr'>μητέρα</span> <span class='ocrx_word' id='word_1_205' title='bbox 3445 1420 3504 1472; x_wconf 87' lang='grc' dir='ltr'>δὲ</span> <span class='ocrx_word' id='word_1_206' title='bbox 3565 1419 3664 1487; x_wconf 76' lang='grc' dir='ltr'>τὴν</span> 
     </span>
    </p>
   </div>
   <div class='ocr_carea' id='block_1_31' title="bbox 2085 1500 3662 1578">
    <p class='ocr_par' dir='ltr' id='par_1_31' title="bbox 2085 1500 3662 1578">
     <span class='ocr_line' id='line_1_31' title="bbox 2085 1500 3662 1578; baseline 0.001 -20"><span class='ocrx_word' id='word_1_207' title='bbox 2085 1503 2452 1575; x_wconf 83' lang='grc' dir='ltr'>Ἰερουσαλὴμ</span> <span class='ocrx_word' id='word_1_208' title='bbox 2508 1505 2614 1576; x_wconf 77' lang='grc' dir='ltr'><strong>ἔφη</strong></span> <span class='ocrx_word' id='word_1_209' title='bbox 2648 1505 2704 1538; x_wconf 67' lang='grc' dir='ltr'>δ’</span> <span class='ocrx_word' id='word_1_210' title='bbox 2737 1507 2794 1559; x_wconf 86' lang='grc' dir='ltr'>ἐν</span> <span class='ocrx_word' id='word_1_211' title='bbox 2933 1507 3035 1576; x_wconf 81' lang='grc' dir='ltr'>τῆς</span> <span class='ocrx_word' id='word_1_212' title='bbox 3072 1505 3218 1559; x_wconf 85' lang='grc' dir='ltr'>κατὰ</span> <span class='ocrx_word' id='word_1_213' title='bbox 3247 1505 3344 1558; x_wconf 81' lang='grc' dir='ltr'>τοῦ</span> <span class='ocrx_word' id='word_1_214' title='bbox 3388 1508 3662 1560; x_wconf 79' lang='grc' dir='ltr'>Δεσπότου</span> 
     </span>
    </p>
   </div>
   <div class='ocr_carea' id='block_1_32' title="bbox 2079 1596 3662 1670">
    <p class='ocr_par' dir='ltr' id='par_1_32' title="bbox 2079 1596 3662 1670">
     <span class='ocr_line' id='line_1_32' title="bbox 2079 1596 3662 1670; baseline -0.001 -19"><span class='ocrx_word' id='word_1_215' title='bbox 2079 1596 2317 1669; x_wconf 79' lang='grc' dir='ltr'>Χριστοῦ</span> <span class='ocrx_word' id='word_1_216' title='bbox 2352 1597 2670 1668; x_wconf 79' lang='grc' dir='ltr'>μιαιφονίας</span> <span class='ocrx_word' id='word_1_217' title='bbox 2697 1596 2973 1668; x_wconf 77' lang='grc' dir='ltr'>ἐτολμήθη</span> <span class='ocrx_word' id='word_1_218' title='bbox 3002 1599 3063 1651; x_wconf 80' lang='grc' dir='ltr'><strong>τὸ</strong></span> <span class='ocrx_word' id='word_1_219' title='bbox 3094 1599 3284 1668; x_wconf 83' lang='grc' dir='ltr'>μύσος.</span> <span class='ocrx_word' id='word_1_220' title='bbox 3308 1597 3480 1651; x_wconf 81' lang='grc' dir='ltr'>Τοῦτο</span> <span class='ocrx_word' id='word_1_221' title='bbox 3503 1600 3611 1670; x_wconf 70' lang='grc' dir='ltr'><strong>γὰρ</strong></span> <span class='ocrx_word' id='word_1_222' title='bbox 3641 1600 3662 1630; x_wconf 88' lang='grc'><strong><em>⁵</em></strong></span> 
     </span>
    </p>
   </div>
   <div class='ocr_carea' id='block_1_33' title="bbox 2076 1689 3662 1762">
    <p class='ocr_par' dir='ltr' id='par_1_33' title="bbox 2076 1689 3662 1762">
     <span class='ocr_line' id='line_1_33' title="bbox 2076 1689 3662 1762; baseline 0.001 -20"><span class='ocrx_word' id='word_1_223' title='bbox 2076 1691 2106 1742; x_wconf 85' lang='grc' dir='ltr'><strong>ὁ</strong></span> <span class='ocrx_word' id='word_1_224' title='bbox 2132 1690 2338 1762; x_wconf 83' lang='grc' dir='ltr'>Κύριος</span> <span class='ocrx_word' id='word_1_225' title='bbox 2367 1693 2425 1744; x_wconf 88' lang='grc' dir='ltr'>ἐν</span> <span class='ocrx_word' id='word_1_226' title='bbox 2444 1693 2556 1754; x_wconf 87' lang='grc' dir='ltr'>τοῖς</span> <span class='ocrx_word' id='word_1_227' title='bbox 2578 1690 2932 1759; x_wconf 80' lang='grc' dir='ltr'>Εὐαγγελίοις</span> <span class='ocrx_word' id='word_1_228' title='bbox 2956 1690 3062 1761; x_wconf 79' lang='grc' dir='ltr'>ἔφη</span> <span class='ocrx_word' id='word_1_229' title='bbox 3088 1707 3102 1722; x_wconf 77' lang='grc' dir='ltr'><strong>ο</strong></span> <span class='ocrx_word' id='word_1_230' title='bbox 3130 1712 3149 1744; x_wconf 74' lang='grc' dir='ltr'>ι</span> <span class='ocrx_word' id='word_1_231' title='bbox 3164 1689 3352 1755; x_wconf 84' lang='grc' dir='ltr'>Ὅπως</span> <span class='ocrx_word' id='word_1_232' title='bbox 3373 1691 3439 1745; x_wconf 84' lang='grc' dir='ltr'><strong>ἂν</strong></span> <span class='ocrx_word' id='word_1_233' title='bbox 3460 1693 3662 1762; x_wconf 76' lang='grc' dir='ltr'>ἐπέλθῃ</span> 
     </span>
    </p>
   </div>
   <div class='ocr_carea' id='block_1_34' title="bbox 399 1767 1981 1852">
    <p class='ocr_par' dir='ltr' id='par_1_34' title="bbox 399 1777 1978 1850">
     <span class='ocr_line' id='line_1_34' title="bbox 399 1777 1978 1850; baseline 0 -16"><span class='ocrx_word' id='word_1_234' title='bbox 399 1781 688 1845; x_wconf 84' lang='lat' dir='ltr'><strong>innocens,</strong></span> <span class='ocrx_word' id='word_1_235' title='bbox 723 1779 820 1848; x_wconf 89' lang='lat' dir='ltr'><strong>qui</strong></span> <span class='ocrx_word' id='word_1_236' title='bbox 853 1777 1063 1833; x_wconf 79' lang='lat' dir='ltr'><strong>effusus</strong></span> <span class='ocrx_word' id='word_1_237' title='bbox 1090 1787 1173 1833; x_wconf 89' lang='lat' dir='ltr'><strong>est</strong></span> <span class='ocrx_word' id='word_1_238' title='bbox 1205 1793 1371 1848; x_wconf 89' lang='lat' dir='ltr'><strong>super</strong></span> <span class='ocrx_word' id='word_1_239' title='bbox 1404 1787 1604 1834; x_wconf 88' lang='lat' dir='ltr'><strong>terram</strong></span> <span class='ocrx_word' id='word_1_240' title='bbox 1649 1794 1680 1833; x_wconf 89' lang='lat' dir='ltr'><strong>a</strong></span> <span class='ocrx_word' id='word_1_241' title='bbox 1713 1779 1978 1850; x_wconf 85' lang='lat' dir='ltr'><strong>sanguine</strong></span> 
     </span>
    </p>
   </div>
   <div class='ocr_carea' id='block_1_35' title="bbox 2088 1767 3661 1852">
    <p class='ocr_par' dir='ltr' id='par_1_35' title="bbox 2088 1777 3661 1852">
     <span class='ocr_line' id='line_1_35' title="bbox 2088 1777 3661 1852; baseline 0 -18"><span class='ocrx_word' id='word_1_242' title='bbox 2088 1780 2175 1834; x_wconf 75' lang='grc' dir='ltr'>ἐπὶ</span> <span class='ocrx_word' id='word_1_243' title='bbox 2213 1782 2314 1852; x_wconf 79' lang='grc' dir='ltr'>τὴν</span> <span class='ocrx_word' id='word_1_244' title='bbox 2364 1779 2558 1848; x_wconf 78' lang='grc' dir='ltr'>γενεὰν</span> <span class='ocrx_word' id='word_1_245' title='bbox 2591 1782 2797 1852; x_wconf 85' lang='grc' dir='ltr'>ταύτην</span> <span class='ocrx_word' id='word_1_246' title='bbox 2830 1782 2940 1834; x_wconf 85' lang='grc' dir='ltr'><strong>πᾶν</strong></span> <span class='ocrx_word' id='word_1_247' title='bbox 2978 1777 3118 1852; x_wconf 75' lang='grc' dir='ltr'>αἷμα</span> <span class='ocrx_word' id='word_1_248' title='bbox 3147 1781 3328 1836; x_wconf 86' lang='grc' dir='ltr'>ἀθῶον</span> <span class='ocrx_word' id='word_1_249' title='bbox 3359 1783 3661 1852; x_wconf 83' lang='grc' dir='ltr'>ἐκχυνόμε-</span> 
     </span>
    </p>
   </div>
   <div class='ocr_carea' id='block_1_36' title="bbox 399 1869 1976 1940">
    <p class='ocr_par' dir='ltr' id='par_1_36' title="bbox 399 1869 1976 1940">
     <span class='ocr_line' id='line_1_36' title="bbox 399 1869 1976 1940; baseline -0.001 -15"><span class='ocrx_word' id='word_1_250' title='bbox 399 1871 587 1926; x_wconf 87' lang='lat' dir='ltr'><strong>Abelis</strong></span> <span class='ocrx_word' id='word_1_251' title='bbox 632 1871 766 1940; x_wconf 86' lang='lat' dir='ltr'><strong>justi</strong></span> <span class='ocrx_word' id='word_1_252' title='bbox 816 1885 991 1939; x_wconf 89' lang='lat' dir='ltr'><strong>usque</strong></span> <span class='ocrx_word' id='word_1_253' title='bbox 1026 1869 1094 1924; x_wconf 86' lang='lat' dir='ltr'><strong>ad</strong></span> <span class='ocrx_word' id='word_1_254' title='bbox 1137 1870 1458 1940; x_wconf 85' lang='lat' dir='ltr'><strong>sanguinem</strong></span> <span class='ocrx_word' id='word_1_255' title='bbox 1487 1869 1781 1936; x_wconf 57' lang='lat' dir='ltr'><strong>Zachariae,</strong></span> <span class='ocrx_word' id='word_1_256' title='bbox 1815 1886 1976 1940; x_wconf 90' lang='lat' dir='ltr'><strong>quem</strong></span> 
     </span>
    </p>
   </div>
   <div class='ocr_carea' id='block_1_37' title="bbox 400 1960 1977 2030">
    <p class='ocr_par' dir='ltr' id='par_1_37' title="bbox 400 1960 1977 2030">
     <span class='ocr_line' id='line_1_37' title="bbox 400 1960 1977 2030; baseline -0.001 -13"><span class='ocrx_word' id='word_1_257' title='bbox 400 1963 724 2018; x_wconf 85' lang='lat' dir='ltr'><strong>occiderunt</strong></span> <span class='ocrx_word' id='word_1_258' title='bbox 771 1961 913 2015; x_wconf 89' lang='lat' dir='ltr'><strong>inter</strong></span> <span class='ocrx_word' id='word_1_259' title='bbox 961 1961 1222 2030; x_wconf 91' lang='lat' dir='ltr'><strong>templum</strong></span> <span class='ocrx_word' id='word_1_260' title='bbox 1270 1970 1324 2016; x_wconf 88' lang='lat' dir='ltr'><strong>et</strong></span> <span class='ocrx_word' id='word_1_261' title='bbox 1375 1961 1545 2016; x_wconf 86' lang='lat' dir='ltr'><strong>altare</strong></span> <span class='ocrx_word' id='word_1_262' title='bbox 1565 1971 1614 2014; x_wconf 73' lang='grc' dir='ltr'><strong>ει.</strong></span> <span class='ocrx_word' id='word_1_263' title='bbox 1653 1979 1673 2013; x_wconf 84' lang='grc'><strong>›</strong></span> <span class='ocrx_word' id='word_1_264' title='bbox 1721 1960 1977 2016; x_wconf 88' lang='lat' dir='ltr'><strong>Omnium</strong></span> 
     </span>
    </p>
   </div>
   <div class='ocr_carea' id='block_1_38' title="bbox 399 2052 1546 2124">
    <p class='ocr_par' dir='ltr' id='par_1_38' title="bbox 399 2052 1546 2124">
     <span class='ocr_line' id='line_1_38' title="bbox 399 2052 1546 2124; baseline -0.002 -15"><span class='ocrx_word' id='word_1_265' title='bbox 399 2056 546 2110; x_wconf 89' lang='lat' dir='ltr'><strong>enim</strong></span> <span class='ocrx_word' id='word_1_266' title='bbox 587 2053 776 2109; x_wconf 81' lang='lat' dir='ltr'><strong>eodem</strong></span> <span class='ocrx_word' id='word_1_267' title='bbox 804 2064 1044 2122; x_wconf 89' lang='lat' dir='ltr'><strong>tempore</strong></span> <span class='ocrx_word' id='word_1_268' title='bbox 1075 2068 1267 2123; x_wconf 66' lang='lat' dir='ltr'><strong>poenas</strong></span> <span class='ocrx_word' id='word_1_269' title='bbox 1292 2052 1546 2124; x_wconf 88' lang='lat' dir='ltr'><strong>pendent.</strong></span> 
     </span>
    </p>
   </div>
   <div class='ocr_carea' id='block_1_39' title="bbox 471 2234 1981 2306">
    <p class='ocr_par' dir='ltr' id='par_1_39' title="bbox 471 2234 1981 2306">
     <span class='ocr_line' id='line_1_39' title="bbox 471 2234 1981 2306; baseline -0.001 -15"><span class='ocrx_word' id='word_1_270' title='bbox 471 2236 640 2293; x_wconf 73' lang='lat' dir='ltr'><strong>Vens.</strong></span> <span class='ocrx_word' id='word_1_271' title='bbox 681 2237 769 2292; x_wconf 68' lang='grc'><strong>15.</strong></span> <span class='ocrx_word' id='word_1_272' title='bbox 818 2255 838 2289; x_wconf 86' lang='grc'><strong>‹</strong></span> <span class='ocrx_word' id='word_1_273' title='bbox 873 2234 999 2292; x_wconf 87' lang='lat' dir='ltr'><strong>Sint</strong></span> <span class='ocrx_word' id='word_1_274' title='bbox 1031 2251 1221 2292; x_wconf 88' lang='lat' dir='ltr'><strong>coram</strong></span> <span class='ocrx_word' id='word_1_275' title='bbox 1253 2234 1486 2291; x_wconf 91' lang='lat' dir='ltr'><strong>Domino</strong></span> <span class='ocrx_word' id='word_1_276' title='bbox 1515 2250 1755 2306; x_wconf 90' lang='lat' dir='ltr'><strong>semper,</strong></span> <span class='ocrx_word' id='word_1_277' title='bbox 1789 2242 1844 2290; x_wconf 91' lang='lat' dir='ltr'><strong>et</strong></span> <span class='ocrx_word' id='word_1_278' title='bbox 1875 2234 1981 2290; x_wconf 89' lang='lat' dir='ltr'><strong>dis-</strong></span> 
     </span>
    </p>
   </div>
   <div class='ocr_carea' id='block_1_40' title="bbox 402 2326 1984 2400">
    <p class='ocr_par' dir='ltr' id='par_1_40' title="bbox 402 2326 1984 2400">
     <span class='ocr_line' id='line_1_40' title="bbox 402 2326 1984 2400; baseline 0 -19"><span class='ocrx_word' id='word_1_279' title='bbox 402 2340 590 2400; x_wconf 79' lang='lat' dir='ltr'><strong>pereat</strong></span> <span class='ocrx_word' id='word_1_280' title='bbox 619 2329 687 2385; x_wconf 88' lang='lat' dir='ltr'><strong>de</strong></span> <span class='ocrx_word' id='word_1_281' title='bbox 718 2341 858 2384; x_wconf 87' lang='lat' dir='ltr'><strong>terra</strong></span> <span class='ocrx_word' id='word_1_282' title='bbox 897 2329 1160 2384; x_wconf 88' lang='lat' dir='ltr'><strong>memoria</strong></span> <span class='ocrx_word' id='word_1_283' title='bbox 1205 2343 1420 2384; x_wconf 89' lang='lat' dir='ltr'><strong>eorum.</strong></span> <span class='ocrx_word' id='word_1_284' title='bbox 1463 2326 1666 2383; x_wconf 89' lang='lat' dir='ltr'><strong>Omnes</strong></span> <span class='ocrx_word' id='word_1_285' title='bbox 1694 2328 1864 2395; x_wconf 90' lang='lat' dir='ltr'><strong>enim,</strong></span> <span class='ocrx_word' id='word_1_286' title='bbox 1899 2328 1984 2382; x_wconf 89' lang='lat' dir='ltr'><strong>in-</strong></span> 
     </span>
    </p>
   </div>
   <div class='ocr_carea' id='block_1_41' title="bbox 400 2419 1982 2491">
    <p class='ocr_par' dir='ltr' id='par_1_41' title="bbox 400 2419 1982 2491">
     <span class='ocr_line' id='line_1_41' title="bbox 400 2419 1982 2491; baseline -0.002 -15"><span class='ocrx_word' id='word_1_287' title='bbox 400 2423 538 2491; x_wconf 88' lang='lat' dir='ltr'><strong>quit,</strong></span> <span class='ocrx_word' id='word_1_288' title='bbox 587 2422 901 2491; x_wconf 88' lang='lat' dir='ltr'><strong>iniquitates</strong></span> <span class='ocrx_word' id='word_1_289' title='bbox 941 2435 1082 2490; x_wconf 88' lang='lat' dir='ltr'><strong>quas</strong></span> <span class='ocrx_word' id='word_1_290' title='bbox 1129 2420 1252 2476; x_wconf 90' lang='lat' dir='ltr'><strong>ausi</strong></span> <span class='ocrx_word' id='word_1_291' title='bbox 1304 2428 1452 2484; x_wconf 90' lang='lat' dir='ltr'><strong>sunt,</strong></span> <span class='ocrx_word' id='word_1_292' title='bbox 1504 2434 1719 2489; x_wconf 90' lang='lat' dir='ltr'><strong>semper</strong></span> <span class='ocrx_word' id='word_1_293' title='bbox 1761 2419 1982 2473; x_wconf 87' lang='lat' dir='ltr'><strong>intuens</strong></span> 
     </span>
    </p>
   </div>
   <div class='ocr_carea' id='block_1_42' title="bbox 402 2511 1983 2584">
    <p class='ocr_par' dir='ltr' id='par_1_42' title="bbox 402 2511 1983 2584">
     <span class='ocr_line' id='line_1_42' title="bbox 402 2511 1983 2584; baseline -0.002 -18"><span class='ocrx_word' id='word_1_294' title='bbox 402 2513 568 2574; x_wconf 79' lang='lat' dir='ltr'><strong>Deus,</strong></span> <span class='ocrx_word' id='word_1_295' title='bbox 606 2513 749 2566; x_wconf 88' lang='lat' dir='ltr'><strong>nulla</strong></span> <span class='ocrx_word' id='word_1_296' title='bbox 785 2512 1159 2567; x_wconf 84' lang='lat' dir='ltr'><strong>misericordia</strong></span> <span class='ocrx_word' id='word_1_297' title='bbox 1187 2527 1282 2567; x_wconf 91' lang='lat' dir='ltr'><strong>eos</strong></span> <span class='ocrx_word' id='word_1_298' title='bbox 1306 2511 1642 2584; x_wconf 85' lang='lat' dir='ltr'><strong>dignabitur,</strong></span> <span class='ocrx_word' id='word_1_299' title='bbox 1689 2511 1782 2565; x_wconf 89' lang='lat' dir='ltr'><strong>sed</strong></span> <span class='ocrx_word' id='word_1_300' title='bbox 1814 2511 1983 2564; x_wconf 80' lang='lat' dir='ltr'><strong>inter—</strong></span> 
     </span>
    </p>
   </div>
   <div class='ocr_carea' id='block_1_43' title="bbox 403 2601 1984 2674">
    <p class='ocr_par' dir='ltr' id='par_1_43' title="bbox 403 2601 1984 2674">
     <span class='ocr_line' id='line_1_43' title="bbox 403 2601 1984 2674; baseline 0 -16"><span class='ocrx_word' id='word_1_301' title='bbox 403 2604 637 2658; x_wconf 84' lang='lat' dir='ltr'><strong>necioue</strong></span> <span class='ocrx_word' id='word_1_302' title='bbox 661 2604 785 2660; x_wconf 91' lang='lat' dir='ltr'><strong>illos</strong></span> <span class='ocrx_word' id='word_1_303' title='bbox 814 2605 1086 2659; x_wconf 89' lang='lat' dir='ltr'><strong>multabit.</strong></span> <span class='ocrx_word' id='word_1_304' title='bbox 1130 2603 1198 2658; x_wconf 88' lang='lat' dir='ltr'><strong>Et</strong></span> <span class='ocrx_word' id='word_1_305' title='bbox 1223 2603 1350 2658; x_wconf 90' lang='lat' dir='ltr'><strong>hinc</strong></span> <span class='ocrx_word' id='word_1_306' title='bbox 1373 2612 1541 2674; x_wconf 89' lang='lat' dir='ltr'><strong>patet,</strong></span> <span class='ocrx_word' id='word_1_307' title='bbox 1598 2603 1744 2672; x_wconf 90' lang='lat' dir='ltr'><strong>quod</strong></span> <span class='ocrx_word' id='word_1_308' title='bbox 1776 2617 1884 2656; x_wconf 91' lang='lat' dir='ltr'><strong>non</strong></span> <span class='ocrx_word' id='word_1_309' title='bbox 1918 2601 1984 2658; x_wconf 87' lang='lat' dir='ltr'><strong>de</strong></span> 
     </span>
    </p>
   </div>
   <div class='ocr_carea' id='block_1_44' title="bbox 401 2693 1982 2762">
    <p class='ocr_par' dir='ltr' id='par_1_44' title="bbox 401 2693 1982 2762">
     <span class='ocr_line' id='line_1_44' title="bbox 401 2693 1982 2762; baseline -0.003 -11"><span class='ocrx_word' id='word_1_310' title='bbox 401 2694 539 2751; x_wconf 82' lang='lat' dir='ltr'><strong>Juda</strong></span> <span class='ocrx_word' id='word_1_311' title='bbox 572 2704 804 2762; x_wconf 90' lang='lat' dir='ltr'><strong>tantum,</strong></span> <span class='ocrx_word' id='word_1_312' title='bbox 831 2697 923 2751; x_wconf 90' lang='lat' dir='ltr'><strong>sed</strong></span> <span class='ocrx_word' id='word_1_313' title='bbox 946 2697 1012 2750; x_wconf 90' lang='lat' dir='ltr'><strong>de</strong></span> <span class='ocrx_word' id='word_1_314' title='bbox 1029 2696 1286 2751; x_wconf 89' lang='lat' dir='ltr'><strong>omnibus</strong></span> <span class='ocrx_word' id='word_1_315' title='bbox 1305 2695 1618 2750; x_wconf 88' lang='lat' dir='ltr'><strong>inﬁdelibus</strong></span> <span class='ocrx_word' id='word_1_316' title='bbox 1649 2693 1763 2748; x_wconf 86' lang='lat' dir='ltr'><strong>haec</strong></span> <span class='ocrx_word' id='word_1_317' title='bbox 1792 2709 1982 2748; x_wconf 83' lang='lat' dir='ltr'><strong>narra-</strong></span> 
     </span>
    </p>
   </div>
   <div class='ocr_carea' id='block_1_45' title="bbox 402 2787 1985 2858">
    <p class='ocr_par' dir='ltr' id='par_1_45' title="bbox 402 2787 1985 2858">
     <span class='ocr_line' id='line_1_45' title="bbox 402 2787 1985 2858; baseline -0.001 -17"><span class='ocrx_word' id='word_1_318' title='bbox 402 2788 587 2842; x_wconf 81' lang='lat' dir='ltr'><strong>verit:</strong></span> <span class='ocrx_word' id='word_1_319' title='bbox 622 2789 1066 2858; x_wconf 88' lang='lat' dir='ltr'><strong>quandoquidcm</strong></span> <span class='ocrx_word' id='word_1_320' title='bbox 1108 2789 1176 2842; x_wconf 91' lang='lat' dir='ltr'><strong>ab</strong></span> <span class='ocrx_word' id='word_1_321' title='bbox 1224 2789 1386 2842; x_wconf 92' lang='lat' dir='ltr'><strong>unico</strong></span> <span class='ocrx_word' id='word_1_322' title='bbox 1423 2787 1487 2841; x_wconf 91' lang='lat' dir='ltr'><strong>ad</strong></span> <span class='ocrx_word' id='word_1_323' title='bbox 1536 2787 1739 2842; x_wconf 86' lang='lat' dir='ltr'><strong>multos</strong></span> <span class='ocrx_word' id='word_1_324' title='bbox 1783 2787 1985 2841; x_wconf 87' lang='lat' dir='ltr'><strong>oratio-</strong></span> 
     </span>
    </p>
   </div>
   <div class='ocr_carea' id='block_1_46' title="bbox 403 2879 1985 2951">
    <p class='ocr_par' dir='ltr' id='par_1_46' title="bbox 403 2879 1985 2951">
     <span class='ocr_line' id='line_1_46' title="bbox 403 2879 1985 2951; baseline -0.001 -17"><span class='ocrx_word' id='word_1_325' title='bbox 403 2895 526 2935; x_wconf 91' lang='lat' dir='ltr'><strong>nem</strong></span> <span class='ocrx_word' id='word_1_326' title='bbox 572 2880 854 2936; x_wconf 82' lang='lat' dir='ltr'><strong>transfert.</strong></span> <span class='ocrx_word' id='word_1_327' title='bbox 885 2880 1004 2935; x_wconf 85' lang='lat' dir='ltr'><strong>Non</strong></span> <span class='ocrx_word' id='word_1_328' title='bbox 1051 2880 1197 2937; x_wconf 84' lang='lat' dir='ltr'><strong>enim</strong></span> <span class='ocrx_word' id='word_1_329' title='bbox 1242 2881 1357 2951; x_wconf 83' lang='lat' dir='ltr'><strong>jam</strong></span> <span class='ocrx_word' id='word_1_330' title='bbox 1410 2881 1549 2935; x_wconf 80' lang='lat' dir='ltr'><strong>dixit</strong></span> <span class='ocrx_word' id='word_1_331' title='bbox 1577 2881 1713 2948; x_wconf 80' lang='lat' dir='ltr'><strong>ejus,</strong></span> <span class='ocrx_word' id='word_1_332' title='bbox 1761 2879 1854 2935; x_wconf 90' lang='lat' dir='ltr'><strong>sed</strong></span> <span class='ocrx_word' id='word_1_333' title='bbox 1899 2895 1985 2933; x_wconf 85' lang='lat' dir='ltr'><strong>eo-</strong></span> 
     </span>
    </p>
   </div>
   <div class='ocr_carea' id='block_1_47' title="bbox 402 2987 544 3026">
    <p class='ocr_par' dir='ltr' id='par_1_47' title="bbox 402 2987 544 3026">
     <span class='ocr_line' id='line_1_47' title="bbox 402 2987 544 3026; baseline 0.014 -2"><span class='ocrx_word' id='word_1_334' title='bbox 402 2987 544 3026; x_wconf 78' lang='lat' dir='ltr'><strong>rum.</strong></span> 
     </span>
    </p>
   </div>
   <div class='ocr_carea' id='block_1_48' title="bbox 480 3065 1978 3138">
    <p class='ocr_par' dir='ltr' id='par_1_48' title="bbox 480 3065 1978 3138">
     <span class='ocr_line' id='line_1_48' title="bbox 480 3065 1978 3138; baseline -0.001 -15"><span class='ocrx_word' id='word_1_335' title='bbox 480 3067 696 3138; x_wconf 76' lang='lat'><strong>1386</strong></span> <span class='ocrx_word' id='word_1_336' title='bbox 721 3065 890 3123; x_wconf 72' lang='lat' dir='ltr'><strong>Vens.</strong></span> <span class='ocrx_word' id='word_1_337' title='bbox 932 3067 1020 3134; x_wconf 76' lang='grc'>16,</span> <span class='ocrx_word' id='word_1_338' title='bbox 1059 3068 1147 3124; x_wconf 81' lang='grc'><strong>17.</strong></span> <span class='ocrx_word' id='word_1_339' title='bbox 1193 3087 1213 3120; x_wconf 76' lang='grc' dir='ltr'>ι</span> <span class='ocrx_word' id='word_1_340' title='bbox 1254 3067 1358 3124; x_wconf 90' lang='lat' dir='ltr'><strong>Pro</strong></span> <span class='ocrx_word' id='word_1_341' title='bbox 1385 3083 1450 3123; x_wconf 92' lang='lat' dir='ltr'><strong>eo</strong></span> <span class='ocrx_word' id='word_1_342' title='bbox 1481 3069 1626 3138; x_wconf 88' lang='lat' dir='ltr'><strong>quod</strong></span> <span class='ocrx_word' id='word_1_343' title='bbox 1648 3083 1756 3124; x_wconf 90' lang='lat' dir='ltr'><strong>non</strong></span> <span class='ocrx_word' id='word_1_344' title='bbox 1783 3077 1868 3125; x_wconf 89' lang='lat' dir='ltr'><strong>est</strong></span> <span class='ocrx_word' id='word_1_345' title='bbox 1891 3083 1978 3122; x_wconf 91' lang='lat' dir='ltr'><strong>re-</strong></span> 
     </span>
    </p>
   </div>
   <div class='ocr_carea' id='block_1_49' title="bbox 408 3159 1982 3231">
    <p class='ocr_par' dir='ltr' id='par_1_49' title="bbox 408 3159 1982 3231">
     <span class='ocr_line' id='line_1_49' title="bbox 408 3159 1982 3231; baseline 0.001 -19"><span class='ocrx_word' id='word_1_346' title='bbox 408 3159 666 3212; x_wconf 82' lang='lat' dir='ltr'><strong>cordatus</strong></span> <span class='ocrx_word' id='word_1_347' title='bbox 687 3159 1123 3215; x_wconf 88' lang='lat' dir='ltr'><strong>miscricordiam</strong></span> <span class='ocrx_word' id='word_1_348' title='bbox 1151 3160 1430 3216; x_wconf 87' lang='lat' dir='ltr'><strong>exhibere.</strong></span> <span class='ocrx_word' id='word_1_349' title='bbox 1464 3159 1529 3215; x_wconf 88' lang='lat' dir='ltr'><strong>Et</strong></span> <span class='ocrx_word' id='word_1_350' title='bbox 1551 3169 1874 3231; x_wconf 84' lang='lat' dir='ltr'><strong>persecutus</strong></span> <span class='ocrx_word' id='word_1_351' title='bbox 1898 3167 1982 3214; x_wconf 90' lang='lat' dir='ltr'><strong>est</strong></span> 
     </span>
    </p>
   </div>
   <div class='ocr_carea' id='block_1_50' title="bbox 407 3249 1979 3322">
    <p class='ocr_par' dir='ltr' id='par_1_50' title="bbox 407 3249 1979 3322">
     <span class='ocr_line' id='line_1_50' title="bbox 407 3249 1979 3322; baseline 0.001 -21"><span class='ocrx_word' id='word_1_352' title='bbox 407 3249 687 3302; x_wconf 84' lang='lat' dir='ltr'><strong>hominem</strong></span> <span class='ocrx_word' id='word_1_353' title='bbox 731 3251 946 3319; x_wconf 88' lang='lat' dir='ltr'><strong>inopem</strong></span> <span class='ocrx_word' id='word_1_354' title='bbox 983 3260 1038 3306; x_wconf 88' lang='lat' dir='ltr'><strong>et</strong></span> <span class='ocrx_word' id='word_1_355' title='bbox 1091 3252 1424 3318; x_wconf 87' lang='lat' dir='ltr'><strong>mendicum,</strong></span> <span class='ocrx_word' id='word_1_356' title='bbox 1484 3261 1538 3306; x_wconf 91' lang='lat' dir='ltr'><strong>et</strong></span> <span class='ocrx_word' id='word_1_357' title='bbox 1594 3259 1979 3322; x_wconf 88' lang='lat' dir='ltr'><strong>compunctum</strong></span> 
     </span>
    </p>
   </div>
   <div class='ocr_carea' id='block_1_51' title="bbox 403 3337 1980 3410">
    <p class='ocr_par' dir='ltr' id='par_1_51' title="bbox 403 3337 1980 3410">
     <span class='ocr_line' id='line_1_51' title="bbox 403 3337 1980 3410; baseline -0.001 -16"><span class='ocrx_word' id='word_1_358' title='bbox 403 3339 570 3394; x_wconf 78' lang='lat' dir='ltr'><strong>corde</strong></span> <span class='ocrx_word' id='word_1_359' title='bbox 592 3348 651 3393; x_wconf 94' lang='lat' dir='ltr'><strong>ut</strong></span> <span class='ocrx_word' id='word_1_360' title='bbox 695 3339 1005 3394; x_wconf 87' lang='lat' dir='ltr'><strong>interﬁciat.</strong></span> <span class='ocrx_word' id='word_1_361' title='bbox 1031 3358 1050 3390; x_wconf 75' lang='grc' dir='ltr'>ι</span> <span class='ocrx_word' id='word_1_362' title='bbox 1081 3337 1207 3394; x_wconf 76' lang='lat' dir='ltr'><strong>Haec</strong></span> <span class='ocrx_word' id='word_1_363' title='bbox 1226 3349 1427 3404; x_wconf 91' lang='lat' dir='ltr'><strong>autem,</strong></span> <span class='ocrx_word' id='word_1_364' title='bbox 1450 3341 1648 3409; x_wconf 89' lang='lat' dir='ltr'><strong>inquit,</strong></span> <span class='ocrx_word' id='word_1_365' title='bbox 1674 3341 1980 3410; x_wconf 89' lang='lat' dir='ltr'><strong>patiuntur,</strong></span> 
     </span>
    </p>
   </div>
   <div class='ocr_carea' id='block_1_52' title="bbox 405 3428 1988 3499">
    <p class='ocr_par' dir='ltr' id='par_1_52' title="bbox 405 3428 1988 3499">
     <span class='ocr_line' id='line_1_52' title="bbox 405 3428 1988 3499; baseline -0.001 -16"><span class='ocrx_word' id='word_1_366' title='bbox 405 3429 554 3498; x_wconf 89' lang='lat' dir='ltr'><strong>quod</strong></span> <span class='ocrx_word' id='word_1_367' title='bbox 587 3428 887 3484; x_wconf 88' lang='lat' dir='ltr'><strong>crudeliter</strong></span> <span class='ocrx_word' id='word_1_368' title='bbox 907 3438 962 3484; x_wconf 91' lang='lat' dir='ltr'><strong>et</strong></span> <span class='ocrx_word' id='word_1_369' title='bbox 990 3429 1226 3484; x_wconf 85' lang='lat' dir='ltr'><strong>ferarum</strong></span> <span class='ocrx_word' id='word_1_370' title='bbox 1255 3429 1430 3484; x_wconf 89' lang='lat' dir='ltr'><strong>instar</strong></span> <span class='ocrx_word' id='word_1_371' title='bbox 1455 3430 1809 3499; x_wconf 87' lang='lat' dir='ltr'><strong>parricidium</strong></span> <span class='ocrx_word' id='word_1_372' title='bbox 1840 3445 1988 3483; x_wconf 90' lang='lat' dir='ltr'><strong>com-</strong></span> 
     </span>
    </p>
   </div>
   <div class='ocr_carea' id='block_1_53' title="bbox 405 3519 1988 3590">
    <p class='ocr_par' dir='ltr' id='par_1_53' title="bbox 405 3519 1988 3590">
     <span class='ocr_line' id='line_1_53' title="bbox 405 3519 1988 3590; baseline -0.002 -16"><span class='ocrx_word' id='word_1_373' title='bbox 405 3519 684 3585; x_wconf 89' lang='lat' dir='ltr'><strong>miserint,</strong></span> <span class='ocrx_word' id='word_1_374' title='bbox 717 3528 773 3590; x_wconf 89' lang='lat' dir='ltr'><strong>et</strong></span> <span class='ocrx_word' id='word_1_375' title='bbox 799 3534 948 3587; x_wconf 91' lang='lat' dir='ltr'><strong>eum,</strong></span> <span class='ocrx_word' id='word_1_376' title='bbox 999 3520 1094 3590; x_wconf 90' lang='lat' dir='ltr'><strong>qui</strong></span> <span class='ocrx_word' id='word_1_377' title='bbox 1133 3520 1283 3574; x_wconf 90' lang='lat' dir='ltr'><strong>omni</strong></span> <span class='ocrx_word' id='word_1_378' title='bbox 1327 3520 1703 3576; x_wconf 88' lang='lat' dir='ltr'><strong>moderatione</strong></span> <span class='ocrx_word' id='word_1_379' title='bbox 1739 3529 1793 3574; x_wconf 91' lang='lat' dir='ltr'><strong>ct</strong></span> <span class='ocrx_word' id='word_1_380' title='bbox 1837 3534 1988 3572; x_wconf 89' lang='lat' dir='ltr'><strong>man-</strong></span> 
     </span>
    </p>
   </div>
   <div class='ocr_carea' id='block_1_54' title="bbox 403 3610 1985 3682">
    <p class='ocr_par' dir='ltr' id='par_1_54' title="bbox 403 3610 1985 3682">
     <span class='ocr_line' id='line_1_54' title="bbox 403 3610 1985 3682; baseline -0.001 -17"><span class='ocrx_word' id='word_1_381' title='bbox 403 3611 701 3666; x_wconf 85' lang='lat' dir='ltr'><strong>suetudine</strong></span> <span class='ocrx_word' id='word_1_382' title='bbox 757 3625 895 3668; x_wconf 87' lang='lat' dir='ltr'><strong>usus</strong></span> <span class='ocrx_word' id='word_1_383' title='bbox 943 3621 1064 3678; x_wconf 88' lang='lat' dir='ltr'><strong>est,</strong></span> <span class='ocrx_word' id='word_1_384' title='bbox 1123 3612 1191 3666; x_wconf 88' lang='lat' dir='ltr'><strong>ad</strong></span> <span class='ocrx_word' id='word_1_385' title='bbox 1242 3627 1432 3668; x_wconf 90' lang='lat' dir='ltr'><strong>necem</strong></span> <span class='ocrx_word' id='word_1_386' title='bbox 1490 3627 1666 3682; x_wconf 91' lang='lat' dir='ltr'><strong>usque</strong></span> <span class='ocrx_word' id='word_1_387' title='bbox 1713 3610 1985 3681; x_wconf 85' lang='lat' dir='ltr'><strong>persecuti</strong></span> 
     </span>
    </p>
   </div>
   <div class='ocr_carea' id='block_1_55' title="bbox 405 3700 1987 3773">
    <p class='ocr_par' dir='ltr' id='par_1_55' title="bbox 405 3700 1987 3773">
     <span class='ocr_line' id='line_1_55' title="bbox 405 3700 1987 3773; baseline -0.001 -15"><span class='ocrx_word' id='word_1_388' title='bbox 405 3701 632 3758; x_wconf 89' lang='lat' dir='ltr'><strong>fuerint.</strong></span> <span class='ocrx_word' id='word_1_389' title='bbox 668 3700 734 3756; x_wconf 91' lang='lat' dir='ltr'><strong>Et</strong></span> <span class='ocrx_word' id='word_1_390' title='bbox 772 3703 890 3758; x_wconf 64' lang='lat' dir='ltr'><strong>haec</strong></span> <span class='ocrx_word' id='word_1_391' title='bbox 927 3703 1225 3773; x_wconf 85' lang='lat' dir='ltr'><strong>Apostolus</strong></span> <span class='ocrx_word' id='word_1_392' title='bbox 1252 3703 1568 3759; x_wconf 90' lang='lat' dir='ltr'><strong>testimonio</strong></span> <span class='ocrx_word' id='word_1_393' title='bbox 1605 3717 1708 3759; x_wconf 89' lang='lat' dir='ltr'><strong>suo</strong></span> <span class='ocrx_word' id='word_1_394' title='bbox 1736 3716 1987 3772; x_wconf 81' lang='lat' dir='ltr'><strong>compro-</strong></span> 
     </span>
    </p>
   </div>
   <div class='ocr_carea' id='block_1_56' title="bbox 405 3795 1985 3870">
    <p class='ocr_par' dir='ltr' id='par_1_56' title="bbox 405 3795 1985 3870">
     <span class='ocr_line' id='line_1_56' title="bbox 405 3795 1985 3870; baseline 0 -18"><span class='ocrx_word' id='word_1_395' title='bbox 405 3797 522 3864; x_wconf 91' lang='lat' dir='ltr'><strong>bat,</strong></span> <span class='ocrx_word' id='word_1_396' title='bbox 574 3805 630 3852; x_wconf 89' lang='lat' dir='ltr'><strong>ct</strong></span> <span class='ocrx_word' id='word_1_397' title='bbox 679 3795 797 3868; x_wconf 88' lang='lat' dir='ltr'><strong>ipse</strong></span> <span class='ocrx_word' id='word_1_398' title='bbox 844 3798 1012 3854; x_wconf 89' lang='lat' dir='ltr'><strong>etiam</strong></span> <span class='ocrx_word' id='word_1_399' title='bbox 1061 3800 1350 3855; x_wconf 83' lang='lat' dir='ltr'><strong>Dominus.</strong></span> <span class='ocrx_word' id='word_1_400' title='bbox 1399 3798 1703 3870; x_wconf 89' lang='lat' dir='ltr'><strong>Apostolus</strong></span> <span class='ocrx_word' id='word_1_401' title='bbox 1765 3797 1985 3868; x_wconf 89' lang='lat' dir='ltr'><strong>quidem</strong></span> 
     </span>
    </p>
   </div>
   <div class='ocr_carea' id='block_1_57' title="bbox 405 3889 1987 3961">
    <p class='ocr_par' dir='ltr' id='par_1_57' title="bbox 405 3889 1987 3961">
     <span class='ocr_line' id='line_1_57' title="bbox 405 3889 1987 3961; baseline 0 -18"><span class='ocrx_word' id='word_1_402' title='bbox 405 3890 764 3946; x_wconf 81' lang='lat' dir='ltr'><strong>exclamans:</strong></span> <span class='ocrx_word' id='word_1_403' title='bbox 824 3907 845 3942; x_wconf 75' lang='grc' dir='ltr'>ι</span> <span class='ocrx_word' id='word_1_404' title='bbox 881 3889 986 3956; x_wconf 85' lang='lat' dir='ltr'><strong>Qui</strong></span> <span class='ocrx_word' id='word_1_405' title='bbox 1039 3906 1162 3947; x_wconf 92' lang='lat' dir='ltr'><strong>cum</strong></span> <span class='ocrx_word' id='word_1_406' title='bbox 1216 3899 1362 3948; x_wconf 87' lang='lat' dir='ltr'><strong>esset</strong></span> <span class='ocrx_word' id='word_1_407' title='bbox 1407 3891 1580 3958; x_wconf 91' lang='lat' dir='ltr'><strong>dives,</strong></span> <span class='ocrx_word' id='word_1_408' title='bbox 1622 3899 1844 3961; x_wconf 91' lang='lat' dir='ltr'><strong>propter</strong></span> <span class='ocrx_word' id='word_1_409' title='bbox 1887 3902 1987 3944; x_wconf 86' lang='lat' dir='ltr'><strong>nos</strong></span> 
     </span>
    </p>
   </div>
   <div class='ocr_carea' id='block_1_58' title="bbox 405 3978 1987 4052">
    <p class='ocr_par' dir='ltr' id='par_1_58' title="bbox 405 3978 1987 4052">
     <span class='ocr_line' id='line_1_58' title="bbox 405 3978 1987 4052; baseline 0.001 -18"><span class='ocrx_word' id='word_1_410' title='bbox 405 3995 608 4052; x_wconf 78' lang='lat' dir='ltr'><strong>egenus</strong></span> <span class='ocrx_word' id='word_1_411' title='bbox 657 3978 836 4037; x_wconf 90' lang='lat' dir='ltr'><strong>factus</strong></span> <span class='ocrx_word' id='word_1_412' title='bbox 887 3989 990 4048; x_wconf 88' lang='lat' dir='ltr'><strong>est,</strong></span> <span class='ocrx_word' id='word_1_413' title='bbox 1039 3990 1101 4038; x_wconf 91' lang='lat' dir='ltr'><strong>ut</strong></span> <span class='ocrx_word' id='word_1_414' title='bbox 1155 3983 1303 4039; x_wconf 91' lang='lat' dir='ltr'><strong>illius</strong></span> <span class='ocrx_word' id='word_1_415' title='bbox 1353 3983 1537 4052; x_wconf 89' lang='lat' dir='ltr'><strong>inopia</strong></span> <span class='ocrx_word' id='word_1_416' title='bbox 1588 3981 1788 4037; x_wconf 89' lang='lat' dir='ltr'><strong>divites</strong></span> <span class='ocrx_word' id='word_1_417' title='bbox 1835 3995 1987 4036; x_wconf 88' lang='lat' dir='ltr'><strong>esse-</strong></span> 
     </span>
    </p>
   </div>
   <div class='ocr_carea' id='block_1_59' title="bbox 407 4070 1988 4140">
    <p class='ocr_par' dir='ltr' id='par_1_59' title="bbox 407 4070 1988 4140">
     <span class='ocr_line' id='line_1_59' title="bbox 407 4070 1988 4140; baseline 0 -15"><span class='ocrx_word' id='word_1_418' title='bbox 407 4079 590 4127; x_wconf 78' lang='lat' dir='ltr'><strong>mus&#39;.</strong></span> <span class='ocrx_word' id='word_1_419' title='bbox 626 4090 646 4124; x_wconf 72' lang='grc' dir='ltr'>ι</span> <span class='ocrx_word' id='word_1_420' title='bbox 678 4070 746 4126; x_wconf 85' lang='grc' dir='ltr'><strong>Ει</strong></span> <span class='ocrx_word' id='word_1_421' title='bbox 772 4088 964 4129; x_wconf 88' lang='lat' dir='ltr'><strong>rursus</strong></span> <span class='ocrx_word' id='word_1_422' title='bbox 999 4091 1012 4127; x_wconf 92' lang='lat'><strong>:</strong></span> <span class='ocrx_word' id='word_1_423' title='bbox 1053 4091 1073 4126; x_wconf 72' lang='grc' dir='ltr'>ι</span> <span class='ocrx_word' id='word_1_424' title='bbox 1110 4074 1213 4140; x_wconf 86' lang='lat' dir='ltr'><strong>Qui</strong></span> <span class='ocrx_word' id='word_1_425' title='bbox 1243 4090 1368 4130; x_wconf 93' lang='lat' dir='ltr'><strong>cum</strong></span> <span class='ocrx_word' id='word_1_426' title='bbox 1409 4073 1644 4128; x_wconf 90' lang='lat' dir='ltr'><strong>formam</strong></span> <span class='ocrx_word' id='word_1_427' title='bbox 1690 4072 1785 4127; x_wconf 91' lang='lat' dir='ltr'><strong>Dei</strong></span> <span class='ocrx_word' id='word_1_428' title='bbox 1824 4071 1988 4126; x_wconf 87' lang='lat' dir='ltr'><strong>habe-</strong></span> 
     </span>
    </p>
   </div>
   <div class='ocr_carea' id='block_1_60' title="bbox 408 4162 1984 4233">
    <p class='ocr_par' dir='ltr' id='par_1_60' title="bbox 408 4162 1984 4233">
     <span class='ocr_line' id='line_1_60' title="bbox 408 4162 1984 4233; baseline 0 -17"><span class='ocrx_word' id='word_1_429' title='bbox 408 4171 510 4228; x_wconf 84' lang='lat' dir='ltr'><strong>ret,</strong></span> <span class='ocrx_word' id='word_1_430' title='bbox 547 4179 655 4218; x_wconf 91' lang='lat' dir='ltr'><strong>non</strong></span> <span class='ocrx_word' id='word_1_431' title='bbox 693 4164 939 4233; x_wconf 86' lang='lat' dir='ltr'><strong>rapinam</strong></span> <span class='ocrx_word' id='word_1_432' title='bbox 968 4166 1265 4222; x_wconf 89' lang='lat' dir='ltr'><strong>arbitratus</strong></span> <span class='ocrx_word' id='word_1_433' title='bbox 1319 4173 1406 4220; x_wconf 89' lang='lat' dir='ltr'><strong>est</strong></span> <span class='ocrx_word' id='word_1_434' title='bbox 1449 4180 1509 4220; x_wconf 85' lang='lat' dir='ltr'><strong>se</strong></span> <span class='ocrx_word' id='word_1_435' title='bbox 1555 4179 1677 4219; x_wconf 89' lang='lat' dir='ltr'><strong>esse</strong></span> <span class='ocrx_word' id='word_1_436' title='bbox 1721 4162 1984 4233; x_wconf 62' lang='lat' dir='ltr'><strong>aequalem</strong></span> 
     </span>
    </p>
   </div>
   <div class='ocr_carea' id='block_1_61' title="bbox 407 4250 1990 4323">
    <p class='ocr_par' dir='ltr' id='par_1_61' title="bbox 407 4250 1990 4323">
     <span class='ocr_line' id='line_1_61' title="bbox 407 4250 1990 4323; baseline -0.002 -16"><span class='ocrx_word' id='word_1_437' title='bbox 407 4252 541 4315; x_wconf 86' lang='lat' dir='ltr'><strong>Deo,</strong></span> <span class='ocrx_word' id='word_1_438' title='bbox 571 4250 664 4305; x_wconf 90' lang='lat' dir='ltr'><strong>sed</strong></span> <span class='ocrx_word' id='word_1_439' title='bbox 699 4252 1050 4323; x_wconf 88' lang='lat' dir='ltr'><strong>semetipsum</strong></span> <span class='ocrx_word' id='word_1_440' title='bbox 1093 4252 1415 4317; x_wconf 84' lang='lat' dir='ltr'><strong>exinanivit,</strong></span> <span class='ocrx_word' id='word_1_441' title='bbox 1459 4250 1690 4306; x_wconf 91' lang='lat' dir='ltr'><strong>formam</strong></span> <span class='ocrx_word' id='word_1_442' title='bbox 1723 4252 1864 4308; x_wconf 88' lang='lat' dir='ltr'><strong>servi</strong></span> <span class='ocrx_word' id='word_1_443' title='bbox 1898 4266 1990 4305; x_wconf 88' lang='lat' dir='ltr'><strong>ae-</strong></span> 
     </span>
    </p>
   </div>
   <div class='ocr_carea' id='block_1_62' title="bbox 2081 1874 3663 1946">
    <p class='ocr_par' dir='ltr' id='par_1_62' title="bbox 2081 1874 3663 1946">
     <span class='ocr_line' id='line_1_62' title="bbox 2081 1874 3663 1946; baseline 0.001 -18"><span class='ocrx_word' id='word_1_444' title='bbox 2081 1891 2171 1928; x_wconf 87' lang='grc' dir='ltr'>νον</span> <span class='ocrx_word' id='word_1_445' title='bbox 2227 1874 2319 1927; x_wconf 72' lang='grc' dir='ltr'><strong>ἐπὶ</strong></span> <span class='ocrx_word' id='word_1_446' title='bbox 2350 1874 2450 1944; x_wconf 85' lang='grc' dir='ltr'>τῆς</span> <span class='ocrx_word' id='word_1_447' title='bbox 2506 1874 2634 1944; x_wconf 83' lang='grc' dir='ltr'>γῆς,</span> <span class='ocrx_word' id='word_1_448' title='bbox 2677 1875 2785 1927; x_wconf 81' lang='grc' dir='ltr'>ἀπὸ</span> <span class='ocrx_word' id='word_1_449' title='bbox 2835 1875 2930 1928; x_wconf 83' lang='grc' dir='ltr'>τοῦ</span> <span class='ocrx_word' id='word_1_450' title='bbox 2987 1875 3222 1946; x_wconf 81' lang='grc' dir='ltr'>αἵματος</span> <span class='ocrx_word' id='word_1_451' title='bbox 3255 1876 3421 1928; x_wconf 80' lang='grc' dir='ltr'>’Δϐελ</span> <span class='ocrx_word' id='word_1_452' title='bbox 3456 1877 3553 1929; x_wconf 78' lang='grc' dir='ltr'>τοῦ</span> <span class='ocrx_word' id='word_1_453' title='bbox 3579 1877 3663 1930; x_wconf 80' lang='grc' dir='ltr'><strong>διο</strong></span> 
     </span>
    </p>
   </div>
   <div class='ocr_carea' id='block_1_63' title="bbox 2081 1960 3661 2037">
    <p class='ocr_par' dir='ltr' id='par_1_63' title="bbox 2081 1960 3661 2037">
     <span class='ocr_line' id='line_1_63' title="bbox 2081 1960 3661 2037; baseline 0.001 -19"><span class='ocrx_word' id='word_1_454' title='bbox 2081 1964 2263 2030; x_wconf 88' lang='grc' dir='ltr'>καίου,</span> <span class='ocrx_word' id='word_1_455' title='bbox 2290 1964 2395 2029; x_wconf 77' lang='grc' dir='ltr'><strong>ἕως</strong></span> <span class='ocrx_word' id='word_1_456' title='bbox 2423 1963 2513 2018; x_wconf 82' lang='grc' dir='ltr'>τοῦ</span> <span class='ocrx_word' id='word_1_457' title='bbox 2544 1965 2780 2034; x_wconf 73' lang='grc' dir='ltr'>αἵματος</span> <span class='ocrx_word' id='word_1_458' title='bbox 2808 1967 3098 2035; x_wconf 84' lang='grc' dir='ltr'>Ζαχαρίου,</span> <span class='ocrx_word' id='word_1_459' title='bbox 3123 1967 3143 1998; x_wconf 76' lang='grc'>⁸</span> <span class='ocrx_word' id='word_1_460' title='bbox 3162 1960 3222 2020; x_wconf 77' lang='grc' dir='ltr'><strong>οὐ</strong></span> <span class='ocrx_word' id='word_1_461' title='bbox 3245 1966 3540 2035; x_wconf 76' lang='grc' dir='ltr'>ἐφόνευσαν</span> <span class='ocrx_word' id='word_1_462' title='bbox 3566 1985 3661 2037; x_wconf 87' lang='grc' dir='ltr'>με-</span> 
     </span>
    </p>
   </div>
   <div class='ocr_carea' id='block_1_64' title="bbox 2080 2055 3660 2131">
    <p class='ocr_par' dir='ltr' id='par_1_64' title="bbox 2080 2055 3660 2131">
     <span class='ocr_line' id='line_1_64' title="bbox 2080 2055 3660 2131; baseline 0.001 -22"><span class='ocrx_word' id='word_1_463' title='bbox 2080 2055 2213 2120; x_wconf 81' lang='grc' dir='ltr'><strong>ταξύ</strong></span> <span class='ocrx_word' id='word_1_464' title='bbox 2252 2057 2346 2110; x_wconf 84' lang='grc' dir='ltr'>τοῦ</span> <span class='ocrx_word' id='word_1_465' title='bbox 2391 2057 2523 2111; x_wconf 85' lang='grc' dir='ltr'>ναοῦ</span> <span class='ocrx_word' id='word_1_466' title='bbox 2551 2057 2646 2110; x_wconf 68' lang='grc' dir='ltr'><strong>καὶ</strong></span> <span class='ocrx_word' id='word_1_467' title='bbox 2672 2058 2768 2110; x_wconf 82' lang='grc' dir='ltr'>τοῦ</span> <span class='ocrx_word' id='word_1_468' title='bbox 2801 2056 3214 2128; x_wconf 83' lang='grc' dir='ltr'>θυσιαστηρίου.</span> <span class='ocrx_word' id='word_1_469' title='bbox 3243 2076 3261 2110; x_wconf 78' lang='grc' dir='ltr'>ι</span> <span class='ocrx_word' id='word_1_470' title='bbox 3292 2059 3519 2112; x_wconf 83' lang='grc' dir='ltr'>Πάντων</span> <span class='ocrx_word' id='word_1_471' title='bbox 3549 2059 3660 2131; x_wconf 81' lang='grc' dir='ltr'>γὰρ</span> 
     </span>
    </p>
   </div>
   <div class='ocr_carea' id='block_1_65' title="bbox 2083 2146 2889 2210">
    <p class='ocr_par' dir='ltr' id='par_1_65' title="bbox 2083 2146 2889 2210">
     <span class='ocr_line' id='line_1_65' title="bbox 2083 2146 2889 2210; baseline 0.001 -10"><span class='ocrx_word' id='word_1_472' title='bbox 2083 2146 2225 2200; x_wconf 81' lang='grc' dir='ltr'>κατὰ</span> <span class='ocrx_word' id='word_1_473' title='bbox 2255 2147 2452 2201; x_wconf 66' lang='grc' dir='ltr'>ταυτὸν</span> <span class='ocrx_word' id='word_1_474' title='bbox 2470 2147 2682 2200; x_wconf 88' lang='grc' dir='ltr'>τίσουσι</span> <span class='ocrx_word' id='word_1_475' title='bbox 2711 2147 2889 2210; x_wconf 86' lang='grc' dir='ltr'>δίκας.</span> 
     </span>
    </p>
   </div>
   <div class='ocr_carea' id='block_1_66' title="bbox 2156 2230 3660 2306">
    <p class='ocr_par' dir='ltr' id='par_1_66' title="bbox 2156 2230 3660 2306">
     <span class='ocr_line' id='line_1_66' title="bbox 2156 2230 3660 2306; baseline 0.002 -22"><span class='ocrx_word' id='word_1_476' title='bbox 2156 2230 2236 2284; x_wconf 76' lang='grc' dir='ltr'>ιε’.</span> <span class='ocrx_word' id='word_1_477' title='bbox 2287 2251 2304 2284; x_wconf 84' lang='grc' dir='ltr'>ι</span> <span class='ocrx_word' id='word_1_478' title='bbox 2357 2231 2749 2304; x_wconf 83' lang='grc' dir='ltr'>Γενηθήτωσαν</span> <span class='ocrx_word' id='word_1_479' title='bbox 2799 2233 3042 2288; x_wconf 88' lang='grc' dir='ltr'>ἐναντίον</span> <span class='ocrx_word' id='word_1_480' title='bbox 3095 2237 3303 2306; x_wconf 84' lang='grc' dir='ltr'>Κυρίου</span> <span class='ocrx_word' id='word_1_481' title='bbox 3341 2235 3660 2302; x_wconf 79' lang='grc' dir='ltr'>διαπαντὸς,</span> 
     </span>
    </p>
   </div>
   <div class='ocr_carea' id='block_1_67' title="bbox 2082 2321 3655 2396">
    <p class='ocr_par' dir='ltr' id='par_1_67' title="bbox 2082 2321 3655 2396">
     <span class='ocr_line' id='line_1_67' title="bbox 2082 2321 3655 2396; baseline 0 -21"><span class='ocrx_word' id='word_1_482' title='bbox 2082 2321 2177 2375; x_wconf 72' lang='grc' dir='ltr'>καὶ</span> <span class='ocrx_word' id='word_1_483' title='bbox 2223 2321 2632 2394; x_wconf 80' lang='grc' dir='ltr'>ἐξολοθρευθείη</span> <span class='ocrx_word' id='word_1_484' title='bbox 2680 2323 2745 2376; x_wconf 81' lang='grc' dir='ltr'><strong>ἐκ</strong></span> <span class='ocrx_word' id='word_1_485' title='bbox 2787 2324 2890 2393; x_wconf 85' lang='grc' dir='ltr'>γῆς</span> <span class='ocrx_word' id='word_1_486' title='bbox 2918 2324 2978 2377; x_wconf 77' lang='grc' dir='ltr'>τὸ</span> <span class='ocrx_word' id='word_1_487' title='bbox 3019 2327 3362 2396; x_wconf 84' lang='grc' dir='ltr'>μνημόσυνον</span> <span class='ocrx_word' id='word_1_488' title='bbox 3398 2325 3602 2378; x_wconf 89' lang='grc' dir='ltr'>αὐτῶν.</span> <span class='ocrx_word' id='word_1_489' title='bbox 3636 2343 3655 2375; x_wconf 70' lang='grc' dir='ltr'>ι</span> 
     </span>
    </p>
   </div>
   <div class='ocr_carea' id='block_1_68' title="bbox 2082 2411 3657 2486">
    <p class='ocr_par' dir='ltr' id='par_1_68' title="bbox 2082 2411 3657 2486">
     <span class='ocr_line' id='line_1_68' title="bbox 2082 2411 3657 2486; baseline 0.002 -21"><span class='ocrx_word' id='word_1_490' title='bbox 2082 2411 2268 2466; x_wconf 85' lang='grc' dir='ltr'>Πάντα</span> <span class='ocrx_word' id='word_1_491' title='bbox 2317 2413 2446 2483; x_wconf 80' lang='grc' dir='ltr'>γὰρ,</span> <span class='ocrx_word' id='word_1_492' title='bbox 2481 2413 2633 2484; x_wconf 76' lang='grc' dir='ltr'>φησὶ,</span> <span class='ocrx_word' id='word_1_493' title='bbox 2667 2413 2736 2467; x_wconf 82' lang='grc' dir='ltr'>τὰ</span> <span class='ocrx_word' id='word_1_494' title='bbox 2773 2414 2864 2466; x_wconf 88' lang='grc' dir='ltr'>ὐπ’</span> <span class='ocrx_word' id='word_1_495' title='bbox 2891 2414 3073 2468; x_wconf 87' lang='grc' dir='ltr'>αὐτῶν</span> <span class='ocrx_word' id='word_1_496' title='bbox 3101 2416 3446 2486; x_wconf 79' lang='grc' dir='ltr'>τολμηθέντα</span> <span class='ocrx_word' id='word_1_497' title='bbox 3479 2419 3657 2486; x_wconf 82' lang='grc' dir='ltr'>παρὰ-</span> 
     </span>
    </p>
   </div>
   <div class='ocr_carea' id='block_1_69' title="bbox 2081 2503 3659 2576">
    <p class='ocr_par' dir='ltr' id='par_1_69' title="bbox 2081 2503 3659 2576">
     <span class='ocr_line' id='line_1_69' title="bbox 2081 2503 3659 2576; baseline 0.001 -20"><span class='ocrx_word' id='word_1_498' title='bbox 2081 2520 2220 2574; x_wconf 85' lang='grc' dir='ltr'>νομα</span> <span class='ocrx_word' id='word_1_499' title='bbox 2251 2504 2339 2556; x_wconf 81' lang='grc' dir='ltr'><strong>ἀεὶ</strong></span> <span class='ocrx_word' id='word_1_500' title='bbox 2373 2503 2646 2574; x_wconf 86' lang='grc' dir='ltr'>θεώμενος</span> <span class='ocrx_word' id='word_1_501' title='bbox 2675 2506 2703 2557; x_wconf 85' lang='grc' dir='ltr'>ὁ</span> <span class='ocrx_word' id='word_1_502' title='bbox 2729 2505 2882 2571; x_wconf 79' lang='grc' dir='ltr'>Θεὸς,</span> <span class='ocrx_word' id='word_1_503' title='bbox 2915 2506 3175 2576; x_wconf 82' lang='grc' dir='ltr'>οὐδεμιᾶς</span> <span class='ocrx_word' id='word_1_504' title='bbox 3204 2508 3402 2571; x_wconf 80' lang='grc' dir='ltr'>αὐτοὺς</span> <span class='ocrx_word' id='word_1_505' title='bbox 3437 2508 3659 2573; x_wconf 81' lang='grc' dir='ltr'>ἀξιώσει</span> 
     </span>
    </p>
   </div>
   <div class='ocr_carea' id='block_1_70' title="bbox 2082 2591 3659 2665">
    <p class='ocr_par' dir='ltr' id='par_1_70' title="bbox 2082 2591 3659 2665">
     <span class='ocr_line' id='line_1_70' title="bbox 2082 2591 3659 2665; baseline 0.001 -21"><span class='ocrx_word' id='word_1_506' title='bbox 2082 2591 2320 2660; x_wconf 78' lang='grc' dir='ltr'>φειδοῦς,</span> <span class='ocrx_word' id='word_1_507' title='bbox 2359 2591 2496 2646; x_wconf 83' lang='grc' dir='ltr'>ἀλλὰ</span> <span class='ocrx_word' id='word_1_508' title='bbox 2523 2593 2873 2664; x_wconf 76' lang='grc' dir='ltr'>πανωλεθρίᾳ</span> <span class='ocrx_word' id='word_1_509' title='bbox 2897 2593 3232 2665; x_wconf 87' lang='grc' dir='ltr'>παραδώσει.</span> <span class='ocrx_word' id='word_1_510' title='bbox 3266 2595 3378 2647; x_wconf 79' lang='grc' dir='ltr'><strong>Καὶ</strong></span> <span class='ocrx_word' id='word_1_511' title='bbox 3408 2593 3659 2647; x_wconf 78' lang='grc' dir='ltr'>ἐντεῦθεν</span> 
     </span>
    </p>
   </div>
   <div class='ocr_carea' id='block_1_71' title="bbox 2086 2680 3658 2752">
    <p class='ocr_par' dir='ltr' id='par_1_71' title="bbox 2086 2680 3658 2752">
     <span class='ocr_line' id='line_1_71' title="bbox 2086 2680 3658 2752; baseline -0.001 -18"><span class='ocrx_word' id='word_1_512' title='bbox 2086 2681 2268 2751; x_wconf 83' lang='grc' dir='ltr'>μέντοι</span> <span class='ocrx_word' id='word_1_513' title='bbox 2319 2680 2499 2752; x_wconf 80' lang='grc' dir='ltr'>δῆλον,</span> <span class='ocrx_word' id='word_1_514' title='bbox 2554 2681 2631 2744; x_wconf 87' lang='grc' dir='ltr'><strong>ώς</strong></span> <span class='ocrx_word' id='word_1_515' title='bbox 2679 2682 2738 2734; x_wconf 90' lang='grc' dir='ltr'><strong>οὐ</strong></span> <span class='ocrx_word' id='word_1_516' title='bbox 2788 2682 2916 2752; x_wconf 84' lang='grc' dir='ltr'>περὶ</span> <span class='ocrx_word' id='word_1_517' title='bbox 2972 2682 3133 2752; x_wconf 85' lang='grc' dir='ltr'>μόνου</span> <span class='ocrx_word' id='word_1_518' title='bbox 3167 2682 3260 2735; x_wconf 78' lang='grc' dir='ltr'>τοῦ</span> <span class='ocrx_word' id='word_1_519' title='bbox 3291 2682 3486 2748; x_wconf 83' lang='grc' dir='ltr'>Ἰούδα,</span> <span class='ocrx_word' id='word_1_520' title='bbox 3522 2681 3658 2735; x_wconf 81' lang='grc' dir='ltr'><strong>άλλὰ</strong></span> 
     </span>
    </p>
   </div>
   <div class='ocr_carea' id='block_1_72' title="bbox 2083 2769 3658 2842">
    <p class='ocr_par' dir='ltr' id='par_1_72' title="bbox 2083 2769 3658 2842">
     <span class='ocr_line' id='line_1_72' title="bbox 2083 2769 3658 2842; baseline -0.001 -18"><span class='ocrx_word' id='word_1_521' title='bbox 2083 2770 2212 2842; x_wconf 72' lang='grc' dir='ltr'>περὶ</span> <span class='ocrx_word' id='word_1_522' title='bbox 2255 2769 2474 2824; x_wconf 88' lang='grc' dir='ltr'>πάντων</span> <span class='ocrx_word' id='word_1_523' title='bbox 2525 2771 2546 2801; x_wconf 88' lang='grc'><strong>⁷</strong></span> <span class='ocrx_word' id='word_1_524' title='bbox 2582 2771 2968 2841; x_wconf 79' lang='grc' dir='ltr'>ὴπιστηκότων</span> <span class='ocrx_word' id='word_1_525' title='bbox 3009 2770 3185 2824; x_wconf 81' lang='grc' dir='ltr'>ταῦτα</span> <span class='ocrx_word' id='word_1_526' title='bbox 3239 2769 3478 2839; x_wconf 85' lang='grc' dir='ltr'>διῆλθεν.</span> <span class='ocrx_word' id='word_1_527' title='bbox 3527 2771 3658 2823; x_wconf 77' lang='grc' dir='ltr'>Ἀπὸ</span> 
     </span>
    </p>
   </div>
   <div class='ocr_carea' id='block_1_73' title="bbox 2081 2860 3658 2933">
    <p class='ocr_par' dir='ltr' id='par_1_73' title="bbox 2081 2860 3658 2933">
     <span class='ocr_line' id='line_1_73' title="bbox 2081 2860 3658 2933; baseline -0.001 -17"><span class='ocrx_word' id='word_1_528' title='bbox 2081 2863 2190 2933; x_wconf 83' lang='grc' dir='ltr'>γὰρ</span> <span class='ocrx_word' id='word_1_529' title='bbox 2218 2861 2400 2914; x_wconf 85' lang='grc' dir='ltr'>ἐνικοῦ</span> <span class='ocrx_word' id='word_1_530' title='bbox 2431 2860 2750 2932; x_wconf 84' lang='grc' dir='ltr'>προσώπου,</span> <span class='ocrx_word' id='word_1_531' title='bbox 2786 2862 2881 2914; x_wconf 82' lang='grc' dir='ltr'>ἐπὶ</span> <span class='ocrx_word' id='word_1_532' title='bbox 2906 2862 2966 2914; x_wconf 79' lang='grc' dir='ltr'>τὸ</span> <span class='ocrx_word' id='word_1_533' title='bbox 2985 2861 3352 2933; x_wconf 73' lang='grc' dir='ltr'>πληθυντικὸν</span> <span class='ocrx_word' id='word_1_534' title='bbox 3380 2863 3474 2914; x_wconf 84' lang='grc' dir='ltr'><strong>τὸν</strong></span> <span class='ocrx_word' id='word_1_535' title='bbox 3504 2861 3658 2930; x_wconf 80' lang='grc' dir='ltr'>λόγον</span> 
     </span>
    </p>
   </div>
   <div class='ocr_carea' id='block_1_74' title="bbox 2010 2950 3655 3060">
    <p class='ocr_par' dir='ltr' id='par_1_74' title="bbox 2010 2950 3655 3060">
     <span class='ocr_line' id='line_1_74' title="bbox 2010 2950 3655 3060; baseline -0.001 -50"><span class='ocrx_word' id='word_1_536' title='bbox 2010 3001 2052 3060; x_wconf 75' lang='lat' dir='ltr'>C</span> <span class='ocrx_word' id='word_1_537' title='bbox 2089 2958 2443 3029; x_wconf 82' lang='grc' dir='ltr'>μετήνεγκεν.</span> <span class='ocrx_word' id='word_1_538' title='bbox 2477 2956 2672 3009; x_wconf 85' lang='grc' dir='ltr'>Οὐκέτι</span> <span class='ocrx_word' id='word_1_539' title='bbox 2724 2956 2833 3027; x_wconf 79' lang='grc' dir='ltr'>γὰρ</span> <span class='ocrx_word' id='word_1_540' title='bbox 2859 2950 3013 3010; x_wconf 80' lang='grc' dir='ltr'>εἶπεν</span> <span class='ocrx_word' id='word_1_541' title='bbox 3046 2957 3254 3020; x_wconf 82' lang='grc' dir='ltr'>αὑτοῦ,</span> <span class='ocrx_word' id='word_1_542' title='bbox 3289 2957 3405 3010; x_wconf 87' lang='grc' dir='ltr'>ἀλλ’</span> <span class='ocrx_word' id='word_1_543' title='bbox 3438 2955 3655 3010; x_wconf 77' lang='grc' dir='ltr'>αὐτῶν.</span> 
     </span>
    </p>
   </div>
   <div class='ocr_carea' id='block_1_75' title="bbox 2161 3043 3656 3119">
    <p class='ocr_par' dir='ltr' id='par_1_75' title="bbox 2161 3043 3656 3119">
     <span class='ocr_line' id='line_1_75' title="bbox 2161 3043 3656 3119; baseline 0.001 -19"><span class='ocrx_word' id='word_1_544' title='bbox 2161 3048 2256 3113; x_wconf 85' lang='grc' dir='ltr'>ις’,</span> <span class='ocrx_word' id='word_1_545' title='bbox 2293 3047 2376 3112; x_wconf 80' lang='grc' dir='ltr'><strong>ιζ’.</strong></span> <span class='ocrx_word' id='word_1_546' title='bbox 2425 3066 2442 3100; x_wconf 85' lang='grc' dir='ltr'>ι</span> <span class='ocrx_word' id='word_1_547' title='bbox 2489 3046 2631 3100; x_wconf 83' lang='lat' dir='ltr'><strong>&#39;AvO‘</strong></span> <span class='ocrx_word' id='word_1_548' title='bbox 2661 3043 2736 3100; x_wconf 87' lang='grc' dir='ltr'>ῶν</span> <span class='ocrx_word' id='word_1_549' title='bbox 2777 3045 2878 3101; x_wconf 81' lang='grc' dir='ltr'>οσκ</span> <span class='ocrx_word' id='word_1_550' title='bbox 2923 3048 3170 3119; x_wconf 78' lang='grc' dir='ltr'>ἐμνήσθη</span> <span class='ocrx_word' id='word_1_551' title='bbox 3225 3047 3448 3118; x_wconf 82' lang='grc' dir='ltr'>ποιῆσαι</span> <span class='ocrx_word' id='word_1_552' title='bbox 3489 3048 3656 3110; x_wconf 76' lang='grc' dir='ltr'>ἕλεος.</span> 
     </span>
    </p>
   </div>
   <div class='ocr_carea' id='block_1_76' title="bbox 2083 3138 3659 3210">
    <p class='ocr_par' dir='ltr' id='par_1_76' title="bbox 2083 3138 3659 3210">
     <span class='ocr_line' id='line_1_76' title="bbox 2083 3138 3659 3210; baseline -0.003 -16"><span class='ocrx_word' id='word_1_553' title='bbox 2083 3141 2194 3194; x_wconf 82' lang='grc' dir='ltr'><strong>Καὶ</strong></span> <span class='ocrx_word' id='word_1_554' title='bbox 2233 3139 2558 3204; x_wconf 80' lang='grc' dir='ltr'>κατεδίωξεν</span> <span class='ocrx_word' id='word_1_555' title='bbox 2581 3138 2868 3209; x_wconf 82' lang='grc' dir='ltr'>ἄνθρωπον</span> <span class='ocrx_word' id='word_1_556' title='bbox 2906 3141 3136 3210; x_wconf 79' lang='grc' dir='ltr'>πένητα,</span> <span class='ocrx_word' id='word_1_557' title='bbox 3177 3139 3269 3193; x_wconf 74' lang='grc' dir='ltr'><strong>καὶ</strong></span> <span class='ocrx_word' id='word_1_558' title='bbox 3299 3139 3540 3208; x_wconf 76' lang='grc' dir='ltr'>πτωχὸν,</span> <span class='ocrx_word' id='word_1_559' title='bbox 3566 3139 3659 3191; x_wconf 73' lang='grc' dir='ltr'>καὶ</span> 
     </span>
    </p>
   </div>
   <div class='ocr_carea' id='block_1_77' title="bbox 2083 3228 3659 3301">
    <p class='ocr_par' dir='ltr' id='par_1_77' title="bbox 2083 3228 3659 3301">
     <span class='ocr_line' id='line_1_77' title="bbox 2083 3228 3659 3301; baseline -0.003 -15"><span class='ocrx_word' id='word_1_560' title='bbox 2083 3231 2552 3301; x_wconf 82' lang='grc' dir='ltr'>κατανενυγμένον</span> <span class='ocrx_word' id='word_1_561' title='bbox 2581 3233 2648 3301; x_wconf 85' lang='grc' dir='ltr'>τῇ</span> <span class='ocrx_word' id='word_1_562' title='bbox 2692 3230 2890 3301; x_wconf 68' lang='grc' dir='ltr'>καρδίᾳ</span> <span class='ocrx_word' id='word_1_563' title='bbox 2919 3229 3013 3283; x_wconf 86' lang='grc' dir='ltr'>τοῦ</span> <span class='ocrx_word' id='word_1_564' title='bbox 3049 3229 3383 3284; x_wconf 86' lang='grc' dir='ltr'>θανατῶσαι.</span> <span class='ocrx_word' id='word_1_565' title='bbox 3424 3248 3443 3281; x_wconf 73' lang='grc' dir='ltr'>ι</span> <span class='ocrx_word' id='word_1_566' title='bbox 3477 3228 3659 3282; x_wconf 82' lang='grc' dir='ltr'>Ταῦτα</span> 
     </span>
    </p>
   </div>
   <div class='ocr_carea' id='block_1_78' title="bbox 2083 3321 3660 3393">
    <p class='ocr_par' dir='ltr' id='par_1_78' title="bbox 2083 3321 3660 3393">
     <span class='ocr_line' id='line_1_78' title="bbox 2083 3321 3660 3393; baseline -0.004 -15"><span class='ocrx_word' id='word_1_567' title='bbox 2083 3324 2159 3387; x_wconf 88' lang='grc' dir='ltr'><strong>δέ,</strong></span> <span class='ocrx_word' id='word_1_568' title='bbox 2194 3324 2350 3393; x_wconf 78' lang='grc' dir='ltr'>φησὶ,</span> <span class='ocrx_word' id='word_1_569' title='bbox 2379 3322 2683 3389; x_wconf 88' lang='grc' dir='ltr'>πείσονται,</span> <span class='ocrx_word' id='word_1_570' title='bbox 2733 3321 2960 3393; x_wconf 83' lang='grc' dir='ltr'>ἀπηνῶς</span> <span class='ocrx_word' id='word_1_571' title='bbox 2991 3323 3084 3375; x_wconf 70' lang='grc' dir='ltr'><strong>καὶ</strong></span> <span class='ocrx_word' id='word_1_572' title='bbox 3113 3321 3392 3392; x_wconf 86' lang='grc' dir='ltr'>θηριωδῶς</span> <span class='ocrx_word' id='word_1_573' title='bbox 3415 3323 3484 3392; x_wconf 84' lang='grc' dir='ltr'>τῇ</span> <span class='ocrx_word' id='word_1_574' title='bbox 3516 3338 3660 3390; x_wconf 78' lang='grc' dir='ltr'>μιαιο</span> 
     </span>
    </p>
   </div>
   <div class='ocr_carea' id='block_1_79' title="bbox 2085 3411 3662 3484">
    <p class='ocr_par' dir='ltr' id='par_1_79' title="bbox 2085 3411 3662 3484">
     <span class='ocr_line' id='line_1_79' title="bbox 2085 3411 3662 3484; baseline -0.001 -18"><span class='ocrx_word' id='word_1_575' title='bbox 2085 3413 2246 3484; x_wconf 75' lang='grc' dir='ltr'>φονίᾳ</span> <span class='ocrx_word' id='word_1_576' title='bbox 2291 3412 2656 3483; x_wconf 85' lang='grc' dir='ltr'>χρησάμενοι,</span> <span class='ocrx_word' id='word_1_577' title='bbox 2707 3413 2801 3466; x_wconf 74' lang='grc' dir='ltr'>καὶ</span> <span class='ocrx_word' id='word_1_578' title='bbox 2840 3411 2932 3465; x_wconf 83' lang='grc' dir='ltr'>τὸν</span> <span class='ocrx_word' id='word_1_579' title='bbox 2985 3411 3135 3484; x_wconf 81' lang='grc' dir='ltr'>πάσῃ</span> <span class='ocrx_word' id='word_1_580' title='bbox 3185 3412 3534 3484; x_wconf 84' lang='grc' dir='ltr'>χρησάμενον</span> <span class='ocrx_word' id='word_1_581' title='bbox 3569 3428 3662 3482; x_wconf 80' lang='grc' dir='ltr'><strong>με⁸</strong></span> 
     </span>
    </p>
   </div>
   <div class='ocr_carea' id='block_1_80' title="bbox 2083 3499 3675 3576">
    <p class='ocr_par' dir='ltr' id='par_1_80' title="bbox 2083 3499 3675 3576">
     <span class='ocr_line' id='line_1_80' title="bbox 2083 3499 3675 3576; baseline -0.001 -18"><span class='ocrx_word' id='word_1_582' title='bbox 2083 3506 2330 3576; x_wconf 87' lang='grc' dir='ltr'>τριότητι</span> <span class='ocrx_word' id='word_1_583' title='bbox 2384 3505 2480 3558; x_wconf 75' lang='grc' dir='ltr'><strong>καὶ</strong></span> <span class='ocrx_word' id='word_1_584' title='bbox 2532 3504 2803 3574; x_wconf 81' lang='grc' dir='ltr'>πραότητι</span> <span class='ocrx_word' id='word_1_585' title='bbox 2853 3502 3016 3575; x_wconf 83' lang='grc' dir='ltr'>μέχρι</span> <span class='ocrx_word' id='word_1_586' title='bbox 3069 3503 3300 3557; x_wconf 82' lang='grc' dir='ltr'>θανάτου</span> <span class='ocrx_word' id='word_1_587' title='bbox 3346 3499 3675 3568; x_wconf 49' lang='grc' dir='ltr'>διώξαντες(</span> 
     </span>
    </p>
   </div>
   <div class='ocr_carea' id='block_1_81' title="bbox 2085 3593 3660 3666">
    <p class='ocr_par' dir='ltr' id='par_1_81' title="bbox 2085 3593 3660 3666">
     <span class='ocr_line' id='line_1_81' title="bbox 2085 3593 3660 3666; baseline -0.003 -17"><span class='ocrx_word' id='word_1_588' title='bbox 2085 3595 2309 3658; x_wconf 80' lang='grc' dir='ltr'>Τούτοις</span> <span class='ocrx_word' id='word_1_589' title='bbox 2347 3595 2779 3658; x_wconf 76' lang='grc' dir='ltr'>καὶἈπόστολος</span> <span class='ocrx_word' id='word_1_590' title='bbox 2809 3593 3110 3666; x_wconf 71' lang='grc' dir='ltr'>μαρτυρεῖδ</span> <span class='ocrx_word' id='word_1_591' title='bbox 3130 3593 3332 3662; x_wconf 83' lang='grc' dir='ltr'>λόγοις,</span> <span class='ocrx_word' id='word_1_592' title='bbox 3367 3594 3464 3647; x_wconf 78' lang='grc' dir='ltr'>καὶ</span> <span class='ocrx_word' id='word_1_593' title='bbox 3498 3593 3660 3658; x_wconf 83' lang='grc' dir='ltr'>αὐτὸς</span> 
     </span>
    </p>
   </div>
   <div class='ocr_carea' id='block_1_82' title="bbox 2085 3686 3662 3760">
    <p class='ocr_par' dir='ltr' id='par_1_82' title="bbox 2085 3686 3662 3760">
     <span class='ocr_line' id='line_1_82' title="bbox 2085 3686 3662 3760; baseline -0.004 -16"><span class='ocrx_word' id='word_1_594' title='bbox 2085 3691 2114 3744; x_wconf 85' lang='grc' dir='ltr'>ὁ</span> <span class='ocrx_word' id='word_1_595' title='bbox 2146 3689 2424 3760; x_wconf 86' lang='grc' dir='ltr'>Δεσπότης</span> <span class='ocrx_word' id='word_1_596' title='bbox 2445 3705 2459 3721; x_wconf 74' lang='grc'><strong><em>⁸</em></strong></span> <span class='ocrx_word' id='word_1_597' title='bbox 2480 3689 2509 3742; x_wconf 90' lang='grc' dir='ltr'><strong>ό</strong></span> <span class='ocrx_word' id='word_1_598' title='bbox 2546 3687 2646 3760; x_wconf 86' lang='grc' dir='ltr'>μέν</span> <span class='ocrx_word' id='word_1_599' title='bbox 2692 3687 3014 3750; x_wconf 82' lang='grc' dir='ltr'>Ἀπόστολος</span> <span class='ocrx_word' id='word_1_600' title='bbox 3045 3686 3201 3756; x_wconf 85' lang='grc' dir='ltr'>βοῶν·</span> <span class='ocrx_word' id='word_1_601' title='bbox 3237 3704 3256 3736; x_wconf 75' lang='grc' dir='ltr'>ι</span> <span class='ocrx_word' id='word_1_602' title='bbox 3293 3687 3388 3749; x_wconf 90' lang='grc' dir='ltr'>Ὃς</span> <span class='ocrx_word' id='word_1_603' title='bbox 3416 3686 3486 3739; x_wconf 82' lang='grc' dir='ltr'><strong>δι’</strong></span> <span class='ocrx_word' id='word_1_604' title='bbox 3517 3688 3662 3756; x_wconf 80' lang='grc' dir='ltr'>ἡμᾶς</span> 
     </span>
    </p>
   </div>
   <div class='ocr_carea' id='block_1_83' title="bbox 2089 3775 3662 3851">
    <p class='ocr_par' dir='ltr' id='par_1_83' title="bbox 2089 3775 3662 3851">
     <span class='ocr_line' id='line_1_83' title="bbox 2089 3775 3662 3851; baseline -0.004 -16"><span class='ocrx_word' id='word_1_605' title='bbox 2089 3779 2407 3851; x_wconf 89' lang='grc' dir='ltr'>ἐπτώχευσε</span> <span class='ocrx_word' id='word_1_606' title='bbox 2450 3779 2708 3843; x_wconf 84' lang='grc' dir='ltr'>πλούσιος</span> <span class='ocrx_word' id='word_1_607' title='bbox 2731 3777 2831 3843; x_wconf 80' lang='grc' dir='ltr'><strong>ὢν,</strong></span> <span class='ocrx_word' id='word_1_608' title='bbox 2863 3777 2953 3832; x_wconf 81' lang='grc' dir='ltr'>ἵνα</span> <span class='ocrx_word' id='word_1_609' title='bbox 2983 3779 3146 3848; x_wconf 79' lang='grc' dir='ltr'>ἡμεῖς</span> <span class='ocrx_word' id='word_1_610' title='bbox 3173 3779 3241 3848; x_wconf 81' lang='grc' dir='ltr'>τῇ</span> <span class='ocrx_word' id='word_1_611' title='bbox 3276 3775 3488 3831; x_wconf 88' lang='grc' dir='ltr'>ἐκείνου</span> <span class='ocrx_word' id='word_1_612' title='bbox 3520 3794 3662 3829; x_wconf 86' lang='grc' dir='ltr'>πτω-</span> 
     </span>
    </p>
   </div>
   <div class='ocr_carea' id='block_1_84' title="bbox 2088 3864 3657 3944">
    <p class='ocr_par' dir='ltr' id='par_1_84' title="bbox 2088 3864 3657 3944">
     <span class='ocr_line' id='line_1_84' title="bbox 2088 3864 3657 3944; baseline -0.004 -20"><span class='ocrx_word' id='word_1_613' title='bbox 2088 3871 2209 3944; x_wconf 74' lang='grc' dir='ltr'>χείᾳ</span> <span class='ocrx_word' id='word_1_614' title='bbox 2241 3871 2632 3940; x_wconf 82' lang='grc' dir='ltr'>πλουτήσωμεν</span> <span class='ocrx_word' id='word_1_615' title='bbox 2653 3887 2668 3900; x_wconf 76' lang='grc' dir='ltr'><strong><em>ο</em></strong></span> <span class='ocrx_word' id='word_1_616' title='bbox 2703 3886 2722 3920; x_wconf 72' lang='grc' dir='ltr'>ι</span> <span class='ocrx_word' id='word_1_617' title='bbox 2743 3869 2838 3924; x_wconf 79' lang='grc' dir='ltr'>καὶ</span> <span class='ocrx_word' id='word_1_618' title='bbox 2862 3867 3046 3923; x_wconf 78' lang='grc' dir='ltr'>πάλινο</span> <span class='ocrx_word' id='word_1_619' title='bbox 3076 3886 3094 3920; x_wconf 83' lang='grc' dir='ltr'>ι</span> <span class='ocrx_word' id='word_1_620' title='bbox 3123 3868 3219 3931; x_wconf 82' lang='grc' dir='ltr'><strong>ὐς</strong></span> <span class='ocrx_word' id='word_1_621' title='bbox 3237 3868 3293 3920; x_wconf 88' lang='grc' dir='ltr'>ἐν</span> <span class='ocrx_word' id='word_1_622' title='bbox 3330 3868 3511 3938; x_wconf 77' lang='grc' dir='ltr'>μορφῇ</span> <span class='ocrx_word' id='word_1_623' title='bbox 3530 3864 3657 3918; x_wconf 87' lang='grc' dir='ltr'>Θεού</span> 
     </span>
    </p>
   </div>
   <div class='ocr_carea' id='block_1_85' title="bbox 2088 3955 3654 4036">
    <p class='ocr_par' dir='ltr' id='par_1_85' title="bbox 2088 3955 3654 4036">
     <span class='ocr_line' id='line_1_85' title="bbox 2088 3955 3654 4036; baseline -0.005 -18"><span class='ocrx_word' id='word_1_624' title='bbox 2088 3966 2367 4036; x_wconf 84' lang='grc' dir='ltr'>ὑπάρχων,</span> <span class='ocrx_word' id='word_1_625' title='bbox 2403 3963 2501 4034; x_wconf 91' lang='grc' dir='ltr'><strong>οὐχ</strong></span> <span class='ocrx_word' id='word_1_626' title='bbox 2537 3960 2833 4034; x_wconf 79' lang='grc' dir='ltr'>ἁρπαγμὸν</span> <span class='ocrx_word' id='word_1_627' title='bbox 2859 3960 3107 4033; x_wconf 79' lang='grc' dir='ltr'>ἡγήσατο</span> <span class='ocrx_word' id='word_1_628' title='bbox 3137 3959 3198 4012; x_wconf 81' lang='grc' dir='ltr'>τὸ</span> <span class='ocrx_word' id='word_1_629' title='bbox 3229 3955 3366 4012; x_wconf 82' lang='grc' dir='ltr'>εἶναι</span> <span class='ocrx_word' id='word_1_630' title='bbox 3400 3957 3490 4011; x_wconf 81' lang='grc' dir='ltr'><strong>ἴσα</strong></span> <span class='ocrx_word' id='word_1_631' title='bbox 3520 3957 3654 4026; x_wconf 84' lang='grc' dir='ltr'>Θεῷ,</span> 
     </span>
    </p>
   </div>
   <div class='ocr_carea' id='block_1_86' title="bbox 2088 4047 3661 4123">
    <p class='ocr_par' dir='ltr' id='par_1_86' title="bbox 2088 4047 3661 4123">
     <span class='ocr_line' id='line_1_86' title="bbox 2088 4047 3661 4123; baseline -0.006 -14"><span class='ocrx_word' id='word_1_632' title='bbox 2088 4055 2204 4110; x_wconf 82' lang='grc' dir='ltr'>ἀλλ’</span> <span class='ocrx_word' id='word_1_633' title='bbox 2222 4054 2413 4108; x_wconf 79' lang='grc' dir='ltr'>ἐαυτὸν</span> <span class='ocrx_word' id='word_1_634' title='bbox 2434 4053 2670 4108; x_wconf 83' lang='grc' dir='ltr'>ἐκένωσε</span> <span class='ocrx_word' id='word_1_635' title='bbox 2687 4051 2900 4123; x_wconf 82' lang='grc' dir='ltr'>μορφὴν</span> <span class='ocrx_word' id='word_1_636' title='bbox 2933 4051 3120 4104; x_wconf 82' lang='grc' dir='ltr'>δούλου</span> <span class='ocrx_word' id='word_1_637' title='bbox 3147 4049 3349 4104; x_wconf 74' lang='grc' dir='ltr'>λαϐώψ</span> <span class='ocrx_word' id='word_1_638' title='bbox 3376 4066 3396 4100; x_wconf 73' lang='grc' dir='ltr'>ι</span> <span class='ocrx_word' id='word_1_639' title='bbox 3418 4051 3446 4102; x_wconf 88' lang='grc' dir='ltr'><strong>ὁ</strong></span> <span class='ocrx_word' id='word_1_640' title='bbox 3472 4049 3531 4101; x_wconf 84' lang='grc' dir='ltr'>δὲ</span> <span class='ocrx_word' id='word_1_641' title='bbox 3552 4047 3661 4102; x_wconf 79' lang='grc' dir='ltr'><strong>Κύ-</strong></span> 
     </span>
    </p>
   </div>
   <div class='ocr_carea' id='block_1_87' title="bbox 2092 4138 3664 4221">
    <p class='ocr_par' dir='ltr' id='par_1_87' title="bbox 2092 4138 3664 4221">
     <span class='ocr_line' id='line_1_87' title="bbox 2092 4138 3664 4221; baseline -0.007 -19"><span class='ocrx_word' id='word_1_642' title='bbox 2092 4166 2205 4221; x_wconf 88' lang='grc' dir='ltr'>ριος</span> <span class='ocrx_word' id='word_1_643' title='bbox 2227 4146 2324 4202; x_wconf 79' lang='grc' dir='ltr'><strong>νῦν</strong></span> <span class='ocrx_word' id='word_1_644' title='bbox 2355 4146 2453 4218; x_wconf 82' lang='grc' dir='ltr'><strong>μέν</strong></span> <span class='ocrx_word' id='word_1_645' title='bbox 2493 4145 2687 4216; x_wconf 58' lang='grc' dir='ltr'>φησι,⁹⁶</span> <span class='ocrx_word' id='word_1_646' title='bbox 2727 4143 2985 4198; x_wconf 79' lang='grc' dir='ltr'>«Μάθετε</span> <span class='ocrx_word' id='word_1_647' title='bbox 3028 4142 3124 4196; x_wconf 79' lang='grc' dir='ltr'><strong>ἀπ’</strong></span> <span class='ocrx_word' id='word_1_648' title='bbox 3167 4140 3325 4210; x_wconf 82' lang='grc' dir='ltr'>ἐμοῦ,</span> <span class='ocrx_word' id='word_1_649' title='bbox 3355 4141 3439 4193; x_wconf 80' lang='grc' dir='ltr'>ὅτι</span> <span class='ocrx_word' id='word_1_650' title='bbox 3495 4138 3664 4210; x_wconf 77' lang='grc' dir='ltr'>πρᾶός</span> 
     </span>
    </p>
   </div>
   <div class='ocr_carea' id='block_1_88' title="bbox 2090 4233 3662 4311">
    <p class='ocr_par' dir='ltr' id='par_1_88' title="bbox 2090 4233 3662 4311">
     <span class='ocr_line' id='line_1_88' title="bbox 2090 4233 3662 4311; baseline -0.006 -17"><span class='ocrx_word' id='word_1_651' title='bbox 2090 4241 2334 4311; x_wconf 75' lang='grc' dir='ltr'>εἰμι,καὶ</span> <span class='ocrx_word' id='word_1_652' title='bbox 2359 4237 2612 4301; x_wconf 85' lang='grc' dir='ltr'>ταπεινὸς</span> <span class='ocrx_word' id='word_1_653' title='bbox 2644 4237 2709 4308; x_wconf 81' lang='grc' dir='ltr'>τῇ</span> <span class='ocrx_word' id='word_1_654' title='bbox 2738 4235 2935 4307; x_wconf 79' lang='grc' dir='ltr'>καρδίᾳ</span> <span class='ocrx_word' id='word_1_655' title='bbox 2961 4233 3053 4288; x_wconf 70' lang='grc' dir='ltr'><strong>καὶ</strong></span> <span class='ocrx_word' id='word_1_656' title='bbox 3079 4234 3341 4305; x_wconf 79' lang='grc' dir='ltr'>εὑρήσετε</span> <span class='ocrx_word' id='word_1_657' title='bbox 3363 4233 3662 4286; x_wconf 82' lang='grc' dir='ltr'>ἀνάπαυσιν</span> 
     </span>
    </p>
   </div>
   <div class='ocr_carea' id='block_1_89' title="bbox 410 4321 1981 4412">
    <p class='ocr_par' dir='ltr' id='par_1_89' title="bbox 410 4321 1981 4412">
     <span class='ocr_line' id='line_1_89' title="bbox 410 4321 1981 4412; baseline 0 -16"><span class='ocrx_word' id='word_1_658' title='bbox 410 4341 620 4412; x_wconf 85' lang='lat' dir='ltr'><strong>cipiens</strong></span> <span class='ocrx_word' id='word_1_659' title='bbox 646 4349 692 4398; x_wconf 83' lang='lat'><strong>&#39;.</strong></span> <span class='ocrx_word' id='word_1_660' title='bbox 738 4361 756 4396; x_wconf 75' lang='grc' dir='ltr'>ι</span> <span class='ocrx_word' id='word_1_661' title='bbox 811 4321 1182 4399; x_wconf 17' lang='grc' dir='ltr'>Ειίῡοωίηιιε</span> <span class='ocrx_word' id='word_1_662' title='bbox 1226 4359 1370 4397; x_wconf 92' lang='lat' dir='ltr'><strong>nunc</strong></span> <span class='ocrx_word' id='word_1_663' title='bbox 1416 4342 1634 4410; x_wconf 89' lang='lat' dir='ltr'><strong>quidem</strong></span> <span class='ocrx_word' id='word_1_664' title='bbox 1687 4344 1802 4398; x_wconf 89' lang='lat' dir='ltr'><strong>ait:</strong></span> <span class='ocrx_word' id='word_1_665' title='bbox 1847 4361 1866 4394; x_wconf 77' lang='grc' dir='ltr'>ι</span> <span class='ocrx_word' id='word_1_666' title='bbox 1899 4341 1981 4396; x_wconf 90' lang='lat' dir='ltr'><strong>Di-</strong></span> 
     </span>
    </p>
   </div>
   <div class='ocr_carea' id='block_1_90' title="bbox 2088 4321 3665 4412">
    <p class='ocr_par' dir='ltr' id='par_1_90' title="bbox 2088 4321 3665 4403">
     <span class='ocr_line' id='line_1_90' title="bbox 2088 4321 3665 4403; baseline -0.009 -17"><span class='ocrx_word' id='word_1_667' title='bbox 2088 4335 2209 4395; x_wconf 86' lang='grc' dir='ltr'>ταῖς</span> <span class='ocrx_word' id='word_1_668' title='bbox 2235 4332 2434 4403; x_wconf 76' lang='grc' dir='ltr'>ψυχαῖς</span> <span class='ocrx_word' id='word_1_669' title='bbox 2459 4328 2614 4400; x_wconf 86' lang='grc' dir='ltr'>ὐμῶν</span> <span class='ocrx_word' id='word_1_670' title='bbox 2641 4344 2654 4358; x_wconf 79' lang='grc'><strong><em>⁸</em></strong></span> <span class='ocrx_word' id='word_1_671' title='bbox 2693 4347 2713 4380; x_wconf 68' lang='grc' dir='ltr'>ι</span> <span class='ocrx_word' id='word_1_672' title='bbox 2740 4327 2833 4382; x_wconf 79' lang='grc' dir='ltr'><strong>νῦν</strong></span> <span class='ocrx_word' id='word_1_673' title='bbox 2859 4325 2946 4380; x_wconf 79' lang='grc' dir='ltr'>δέο</span> <span class='ocrx_word' id='word_1_674' title='bbox 2982 4343 3000 4377; x_wconf 82' lang='grc' dir='ltr'>ι</span> <span class='ocrx_word' id='word_1_675' title='bbox 3031 4327 3098 4378; x_wconf 76' lang='grc' dir='ltr'>Δί</span> <span class='ocrx_word' id='word_1_676' title='bbox 3125 4324 3408 4387; x_wconf 88' lang='grc' dir='ltr'>ἀλώπεκες</span> <span class='ocrx_word' id='word_1_677' title='bbox 3431 4321 3665 4393; x_wconf 81' lang='grc' dir='ltr'>φωλεοὺς</span> 
     </span>
    </p>
   </div>
   <div class='ocr_carea' id='block_1_91' title="bbox 411 4433 1986 4506">
    <p class='ocr_par' dir='ltr' id='par_1_91' title="bbox 411 4433 1986 4506">
     <span class='ocr_line' id='line_1_91' title="bbox 411 4433 1986 4506; baseline 0 -18"><span class='ocrx_word' id='word_1_678' title='bbox 411 4433 548 4489; x_wconf 89' lang='lat' dir='ltr'><strong>scite</strong></span> <span class='ocrx_word' id='word_1_679' title='bbox 577 4449 608 4488; x_wconf 84' lang='lat' dir='ltr'><strong>a</strong></span> <span class='ocrx_word' id='word_1_680' title='bbox 643 4450 751 4500; x_wconf 88' lang='lat' dir='ltr'><strong>me,</strong></span> <span class='ocrx_word' id='word_1_681' title='bbox 792 4436 920 4506; x_wconf 91' lang='lat' dir='ltr'><strong>quia</strong></span> <span class='ocrx_word' id='word_1_682' title='bbox 951 4434 1100 4489; x_wconf 90' lang='lat' dir='ltr'><strong>mitis</strong></span> <span class='ocrx_word' id='word_1_683' title='bbox 1150 4449 1295 4499; x_wconf 85' lang='lat' dir='ltr'><strong>sum,</strong></span> <span class='ocrx_word' id='word_1_684' title='bbox 1347 4441 1403 4488; x_wconf 91' lang='lat' dir='ltr'><strong>et</strong></span> <span class='ocrx_word' id='word_1_685' title='bbox 1439 4433 1665 4489; x_wconf 87' lang='lat' dir='ltr'><strong>humilis</strong></span> <span class='ocrx_word' id='word_1_686' title='bbox 1702 4435 1888 4499; x_wconf 89' lang='lat' dir='ltr'><strong>corde,</strong></span> <span class='ocrx_word' id='word_1_687' title='bbox 1931 4443 1986 4488; x_wconf 89' lang='lat' dir='ltr'><strong>et</strong></span> 
     </span>
    </p>
   </div>
   <div class='ocr_carea' id='block_1_92' title="bbox 411 4524 1986 4596">
    <p class='ocr_par' dir='ltr' id='par_1_92' title="bbox 411 4524 1986 4596">
     <span class='ocr_line' id='line_1_92' title="bbox 411 4524 1986 4596; baseline 0 -18"><span class='ocrx_word' id='word_1_688' title='bbox 411 4524 700 4581; x_wconf 85' lang='lat' dir='ltr'><strong>invenietis</strong></span> <span class='ocrx_word' id='word_1_689' title='bbox 741 4529 983 4596; x_wconf 88' lang='lat' dir='ltr'><strong>requiem</strong></span> <span class='ocrx_word' id='word_1_690' title='bbox 1010 4542 1109 4595; x_wconf 90' lang='lat' dir='ltr'><strong>pro</strong></span> <span class='ocrx_word' id='word_1_691' title='bbox 1134 4525 1426 4580; x_wconf 88' lang='lat' dir='ltr'><strong>animabus</strong></span> <span class='ocrx_word' id='word_1_692' title='bbox 1455 4525 1653 4580; x_wconf 88' lang='lat' dir='ltr'><strong>vestris</strong></span> <span class='ocrx_word' id='word_1_693' title='bbox 1682 4525 1701 4561; x_wconf 72' lang='grc' dir='ltr'><strong>ί</strong></span> <span class='ocrx_word' id='word_1_694' title='bbox 1732 4543 1747 4591; x_wconf 90' lang='grc'><strong>;</strong></span> <span class='ocrx_word' id='word_1_695' title='bbox 1784 4543 1802 4575; x_wconf 86' lang='grc'><strong>›</strong></span> <span class='ocrx_word' id='word_1_696' title='bbox 1838 4539 1986 4578; x_wconf 90' lang='lat' dir='ltr'><strong>nunc</strong></span> 
     </span>
    </p>
   </div>
   <div class='ocr_carea' id='block_1_93' title="bbox 411 4615 1984 4687">
    <p class='ocr_par' dir='ltr' id='par_1_93' title="bbox 411 4615 1984 4687">
     <span class='ocr_line' id='line_1_93' title="bbox 411 4615 1984 4687; baseline -0.001 -17"><span class='ocrx_word' id='word_1_697' title='bbox 411 4633 583 4671; x_wconf 84' lang='lat' dir='ltr'><strong>vero:</strong></span> <span class='ocrx_word' id='word_1_698' title='bbox 635 4636 654 4670; x_wconf 76' lang='grc' dir='ltr'>ι</span> <span class='ocrx_word' id='word_1_699' title='bbox 695 4618 897 4687; x_wconf 84' lang='lat' dir='ltr'><strong>Vulpes</strong></span> <span class='ocrx_word' id='word_1_700' title='bbox 950 4616 1137 4672; x_wconf 88' lang='lat' dir='ltr'><strong>foveas</strong></span> <span class='ocrx_word' id='word_1_701' title='bbox 1186 4617 1408 4682; x_wconf 85' lang='lat' dir='ltr'><strong>habent,</strong></span> <span class='ocrx_word' id='word_1_702' title='bbox 1455 4625 1510 4671; x_wconf 90' lang='lat' dir='ltr'><strong>et</strong></span> <span class='ocrx_word' id='word_1_703' title='bbox 1553 4616 1807 4670; x_wconf 81' lang='lat' dir='ltr'><strong>volucres</strong></span> <span class='ocrx_word' id='word_1_704' title='bbox 1860 4615 1984 4669; x_wconf 85' lang='lat' dir='ltr'><strong>coeli</strong></span> 
     </span>
    </p>
   </div>
   <div class='ocr_carea' id='block_1_94' title="bbox 413 4706 1979 4775">
    <p class='ocr_par' dir='ltr' id='par_1_94' title="bbox 413 4706 1979 4775">
     <span class='ocr_line' id='line_1_94' title="bbox 413 4706 1979 4775; baseline -0.001 -12"><span class='ocrx_word' id='word_1_705' title='bbox 413 4709 591 4775; x_wconf 89' lang='lat' dir='ltr'><strong>nidos,</strong></span> <span class='ocrx_word' id='word_1_706' title='bbox 618 4709 789 4766; x_wconf 83' lang='lat' dir='ltr'><strong>Filius</strong></span> <span class='ocrx_word' id='word_1_707' title='bbox 817 4720 999 4766; x_wconf 89' lang='lat' dir='ltr'><strong>autem</strong></span> <span class='ocrx_word' id='word_1_708' title='bbox 1028 4708 1267 4764; x_wconf 88' lang='lat' dir='ltr'><strong>hominis</strong></span> <span class='ocrx_word' id='word_1_709' title='bbox 1301 4725 1408 4762; x_wconf 90' lang='lat' dir='ltr'><strong>non</strong></span> <span class='ocrx_word' id='word_1_710' title='bbox 1438 4708 1601 4762; x_wconf 86' lang='lat' dir='ltr'><strong>habet</strong></span> <span class='ocrx_word' id='word_1_711' title='bbox 1631 4706 1724 4761; x_wconf 91' lang='lat' dir='ltr'><strong>ubi</strong></span> <span class='ocrx_word' id='word_1_712' title='bbox 1756 4706 1979 4762; x_wconf 88' lang='lat' dir='ltr'><strong>reclinet</strong></span> 
     </span>
    </p>
   </div>
   <div class='ocr_carea' id='block_1_95' title="bbox 411 4809 883 4870">
    <p class='ocr_par' dir='ltr' id='par_1_95' title="bbox 411 4809 883 4870">
     <span class='ocr_line' id='line_1_95' title="bbox 411 4809 883 4870; baseline -0.004 -15"><span class='ocrx_word' id='word_1_713' title='bbox 411 4810 575 4870; x_wconf 87' lang='lat' dir='ltr'><strong>caput</strong></span> <span class='ocrx_word' id='word_1_714' title='bbox 605 4809 822 4855; x_wconf 69' lang='lat' dir='ltr'><strong>suum“.</strong></span> <span class='ocrx_word' id='word_1_715' title='bbox 865 4820 883 4853; x_wconf 77' lang='grc' dir='ltr'>ι</span> 
     </span>
    </p>
   </div>
   <div class='ocr_carea' id='block_1_96' title="bbox 485 4888 1986 4958">
    <p class='ocr_par' dir='ltr' id='par_1_96' title="bbox 485 4888 1986 4958">
     <span class='ocr_line' id='line_1_96' title="bbox 485 4888 1986 4958; baseline -0.003 -12"><span class='ocrx_word' id='word_1_716' title='bbox 485 4889 648 4946; x_wconf 74' lang='lat' dir='ltr'><strong>Vens.</strong></span> <span class='ocrx_word' id='word_1_717' title='bbox 691 4891 778 4943; x_wconf 80' lang='grc'><strong>18.</strong></span> <span class='ocrx_word' id='word_1_718' title='bbox 825 4909 843 4942; x_wconf 76' lang='grc' dir='ltr'>ι</span> <span class='ocrx_word' id='word_1_719' title='bbox 890 4890 956 4945; x_wconf 86' lang='lat' dir='ltr'><strong>Et</strong></span> <span class='ocrx_word' id='word_1_720' title='bbox 981 4890 1175 4946; x_wconf 85' lang='lat' dir='ltr'><strong>dilexit</strong></span> <span class='ocrx_word' id='word_1_721' title='bbox 1217 4891 1682 4958; x_wconf 88' lang='lat' dir='ltr'><strong>maledictionem,</strong></span> <span class='ocrx_word' id='word_1_722' title='bbox 1720 4899 1774 4946; x_wconf 91' lang='lat' dir='ltr'><strong>ct</strong></span> <span class='ocrx_word' id='word_1_723' title='bbox 1802 4888 1986 4945; x_wconf 88' lang='lat' dir='ltr'><strong>veniet</strong></span> 
     </span>
    </p>
   </div>
   <div class='ocr_carea' id='block_1_97' title="bbox 414 4974 1984 5051">
    <p class='ocr_par' dir='ltr' id='par_1_97' title="bbox 414 4974 1984 5051">
     <span class='ocr_line' id='line_1_97' title="bbox 414 4974 1984 5051; baseline 0.001 -20"><span class='ocrx_word' id='word_1_724' title='bbox 414 4974 467 5032; x_wconf 90' lang='lat' dir='ltr'><strong>ei</strong></span> <span class='ocrx_word' id='word_1_725' title='bbox 507 4991 525 5033; x_wconf 86' lang='lat'><strong>:</strong></span> <span class='ocrx_word' id='word_1_726' title='bbox 569 4989 624 5032; x_wconf 88' lang='lat' dir='ltr'><strong>et</strong></span> <span class='ocrx_word' id='word_1_727' title='bbox 661 4977 840 5032; x_wconf 90' lang='lat' dir='ltr'><strong>noluit</strong></span> <span class='ocrx_word' id='word_1_728' title='bbox 883 4978 1343 5046; x_wconf 87' lang='lat' dir='ltr'><strong>benedictionem,</strong></span> <span class='ocrx_word' id='word_1_729' title='bbox 1405 4989 1461 5036; x_wconf 88' lang='lat' dir='ltr'><strong>et</strong></span> <span class='ocrx_word' id='word_1_730' title='bbox 1519 4979 1864 5051; x_wconf 85' lang='lat' dir='ltr'><strong>elongabitur</strong></span> <span class='ocrx_word' id='word_1_731' title='bbox 1915 4977 1984 5032; x_wconf 89' lang='lat' dir='ltr'><strong>ab</strong></span> 
     </span>
    </p>
   </div>
   <div class='ocr_carea' id='block_1_98' title="bbox 485 5167 1613 5241">
    <p class='ocr_par' dir='ltr' id='par_1_98' title="bbox 485 5167 1613 5241">
     <span class='ocr_line' id='line_1_98' title="bbox 485 5167 1613 5241; baseline 0.008 -21"><span class='ocrx_word' id='word_1_732' title='bbox 485 5167 730 5241; x_wconf 56' lang='lat' dir='ltr'><strong>aplatth.</strong></span> <span class='ocrx_word' id='word_1_733' title='bbox 763 5186 920 5239; x_wconf 86' lang='lat' dir='ltr'><strong>xxm,</strong></span> <span class='ocrx_word' id='word_1_734' title='bbox 952 5171 1040 5228; x_wconf 77' lang='lat'><strong>55.</strong></span> <span class='ocrx_word' id='word_1_735' title='bbox 1120 5184 1142 5213; x_wconf 83' lang='grc' dir='ltr'><strong>ι’</strong></span> <span class='ocrx_word' id='word_1_736' title='bbox 1183 5174 1227 5230; x_wconf 87' lang='lat' dir='ltr'><strong>ll</strong></span> <span class='ocrx_word' id='word_1_737' title='bbox 1253 5173 1380 5232; x_wconf 88' lang='lat' dir='ltr'><strong>Cor.</strong></span> <span class='ocrx_word' id='word_1_738' title='bbox 1412 5191 1529 5241; x_wconf 79' lang='lat' dir='ltr'><strong>vni,</strong></span> <span class='ocrx_word' id='word_1_739' title='bbox 1558 5176 1613 5231; x_wconf 89' lang='lat'><strong>9.</strong></span> 
     </span>
    </p>
   </div>
   <div class='ocr_carea' id='block_1_99' title="bbox 415 5238 616 5306">
    <p class='ocr_par' dir='ltr' id='par_1_99' title="bbox 415 5238 616 5306">
     <span class='ocr_line' id='line_1_99' title="bbox 415 5238 616 5306; baseline -0.01 -11"><span class='ocrx_word' id='word_1_740' title='bbox 415 5251 498 5306; x_wconf 78' lang='lat' dir='ltr'><strong>Ix,</strong></span> <span class='ocrx_word' id='word_1_741' title='bbox 525 5238 616 5295; x_wconf 85' lang='lat'><strong>58.</strong></span> 
     </span>
    </p>
   </div>
   <div class='ocr_carea' id='block_1_100' title="bbox 1728 5169 2264 5243">
    <p class='ocr_par' dir='ltr' id='par_1_100' title="bbox 1728 5169 2264 5243">
     <span class='ocr_line' id='line_1_100' title="bbox 1728 5169 2264 5243; baseline -0.015 -14"><span class='ocrx_word' id='word_1_742' title='bbox 1728 5182 1748 5210; x_wconf 81' lang='lat'>&#39;</span> <span class='ocrx_word' id='word_1_743' title='bbox 1783 5172 2013 5243; x_wconf 82' lang='lat' dir='ltr'><strong>Philipp.</strong></span> <span class='ocrx_word' id='word_1_744' title='bbox 2041 5187 2103 5236; x_wconf 86' lang='lat' dir='ltr'><strong>ll,</strong></span> <span class='ocrx_word' id='word_1_745' title='bbox 2129 5169 2182 5234; x_wconf 85' lang='lat'><strong>6,</strong></span> <span class='ocrx_word' id='word_1_746' title='bbox 2213 5169 2264 5222; x_wconf 91' lang='grc'>7.</span> 
     </span>
    </p>
   </div>
   <div class='ocr_carea' id='block_1_101' title="bbox 2085 4409 3667 4495">
    <p class='ocr_par' dir='ltr' id='par_1_101' title="bbox 2085 4409 3667 4495">
     <span class='ocr_line' id='line_1_101' title="bbox 2085 4409 3667 4495; baseline -0.009 -18"><span class='ocrx_word' id='word_1_747' title='bbox 2085 4423 2288 4495; x_wconf 75' lang='grc' dir='ltr'>ἔχουσι,</span> <span class='ocrx_word' id='word_1_748' title='bbox 2317 4422 2412 4476; x_wconf 73' lang='grc' dir='ltr'><strong>καὶ</strong></span> <span class='ocrx_word' id='word_1_749' title='bbox 2439 4418 2663 4474; x_wconf 81' lang='grc' dir='ltr'>πετεινὰ</span> <span class='ocrx_word' id='word_1_750' title='bbox 2682 4417 2774 4471; x_wconf 85' lang='grc' dir='ltr'>τοῦ</span> <span class='ocrx_word' id='word_1_751' title='bbox 2804 4415 3037 4490; x_wconf 82' lang='grc' dir='ltr'>οὐρανοῦ</span> <span class='ocrx_word' id='word_1_752' title='bbox 3065 4413 3515 4482; x_wconf 85' lang='grc' dir='ltr'>κατασκηνώσεις</span> <span class='ocrx_word' id='word_1_753' title='bbox 3537 4429 3553 4444; x_wconf 91' lang='grc'><strong>·</strong></span> <span class='ocrx_word' id='word_1_754' title='bbox 3572 4409 3667 4466; x_wconf 62' lang='lat' dir='ltr'><strong>est</strong></span> 
     </span>
    </p>
   </div>
   <div class='ocr_carea' id='block_1_102' title="bbox 2087 4505 3664 4585">
    <p class='ocr_par' dir='ltr' id='par_1_102' title="bbox 2087 4505 3664 4585">
     <span class='ocr_line' id='line_1_102' title="bbox 2087 4505 3664 4585; baseline -0.008 -14"><span class='ocrx_word' id='word_1_755' title='bbox 2087 4519 2202 4581; x_wconf 78' lang='grc' dir='ltr'>υίὸς</span> <span class='ocrx_word' id='word_1_756' title='bbox 2249 4516 2342 4570; x_wconf 76' lang='grc' dir='ltr'>τοῦ</span> <span class='ocrx_word' id='word_1_757' title='bbox 2387 4511 2675 4585; x_wconf 85' lang='grc' dir='ltr'>ἀνθρώπου</span> <span class='ocrx_word' id='word_1_758' title='bbox 2738 4510 2840 4565; x_wconf 89' lang='grc' dir='ltr'><strong>οὐκ</strong></span> <span class='ocrx_word' id='word_1_759' title='bbox 2905 4509 3020 4580; x_wconf 72' lang='grc' dir='ltr'>ἔχει</span> <span class='ocrx_word' id='word_1_760' title='bbox 3083 4506 3190 4563; x_wconf 80' lang='grc' dir='ltr'>ποῦ</span> <span class='ocrx_word' id='word_1_761' title='bbox 3263 4508 3364 4579; x_wconf 80' lang='grc' dir='ltr'><strong>τὴν</strong></span> <span class='ocrx_word' id='word_1_762' title='bbox 3424 4505 3664 4576; x_wconf 80' lang='grc' dir='ltr'>κεφαλὴν</span> 
     </span>
    </p>
   </div>
   <div class='ocr_carea' id='block_1_103' title="bbox 2086 4607 2417 4681">
    <p class='ocr_par' dir='ltr' id='par_1_103' title="bbox 2086 4607 2417 4681">
     <span class='ocr_line' id='line_1_103' title="bbox 2086 4607 2417 4681; baseline -0.009 -18"><span class='ocrx_word' id='word_1_763' title='bbox 2086 4608 2242 4681; x_wconf 81' lang='grc' dir='ltr'>κλίνῃ</span> <span class='ocrx_word' id='word_1_764' title='bbox 2279 4607 2360 4661; x_wconf 84' lang='grc'>¹⁰.</span> <span class='ocrx_word' id='word_1_765' title='bbox 2398 4626 2417 4660; x_wconf 76' lang='grc' dir='ltr'>ι</span> 
     </span>
    </p>
   </div>
   <div class='ocr_carea' id='block_1_104' title="bbox 2166 4864 3670 4953">
    <p class='ocr_par' dir='ltr' id='par_1_104' title="bbox 2166 4864 3670 4953">
     <span class='ocr_line' id='line_1_104' title="bbox 2166 4864 3670 4953; baseline -0.013 -17"><span class='ocrx_word' id='word_1_766' title='bbox 2166 4891 2256 4953; x_wconf 85' lang='grc' dir='ltr'>ιη’.</span> <span class='ocrx_word' id='word_1_767' title='bbox 2303 4899 2321 4932; x_wconf 85' lang='grc' dir='ltr'>ι</span> <span class='ocrx_word' id='word_1_768' title='bbox 2358 4879 2468 4934; x_wconf 68' lang='grc' dir='ltr'><strong>Καὶ</strong></span> <span class='ocrx_word' id='word_1_769' title='bbox 2496 4875 2754 4947; x_wconf 72' lang='grc' dir='ltr'>ἠγάπησε</span> <span class='ocrx_word' id='word_1_770' title='bbox 2783 4872 3055 4942; x_wconf 85' lang='grc' dir='ltr'>κατάραν,</span> <span class='ocrx_word' id='word_1_771' title='bbox 3099 4867 3195 4922; x_wconf 74' lang='grc' dir='ltr'><strong>καὶ</strong></span> <span class='ocrx_word' id='word_1_772' title='bbox 3227 4867 3348 4938; x_wconf 84' lang='grc' dir='ltr'>ἥξει</span> <span class='ocrx_word' id='word_1_773' title='bbox 3376 4864 3550 4936; x_wconf 85' lang='grc' dir='ltr'>αὐτῷ,</span> <span class='ocrx_word' id='word_1_774' title='bbox 3580 4864 3670 4918; x_wconf 85' lang='grc' dir='ltr'>καὶ</span> 
     </span>
    </p>
   </div>
   <div class='ocr_carea' id='block_1_105' title="bbox 2096 4955 3670 5042">
    <p class='ocr_par' dir='ltr' id='par_1_105' title="bbox 2096 4955 3670 5042">
     <span class='ocr_line' id='line_1_105' title="bbox 2096 4955 3670 5042; baseline -0.014 -14"><span class='ocrx_word' id='word_1_775' title='bbox 2096 4974 2197 5028; x_wconf 81' lang='grc' dir='ltr'><strong>οὐκ</strong></span> <span class='ocrx_word' id='word_1_776' title='bbox 2240 4971 2504 5042; x_wconf 77' lang='grc' dir='ltr'>ἠθέλησεν</span> <span class='ocrx_word' id='word_1_777' title='bbox 2544 4965 2819 5034; x_wconf 86' lang='grc' dir='ltr'>εὐλογίαν,</span> <span class='ocrx_word' id='word_1_778' title='bbox 2845 4961 2940 5016; x_wconf 74' lang='grc' dir='ltr'>καὶ</span> <span class='ocrx_word' id='word_1_779' title='bbox 2972 4957 3424 5030; x_wconf 85' lang='grc' dir='ltr'>μακρυνθήσεται</span> <span class='ocrx_word' id='word_1_780' title='bbox 3452 4956 3550 5010; x_wconf 82' lang='grc' dir='ltr'><strong>ἀπ’</strong></span> <span class='ocrx_word' id='word_1_781' title='bbox 3575 4955 3670 5008; x_wconf 89' lang='grc' dir='ltr'>αὐ-</span> 
     </span>
    </p>
   </div>
   <div class='ocr_carea' id='block_1_106' title="bbox 2385 5148 3662 5228">
    <p class='ocr_par' dir='ltr' id='par_1_106' title="bbox 2385 5148 3662 5228">
     <span class='ocr_line' id='line_1_106' title="bbox 2385 5148 3662 5228; baseline -0.014 -9"><span class='ocrx_word' id='word_1_782' title='bbox 2385 5167 2403 5202; x_wconf 65' lang='grc' dir='ltr'><strong>τ</strong></span> <span class='ocrx_word' id='word_1_783' title='bbox 2438 5162 2726 5228; x_wconf 69' lang='grc' dir='ltr'>Μαιιιωιι,</span> <span class='ocrx_word' id='word_1_784' title='bbox 2765 5158 2856 5214; x_wconf 74' lang='lat'><strong>29.</strong></span> <span class='ocrx_word' id='word_1_785' title='bbox 2932 5169 2959 5198; x_wconf 82' lang='grc' dir='ltr'><strong>ιι</strong></span> <span class='ocrx_word' id='word_1_786' title='bbox 2994 5154 3184 5210; x_wconf 80' lang='lat' dir='ltr'><strong>Matth.</strong></span> <span class='ocrx_word' id='word_1_787' title='bbox 3217 5168 3336 5220; x_wconf 81' lang='lat' dir='ltr'><strong>vui,</strong></span> <span class='ocrx_word' id='word_1_788' title='bbox 3370 5151 3488 5218; x_wconf 69' lang='lat'><strong>20;</strong></span> <span class='ocrx_word' id='word_1_789' title='bbox 3531 5148 3662 5203; x_wconf 86' lang='lat' dir='ltr'><strong>Luc.</strong></span> 
     </span>
    </p>
   </div>
   <div class='ocr_carea' id='block_1_107' title="bbox 405 5355 2526 5432">
    <p class='ocr_par' dir='ltr' id='par_1_107' title="bbox 405 5355 2526 5432">
     <span class='ocr_line' id='line_1_107' title="bbox 405 5355 2526 5432; baseline -0.006 5"><span class='ocrx_word' id='word_1_790' title='bbox 405 5355 417 5396; x_wconf 89' lang='lat'><strong>‘</strong></span> <span class='ocrx_word' id='word_1_791' title='bbox 1478 5375 1708 5432; x_wconf 62' lang='lat' dir='ltr'><strong>varum</strong></span> <span class='ocrx_word' id='word_1_792' title='bbox 1755 5373 2142 5430; x_wconf 80' lang='lat' dir='ltr'><strong>LECTIONES</strong></span> <span class='ocrx_word' id='word_1_793' title='bbox 2179 5371 2265 5428; x_wconf 88' lang='lat' dir='ltr'>ET</span> <span class='ocrx_word' id='word_1_794' title='bbox 2293 5371 2526 5428; x_wconf 65' lang='lat' dir='ltr'><strong>NOTAE.</strong></span> 
     </span>
    </p>
   </div>
   <div class='ocr_carea' id='block_1_108' title="bbox 487 5504 1981 5598">
    <p class='ocr_par' dir='ltr' id='par_1_108' title="bbox 487 5523 1938 5598">
     <span class='ocr_line' id='line_1_108' title="bbox 487 5523 1938 5598; baseline 0 -16"><span class='ocrx_word' id='word_1_795' title='bbox 487 5523 644 5598; x_wconf 58' lang='grc' dir='ltr'><strong>ξΤῇ.</strong></span> <span class='ocrx_word' id='word_1_796' title='bbox 671 5525 796 5598; x_wconf 63' lang='lat' dir='ltr'><strong>90d.</strong></span> <span class='ocrx_word' id='word_1_797' title='bbox 839 5527 863 5581; x_wconf 83' lang='grc'><strong>1</strong></span> <span class='ocrx_word' id='word_1_798' title='bbox 905 5544 1092 5598; x_wconf 70' lang='lat' dir='ltr'><strong>prtem.</strong></span> <span class='ocrx_word' id='word_1_799' title='bbox 1134 5531 1247 5587; x_wconf 77' lang='grc' dir='ltr'>καί.</span> <span class='ocrx_word' id='word_1_800' title='bbox 1323 5533 1342 5562; x_wconf 91' lang='grc'><em>³</em></span> <span class='ocrx_word' id='word_1_801' title='bbox 1372 5531 1491 5585; x_wconf 84' lang='lat' dir='ltr'><strong>cod.</strong></span> <span class='ocrx_word' id='word_1_802' title='bbox 1557 5532 1577 5584; x_wconf 78' lang='grc' dir='ltr'>ι</span> <span class='ocrx_word' id='word_1_803' title='bbox 1644 5530 1938 5595; x_wconf 79' lang='grc' dir='ltr'>συζῶντας.</span> 
     </span>
    </p>
   </div>
   <div class='ocr_carea' id='block_1_109' title="bbox 2088 5504 3669 5598">
    <p class='ocr_par' dir='ltr' id='par_1_109' title="bbox 2089 5504 3669 5598">
     <span class='ocr_line' id='line_1_109' title="bbox 2089 5504 3669 5598; baseline -0.006 -16"><span class='ocrx_word' id='word_1_804' title='bbox 2089 5531 2242 5597; x_wconf 64' lang='grc' dir='ltr'>Ερη.</span> <span class='ocrx_word' id='word_1_805' title='bbox 2289 5527 2456 5598; x_wconf 78' lang='lat' dir='ltr'><strong>Abest</strong></span> <span class='ocrx_word' id='word_1_806' title='bbox 2493 5539 2539 5598; x_wconf 90' lang='lat' dir='ltr'><strong>a_</strong></span> <span class='ocrx_word' id='word_1_807' title='bbox 2567 5523 2760 5598; x_wconf 48' lang='grc' dir='ltr'>ροιι.)</span> <span class='ocrx_word' id='word_1_808' title='bbox 2840 5523 2860 5555; x_wconf 80' lang='grc'><strong><em>⁵</em></strong></span> <span class='ocrx_word' id='word_1_809' title='bbox 2889 5518 3038 5598; x_wconf 53' lang='lat' dir='ltr'><strong>reip.</strong></span> <span class='ocrx_word' id='word_1_810' title='bbox 3093 5516 3271 5598; x_wconf 74' lang='lat' dir='ltr'><strong>eod._l</strong></span> <span class='ocrx_word' id='word_1_811' title='bbox 3308 5515 3422 5598; x_wconf 84' lang='grc' dir='ltr'>καί.</span> <span class='ocrx_word' id='word_1_812' title='bbox 3503 5504 3669 5598; x_wconf 50' lang='lat' dir='ltr'><strong>“ﬁt?</strong></span> 
     </span>
    </p>
   </div>
   <div class='ocr_carea' id='block_1_110' title="bbox 420 5592 1800 5658">
    <p class='ocr_par' dir='ltr' id='par_1_110' title="bbox 420 5592 1800 5658">
     <span class='ocr_line' id='line_1_110' title="bbox 420 5592 1800 5658; baseline 0.007 -11"><span class='ocrx_word' id='word_1_813' title='bbox 420 5592 545 5652; x_wconf 82' lang='lat' dir='ltr'><strong>cod.</strong></span> <span class='ocrx_word' id='word_1_814' title='bbox 592 5592 622 5648; x_wconf 21' lang='lat' dir='ltr'><strong>il</strong></span> <span class='ocrx_word' id='word_1_815' title='bbox 665 5596 743 5649; x_wconf 85' lang='grc' dir='ltr'><strong>ὅν.</strong></span> <span class='ocrx_word' id='word_1_816' title='bbox 853 5598 874 5630; x_wconf 81' lang='grc'><strong>⁷</strong></span> <span class='ocrx_word' id='word_1_817' title='bbox 906 5592 1172 5658; x_wconf 78' lang='grc' dir='ltr'>Πάντων.</span> <span class='ocrx_word' id='word_1_818' title='bbox 1231 5603 1352 5658; x_wconf 84' lang='lat' dir='ltr'><strong>cod.</strong></span> <span class='ocrx_word' id='word_1_819' title='bbox 1401 5601 1423 5654; x_wconf 87' lang='grc'><strong>1</strong></span> <span class='ocrx_word' id='word_1_820' title='bbox 1489 5601 1610 5655; x_wconf 85' lang='lat' dir='ltr'><strong>add.</strong></span> <span class='ocrx_word' id='word_1_821' title='bbox 1674 5592 1800 5657; x_wconf 85' lang='grc' dir='ltr'>τῶν.</span> 
     </span>
    </p>
   </div>
   <div class='ocr_carea' id='block_1_111' title="bbox 427 5665 932 5725">
    <p class='ocr_par' dir='ltr' id='par_1_111' title="bbox 427 5665 932 5725">
     <span class='ocr_line' id='line_1_111' title="bbox 427 5665 932 5725; baseline 0.002 -3"><span class='ocrx_word' id='word_1_822' title='bbox 427 5665 473 5698; x_wconf 75' lang='grc'><strong>⁸⁸</strong></span> <span class='ocrx_word' id='word_1_823' title='bbox 505 5665 628 5725; x_wconf 85' lang='lat' dir='ltr'><strong>cod.</strong></span> <span class='ocrx_word' id='word_1_824' title='bbox 670 5667 694 5721; x_wconf 85' lang='grc'><strong>1</strong></span> <span class='ocrx_word' id='word_1_825' title='bbox 738 5666 932 5723; x_wconf 86' lang='grc' dir='ltr'>κλῖναι.</span> 
     </span>
    </p>
   </div>
   <div class='ocr_carea' id='block_1_112' title="bbox 1907 5594 2778 5668">
    <p class='ocr_par' dir='ltr' id='par_1_112' title="bbox 1907 5594 2778 5668">
     <span class='ocr_line' id='line_1_112' title="bbox 1907 5594 2778 5668; baseline -0.007 -15"><span class='ocrx_word' id='word_1_826' title='bbox 1907 5601 1928 5631; x_wconf 85' lang='grc'>⁸</span> <span class='ocrx_word' id='word_1_827' title='bbox 1959 5594 2345 5668; x_wconf 51' lang='grc' dir='ltr'>Λόγοιὶςζοοιι.</span> <span class='ocrx_word' id='word_1_828' title='bbox 2399 5597 2420 5649; x_wconf 85' lang='lat' dir='ltr'><strong>l</strong></span> <span class='ocrx_word' id='word_1_829' title='bbox 2477 5594 2602 5650; x_wconf 85' lang='lat' dir='ltr'><strong>add.</strong></span> <span class='ocrx_word' id='word_1_830' title='bbox 2643 5596 2778 5657; x_wconf 82' lang='grc' dir='ltr'>τοῖς.</span> 
     </span>
    </p>
   </div>
   <div class='ocr_carea' id='block_1_113' title="bbox 2891 5585 3665 5658">
    <p class='ocr_par' dir='ltr' id='par_1_113' title="bbox 2891 5585 3665 5658">
     <span class='ocr_line' id='line_1_113' title="bbox 2891 5585 3665 5658; baseline -0.01 -13"><span class='ocrx_word' id='word_1_831' title='bbox 2891 5592 2911 5623; x_wconf 82' lang='grc'><strong>⁹</strong></span> <span class='ocrx_word' id='word_1_832' title='bbox 2947 5585 3124 5658; x_wconf 67' lang='lat' dir='ltr'><strong>dinei.</strong></span> <span class='ocrx_word' id='word_1_833' title='bbox 3163 5588 3354 5644; x_wconf 82' lang='lat' dir='ltr'><strong>Abest.</strong></span> <span class='ocrx_word' id='word_1_834' title='bbox 3384 5605 3416 5642; x_wconf 86' lang='lat' dir='ltr'><strong>a</strong></span> <span class='ocrx_word' id='word_1_835' title='bbox 3447 5586 3570 5642; x_wconf 81' lang='lat' dir='ltr'><strong>cod.</strong></span> <span class='ocrx_word' id='word_1_836' title='bbox 3618 5585 3665 5637; x_wconf 79' lang='lat' dir='ltr'><strong>t.</strong></span> 
     </span>
    </p>
   </div>
  </div>
