3822 6324
105 304 249 375 1⁸161

1451 302 1533 364 ΙΝ
1580 303 1786 363 PSAL.
1825 300 2033 362 CVIII.

3256 293 3392 367 1763

95 418 231 473 τοῦ.
289 436 308 466 ι
354 412 629 468 Ἐνταῦθα
685 412 873 483 σαφῶς
912 410 973 466 τδ
1025 411 1282 467 εὐκτικὸν
1329 413 1709 483 μεταϐέϐληκε

1835 427 1901 465 eo.
1942 427 1962 460 ι
2002 409 2121 464 Hoc
2167 409 2222 462 in
2276 409 2400 463 loco
2450 405 2742 463 manifesto
2773 408 3108 478 precationis
3159 408 3392 465 formam

99 504 329 575 σχῆμα,
390 503 485 557 καὶ
540 502 1027 574 προαγορευτικῶς
1080 501 1371 573 ἀμφότερα
1434 503 1705 569 τέθεικεν,

94 599 195 650 ὅτι
230 596 328 651 καὶ
352 595 451 667 τὴν
474 595 723 664 κατάραν
745 594 814 666 ἢν
843 594 1147 665 ἠγάπησαν
1176 593 1463 666 λήψονται,
1491 596 1585 649 καὶ
1607 596 1709 666 τῆς

102 685 375 754 εὐλογίας
411 684 476 750 ¹¹,
503 685 572 755 ἢν
595 683 779 737 λαϐεῖν
804 684 903 738 οὑκ
932 684 1228 756 ἠθέλησαν,
1258 683 1707 756 στερηθήσονται.

103 793 126 823 ι
170 777 292 830 Kal
331 775 620 830 ἐνεδύσατο
675 775 924 845 κατάραν
961 775 1037 840 ὼς
1072 778 1309 847 ἱμάτιον.
1354 796 1372 829 ι
1415 778 1562 830 Ἀντ“ι
1590 778 1708 844 τοῦ,

106 866 296 939 ταύτῃ
355 864 698 937 πανταχόθεν
732 867 1219 938 περιεστοίχισται.
1263 885 1283 919 ι
1311 868 1423 920 Kal
1459 867 1710 938 εἰσῆλθεν

110 958 256 1012 ὡσεὶ
315 959 462 1031 ὕδωρ
517 960 598 1023 εἰς
642 959 712 1013 τὰ
744 959 954 1026 ἔγκατα
998 958 1189 1015 αὑτοῦ.
1231 980 1250 1012 ι
1297 960 1370 1013 Οὑ
1397 958 1509 1031 γὰρ
1551 959 1711 1030 μόνον

113 1051 349 1116 ἔξωθεν,
403 1050 539 1104 ἀλλὰ
572 1051 665 1103 καὶ
699 1050 914 1106 ἔνδοθεν
946 1050 1290 1122 περίκεινται
1320 1050 1389 1105 τὰ
1415 1051 1584 1117 κακὰ,
1615 1050 1712 1106 καὶ

115 1139 231 1192 ὑπὸ
298 1140 508 1193 τούτων
580 1140 741 1210 δίκην
799 1139 996 1203 ὓδατος
1058 1139 1505 1210 περικλύζονται.
1576 1134 1713 1192 Εἶτα

114 1229 316 1299 ἐπειδὴ
369 1230 429 1283 τὸ
476 1229 621 1300 ὕδωρ
667 1229 887 1301 ἀρδεύει
926 1229 1027 1300 μὲν
1052 1229 1113 1283 τὸ
1159 1229 1320 1299 σῶμα
1374 1230 1469 1285 καὶ
1501 1229 1708 1301 βρέχει,

114 1324 225 1377 οὐκ
259 1323 372 1392 ἔχει
403 1323 458 1375 δὲ
488 1323 722 1394 μόνιμον
742 1322 842 1393 τὴν
870 1321 1167 1394 ὑγρότητα,
1192 1322 1471 1394 ἐπήγαγεν
1500 1338 1514 1353 ο
1551 1341 1570 1374 ι
1603 1322 1713 1376 Καὶ

114 1415 265 1468 ὡσεὶ
309 1414 489 1468 ἔλαιον
544 1415 604 1468 ὲν
656 1415 769 1477 τοῖς
826 1414 1039 1478 ὀστέοις
1094 1414 1283 1472 αὑτοῦ.
1325 1433 1343 1466 ι
1409 1414 1482 1467 Τὸ
1525 1414 1569 1446 ¹²
1603 1414 1712 1485 γὰρ

117 1508 312 1562 ἔλαιον
359 1507 453 1561 ἐπὶ
507 1507 761 1560 πλεῖστον
789 1504 1043 1576 ἐπιμένει
1067 1505 1146 1576 τῷ
1178 1506 1416 1578 σώματι.
1451 1506 1515 1559 Ὃ
1544 1504 1603 1558 δὲ
1626 1505 1713 1559 λέ-

117 1615 212 1667 γει
279 1596 519 1651 τοιοῦτόν
570 1599 716 1651 ἐστιν
742 1613 759 1629 ο
799 1597 1261 1669 Ἐπενεχθήσεται
1319 1599 1461 1669 φορὰ
1501 1594 1721 1663 κακῶν,

116 1693 222 1744 τοῦ
260 1691 359 1762 μὲν
401 1689 595 1754 ὓδατος
622 1689 722 1761 τὴν
777 1689 1137 1762 σφοδρότητα,
1180 1689 1276 1743 τοῦ
1313 1690 1372 1744 δὲ
1401 1688 1582 1744 ἐλαίου
1623 1705 1714 1759 μι-

122 1800 239 1853 μου
247 1780 386 1852 μὲνη
430 1780 490 1833 τὸ
514 1780 770 1851 μόνιμον.

202 1899 296 1955 ιϐ’.
353 1917 374 1951 ι
411 1898 707 1971 Γενηθήτω
759 1896 911 1969 αὑτῷ
949 1896 1031 1963 ὡς
1064 1897 1301 1969 ἱμάτιον,
1330 1896 1359 1949 δ
1395 1892 1716 1966 περιϐάλλε-

121 2009 223 2046 ται
258 2009 272 2023 ⁸
317 1991 413 2047 καὶ
442 1991 576 2045 ὡσεὶ
604 1989 772 2063 ζώνη,
813 1991 880 2059 ἢν
904 1990 1196 2054 διαπαντὸς
1232 1986 1654 2060 περιζώννυται.
1690 2005 1710 2039 ι

126 2084 506 2155 Πανταχόθεν,
563 2083 719 2153 φησὶ,
775 2084 890 2146 τοῖς
919 2080 1346 2154 προειρημένοις
1378 2079 1590 2143 κακοῖς,
1620 2077 1718 2132 καὶ

125 2178 211 2242 ὡς
278 2175 468 2246 ἐσθῆτι
525 2172 906 2240 καλυπτέσθω,
958 2171 1056 2226 καὶ
1101 2169 1178 2234 ὡς
1223 2169 1463 2241 ζωστῆρι
1486 2166 1718 2239 σφιγγία

129 2270 275 2327 σθω.
1721 2266 1725 2271 ’

202 2382 282 2439 κ’.
326 2400 347 2436 ι
394 2379 574 2436 Τοῦτο
619 2380 665 2412 ⁸³
707 2379 769 2434 τὸ
801 2378 964 2451 ἔργον
1006 2378 1117 2433 τῶν
1145 2376 1602 2432 ἐνδιαϐαλλόντων
1649 2391 1718 2445 με

129 2473 293 2544 παρὰ
327 2473 561 2546 Κυρίου.
597 2490 616 2524 ι
644 2472 707 2526 Οἱ
733 2471 789 2524 δέ
815 2470 987 2537 ἄλλοι,
1005 2470 1126 2525 τῶν
1154 2468 1600 2540 ἀντικειμένων,
1621 2469 1721 2538 ἢρ-

133 2567 441 2638 μήνευσαν.
484 2583 505 2617 ι
554 2564 667 2617 Kal
702 2562 813 2616 τῶν
843 2560 1150 2616 λαλούντων
1184 2559 1400 2632 πονηρὰ
1444 2563 1584 2614 κατὰ
1617 2558 1719 2628 τῆς

129 2657 319 2727 ψυχῆς
351 2665 474 2726 μου.
513 2674 534 2708 ι
563 2652 803 2717 Τούτους
830 2653 1164 2724 τρυγήσουσι
1186 2653 1315 2716 τοὺς
1329 2651 1596 2722 καρποὺς,
1627 2650 1721 2703 καὶ

130 2750 187 2803 οί
220 2749 284 2801 τὸ
328 2748 468 2819 πρὸς
500 2745 602 2818 ἐμὲ
645 2748 801 2817 μῖσος
843 2744 1262 2815 άναδειξάμενοι
1313 2742 1380 2808 ¹⁸,
1408 2743 1503 2796 καὶ
1535 2743 1564 2795 ὁ
1591 2741 1720 2794 τοὺ-

132 2857 260 2903 τοις
314 2840 669 2910 ὑπουργήσας
712 2837 997 2910 προδότης.
1052 2834 1273 2905 Ἐπειδὴ
1307 2834 1418 2905 γὰρ
1477 2832 1722 2887 ἀντίθεον

133 2931 311 2985 αὑτὺν
342 2930 439 2985 καὶ
469 2929 790 3002 παράνομον
821 2926 1075 2991 ἐκάλουν,
1105 2925 1333 2989 εἰκότως
1362 2919 1505 2977 εἷπε·
1543 2939 1563 2974 ι
1599 2920 1722 2975 Τῶν

136 3020 604 3077 ἐνδιαϐαλλόντων
643 3037 710 3091 με
734 3018 885 3091 παρὰ
917 3016 1147 3088 Κυρίου.
1172 3034 1191 3068 ι

1813 502 2069 566 mutavit,
2109 508 2169 555 ct
2201 499 2610 557 vaticinationis
2655 515 2806 555 more
2855 508 3151 571 utrumque
3187 501 3393 571 posuit,

1811 602 1867 649 et
1923 593 2070 663 quod
2128 591 2594 658 maledictionem,
2649 608 2814 663 quam
2878 591 3246 659 adamarunt,
3303 606 3397 647 ac-

1809 687 2067 756 cepturi‘
2103 684 2232 752 sint,
2277 692 2333 740 et
2377 687 2525 756 quod
2577 685 2979 748 benedictione,
3029 699 3197 755 quam
3251 685 3419 747 θεοί-κ

1810 788 1942 844 pere
1970 772 2292 839 noluerunt,
2335 772 2560 829 carituri
2608 772 2741 828 sint.
2788 790 2807 823 ι
2839 770 2905 826 Et
2954 771 3135 826 induit
3163 771 3398 826 maledi-

1810 865 2072 930 ctionem,
2105 864 2248 920 sicut
2276 863 2691 920 vestimentum.
2732 882 2752 915 ι
2787 862 2957 930 Quasi
2989 862 3196 918 diceret
3230 880 3244 916 :
3283 861 3399 918 Hae

1811 958 2171 1028 undiquaque
2221 957 2436 1014 cinctus
2486 965 2594 1013 est.
2654 976 2674 1008 ι
2707 955 2773 1011 Et
2813 955 3037 1011 intravit
3070 956 3214 1012 sicut
3247 969 3392 1026 aqua

1813 1052 1866 1109 in
1909 1050 2176 1106 interiora
2217 1049 2361 1120 ejus.
2396 1068 2416 1102 ι
2463 1048 2582 1104 Non
2613 1049 2778 1104 modo
2817 1049 2963 1104 enim
3017 1048 3176 1113 foris,
3206 1064 3397 1103 verum

1812 1143 1975 1198 etiam
2011 1144 2162 1198 intus
2194 1143 2560 1198 circumstant
2603 1142 2770 1207 mala,
2802 1142 2969 1205 et-ab,
3001 1141 3087 1197 his
3131 1149 3396 1211 tanquam

1815 1239 1884 1293 ah
1927 1254 2073 1309 aqua
2119 1236 2665 1293 circumfunduntur.
2704 1234 2910 1290 Deinde
2937 1235 3199 1304 quoniam
3251 1248 3398 1303 aqua

1818 1328 2014 1401 irrigat
2052 1330 2282 1399 quidem
2335 1343 2561 1398 corpus,
2602 1328 2815 1398 138')
2847 1335 2902 1381 et
2943 1325 3256 1389 madefacit,
3305 1325 3407 1379 sed.

1813 1435 1924 1475 non
1957 1420 2118 1475 habet
2141 1421 2359 1475 ﬁrmum
2392 1420 2698 1484 humorem,
2730 1418 2919 1473 subdit
2951 1434 2965 1471 :
2996 1436 3014 1468 ι
3044 1418 3111 1470 Ει
3139 1426 3403 1484 tanquam

1815 1508 1997 1564 oleum
2034 1509 2092 1563 in
2126 1509 2346 1564 ossibus
2390 1508 2531 1579 ejus.
2569 1526 2588 1558 ι
2641 1507 2833 1563 Oleum
2884 1506 3031 1563 enim
3082 1506 3291 1561 diutius
3345 1504 3402 1559 in

1817 1614 2051 1668 corpore
2108 1608 2417 1669 permanet.
2465 1597 2623 1665 Quod
2675 1608 2860 1654 autem
2910 1599 3065 1663 dicit,
3119 1599 3226 1653 hoc
3273 1609 3401 1654 est:

1816 1688 2087 1745 Malorum
2130 1689 2285 1760 copia
2335 1691 2576 1760 ingruat,
2617 1706 2740 1761 quae
2777 1706 2935 1762 aquae
2977 1691 3401 1755 vehementiam,

1748 1806 1793 1862 Β
1819 1781 1925 1835 olei
1957 1795 2090 1835 vero
2117 1780 2436 1835 ﬁrmitatem
2464 1780 2793 1835 imitabitur.

1890 1889 2059 1948 Vens.
2119 1891 2210 1946 l9.
2274 1909 2292 1942 ι
2354 1888 2476 1945 Fiat
2525 1891 2575 1946 ei
2628 1891 2773 1946 sicut
2822 1892 3214 1947 vestimentum
3291 1907 3404 1963 quo

1817 1980 2090 2051 Operitur,
2124 1989 2180 2034 et
2206 1979 2348 2035 sicut
2378 1995 2517 2036 zona
2549 1996 2658 2049 qua
2714 1996 2931 2051 semper
2964 1982 3340 2052 praecingitur.
3378 2001 3400 2034 ι

1828 2069 2107 2140 Undique,
2143 2070 2346 2139 inquit,
2381 2070 2656 2140 praedictis
2679 2071 2863 2135 malis,
2898 2070 3047 2126 sicut
3078 2071 3407 2126 vestimento

1819 2163 2126 2234 operiatur,
2158 2172 2216 2219 et
2244 2163 2420 2220 veluti
2453 2162 2674 2232 cingulo
2702 2163 3136 2232 constringatur.

1819 2370 1823 2375 “
1894 2367 2063 2423 Vsns.
2103 2366 2194 2422 20.
2243 2384 2263 2418 ι
2310 2365 2428 2421 Hoc
2480 2379 2619 2434 opus
2672 2377 2903 2427 eorum,
2958 2360 3055 2431 qui
3114 2358 3413 2415 detrahunt

1821 2460 1957 2515 mihi
1990 2474 2020 2514 a
2059 2458 2313 2513 Domino.
2355 2476 2375 2510 ι
2425 2457 2536 2512 Alii
2570 2469 2722 2522 vero,
2770 2455 2863 2525 qui
2892 2462 3079 2507 contra
3126 2460 3407 2515 steterunt,

1824 2548 2175 2622 interpretati
2225 2556 2373 2605 sunt.
2413 2566 2443 2600 «η
2471 2546 2539 2601 Ει
2581 2546 2677 2617 qui
2710 2545 3010 2615 loquuntur
3043 2543 3193 2596 mala
3217 2542 3413 2595 adver-

1823 2656 1921 2699 sus
1970 2643 2212 2697 animam
2262 2655 2462 2697 meam.
2504 2659 2523 2694 »
2564 2639 2675 2695 Hos
2706 2639 3000 2707 decerpent
3045 2634 3259 2690 fructus
3292 2640 3409 2686 tum

1824 2734 1887 2799 ii,
1916 2733 2014 2804 qui
2046 2741 2237 2789 contra
2278 2748 2365 2786 me
2392 2731 2573 2787 scelus
2605 2730 2967 2794 admiserunt,
3000 2738 3114 2783 tum
3147 2727 3412 2796 proditor,

1823 2825 1918 2896 qui
1951 2825 2091 2894 ipsis
2135 2823 2383 2880 servivit.
2416 2822 2689 2888 Quoniam
2725 2820 2868 2877 enim
2904 2819 3245 2873 contrarium
3277 2816 3413 2883 Deo,

1823 2917 2072 2987 legisque
2127 2924 2590 2987 transgressorem
2646 2928 2773 2969 eum
2829 2911 3143 2977 vocabant,
3217 2908 3417 2964 merito

1724 3012 1727 3015 ⁴
1825 3007 1965 3063 dixit
1993 3025 2007 3063 :
2047 3027 2066 3059 ε
2103 3007 2207 3074 Qui
2235 3006 2534 3063 detrahunt
2564 3005 2700 3059 mihi
2730 3019 2761 3058 a
2787 3002 3044 3058 Domino.
3064 3026 3086 3061 ι

217 3134 325 3190 κα’.
373 3154 393 3187 ι
429 3134 542 3189 Kal
578 3134 667 3199 σὺ,
698 3132 898 3204 Κύριε,
925 3132 1122 3204 Κύριε,
1150 3131 1379 3202 ποίησον
1412 3126 1550 3200 μετὰ
1589 3124 1722 3198 ἐμοῦ

1899 3119 2068 3176 Vens.
2106 3120 2199 3175 2|.
2235 3139 2253 3172 ι
2286 3118 2351 3174 Ει
2384 3129 2463 3184 ιιι,
2500 3117 2748 3183 Domine,
2789 3116 3042 3178 Domine,
3084 3113 3172 3169 fac
3198 3127 3416 3168 mecum

133 3227 333 3282 ἕνεκεν
368 3226 463 3280 τοῦ
490 3224 757 3296 ὀνόματός
792 3241 908 3291 σου,
929 3226 1012 3278 ὅτι
1038 3222 1276 3295 χρηστὸν
1298 3222 1360 3275 τὸ
1379 3220 1529 3284 ἔλεός
1559 3237 1677 3273 σου.
1703 3238 1724 3272 ι

1835 3220 2055 3282 propter
2095 3225 2296 3266 nomen
2350 3216 2530 3277 tuum,
2574 3210 2704 3280 quia
2752 3207 2938 3263 suavis
2982 3214 3068 3261 est
3098 3205 3418 3259 misericor-

137 3319 261 3373 Kal
292 3316 466 3372 ταῦτα
511 3316 868 3386 ἀνθρωπίνως
923 3315 1144 3388 εἴρηκεν
1194 3316 1223 3369 ὁ
1261 3313 1537 3384 Δεσπότης
1591 3313 1730 3383 Χρι⁴⁹

139 3409 275 3473 στός
300 3423 315 3439 ·
354 3409 534 3463 πάντα
560 3408 670 3478 γάρ
712 3406 780 3460 τά
806 3405 1125 3479 ἀνθρώπεια
1152 3405 1291 3476 πλὴν
1318 3402 1599 3476 ἁμαρτίας
1629 3417 1729 3454 πε-

139 3500 461 3572 πλήρωκεν.
505 3499 731 3570 Ἐτέχθη
782 3499 891 3569 γὰρ
941 3500 1037 3552 καὶ
1085 3498 1230 3552 κατὰ
1280 3497 1373 3550 τὸν
1414 3495 1581 3567 νόμον
1628 3492 1732 3562 φύ-

139 3609 290 3656 σεως
306 3592 371 3657 ⁸⁸,
392 3592 487 3645 καὶ
514 3591 657 3661 ὑπὲρ
677 3590 766 3644 τὸν
782 3590 946 3658 νόμον
963 3589 1064 3659 τῆς
1089 3588 1322 3659 φύσεως.
1339 3586 1412 3640 Τὸ
1432 3587 1532 3658 μὲν
1546 3585 1652 3656 γὰρ
1669 3585 1733 3637 ἐκ

139 3685 430 3753 γυναικὸς,
458 3684 557 3755 τῆς
583 3682 932 3755 ἀνθρωπίνης
960 3681 1176 3752 φύσεως
1198 3697 1212 3710 ’
1249 3678 1390 3750 ὑπὲρ
1418 3675 1622 3746 ταύτην
1651 3674 1733 3741 δὲ,

140 3776 213 3829 τὸ
238 3776 302 3830 ἐκ
327 3773 632 3845 Παρθένου.
673 3772 923 3837 Ἐδέξατο
954 3771 1245 3843 σπάργανα
1277 3771 1371 3822 καὶ
1406 3766 1731 3838 περιτομὴν,

143 3867 248 3921 καὶ
300 3866 400 3937 τὴν
442 3867 507 3919 ἐκ
558 3862 830 3933 γάλακτος
883 3862 1123 3939 τροφὴν,
1172 3862 1268 3916 καὶ
1315 3858 1503 3923 θυσίας
1565 3873 1735 3928 προσ-

143 3959 406 4032 ήνεγκεν,
458 3957 772 4025 ἐνήστευσε,
822 3955 919 4011 καὶ
946 3954 1250 4018 ἐπείνασεν,
1281 3950 1502 4021 ἐδίψησε
1539 3950 1602 4012 ’⁸,
1639 3946 1736 4000 καὶ

145 4047 468 4102 ἐκοπίασεν.
515 4045 672 4099 Οὕτω
701 4047 798 4098 καὶ
856 4043 1291 4116 προσευχόμενος
1326 4044 1383 4094 ἐν
1416 4042 1529 4104 τοῖς
1571 4040 1737 4111 ἱεροῖς

147 4136 511 4206 Εὑαγγελίοις
557 4134 822 4206 διηνεκῶς
864 4135 1295 4204 ἀναγέγραπται.
1340 4132 1452 4186 Kal
1502 4129 1737 4184 ἐνταῦθα

146 4228 337 4284 τοίνυν
374 4227 733 4301 ἀνθρωπίνως
763 4226 860 4300 τὴν
906 4225 1058 4281 θείαν
1081 4226 1423 4281 ἐπικαλεῖται
1462 4222 1735 4296 βοήθειαν.

231 4429 340 4503 κβ’.
383 4450 402 4484 ι
452 4430 646 4484 Ῥὖσαί
704 4446 795 4501 με,
850 4430 935 4483 ὅτι
990 4426 1205 4498 πτωχὸς
1252 4425 1348 4481 καὶ
1394 4423 1565 4494 πένης
1618 4420 1739 4493 είμὶ

1830 3303 1920 3357 dia
1954 3311 2065 3356 tua.
2106 3320 2125 3354 ι
2158 3302 2225 3356 Et
2259 3301 2375 3356 haec
2398 3300 2661 3355 Christus
2690 3298 2958 3353 Dominus
2988 3296 3233 3350 humano
3263 3308 3424 3350 more

1833 3394 1992 3450 dixit.
2024 3394 2221 3449 Omnia
2247 3393 2394 3447 cnim
2422 3408 2546 3462 quae
2569 3392 2834 3454 humana,
2879 3398 3077 3458 praeter
3107 3397 3418 3456 peccatum,

1833 3486 2101 3557 implevit.
2138 3484 2310 3540 Natus
2342 3493 2426 3540 est
2462 3484 2608 3540 enim
2653 3494 2706 3537 et
2737 3479 3038 3538 secundum
3083 3480 3260 3548 legem
3316 3492 3414 3530 na-

1833 3589 1992 3645 turae,
2021 3586 2075 3634 et
2100 3593 2267 3648 supra
2297 3578 2469 3648 legem
2499 3586 2732 3630 naturae.
2760 3573 2918 3640 Quod
2949 3572 3097 3627 enim
3124 3586 3189 3626 ex
3216 3568 3420 3623 femina

1833 3678 1998 3724 natus
2034 3668 2129 3733 sit,
2171 3669 2428 3722 humanae
2453 3676 2666 3722 naturae
2691 3677 2774 3722 est
2811 3683 2824 3718 :
2858 3664 3005 3735 quod
3033 3677 3165 3719 vero
3194 3679 3258 3718 ex
3294 3660 3421 3717 Vir-

1834 3759 1981 3829 gine,
2020 3774 2191 3828 supra
2240 3766 2495 3812 naturam
2539 3766 2645 3812 est.
2680 3756 2886 3810 Pannis
2918 3755 3201 3810 involutus
3229 3762 3284 3808 ct
3312 3754 3424 3808 cir-

1835 3848 2115 3904 cumcisus
2156 3846 2329 3914 fuit',
2366 3847 2880 3915 nutrimentumque
2911 3859 2977 3899 ex
3010 3843 3152 3899 lacte
3188 3843 3418 3911 accepit,

1835 3948 1891 3996 et
1915 3938 2187 3994 sacriﬁcia
2224 3937 2445 4001 obtulit,
2473 3936 2747 4006 jejunavit
2768 3944 2814 4001 κ,
2851 3944 2905 3990 et
2936 3935 3188 4001 esurivit,
3228 3935 3418 3999 sitivit,

1838 4040 1894 4087 et
1923 4029 2214 4087 laboravit.
2245 4028 2509 4084 Similiter
2541 4039 2594 4082 et
2624 4027 2679 4080 in
2712 4027 2886 4082 sacris
2923 4026 3238 4096 Evangeliis
3283 4026 3422 4080 scri-

1839 4131 1991 4193 ptum
2025 4130 2184 4187 esti,
2225 4120 2487 4177 continue
2530 4118 2712 4189 ipsum
2753 4132 2965 4173 orasse.
3009 4115 3123 4173 Hoc
3165 4118 3330 4187 igitur
3365 4117 3418 4172 in

1842 4217 1963 4271 loco
1999 4215 2165 4270 etiam
2204 4212 2423 4287 1388
2456 4211 2698 4266 humano
2738 4225 2893 4266 more
2928 4210 3175 4267 divinum
3225 4209 3421 4276 implo-

1837 4320 1923 4364 rat
1960 4307 2250 4362 auxilium.

1918 4416 2088 4473 Vsns.
2128 4415 2220 4471 22.
2269 4434 2287 4468 ι
2322 4414 2533 4471 Libera
2565 4429 2675 4481 me,
2719 4413 2846 4485 quia
2879 4428 3085 4485 egenus
3120 4424 3175 4469 et
3216 4430 3424 4485 pauper

150 4487 297 4594 ἐγὼ,
321 4525 415 4578 καὶ
445 4525 479 4594 ἡ
516 4487 719 4594 καρδία
749 4487 854 4593 μου
908 4487 1238 4590 τετάρακται
1273 4518 1314 4550 ³⁷
1373 4487 1725 4586 amoenam-1

1847 4524 1994 4574 sum,
2025 4516 2079 4563 et
2113 4522 2209 4562 cor
2239 4520 2422 4562 meum
2473 4506 2753 4561 turbatum
2793 4514 2878 4560 est
2920 4504 3209 4575 intralme.
3248 4522 3268 4558 ι
3307 4503 3424 4558 Hoc

151 4616 336 4670 Τοῦτο
370 4616 412 4648 ¹⁸
454 4615 549 4668 καὶ
598 4607 691 4668 ὑπ”
739 4612 907 4667 αὑτοῦ
940 4615 999 4667 ἐν
1028 4613 1142 4674 τοῖς
1188 4612 1353 4681 ἱεροῖς
1384 4607 1740 4676 Εὑαγγελίοις

151 4705 455 4776 εἰρημένον
491 4705 821 4777 εὑρίσκομεν
850 4704 915 4758 ³³.
945 4702 1171 4756 Μέλλων
1199 4699 1310 4771 γὰρ
1344 4697 1629 4769 προσιέναι
1661 4692 1740 4766 τῷ

156 4795 357 4863 πάθει,
386 4793 535 4850 εἶπεε
585 4816 604 4848 ι
641 4795 757 4850 Νῦν
783 4798 818 4867 ἡ
848 4796 995 4868 ψυχή
1028 4797 1135 4865 μου
1157 4794 1514 4864 τετάρακται,
1556 4790 1652 4844 καὶ
1685 4787 1740 4842 τί

158 4886 310 4942 εἴπω
334 4904 351 4955 ;
382 4889 588 4959 Πάτερ,
621 4887 798 4942 σῶσόν
825 4904 900 4958 με
927 4888 993 4941 ἐκ
1019 4886 1125 4956 τῆς
1146 4884 1298 4957 ὥρας
1321 4881 1527 4955 ταύτης
1557 4898 1572 4914 ο
1604 4879 1742 4936 ἀλλά

156 4979 256 5032 διὰ
283 4978 439 5034 τοῦτο
467 4980 708 5051 ἐλήλυθα
740 4980 820 5043 είς
845 4980 947 5051 τὴν
973 4977 1123 5050 ὥραν
1143 4976 1366 5048 ταύτην.
1405 4993 1426 5027 ι

241 5186 270 5215 ν
299 5154 432 5232 Luc.
470 5194 531 5245 ιι,
567 5176 621 5245 7,
662 5177 754 5233 at.

158 5262 272 5315 ιιι,
298 5246 399 5300 27.⁸

864 5190 889 5219 ι
922 5176 1114 5233 Matth.
1145 5193 1221 5241 ιν,
1248 5174 1320 5243 2;
1349 5171 1509 5230 Joan.
1582 5187 1661 5237 ιι,
1725 5171 1790 5227 41
1817 5185 1833 5233 ς
1865 5168 1998 5224 Luc.
2030 5183 2093 5234 η,
2124 5169 2178 5222 1.

1844 4607 1901 4655 et
1930 4599 2000 4655 ab
2031 4599 2153 4669 ipso
2196 4599 2250 4653 in
2297 4599 2471 4655 sacris
2495 4598 2809 4671 Evangeliis
2840 4598 3065 4654 dictum
3092 4596 3422 4653 invenimus.

1845 4690 1985 4745 Cum
2034 4690 2182 4745 enim
2216 4689 2284 4745 ad
2331 4705 2552 4746 crucem
2601 4689 2907 4756 accederet,
2959 4688 3100 4744 dixit
3143 4704 3157 4742 :
3207 4705 3226 4738 ‹
3267 4685 3426 4742 Nunc

1848 4782 2053 4859 anima
2080 4798 2202 4838 mea
2238 4783 2453 4838 turbata
2481 4791 2588 4850 est,
2619 4789 2675 4837 et
2701 4781 2831 4853 quid
2865 4781 3045 4837 dicam
3071 4781 3095 4835 Ἰ
3134 4779 3317 4847 Pater,
3361 4780 3426 4832 li-

1847 4876 1980 4934 bera
2022 4874 2041 4900 ί
2088 4890 2177 4931 me
2223 4890 2292 4933 ex
2340 4876 2444 4932 hac
2485 4873 2621 4932 hora
2658 4890 2674 4930 :
2709 4874 2807 4932 sed
2853 4883 3141 4945 propterea
3192 4872 3317 4928 veni
3370 4870 3427 4926 in

1858 4969 2050 5024 horam
2094 4967 2236 5023 hanc
2257 4975 2305 5021 ι.
2345 4984 2365 5019 ι

2285 5176 2317 5216 1
2344 5164 2475 5224 Luc.
2550 5182 2687 5237 xm,
2719 5167 2831 5237 μς
2861 5180 3022 5236 nm,
3050 5166 3139 5223 46.
3217 5175 3242 5205 ³
3269 5166 3426 5224 Joan.

1275 5387 1520 5446 VARIE
1558 5385 1945 5445 LECTIONES
1985 5385 2075 5442 ET
2101 5385 2337 5445 NOTAE.

235 5556 282 5590 ¹¹
312 5555 438 5611 cod.
470 5554 491 5607 1
533 5551 636 5623 τὴν
661 5548 934 5618 εὐλογίαν.

160 5629 238 5685 sit
272 5639 504 5688 merces,
545 5611 705 5691 quam
745 5611 935 5675 osorcs
969 5616 1075 5691 mei
1109 5611 1388 5691 reportent
1429 5611 1458 5667 a
1497 5611 1726 5691 .iehqya.

1016 5546 1059 5578 ¹²
1096 5544 1167 5600 Τὸ
1195 5575 1264 5585 -
1290 5544 1575 5613 μόνιμον.
1615 5541 1739 5599 Des.
1774 5542 1916 5611 apud
1952 5541 2116 5613 Cord.
2157 5541 2280 5613 με.

2322 5555 2389 5613 ι)ἒ
2412 5540 2545 5613 2Ξ9.
2623 5541 2668 5576 ¹³
2704 5543 2886 5599 Τοῦτο
2915 5574 2987 5586 -
3015 5545 3258 5613 Κιφίου.
3300 5542 3430 5599 ηερε

1823 5613 1867 5684 ιι
1914 5611 2038 5666 cod,
2106 5612 2166 5684 in
2195 5610 2609 5684 ἀναδεξάμενοι.
2686 5615 2731 5647 η
2768 5614 2880 5670 Kal
2906 5644 2978 5658 ——
3006 5610 3268 5684 φύὰεωςο
3302 5614 3427 5684 Βεβ-

161 5679 373 5753 i'n‘cod.
402 5679 502 5747 vi."
532 5679 579 5724 “-
618 5691 923 5758 Ἐδίψησε.
958 5688 1082 5742 cod.
1121 5687 1142 5738 Ι
1170 5679 1394 5758 fprrem.
1425 5682 1541 5736 καί.
1573 5683 1670 5758 ‘1':
1708 5687 1725 5737 1

1835 5681 2084 5758 ίρακτας.
2126 5679 2290 5758 llehr.
2334 5679 2668 5739 uulneratum
2697 5694 2793 5742 est.
2872 5685 2915 5718 ³⁸
2954 5679 3159 5753 rbem,
3200 5679 3256 5741 κ.
3291 5700 3346 5740 τ.
3373 5683 3425 5742 λ.

167 5750 627 5841 ΗλεεμΤΙιεοιιοιῸ
659 5750 1009 5839 ,ιιῖὶιυιιιιιιη
1044 5750 1204 5826 apud
1253 5753 1417 5809 (ἶσοι-(Ι.
1481 5768 1534 5824 p.
1570 5750 1696 5809 250.

1812 5755 1853 5784 ‘9
1883 5752 2005 5809 cod.
2037 5752 2061 5805 1
2120 5751 2447 5824 εὑρήσομεν.
