3890 6320
407 260 546 324 1703

1401 268 1895 330 TllEODOllETI
1931 269 2273 330 EPISCOPI
2313 271 2679 332 CYRENSIS

3549 275 3568 336 l
3579 276 3686 341 ’ἶῦῇ

484 377 650 435 Vens.
696 380 788 435 25.
835 399 852 433 ι
895 381 1047 437 Sicut
1082 383 1275 438 umbra
1311 399 1434 438 cum
1471 385 1732 448 declinat,
1779 387 1986 442 ablatus

2168 393 2273 456 κγ’.
2324 407 2342 440 ι
2397 387 2542 443 Ὠσεὶ
2592 389 2719 444 σκιὰ
2749 391 2808 443 ἐν
2845 391 2922 461 τῷ
2958 392 3203 448 ἐκκλῖναι
3253 395 3428 469 αὐτὴν
3481 398 3682 452 ἀνταν-

407 489 552 538 sum,
588 483 644 528 et
687 489 956 530 excussus
1006 491 1126 530 sum
1176 477 1320 532 sicut
1364 479 1610 533 locuslm.
1651 497 1668 530 ι
1726 482 1826 534 Per
1871 480 1991 535 lucc

405 578 639 619 mortem
669 567 1094 622 demonstravit.
1127 568 1311 624 lnstar
1341 569 1551 624 umbra:
1588 571 1758 638 enim,
1788 572 1987 641 inquit,

405 658 682 726 vergentis
724 666 780 712 et
822 659 1150 725 deticieutis,
1204 660 1366 715 linem
1409 663 1536 714 vitae
1585 661 1755 728 obivi,
1797 662 1892 715 sed
1937 671 1991 716 et

407 749 552 802 sicut
586 748 810 802 locusta:
841 765 869 801 a
904 751 1079 805 ventis
1104 752 1343 820 iactatae,
1376 761 1430 805 et
1467 751 1575 806 huc
1605 763 1660 805 et
1699 751 1831 806 illuc
1871 752 1990 822 agi-

408 847 554 900 tatae,
596 839 762 892 vitam
810 840 963 901 duxi,
1005 841 1279 895 civitatem
1316 857 1422 895 non
1472 842 1702 906 habens,
1748 857 1854 895 non
1900 856 1990 896 ca-

407 929 647 995 stellum,
683 946 792 985 non
824 931 1072 996 domum,
1131 934 1226 988 sed
1276 935 1439 988 modo
1485 933 1705 1002 quidem
1737 933 1791 986 in
1826 933 1988 1000 hanc,

405 1021 570 1074 modo
599 1037 730 1076 vero
756 1023 808 1076 in
853 1023 1024 1088 illam,
1056 1025 1193 1079 alias
1236 1035 1418 1079 autem
1464 1024 1520 1078 in
1563 1034 1778 1080 montes
1809 1032 1990 1082 trans-

410 1113 555 1178 iens,
591 1123 645 1168 et
669 1114 724 1169 in
756 1115 1108 1170 solitudinem
1139 1132 1390 1170 currens.

482 1203 646 1260 Vens.
686 1206 778 1261 24.
827 1225 846 1258 ι
876 1207 1066 1262 Genua
1101 1225 1218 1263 mea
1250 1209 1523 1264 inﬁrmata
1551 1219 1680 1264 sunt
1706 1225 1735 1263 a
1759 1209 1988 1279 jejunio,

405 1307 459 1352 ct
504 1314 635 1352 caro
683 1316 802 1354 mea
848 1302 1136 1356 imnmtata
1176 1311 1261 1357 est
1301 1311 1527 1372 propter
1569 1303 1771 1356 oleum.
1811 1323 1830 1355 ι
1867 1303 1988 1357 Non

406 1392 552 1444 enim
583 1392 912 1448 dissolutam
955 1405 1009 1449 et
1048 1397 1336 1450 delicatam
1369 1397 1500 1450 duxi
1538 1398 1725 1461 vitam.
1755 1397 1851 1451 sed
1897 1411 1991 1450 so-

405 1483 581 1536 briam
628 1494 682 1538 et
731 1501 1005 1555 asperam,
1052 1497 1104 1541 et
1149 1489 1482 1556 squalidam.
1541 1488 1606 1542 Et
1654 1497 1821 1544 testes
1863 1498 1993 1544 sunt

406 1579 551 1630 sacri
583 1577 703 1645 ejus
753 1579 1030 1648 discipuli,
1081 1595 1224 1650 quos
1265 1580 1466 1649 eligere
1495 1579 1755 1651 dignatus
1789 1591 1895 1648 est,
1940 1590 1993 1636 et

403 1683 575 1737 panes
625 1669 917 1724 hordeacei
969 1686 1113 1740 quos
1165 1671 1483 1737 aiferebant,
1533 1682 1587 1726 et
1636 1673 1802 1743 spicae
1853 1689 1990 1743 quas

2094 479 2320 552 ῃρέθην,
2355 479 2706 552 ἐξετινάχθην
2733 483 2866 536 ὡσεὶ
2894 484 3130 555 άκρίδες.
3173 505 3193 539 ι
3231 487 3328 541 Διὰ
3357 489 3565 543 τούτων
3591 490 3681 542 τὸν

2093 568 2321 624 θάνατον
2366 572 2740 644 παρεδήλωσε.
2796 575 2937 646 Σκιᾷ
2980 575 3109 646 γάρ,
3144 578 3278 649 φησὶ
3309 581 3375 646 ’⁸,
3427 580 3681 653 κλιθείσῃ

2097 664 2189 715 καὶ
2220 663 2575 736 άναιρεθείσῃ
2607 665 3006 736 παραπλησίως
3039 667 3310 741 ἐδεξάμην
3332 672 3426 725 τοῦ
3464 672 3580 741 βίου
3614 673 3677 726 τὸ

2091 753 2248 816 τέλος
2273 769 2286 782 ⁸
2320 753 2457 808 ἀλλὰ
2493 755 2589 808 καὶ
2641 755 2798 827 δίκην
2829 757 3068 827 ἀκρίδων
3099 759 3188 812 ὑπ’
3221 762 3439 831 ἀνέμων
3464 765 3682 833 ῥιπιζοι

2095 845 2294 915 μένων,
2330 848 2424 900 καὶ
2447 847 2570 918 τῇδε
2597 849 2824 902 κάκεῖσε
2857 853 3332 922 περιφερομένων,
3357 855 3635 909 διετέλεσα
3660 875 3674 887 σ

2090 934 2153 986 οὐ
2210 935 2366 988 πόλιν
2413 935 2574 1007 ἔχων,
2623 938 2684 990 οὐ
2729 935 2942 1008 κώμην,
2978 939 3078 992 οὐκ
3121 941 3300 994 οἰκίαν
3327 959 3342 972 ·
3375 943 3512 996 ἀλλὰ
3547 945 3679 998 ποτὲ

2100 1024 2202 1095 μὲν
2233 1026 2312 1089 είς
2340 1026 2566 1098 ταύτην,
2597 1027 2730 1080 ποτὲ
2757 1027 2816 1081 δέ
2847 1031 2928 1094 εἰς
2960 1030 3200 1101 ἐκείνην,
3234 1032 3422 1086 ἄλλοτε
3443 1034 3500 1087 δὲ
3526 1036 3568 1066 ²¹
3594 1036 3678 1098 εἰς

2092 1115 2196 1186 ὅρη
2229 1118 2593 1189 μεταϐαίνων,
2627 1121 2720 1174 καὶ
2755 1123 2835 1184 εἰς
2861 1121 2958 1191 τὴν
2992 1120 3198 1193 ἔρημον
3230 1123 3442 1194 τρέχων
3472 1126 3536 1179 ".

2163 1209 2262 1263 κδ’.
2313 1229 2332 1262 ι
2369 1211 2450 1264 Τὰ
2487 1212 2688 1280 γόνατά
2740 1231 2842 1283 μου
2887 1214 3193 1285 ὴσθένησαν
3241 1216 3348 1269 ἀπὸ
3395 1216 3676 1287 νηστείας,

2095 1301 2192 1353 καὶ
2248 1303 2282 1372 ἡ
2342 1301 2480 1373 σάρξ
2524 1320 2624 1372 μου
2667 1302 2935 1374 ἠλλοιώθη
2979 1304 3046 1357 δι’
3075 1305 3253 1358 ἔλαιον
3297 1306 3363 1359 ³³.
3397 1325 3416 1358 ι
3463 1307 3537 1360 Οὐ
3567 1309 3679 1379 γάρ

2093 1392 2376 1464 ἀνειμένον
2409 1396 2503 1448 καὶ
2532 1395 2875 1466 ἁϐροδίαιτον
2905 1396 3191 1450 ἐϐιότευσα
3221 1396 3358 1467 βίον,
3389 1398 3505 1450 ἀλλ’
3535 1399 3677 1452 ἀπέ-

2094 1503 2296 1556 ριττον,
2329 1486 2423 1540 καὶ
2454 1487 2889 1557 κατεσκληκότα,
2921 1489 3015 1540 καὶ
3045 1489 3351 1560 αὐχμηρόν.
3386 1491 3497 1544 Καὶ
3528 1491 3676 1562 μάρ-

2092 1592 2256 1646 τυρες
2279 1576 2325 1627 oi
2359 1575 2461 1645 τῆς
2493 1576 2646 1646 ἱερᾶς
2671 1576 2838 1629 αὐτοῦ
2874 1577 3174 1648 μαθητείας
3207 1578 3556 1646 ἀξιωθέντες,
3580 1583 3678 1636 καὶ

2093 1667 2143 1719 οἱ
2182 1666 2416 1736 κρίθινοι
2448 1666 2622 1736 ἄρτοι,
2654 1667 2748 1730 οὒς
2779 1668 3131 1738 ἐπεφέροντο,
3163 1670 3257 1722 καὶ
3287 1671 3338 1723 oi
3363 1671 3676 1743 τιλλόμενοι

405 1760 678 1814 vellebant
713 1737 1077 1832 manibusque
1107 1763 1357 1817 terebant
1391 1774 1611 1834 propter
1634 1737 1984 1822 famem-Illa

2098 1757 2350 1826 στάχυες,
2382 1757 2474 1811 καὶ
2495 1761 2615 1821 ταῖς
2637 1760 2795 1828 χερσὶ
2826 1737 3137 1830 τριϐάμενοι
3166 1761 3257 1814 διὰ
3289 1737 3608 1834 malquin
3631 1765 3678 1798 "

403 1860 626 1914 autem,
667 1869 684 1903 ι
724 1849 867 1907 Caro
898 1869 1015 1909 mea
1052 1855 1341 1910 immutata
1371 1865 1455 1910 est
1484 1867 1709 1926 propter
1733 1858 1930 1920 oleum,
1960 1878 1978 1912 ι

405 1944 772 2014 Symmachus
821 1946 900 1999 sic
943 1948 1255 2000 convertit:
1293 1946 1356 1999 Et
1391 1963 1517 2001 caro
1545 1964 1660 2002 mea
1697 1950 1983 2004 immutata

399 2044 480 2090 est
513 2045 723 2106 propter
750 2039 1088 2093 amissionem
1120 2041 1406 2094 unctionis.

477 2126 646 2180 Vens.
682 2126 771 2179 25.
820 2146 838 2178 ι
879 2127 941 2181 Et
973 2143 1074 2198 ego
1103 2129 1278 2184 factus
1308 2145 1426 2184 sum
1459 2130 1812 2198 opprobrium
1845 2131 1980 2187 illis:

407 2217 660 2271 viderunt
699 2233 802 2281 me,
840 2230 1129 2273 moverunt
1159 2220 1337 2290 capita
1370 2236 1490 2276 sua.
1535 2239 1553 2272 ι
1588 2222 1653 2275 Et
1684 2223 1783 2278 hoc
1820 2223 1982 2280 sorti-

401 2317 522 2362 tum
573 2318 658 2365 est
726 2311 909 2364 linem.
972 2311 1189 2380 1389
1238 2311 1373 2366 Cum
1440 2313 1690 2367 viderent
1748 2329 1872 2370 eum
1926 2316 1980 2369 in

402 2415 589 2463 cruce,
623 2411 906 2458 moventes
948 2405 1149 2472 capita,
1184 2404 1442 2458 dicebant
1475 2421 1486 2456 :
1525 2422 1543 2455 ι
1580 2403 1720 2470 Vah,
1752 2406 1846 2475 qui
1887 2407 1983 2461 de-

403 2495 575 2550 struis
626 2496 889 2565 templum
927 2495 1052 2561 hoc,
1100 2505 1154 2550 et
1201 2496 1254 2549 in
1305 2496 1484 2550 tribus
1532 2495 1726 2553 diebus
1773 2498 1983 2554 excitas

402 2588 561 2650 illud,
592 2587 863 2643 descende
903 2603 1052 2642 nunc
1084 2588 1151 2642 dc
1191 2603 1353 2644 cruce
1371 2601 1416 2643 ι.
1459 2606 1477 2640 ι
1528 2588 1636 2642 Alii
1678 2599 1860 2646 autem
1897 2593 1983 2647 di-

403 2681 604 2736 cebant
635 2699 648 2736 :
688 2700 706 2731 ι
749 2681 897 2736 Alios
929 2681 1114 2736 salvos
1148 2679 1297 2749 fecit,
1348 2695 1407 2737 se
1441 2682 1620 2752 ipsum
1657 2696 1766 2738 non
1805 2694 1984 2754 potest

401 2771 612 2826 salvum
648 2771 824 2827 facere
844 2773 892 2827 ι).
928 2791 947 2824 ›

472 2861 640 2919 Vens.
671 2865 775 2929 ‘26,
819 2865 910 2919 27.
965 2883 984 2916 ι
1017 2865 1227 2935 Adjuva
1270 2882 1378 2932 me,
1405 2865 1634 2924 Domine
1679 2869 1825 2925 Deus
1871 2870 1978 2939 mi,

399 2955 612 3010 salvum
678 2973 764 3013 me
820 2955 910 3012 fac
951 2966 1170 3026 propter
1218 2957 1652 3014 misericordiam
1691 2967 1858 3014 tuam.
1918 2959 1985 3015 Et

403 3056 737 3115 cognoscant
784 3048 929 3102 hanc
974 3064 1195 3103 manum
1247 3057 1418 3117 tuam,
1469 3058 1517 3105 et
1560 3061 1633 3116 te,
1660 3065 1694 3105 ο
1734 3050 1980 3116 Domine,

405 3136 599 3190 iecisse
628 3138 784 3191 illud.
817 3156 835 3188 ι
891 3138 1144 3204 Discant,
1191 3139 1410 3208 inquit,
1453 3140 1578 3195 illos
1607 3155 1716 3194 non
1755 3141 1985 3195 invitum

402 3242 492 3279 me
525 3227 674 3280 cruci
729 3227 1052 3293 tradidisse,
1105 3229 1198 3282 sed
1246 3230 1349 3283 hoc
1389 3245 1512 3285 esse
1560 3239 1666 3284 tuae
1701 3230 1988 3298 dispensa~

405 3318 572 3371 tionis
636 3334 799 3387 opus.
864 3321 968 3374 Per
1037 3334 1213 3374 meam
1282 3321 1429 3375 enim
1481 3337 1700 3376 crucem
1761 3323 1988 3377 salutem

406 3410 664 3465 omnibus
692 3410 878 3480 largiri
905 3409 1148 3465 voluisti.
1171 3409 1231 3464 Μ
1235 3427 1394 3464 anum
1421 3427 1546 3466 vero
1577 3412 1669 3467 Dei
1695 3413 1986 3483 potentiam

405 3505 584 3552 vocat.

480 3586 648 3642 Vens.
681 3587 771 3643 28.
811 3607 830 3639 ι
858 3587 1181 3644 Maledicent
1208 3579 1305 3651 illi,
1335 3599 1388 3643 et
1417 3597 1470 3642 tu
1500 3589 1848 3646 benedices.»
1885 3589 1990 3646 Us-

406 3690 514 3745 que
540 3676 592 3729 in
619 3674 942 3729 hodiernum
969 3675 1112 3728 diem
1138 3673 1313 3729 Judaei
1354 3673 1688 3731 Salvatorem
1716 3679 1988 3734 exsecrari

406 3771 639 3835 pergunt
675 3778 690 3818 :
731 3764 823 3819 sed
856 3763 962 3818 illis
998 3765 1415 3821 exsecrantibus
1437 3806 1452 3832 ,
1486 3766 1753 3823 illustrior
1786 3769 1841 3822 in
1871 3769 1989 3826 dies

404 3855 467 3911 lit
496 3855 809 3926 praedicatio
834 3855 1008 3911 verbi.
1047 3875 1066 3908 ι
1095 3855 1197 3923 Qui
1221 3857 1514 3928 insurgunt
1537 3859 1592 3913 in
1615 3875 1722 3926 me,
1755 3860 1990 3917 confun-

405 3948 609 4002 dantur
643 3965 656 4002 :
692 3964 882 4004 servus
907 3958 1092 4002 autem
1123 3958 1248 4004 tuus
1281 3949 1575 4006 laetabitur.
1611 3970 1630 4002 ι
1668 3950 1853 4023 Neque
1887 3955 1989 4010 hoc

405 4040 613 4094 dictum
654 4039 707 4093 in
741 4039 850 4094 alio
885 4053 1050 4095 sensu
1088 4041 1339 4110 accipere
1368 4042 1640 4110 psalmum
1676 4058 1777 4098 nos
1821 4045 1986 4115 c03it.

405 4130 677 4185 Audimus
707 4130 853 4184 enim
886 4141 941 4184 et
974 4129 1222 4184 divinum
1254 4128 1483 4185 Paulum
1520 4132 1787 4188 dicentem
1817 4151 1831 4188 :
1871 4152 1890 4186 ι
1920 4135 1990 4190 Se

408 4219 588 4288 ipsum
624 4220 929 4275 exinanivit
952 4259 969 4285 ,
1021 4219 1255 4276 formam
1305 4223 1447 4276 servi
1485 4223 1759 4294 accipiens
1793 4234 1838 4278 ο.
1869 4243 1888 4276 ι
1924 4225 1989 4280 Et

409 4313 525 4380 ipse
563 4312 580 4332 ¹
627 4326 721 4380 ρει·
750 4311 948 4366 Isaiam
995 4312 1311 4366 exclamans
1359 4311 1441 4366 sic
1482 4312 1606 4368 ait:
1666 4334 1685 4366 ι
1723 4315 1827 4381 Qui
1877 4315 1990 4372 for-

2091 1845 2169 1911 δὲ,
2231 1865 2250 1897 ι
2301 1846 2365 1899 Ἦ
2400 1846 2538 1916 σάρξ
2572 1864 2673 1917 μου
2720 1847 2992 1919 ἠλλοιώθη
3026 1849 3094 1903 δι’
3123 1850 3326 1918 ἔλαιον,
3367 1871 3386 1903 ι
3442 1854 3501 1907 Ὁ
3527 1854 3677 1925 Σύμ-

2093 1953 2266 2006 μαχος
2323 1934 2501 2000 οὕτως
2561 1939 2932 2009 ἡρμήνευσεν*
2991 1941 3164 2011 Kuh}
3203 1942 3365 2012 σάρξ
3409 1961 3531 2015 μου
3561 1947 3678 2015 ἠλ-

2091 2026 2310 2096 λοιώθη
2333 2029 2378 2061 ²³
2402 2027 2522 2082 ἀπὸ
2547 2029 2930 2099 ἀναλειςοίας.
3378 2066 3384 2070 -

2161 2127 2260 2176 κε’.
2316 2139 2336 2172 ε
2368 2119 2542 2189 Κάγὼ
2567 2121 2834 2192 ἐγενήθην
2859 2124 3061 2188 ὄνειδος
3093 2125 3298 2192 αὐτοῖς,
3329 2127 3546 2182 είδοσάν
3578 2146 3671 2199 με,

2091 2210 2391 2266 ἐσάλευσαν
2411 2211 2654 2280 κεφαλὰς
2671 2211 2874 2268 αὐτῶν.
2889 2232 2907 2264 ι
2935 2215 3044 2266 Καὶ
3061 2213 3222 2268 τοῦτο
3243 2216 3430 2280 τέλους
3453 2218 3498 2249 ’⁸
3518 2220 3676 2271 τετύ-

2089 2319 2284 2373 χηκεν.
2331 2302 2598 2374 Ὀρῶντες
2620 2301 2783 2358 αὐτὸν
2812 2305 2856 2335 ³⁷
2883 2303 2977 2356 ἐπὶ
2991 2304 3084 2358 τοῦ
3120 2305 3378 2374 σταυροῦ,
3396 2307 3673 2373 κινοῦντες

2089 2395 2187 2458 τὰς
2207 2395 2450 2464 κεφαλὰς
2480 2395 2547 2462 ’⁸,
2578 2395 2785 2464 ἔλεγον,
2819 2415 2838 2448 ι
2866 2397 3000 2462 Οὐὰ,
3037 2397 3066 2448 ὁ
3099 2397 3386 2452 καταλύων
3417 2399 3511 2453 τὸν
3541 2401 3670 2454 ναὸν

2088 2483 2302 2554 τοῦτον,
2336 2485 2434 2539 καὶ
2464 2487 2522 2540 ἐν
2549 2488 2728 2557 τρισὶν
2752 2487 2990 2558 ἡμέραις
3017 2488 3252 2560 ἐγείρων
3282 2490 3469 2556 αὑτὸν,
3501 2492 3674 2546 κατά-

2089 2576 2216 2648 ϐηθι
2239 2577 2348 2631 άπὸ
2377 2578 2474 2633 τοῦ
2499 2579 2792 2649 σταυροῦ.»
2835 2580 3020 2634 Ἀλλοι
3053 2581 3112 2635 δὲ
3146 2581 3354 2651 ἔλεγονο
3391 2602 3410 2636 ι
3443 2584 3672 2650 Ἀλλους

2089 2667 2312 2737 ἔσωσεν,
2338 2670 2528 2726 ἐαυτὸν
2554 2672 2615 2725 οὐ
2646 2671 2869 2727 δύναται
2891 2671 3088 2728 σῶσαι.
3127 2692 3147 2725 ι

2163 2853 2276 2914 κς’,
2300 2847 2407 2912 κζ’.
2447 2867 2465 2900 ι
2499 2846 2781 2918 Βοήθησόν
2825 2863 2938 2916 μοι,
2968 2845 3144 2918 Κύριε
3171 2847 3199 2900 ὁ
3233 2845 3368 2910 Θεός
3412 2864 3540 2918 μου,
3576 2849 3671 2902 καὶ
3741 2864 3744 2868 '

2094 2941 2267 2995 σῶσόν
2298 2959 2366 3012 με
2394 2941 2534 2994 κατὰ
2565 2941 2624 2993 τὸ
2655 2941 2804 3003 ἐλεὸς
2849 2957 2967 2994 σου.
3010 2940 3122 2994 Καὶ
3173 2939 3474 3009 γνώτωσαν
3523 2943 3608 2996 ὅτι
3635 2944 3670 3013 ἡ

2090 3033 2212 3101 χείρ
2243 3049 2337 3086 σου
2379 3031 2542 3102 αὕτη,
2593 3031 2801 3096 καὶσὺ,
2835 3031 3033 3100 Κύριε,
3090 3031 3353 3102 ἐποίησας
3402 3031 3602 3102 αὐτήν.
3645 3051 3664 3084 ι

2089 3125 2456 3190 Μαθέτωσαν,
2483 3125 2670 3195 φησὶν,
2689 3123 2764 3188 ὡς
2785 3125 2887 3177 οὐκ
2916 3122 3120 3177 ἄκοντά
3154 3140 3220 3194 με
3258 3122 3570 3191 παρέδοσαν
3597 3123 3670 3195 τῷ

2092 3218 2334 3290 σταυρῷ,
2359 3216 2496 3270 ἀλλὰ
2521 3217 2622 3288 τῆς
2656 3217 2757 3287 σῆς
2790 3215 2950 3270 τοῦτο
2984 3215 3145 3286 ἔργον
3185 3215 3521 3288 οἰκονομίας.
3569 3217 3668 3270 Διὰ

2087 3309 2196 3381 γὰρ
2239 3309 2330 3363 τοῦ
2375 3309 2513 3380 ἐμοῦ
2563 3309 2770 3372 πάθους
2824 3308 3127 3379 ἐϐουλήθης
3173 3310 3290 3373 τοῖς
3346 3307 3666 3377 ἀνθρώποις

2089 3402 2186 3474 τὴν
2213 3401 2484 3456 ἀπάθειαν
2521 3400 2873 3474 δωρήσασθαι
2897 3417 2912 3432 ⁸
2947 3401 3117 3472 χεῖρα
3137 3401 3193 3454 δὲ
3223 3399 3383 3455 καλεῖ
3407 3400 3510 3454 τοῦ
3536 3400 3667 3455 Θεοῦ

2088 3495 2187 3561 τὴν
2214 3493 2518 3563 ἐνέργειαν.

2161 3591 2269 3656 κη’.
2317 3605 2336 3638 ι
2378 3585 2992 3655 Καταράσονταιαῦτοὶ,
3025 3584 3120 3638 καὶ
3153 3585 3219 3638 σὺ
3261 3583 3603 3656 εὐλογήσεις.
3641 3604 3660 3638 ι

2088 3678 2268 3749 Μέχρι
2302 3678 2396 3730 καὶ
2419 3678 2662 3748 τήμερον
2691 3677 2967 3748 διέμειναν
2997 3676 3239 3731 Ἰουδαῖοι
3268 3678 3390 3741 ταῖς
3411 3677 3555 3731 κατὰ
3574 3675 3664 3730 τοῦ

2091 3765 2344 3840 Σωτῆρος
2357 3767 2636 3839 χρώμενοι
2666 3765 3060 3838 βλασφημίαις,
3083 3764 3220 3819 ἀλλὰ
3250 3764 3477 3817 ἐκείνων
3497 3763 3664 3834 βλασ-

2091 3861 2418 3930 φημούντων
2452 3857 2920 3929 περιφανέστερον
2951 3857 3224 3928 ὁσημέραι
3283 3855 3345 3909 τὸ
3399 3856 3664 3926 κήρυγμα

2089 3949 2322 4017 γίνεται.
2356 3968 2374 4001 ι
2413 3949 2477 4001 Oi
2507 3947 2933 4020 ἐπανιστάμενοι
2980 3966 3070 4020 μοι
3104 3947 3586 4018 αἱσχυνθήτωσαν,
3634 3949 3663 4001 ὁ

2090 4039 2148 4093 δὲ
2181 4039 2369 4103 δοῦλός
2420 4057 2514 4093 σου
2559 4039 3016 4112 εὐφρανθήσεται.
3078 4057 3098 4091 ›
3138 4038 3273 4093 Οὑδέ
3308 4037 3468 4091 τοῦτο
3522 4040 3663 4110 ἡμᾶς

2092 4128 2156 4181 τὸ
2194 4130 2346 4200 ῥῆμα
2379 4127 2567 4182 λαϐεῖν
2596 4131 2675 4192 εἰς
2697 4130 2741 4162 ¹⁹
2784 4130 2978 4201 ἑτέραν
3012 4127 3267 4182 ὑπόθεσιν
3311 4127 3405 4180 τὸν
3451 4127 3664 4198 ψαλμὸν

2091 4221 2394 4289 ἀναγκάζει
2414 4221 2480 4274 ⁸⁰.
2547 4220 2846 4292 Ἀκούομεν
2896 4223 3004 4291 γὰρ
3040 4220 3136 4274 καὶ
3153 4221 3194 4252 ³⁸
3249 4217 3342 4272 τοῦ
3372 4219 3661 4273 θεσπεσίου

2090 4311 2310 4366 Παύλου
2341 4310 2595 4379 λέγοντος
2615 4312 2681 4378 ³¹,
2725 4312 2807 4365 ὅτι
2843 4329 2862 4362 ε
2911 4309 3132 4364 Ἑαυτὸν
3155 4307 3392 4362 ἐκένωσε
3451 4308 3664 4378 μορφὴν

407 4403 578 4457 mavit
609 4417 695 4458 me
722 4417 789 4456 ex
818 4413 972 4457 utero
1005 4415 1221 4456 servum
1254 4399 1357 4454 sibi
1383 4400 1410 4440 ά
1441 4420 1458 4453 ι
1490 4419 1505 4469 ;
1546 4412 1600 4458 et
1627 4405 1792 4474 paulo
1822 4415 1944 4476 post
1970 4423 1983 4459 :

2098 4403 2278 4456 δούλου
2307 4402 2512 4456 λαϐὼν.
2557 4421 2577 4454 ι
2629 4402 2742 4456 Καὶ
2765 4401 2928 4464 αὐτὸς
2976 4401 3033 4453 δὲ
3060 4400 3150 4454 διὰ
3201 4399 3432 4453 Ἡσαΐου
3469 4397 3665 4469 βοῶνυ

410 4512 434 4544 ι
464 4491 630 4549 Posui
663 4503 717 4549 te
747 4501 808 4548 ut
855 4493 933 4547 sis
963 4497 1346 4545 testamentum
1379 4493 1593 4561 generis
1627 4501 1683 4548 et
1727 4495 1819 4548 lu‘x
1860 4511 1992 4565 gen-

2091 4493 2266 4558 οὕτως
2277 4495 2427 4562 λέγει
2442 4509 2456 4523 ’
2473 4514 2491 4546 ι
2522 4495 2580 4548 '0
2597 4494 2808 4557 πλάσας
2824 4511 2892 4564 με
2911 4493 2974 4546 ἐκ
2989 4491 3197 4555 κοιλίας
3210 4490 3395 4544 δοῦλον
3412 4489 3592 4561 ἐαυτῷ
3605 4503 3618 4517 ·
3641 4505 3659 4540 ι

407 4584 570 4650 tium,
605 4593 665 4638 ut
695 4584 772 4638 sis
806 4582 958 4637 salus
991 4595 1164 4646 usque
1196 4580 1262 4634 ad
1294 4593 1596 4636 extremum
1633 4592 1790 4637 terra:
1812 4595 1889 4638 ε.»
1929 4584 1986 4640 Et

2098 4585 2190 4639 καὶ
2241 4585 2360 4656 μετ’
2392 4587 2581 4655 ὀλίγαι
2621 4605 2640 4638 ι
2669 4583 2904 4639 Τέθεικά
2934 4601 2994 4637 σε
3029 4585 3107 4647 είς
3131 4582 3398 4653 διαθήκην
3449 4582 3660 4649 γένους,

409 4674 466 4728 in
499 4676 674 4731 sacris
695 4671 1006 4744 Evangeliis
1027 4670 1109 4725 sic
1134 4672 1212 4725 ait
1242 4688 1256 4722 :
1291 4688 1310 4721 ι
1335 4670 1802 4737 Quemadmodum
1827 4674 1994 4732 Filius

2094 4678 2175 4741 ei;
2205 4677 2322 4747 φῶς
2351 4677 2542 4744 ἐθνῶν,
2572 4679 2666 4731 τοῦ
2697 4674 2836 4732 εἷναί
2861 4693 2918 4730 σε
2943 4677 3022 4740 εἰς
3050 4675 3322 4744 σωτηρίαν
3367 4672 3473 4734 ἕως
3508 4671 3665 4741 ἔσχά·

411 4763 656 4820 hominis
702 4780 814 4819 non
845 4761 997 4816 venit
1039 4759 1377 4828 ministrari,
1425 4764 1518 4818 sed
1560 4764 1908 4832 ministrare,
1943 4776 1986 4822 et

2098 4785 2194 4821 του
2246 4769 2346 4839 τῆς
2388 4770 2514 4838 γῆς.
2580 4788 2598 4820 ι
2650 4769 2764 4823 Καὶ
2816 4769 2874 4820 ἐν
2935 4771 3050 4830 τοῖς
3099 4767 3263 4836 ἱεροῖς
3308 4762 3662 4830 Εὐαγγελίοις

409 4856 543 4912 dare
569 4857 809 4911 animam
845 4867 1002 4908 suam
1029 4850 1081 4904 in
1110 4850 1535 4924 redemptionem
1566 4871 1667 4927 pro
1697 4858 1881 4914 multis
1911 4857 1990 4912 ί.»

485 5065 517 5096 ι
544 5051 738 5108 Matth.
766 5066 940 5119 nm,
970 5054 1064 5110 40.
1139 5055 1167 5095 1³
1205 5055 1339 5111 ibid.
1375 5057 1465 5111 42.

1544 5067 1567 5094 ε
1599 5054 1837 5125 Philipp.
1875 5071 1942 5119 ll,
1981 5055 2032 5110 7.
2111 5054 2138 5095 ἀ
2170 5055 2278 5112 lsa.
2318 5073 2465 5112 κως.

2101 4859 2276 4925 οὕτως
2305 4860 2434 4932 ἔφη*
2467 4880 2486 4913 ι
2527 4861 2741 4932 Ὥσπερ
2767 4860 2897 4924 Υἱὸς
2928 4858 3021 4912 τοῦ
3049 4857 3339 4927 ἀνθρώπου
3384 4855 3486 4907 οὐκ
3537 4848 3663 4923 ἦλθε

2555 5070 2577 5097 ε
2615 5058 2740 5113 ibid.
2790 5058 2844 5112 8.
2928 5057 2947 5097 τ
2985 5059 3173 5115 Matth.
3205 5074 3296 5124 xx,
3327 5053 3426 5110 28.

1487 5234 1722 5292 νΑῐιυΕ
1753 5235 2139 5294 LECTIONES
2174 5238 2264 5294 ET
2302 5239 2532 5296 NOTAE.

477 5397 521 5468 ’ξ’
539 5391 949 5468 dinol.Des._in
981 5396 1102 5449 cod.
1136 5397 1186 5468 1,.
1219 5467 1226 5468 ί
1261 5397 1304 5427 ²¹
1331 5394 1581 5468 Αέηῡεε.
1621 5397 1755 5452 ibid.
1832 5403 1876 5434 ²¹
1911 5403 1986 5467 Τρι

2098 5416 2186 5468 tr:
2222 5397 2346 5452 cod.
2373 5397 2415 5468 ,1
2459 5397 2700 5468 φεύγων,
2725 5390 2969 5468 ascripta
2995 5401 3174 5468 tamen
3207 5389 3377 5468 altera
3409 5387 3658 5468 lectione.

499 5465 671 5539 71.1.1.
723 5461 818 5539 δι’.
852 5463 1081 5539 ἕλᾼιιιρν.
1133 5466 1610 5539 ΙΙεὺιήηυείεςὶι-(ι
1639 5461 1974 5539 pinguedine.

417 5533 461 5564 ³³
491 5534 612 5604 cod.
652 5533 687 5604 l_
713 5532 840 5604 ὑπό.
917 5536 962 5566 ’θ
987 5535 1144 5590 Prior
1203 5534 1373 5591 editio
1407 5532 1645 5590 habebat
1673 5532 1845 5604 τέλος.
1882 5540 1983 5594 cod

2117 5539 2324 5600 τέλους.

413 5603 537 5660 cod.
571 5604 595 5656 1
626 5602 747 5677 add.
772 5605 970 5677 αὐτῶν.
1046 5609 1089 5640 ’θ
1121 5608 1241 5672 Εὶς.
1277 5605 1507 5677 Abesta
1528 5607 1664 5677 cod.
1698 5610 1748 5665 1.
1807 5602 1870 5643 “³⁰
1896 5610 1986 5666 cod

2143 5605 2468 5677 ἀναγκάσει.

413 5686 539 5738 τος.
567 5674 692 5730 cod.
736 5677 760 5728 1
794 5674 1048 5745 βοῶντος.
1127 5677 1172 5708 ³³
1199 5676 1319 5732 ccd-
1376 5675 1397 5727 1
1440 5674 1559 5744 βοᾷ·
1594 5741 1601 5745 .

2064 5470 2107 5501 “
2147 5467 2223 5522 Τὸ
2252 5498 2320 5508 —-
2352 5457 2737 5535 ἀναξλειένίας.
2766 5457 2897 5520 Des.
2923 5463 3063 5534 apud
3106 5461 3272 5517 Cord.
3294 5458 3343 5535 _l.
3378 5473 3428 5513 c.
3453 5457 3658 5535 p.352.

3449 5526 3495 5564 ⁸³
3521 5530 3660 5594 Κεφ.

2429 5537 2474 5567 ’⁷
2501 5529 2719 5591 Αῧτόν.
2773 5536 2898 5590 cod.
2960 5529 2985 5587 1
3024 5547 3213 5603 praem.
3240 5529 3372 5599 γάρ.
3449 5529 3495 5564 ⁸³
3521 5530 3660 5594 Κεφ.

2432 5623 2468 5660 ι.
2575 5606 2614 5638 ³⁸
2647 5606 2776 5661 Καί.
2816 5603 2984 5662 Abest
3015 5620 3045 5658 ει
3083 5603 3205 5660 cod.
3252 5600 3302 5654 1.
3381 5598 3425 5631 ³⁸
3454 5597 3662 5667 Aspare

2575 5606 2614 5638 "
2647 5606 2776 5661 Kal.
2816 5603 2984 5662 Abest
3015 5600 3045 5658 εἰ
3083 5603 3205 5660 cod.
3252 5600 3302 5654 1.
