3822 6324
64 306 216 373 1Ὶ65

1509 292 1585 354 [Ν
1616 290 1824 352 PSAL.
1848 288 1998 349 CIX.

3205 285 3343 352 1766

60 419 498 493 διακονηθῆναι,
554 417 692 472 ἀλλά
746 394 1104 487 διακονῆσαι,
1169 414 1263 470 καὶ
1314 412 1501 468 δοῦναι
1563 412 1663 482 τὴν

1795 407 1958 461 Servus
2013 405 2181 475 igitur
2223 411 2519 475 assumpta:
2566 411 2775 460 natura:
2821 412 2907 460 est
2948 417 3183 464 nomen.
3232 420 3340 458 non

61 515 264 587 ψυχὴν
322 510 493 567 αὑτοῦ
535 510 734 581 λύτρον
779 509 902 564 ἀντὶ
959 506 1195 564 πολλῶν.
1259 524 1280 561 ι
1326 506 1387 558 '0
1443 504 1666 570 δοῦλος

64 606 265 659 τοίνυν
290 603 390 673 τῆς
435 599 740 672 ληφθείσης
787 598 1006 668 φύσεως
1058 597 1275 667 ὄνομα·
1324 595 1428 649 οὐκ
1481 592 1668 662 ἐπειδὴ

65 694 337 748 δουλεύει
365 692 550 762 ἐκείνῃ
583 689 737 762 (πῶς
781 689 892 761 γάρ
920 689 1023 760 ἦγε
1070 688 1151 759 τῷ
1182 686 1301 758 Θεῷ
1345 684 1670 757 συνημμένη

68 786 268 857 Λόγῳ,
295 784 390 838 καὶ
407 781 516 836 τῶν
541 782 796 836 ἁπάντων
825 780 1094 851 δεξαμένη
1124 779 1224 849 τὴν
1256 777 1576 833 δεσποτείαν
1594 775 1634 847 :)
1652 815 1670 841 ,

72 876 205 930 ἀλλ’
260 874 348 929 ἵνα
398 871 589 943 δειχθῇ
636 870 740 940 τῆς
791 868 1008 940 φύσεως
1042 870 1214 938 αὐτῆς
1246 870 1309 925 τὸ
1353 869 1507 924 ἴδιον.
1557 869 1675 923 Οὐκ

73 964 406 1034 ἀξιώματος
444 962 629 1017 τοίνυν
661 959 899 1017 ἐνταῦθα
932 960 1022 1030 τὸ,
1052 959 1261 1029 δοῦλος,
1280 958 1420 1016 ἀλλὰ
1456 957 1672 1030 φύσεως

74 1055 411 1127 δηλωτικόν.

158 1149 269 1202 κθν.
316 1166 334 1200 ι
379 1145 834 1202 Ἐνδυσάσθωσαν
879 1148 929 1201 οἱ
965 1144 1411 1209 ὲνδιαὸάλλοντές
1466 1160 1536 1215 με
1586 1143 1676 1197 έν-

78 1240 321 1309 τροπὴν,
352 1238 448 1293 καὶ
478 1237 965 1310 περιϐαλέσθωσαν
1005 1238 1084 1301 ῶς
1128 1237 1373 1291 διπλοΐδα
1413 1236 1675 1307 αἰσχύνην

79 1332 272 1384 αὐτῶν
293 1332 360 1384 ³⁸.
401 1350 420 1382 ι
480 1331 654 1384 Πάλιν
703 1330 830 1394 τοὺς
858 1328 1370 1394 ἐνδιαϐάλλοντας
1405 1327 1457 1380 οί
1498 1326 1677 1380 λοιποὶ

81 1422 548 1491 ἀντικειμένους
590 1421 964 1493 ἡρμήνευσαν.
1015 1422 1305 1491 Μαρτυρεῖ
1336 1418 1394 1471 δὲ
1423 1421 1492 1490 τῇ
1540 1434 1677 1489 προ-

84 1515 296 1584 φητείᾳ
347 1512 418 1566 τὰ
444 1514 771 1582 πράγματα.
805 1513 896 1566 Ἐν
926 1511 1161 1582 αἰσχύνῃ
1202 1510 1312 1579 γὰρ
1343 1511 1541 1563 ἐκεῖνοι
1602 1508 1680 1562 δι-

81 1607 305 1674 ηνεκεῖ,
342 1605 435 1657 καὶ
459 1603 665 1672 ταύτην
703 1604 1043 1674 ἀμπέχονται
1084 1602 1336 1671 καθάπερ
1368 1618 1424 1654 τι
1458 1598 1680 1670 περισό-

85 1711 274 1748 Λαιον.

162 1784 234 1839 λ’.
289 1802 309 1835 ι
350 1782 859 1854 Ἐξομολογὴσομαι
901 1782 981 1852 τῷ
1024 1782 1219 1855 Κυρίῳ
1263 1781 1468 1853 σφόδρα
1513 1783 1573 1835 ὲν
1604 1781 1682 1852 τῷ

86 1876 329 1947 στόματί
374 1891 496 1947 μου,
532 1877 629 1929 καὶ
655 1877 714 1927 ἐν
762 1875 914 1946 μέσῳ
944 1874 1156 1929 πολλῶν
1203 1874 1404 1927 αίνέσω
1436 1873 1620 1927 αὐτόν.
1657 1890 1677 1924 ι

83 1961 324 2031 Κεφαλὴ
350 1963 450 2030 τῆς
480 1960 814 2031 Ἐκκλησίας
862 1964 891 2015 6
927 1963 1209 2034 Δεσπότης
1241 1962 1491 2016 καλεῖται
1544 1962 1683 2032 Χρι-

87 2053 249 2116 στὸς,
289 2051 387 2105 καὶ
441 2051 603 2121 σῶμα
638 2050 803 2105 αὑτοῦ
854 2053 1185 2123 χρηματίζει
1212 2052 1313 2122 τῆς
1358 2048 1685 2121 Ἐκκλησίας

84 2144 118 2195 6
169 2143 430 2212 σύλλογος
456 2159 471 2174 ·
524 2145 725 2199 οἰκεῖον
781 2144 838 2198 δὲ
891 2145 1063 2216 ὕμνον
1110 2145 1203 2201 τὸν
1248 2144 1456 2215 ταύτης
1513 2140 1684 2215 ὕμνον

85 2233 276 2288 καλεῖ.

167 2325 275 2380 λα’.
308 2343 328 2376 ι
370 2326 489 2379 ’Ότι
516 2327 764 2397 παρέστη
797 2328 861 2379 ὲκ
882 2326 1076 2394 δεξιῶν
1098 2326 1354 2397 πένητος,
1385 2323 1480 2379 τοῦ
1518 2325 1688 2378 σῶσαι

87 2419 163 2471 ἐκ
201 2418 310 2470 τῶν
349 2420 799 2473 καταδιωκόντων
824 2421 868 2453 ³⁸
891 2419 993 2491 τὴν
1015 2420 1197 2491 ψυχήν
1231 2437 1334 2490 μου
1354 2421 1420 2474 ³⁸.
1466 2439 1486 2474 ι
1516 2420 1687 2474 Τοῦτο

88 2510 198 2562 καὶ
240 2510 298 2562 ὲν
346 2509 424 2580 τῷ
483 2516 544 2564 ιε’
593 2512 783 2581 εἴρηκε
822 2510 1059 2581 ψαλμῷ·
1107 2530 1127 2561 ι
1185 2510 1541 2582 Προωρὼμην
1597 2510 1688 2564 τὸν

88 2599 311 2670 Κύριον
333 2599 566 2655 ἐνώπιόν
596 2618 698 2671 μου
744 2601 834 2655 διὰ
863 2602 1084 2666 παντὸς,
1110 2602 1192 2655 ὃτι
1247 2603 1313 2655 ὲκ
1342 2601 1533 2665 δεξιῶν
1582 2600 1685 2671 μού

95 2692 277 2756 ἐστιν,
324 2691 410 2744 ἴνα
450 2692 527 2763 μὴ
560 2690 828 2749 σαλευθῶ.
878 2710 897 2742 ι
934 2690 1271 2761 Ἀχὼριστον
1315 2692 1426 2761 γὰρ
1480 2692 1514 2759 ἡ
1568 2690 1689 2743 θεία

96 2782 269 2851 φύσις
301 2782 647 2853 ποιησαμένη
683 2781 781 2852 τὴν
801 2781 1019 2848 ἕνωσιν,
1039 2781 1223 2852 παρῆν
1255 2780 1356 2852 μὲν
1372 2784 1440 2851 τῇ
1475 2781 1689 2851 ἀνθρωπ-

97 2872 242 2943 πείᾳ
270 2871 452 2941 φύσει,
492 2869 792 2943 συνεχώρει
837 2872 895 2926 δὲ
942 2872 1200 2942 πάσχειν.
1243 2871 1355 2926 τῶν
1384 2870 1688 2943 ἀνθρώπων

98 2964 616 3036 πραγματευομένη
641 2964 741 3034 τὴν
773 2963 1072 3035 σωτηρίαν.
1119 2961 1328 3034 Ῥᾴδιον
1371 2961 1470 3032 μὲν
1490 2960 1598 3033 γὰρ
1619 2956 1689 3032 ἦν

107 3054 291 3125 αὐτῷ,
320 3055 588 3110 ἀθάνατον
612 3054 784 3125 αὐτὴν
804 3054 849 3085 ³⁷
869 3054 937 3124 ἢν
965 3052 1230 3107 ἀνέλαϐεν
1264 3050 1688 3123 ἀπεργάσασθαι

102 3146 296 3216 φύσιν.
327 3146 548 3210 Ἐπειδὴ
567 3146 625 3199 δὲ
645 3144 892 3217 σωτηρία
910 3146 954 3177 ⁸⁸
976 3140 1046 3216 ἦν
1068 3142 1161 3198 τοῦ
1181 3142 1388 3213 κόσμου
1408 3142 1470 3195 τὸ
1496 3141 1691 3205 πάθος,

104 3237 463 3310 συνεχώρησε
500 3236 759 3308 γενέσθαι
806 3237 870 3289 τὸ
917 3235 1112 3301 πάθος,
1157 3234 1298 3304 μετά
1317 3235 1363 3267 ³³
1406 3233 1468 3287 τὸ
1521 3233 1693 3297 πάθος

103 3333 212 3401 τῆς
241 3331 543 3396 ἀθανασίας
596 3332 693 3385 καὶ
742 3330 843 3399 τῆς
896 3326 1210 3399 ἀφθαρσίας
1258 3325 1555 3397 μετέδωκε.
1584 3323 1694 3378 Καὶ

107 3423 325 3495 βλάϐην
349 3422 448 3493 μὲν
476 3423 642 3484 αὐτὸς
668 3423 733 3475 ἐκ
763 3421 876 3473 τῶν
932 3419 1141 3490 ταύτης
1187 3419 1378 3474 παθῶν
1436 3418 1696 3489 οὐδεμίαν

106 3516 355 3582 ἐδέξατο,
389 3516 486 3587 τῆς
515 3515 575 3569 δὲ
603 3514 811 3577 οἰκείας
833 3513 1006 3583 αὐτὴν
1041 3512 1333 3584 ἐπλήρωσε
1366 3509 1548 3581 δόξης,
1599 3508 1697 3563 καὶ

108 3611 215 3664 σὺν
247 3609 389 3679 αὐτῇ
454 3606 752 3678 βασιλέυει,
824 3607 921 3661 καὶ
976 3605 1086 3660 τῶν
1156 3604 1413 3661 ἁπάντων
1482 3603 1693 3675 κρατεῖ.

120 3702 322 3757 Ἦνίκα
350 3702 407 3756 δὲ
436 3700 688 3773 φθαρτὴν
706 3694 853 3771 εἶχεν
881 3698 1051 3769 αὐτὴν
1069 3697 1115 3731 ’⁵⁸
1146 3697 1244 3769 τὴν
1272 3695 1456 3766 φύσιν,
1479 3693 1693 3766 ἀνθρω-

111 3791 290 3855 πίνως
309 3790 547 3857 ἅπαντα,
562 3788 703 3860 πλὴν
722 3786 1022 3861 ἁμαρτίας,
1041 3783 1340 3857 συνεχώρει
1358 3784 1454 3837 καὶ
1469 3781 1699 3851 πάσχειν

112 3880 215 3935 καὶ
241 3878 597 3949 φθέγγεσθαι.

437 3988 700 4045 ΕΡΜΗΝ.
741 3989 880 4043 ΤΟΥ
918 3988 1019 4043 PO’
1056 3985 1375 4041 ΨΔΛΜΟΥ.

191 4110 264 4159 α’.
293 4122 313 4155 ι
346 4101 576 4172 Ψαλμδς
605 4100 683 4171 τῷ
711 4100 896 4156 Δαὸίδ.
941 4119 960 4153 ι
1015 4100 1091 4153 T6
1122 4098 1253 4170 περὶ
1282 4096 1379 4150 τοῦ
1427 4095 1698 4168 σωτηρίου

116 4194 333 4258 πάθους
363 4195 424 4247 ὲν
468 4192 548 4264 τῷ
593 4192 1025 4263 προτεταγμένῳ
1065 4190 1437 4262 προθεσπίσας
1475 4187 1698 4259 ψαλμῷ,

114 4285 490 4357 προαγορεύει
510 4286 554 4318 ⁸⁸
614 4285 714 4355 τὴν
780 4285 919 4355 μετά
968 4283 1030 4337 τὺ
1087 4283 1262 4346 πάθος
1309 4281 1574 4352 ἀνάληψιν
1607 4278 1700 4335 τοῦ

1767 497 1913 567 quod
1959 496 2051 552 illa
2102 495 2317 566 1390
2360 495 2589 552 serviret
2621 513 2634 549 :
2670 494 2950 564 quomodo
2983 494 3131 549 enim
3165 494 3219 547 id
3252 492 3348 547 lie-

1769 599 1884 654 ret,
1911 602 2036 644 cum
2065 595 2209 643 esset
2239 602 2362 641 cum
2394 586 2504 644 Deo
2525 587 2702 644 Verbo
2731 586 3027 655 conjuncta
3048 624 3064 651 ,
3109 599 3347 655 cumquo

1769 695 1951 735 rerum
1987 679 2233 734 omnium
2262 677 2552 747 imperium
2576 676 2911 746 accepisset?
2950 677 3045 734 sed
3080 684 3142 731 ut
3174 675 3348 747 ipsius

1770 780 1982 827 naturae
2026 770 2331 841 proprietas
2381 769 2786 826 ostenderetur.
2851 767 2973 825 Non
3022 768 3345 840 dignitatem

1772 864 1941 936 igitur
1958 868 2159 919 nomen
2191 863 2334 919 servi
2359 863 2465 919 hoc
2498 863 2554 918 in
2587 862 2712 920 loco
2741 862 3027 928 declarat,
3061 863 3159 920 sed
3188 870 3348 918 natu-

1772 967 1916 1010 ram.

1848 1134 2013 1191 Vsus.
2052 1134 2143 1192 29.
2179 1152 2198 1187 ι
2224 1132 2526 1190 lnduantur
2559 1133 2653 1204 qui
2689 1133 2989 1189 detrahunt
3025 1131 3158 1186 mihi
3181 1170 3197 1194 ,
3241 1147 3347 1202 pu-

1774 1228 1927 1292 dore,
1952 1236 2006 1283 et
2028 1227 2348 1295 operiantur
2381 1226 2527 1282 sicut
2553 1224 2793 1294 diploide
2817 1222 3143 1278 confusione
3166 1239 3289 1279 sua.
3325 1242 3346 1276 ι

1777 1320 1993 1375 Rursus
2036 1334 2137 1389 pro
2171 1319 2262 1389 qui
2298 1316 2584 1372 detrahunt
2611 1358 2625 1383 ,
2664 1315 2845 1371 caeteri
2886 1316 2977 1385 qui
3004 1315 3354 1370 adversantur

1776 1410 2118 1481 interpretati
2184 1419 2334 1465 sunt.
2386 1407 2843 1464 Vaticinationem
2906 1423 2995 1463 res
3062 1415 3387 1471 testantur“

1775 1503 1858 1558 Illi
1892 1502 2041 1557 enim
2071 1502 2127 1557 in
2156 1502 2418 1557 continuo
2447 1500 2715 1556 dedecore
2748 1507 2879 1554 sunt
2902 1540 2918 1566 ,
2955 1506 3010 1555 et
3043 1498 3149 1554 hoc
3185 1497 3357 1554 veluti

1778 1593 2102 1649 indumento
2131 1590 2460 1647 induuntur.

1646 1780 1682 1822 πὶ
1713 1767 1755 1822 3
1854 1747 2019 1802 Vens.
2055 1746 2146 1802 '50.
2180 1765 2199 1799 ι
2228 1744 2544 1801 Conﬁtelior
2572 1742 2628 1797 in
2663 1742 2928 1798 honorem
2962 1742 3178 1798 Domini
3202 1742 3359 1798 valde

1784 1854 1879 1895 ore
1912 1852 2036 1895 meo
2060 1878 2077 1904 ,
2113 1845 2169 1892 et
2210 1838 2265 1891 in
2313 1835 2496 1891 medio
2531 1833 2831 1889 multorum
2879 1833 3116 1888 laudabo
3154 1848 3298 1889 eum.
3332 1852 3353 1886 ι

1784 1930 2041 1988 Ecclesiae
2065 1936 2229 1999 caput
2264 1929 2526 1983 Dominus
2554 1923 2808 1981 Christus
2834 1936 3064 1980 vocatur
3085 1962 3100 1988 ,
3143 1933 3198 1978 ct
3238 1939 3360 1979 cor-

1784 2037 1886 2092 pus
1938 2021 2058 2091 ejus
2109 2029 2286 2077 coetus
2335 2017 2595 2073 Ecclesiae
2643 2032 2657 2068 ε
2707 2028 2870 2070 suum
2915 2029 3047 2071 vero
3095 2014 3360 2087 hymnum

1787 2112 1954 2185 hujus
1986 2112 2247 2182 hymnum
2279 2106 2535 2179 appellat.

1861 2286 2026 2342 Vens.
2064 2287 2156 2341 3|.
2221 2298 2240 2337 ι
2279 2285 2415 2351 Quia
2468 2285 2646 2341 astitit
2692 2299 2725 2340 a
2765 2283 3012 2341 dexteris
3059 2281 3361 2353 pauperis,

1786 2388 1847 2435 ut
1861 2380 2068 2434 salvam
2097 2377 2299 2433 faceret
2321 2393 2351 2431 a
2372 2376 2830 2448 persequentibus
2850 2376 3088 2431 animam
3115 2388 3313 2428 meam.
3335 2391 3355 2425 ι

1787 2472 1902 2528 Hoc
1938 2481 1993 2528 et
2037 2472 2089 2525 itt
2124 2469 2337 2525 decimo
2358 2469 2548 2540 quinto
2576 2470 2789 2540 psalmo
2822 2469 2959 2523 dixit
2989 2486 3003 2522 :
3044 2486 3063 2518 ι
3095 2465 3365 2522 Praei-ide-

1787 2564 1913 2619 bam
1945 2563 2237 2620 Dominum
2269 2565 2325 2620 itt
2355 2573 2652 2635 conspectu
2684 2578 2807 2619 meo
2830 2578 3072 2634 semper,
3100 2566 3364 2635 quoniam

1788 2669 1818 2709 a
1842 2654 2082 2710 dexteris
2112 2665 2196 2710 est
2218 2653 2376 2720 mihi,
2399 2670 2468 2710 ne
2485 2668 2853 2711 commoveor.
2886 2655 2913 2695 ⁸
2935 2670 2957 2707 ι
2994 2653 3185 2710 Divina
3217 2655 3364 2709 enim

1792 2754 1990 2801 natura
2029 2760 2153 2802 cum
2195 2745 2533 2801 individuam
2580 2744 2835 2816 copulam
2875 2743 3126 2811 fecisset,
3177 2744 3367 2799 aderat

1788 2837 2012 2907 quidem
2074 2838 2330 2893 humana;
2380 2845 2632 2905 naturae,
2681 2834 3027 2907 permittebat
3073 2844 3253 2890 tamen
3305 2842 3369 2889 ut

1790 2927 1881 2984 illa
1917 2935 2217 2997 pateretur,
2245 2927 2531 2982 hominum
2555 2941 2857 2997 procurans
2888 2926 3143 2982 salutem.
3182 2923 3370 2980 Facile

1789 3020 1934 3074 enim
1967 3027 2088 3075 erat
2120 3019 2248 3090 ipsi,
2284 3034 2449 3090 quam
2485 3019 2820 3088 assumpsit,
2854 3026 3105 3071 naturam
3144 3016 3372 3070 immor-

1714 3101 1760 3161 (Ξ
1794 3108 1954 3164 talem
1989 3108 2217 3163 reddere
2250 3125 2264 3162 :
2302 3106 2399 3163 sed
2433 3107 2562 3177 quia
2602 3106 2788 3176 passio
2822 3114 2941 3160 erat
2974 3105 3123 3160 salus
3157 3101 3369 3169 mundi,

1793 3200 2107 3272 passionem
2137 3198 2406 3270 permisit,
2438 3206 2492 3253 et
2526 3208 2649 3268 post
2675 3197 3007 3267 passionem,
3042 3194 3374 3250 immortali-

1797 3302 1964 3349 tatem
2011 3302 2066 3347 et
2106 3291 2574 3361 incorruptionem
2627 3288 3073 3345 communicavit.
3129 3285 3197 3341 Et
3256 3287 3376 3356 ipso

1796 3384 2018 3451 quidem
2050 3398 2079 3439 e
2108 3382 2447 3439 cruciatibus
2480 3383 2733 3436 humanae
2760 3389 2969 3434 naturae
3003 3378 3215 3432 nullum
3247 3391 3375 3431 sen-

1797 3473 2268 3530 sitdetrimentum
2293 3474 2413 3529 :sed
2432 3473 2577 3527 illam
2599 3472 2770 3542 gloria
2790 3487 2886 3527 sua
2909 3469 3170 3540 implevit,
3187 3476 3373 3523 etcum

1798 3568 1890 3622 illa
1922 3576 2146 3639 regnat,
2192 3566 2402 3637 1391
2447 3566 2721 3634 rebusque
2750 3562 3005 3617 omnibus
3036 3560 3372 3614 dominatur.

1800 3662 2055 3730 Quandiu
2107 3669 2287 3715 autem
2323 3657 2488 3713 morti
2510 3654 2801 3711 obnoxiam
2831 3653 2974 3707 illam
3005 3650 3232 3713 habuit,
3273 3648 3377 3702 hu-

1798 3769 1962 3809 mano
1984 3767 2133 3806 more
2153 3749 2360 3815 omnia,
2383 3756 2580 3819 praeter
2599 3754 2906 3818 peccatum,
2935 3751 2991 3797 et
3011 3742 3123 3812 pati
3148 3749 3202 3795 et
3226 3738 3377 3808 loqui

1798 3843 2169 3916 permittebat.

2175 3975 2191 3996 '
2215 3974 2541 4033 INTERPR.
2581 3969 2832 4029 PSALMI
2881 3968 3021 4027 CIX.

1870 4091 2038 4147 Vsus.
2075 4092 2128 4149 Ι.
2177 4108 2195 4142 ι
2221 4087 2475 4145 Psalmus
2524 4057 2737 4141 Davidi.
2777 4102 2796 4135 ι
2834 4080 2973 4137 Cum
3016 4079 3070 4135 in
3120 4076 3377 4151 proximo

1800 4196 1926 4241 ante
1950 4186 2098 4240 hunc
2115 4183 2326 4254 psalmo
2351 4182 2645 4237 salutarem
2668 4177 2980 4248 passionem
3010 4173 3372 4245 praedixisset,

1800 4279 2048 4352 praedicit
2083 4291 2229 4332 nunc
2257 4272 2555 4330 Salvatoris
2585 4267 3015 4338 assumptionem
3044 4305 3057 4328 ,
3086 4279 3209 4337 qua:
3250 4273 3376 4335 post

116 4354 399 4448 Σωτῆρος.
439 4354 730 4448 Μέμνηται
779 4354 838 4430 δὲ
892 4373 987 4429 τοῦ
1029 4377 1314 4447 προοιμίου
1343 4372 1438 4425 τοῦ
1484 4369 1694 4442 ψαλμοῦ

1801 4367 2115 4439 passionem
2150 4364 2292 4419 facta
2329 4368 2433 4418 est.
2471 4359 2717 4415 Meminit
2743 4365 2924 4412 autem
2956 4356 3170 4410 exordii
3208 4354 3375 4425 hujus

115 4471 226 4525 καὶ
252 4434 589 4532 διθειότατος
619 4434 824 4540 lle-cpe;
852 4468 911 4521 ὲν
949 4434 1087 4531 ταῖς.
1115 4434 1380 4537 Πράξεσι,
1435 4434 1613 4533 Λέγει.
1642 4464 1694 4518 δὲ

1803 4434 1996 4530 psalmi
2024 4454 2406 4511 divinissimus
2432 4450 2628 4506 Petrus
2657 4450 2712 4505 in
2740 4447 2987 4502 Actibus.
3021 4444 3163 4499 Dicit
3195 4456 3376 4499 autem

115 4561 331 4625 οὓτως·
374 4580 393 4612 ι
430 4562 506 4614 Οὐ
552 4561 661 4632 γὰρ
715 4559 880 4613 Δασὶδ
927 4557 1094 4630 ἀνέϐη
1130 4558 1211 4622 είς
1250 4559 1378 4619 τοὺς
1413 4556 1700 4628 οὐρανοὺς,

116 4650 280 4720 λέγει
340 4650 397 4703 δὲ
432 4650 630 4713 αὐτός’
671 4647 840 4703 Εῐπεν
886 4651 915 4703 6
976 4648 1190 4721 Κύριος
1238 4646 1317 4719 τῷ
1345 4646 1539 4718 Κυρίῳ
1576 4662 1703 4716 μου,

117 4742 318 4799 Κάθου
360 4745 425 4797 ὲκ
458 4741 663 4809 δεξιῶν
715 4759 819 4813 μου
844 4783 860 4807 ,
901 4742 1009 4806 ἕως
1052 4741 1120 4796 ἂν
1165 4739 1243 4794 θῶ
1300 4740 1429 4803 τοὺς
1477 4737 1706 4809 ἐχθρούς

124 4851 231 4887 σου
280 4834 571 4891 ὑποπόδιον
613 4834 724 4888 τῶν
778 4832 954 4888 ποδῶν
996 4851 1112 4888 σου.
1166 4851 1188 4888 ι
1229 4832 1345 4887 Καὶ
1384 4831 1547 4895 αὐτὸς
1591 4831 1650 4885 δὲ
1677 4831 1706 4885 6

120 4924 360 4996 Κύριος,
412 4926 555 4999 ὀρῶν
608 4927 738 4990 τοὺς
785 4926 1116 4996 Φαρισαίους
1172 4924 1340 4990 ἄλλας
1376 4923 1506 4995 περὶ
1568 4923 1704 4994 Χρι-

129 5016 268 5071 στοῦ
298 5017 455 5083 δόξας
484 5018 729 5089 ἔχοντας,
757 5018 951 5073 πεῦσιν
977 5019 1161 5083 αὐτοῖς
1186 5017 1397 5074 τοιάνδε
1434 5016 1707 5090 προσήνε-

137 5220 167 5264 σ
208 5213 358 5273 Psal.
396 5234 464 5274 xv
486 5257 502 5284 ,
536 5218 593 5274 8.
664 5217 691 5259 ιι
725 5216 850 5273 Act.
883 5233 922 5273 ll
945 5259 961 5285 ,
989 5218 1081 5284 δι,
1112 5218 1204 5274 55.

1803 4554 1923 4609 sic:
1956 4569 1974 4603 ι
2002 4550 2124 4606 Non
2156 4549 2303 4605 enim
2327 4546 2499 4601 David
2525 4544 2769 4600 ascendit
2801 4542 2856 4597 in
2889 4541 3096 4596 coelos:
3129 4538 3262 4593 dicit
3292 4553 3383 4592 au-

1804 4650 1912 4698 tem
1940 4640 2086 4710 ipse:
2106 4637 2251 4692 Dixit
2274 4634 2538 4690 Dominus
2562 4632 2793 4688 Domino
2813 4645 2932 4685 meo
2954 4646 2966 4682 :
2993 4627 3133 4683 Sede
3150 4642 3176 4680 a
3197 4625 3384 4682 dexte-

1805 4734 1882 4791 ris
1908 4734 2067 4799 meis,
2087 4732 2259 4787 donec
2286 4742 2485 4801 ponam
2524 4727 2778 4782 inimicos
2806 4730 2930 4777 tuos
2960 4719 3258 4776 scabellum
3288 4732 3382 4788 pe-

1805 4827 1934 4883 dum
1962 4834 2183 4880 tuorum
2206 4821 2258 4875 h.
2290 4839 2309 4871 ι
2333 4817 2401 4872 Ει
2425 4818 2542 4887 ipse
2559 4815 2823 4871 Dominus
2854 4812 3046 4868 videns
3072 4809 3383 4863 Pharisaaos

1805 4919 1942 4974 alias
1969 4913 2038 4969 de
2056 4910 2280 4969 Christo
2297 4904 2581 4979 opiniones
2607 4905 2807 4960 habere
2822 4941 2838 4967 ,
2863 4899 3174 4971 huiusmodi
3199 4911 3382 4967 quaes-

1814 5011 2021 5066 tionem
2051 5004 2183 5077 ipsis
2225 4999 2560 5075 proposuit:
2610 5016 2630 5053 ι
2676 4995 2818 5064 Quid
2857 4994 3011 5051 vobis
3058 4992 3274 5047 videtur
3312 4987 3380 5045 de

1228 5365 1458 5425 VARUE
1506 5359 1891 5420 LECTIONES
1949 5355 2038 5415 ET
2069 5353 2307 5412 ΝΟΤᾸΞ.

209 5483 260 5517 ³⁸
278 5482 505 5539 Αὐτῶν.
534 5483 636 5538 cod
670 5484 694 5538 1
722 5481 846 5538 add.
873 5481 993 5552 ἀντὶ
1021 5482 1119 5536 τοῦ
1158 5480 1525 5552 διπλουμένην
1558 5498 1590 5552 χ

135 5553 290 5611 cibus
318 5569 393 5608 sc.
427 5553 643 5623 iniquis.
696 5552 839 5623 Aqu.
865 5556 917 5605 et
950 5551 1099 5623 Syra.
1130 5552 1238 5623 ἀπδ
1287 5551 1398 5623 τῶν

136 5640 287 5678 mam
309 5624 445 5693 ejus.
517 5620 821 5693 "aetna.
877 5620 1047 5693 c9d.l
1097 5620 1281 5687 εὐθύς.

139 5693 189 5727 ⁵³
221 5689 441 5765 Πρὸαγ.
484 5692 606 5750 cod.
643 5693 670 5748 1
706 5691 831 5747 add.
867 5689 983 5743 νῦν.

1444 5549 1762 5620 κρινόντων.

1591 5477 1690 5530 λαν

1811 5476 1870 5527 ὲν
1907 5467 2345 5542 τῷηφορεῖσθαι.
2414 5463 2590 5542 "__’E'2§
2620 5455 2738 5511 τῶν
2772 5453 2980 5542 aget-£9.
3002 5451 3222 5542 nepita
3235 5449 3391 5542 ffug-

1798 5520 1978 5598 ἐὰῑιζτ
1993 5520 2055 5593 νῖ
2076 5520 2152 5592 ἓν
2181 5536 2293 5591 τῶν
2319 5530 2717 5601 δικαζομένων.
2791 5526 2836 5601 ιξ
2864 5528 3016 5601 Mgp.
3052 5521 3221 5601 Hebr.
3250 5520 3389 5601 4.:-

1358 5589 1404 5654 δῖι
1433 5589 1626 5677 ἔιῖᾱίῖ
1641 5589 1694 5670 ⁷ἆ

1795 5589 1949 5687 ᾗ»ῖὸὗί
2010 5589 2069 5644 ’³⁷⁸
2091 5589 2282 5664 illeid.
2315 5589 2713 5674 οοά.’1’ρι-ωω.
2739 5595 2855 5653 καί.
2927 5593 2974 5626 ιο
3000 5593 3126 5649 cod.
3162 5592 3189 5647 l
3224 5589 3390 5663 αὕτη.
