3890 6320
457 276 593 342 I757

1449 277 1942 339 ΤΠΕΟΒΟΒΕΤῘ
1984 279 2326 343 EPISCOPI
2348 284 2716 349 CYRENSIS

3573 296 3717 367 1768

446 386 701 442 Christo?
718 387 878 457 cujus
912 396 994 443 est
1012 385 1200 443 ﬁlius?
1229 406 1247 439 ι
1268 386 1402 441 Cum
1427 397 1607 444 autem
1634 390 1707 443 illi
1740 389 2015 445 dixissent.

2133 407 2234 459 γκε
2256 409 2271 423 ·
2301 410 2322 445 ι
2353 394 2418 448 Τί
2440 396 2469 448 6
2478 398 2571 467 μῖν
2591 396 2739 451 δοκεῖ
2756 396 2890 469 περὶ
2905 398 3145 469 Χριστοῦ
3163 417 3177 465 ;
3196 400 3343 466 τίνος
3361 402 3511 458 ἐστὶν
3526 405 3712 475 uid“.

446 477 688 544 Davidis,
727 478 1036 546 respondit:
1071 497 1090 530 ι
1119 477 1404 543 Quomodo
1433 493 1564 549 ergo
1603 478 1769 534 David
1819 479 1874 533 in
1914 480 2029 550 spi-

444 568 556 622 ritu
591 568 876 622 Dominum
910 569 1089 638 ipsum
1122 566 1548 634 vocat,die’ens:
1582 570 1726 625 Dixit
1753 570 2018 627 Dominus

445 657 677 712 Domino
717 673 863 721 meo,
903 657 1040 712 Sede
1066 674 1098 713 a
1122 658 1328 713 dextris
1361 659 1520 713 meis.
1556 676 1575 711 ι
1618 658 1825 716 Deinde
1865 677 2029 732 argu-

445 756 752 802 mentatur:
792 767 810 800 ι
844 748 901 802 Si
930 747 1096 806 David
1127 758 1283 804 vocat
1315 750 1495 819 ipsum
1531 751 1584 804 in
1615 751 1809 820 spiritu
1845 751 2030 807 Domi-

443 852 608 904 num,
648 840 923 908 quomodo
970 838 1116 893 ﬁlius
1155 840 1329 909 ipsius
1379 837 1556 895 esti?
1592 859 1611 891 ι
1669 840 1786 896 Hoc
1845 850 2026 897 autem

443 930 597 994 dicit,
631 947 740 985 non
783 932 1076 988 iuliciando
1106 933 1236 1001 quin
1268 931 1521 987 Christus
1562 932 1706 988 filius
1743 942 1888 990 esset
1921 933 2023 989 Da-

443 1021 608 1086 vidis,
638 1023 732 1076 sed
763 1024 1115 1093 adjungendo
1149 1024 1200 1076 id
1237 1024 1382 1092 quod
1406 1024 1768 1094 ignorabatur
1796 1026 1845 1080 ei
1881 1025 2025 1095 quod

443 1112 498 1164 in
529 1125 786 1166 comesse
818 1123 957 1167 erat.
986 1112 1269 1167 Christum
1307 1114 1455 1168 enim
1491 1114 1665 1169 illium
1705 1131 1829 1171 esse
1865 1117 2028 1170 Davi-

443 1199 529 1253 dis
560 1199 966 1254 conﬁtebantur
996 1200 1284 1265 Pharisaei,
1322 1202 1416 1256 sed
1445 1203 1665 1259 Davidis
1691 1218 1814 1260 esse
1841 1204 2029 1260 Domi-

442 1304 574 1343 num
633 1290 855 1358 penitus
924 1291 1269 1358 ignorabant.
1325 1291 1586 1361 Adjungit
1647 1292 1815 1362 igitur
1879 1295 2026 1364 quod

441 1382 670 1444 deerat,
712 1382 805 1435 sed
846 1396 961 1434 rem
1008 1380 1317 1436 confessam
1374 1381 1598 1436 minime
1629 1382 1789 1450 tollit,
1822 1385 2026 1441 docens

442 1471 622 1538 ipsum
662 1481 716 1525 et
753 1471 924 1525 lilium
971 1487 1096 1526 esse
1150 1472 1371 1526 Davidis
1413 1473 1716 1528 secundum
1763 1489 1982 1530 carnem
2007 1516 2022 1543 ,

441 1570 495 1614 et
527 1560 768 1629 ejusdem
794 1575 917 1615 esse
946 1560 1263 1628 Dominum,
1293 1571 1553 1632 tanquam
1582 1562 1754 1618 Deum
1787 1573 1843 1620 et
1873 1580 2027 1620 erea-

441 1660 636 1704 torem.
694 1649 985 1705 Manifeste
1033 1666 1164 1719 ergo
1213 1651 1405 1707 beatus
1460 1651 1630 1708 David
1679 1654 2023 1710 divinitatem

439 1741 643 1795 Christi
688 1740 903 1795 Domini
935 1744 1213 1811 prmdicit,
1262 1752 1317 1798 et
1361 1745 1479 1799 ait:
1516 1765 1535 1797 ι
1568 1745 1710 1801 Dixit
1753 1748 2017 1805 Dominus
2055 1736 2098 1791 Β

440 1832 675 1886 Domino
723 1832 935 1902 1392
980 1848 1141 1888 meo:
1187 1832 1327 1888 Sede
1367 1850 1398 1889 a
1436 1835 1645 1891 dextris
1682 1837 1837 1892 meis.
1868 1857 1890 1889 ›
1957 1838 2016 1894 Si

440 1925 609 1979 David
640 1940 766 1990 rex,
796 1932 849 1979 et
879 1924 1001 1995 pius
1032 1939 1127 1979 rex
1148 1965 1164 1991 ,
1196 1926 1289 1995 qui
1315 1926 1615 1996 prophetiae
1647 1943 1867 1999 quoque
1895 1945 2017 1999 gra-

438 2017 514 2071 tia
545 2017 777 2072 donatus
813 2025 935 2083 est,
984 2016 1278 2072 Dominum
1315 2033 1476 2073 suum
1508 2029 1670 2075 vocat
1696 2021 1974 2077 Christum
1998 2064 2014 2087 ,

438 2105 686 2175 profecto
712 2120 820 2159 non
856 2107 1034 2160 solum
1064 2115 1148 2161 est
1174 2107 1338 2162 homo
1367 2109 1668 2164 secundum
1698 2110 2012 2166 Iudaeorum

438 2194 732 2259 insaniam,
772 2195 865 2250 sed
892 2195 1055 2249 etiam
1087 2206 1171 2251 est
1193 2184 1340 2253 Deus
1358 2238 1375 2265 ,
1410 2198 1611 2270 quippe
1632 2198 1853 2257 Davidis
1881 2217 2013 2257 con-

438 2287 587 2342 ditor
612 2325 628 2351 ,
674 2295 727 2341 et
768 2286 1057 2341 Dominus.
1089 2287 1353 2343 Caeterum
1386 2291 1701 2347 communio
1729 2292 2014 2349 nominum

437 2378 775 2433 idenlitatem
808 2379 1130 2435 substantiae
1153 2380 1410 2434 ostendit.
1442 2382 1706 2446 Dominus
1736 2384 1880 2438 enim
1912 2383 2015 2440 Do-

437 2470 587 2523 mino
613 2470 779 2536 dicit,
815 2481 869 2526 et
912 2486 1021 2525 non
1055 2470 1321 2529 Dominus
1358 2484 1625 2530 creatura:
1649 2518 1663 2541 ,
1700 2492 1875 2547 neque
1909 2479 2015 2533 Do-

436 2560 620 2614 minus
638 2559 897 2630 ﬁgmento
914 2560 1108 2615 :tSede
1131 2577 1161 2616 a
1177 2562 1380 2617 dextris
1407 2565 1562 2619 meis.
1603 2583 1622 2615 ι
1644 2564 2015 2636 Magnnmhoc

438 2652 603 2705 etiam
632 2661 717 2707 est
740 2691 755 2717 ,
785 2660 839 2707 et
871 2668 978 2707 non
1007 2653 1170 2708 modo
1201 2669 1363 2722 supra
1400 2654 1693 2711 humanam
1727 2667 1974 2713 naturam
1997 2701 2011 2724 ,

434 2759 623 2798 verum
675 2745 841 2799 etiam
903 2761 1068 2815 supra
1107 2761 1325 2800 omnem
1368 2758 1698 2802 creaturam.
1746 2746 2012 2805 Caeterum

435 2837 542 2891 hoc
570 2838 814 2893 humano
846 2839 1010 2893 etiam
1046 2854 1196 2893 more
1219 2839 1428 2895 dictum
1466 2851 1570 2896 est.
1601 2839 1734 2896 Nam
1769 2852 1826 2897 nt
1853 2845 2012 2908 Deus,

436 2928 609 2984 Filius
669 2931 1057 3001 sempiternum
1108 2933 1270 2987 habet
1322 2933 1578 2988 thronum
1620 2954 1633 2989 :
1700 2954 1719 2987 ι
1761 2935 2016 2993 Thronus

444 3019 590 3073 enim
624 3027 771 3085 tuus,
805 3024 824 3040 '
850 3021 1047 3092 inquit,
1082 3021 1244 3091 Deus,
1280 3024 1332 3077 in
1375 3027 1635 3079 saeculum
1674 3029 1861 3082 saeculi
1902 3026 1946 3083 i.
1991 3049 2010 3082 ι

434 3107 552 3162 Non
599 3111 744 3164 enim
787 3120 909 3179 post
951 3127 1167 3166 crucem
1209 3123 1263 3168 et
1299 3116 1614 3184 passionem
1657 3117 1764 3172 hoc
1809 3119 2016 3176 honore

435 3200 673 3255 donatus
707 3210 791 3255 est
824 3211 882 3254 ut
914 3200 1078 3266 Deus,
1111 3202 1206 3257 sed
1238 3214 1297 3258 ut
1328 3204 1492 3260 homo
1516 3207 1744 3276 accepit,
1780 3209 1927 3276 quod
1963 3219 2019 3265 ut

440 3290 586 3345 Deus
640 3292 893 3346 habebat.
930 3290 1116 3362 Neque
1165 3299 1312 3348 enim
1381 3311 1505 3351 eum
1575 3296 1796 3355 humilis
1850 3309 2012 3367 esset,

439 3386 693 3440 sublimis
749 3386 973 3443 eﬂ'ectus
1019 3390 1257 3443 estzsed
1294 3406 1419 3444 cum
1472 3392 1777 3450 altissimus
1833 3406 2012 3463 esset,

438 3495 673 3550 eumque
741 3479 974 3536 formam
1048 3481 1142 3537 Dei
1213 3483 1473 3554 haberet,
1538 3487 1842 3545 lmmiliavit
1927 3507 2015 3547 se-

438 3573 766 3641 metipsum,
843 3570 1076 3627 formam
1127 3576 1271 3631 servi
1306 3577 1580 3647 accipiens
1612 3579 1662 3633 ι.
1700 3578 1907 3637 Idcirco
1961 3591 2015 3639 et

448 3664 782 3733 evangelista
816 3665 1087 3722 exclamat
1133 3685 1147 3722 :
1183 3686 1201 3719 ι
1240 3666 1563 3739 Unigenitus
1591 3671 1780 3738 Filius,
1812 3675 1902 3744 qui
1933 3684 2013 3731 est

440 3752 495 3806 in
530 3753 655 3807 sinu
690 3752 889 3819 Patris,
921 3755 1039 3826 ipse
1068 3761 1345 3815 enarravit
1369 3758 1413 3815 ι.
1448 3779 1467 3811 ι
1507 3760 1573 3817 Ει
1599 3763 1716 3833 ipse
1747 3763 2013 3820 Dominus

438 3844 549 3898 ait:
589 3863 607 3896 ι
640 3845 752 3916 Ego
777 3845 832 3898 in
865 3844 1045 3912 Patre,
1071 3855 1126 3901 et
1144 3846 1305 3903 Pater
1327 3849 1383 3903 in
1413 3865 1501 3905 me
1526 3860 1609 3906 cst
1632 3860 1727 3904 ιη.»
1759 3851 1824 3906 Ει
1847 3853 2011 3908 alibi:

443 3935 737 3993 «Gloriliea
758 3952 845 3993 me
868 3947 950 4003 tu,
973 3937 1155 4005 Pater,
1201 3941 1373 4010 gloria
1403 3956 1567 4012 quam
1599 3943 1765 3998 habui
1795 3945 1937 4014 apud
1961 3953 2013 4001 te

437 4029 759 4099 priusquam
785 4029 1025 4085 mundus
1046 4030 1200 4085 ﬁeret
1220 4039 1271 4086 ιι,
1297 4050 1316 4084 ι
1343 4031 1414 4087 Ut
1442 4033 1607 4088 homo
1630 4033 1798 4105 igitur
1823 4036 2008 4090 audit:

443 4138 463 4171 ι
500 4120 642 4176 Sede
684 4136 715 4174 a
745 4121 950 4177 dextris
998 4124 1174 4179 meis:
1208 4142 1227 4174 ι
1267 4140 1392 4179 nam
1425 4134 1484 4179 ut
1514 4126 1692 4192 Deus,
1727 4128 2012 4197 sempiter-

437 4228 570 4267 num
628 4211 791 4265 habet
844 4214 1156 4283 imperium.
1208 4233 1227 4267 ι
1265 4214 1448 4271 Donec
1500 4232 1700 4286 ponam
1756 4219 2009 4276 inimicos

438 4310 563 4356 tuos
605 4299 899 4355 scabellum
948 4302 1147 4373 pedum
1193 4310 1435 4357 tuorum.
1474 4321 1492 4354 ι
1539 4303 1748 4362 Inimici
1785 4308 2008 4377 potissi~

2134 483 2452 555 Εξρηκότων
2515 487 2572 540 δὲ
2633 489 2882 556 ἐκείνων,
2936 490 3047 544 Τοῦ
3102 493 3290 559 Δαϐὶδ,
3351 496 3713 568 ἀπεκρίνατο,

2138 594 2157 627 ι
2198 576 2321 640 Πῶς
2348 573 2444 631 οῦν
2476 578 2647 633 Δασὶδ
2677 581 2737 633 ἐν
2757 581 3032 652 πνεύματι
3062 583 3270 654 Κύριον
3322 586 3488 641 αὐτὸν
3529 590 3713 659 καλεῖ,

2129 667 2323 736 λέγων·
2364 666 2533 724 Εἶπεν
2566 671 2595 723 6
2650 671 2856 744 Κύριος
2897 674 2975 744 τῷ
3006 675 3199 747 Κυρίῳ
3260 694 3386 747 μου,
3425 678 3612 734 Κάθου
3645 684 3714 737 ἐκ

2128 756 2321 823 δεξιῶν
2354 776 2495 831 μους
2534 780 2554 814 ›
2585 758 2720 818 Εῖτα
2750 765 3255 836 ὲπισυλλογίζεται·
3285 789 3305 821 ι
3333 770 3396 824 Εἰ
3421 768 3517 827 οὖν
3542 774 3714 827 Δασὶδ

2130 849 2290 904 καλεῖ
2318 852 2481 905 αὐτὸν
2509 854 2568 908 ὲν
2629 854 2904 928 πνεύματι
2940 858 3183 927 Κύριον,
3220 860 3336 926 πῶς
3372 862 3491 926 υίὸς
3540 864 3710 919 αὐτοῦ

2129 940 2249 994 ἐστι
2286 958 2304 1009 ;
2344 959 2363 995 ι
2404 941 2576 998 Τοῦτο
2630 945 2689 998 δὲ
2742 945 2872 1017 ἔφη.
2902 948 3005 1002 οὐκ
3055 948 3335 1007 ἐκϐάλλων
3384 954 3509 1008 τὸδ’
3564 952 3709 1011 εἶναι

2129 1033 2243 1086 υίὸν
2280 1033 2375 1086 τοῦ
2407 1035 2574 1089 Δασὶδ
2594 1035 2691 1090 τὸν
2720 1038 2979 1105 Χριστὸν,
3010 1040 3145 1095 ἀλλὰ
3176 1041 3254 1113 τῷ
3287 1044 3709 1120 όμολογουμένφ

2127 1124 2246 1177 τὸ⁸⁸
2278 1125 2649 1197 ἀγνοούμενον
2683 1129 3022 1200 προστιθείς.
3059 1132 3133 1185 Τὸ
3166 1134 3264 1203 μὲν
3292 1135 3405 1206 γὰρ
3423 1136 3542 1190 υἱὸν
3565 1133 3706 1190 εἶναι

2126 1215 2223 1269 τοῦ
2252 1217 2419 1270 Δαὸὶδ
2444 1219 2538 1272 τὸν
2570 1219 2811 1291 Χριστὸν
2841 1222 3155 1292 ὡμολόγουν
3174 1226 3225 1278 oi
3260 1227 3545 1299 Φαρισαῖοι
3573 1243 3591 1261 ·
3621 1231 3705 1284 ὅτι

2125 1308 2183 1363 δὲ
2220 1311 2314 1363 καὶ
2352 1309 2561 1382 Κύριος
2600 1308 2670 1381 ἦν
2718 1313 2813 1367 τοῦ
2853 1317 3037 1382 Δαὸὶδ,
3072 1317 3305 1388 ⁴ἠγνόουν
3356 1321 3702 1393 παντάπασι.

2126 1402 2200 1455 Τὸ
2227 1402 2414 1456 λεῖπον
2459 1403 2641 1458 τοίνυν
2674 1407 3058 1479 προστίθησιν,
3093 1411 3153 1464 οὐ
3182 1411 3242 1465 τὸ
3267 1413 3706 1485 ὁμολογούμενον

2124 1491 2364 1563 ἀναιρεῖ,
2398 1492 2669 1549 διδάσκων
2696 1494 2772 1558 ὡς
2792 1496 2821 1548 ὁ
2849 1496 3013 1561 αὐτὸς
3040 1498 3135 1552 καὶ
3181 1501 3298 1564 υίὸς
3340 1503 3509 1557 αὑτοῦ
3558 1503 3707 1559 κατὰ

2126 1583 2328 1654 σάρκα,
2363 1586 2460 1638 καὶ
2495 1584 2699 1655 Κύριος
2727 1587 2893 1640 αὑτοῦ
2939 1588 3015 1651 ὡς
3042 1588 3176 1654 Θεὸς
3199 1592 3295 1645 καὶ
3339 1592 3702 1666 δημιουργός.

2126 1676 2324 1745 Σαφῶς
2354 1677 2535 1730 τοίνυν
2561 1679 2588 1730 6
2623 1679 2893 1749 μακάριος
2936 1680 3102 1734 Δαϐὶδ
3138 1681 3238 1752 τὴν
3283 1683 3378 1736 τοῦ
3424 1686 3704 1739 Δεσπότω

2122 1768 2370 1841 Χριστοῦ
2434 1769 2699 1842 κηρύττει
2741 1773 2990 1842 θεότητα,
3043 1773 3137 1827 καί
3183 1791 3381 1842 φησιν’
3416 1794 3435 1828 ι
3477 1772 3649 1832 Εἶπεν
3676 1780 3707 1833 6

2121 1862 2330 1934 Κύριος
2364 1862 2444 1935 τῷ
2470 1863 2662 1935 Κυρίῳ
2692 1881 2817 1935 μου,
2857 1864 3046 1918 Κάθου
3061 1864 3109 1897 ἰδ
3139 1867 3205 1918 ὲκ
3252 1866 3443 1934 δεξιῶν
3492 1885 3621 1938 μου.
3678 1886 3700 1922 ι

2122 1956 2187 2010 Ei
2216 1956 2384 2010 Δαὸὶδ
2406 1956 2435 2008 6
2463 1955 2744 2026 βασιλεὺς,
2786 1957 2882 2011 καὶ⁵
2897 1956 2943 1992 ’⁵⁸
2990 1956 3221 2028 εὐσεϐὴς
3250 1957 3504 2028 βασιλεὺς
3545 1962 3576 2013 6
3608 1960 3706 2015 καὶ

2122 2046 2476 2120 προφητικῆς
2496 2047 2721 2119 χάριτος
2744 2047 3065 2119 ἠξιωμένος,
3093 2048 3298 2120 Κύριον
3324 2050 3521 2105 ἑαυτοῦ
3544 2051 3709 2106 καλεῖ

2120 2140 2216 2193 τὸν
2263 2139 2546 2209 Δεσπότην
2575 2138 2813 2209 Χριστόν
2845 2157 2862 2172 ο
2888 2140 2991 2192 οὐκ
3040 2141 3148 2212 ἄρα
3202 2139 3364 2211 μόνον
3409 2140 3705 2212 ἄνθρωπος

2120 2230 2267 2287 κατὰ
2292 2230 2392 2303 τὴν
2426 2229 2695 2284 Ἰουδαίων
2716 2231 2924 2294 ἄνοιαν,
2963 2231 3103 2285 ἀλλὰ
3139 2232 3238 2286 καὶ
3280 2231 3432 2296 Θεὸς,
3488 2232 3569 2296 ὡς
3602 2233 3702 2288 τοῦ

2121 2322 2289 2376 Δαὸὶδ
2319 2322 2655 2394 δημιουργός
2679 2339 2739 2374 τε
2770 2322 2866 2375 καὶ
2892 2322 3121 2392 Κύριος.
3149 2324 3261 2377 Καὶ
3309 2324 3371 2377 τὸ
3415 2324 3597 2379 κοινὸν
3644 2325 3702 2379 δὲ

2122 2413 2235 2468 τῶν
2288 2412 2573 2483 ὀνομάτων
2629 2409 2730 2480 τὴν
2787 2410 3094 2481 ταυτότητα
3138 2411 3239 2479 τῆς
3288 2412 3481 2475 οὐσίας
3524 2411 3701 2482 δηλοῖ.

2121 2506 2327 2577 Κύριος
2348 2504 2394 2537 ⁸⁸
2417 2504 2526 2574 γὰρ
2558 2503 2750 2574 Κυρίῳ
2778 2502 2948 2570 λέγει,
2981 2503 3075 2556 καὶ
3107 2503 3168 2556 οὐ
3188 2503 3392 2573 Κύριος
3411 2503 3698 2573 κτίσματι,

2121 2594 2245 2649 οὐδὲ
2298 2593 2504 2665 Κύριος
2558 2594 2865 2664 ποιήματι·
2904 2609 2924 2641 ι
2966 2591 3150 2646 Κάθου
3181 2593 3246 2645 ἐκ
3289 2590 3481 2657 δεξιῶν
3525 2610 3693 2664 μου.»

2121 2686 2283 2752 Μέγα
2325 2686 2427 2756 μὲν
2458 2681 2552 2740 οὖν
2585 2685 2682 2739 καὶ
2724 2684 2917 2738 τοῦτο’
2969 2684 3064 2737 καὶ
3106 2685 3168 2738 οὐ
3213 2684 3375 2754 μόνον
3421 2685 3564 2757 ὑπὲρ
3597 2685 3699 2757 τὴν

2122 2776 2473 2847 ἀνθρωπείαν
2498 2775 2684 2846 φύσιν,
2719 2774 2861 2828 ἀλλὰ
2891 2775 2986 2828 καὶ
3020 2775 3161 2845 ὑπὲρ
3185 2774 3406 2829 ἅπασαν
3437 2777 3539 2847 τὴν
3576 2777 3698 2830 κτί-

2125 2883 2233 2929 σιν,
2259 2866 2406 2936 Πλὴν
2459 2867 2818 2938 ἀνθρωπίνως
2851 2866 2946 2919 καὶ
2982 2865 3113 2919 αὐτὸ
3175 2867 3413 2937 εἴρηται.
3447 2867 3544 2931 Ὦς
3587 2868 3696 2941 γὰρ

2124 2958 2281 3022 Θεὸς,
2312 2958 2491 3020 ὁΥίὸς
2532 2957 2750 3010 αἰώνιον
2792 2955 2906 3026 ἔχει
2937 2955 3029 3009 τὸν
3058 2956 3273 3028 θρόνον·
3311 2976 3330 3008 ι
3391 2958 3450 3011 '0
3503 2958 3694 3028 θρόνος

2125 3065 2220 3101 σου
2250 3046 2378 3119 γὰρ,
2403 3048 2589 3117 φησὶν,
2623 3047 2651 3099 6
2678 3044 2812 3109 Θεὸς
2840 3047 2921 3109 είς
2943 3044 3035 3099 τὸν
3060 3045 3231 3098 αἰῶνα
3271 3043 3365 3098 τοῦ
3415 3045 3635 3107 αἰῶνος.
3669 3062 3690 3095 ι

2121 3139 2198 3191 Οὐ
2220 3138 2328 3209 γὰρ
2367 3137 2503 3208 μετά
2523 3138 2619 3191 τὸν
2648 3138 2904 3209 σταυρὸν,
2932 3138 3026 3190 καὶ
3050 3136 3111 3191 τὸ
3141 3134 3334 3201 πάθος,
3378 3136 3588 3206 ταύτης
3618 3136 3696 3199 ὡς

2118 3229 2252 3293 Θεὸς
2281 3228 2507 3299 τιμῆςδτ
2542 3228 2788 3299 ὴξιώθη⁶
2843 3228 2961 3282 ἀλλ’
3004 3228 3198 3282 ἔλασεν
3250 3226 3327 3291 ὡς
3381 3226 3691 3298 ἄνθρωπος,

2118 3321 2255 3390 ὅπερ
2285 3314 2429 3388 εἶχεν
2461 3318 2537 3382 ὡς
2574 3319 2728 3382 Θεὸς.
2773 3319 2846 3373 Οὐ
2897 3320 3006 3392 γὰρ
3049 3317 3305 3379 ταπεινὸς
3350 3316 3427 3371 ὢν
3478 3318 3688 3388 ὑψώθη,

2116 3409 2234 3463 ἀλλ’
2284 3408 2507 3479 ὕψιστος
2555 3408 2664 3475 ὢν,
2711 3409 2804 3463 καὶ
2853 3411 2910 3462 ὲν
2969 3411 3151 3480 μορφῇ
3200 3408 3338 3461 Θεοῦ
3400 3409 3691 3478 ὑπάρχων,

2116 3499 2481 3553 ἐταπείνωσεν
2504 3501 2717 3555 ’ἑαυτὸν
2743 3499 2958 3572 μορφὴν
2985 3499 3177 3553 δούλου
3210 3499 3412 3554 λαϐὼν.
3455 3500 3549 3553 Διὸ
3597 3501 3690 3554 καὶ

2116 3591 2560 3663 ὁεύαγγελιστὴς
2597 3592 2714 3665 βοᾷο
2748 3611 2767 3645 ι
2815 3593 2875 3645 '0
2917 3591 3218 3663 μονογενὴς
3242 3592 3393 3658 Υἱὸς,
3424 3593 3454 3646 6
3497 3591 3575 3645 ὢν
3609 3593 3690 3655 είς

2114 3681 2206 3735 τὸν
2227 3683 2430 3736 κόλπον
2466 3681 2560 3736 τοῦ
2589 3682 2823 3754 Πατρὸς,
2864 3685 3073 3746 ἐκεῖνος
3124 3683 3456 3754 ἐξηγήσατο.
3504 3701 3525 3736 ι
3578 3684 3689 3738 Καὶ

2114 3773 2277 3837 αὐτὸς
2292 3773 2349 3826 δὲ
2379 3774 2407 3826 6
2446 3774 2655 3845 Κύριός
2685 3789 2873 3844 φησιν⁹
2900 3792 2919 3824 ι
2964 3771 3106 3842 Ἐγὼ
3127 3774 3186 3826 ὲν
3235 3773 3314 3844 τῷ
3345 3774 3545 3844 Πατρὶ,
3591 3773 3686 3828 καὶ

2112 3864 2142 3917 6
2172 3864 2363 3935 Πατὴρ
2393 3865 2453 3918 ὲν
2486 3865 2629 3935 ὲμοί.
2667 3882 2687 3915 ι
2735 3865 2846 3917 Καὶ
2878 3864 3135 3934 ἀλλαχοῦ·
3161 3882 3179 3916 ι
3234 3863 3465 3930 Δόξασόν
3496 3881 3588 3934 με,
3620 3866 3684 3917 σὺ

2113 3955 2319 4027 Πάτερ,
2349 3957 2416 4026 τῇ
2444 3955 2574 4028 δόξῃ
2659 3953 2804 4027 εἶχον
2834 3955 2985 4025 παρὰ
3008 3957 3090 4010 σοὶ
3106 3957 3212 4026 πρὸ
3245 3955 3338 4010 τοῦ
3368 3956 3461 4008 τὸν
3483 3957 3684 4026 κόσμον

2111 4046 2389 4116 γενέσθαι.
2429 4066 2449 4100 ι
2503 4048 2591 4111 Ὠς
2616 4047 2901 4120 ἄνθρωπος
2934 4047 3118 4101 τοίνυν
3159 4047 3380 4101 ἀκούει*
3402 4047 3585 4102 Κάθου
3619 4049 3682 4101 ὲκ

2110 4136 2303 4203 δεξιῶν
2323 4153 2428 4209 μου
2448 4152 2462 4168 ·
2497 4155 2516 4188 ι
2549 4135 2625 4200 ὡς
2650 4136 2759 4208 γὰρ
2797 4137 2952 4204 Θεὸς,
2983 4136 3200 4192 αίὼνιον
3229 4137 3340 4208 ἔχει
3362 4136 3423 4190 τὸ
3458 4138 3680 4209 κράτος.

2116 4244 2136 4278 ι
2179 4227 2324 4291 Ἕως
2344 4228 2410 4283 ἂν
2433 4226 2512 4281 θῶ
2541 4228 2667 4291 τοὺς
2691 4225 2919 4297 ἐχθρούς
2945 4243 3037 4280 σου
3065 4226 3355 4280 ὑποπόδιον
3378 4226 3489 4279 τῶν
3511 4225 3681 4278 ποδῶν

2113 4336 2229 4373 σου.
2268 4337 2288 4370 ›
2341 4319 2560 4389 Ἐχθριῂ⁵
2605 4319 2975 4391 διαφερόντως
3005 4318 3104 4389 μὲν
3144 4319 3173 4370 6
3212 4317 3477 4381 διάϐολος,
3507 4317 3601 4370 καὶ
3630 4317 3680 4369 οἱ

438 4406 587 4445 mum
625 4399 754 4447 sunt
778 4392 1047 4455 diabolus,
1080 4402 1136 4446 et
1170 4392 1332 4461 hujus
1364 4393 1604 4449 ministri
1627 4396 1925 4465 daemones,
1957 4408 2010 4454 et

2120 4407 2301 4462 τούτου
2337 4405 2572 4463 διάκονοι
2600 4408 2874 4479 δαίμονες,
2911 4407 3046 4480 πρὸς
3062 4406 3117 4460 δὲ
3136 4406 3347 4470 τούτοις
3366 4406 3462 4459 καὶ
3490 4407 3539 4458 οἱ
3571 4405 3679 4469 τοῖς

438 4483 664 4552 insuper
691 4483 783 4551 qui
816 4482 1016 4536 divinis
1058 4483 1179 4551 ejus
1205 4483 1682 4553 praedicationibus
1706 4489 2004 4557 resistunt,

438 4573 697 4629 nimirum
742 4572 914 4629 Judaei
965 4574 1175 4645 1393
1229 4582 1283 4629 et
1331 4577 1584 4647 gentiles.
1624 4579 1764 4635 Illud
1822 4588 2003 4637 autem

435 4664 614 4718 Donec
654 4679 761 4718 non
803 4673 1015 4733 tempus
1046 4664 1298 4730 denotat,
1334 4666 1429 4720 sed
1474 4666 1675 4722 idioma
1721 4683 2005 4729 sacrarum

434 4755 787 4811 Litterarum.
815 4754 906 4809 Sic
932 4755 1073 4808 enim
1113 4762 1169 4809 et
1201 4770 1295 4825 per
1324 4757 1642 4827 prophetam
1668 4758 1800 4815 dicit
1822 4761 2003 4820 Deus:

439 4862 458 4894 ι
509 4842 620 4918 Ego
668 4859 790 4899 sum
817 4883 832 4908 ,
876 4851 931 4898 et
978 4842 1150 4897 donec
1201 4844 1521 4913 senescatis,
1586 4860 1687 4918 ego
1738 4863 1859 4905 sum
1896 4860 1936 4909 °.
1981 4872 2000 4906 ι

433 4933 589 4989 Patet
632 4942 816 4989 autem
842 4970 859 4998 ,
908 4933 1205 4989 essentiam
1250 4933 1347 4991 Dei
1391 4936 1676 4993 hominum
1723 4951 2005 5001 senectute

2112 4498 2278 4561 θείοις
2328 4498 2494 4553 αὑτοῦ
2551 4500 2909 4570 κηρύγμασιν
2944 4498 3379 4560 ἀντιπίπτοντες,
3433 4497 3678 4550 Ἰουδαῖοι

2114 4591 2210 4644 καὶ
2242 4589 2528 4663 Ἕλληνες.
2553 4592 2626 4645 Τὸ
2660 4591 2719 4645 δὲ
2757 4592 2947 4666 ἕωςδδ,
2975 4592 3037 4646 οὐ
3081 4590 3273 4661 χρόνου
3317 4588 3675 4660 σημαντικὸν,

2110 4681 2229 4736 ἀλλ’
2257 4680 2453 4751 ἰδίωμα
2479 4682 2579 4752 τῆς
2598 4683 2746 4746 θείας
2766 4682 3012 4755 Γραφῆς.
3039 4681 3198 4735 Οὕτω
3216 4680 3324 4752 γὰρ
3349 4681 3444 4733 καὶ
3470 4679 3564 4734 διὰ
3584 4680 3676 4734 τοῦ

2112 4772 2396 4844 προφήτου
2445 4773 2612 4844 φησὶν
2640 4773 2670 4826 6
2714 4773 2868 4839 Θεὸς,
2919 4791 2940 4825 ι
2975 4772 3120 4840 Ἐγώ
3157 4773 3295 4839 είμι,
3332 4769 3429 4824 καὶ
3475 4769 3584 4832 ἕως
3612 4769 3677 4823 ἂν

2110 4864 2538 4935 καταγηράσητε
2556 4864 2667 4933 ἐγώ
2691 4866 2829 4935 είμι.
2870 4883 2889 4917 ι
2915 4863 3087 4933 Δῆλον
3110 4863 3168 4916 δὲ
3193 4863 3277 4917 ὅτι
3295 4861 3357 4915 οὐ
3406 4876 3677 4933 συμπερι-

2109 4952 2354 5024 ορίζεται
2375 4955 2437 5010 τὸ
2452 4951 2595 5012 εἶναι
2618 4956 2715 5010 τοῦ
2731 4955 2864 5009 Θεοῦ
2886 4954 2965 5026 τῷ
2988 4956 3149 5025 γήρει
3162 4955 3206 4987 ⁵³
3220 4952 3331 5007 τῶν
3347 4952 3447 5011 ἀνθ
3454 4951 3672 5024 ρώπων.

509 5131 528 5172 ί
566 5128 756 5215 Μνιιιιίξ
784 5143 937 5215 ξιιιι,
966 5128 1161 5215 ηιξ),
1235 5130 1250 5183 i
1293 5131 1436 5215 ﬁsa-1.
1465 5149 1615 5197 mv,
1645 5134 1771 5215 6.}
1804 5137 2015 5214 Philipp

2120 5159 2153 5212 i,
2186 5144 2241 5213 6,
2273 5145 2323 5200 7.
2371 5145 2391 5186 1
2431 5146 2589 5204 Joan.
2623 5164 2676 5215 ι,
2712 5148 2801 5204 18.
2874 5159 2919 5187 ιιι
2947 5145 3105 5203 Joan.
3136 5159 3250 5209 xiv,
3283 5142 3370 5198 li.
3452 5149 3482 5180 ³
3511 5139 3667 5197 Joan.

431 5214 577 5266 zvu,
599 5200 653 5254 5.
730 5204 753 5231 ⁸
782 5198 954 5255 Exod.
987 5215 1070 5267 ιιι,
1102 5201 1201 5269 M;
1231 5203 1357 5260 coll.
1385 5203 1495 5259 lsa.
1522 5218 1666 5271 xui,
1698 5205 1756 5264 4.

1508 5376 1748 5436 νΔΒίᾹί
1784 5380 2175 5439 LECTIONES
2212 5383 2300 5440 ΕΤ
2337 5383 2568 5443 NOTAE.

496 5506 543 5593 ξ’
570 5506 693 5599 cod;
720 5507 884 5599 1:96.
958 5510 1005 5543 ”
1028 5511 1151 5568 eod.
1176 5510 1205 5599 ξ
1233 5511 1348 5599 τόν.
1498 5512 1696 5599 Κάθογ
1724 5545 1798 5599 --.
1811 5534 1953 5599 μου,

2134 5518 2199 5599 _in
2229 5520 2429 5599 eod_._l.
2490 5520 2551 5599 ff
2563 5521 2703 5599 _Kal.
2726 5520 2857 5599 cod.
2890 5521 2931 5599 1
2967 5535 3155 5599 praem.
3185 5520 3288 5599 και
3314 5519 3490 5590 μέγας
3520 5518 3671 5599 βασι·-

432 5574 574 5662 ἓξξὲῑς
636 5577 693 5615 ·⁶⁰
745 5581 983 5662 “3595062
1008 5599 1070 5662 3‘-
1104 5599 1154 5662 E-
1185 5582 1390 5662 12.11239
1416 5584 1693 5662 ἀνευνυμει
1718 5574 2015 5662 exhibe":

2120 5588 2187 5643 d.‘
2219 5574 2387 5655 talll,
2414 5603 2466 5661 p.
2488 5588 2596 5647 245
2624 5574 2775 5661 seq.“
2813 5574 2857 5624 ’θ’
2887 5574 3235 5662 iniria—com
3268 5574 3683 5661 1’ρι-έειιὶ.’τῆς.“

427 5646 475 5679 ⁸⁸
502 5648 666 5711 Ἕως.
703 5646 880 5715 σοιιζί
919 5646 1045 5707 add.
1074 5647 1155 5707 οὗ.
1234 5653 1276 5683 ³⁹
1306 5651 1388 5715 Τῷ
1426 5646 1617 5721 γήρειξ
1642 5654 1765 5709 cod.
1796 5656 1821 5708 1
1856 5655 1916 5708 τὸ
1955 5652 2147 5726 γῆρας.
