3890 6320
438 209 583 277 ’1771

1413 201 1899 262 THEODORETI
1929 203 2267 265 EPISCOPI
2302 207 2667 269 CYBENSIS

3564 211 3742 277 17ῖὲ

446 329 494 383 ei
549 326 807 381 dixerat:
869 340 887 372 ι
929 319 1068 375 Sede
1118 334 1145 372 a
1198 317 1438 373 dexteris
1491 318 1671 384 meis,
1709 337 1727 368 ›
1786 318 2021 373 consub-

2137 321 2405 376 Ἐνταῦοα
2435 323 2529 378 καὶ
2560 325 2662 393 τῆς
2695 324 2951 396 θεότητος
2982 328 3236 393 αύτοῦκτδ
3280 328 3735 401 μεγαλοπρεπὲς

447 416 857 475 stantialitatem
886 411 1107 477 fatetur,
1137 420 1189 464 et
1219 409 1556 464 identitatem
1593 417 1795 463 natur-.e
1826 409 2022 479 praedi-

446 520 554 566 cat.
595 527 613 562 ι
646 510 783 562 Ante
818 502 1103 559 luciferam
1135 521 1155 555 ι
1189 502 1357 566 enim,
1385 513 1512 557 ante
1545 512 1779 570 tempus,
1811 510 1867 555 et
1895 509 2022 556 ante

447 600 642 655 saecula
675 598 852 666 ipsum
878 610 1000 649 esse
1022 594 1378 648 demonstrat.
1411 611 1428 643 ι
1466 592 1540 645 Ex
1570 602 1722 647 utero
1761 611 1780 643 ι
1814 602 2017 659 autem,

444 690 685 759 ejusdem
716 701 839 743 esse
870 685 1191 740 substantia:
1219 684 1397 738 ducet.
1433 681 1549 738 Non
1574 685 1719 739 enim
1758 684 1978 738 aliunde
2003 725 2018 749 ,

437 781 542 843 ait,
574 779 666 835 sed
691 792 754 831 ex
791 789 983 830 natura
1022 790 1140 829 mea
1178 776 1392 843 genitus
1425 790 1513 840 es;
1548 782 1734 829 ventre
1765 773 2020 828 nimirum

445 886 540 941 per
574 868 988 926 similitudinem
1026 865 1322 920 intellecto.
1365 862 1436 919 Ut
1468 865 1612 917 enim
1649 879 1717 919 ex
1749 871 1903 917 utero
1936 863 2019 934 gi-

447 971 618 1035 gnunt
666 960 948 1024 homines,
1002 968 1055 1024 et
1105 974 1227 1027 qum
1274 958 1569 1027 gignuntur
1621 956 1866 1010 eamdem
1926 956 2022 1008 ha-

448 1056 575 1109 bent
606 1060 857 1108 naturam
881 1089 894 1111 ,
928 1064 1093 1119 quam
1130 1049 1446 1119 genitores:
1501 1048 1581 1102 sic
1628 1063 1694 1101 ex
1744 1062 1828 1101 me
1870 1046 2023 1118 geni-

446 1155 535 1202 tus
570 1160 630 1200 es
657 1183 670 1208 ,
707 1153 761 1197 et
795 1141 1055 1211 genitoris
1099 1140 1152 1193 in
1205 1149 1257 1195 te
1291 1140 1412 1211 ipso
1439 1139 1800 1196 substantiam
1837 1148 2019 1196 osten-

422 1235 554 1290 .dis.

521 1500 682 1555 Vens.
713 1501 768 1555 4.
825 1519 842 1550 ι
896 1497 1108 1552 Juravit
1154 1496 1440 1561 Dominus,
1490 1506 1543 1552 et
1590 1513 1696 1551 non
1739 1499 2022 1568 paenitebit

446 1612 569 1650 ('ttm
606 1595 725 1649 :Tu
748 1609 807 1649 es
842 1591 1095 1647 sacerdos
1134 1592 1188 1645 in
1218 1604 1477 1648 aeternum
1524 1593 1822 1649 secundum
1872 1593 2019 1650 ordi-

2123 413 2461 484 άπεκάλυψε.
2492 415 2602 468 Καὶ
2630 416 2658 467 6
2692 417 2932 487 εἰρηκὼς
2953 420 3104 490 αὑτῷ
3137 421 3341 492 Κύριος
3361 422 3427 454 ⁸⁵·
3457 441 3477 473 ‹
3515 420 3732 476 Κάθου

2122 505 2188 557 ὲκ
2212 504 2407 569 δεξιῶν
2444 524 2571 577 μου,
2602 526 2620 558 ι
2646 508 2704 562 τὸ
2735 510 3018 578 ὁμοούσιον
3054 512 3325 581 ὁμολογεῖ,
3360 514 3458 567 καὶ
3485 513 3550 566 τὸ
3578 529 3707 565 tau

2123 599 2214 654 τὸν
2242 600 2504 671 κηρύττει
2531 604 2630 673 τῆς
2654 602 2890 670 φύσεως.
2911 605 2984 657 Τὸ
3013 606 3111 675 μὲν
3139 606 3270 677 γάρ*
3301 624 3322 657 ι
3352 607 3468 677 Πρὸ
3487 605 3731 673 ἑωσφό-

2127 708 2244 762 ρου,
2288 712 2306 744 ι
2342 694 2404 746 τὸ
2436 695 2544 764 πρὸ
2574 696 2784 766 χρόνων
2824 695 2989 750 αὐτὸν
3020 698 3115 751 καὶ
3152 698 3257 768 πρὸ
3305 699 3525 751 αίώνων
3559 694 3729 751 εἶναι

2121 782 2290 853 δηλοῖ.
2318 784 2390 837 Τὸ
2411 785 2501 838 δέ’
2544 807 2560 836 ι
2591 790 2685 837 ’τὶκ
2716 787 2977 858 γαστρὸς,
3010 806 3029 839 ι
3066 789 3126 841 τὸ
3146 791 3346 842 ταυτὸν
3373 789 3477 855 τῆς
3508 790 3728 849 οὺσξας

2122 874 2389 930 διδάσκει.
2451 878 2525 931 Οὐ
2578 878 2688 948 γάρ
2732 879 3033 950 ἑτέρωθεν,
3080 882 3267 952 φησὶν,
3321 880 3438 935 ἁλλ’
3483 883 3549 934 ὲκ
3598 881 3728 950 τῆς

2122 967 2262 1038 ἐμῆς
2302 968 2665 1038 γεγένησαι⁸⁵
2709 970 2959 1040 φύσεως·
3020 973 3119 1042 τῆς
3170 973 3408 1042 γαστρὸς
3451 973 3727 1043 δηλονότι

2122 1060 2507 1131 παραϐολικῶς
2527 1062 2847 1132 νοουμένης.
2876 1064 3141 1134 Καθάπερ
3169 1066 3280 1134 γὰρ
3303 1067 3367 1117 ἐκ
3387 1066 3432 1097 ⁸⁸
3463 1065 3727 1136 γαστρὸς

2122 1150 2395 1205 τίκτουσιν
2434 1150 2733 1221 ἄνθρωποι,
2762 1155 2854 1206 καὶ
2902 1153 2972 1206 τὰ
3018 1153 3312 1224 τικτόμενα
3354 1158 3468 1218 τοῖς
3501 1158 3723 1226 γεννή-

2125 1257 2253 1294 σασι
2278 1241 2376 1311 τὴν
2406 1241 2575 1313 αὐτὴν
2616 1242 2727 1311 ἕχει
2763 1243 2925 1309 φύσιν
2949 1259 2963 1272 °
2993 1242 3166 1307 οὕτως
3200 1244 3258 1309 ἐξ
3292 1244 3427 1314 ἐμοῦ
3461 1247 3721 1314 γεγένηο

2125 1344 2233 1391 σαι,
2274 1331 2368 1383 καὶ
2397 1329 2488 1382 τοῦ
2516 1330 2908 1399 γεγεννηκότος
2942 1334 2998 1384 ἐν
3028 1332 3241 1402 σεαυτῷ
3263 1334 3304 1364 θτ
3354 1335 3456 1403 τὴν
3506 1335 3720 1386 οὐσίαν

2121 1421 2409 1485 δεικνύεις.

2192 1512 2254 1567 δ’.
2295 1531 2313 1566 ι
2342 1515 2545 1585 Ὤμοσε
2572 1513 2798 1584 Κύριος,
2830 1514 2923 1567 καὶ
2953 1515 3012 1567 ού
3049 1515 3588 1587 μεταμεληθήσεται.
3624 1518 3717 1570 ΣΞ)

2129 1605 2307 1676 ίερεὺς
2340 1608 2419 1667 εἰς
2445 1606 2537 1657 τὸν
2572 1606 2746 1659 αἰῶνα
2775 1606 2917 1659 κατὰ
2957 1606 3055 1676 τὴν
3095 1607 3250 1673 τάξιν
3278 1610 3634 1677 Μελχισεδὲκ.
3681 1631 3708 1662 ι

451 1706 573 1744 nem
616 1685 1049 1742 "Melchisedech.
1100 1702 1118 1735 ι
1158 1688 1426 1753 Aecurate
1470 1687 1586 1741 haec
1622 1686 1841 1742 divinas
1869 1688 2013 1757 Apo-

2126 1673 2395 1767 Ἀκριϐῶς
2413 1696 2456 1727 ⁸⁸
2481 1695 2655 1750 ταῦτα
2686 1673 3033 1768 ἡρμήνευσεν
3053 1701 3082 1752 6
3119 1698 3261 1761 θεῖος
3289 1673 3616 1764 Ἀπάνστολος
3640 1702 3717 1753 ὲν

449 1790 621 1837 stolns
663 1781 1053 1848 interpretatus
1087 1789 1169 1833 est
1204 1780 1257 1832 in
1292 1777 1533 1849 Epistola
1567 1780 1634 1834 ad
1680 1780 1935 1837 Hebraeos
1971 1789 2017 1845 ν,

449 1883 500 1927 ιιι
528 1868 881 1941 pontilicatns
915 1868 1078 1938 hujus
1101 1870 1460 1924 aeternitatem
1494 1872 1753 1938 ostendit,
1783 1887 1850 1927 eo
1879 1873 2020 1942 quod

430 1963 750 2018 'Leviticum
796 1961 1164 2017 sacerdotium
1201 1976 1308 2015 non
1342 1976 1466 2015 cum
1506 1963 1865 2033 jurejurando
1897 1979 2022 2034 pro-

453 2056 742 2111 missiones
795 2053 1085 2122 acceperit,
1131 2054 1234 2108 hoc
1275 2062 1457 2109 autem
1500 2055 1861 2124 jurejurando
1891 2071 2022 2112 con-

451 2149 725 2203 ﬁrmatum
751 2147 842 2201 sit.
882 2143 1092 2200 ldcirco
1121 2145 1285 2199 etiam
1332 2165 1350 2197 ι
1398 2162 1504 2201 non
1531 2146 1956 2216 pmnitebitcum
1996 2168 2016 2202 ι

447 2239 721 2310 apposuit,
773 2237 1031 2308 quoniam
1060 2253 1183 2292 cum
1225 2238 1395 2293 multa
1446 2238 1644 2307 saepius
1692 2238 2025 2308 dispensarit

451 2333 827 2386 universorum
865 2328 1027 2393 Deus,
1069 2330 1182 2383 haec
1204 2329 1602 2384 mutationibus
1637 2329 1869 2384 obnoxia
1899 2344 2024 2384 esse

438 2423 723 2494 permisit.
778 2421 871 2478 Sic
919 2420 1231 2476 Judasorum
1286 2421 1651 2475 sacerdotium
1681 2430 1737 2476 et
1784 2421 1938 2485 fecit,
1971 2431 2025 2477 et

449 2515 674 2572 sustulit
706 2534 719 2570 :
753 2513 834 2570 sic
879 2529 1104 2585 regnum
1152 2513 1282 2568 illud
1332 2514 1636 2579 constituit,
1684 2524 1738 2568 et
1784 2514 2021 2571 evertit:

450 2610 532 2666 sic
577 2605 954 2677 Assyriorum,
1007 2613 1061 2659 et
1111 2603 1530 2675 Babyloniorum
1578 2613 1631 2659 et
1669 2604 2022 2661 Macedonum

451 2699 742 2769 imperium
784 2704 845 2751 ut
888 2705 1033 2751 esset
1070 2694 1334 2765 permisit,
1363 2698 1379 2717 ⁶
1412 2706 1463 2750 et
1504 2695 1716 2767 1396
1748 2707 1803 2749 ut
1843 2711 2026 2752 cessa-

451 2799 536 2845 ret
573 2789 852 2860 praecepit.
895 2786 1006 2841 lloc
1026 2786 1195 2857 igitur
1230 2787 1597 2844 sacerdotium
1634 2788 2023 2857 sempiternum

449 2894 570 2936 esse
600 2880 809 2940 volens,
831 2879 1049 2948 jurasse
1079 2878 1175 2943 ait,
1210 2891 1556 2946 nequaquam
1611 2876 1726 2931 fore
1758 2885 1816 2931 ut
1847 2877 2023 2946 poeni-

453 2982 581 3028 teat.
621 2970 872 3025 llumano
888 2980 1067 3024 autem
1098 2983 1250 3023 more
1286 2975 1399 3023 haec
1417 2969 1550 3023 dixit
1586 2988 1597 3022 :
1629 2967 1853 3024 allectus
1875 2968 2020 3023 enim

457 3080 655 3134 expers
688 3072 773 3118 est
802 3061 1081 3125 divinitas,
1114 3060 1336 3117 allectus
1354 3070 1531 3116 autem
1562 3072 1641 3116 est
1666 3061 1825 3115 etiam
1846 3061 2019 3130 paeni-

448 3155 641 3209 tentia.
708 3152 1104 3208 Melchisedech
1162 3166 1326 3220 porro
1377 3167 1485 3205 non
1527 3149 1882 3216 Judazorutn,
1930 3151 2023 3206 sed

449 3244 691 3317 gentium
714 3250 798 3298 est
825 3241 1102 3296 sacerdos.
1131 3239 1222 3295 Sic
1247 3250 1304 3295 et
1342 3239 1609 3296 Dominus
1638 3241 1888 3297 Christus
1915 3257 2023 3297 non

451 3352 550 3408 pro
584 3334 785 3391 Judteis
837 3342 1072 3396 tantum,
1120 3333 1216 3389 sed
1254 3348 1355 3403 pro
1403 3333 1659 3387 oumibus
1707 3333 2025 3390 hominibus

451 3429 807 3500 semetipsum
842 3426 1035 3481 obtulit
1068 3423 1199 3480 Deo.
1230 3423 1474 3479 Exorsus
1507 3432 1688 3478 autem
1729 3436 1811 3480 est
1838 3412 2022 3480 sacer-

450 3524 657 3579 dotium
696 3520 750 3573 in
801 3526 963 3573 nocte
1010 3517 1137 3583 ista,
1191 3525 1479 3591 postquam
1535 3532 1755 3572 crucem
1815 3517 2021 3584 subiit,

452 3629 577 3670 cum
613 3610 914 3682 accepisset
938 3625 1156 3680 panem,
1190 3619 1245 3664 et
1279 3609 1483 3679 gratias
1510 3608 1732 3678 egisset,
1772 3608 1946 3678 lrrgit,
1972 3619 2026 3664 et

451 3707 591 3762 dixit
621 3723 634 3759 :
670 3724 687 3756 ι
721 3702 963 3773 Accipite
990 3742 1004 3767 ,
1043 3711 1099 3757 et
1141 3700 1410 3773 comedite
1437 3714 1503 3754 ex
1535 3714 1622 3763 eo,
1657 3698 1769 3755 lloc
1793 3711 1877 3755 est
1911 3717 2025 3757 cor-

453 3813 554 3870 pus
585 3811 788 3852 meum.
826 3813 844 3847 »
875 3793 1138 3849 Similiter
1164 3801 1211 3847 et
1245 3792 1470 3848 calicem
1494 3808 1618 3848 cum
1646 3803 2021 3862 temperasset,

451 3891 599 3946 dedit
630 3888 915 3959 discipulis
936 3887 1072 3951 suis,
1090 3886 1278 3942 dicens
1303 3904 1314 3940 :
1345 3904 1363 3937 ‹
1386 3885 1559 3940 Bibite
1581 3900 1645 3941 ex
1671 3885 1775 3941 hoc
1808 3901 2021 3952 omnes,

454 3981 553 4038 llic
598 3991 681 4038 est
723 3981 867 4036 enim
900 3979 1121 4052 sanguis
1167 3995 1319 4035 meus
1349 3980 1477 4033 novi
1532 3980 1870 4046 testamenti,
1919 3980 2013 4048 qui

454 4087 550 4139 pro
563 4070 750 4125 multis
770 4069 1079 4125 ellundetur
1103 4069 1157 4123 in
1179 4069 1553 4126 remissionem
1572 4078 1923 4138 peccatorum
1938 4079 1985 4123 ι.
2000 4090 2019 4121 ι

453 4161 768 4215 Invenimus
817 4172 994 4216 autem
1045 4158 1544 4215 Melchisedechum
1581 4167 1637 4214 et
1683 4161 2022 4216 sacerdotem

452 4261 506 4306 et
546 4267 723 4322 regem
780 4251 946 4308 luisse
979 4252 1175 4323 (ligura
1210 4251 1355 4304 enim
1403 4259 1521 4304 erat
1564 4251 1676 4304 veri
1723 4251 2024 4308 sacerdotis

2120 1791 2185 1859 τῇ
2223 1788 2357 1858 πρὸς
2407 1787 2691 1858 Ἐΰραίους
2719 1789 3031 1860 Ἐπιστολῇ,
3065 1790 3162 1844 καὶ
3194 1791 3375 1860 τὸτῆς
3415 1793 3710 1863 ἀρχιερω-

2124 1882 2288 1952 σύνης
2319 1882 2523 1952 ταύτης
2558 1884 2868 1953 ἀπέραντον
2897 1884 3087 1951 ἔδειξε,
3134 1884 3212 1956 τῷ
3258 1885 3359 1957 τὴν
3397 1887 3498 1957 μὲν
3533 1888 3711 1941 Λευῖ-

2121 1976 2281 2043 τικὴν
2340 1974 2644 2044 ἱερωσύνην
2693 1976 2753 2027 ού
2805 1976 2922 2045 μεθ’
2971 1975 3134 2045 ὅρκου
3203 1976 3303 2040 τὰς
3362 1978 3717 2046 ἐπαγγελίας

2121 2065 2395 2135 δεδέχθαι,
2430 2064 2636 2134 ταύτην
2664 2065 2721 2118 δὲ
2754 2068 2900 2137 ὅρκῳ
2944 2066 3327 2138 βεὸαιωθῆναι.
3386 2070 3592 2123 Τούτου
3630 2072 3708 2140 δὴ

2123 2158 2282 2227 χάριν
2312 2157 2404 2210 καὶ
2458 2156 2518 2209 τὸ
2548 2176 2566 2209 ι
2600 2157 2660 2209 οὐ
2689 2156 3196 2230 μεταμεληθήσεται
3225 2178 3242 2210 ι
3268 2160 3658 2229 προστέθεικεν
3684 2178 3707 2193 ο

2123 2247 2311 2318 ἐπειδὴ
2344 2245 2513 2300 πολλὰ
2536 2247 2797 2310 πολλάκις
2820 2248 3185 2318 οἰκονομήσας
3205 2251 3234 2303 6
3257 2249 3365 2302 τῶν
3387 2250 3524 2303 ὅλων
3537 2253 3704 2315 Θεὸς,

2127 2335 2452 2406 μεταϐολαῖς
2503 2336 2688 2405 ταῦτα,
2729 2340 3047 2405 περιπεσεῖν
3098 2334 3501 2407 συνεχώρησεν.
3534 2338 3710 2393 Οὕτω

2121 2429 2221 2497 τὴν
2260 2426 2534 2481 Ἰουδαίων
2591 2428 2891 2498 ἱερωσύνην
2931 2430 3025 2482 καὶ
3073 2430 3362 2500 πεποίηκε,
3416 2432 3509 2485 καὶ
3568 2450 3711 2486 κατ-

2125 2517 2386 2570 έπαυσεν.
2413 2515 2571 2570 Οὕτω
2587 2518 2683 2587 τὴν
2708 2516 2984 2587 βασιλείαν
3006 2522 3222 2591 ἐκείνην
3245 2522 3341 2575 καὶ
3370 2523 3706 2589 κατέστησε,

2125 2608 2218 2661 καὶ
2237 2607 2529 2661 κατέλυσεν
2551 2626 2563 2636 ·
2577 2607 2720 2662 οὕτω
2739 2609 2840 2680 τὴν
2856 2610 3179 2682 Ἀσσυρίων,
3202 2613 3295 2665 καὶ
3313 2613 3707 2681 Βαϐυλωνίων,

2125 2700 2216 2750 καὶ
2243 2699 2569 2752 Μακεδόνων
2603 2698 2880 2770 βασιλείαν
2904 2702 2998 2755 καὶ
3031 2702 3289 2770 γενέσθαι
3325 2706 3708 2775 συνεχώρησε,

2126 2791 2217 2842 καὶ
2243 2789 2472 2859 λυθῆναι
2491 2789 2813 2861 προσέταξε.
2834 2791 3051 2863 Ταύτην
3078 2794 3262 2864 μέντοι
3281 2796 3379 2866 τὴν
3394 2796 3711 2866 ἱερωσύνην

2125 2879 2345 2932 αἰώνιον
2377 2874 2516 2932 εἶναι
2554 2878 2896 2950 βουλόμενος,
2927 2880 3295 2951 ὠμωμοκέναι
3323 2883 3511 2953 φησὶν,
3533 2883 3614 2946 ὡς
3637 2884 3709 2936 οὐ

2128 2972 2658 3044 μεταμεληθήσεται.
2695 2974 3081 3044 Ἀνθρωπίνως
3127 2975 3186 3028 δὲ
3247 2976 3419 3030 ταῦτα
3465 2978 3663 3047 εἴρηκε
3691 2993 3707 3008 °

2123 3065 2218 3118 τοῦ
2270 3065 2474 3127 πάθους
2505 3066 2611 3135 γὰρ
2661 3064 2724 3118 τὸ
2750 3065 2904 3118 Θεῖον
2939 3065 3205 3135 ἀμύητον,
3242 3068 3411 3131 πάθος
3435 3068 3490 3120 δὲ
3527 3069 3627 3120 καὶ
3671 3070 3709 3139 ἡ

2128 3158 2482 3228 μεταμέλεια.
2538 3157 2596 3208 '0
2634 3156 2691 3209 δὲ
2718 3156 3077 3227 Μελχισεδὲκ,
3109 3157 3208 3209 οὐκ
3239 3155 3528 3221 Ἰουδαίων,
3571 3158 3710 3209 ἀλλ’

2127 3247 2297 3302 ἐθνῶν
2339 3246 2540 3317 ἱερεύς.
2576 3244 2734 3299 Οὕτω
2771 3246 2867 3299 καὶ
2882 3246 2924 3278 θ’
2960 3248 2987 3299 6
3018 3245 3295 3316 Δεσπότης
3324 3245 3576 3316 Χριστὸς,
3597 3245 3713 3316 οὐχ

2126 3336 2265 3407 ὑπὲρ
2319 3323 2589 3390 Ἰουδαίων
2614 3335 2795 3403 μόνον,
2836 3334 2969 3391 ἀλλὰ
2994 3336 3088 3388 και
3119 3335 3261 3406 ὑπὲρ
3303 3335 3556 3387 ἁπάντων
3602 3334 3713 3388 ἀν·-

2126 3428 2359 3499 θρώπων
2394 3427 2584 3482 ἑαυτὸν
2624 3428 2990 3497 προσενήνοχε
3017 3426 3094 3495 τῷ
3132 3426 3271 3497 Θεῷ.
3320 3428 3587 3496 ’Δρχεται
3637 3426 3706 3480 δὲ

2124 3520 2224 3590 τῆς
2257 3518 2554 3591 ἱερωσύνης
2581 3519 2638 3571 ἐν
2668 3520 2735 3588 τῇ
2762 3518 2942 3580 νυκτὶ,
2981 3517 3101 3586 μεθ’
3137 3515 3203 3586 ἢν
3252 3515 3314 3569 τὸ
3365 3516 3535 3580 πάθος
3592 3516 3711 3569 ὑπ·

2126 3612 2362 3682 ἐμεινεψ
2384 3596 2551 3682 ἡνίκα
2570 3608 2750 3663 λαϐὼν
2771 3609 2955 3680 ἄρτον,
2969 3608 3061 3662 καὶ
3081 3608 3484 3678 εὐχαριστήσας
3501 3606 3708 3660 ἕκλασε

2125 3708 2221 3758 καὶ
2244 3700 2368 3758 εἷπε
2392 3723 2405 3736 ·
2433 3722 2453 3756 ι
2484 3702 2718 3768 Λάϐετε,
2751 3701 2954 3771 φάγετε
2977 3700 3036 3767 ἐξ
3062 3699 3226 3752 αὑτοῦ
3252 3715 3265 3728 ·
3304 3698 3461 3752 τοῦτό
3491 3699 3606 3752 ἐστι
3638 3699 3709 3750 τὸ

2128 3795 2289 3866 σῶμά
2328 3813 2453 3866 μου.
2500 3815 2519 3847 ι
2556 3793 2831 3856 Ὡσαύτως
2878 3791 2974 3845 καὶ
3012 3791 3073 3843 τὸ
3110 3790 3371 3859 ποτήριον
3422 3789 3706 3860 κεράσας,

2126 3886 2293 3941 ἔδωκε
2320 3887 2434 3949 τοῖς
2454 3882 2723 3956 μαθηταῖς
2746 3881 2913 3937 αὑτοῦ
2930 3881 2976 3914 ⁷⁰
2997 3879 3173 3949 λέγων
3196 3896 3209 3911 ·
3231 3899 3249 3932 ι
3275 3879 3434 3933 Πίετε
3451 3878 3511 3943 ἐξ
3525 3877 3708 3932 αὑτοῦ

2128 3980 2328 4043 πάντες
2353 3995 2367 4009 ·
2398 3978 2557 4031 τοῦτο
2579 3976 2739 4047 γάρ⁶¹¹
2767 3974 2885 4028 ἐστι
2930 3973 2992 4025 τὸ
3028 3967 3171 4042 αἷμά
3200 3988 3325 4041 μου,
3365 3971 3424 4024 τὸ
3448 3970 3549 4038 τῆς
3578 3986 3711 4021 και-

2126 4075 2223 4143 νῆς
2252 4069 2539 4141 διαθήκης,
2570 4068 2631 4122 τὸ
2662 4066 2792 4136 περὶ
2831 4064 3040 4118 πολλῶν
3061 4063 3424 4133 ὲκχυνόμενον
3449 4062 3531 4124 είς
3560 4063 3705 4130 ἄφε-

2128 4177 2212 4213 σιν
2244 4158 2551 4229 ἁμαρτιῶν.
2582 4176 2599 4209 ι
2645 4155 2990 4227 Εὑρίσκομεν
3028 4153 3086 4206 δὲ
3112 4155 3157 4186 ⁷³
3191 4152 3284 4207 τὸν
3333 4151 3703 4222 Μελχισεδὲκ,

2127 4251 2219 4304 καὶ
2239 4251 2283 4281 ⁷³
2321 4248 2472 4319 ἱερέα
2497 4248 2649 4313 ὄντα,
2692 4247 2790 4302 καὶ
2823 4245 3052 4317 βασιλέα
3078 4263 3092 4276 ο
3132 4243 3303 4307 τύπος
3347 4244 3456 4315 γὰρ
3490 4238 3559 4312 ἦν
3601 4242 3705 4294 τοῦ

453 4355 507 4401 ct
529 4347 716 4418 regis),
744 4358 797 4402 et
826 4347 1088 4402 obtulisse
1116 4344 1228 4398 Deo
1262 4359 1371 4398 non
1408 4343 1656 4398 victimas
1693 4345 1903 4399 ratione
1930 4359 2021 4398 ea-

2127 4338 2383 4411 ὰληθινοῦ
2416 4340 2607 4410 ἱερέως
2638 4341 2732 4393 καὶ
2770 4337 3033 4409 βασιλέως
3058 4352 3072 4366 ’
3102 4337 3196 4390 καὶ
3221 4333 3601 4407 προσφέροντα
3620 4333 3704 4404 τῷ

454 4448 656 4505 rentes,
695 4438 788 4494 sed
820 4452 1013 4507 panem
1055 4445 1109 4488 et
1133 4434 1341 4488 vinum.
1374 4432 1499 4489 llam
1527 4436 1672 4488 enim
1711 4435 2024 4489 Abrahamo

451 4547 672 4601 quoque
730 4529 950 4591 obtulit,
1005 4541 1131 4581 cum
1172 4525 1461 4580 sacerdotii
1513 4526 1598 4580 sui
1643 4524 1921 4593 exemplar
1968 4526 2020 4578 in

454 4622 652 4677 lumbis
687 4620 1010 4690 patriarcha:
1042 4617 1343 4673 secundum
1376 4616 1626 4685 spiritum
1682 4616 2019 4686 praevideret.

451 4715 506 4767 Si
540 4713 708 4783 igitur
739 4727 805 4765 ex
836 4709 1038 4764 Davide
1068 4706 1322 4762 Christus
1355 4707 1655 4762 secundum
1676 4723 1897 4764 carnem
1931 4725 2022 4766 or-

452 4812 542 4857 tus
578 4808 681 4864 est,
723 4807 776 4853 et
811 4798 976 4852 David
1006 4812 1070 4851 ex
1101 4794 1261 4863 Juda,
1304 4807 1358 4851 et
1402 4796 1780 4867 pontiﬁcatum
1821 4816 2020 4856 secun-

450 4891 581 4944 dum
609 4889 857 4944 ordinem
889 4885 1283 4959 Melchisedech
1320 4886 1530 4956 accepit
1558 4886 1834 4953 Christus,
1863 4890 2022 4944 Leri-

452 4983 618 5037 ticum
656 4980 840 5049 utique
871 4977 1239 5033 sacerdotium
1275 4978 1530 5041 cessavit,
1569 4986 1622 5032 et
1653 4979 1706 5032 in
1751 4977 1903 5035 Iuda:
1929 4981 2023 5035 tri-

452 5076 581 5128 bum
622 5070 847 5138 majoris
889 5069 1175 5127 sacerdotii
1207 5068 1510 5124 benedictio
1552 5071 1786 5127 transiit.
1825 5071 2024 5128 Sacer-

520 5194 552 5225 ν
584 5183 751 5239 Hebr.
786 5198 895 5248 vn;
935 5182 1068 5237 Gen.
1104 5198 1214 5237 xlv.
1290 5192 1313 5219 ³
1350 5182 1540 5238 Matth.
1572 5200 1718 5250 xxvr,
1754 5183 1945 5239 26-‘28.

2131 4432 2251 4502 Θεῷ
2299 4433 2400 4484 ούκ
2457 4432 2627 4500 ἄλογα
2682 4430 2923 4501 θύματα,
2965 4427 3101 4481 ἀλλὰ
3144 4428 3339 4497 ἄρτους
3397 4427 3494 4479 καὶ
3536 4420 3700 4479 οἶνον.

2133 4525 2320 4578 Ταῦτα
2359 4524 2468 4595 γὰρ
2500 4524 2595 4602 καὶ
2634 4523 2712 4593 τῷ
2768 4520 3022 4590 Ἀϐραὰμ
3077 4518 3463 4589 προσενήνοχε,
3508 4516 3570 4570 τὸ
3602 4515 3704 4586 τῆς

2129 4617 2336 4681 οἰκείας
2359 4614 2769 4687 ἀρχιερωσύνης
2802 4612 3115 4684 ἀρχέτυπον
3143 4613 3200 4664 ὲν
3226 4612 3291 4680 τῇ
3316 4609 3409 4662 τοῦ
3435 4607 3705 4680 πατριάρ-

2128 4726 2223 4779 χου
2268 4707 2432 4777 ὀσφύϊ
2496 4706 2883 4778 πνευματικῶς
2940 4701 3208 4774 προορῶν.
3272 4700 3337 4753 Et
3396 4699 3576 4754 τοίνυν
3635 4700 3706 4753 ἐκ

2127 4800 2294 4855 Δαϐὶδ
2322 4801 2350 4853 6
2380 4799 2614 4871 Χριστὸς
2645 4799 2788 4852 κατὰ
2818 4798 3022 4867 σάρκα,
3053 4797 3081 4850 6
3108 4794 3165 4847 δὲ
3195 4791 3362 4846 Δασὶδ
3393 4793 3453 4859 ἐξ
3506 4790 3703 4854 Ἰούδα,

2122 4892 2220 4962 τὴν
2245 4891 2302 4945 δὲ
2340 4893 2483 4946 κατὰ
2504 4891 2604 4962 τὴν
2636 4890 2792 4955 τάξιν
2829 4889 3171 4960 Μελχισεδὲκ
3223 4883 3705 4959 ἀρχιερωσύνην²⁶

2125 4982 2318 5036 ἐλαῦεν
2344 4985 2374 5036 6
2410 4982 2677 5055 Χριστός·
2716 4981 2994 5034 πέπαυται
3037 4980 3136 5050 μὲν
3171 4981 3205 5049 ὴ
3241 4975 3501 5047 Δευῖτικὴ
3547 4977 3710 5045 ἱερω-

2129 5074 2283 5145 σύνη,
2316 5075 2394 5137 εἰς
2426 5075 2480 5127 δὲ
2508 5074 2605 5145 τὴν
2645 5072 2817 5126 Ἰούδα
2848 5070 3020 5142 φυλὴν
3046 5073 3079 5141 ἡ
3117 5070 3220 5140 τῆς
3255 5067 3505 5141 μείζονος
3546 5066 3708 5135 ἱερω-

1524 5321 1762 5378 νΑιιιΑῑ
1793 5322 2174 5379 LECTIONES
2222 5324 2310 5378 ET
2335 5323 2567 5381 ΝΟΤΑΞ.

523 5430 567 5509 ξι
591 5418 837 5509 Κύριος.⁶
860 5428 997 5509 cod._
1024 5429 1196 5509 ladd.
1225 5429 1297 5509 ῶς
1325 5428 1736 5509 άνθρ.ιῖρπῳ.”⁶⁶
1767 5433 1897 5509 (ιοιί1
1923 5433 2021 5509 1ᾼγι

2126 5451 2343 5509 mtas.“
2369 5434 2414 5464 “
2446 5433 2572 5487 Ἐκ.
2601 5435 2723 5489 cod.
2748 5434 2769 5487 l
2799 5435 2929 5489 ἀπό.
2978 5435 3047 5509 ff
3073 5432 3327 5509 Σεαυτῷ.
3348 5431 3516 5509 _Prior
3535 5431 3705 5509 editio

452 5501 686 5572 habebat
700 5498 878 5572 autcf).
901 5499 1021 5554 cmi.
1050 5502 1065 5552 l
1094 5500 1293 5572 ἐαυτῷ.
1324 5501 1413 5572 Ar“
1432 5498 1723 5572 ⁷Ἁκριϐῶς
1757 5531 1825 5539 --
1851 5498 2021 5565 βεόαι

2126 5498 2270 5569 ῆέιαι.
2304 5503 2427 5558 "th
2461 5519 2630 5572 pauca
2658 5514 2868 5559 tantum
2907 5504 3127 5558 exhibet
3148 5505 3308 5558 Cord.
3346 5501 3382 5555 Ι.
3403 5515 3455 5554 c.
3490 5514 3544 5567 p.
3571 5500 3700 5572 250,

453 5570 676 5657 ﬁlim-llis.
703 5570 968 5657 Iompjh‘nls
1001 5570 1239 5657 omissis.
1263 5640 1273 5657 '
1299 5569 1362 5657 ,θ’
1390 5571 1515 5657 καί.
1556 5571 1699 5657 cad;
1725 5574 1763 5657 l'
1784 5588 1968 5657 prterit.
2000 5572 2021 5623 ὃ

2137 5574 2391 5657 ¹⁷⁰.(2οι1;ι1
2458 5569 2672 5657 ἑαυτοῦ,
2696 5585 2821 5628 ante
2849 5573 3126 5657 μαθηταῖς
3144 5572 3519 5657 pri-situm...“
3553 5571 3697 5639 l'dp.

449 5638 581 5695 Des.
606 5640 732 5695 ibid.
810 5639 853 5670 τ’
880 5640 971 5693 Δέ.
1004 5640 1122 5693 cad.
1160 5641 1179 5691 l
1212 5656 1240 5693 a
1263 5639 1333 5693 id.
1374 5638 1480 5693 καί.

1583 5641 1625 5671 ⁷³
1652 5638 1967 5696 ΚαίῘΑὺοει
1997 5658 2026 5696 a
2050 5642 2169 5697 cod.
2202 5646 2245 5698 l.

2322 5645 2368 5675 7"
2398 5645 2519 5699 cod.
2552 5646 2570 5698 l
2602 5640 3010 5715 ἀρχιερωσύνην
3036 5645 3129 5697 τοῦ
3144 5640 3521 5713 ’Μελχισεδέκ
