3890 6320
173 259 298 324 1ῖῖ3

1531 254 1611 313 IN
1665 255 1874 314 PSAL.
1919 253 2072 312 CIX.

3256 250 3396 318 17η

169 373 317 442 σύνης
356 371 580 439 εὐλογία
621 367 844 442 μετέϐη.
892 365 1182 438 Ἰερατεύει
1209 365 1262 418 δὲ
1287 365 1380 418 νῦν
1404 368 1430 418 ὁ
1461 367 1520 431 ἐξ
1551 368 1722 422 Ἰούδα

1845 371 1926 423 los
1955 377 2138 424 autem
2180 385 2324 423 nunc
2357 381 2436 424 est
2481 371 2748 435 Christus,
2801 387 2865 425 ex
2911 371 3047 425 Juda
3097 374 3394 427 secundum

169 465 293 516 κατὰ
317 464 497 535 σάρκα
541 463 847 533 βλαστήσας
880 461 1112 531 Χριστὸς
1131 500 1144 522 ,
1165 460 1264 511 οὑκ
1283 459 1447 522 αὑτός
1476 477 1527 512 τι
1549 477 1723 530 προσ-

169 557 372 624 φέρων,
427 555 565 608 ana
623 553 730 606 τῶν
778 551 1196 622 προσφερόντων
1255 550 1468 621 κεφαλὴ
1513 568 1728 621 χρημα-

167 646 335 709 τίζων.
394 644 566 713 Σῶμα
617 643 727 712 γὰρ
771 641 936 694 αὑτοῦ
991 643 1088 710 τὴν
1151 641 1480 710 Ἐκκλησίαν
1530 644 1722 707 καλεῖ,

169 717 368 786 καῖ’διά
426 732 633 800 ταύτης
693 730 958 801 ίερατεύει
1025 732 1100 793 ὡς
1156 730 1458 802 ἄνθρωπος,
1513 731 1724 802 δέχεται

169 825 217 875 δὲ
261 827 325 876 τά
373 822 797 893 προσφερόμενα
854 821 929 884 ὠς
973 820 1123 882 Θεὸς.
1159 821 1170 831 ’
1202 821 1507 890 Προσφὲρει
1570 822 1625 874 δὲ
1692 825 1724 892 ἡ

171 915 452 980 Ἐκκλησία
505 915 572 966 τά
609 912 704 965 τοῦ
758 911 1009 982 σώματος
1041 911 1209 964 αὑτοῦ
1240 913 1331 963 καλ¹
1361 912 1456 964 τοῦ
1494 913 1727 981 αἵματος

175 996 422 1074 σύμϐολα,
465 1005 577 1057 πᾶν
613 1003 676 1056 τὸ
720 1001 946 1073 φύραμα
985 1001 1072 1055 διὰ
1115 1002 1214 1069 τῆς
1256 1002 1509 1072 ἀπαρχῆς
1574 1003 1731 1070 ἁγιά-

175 1099 344 1161 ζουσα.

235 1194 290 1240 ε’.
327 1206 343 1237 ι
379 1185 587 1255 Κύριος
635 1187 697 1237 ἐκ
727 1184 914 1248 δεξιῶν
947 1201 1039 1236 σου
1090 1184 1414 1236 συνέθλασεν
1459 1185 1515 1235 ἐν
1547 1185 1731 1253 ἡμέρα

175 1279 326 1349 ὀργῆς
359 1277 528 1331 αὑτοῦ
563 1276 822 1347 βασιλεῖς.
871 1295 889 1327 ι
917 1274 1065 1338 Τοὺς
1091 1277 1145 1329 δὲ
1177 1274 1271 1328 νῦν
1306 1276 1730 1338 ἀντιτείνοντας,

175 1373 257 1425 καὶ
290 1371 728 1440 θρασυνομένους
757 1370 1024 1439 ἄρχοντάς
1058 1386 1115 1421 τε
1168 1370 1262 1422 καὶ
1296 1368 1554 1438 βασιλέας
1584 1371 1640 1421 ἐν
1666 1371 1730 1438 τῇ

177 1466 260 1532 τῇς
303 1462 539 1530 κρίσεως
581 1461 764 1529 ἡμέρᾳ
812 1459 1126 1528 παραδώσει
1170 1459 1410 1512 κολάσει.
1461 1459 1535 1510 Τὸ
1561 1460 1606 1490 ⁷⁵
1653 1459 1729 1521 δὲ,

181 1572 198 1603 ι
236 1555 430 1622 Κύριος
466 1553 531 1604 ἐκ
557 1550 744 1615 δεξιῶν
776 1569 891 1615 σου,
919 1571 936 1602 ›
966 1552 1106 1605 ἔοικε
1135 1551 1209 1620 τῷ
1243 1554 1300 1603 ὲν
1330 1549 1407 1620 τῷ
1443 1551 1736 1620 πέμπτῳ⁷⁶

179 1644 258 1697 καὶ
308 1643 520 1712 δεκάτῳ
565 1642 764 1712 ψαλμῷ
817 1643 881 1704 ⁷⁷,
944 1661 961 1692 ι
1011 1641 1370 1712 Προωρώμην
1403 1641 1511 1710 γὰρ
1556 1642 1601 1672 ⁷⁸
1641 1640 1734 1692 τὸν

1827 475 2046 514 carnem
2075 471 2250 527 ortus,
2289 478 2396 516 non
2428 461 2544 531 ipse
2569 463 2774 533 aliquid
2809 461 3065 525 oﬂerens,
3095 465 3188 519 sed
3234 475 3398 534 caput

1827 552 2098 610 exsistens
2125 568 2313 607 eorum
2358 554 2451 622 qui
2496 553 2749 609 oﬂ‘erunt.
2806 555 3017 624 Corpus
3045 557 3189 609 enim
3241 573 3397 611 suum

1832 643 2043 713 1397
2080 643 2379 699 Ecclesium
2404 656 2578 710 vocat,
2603 657 2654 700 ct
2680 663 2774 717 per
2803 663 2922 701 eam
2951 649 3256 720 sacerdotio
3285 649 3402 703 fun-

1829 734 1975 802 gitur
2003 745 2060 788 ut
2095 741 2278 798 homo,
2329 738 2519 806 recipit
2549 748 2727 793 autem
2763 755 2825 794 ea
2851 755 2972 809 quae
2993 739 3317 805 offeruntur,
3343 753 3400 796 ut

1831 823 1993 877 Deus.
2042 824 2210 879 Oﬂcrt
2253 843 2380 879 vero
2431 828 2673 882 Ecclesia
2719 831 2966 896 Corporis
3009 842 3061 885 et
3115 833 3400 902 sanguinis

1831 916 2102 985 symbola,
2141 925 2309 971 totam
2337 935 2570 974 massam
2606 937 2701 989 per
2728 923 2994 990 primitias
3028 925 3397 979 sanctilicans.

1906 1175 2070 1230 Vens.
2101 1178 2152 1231 5.
2183 1197 2200 1228 ι
2245 1177 2511 1232 Dominus
2543 1195 2573 1232 a
2602 1181 2836 1236 dexteris
2859 1183 2967 1236 tuis
3002 1184 3269 1255 confregit
3309 1187 3397 1241 die

1835 1268 1927 1321 irae
1956 1285 2066 1323 sua:
2091 1285 2266 1339 rcges.
2299 1288 2317 1319 ι
2349 1269 2631 1340 Principes
2663 1281 2715 1326 et
2741 1289 2894 1343 reges
2935 1291 3078 1329 nunc
3105 1293 3403 1347 repugnan-

1835 1370 1915 1414 tes
1971 1369 2024 1415 et
2065 1361 2407 1430 insurgentes
2441 1363 2527 1416 die
2565 1364 2757 1431 judicii
2805 1367 3086 1434 suppliciis
3132 1370 3400 1424 multabit.

1838 1450 1950 1506 Hoc
1983 1461 2187 1516 autem,
2229 1452 2484 1507 Dominus
2513 1472 2543 1506 a
2582 1455 2814 1508 dexteris
2841 1460 2962 1520 tuis,
2995 1459 3172 1512 simile
3202 1470 3284 1514 cst
3306 1462 3402 1523 illi,

1837 1542 1982 1611 quod
2018 1543 2069 1594 in
2114 1542 2324 1596 decimo
2356 1545 2547 1612 quinto
2574 1549 2787 1614 psalmo
2811 1548 3013 1601 dictum
3049 1560 3127 1602 cst
3159 1567 3169 1601 τ
3203 1568 3220 1600 ι
3258 1550 3404 1606 Prte-

1839 1634 2085 1687 videbam
2125 1633 2412 1687 Dominum
2461 1636 2512 1687 in
2541 1647 2832 1704 conspectu
2861 1654 2980 1690 meo
3005 1654 3237 1708 semper,
3268 1658 3407 1710 quo-

177 1735 363 1804 Κύριον
407 1707 644 1788 ένώπιδν
681 1707 783 1803 μου
812 1735 900 1787 διὰ
935 1707 1156 1796 παντὸς,
1178 1707 1272 1787 δτι
1303 1707 1366 1785 ἐκ
1409 1707 1599 1798 δεξιῶν
1634 1731 1733 1802 μού

1845 1726 1988 1779 niam
2023 1742 2051 1780 a
2093 1729 2332 1780 dexteris
2364 1737 2446 1780 est
2475 1729 2626 1784 mihi.
2663 1745 2728 1782 ne
2778 1747 3123 1786 commovear
3160 1743 3206 1785 γ.
3255 1754 3271 1785 ι
3313 1735 3404 1790 Et-

177 1828 327 1890 ἐστιν,
358 1827 444 1877 ἴνα
483 1825 560 1895 μὴ
592 1825 857 1878 σαλευθῶ.
900 1845 917 1874 ι
955 1826 1063 1878 Καὶ
1091 1825 1198 1893 γὰρ
1234 1825 1351 1876 ἐκεῖ
1379 1823 1738 1892 ἀνθρωπίνως

175 1918 316 1970 τοῦτο
344 1917 565 1987 εἴρηκε,
583 1917 676 1970 καὶ
692 1917 960 1985 δεδήλωκε
994 1917 1091 1984 τῆς
1118 1916 1410 1985 ἐνωθείσης
1438 1914 1652 1983 φύσεως
1679 1915 1739 1967 τὸ

177 2008 458 2080 ἀχώριστον
476 2025 488 2038 ·
511 2009 606 2060 καὶ
623 2008 854 2060 ἐνταῦθα
873 2006 916 2037 τ’
936 2007 1075 2059 κατὰ
1098 2006 1292 2058 ταυτὸν
1310 2007 1401 2059 καὶ
1427 2006 1496 2056 τά
1517 2004 1634 2057 θεῖα
1649 2005 1737 2058 λέ-

177 2119 272 2168 γει,
295 2101 386 2153 καὶ
401 2099 470 2153 τά
486 2098 826 2168 ἀνθρώπινα.
849 2098 920 2148 Τὸ
953 2097 1051 2165 μὲν
1072 2097 1232 2165 γὰρ,ι
1261 2095 1441 2149 Κάθου
1471 2097 1533 2147 ὲκ
1549 2093 1738 2158 δεξιῶν

182 2209 292 2258 μου,
328 2210 346 2241 ι
385 2194 449 2260 τῇ
484 2188 801 2259 ἀνθρωπεία
823 2187 980 2256 φύσει
1017 2187 1357 2256 πρόσφορονο
1381 2185 1441 2238 τὸ
1461 2187 1538 2250 δὲ,
1575 2204 1593 2236 ι
1643 2186 1740 2240 Ἐκ

178 2284 396 2352 γαστρὸς
434 2281 544 2350 πρὸ
569 2280 844 2349 ἑωσφόρου
885 2279 1149 2348 ὲγέννησά
1173 2295 1252 2340 σε,
1280 2297 1298 2328 ›
1323 2277 1616 2348 δηλωτικὸν
1641 2277 1739 2346 τῆς

179 2371 447 2442 θεότητος·
481 2372 545 2424 τὸ
583 2371 660 2434 δὲ,
697 2391 714 2422 ι
755 2371 828 2424 Σὺ
859 2367 908 2422 εῐ
946 2371 1122 2440 ἱερεὺς
1155 2371 1233 2432 είς
1269 2369 1442 2422 αἰῶνα
1467 2368 1534 2430 ⁸ο,
1576 2385 1594 2418 ι
1631 2367 1740 2419 πά-

179 2464 250 2515 λιν
279 2465 350 2526 ώς
380 2465 517 2534 πρὸς
553 2463 838 2534 ἄνθρωπον
866 2462 1105 2532 εἴρηται.
1139 2460 1414 2524 Ὡσαύτως
1434 2460 1490 2512 δὲ
1521 2459 1614 2512 καὶ
1642 2459 1703 2511 τὸ
1722 2498 1738 2522 ,

185 2569 201 2600 ι
244 2553 435 2620 Κύριος
467 2555 534 2604 ἐκ
569 2552 755 2616 δεξιῶν
790 2569 904 2617 σου,
939 2570 956 2603 ι
985 2551 1104 2604 ἀντὶ
1132 2550 1247 2617 τοῦ,
1268 2549 1572 2620 ἀχώριστον
1595 2549 1740 2620 ἔχεις

179 2643 265 2713 τὴν
295 2643 589 2696 ἑνωθεῖσαν
616 2643 864 2714 θεότητα.

244 2733 311 2797 ς’.
350 2752 367 2784 ι
411 2737 606 2807 Κρινεῖ
651 2736 708 2786 ὲν
739 2737 851 2796 τοῖς
880 2733 1080 2797 ἔθνεσι,
1117 2733 1396 2803 πληρώσει
1431 2731 1736 2802 πτώματα·

182 2825 451 2878 συνθλάσει
478 2826 721 2894 κεφαλάς
753 2827 844 2878 ἐπὶ
878 2826 978 2895 γῆς
1013 2825 1224 2878 πολλῶν
1253 2825 1319 2878 ⁸¹.
1351 2844 1369 2876 ι
1401 2825 1742 2896 Σαφέστερον

181 2913 396 2967 ἐνταῦθα
447 2913 551 2986 τὴν
593 2915 774 2985 κρίσιν
821 2915 1053 2984 ἐδήλωσε
1104 2915 1197 2968 καὶ
1239 2916 1320 2968 ὃτι
1369 2915 1490 2968 κατ’
1523 2915 1740 2986 ἐκείνην

1839 1817 1982 1870 enim
2026 1817 2097 1870 ibi
2125 1818 2280 1885 juxta
2319 1819 2713 1873 humanitatem
2751 1821 2853 1874 hoc
2885 1822 3040 1886 dixit,
3079 1833 3132 1876 et
3161 1823 3401 1878 declara-

1840 1908 1917 1962 vit
1980 1918 2183 1961 natura:
2223 1910 2388 1962 unita:
2426 1911 2944 1980 inseparabilitatem
2983 1924 3078 1968 :ct
3133 1915 3238 1969 hoc
3287 1919 3406 1972 loco

1842 1999 2003 2054 simul
2029 2010 2080 2053 et
2103 2000 2282 2054 divina
2309 2001 2461 2065 dicit,
2495 2012 2546 2056 et
2579 2003 2837 2058 humana.
2864 2003 2977 2059 Hoc
3008 2006 3173 2070 enim,
3213 2025 3230 2058 ι
3269 2007 3408 2062 Sede

1841 2101 1871 2138 a
1920 2086 2157 2140 dexteris
2203 2088 2359 2149 meis,
2399 2107 2416 2138 ι
2457 2089 2708 2143 humana:
2737 2093 2753 2109 ‘
2787 2101 2996 2145 natura:
3027 2094 3297 2162 congruit.
3341 2094 3409 2146 ll-

1843 2177 1932 2230 lud
1963 2192 2113 2238 vero,
2157 2196 2173 2227 ι
2214 2178 2288 2231 Ex
2325 2189 2482 2233 utero
2515 2188 2640 2233 ante
2668 2179 2951 2234 luciferum
2977 2183 3136 2251 genui
3168 2193 3238 2246 te,
3271 2203 3288 2234 ι
3325 2185 3408 2238 di-

1843 2269 2122 2322 vinitatem
2150 2270 2422 2334 declarat;
2453 2280 2504 2323 et
2539 2270 2670 2324 illud
2702 2286 2892 2326 rursus
2925 2289 2936 2323 :
2971 2291 2988 2322 ι
3028 2272 3106 2325 Tu
3144 2288 3203 2326 es
3233 2289 3409 2328 sacer-

1842 2361 1941 2415 dos
1976 2362 2029 2413 iu
2076 2370 2360 2426 aeternum,
2415 2381 2432 2412 ›
2485 2371 2744 2431 tanquam
2782 2361 2850 2416 ad
2898 2364 3170 2416 hominem
3201 2365 3404 2422 dictum

1841 2462 1944 2506 est.
1979 2453 2051 2506 Ita
2087 2467 2305 2521 quoque
2331 2452 2462 2504 illud
2497 2470 2510 2505 :
2555 2471 2572 2502 ι
2612 2451 2872 2508 Dominus
2902 2468 2930 2506 a
2962 2454 3199 2508 dexteris
3229 2456 3354 2517 tuis,
3386 2475 3403 2506 ι

1841 2543 2000 2612 quasi
2030 2543 2196 2606 dicat,
2248 2543 2579 2597 lndividuam
2625 2545 2790 2599 habes
2825 2545 3173 2614 conjunctam
3214 2546 3395 2600 divini-

1844 2643 2033 2690 tatem.

1919 2725 2084 2779 Vsus.
2107 2726 2160 2779 6.
2210 2747 2226 2777 ι
2253 2727 2525 2780 Judicabit
2555 2728 2696 2780 inter
2724 2727 2993 2790 nationes,
3019 2727 3261 2796 implebit
3285 2729 3402 2799 (tcr-

1845 2819 1984 2885 ram)
2018 2819 2318 2888 stragibus,
2362 2817 2760 2888 conquassabit
2800 2819 2978 2886 capita
3006 2818 3061 2872 iu
3099 2828 3238 2873 terra
3270 2823 3401 2875 mul-

1847 2920 2045 2964 torum.
2087 2931 2104 2962 ι
2137 2910 2476 2965 Manifestius
2501 2912 2602 2964 hoc
2626 2910 2745 2963 loco
2781 2909 3044 2977 judicium
3074 2910 3408 2966 demonsua-

181 3006 267 3074 τὴν
295 3007 506 3076 ἡμέραν
540 3007 907 3068 παντοδαπαῖς
941 3005 1258 3078 παραδώσει
1293 3009 1586 3079 τιμωρίαις
1613 3009 1734 3071 τοὺς

1845 3004 1938 3064 vit,
1967 3019 2133 3072 seque
2156 3003 2248 3055 illo
2283 3002 2369 3057 die
2402 3003 2651 3056 homines
2694 3003 2891 3070 impios
2924 3004 3178 3072 vitiisque
3231 3005 3409 3075 inqui-

181 3098 448 3168 δυσσεσείᾳ
483 3099 846 3169 συνεζηκὸτας
869 3115 883 3128 ’
925 3100 1020 3152 καὶ
1051 3099 1192 3153 κατὰ
1219 3100 1309 3152 τὸν
1339 3100 1582 3170 παρόντα
1612 3099 1740 3168 μέν·

180 3203 252 3239 τοι
302 3189 344 3219 δ’
402 3189 553 3259 βίον,
609 3190 834 3254 πολλαῖς
886 3191 1083 3253 αὐτοὺς
1155 3189 1413 3252 πολλάκις
1469 3189 1739 3253 παιδείαις

183 3279 424 3348 ὑπέϐαλε,
461 3283 563 3350 τὴν
613 3283 820 3335 οἰκείαν
864 3283 1096 3352 δύναμιν
1135 3282 1262 3345 τοὺς
1297 3280 1627 3350 ἀγνοοῦντας
1663 3281 1740 3334 δι-

181 3369 400 3426 δάσκων.

243 3459 303 3524 ζ’.
344 3481 362 3512 ι
413 3464 510 3516 Ἐκ
557 3466 858 3536 χειμάρρου
902 3465 960 3516 ὲν
993 3464 1098 3534 ὁδῷ
1148 3465 1351 3526 πίεται,
1388 3464 1477 3518 διὰ
1506 3465 1552 3496 ⁸³
1581 3463 1739 3517 τοῦτο

181 3549 368 3616 ὑψώσει
395 3553 663 3624 κεφαλήν.
703 3573 720 3606 ι
760 3553 956 3624 Πολλῇ,
987 3554 1172 3623 φησιν,
1201 3553 1627 3624 ἐνανθρωπήσας
1654 3555 1742 3606 εὑ-

180 3639 344 3710 τελείᾳ
380 3643 662 3712 χρήσεται,
692 3641 831 3694 ὥστε
861 3643 956 3694 καὶ
984 3645 1097 3704 τοῖς
1127 3642 1268 3695 κατὰ
1309 3643 1409 3712 τὴν
1437 3643 1555 3695 ὁδὸν
1589 3644 1738 3712 εὑρι-

184 3733 450 3800 σκομένοις
485 3732 639 3785 ὕδασι
673 3732 997 3803 θεραπεύειν
1040 3733 1103 3786 τὸ
1135 3733 1308 3802 δίψος.
1349 3736 1505 3786 Δοκεῖ
1546 3735 1602 3788 δέ
1646 3753 1737 3805 μοι

183 3819 264 3869 καὶ
293 3821 484 3890 ἑτέραν
536 3821 836 3892 βαθυτέραν
877 3822 1022 3891 ἔχειν
1065 3823 1098 3893 ἠ
1141 3823 1446 3893 προφητεία
1481 3821 1734 3878 διάνοιαν.

182 3908 432 3979 Ποτήριον
470 3912 589 3975 έθος
616 3913 762 3984 αὑτῴ
795 3913 856 3965 τὸ
887 3912 1058 3976 πάθος
1089 3913 1274 3966 καλεῖν
1297 3929 1312 3944 ·
1350 3931 1368 3964 ι
1394 3913 1577 3983 Πάτερ
1604 3913 1732 3984 γὰρ,

181 3999 293 4068 ἔφη,
341 4005 387 4056 εί
419 4003 662 4068 δυνατὸν,
707 4005 949 4075 παρέλθῃ
970 4004 1018 4036 ⁸⁵
1048 4005 1108 4056 τὸ
1147 4005 1398 4074 ποτήριον
1447 4005 1606 4058 τοῦτο
1639 4007 1738 4059 ἀπ’

181 4089 322 4158 ἐμοῦ·
363 4112 382 4145 ›
421 4095 783 4163 χειμάρῤουν
812 4096 867 4148 δὲ
892 4096 1017 4158 τοὺς
1060 4095 1348 4158 Ἰουδαίους
1379 4095 1551 4158 καλεῖ,
1586 4096 1736 4160 θείας

182 4183 270 4248 μὲν
314 4185 532 4254 χάριτος
571 4187 956 4257 τετυχηκότας,
1003 4187 1102 4239 οὑκ
1133 4187 1307 4240 ἀεὶδὲ
1351 4189 1553 4258 ταύτης
1599 4190 1734 4241 ἀπο-

177 4271 487 4340 λαύσαντας.
526 4277 789 4352 Καθάπερ
812 4278 920 4348 γάρ
947 4279 975 4330 ὁ
1002 4279 1336 4347 χειμάρρους
1378 4279 1477 4330 οὑκ
1509 4277 1734 4332 ἀένναον

1847 3103 2006 3148 natos
2069 3095 2352 3162 suppliciis
2402 3095 2744 3149 traditurum.
2796 3093 2863 3148 Et
2910 3110 3041 3149 sane
3085 3095 3136 3149 in
3177 3095 3280 3151 hac
3307 3098 3414 3153 vita

1846 3188 2045 3255 sacpius
2080 3189 2265 3242 multis
2295 3188 2748 3258 castigationibus
2784 3188 2907 3242 illos
2953 3189 3184 3258 punivit,
3229 3199 3409 3260 poten-

1846 3280 1974 3333 tiam
2007 3293 2158 3332 suam
2201 3278 2418 3348 ignaros
2448 3279 2668 3333 docens.

1916 3454 2083 3510 Vens.
2151 3457 2202 3509 7.
2244 3456 2284 3508 Ε
2335 3465 2583 3512 torrente
2653 3457 2706 3510 in
2769 3459 2856 3511 \ia
2901 3458 3081 3524 bibet,
3130 3470 3413 3530 propterea

1850 3547 2065 3618 1398
2091 3547 2354 3602 exaltabit
2386 3556 2569 3617 caput.
2613 3566 2632 3598 ι
2661 3547 2864 3614 ,Μιιὶιιῃ
2917 3550 3111 3619 inquit,
3160 3565 3283 3604 cum
3319 3553 3411 3607 ho-

1846 3654 1936 3692 mo
1999 3639 2173 3693 factus
2237 3639 2361 3699 erit,
2424 3638 2728 3693 humilitate
2769 3648 2973 3704 utetur,
3013 3641 3086 3694 ita
3153 3651 3209 3696 ut
3259 3645 3416 3713 aquis

1843 3731 2007 3783 etiam
2042 3745 2163 3798 qua:
2190 3730 2244 3782 in
2277 3730 2362 3782 via
2395 3730 2765 3795 inveniuntur,
2804 3731 2951 3785 sitim
2984 3732 3300 3802 restinguat.
3319 3735 3416 3789 Vi-

1844 3822 2002 3875 detur
2041 3830 2220 3874 autem
2276 3821 2410 3874 mihi
2456 3821 2775 3875 vaticinatio
2811 3836 3033 3877 sensum
3069 3823 3235 3877 alium
3283 3841 3409 3894 pro-

1846 3912 2154 3967 fundiorem
2187 3912 2410 3966 habere.
2439 3912 2674 3967 Calicem
2708 3913 2846 3968 solet
2882 3914 2994 3983 ipse
3023 3929 3239 3969 crucem
3275 3933 3412 3971 nun-

1843 4017 2057 4072 cupare.
2093 4022 2109 4052 ι
2137 4001 2296 4054 Pater
2319 4001 2484 4065 enim,
2519 4000 2717 4070 inquit,
2739 4002 2782 4055 si
2810 4003 3066 4070 possibile
3095 4014 3199 4070 est,
3235 4015 3411 4061 trans-

1841 4105 1930 4149 eat
1975 4095 2111 4148 calix
2163 4096 2267 4150 iste
2306 4110 2335 4148 a
2371 4111 2455 4149 me
2487 4105 2532 4148 ι.
2582 4114 2598 4146 ι
2636 4095 2944 4150 Torrentem
2997 4113 3148 4163 vero,
3193 4099 3412 4157 Judaeos

1841 4195 2019 4249 vocat,
2041 4187 2134 4255 qui
2160 4186 2399 4240 divinam
2431 4187 2648 4255 quidem
2678 4187 2909 4256 gratiam
2952 4188 3121 4254 nacti,
3164 4191 3258 4245 sed
3303 4207 3412 4247 non

1843 4294 2060 4348 semper
2097 4279 2198 4332 hac
2222 4279 2377 4347 p0titi
2412 4286 2559 4334 sunt.
2596 4278 3067 4344 Quemadmodum
3117 4285 3260 4337 enim
3293 4293 3406 4338 tor-

179 4360 276 4431 ἔχει
297 4364 390 4434 τὴν
415 4366 525 4419 τῶν
552 4368 759 4420 ὑδάτων
786 4369 976 4438 φοράν,
1006 4367 1142 4420 ἀλλὰ
1170 4370 1234 4420 ὲκ
1263 4369 1370 4420 τῶν
1399 4369 1734 4438 τικτομένων

1845 4384 1970 4422 rens
2018 4383 2126 4420 non
2159 4384 2451 4437 perennem
2506 4383 2774 4438 aquarum
2828 4368 3031 4422 ﬂuxum
3087 4369 3273 4440 habet,
3315 4376 3408 4428 sed

177 4450 236 4504 ὲκ
283 4455 386 4508 τῶν
440 4458 618 4525 νεφῶν
665 4461 976 4513 συνίσταται
1021 4461 1224 4512 ὑετῶν·
1279 4460 1452 4524 οὕτως
1495 4461 1738 4515 Ἰουδαῖοι

176 4543 500 4618 πρόσκαιρον
553 4549 709 4619 ἔσχον
743 4550 836 4603 τοῦ
885 4552 1048 4621 νόμου
1099 4553 1199 4621 τὴν
1247 4553 1428 4622 χάριν,
1478 4547 1589 4606 οἷον
1633 4554 1739 4607 ἀπό

175 4646 323 4686 τινων
355 4637 532 4705 νεφῶν
561 4639 668 4692 τῶν
703 4642 997 4711 προφητῶν
1031 4643 1464 4712 χορηγουμένην.
1497 4643 1734 4710 Μετάξδὲ

175 4723 334 4777 ταῦτα
377 4730 470 4781 τοῦ
506 4731 696 4800 θέρους
745 4735 1028 4800 φανέντος,
1077 4736 1217 4787 κατά
1258 4735 1358 4804 τὴν
1389 4733 1482 4786 τοῦ
1528 4736 1733 4805 Κυρίου

176 4817 382 4887 φωνήνο
424 4838 444 4872 ι
497 4821 767 4892 Ἐπάρατε
809 4823 854 4856 ⁸⁵
891 4825 1016 4893 γάρ,
1067 4826 1218 4893 φησὶ,
1257 4826 1382 4886 τοὺς
1423 4824 1733 4894 ὀφθαλμοὺς

175 4901 340 4972 ὑμῶν,
372 4911 470 4963 καὶ
495 4912 719 4982 βλέπετε
750 4915 796 4944 ⁸⁸
826 4916 904 4974 εἰς
932 4915 1030 4976 τὰς
1060 4915 1265 4984 χώρας,
1294 4915 1376 4967 ὃτι
1406 4915 1598 4968 λευκαί
1626 4918 1733 4970 εἰσι

176 4994 302 5063 πρὸς
356 5000 647 5072 θερισμὸν⁹
710 5022 728 5053 ι
779 5005 1089 5071 ἀναγκαίως
1157 5007 1185 5058 ὁ
1249 5007 1581 5076 χειμάρρους
1635 5007 1733 5076 τῆς

175 5199 203 5238 7
231 5192 372 5249 Psal.
405 5212 492 5260 xv,
533 5196 584 5250 8.
668 5208 688 5234 ι
721 5198 908 5253 Matth.
940 5216 1088 5263 xxvr,
1122 5201 1208 5256 59.
1285 5214 1308 5241 α
1340 5201 1499 5256 Joau.
1535 5217 1604 5265 tv,
1640 5201 1728 5254 55'.

1843 4475 1908 4514 ex
1948 4459 2238 4522 imbribus,
2293 4458 2386 4528 qui
2428 4473 2492 4512 ex
2530 4458 2771 4513 nubibus
2816 4459 3135 4528 gignuntur,
3184 4463 3406 4516 oritur:

1843 4551 1921 4604 sic
1956 4547 2126 4603 Judaai
2181 4549 2470 4603 durantem
2523 4551 2588 4602 ad
2625 4559 2837 4619 tempus
2871 4551 3098 4620 gratiam
3146 4551 3278 4622 legis
3315 4553 3410 4606 ha-

1841 4640 2100 4705 buerunt,
2153 4655 2181 4691 a
2239 4641 2412 4694 sacris
2467 4639 2769 4708 prophetis,
2817 4640 2962 4692 velut
3011 4655 3038 4692 a
3080 4641 3406 4708 quibusdam

1840 4731 2078 4786 nubibus
2112 4731 2534 4801 suppeditatam.
2589 4731 2784 4786 Postea
2813 4747 2962 4793 vero,
3001 4741 3196 4786 aestate
3242 4745 3408 4801 appe-

1841 4834 2008 4886 tente,
2057 4825 2358 4878 secundum
2399 4823 2611 4877 Domini
2651 4840 2839 4878 vocent
2871 4842 2882 4876 :
2921 4844 2938 4874 ι
2984 4823 3180 4878 Levate
3215 4823 3406 4878 oculos

1841 4926 2074 4981 vestros,
2108 4926 2161 4969 et
2191 4917 2370 4970 videte
2399 4917 2668 4986 regiones,
2721 4919 2978 4984 quoniam
3012 4919 3148 4972 alba:
3177 4924 3306 4972 sunt
3335 4917 3401 4971 ad

1843 5024 2073 5062 messem
2112 5022 2175 5075 ιι,
2226 5028 2244 5059 ι
2292 5008 2603 5063 necessario
2653 5018 2866 5063 torrens
2919 5009 3084 5078 priori
3136 5025 3402 5079 aquarum

1267 5340 1501 5396 VARI/1“.
1535 5339 1914 5396 LECTIONES
1945 5339 2027 5393 ET
2052 5336 2282 5394 ΝΟΤᾹΞ.

245 5452 289 5524 τί*
323 5452 394 5507 Τὸ
423 5485 490 5495 -
540 5456 710 5509 ἑνωθ.
746 5458 1013 5523 θεότητα.
1056 5455 1215 5512 Conf.
1271 5457 1336 5511 ad
1374 5459 1429 5511 h.
1460 5459 1494 5511 l.
1545 5474 1667 5524 quae
1715 5458 1728 5510 i

1845 5456 2128 5511 Michaelis
2167 5457 2202 5508 l.
2236 5473 2286 5509 e.
2319 5470 2373 5519 p.
2402 5456 2526 5520 589,
2577 5456 2809 5509 monuit.

2916 5456 2960 5485 ⁷⁸
2994 5456 3116 5508 cod.
3158 5456 3178 5507 1
3218 5457 3402 5509 πέντε.

245 5523 481 5605 traduci).
512 5526 680 5605 cod._l
717 5518 1230 5605 ΙηἚῐηᾼείρημένιι)⁵
1269 5597 1279 5605 _
1307 5527 1507 5605 ⁷⁸1ξάρ.
1541 5518 1708 5582 Abest

1845 5528 1902 5580 id.
1941 5527 1990 5580 1.
2068 5518 2440 5605 ⁷⁸18ντοιῦθᾳ.
2469 5518 2591 5605 cod.
2624 5526 2800 5605 Ladd.
2835 5524 3036 5579 τοίνυν.
3102 5523 3160 5605 ,δίξ
3183 5524 3402 5605 Αὶῶνιι,

176 5596 287 5644 cod.
326 5595 346 5645 1
380 5610 564 5662 prmm.
601 5594 725 5647 τόν.
790 5594 832 5626 ⁸¹
870 5594 1138 5650 Πολζιῶν.
1190 5595 1352 5651 Hebr.
1388 5599 1571 5666 (super
1633 5607 1734 5651 terr

191 5658 312 5715 ihid.
391 5665 437 5696 ⁸⁸
465 5665 583 5719 cod.
620 5665 640 5717 1
676 5665 988 5722 παρελθεῖν.
1066 5667 1110 5696 ⁸⁵
1153 5667 1273 5718 cod.
1312 5667 1334 5719 1
1370 5668 1556 5722 ἄρατε.
1635 5667 1679 5698 ⁸⁸
1703 5682 1731 5722 c

1845 5613 2056 5722 "res:

1703 5682 1824 5722 COtl.

191 5658 312 5715 ihid.
380 5658 437 5696 ’⁸⁸
465 5665 583 5719 cod.
620 5665 640 5717 1
676 5665 988 5735 παρελθεῖν.
1066 5667 1110 5696 ⁸⁵
1153 5667 1273 5718 cod.
1312 5667 1334 5719 1
1370 5658 1556 5737 ἄρατε.

2132 5597 2178 5628 ⁸⁸
2203 5597 2324 5652 cod.
2372 5597 2396 5650 1
2435 5597 2553 5666 μέν.
2629 5595 2676 5628 ³³
2697 5596 2802 5648 Διὰ
2835 5623 2902 5636 -—
2930 5594 3224 5663 κεφαλήν.
3277 5595 3404 5654 Des.

1963 5666 2182 5736 λέψατε.
