3890 6320
485 310 623 376 ῙἘΤΞ)

1432 308 1927 369 THEODORETI
1968 305 2313 367 EPISCOPI
2342 309 2714 370 CYRENSIS

3611 303 3746 365 1730

478 421 612 478 Nam
650 431 705 476 et
738 436 837 477 nos
868 420 1195 490 pureipsum
1216 418 1443 488 precati,
1469 418 1720 476 hostibus
1739 416 2057 488 superiores

2170 414 2412 487 πληροῦν
2443 415 2874 488 προαιρούμενοι
2924 413 3022 484 τῆς
3066 411 3229 466 αὑτοῦ
3279 410 3623 482 προμηθείας
3665 413 3743 462 δι-

479 515 774 569 evasimus.
811 511 924 566 Hoc
962 512 1108 566 enim
1149 528 1241 582 per
1283 528 1345 568 ea
1387 529 1510 584 qua:
1544 524 1849 584 sequuntur
1876 511 2059 567 decla-

480 607 639 661 ravit.

549 785 717 842 Vens.
748 788 800 841 9.
847 805 864 838 ι
902 786 1355 854 Redemptionem
1398 789 1546 842 misit
1584 786 1850 842 Dominus
1882 802 2058 857 popu-

477 879 531 931 lo
560 894 685 945 suo,
724 880 1010 934 mandavit
1040 880 1221 935 ftetlus
1253 896 1414 934 suum
1457 880 1510 934 in
1547 891 1839 936 αξιοι-ηοω.
1879 898 1898 932 ι
1933 877 2060 933 Pol-

476 966 805 1024 licitationes
850 970 995 1023 enim
1044 969 1131 1023 Dei
1188 986 1292 1023 non
1343 971 1504 1025 modo
1543 978 1673 1025 sunt
1714 969 2055 1035 verissimm,

475 1060 570 1115 sed
589 1061 753 1115 etiam
776 1062 827 1116 in
853 1072 1112 1117 teternnm
1138 1074 1480 1131 permanent.
1504 1081 1520 1112 ι
1547 1062 1810 1117 Sanctum
1826 1071 1878 1116 et
1900 1063 2058 1116 terri-

476 1154 585 1209 bile
619 1170 817 1210 nomen
851 1156 992 1225 ejus.
1032 1175 1049 1208 ι
1090 1156 1162 1209 Iis
1190 1156 1335 1209 enim
1374 1157 1470 1226 qui
1501 1157 1754 1219 credunt,
1802 1165 2054 1211 sanctum

474 1256 531 1302 ct
565 1248 974 1318 optatissimum
1007 1260 1109 1312 est,
1145 1258 1198 1303 et
1226 1250 1496 1305 bonorum
1534 1252 1747 1320 copiam
1783 1249 2052 1304 fundens:

475 1339 792 1394 incredulos
819 1354 971 1404 vero,
995 1350 1048 1395 et
1076 1341 1222 1396 vitiis
1250 1342 1482 1405 deditos,
1509 1344 1739 1411 castigat
1765 1352 1818 1397 et
1848 1343 2052 1413 plectit.

547 1514 712 1569 Vens.
768 1515 856 1569 10.
901 1535 919 1567 ι
962 1517 1176 1571 Initium
1210 1520 1493 1587 sapientize
1543 1520 1709 1573 timor
1756 1520 1988 1575 Domini.
2029 1542 2047 1571 ι

476 1604 703 1674 Oportet
739 1608 908 1677 igitur
939 1607 1115 1678 ipsum
1153 1609 1346 1664 timere
1372 1623 1427 1664 et
1459 1620 1714 1666 tremere.
1760 1611 1871 1668 Iloc
1907 1613 2052 1667 enim

474 1703 561 1750 est
595 1697 833 1766 primum
883 1698 1215 1753 elementum
1257 1700 1457 1755 divinae
1498 1702 1781 1757 tloctrinaa.
1829 1703 2054 1771 Sapien-

472 1785 600 1839 tiam
641 1785 812 1852 enim,
852 1803 961 1842 non
999 1796 1146 1843 recte
1168 1788 1426 1859 loquendi
1473 1789 1811 1856 facultatem,
1849 1795 1942 1848 sed
1970 1795 2055 1848 (li-

476 1876 731 1930 vinorum
759 1879 1128 1949 cognitionem
1157 1889 1333 1935 vocat.
1361 1881 1438 1935 Ad
1465 1882 1671 1939 tirones
1697 1885 1861 1954 igitur
1892 1886 2055 1941 timor

478 1976 687 2035 spectat
723 1970 1128 2039 :perfeetorum
1184 1982 1366 2028 autem
1410 1975 1701 2031 charita‘tis
1748 1981 2049 2047 possessio.

482 2077 501 2109 ι
556 2057 870 2118 Intellectus
899 2074 1080 2120 autem
1116 2066 1296 2122 bonus
1325 2069 1582 2123 omnibus
1618 2070 1946 2127 facientibus
1990 2074 2057 2126 il-

479 2152 590 2204 Iud.
631 2171 649 2202 ι
684 2153 766 2207 Ad
799 2153 1189 2223 perfectionem
1237 2160 1384 2213 enim
1429 2176 1536 2214 nun
1584 2162 1718 2216 satis
1753 2172 1838 2217 est
1866 2166 2055 2235 cogni-

476 2240 575 2305 tio,
610 2244 705 2297 sed
743 2247 1137 2316 contemplatio
1169 2251 1384 2306 actione
1422 2253 1627 2324 indiget
1663 2273 1676 2309 :
1708 2265 1764 2310 et
1801 2260 2057 2314 convenit

475 2348 598 2386 eum
625 2337 718 2405 qui
763 2338 952 2393 divino
980 2342 1258 2398 intellectu
1286 2344 1523 2401 donatus
1551 2356 1655 2413 est,
1688 2351 2052 2419 cognitionem
2092 2390 2098 2395 .

474 2430 733 2496 operibus
763 2446 984 2501 ornare,
1019 2445 1073 2490 et
1108 2452 1205 2507 per
1229 2438 1370 2494 hanc
1400 2440 1709 2499 intellectus
1741 2443 2052 2515 largitorem

475 2522 680 2575 colere.
737 2542 755 2574 ί
794 2523 940 2582 Laus
978 2527 1099 2597 ejus
1152 2538 1336 2586 manet
1374 2531 1427 2585 in
1470 2534 1729 2588 sreculum
1762 2537 1970 2591 saeculi.
2030 2556 2049 2589 ι

478 2611 626 2670 Satis
659 2627 784 2687 apte
816 2618 919 2674 hoc
949 2623 1115 2677 etiam
1147 2626 1426 2693 apposuit,
1459 2626 1666 2684 docens
1694 2628 1913 2686 virtutis
1938 2639 2055 2685 stu-

476 2708 691 2764 diosum
747 2712 984 2768 fructum
1026 2715 1156 2772 hinc
1198 2727 1501 2789 reportare.
1545 2721 1690 2776 Deus
1719 2724 1888 2791 enim,
1931 2723 2058 2779 licet

479 2814 640 2853 nemo
670 2800 846 2870 ipsum
874 2804 1098 2861 laudare
1129 2808 1311 2874 vellet,
1343 2810 1738 2879 sempiternum
1774 2821 1829 2866 et
1859 2829 2057 2883 percn-

477 2907 599 2946 nem
645 2894 806 2949 babet
831 2895 1116 2968 hymnum.
1163 2899 1320 2956 IIune
1368 2917 1534 2971 porro
1587 2904 1854 2973 psalmum
1911 2909 2055 2977 apud

476 2982 735 3041 IIebrreos
767 2992 859 3058 p‘er
889 2992 1288 3048 elementorum
1316 2995 1511 3051 seriem
1537 2999 1906 3068 conscriptum
1926 3015 2055 3055 esse

2087 1756 2128 1810 Β

2159 506 2373 578 ηνεκῶς
2426 508 2777 563 ἀπολαύουσι.
2811 508 2924 561 Καὶ
2976 506 3084 578 γὰρ
3127 507 3287 577 ἡμεῖς
3308 503 3548 574 γνησίως
3581 504 3742 557 αὐτὸν

2161 600 2543 665 ἱκετεύσαντες
2569 601 2849 673 κρείττους
2873 599 2983 653 τῶν
3012 596 3293 669 δυσμενῶν
3322 595 3738 666 ἀπεφάνθημεν.

2161 692 2333 746 Τοῦτο
2353 692 2463 764 γὰρ
2492 693 2580 746 διὰ
2613 693 2722 745 τῶν
2747 691 3106 761 ἐπαγομένων
3143 689 3399 759 ἐδήλωσε.

2232 786 2296 838 θ’.
2336 809 2354 836 ι
2391 786 2681 857 Λύτρωσιν
2727 784 3015 838 ἀπέστειλε
3056 781 3262 854 Κύριος
3296 782 3333 813 ¹¹
3368 779 3448 849 τῷ
3490 777 3609 847 λαῷ
3646 778 3741 831 αύ-

2158 878 2275 940 τοῦ.
2321 879 2625 932 ἐνετείλατο
2654 880 2733 941 εἰς
2764 879 2856 930 τὸν
2882 876 3051 930 αἰῶνα
3081 874 3345 943 διαθήκην
3399 872 3441 903 ¹¹
3488 869 3680 924 αὑτοῦ.
3717 889 3734 920 ι

2159 973 2225 1024 Δί
2261 958 2370 1042 γὰρ
2399 969 2491 1023 τοῦ
2523 968 2660 1023 Θεοῦ
2691 968 3014 1039 ὑποσχέσεις
3045 968 3105 1020 οὖ
3156 965 3314 1035 μόνον
3375 962 3437 1015 τὸ
3486 960 3737 1030 ἀψευδὲς,

2159 1062 2299 1116 ἀλλὰ
2336 1063 2428 1114 καὶ
2463 1062 2521 1115 τὸ
2558 1062 2780 1132 διαρκὲς
2827 1060 3059 1130 ἔχουσιν.
3098 1076 3115 1108 ι
3159 1058 3351 1125 ’Λγιον
3382 1053 3477 1107 καὶ
3510 1052 3740 1123 φοϐερὸν

2157 1153 2218 1206 τὸ
2245 1154 2416 1224 ὄνομα
2447 1153 2637 1207 αὑτοῦ.
2678 1172 2697 1205 ›
2732 1154 2857 1216 Τοῖς
2890 1151 2989 1222 μὲν
3011 1149 3137 1219 ,γὰρ
3174 1146 3521 1201 πιστεύουσιν
3560 1145 3735 1210 ἆγιον,

2159 1248 2253 1300 καὶ
2282 1247 2609 1319 τριπόθητον
2628 1247 2721 1299 καὶ⁵
2743 1244 2987 1315 πηγάζω
3017 1242 3126 1296 τῶν
3154 1239 3375 1309 ἀγαθῶν
3401 1238 3501 1309 τὴν
3530 1234 3705 1307 φοράν
3723 1251 3734 1265 ·

2158 1340 2282 1403 τοὺς
2315 1340 2368 1393 δὲ
2400 1339 2786 1400 ἀπιστοῦντας,
2823 1337 2916 1391 καὶ
2962 1332 3278 1407 παρανομίᾳ
3314 1329 3616 1393 συζῶντας,
3647 1343 3736 1380 κο·

2157 1432 2306 1495 λάζει
2344 1431 2439 1484 καὶ
2483 1432 2833 1501 τιμωρεῖται.

2234 1533 2284 1578 ι’.
2340 1544 2357 1575 ι
2412 1527 2584 1595 Ἀρχὴ
2631 1523 2822 1591 σοφίας
2866 1521 3029 1589 φόϐος
3072 1519 3298 1589 Κυρίου.
3356 1535 3374 1566 ι
3410 1512 3737 1577 Ἀναγκαῖον

2157 1618 2338 1671 τοίνυν
2375 1617 2538 1669 αὐτὸν
2580 1616 2810 1669 δεδιέναι
2839 1613 2932 1691 καὶ
2964 1612 3210 1680 τρέμειν.
3243 1606 3412 1660 Τοῦτο
3444 1603 3554 1672 γὰρ
3589 1599 3739 1668 πρῶ·

2156 1727 2246 1763 τον
2277 1711 2374 1778 τῆς
2407 1709 2557 1771 Θείας
2580 1706 2931 1767 διδασκαλίας
2964 1703 3246 1771 στοιχεῖον.
3280 1697 3508 1765 Σοφίαν
3537 1692 3648 1762 γὰρ
3677 1692 3738 1744 οὐ

2158 1800 2255 1869 τὴν
2287 1798 2621 1865 εὐγλωττίαν
2650 1797 2825 1864 λέγει,
2868 1793 3003 1846 ἀλλὰ
3030 1791 3128 1862 τὴν
3171 1789 3277 1842 τῶν
3309 1787 3466 1840 θείων
3495 1784 3737 1851 ἐπίγνω-

2159 1909 2264 1944 σιν.
2301 1892 2701 1957 Είσαγωγικοῖς
2745 1887 2926 1940 τοίνυν
2972 1887 3000 1938 ὁ
3030 1882 3228 1953 φόϐος¹
3276 1878 3385 1932 τῶν
3430 1878 3487 1930 δὲ
3515 1873 3737 1927 τελείων

2157 1983 2253 2052 τῆς
2282 1982 2505 2049 ἀγάπης
2547 1981 2579 2049 ἠ
2613 1978 2822 2048 κτῆσις.
2860 1994 2878 2027 ι
2916 1973 3135 2035 Σύνεσις
3171 1972 3227 2025 δὲ
3258 1968 3436 2038 ἀγαθὴ
3464 1969 3598 2021 πᾶσι
3630 1973 3739 2028 τοῖς

2157 2074 2403 2129 ποιοῦσιν
2452 2074 2642 2142 αὐτην.
2693 2090 2709 2121 ι
2755 2070 2870 2123 Οὐκ
2917 2068 3079 2137 ἀρκεῖ
3104 2065 3212 2134 γὰρ
3261 2064 3342 2125 είς
3384 2057 3733 2127 τελείωσινή

2156 2167 2380 2236 γνῶσις,
2431 2165 2567 2217 ἀλλὰ
2614 2161 2806 2234 χρῄζει
2851 2162 2886 2231 ἡ
2917 2159 3125 2228 θεωρία
3167 2158 3264 2223 τῆς
3311 2151 3587 2223 πράξεως,
3642 2149 3736 2199 καὶ

2160 2260 2427 2331 προσήκει
2475 2257 2568 2309 τὸν
2615 2257 2713 2322 τῆς
2761 2253 2914 2315 θείας
2958 2249 3260 2321 ἠξιωμένον
3315 2244 3582 2304 συνέσεως
3623 2242 3735 2304 τοῖς

2157 2348 2336 2421 ἔργοις
2368 2346 2466 2417 τὴν
2513 2343 2713 2413 γνῶσιν
2757 2343 3004 2411 κοσμεῖν,
3054 2340 3147 2393 καὶ
3190 2337 3278 2390 διὰ
3321 2333 3528 2400 ταύτης
3570 2331 3734 2401 θεραο

2158 2442 2344 2493 πεύειν
2377 2440 2469 2491 τὸν
2497 2438 2594 2507 τῆς
2640 2435 2910 2496 συνέσεως
2947 2433 2991 2464 ¹³
3040 2430 3296 2502 χορηγόν.
3329 2444 3350 2479 ί
3413 2425 3481 2478 Ἠ
3527 2424 3734 2484 αῐνεσις

2156 2531 2322 2587 αὐτοῦ
2361 2531 2512 2601 μένει
2539 2531 2622 2592 είς
2649 2526 2740 2581 τὸν
2778 2525 2950 2580 αἰῶνα
2976 2523 3070 2576 τοῦ
3101 2521 3310 2582 αἰῶνος.
3349 2537 3368 2569 ι
3395 2512 3733 2574 Ἀκολούθως

2159 2625 2252 2678 καὶ
2291 2622 2450 2677 τοῦτο
2490 2618 2865 2692 προστέθεικε,
2904 2615 3171 2669 διδάσκων
3205 2611 3280 2672 ὡς
3322 2610 3351 2661 6
3398 2609 3499 2675 τῆς
3534 2602 3730 2673 ἀρετῆς

2157 2715 2393 2786 ἐραστὴς
2429 2713 2590 2775 αὐτὸς
2610 2711 2672 2764 τὸ
2694 2707 2942 2762 ἐντεῦθεν
2974 2704 3257 2774 πορίζεται
3285 2700 3497 2770 κέρδος.
3540 2697 3602 2750 ’.Ο
3628 2694 3729 2786 γάρ

2157 2784 2310 2874 Θεὸς,
2350 2784 2462 2860 -κᾶν
2509 2803 2694 2876 μηδεὶς
2732 2801 2920 2870 ὑμνεῖν
2971 2796 3168 2859 ἐθέλει,
3215 2791 3433 2845 αἰώνιον
3482 2788 3594 2858 ἔχει
3644 2784 3730 2836 τὸν

2159 2899 2327 2970 ὕμνον
2368 2898 2462 2950 καὶ
2487 2894 2702 2965 διαρκῆ.
2732 2891 2932 2944 Τοῦτον
2980 2889 3162 2960 μέντοι
3206 2885 3297 2938 τὸν
3324 2880 3545 2952 ψαλμον
3590 2876 3729 2931 κατὰ

2161 2989 2432 3060 στοιχεῖόν
2474 3004 2639 3057 φασιν
2679 2983 2954 3054 Ἑϐραίοις
2980 2976 3308 3050 γεγράφθαι,
3343 2973 3440 3028 καὶ
3469 2970 3614 3025 κατὰ
3638 2972 3729 3039 τὴν

478 3083 821 3138 asserunt,et
864 3080 1166 3134 secundum
1204 3082 1509 3139 litterarum
1542 3089 1791 3143 ordinem
1827 3105 2043 3160 compo-

2168 3084 2259 3136 τῶν
2309 3081 2590 3152 στοιχείων
2636 3075 2965 3132 ἀκολουθίαν
3020 3069 3360 3140 συγκεῖσθαι.
3397 3065 3511 3119 Καὶ
3554 3066 3582 3116 6
3622 3062 3731 3132 μετ’

479 3166 645 3220 situm
672 3185 814 3223 esse.
855 3172 1032 3227 Simili
1068 3177 1230 3231 modo
1259 3181 1599 3249 compositus
1635 3192 1718 3237 est
1752 3185 2055 3253 proximus.

745 3282 957 3355 1M3
997 3286 1272 3343 INTERP.
1323 3291 1575 3348 PSALNII
1635 3294 1775 3351 CXI.

551 3397 802 3454 Alleluia.
830 3401 1117 3472 Inscriptio
1136 3406 1300 3460 etiam
1325 3408 1470 3463 hunc
1497 3412 1765 3479 psalmum
1797 3414 2056 3485 hymnum

483 3500 762 3559 nuncupat
798 3512 810 3547 :
857 3494 1076 3562 pictatis
1108 3512 1235 3553 vero
1281 3499 1587 3556 doctrinam
1633 3504 1944 3562 volentibus
1973 3509 2057 3562 af-

484 3581 608 3635 fert.

556 3671 719 3729 Vens.
751 3675 801 3730 l.
849 3697 866 3728 ι
904 3677 1108 3735 Beatus
1141 3683 1221 3736 vir
1248 3685 1343 3752 qui
1367 3686 1836 3745 timetvDominum
1869 3708 2061 3747 :man—

482 3764 624 3821 datis
663 3767 784 3838 ejus
813 3771 968 3825 valde
997 3771 1375 3831 delectabitur.
1410 3796 1429 3829 ι
1483 3780 1586 3845 Qui
1617 3781 1719 3835 bac
1754 3785 2059 3838 reverentia

485 3858 763 3925 prteditus,
805 3860 1101 3933 divinoque
1133 3864 1325 3921 timore
1361 3867 1581 3923 indutus
1608 3878 1708 3930 est,
1739 3884 1901 3926 omne
1929 3887 2061 3941 con-

483 3949 667 4005 silium
707 3955 720 3971 ‘
766 3968 925 4008 suum
963 3955 1017 4009 in
1073 3956 1383 4013 divinorum
1437 3962 1786 4018 oraculorum
1828 3980 2060 4022 exsecu-

481 4043 685 4099 tionem
713 4047 994 4110 transfert,
1025 4057 1223 4104 etcum
1255 4052 1404 4106 omni
1436 4054 1605 4108 animi
1635 4055 1917 4112 alacritate
1946 4058 2061 4114 hmc

481 4136 711 4205 implere
743 4138 984 4193 festinat.
1032 4140 1235 4197 Deinde
1278 4144 1619 4200 demonstrat
1662 4147 1850 4202 talium
1891 4150 2059 4205 semi-

482 4243 613 4281 num
653 4228 909 4285 fructum.

554 4317 721 4376 Vens.
753 4322 806 4376 2.
864 4342 882 4375 ι
926 4323 1129 4379 Potens
1180 4326 1233 4379 in
1285 4335 1427 4381 terra
1478 4330 1583 4384 erit
1617 4346 1800 4387 semen
1854 4334 1994 4402 ejus.
2034 4354 2052 4386 ι

2160 3176 2322 3230 αὑτὸν
2351 3174 2407 3229 δέ
2430 3170 2628 3242 ὁμοίως
2653 3169 2957 3237 σύγκειται.

2462 3307 2732 3362 ΕΡΜΗΝ.
2773 3305 2909 3360 ΤΟΥ
2950 3301 3074 3357 PIA’
3111 3298 3427 3355 ΨΛΛΜΟΥ.

2229 3425 2608 3491 “unum.
2656 3397 2862 3492 Ὕμνον
2886 3420 2929 3450 ίδ
2951 3417 3106 3471 καλεῖ
3132 3415 3227 3469 καὶ
3258 3412 3450 3466 τοῦτον
3482 3408 3577 3462 τὸν
3603 3405 3735 3477 ψαλ-

2163 3518 2262 3587 μὸν
2291 3518 2324 3588 ή
2349 3513 2629 3584 ἐπιγραφή
2651 3527 2666 3543 ·
2696 3508 3044 3565 διδασκαλίαν
3074 3507 3131 3561 δέ
3166 3504 3451 3565 εὐσεϐείας
3476 3503 3592 3564 τοῖς
3619 3499 3734 3569 βου·

2160 3610 2218 3662 λο
2227 3608 2405 3678 μένοις
2431 3604 2751 3676 προσφέρει.

2230 3707 2298 3754 α’.
2338 3719 2355 3751 ι
2388 3698 2673 3765 Μακάριος
2699 3694 2837 3764 ἀνὴρ
2877 3694 2905 3746 ὁ
2945 3690 3274 3760 φοϐούμενος
3298 3687 3390 3740 τὸν
3425 3686 3653 3756 Κύριον,
3681 3685 3734 3736 ἐν

2158 3795 2279 3857 ταῖς
2317 3790 2560 3852 ἐντολαῖς
2590 3787 2755 3842 αὐτοῦ
2799 3782 3271 3856 θελήσεισφόδρα.
3309 3797 3328 3829 ι
3369 3778 3430 3831 ὐ
3459 3776 3632 3846 ταύτῃ
3670 3777 3733 3844 τῇ

2161 3883 2416 3952 εὐλαϐείᾳ
2463 3879 2874 3950 κοσμούμενος.
2922 3876 3014 3927 καὶ⁵
3066 3873 3126 3926 τὸ
3167 3872 3311 3924 θεῖον
3356 3867 3737 3938 περικείμενος

2159 3977 2301 4042 δέος,
2337 3977 2517 4028 πᾶσαν
2543 3970 2709 4026 αὑτοῦ
2741 3970 2839 4040 τὴν
2861 3967 3055 4038 βουλὴν
3086 3967 3165 4028 εἰς
3183 3965 3282 4034 τὴν
3316 3961 3426 4014 τῶν
3451 3960 3614 4013 θείων
3654 3957 3737 4008 λοι

2160 4070 2295 4138 γίων
2328 4066 2678 4135 ἐκπλήρωσιν
2713 4059 3053 4133 μετατίθησι,
3088 4057 3182 4110 καὶ
3215 4056 3311 4108 σῦν
3351 4053 3506 4124 πάσῃ
3540 4052 3735 4120 προθυ-

2164 4163 2264 4234 μία
2294 4158 2532 4229 πληροῦν
2557 4156 2732 4210 ταῦτα
2763 4153 3061 4221 ἐπείγεται.
3090 4146 3223 4203 Εἶτα
3251 4146 3492 4201 δείκνυσι
3522 4144 3611 4196 τὸν
3632 4142 3731 4195 τῶν

2160 4255 2416 4308 τοιούτων
2452 4253 2495 4284 ¹⁵
2525 4248 2861 4320 σπερμάτων
2886 4243 3115 4315 καρπόν.

2236 4346 2301 4417 β’.
2341 4366 2361 4397 ι
2398 4342 2631 4397 Δυνατὸν
2661 4343 2719 4394 ἐν
2751 4342 2818 4409 τῇ
2856 4340 2924 4408 γῇ
2955 4336 3107 4389 ἔσται
3133 4335 3193 4388 τὸ
3223 4331 3451 4401 σπέρμα
3478 4328 3667 4382 αὐτοῦ.
3709 4343 3725 4374 ι

483 4412 754 4481 Quoniam
789 4417 936 4471 enim
982 4418 1298 4472 hominibus
1333 4420 1480 4476 illius
1515 4427 1775 4494 temporis
1824 4426 1927 4481 boc
1965 4429 2057 4483 atl-

2168 4412 2382 4507 Ἐπειδὴ
2417 4435 2527 4505 γὰρ
2571 4432 2729 4486 τοῦτο
2773 4430 3090 4499 ἀξιέραστον
3123 4425 3300 4480 ἐδόκει
3341 4424 3456 4484 τοῖς
3489 4417 3730 4491 τηνικάδε

482 4508 705 4563 modum
741 4510 1102 4565 desiderabile
1133 4522 1269 4577 erat,
1322 4514 1427 4569 hoc
1473 4516 1675 4570 donum
1709 4520 2091 4581 custodienti-j

482 4596 588 4654 bus
619 4600 874 4654 mandata
901 4616 962 4655 se
991 4601 1244 4656 daturum
1273 4618 1394 4659 esse
1423 4608 1725 4675 pollicetur.
1750 4610 1866 4665 Imo
1893 4613 2055 4668 etiam

482 4690 653 4754 dedit,
688 4699 910 4759 propter
933 4691 1305 4748 Abraliamum
1342 4696 1560 4765 quidem
1597 4700 1803 4766 Israeli,
1836 4690 2060 4774 propter

488 4777 742 4834 Davidem
783 4796 915 4834 vero
951 4780 1016 4835 iis
1043 4782 1135 4850 qui
1166 4798 1229 4836 ex
1284 4783 1402 4852 ipso
1434 4786 1698 4856 originem
1730 4797 1964 4857 traxere,
2007 4803 2060 4849 et

484 4878 707 4940 propter
731 4869 981 4926 Israelem
1014 4874 1271 4941 posteris,
1299 4875 1617 4946 licetiniqui
1655 4880 1878 4936 fuerint.
1917 4903 1936 4935 ι
1964 4883 2062 4940 Ge-

485 4962 694 5029 neratio
725 4972 998 5018 rectorum
1039 4965 1407 5025 benedicctur.
1446 4989 1465 5022 ι
1497 4969 1630 5027 Nam
1667 4974 1760 5043 qui
1788 4975 1854 5030 de
1892 4978 2063 5047 arqui-

488 5060 595 5106 tate
623 5061 677 5105 et
710 5052 923 5121 justitia
960 5071 1145 5111 curam
1185 5070 1401 5131 gerunt,
1439 5064 1637 5119 divinae
1664 5066 2061 5126 benedictionis

486 5142 513 5195 f
513 5153 697 5198 ructus
726 5155 949 5202 metent.

2163 4527 2495 4601 ἀνθρώποις,
2537 4525 2695 4578 τοῦτο
2738 4525 2850 4584 τοῖς
2885 4520 3213 4590 φυλάττουσι
3252 4516 3350 4576 τὰς
3383 4512 3608 4574 ἐντολὰς
3637 4508 3730 4601 6dr-

2165 4597 2283 4672 σειν
2312 4618 2654 4686 ὑπισχνεῖται
2704 4615 2765 4665 τὸ
2808 4611 3000 4681 δῶρον.
3040 4608 3152 4662 Καὶ
3190 4606 3254 4675 δὴ
3300 4604 3397 4657 καὶ
3430 4602 3625 4665 ἔδωκε,
3654 4597 3730 4652 διὰ

2167 4710 2265 4780 μὲν
2294 4708 2384 4762 τὸν
2414 4703 2669 4776 Ἀϐραὰμ
2704 4700 2782 4772 τῷ
2815 4696 3055 4770 Ἰσραὴλ,
3096 4694 3182 4748 διὰ
3219 4693 3275 4745 δὲ
3312 4690 3405 4744 τὸν
3437 4688 3604 4742 Δασὶδ
3632 4686 3730 4780 τοῖς

2163 4776 2225 4867 ἐξ
2245 4797 2435 4862 αὐτοῦ,
2477 4797 2574 4852 καὶ
2611 4796 2701 4848 διὰ
2726 4794 2770 4825 ¹⁶
2802 4792 2894 4846 τὸν
2936 4788 3155 4860 Ἰσραὴλ
3181 4788 3223 4817 ¹⁷
3247 4786 3360 4846 τοῖς
3397 4781 3646 4848 ἐκγόνοις
3671 4776 3726 4839 ’⁸,

2164 4896 2260 4949 καὶ
2307 4893 2481 4946 ταῦτα
2525 4886 2865 4957 παρανόμοις
2906 4880 3312 4951 γεγενημένοις.
3367 4894 3385 4926 ι
3439 4872 3609 4926 Γενεὰ
3655 4868 3730 4921 εύ-

2167 4986 2306 5040 θέων
2345 4981 2795 5052 εὐλογηθήσεται.
2833 4996 2852 5027 )
2889 4976 2952 5028 Οἱ
2980 4972 3090 5043 γὰρ
3132 4969 3377 5038 ἰσότητος
3412 4965 3510 5017 καὶ
3537 4963 3727 5016 δικαιο-

2169 5077 2331 5146 σύνης
2378 5071 2802 5143 ἐπιμελούμενοι
2845 5067 2943 5137 τῆς
2977 5063 3129 5127 θείας
3164 5057 3413 5127 εὐλογίας
3453 5054 3726 5125 δρέψονται

2166 5169 2292 5230 τοὺς
2323 5163 2590 5236 καρπούς.

1583 5427 1820 5484 ΥΔΒΙκΕ
1861 5429 2243 5487 LECTIONES
2296 5429 2382 5485 ET
2433 5427 2671 5483 ΝΟΤΛΕ.

497 5654 542 5687 η
566 5587 868 5687 ξίνξξξξξξρςο
898 5598 1064 5687 Abest
1095 5616 1123 5657 a
1156 5601 1495 5687 teatunﬂelzr.
1524 5611 1575 5687 e_t
1603 5602 1798 5687 fin-eeo
1828 5602 1940 5687 τῶν
1968 5605 2042 5656 0'.

2192 5604 2313 5685 cod.-
2348 5603 2369 5655 ι
2425 5601 2711 5687 saeva:-
2773 5601 2836 5687 .:t
2860 5591 3411 5687 Evrﬁgswrzﬁsflz-‘

602 5660 796 5744 Υρνονς
821 5697 889 5706 -
936 5670 1251 5744 ἐπιγραφή.
1303 5671 1461 5744 Conf.
1503 5676 1568 5727 ad
1592 5673 1734 5744 rh.7|._
1759 5671 2016 5744 Scholion
2046 5688 2057 5724 Α

2169 5675 2311 5744 nymi
2341 5673 2483 5744 apud
2505 5660 2685 5744 Co'rd.
2709 5669 2858 5744 LIII2
2882 5684 2954 5744 ⁸ιι.
2980 5668 3106 5744 Ξῗᾷ.
3182 5666 3223 5697 ¹³
3260 5660 3383 5717 Τῶν·
3437 5660 3717 5714 τοιούτων.

493 5728 613 5783 cod.
651 5729 674 5785 t
707 5735 908 5793 τούτων
940 5728 1082 5793 τῶν’.’
1145 5728 1186 5774 ῖσ
1215 5728 1329 5796 'Kat
1358 5741 1473 5797 διὰ.
1503 5743 1625 5797 cod.
1660 5743 1679 5796 I
1717 5742 1803 5794 διὰ
1824 5741 1899 5795 δέ.

1979 5744 2020 5773 ¹⁷
2057 5737 2343 5811 Ἰσρᾞεοά.
2376 5737 2405 5796 ἶ
2445 5742 2636 5796 Ἰούδα.
2717 5743 2759 5775 ⁸⁸
2787 5737 2917 5795 ibid.
2941 5737 3203 5807 ἐγγόνοις.
